3902 6210
387 373 529 440 10³10

989 376 1320 439 HERIGERI
1341 378 1430 437 ET
1456 378 1754 438 ANSELMI
1780 376 1998 437 GESTA
2024 376 2242 437 EPISC.
2269 377 2522 437 TANGB.
2549 377 2739 438 TRAJ.
2765 376 2852 441 ΕΤ
2877 375 3084 439 LEOD.

3561 389 3700 449 1080

397 505 661 581 guinem,
696 501 911 582 quippe
957 505 1143 581 ipsam
1175 515 1247 552 uo
1279 522 1347 564 ex
1371 508 1618 565 minima
1644 509 1828 564 ferme
1858 523 1990 564 exe-
2009 502 2066 583 Α
2109 502 2297 574 Operis
2335 503 2658 563 intentione
2689 507 2913 582 evagati
2952 523 3169 578 sumus,
3199 508 3382 583 petita
3421 511 3596 572 venia
3628 516 3705 576 ad

397 596 582 669 quasti
595 596 932 668 majoribus,
949 612 1202 664 oramus,
1221 599 1376 668 quod
1391 599 1675 664 enutristi,
1694 599 1818 668 plus
1828 601 1988 652 tuere

387 686 679 760 precibus.
711 687 835 743 Non
879 694 947 731 ⁸⁸1
980 688 1229 759 petimus
1259 688 1458 761 augeri
1496 689 1809 743 fundorum
1839 705 1903 743 ex
1921 695 1992 731 εει

387 772 722 843 reditibus;
751 775 922 830 fuerit
945 775 1055 830 hoc
1085 783 1155 818 δι’
1183 776 1470 847 majorum
1500 777 1758 832 moribus
1785 776 1992 848 praedi-

391 867 610 931 torum,
639 862 879 919 scientia
905 864 1267 936 pollentium,
1295 881 1420 920 rem
1441 867 1657 921 auxisse
1682 864 1993 937 publicam.

388 951 500 1008 Nos
522 951 777 1008 minores
791 952 1038 1008 sufﬁciat
1059 953 1260 1009 talium
1278 955 1366 1008 vel
1385 955 1556 1026 longe
1583 955 1743 1026 sequi
1761 953 1998 1024 vestigia

387 1042 492 1096 Sub
521 1043 579 1096 te
600 1043 785 1112 patre,
818 1043 874 1096 te
896 1043 1086 1096 tutore
1112 1044 1282 1114 teque
1302 1041 1453 1097 dulci
1474 1043 1734 1114 praesule.
1769 1041 1994 1096 Nullam

393 1131 622 1186 tuarum
655 1129 847 1185 ovium
880 1129 1100 1204 peccati
1121 1130 1388 1203 contagio
1409 1140 1480 1173 8⁵³
1511 1131 1662 1186 sinas
1691 1148 1810 1185 esse
1837 1146 1994 1185 mor-

390 1218 607 1286 bidam,
628 1218 727 1274 sed
748 1221 806 1275 et
823 1217 868 1272 si
891 1235 1005 1291 qua
1033 1219 1261 1274 mortali
1302 1220 1431 1274 labe
1462 1222 1547 1274 est
1565 1219 1845 1286 confecta,
1862 1235 1992 1290 per-

384 1309 644 1363 lamenta
703 1306 1056 1375 paenitentiae
1085 1310 1183 1362 tuo
1213 1308 1343 1362 ovili
1370 1324 1564 1362 rursus
1590 1308 1826 1378 dignam
1871 1324 1992 1363 esse

385 1395 580 1450 facito.
632 1396 864 1467 Depelle
908 1403 978 1437 8“
1030 1395 1286 1469 primum
1322 1396 1615 1468 turgidam
1648 1412 1776 1450 cum
1824 1396 1995 1451 livida

387 1483 508 1539 ﬁlia
532 1483 886 1556 superbiam.
919 1483 1081 1539 Absit
1117 1484 1225 1552 ira,
1249 1484 1438 1541 absint
1475 1485 1625 1552 odia,
1660 1487 1880 1540 nullum
1908 1485 1993 1539 lo-

390 1589 525 1627 cum
561 1573 620 1628 in
650 1571 920 1628 fraternis
950 1573 1228 1629 cordibus
1270 1574 1483 1630 habeat
1513 1574 1816 1629 discordia.
1841 1573 1997 1628 Foris

388 1679 622 1735 pugnas,
665 1661 823 1718 intus
868 1661 1005 1717 rixae
1035 1670 1130 1730 8⁸⁸,
1167 1667 1264 1718 tuo
1296 1663 1621 1719 interventu
1659 1663 1857 1718 omnia
1885 1663 1998 1717 sint

393 1753 622 1824 pacata.
657 1749 860 1822 Fugiat
908 1767 1040 1806 cum
1079 1750 1263 1806 sodali
1322 1753 1456 1822 gula
1497 1751 1682 1824 turpis
1727 1751 1994 1819 ebrietas,

395 1838 609 1894 cedant
669 1840 727 1894 et
766 1836 1009 1892 invicem
1065 1837 1411 1911 pugnantia,
1457 1839 1618 1892 luxus
1648 1841 1705 1891 et
1737 1814 2068 1903 avaritia,B

391 1925 562 1981 cedat
590 1927 648 1981 et
674 1924 877 1990 libido,
905 1924 1238 1980 animarum
1273 1925 1431 1980 mille
1448 1926 1640 1981 ferens
1671 1925 1996 1996 naufragia.

391 2013 621 2081 Obtine,
649 2029 997 2086 quaesumus,
1047 2029 1220 2085 prece
1279 2017 1379 2069 tua
1423 2013 1529 2069 tibi
1563 2013 1934 2069 servientibus
1966 2030 2001 2068 a

391 2103 509 2160 Deo
522 2117 717 2158 veram
741 2117 870 2157 cum
885 2101 1189 2174 pacientia:
1207 2101 1567 2174 benignitate
1589 2103 1998 2160 humilitatem.

394 2185 620 2247 Karitas
651 2207 770 2246 non
788 2190 920 2245 ﬁcta
935 2189 995 2245 in
1016 2190 1183 2246 nobis
1198 2207 1330 2245 cum
1351 2192 1614 2246 fraterna
1632 2195 1841 2263 regnet
1869 2207 2003 2246 con-

393 2280 607 2349 cordia,
649 2298 759 2354 pax
812 2279 1056 2336 interior
1101 2280 1388 2335 exteriora
1439 2281 1591 2336 bella
1628 2280 1887 2336 derideat
1907 2287 1999 2347 ³⁸⁸,

402 2385 536 2424 cum
569 2369 793 2425 sincera
811 2368 1125 2424 sobrietate
1153 2367 1303 2423 adsit
1325 2367 1436 2423 cibi
1458 2370 1844 2439 temperantia
1869 2385 2000 2424 caro

394 2457 495 2514 Dei
517 2456 805 2529 adjutorio
833 2455 1110 2511 castitatis
1137 2456 1445 2511 edometur
1473 2456 1715 2526 legibus.
1737 2457 1843 2512 Pro
1871 2473 2000 2513 am-

395 2546 522 2602 bitu
553 2549 920 2600 terrenorum
968 2543 1253 2616 appetitus
1300 2543 1492 2598 veniat
1546 2544 1857 2600 caelestium
1898 2562 2003 2619 pro

399 2649 600 2688 amore
628 2631 930 2703 praesentis
963 2630 1134 2686 seculi
1160 2647 1480 2702 numquam
1499 2631 1995 2689 dormitethorror

393 2718 616 2792 judicii,
645 2717 934 2791 praedonis
958 2719 1181 2774 ferrum
1208 2719 1457 2774 retunde
1479 2727 1549 2762 857
1574 2719 1827 2790 visibilis,
1853 2724 2006 2777 mul-

395 2811 572 2880 toque
603 2805 792 2878 magis
819 2807 1013 2863 hostes
1042 2823 1243 2878 preme
1277 2815 1348 2849 8‘8
1376 2807 1705 2864 invisibiles.
1731 2808 1826 2864 lsti
1845 2810 2003 2866 enim

399 2896 612 2952 necant
665 2894 892 2950 animas
934 2901 1026 2962 ⁸³⁸,
1084 2895 1166 2950 illi
1196 2895 1305 2950 nisi
1348 2895 1632 2952 exteriora
1662 2899 1888 2965 tollant,
1923 2899 2003 2954 nil

401 2985 586 3055 agunt
615 2981 881 3055 amplius.
915 2984 1222 3040 Neminem
1254 2983 1324 3038 de
1347 3001 1523 3057 grege
1555 2988 1653 3042 tuo
1685 2987 2007 3043 Vehemoht

401 3071 554 3145 (Job.
583 3085 670 3139 XL,
688 3072 770 3142 10)
798 3071 948 3127 illius
969 3072 1368 3142 crudelissimi,
1395 3073 1603 3130 obnixe
1627 3075 2036 3148 deprecamur;

408 3161 563 3218 sinas
594 3163 828 3234 gutture
881 3162 1176 3218 absorberi
1219 3170 1322 3232 86°;
1359 3164 1458 3220 sed
1495 3163 1541 3218 si
1572 3181 1745 3236 quem
1775 3130 2074 3221 tuorumc

409 3249 680 3307 dentibus
703 3249 1031 3322 arripuerit,
1068 3267 1202 3307 eum
1232 3268 1340 3324 pro
1367 3253 1478 3307 tuis
1519 3253 1740 3308 meritis
1764 3254 2013 3310 circum-

413 3338 718 3412 plectentis
744 3338 987 3396 armillae
1019 3340 1206 3412 gratia
1232 3355 1335 3413 per
1376 3341 1623 3397 maxillae
1652 3342 1918 3398 foramen
1944 3343 2013 3398 li-

410 3430 599 3485 beret.
633 3429 746 3485 Ora
774 3437 843 3472 801
873 3446 978 3502 pro
1018 3431 1316 3504 spiritibus
1347 3446 1573 3500 eorum,
1601 3449 1743 3505 quos
1778 3432 1881 3488 tibi
1909 3433 2018 3488 hac

408 3516 471 3572 id
493 3518 700 3574 eadem
720 3518 960 3574 ecclesia
989 3519 1270 3577 Dominus
1283 3521 1617 3594 aggregavit
1637 3529 1706 3563 οϐ’
1721 3521 2018 3576 retroactis

411 3607 792 3679 temporibus.
828 3609 942 3665 Ora
979 3612 1277 3682 postremo
1326 3626 1431 3682 pro
1464 3609 1732 3665 omnibus
1761 3612 1818 3662 et
1862 3607 2014 3662 viam

412 3696 691 3753 universa:
715 3697 907 3752 carnis
940 3696 1235 3770 ingressis,
1267 3701 1326 3752 et
1356 3697 1652 3753 modernis
1682 3697 1778 3769 qui
1809 3698 2015 3752 eodem

413 3785 729 3852 tendimus,
753 3788 812 3841 et
838 3785 1132 3857 sequentis
1155 3784 1259 3840 sevi
1277 3785 1540 3858 posteris,
1559 3785 2016 3841 utomnessimul

415 3873 487 3928 ab
513 3872 809 3929 auditione
825 3871 980 3928 mala
1000 3873 1316 3928 liberemur
1333 3873 1392 3927 in
1421 3873 1667 3928 adventu
1686 3873 1911 3945 judicis.
1945 3873 2017 3928 Ut

411 3961 522 4016 hoc
554 3962 756 4034 possis,
801 3963 941 4033 aput
982 3960 1440 4033 primogenitum
1483 3977 1650 4018 suum
1699 3962 1930 4032 adjuvet
1955 3965 2013 4016 te

413 4049 756 4104 Theodoche
773 4047 1274 4120 optimamamque
1288 4048 1569 4107 debettibi
1585 4052 1812 4124 suisque
1824 4056 2013 4108 tecum

2063 581 2066 584 ’
2087 593 2447 665 propositum
2479 597 2805 656 redeamus.

2541 689 2626 742 l6.
2657 687 2742 741 De
2763 693 2943 742 sancto
2971 687 3238 760 Experto.

2164 769 2342 844 Igitur
2361 773 2627 828 successit
2639 777 2836 830 sancto
2861 777 3166 834 Lamberto
3178 781 3526 838 venerabilis
3539 785 3706 855 pater

2093 861 2378 931 Hupertus
2406 874 2520 934 (an.
2551 863 2676 934 708)
2704 863 2763 918 in
2786 865 2992 920 ordine
3021 867 3328 939 episcopali
3345 869 3702 941 tricesimus;

2094 951 2254 1020 cujus
2275 949 2451 1004 vitam
2473 950 2569 1022 qui
2582 952 2807 1022 plenius
2831 970 2997 1010 nosse
3017 957 3236 1022 volunt,
3251 958 3324 1013 ad
3342 958 3536 1015 Vitam
3559 961 3703 1031 ejus,

2095 1054 2222 1109 qua;
2268 1037 2571 1093 virtutibus
2627 1041 2803 1110 plena
2843 1043 2984 1112 aput
3030 1059 3136 1098 nos
3191 1045 3438 1102 habetur
3490 1049 3708 1105 descri-

2094 1129 2193 1198 pta
2239 1128 2413 1197 (398),
2484 1133 2802 1183 recurrant.
2869 1131 2982 1186 Sed
3035 1149 3108 1187 ne
3152 1150 3256 1188 nos
3294 1152 3430 1192 eum
3475 1137 3705 1194 silentio

2092 1215 2418 1286 prmterisse
2446 1215 2767 1280 videamur,
2789 1220 3018 1274 tantum
3037 1221 3108 1274 de
3129 1235 3197 1275 eo
3215 1220 3498 1290 dicamus,
3516 1242 3710 1296 quan-

2093 1306 2216 1358 tum
2269 1303 2577 1360 scientibus
2631 1323 2750 1360 non
2803 1306 2876 1360 sit
2915 1325 3246 1376 onerosum,
3298 1328 3406 1366 nec
3457 1315 3705 1369 omnino

2093 1392 2497 1463 ignorantibus
2553 1395 2882 1452 obscurum.
2942 1397 3041 1452 Hic
3097 1415 3228 1454 cum
3287 1399 3507 1455 ossibus
3549 1402 3707 1458 beati

2094 1480 2384 1534 Lamberti
2413 1485 2564 1544 (399)
2587 1483 2868 1537 Leodium
2887 1485 3388 1543 transtulitsedem
3405 1489 3703 1563 episcOpii,

2095 1585 2222 1640 qua
2270 1571 2507 1624 eatenus
2551 1570 2872 1627 habebatur
2903 1573 3166 1643 Trajecti.
3204 1577 3327 1646 Ipse
3356 1576 3614 1647 primum
3644 1577 3705 1634 in

2093 1657 2300 1712 humili
2331 1658 2562 1726 Leodio,
2610 1660 2728 1715 Deo
2761 1662 3099 1733 opitulante,
3159 1664 3459 1736 religionis
3515 1667 3709 1737 posuit

2095 1745 2563 1814 fundamentum,
2581 1764 2757 1803 unam
2775 1751 3001 1804 tantum
3024 1752 3338 1807 ecclesiam
3353 1753 3706 1822 ordinando,

2096 1835 2459 1906 eandemque
2473 1852 2578 1906 pro
2594 1837 2867 1908 temporis
2881 1839 3270 1910 oportunitate
3289 1841 3709 1901 fabriciscaete-

2096 1924 2288 1994 risque
2318 1923 2646 1994 insignibus
2677 1927 3040 1983 adornanda.
3071 1930 3167 1983 Ius
3195 1929 3358 1986 civile
3390 1932 3708 2003 oppidanis

2097 2011 2318 2076 tribuit,
2347 2012 2522 2066 vitam
2560 2016 2617 2068 et
2655 2030 2851 2070 mores
2898 2015 3158 2088 ipsorum
3191 2017 3508 2088 disciplinae
3537 2020 3711 2075 freno

2098 2100 2425 2172 composuit
2459 2101 2690 2156 Libram
2706 2104 2892 2174 panis,
2909 2105 3118 2159 libram
3140 2105 3276 2172 vini,
3303 2107 3713 2179 modiumque,

2099 2205 2228 2262 quae
2264 2188 2568 2244 nobiscum
2590 2195 2963 2260 perseverant
2993 2209 3173 2265 usque
3195 2194 3389 2262 hodie,
3417 2195 3719 2266 sapienter

2100 2277 2396 2333 constituit
2427 2285 2516 2332 δα.
2549 2279 2807 2334 Tandem
2830 2280 3028 2335 multis
3058 2280 3358 2336 virtutibus
3391 2285 3620 2355 plenus,
3653 2285 3718 2340 in

2100 2369 2391 2421 senectute
2425 2367 2581 2421 bona
2610 2367 2871 2439 migrans
2903 2369 2976 2423 ad
3003 2369 3316 2425 Dominum
3353 2371 3466 2440 (an.
3503 2373 3647 2438 727),
3682 2390 3721 2428 a

2100 2456 2290 2510 semet
2317 2455 2592 2510 dictatam
2613 2456 2671 2510 in
2701 2456 2955 2525 ecclesia,
2989 2475 3117 2529 quae
3139 2475 3292 2514 nunc
3311 2462 3398 2514 est
3419 2461 3724 2532 apostolo-

2101 2559 2229 2598 rum
2254 2543 2546 2616 principis,
2571 2545 2724 2616 apud
2746 2563 2851 2600 nos
2876 2546 3095 2618 accepit
3111 2549 3492 2618 sepulturam.
3515 2550 3578 2604 In
3605 2566 3724 2622 qua

2101 2647 2231 2687 cum
2265 2635 2397 2704 post
2443 2633 2807 2705 septuaginta
2853 2651 3038 2689 annos
3067 2651 3307 2706 corpore
3325 2636 3454 2707 jam
3507 2638 3720 2693 futurae

2102 2720 2538 2774 resurrectionis
2549 2721 2734 2792 gloria
2755 2722 3445 2789 demutatoinveniretur,
3472 2726 3720 2781 obtentu

2102 2807 2406 2875 Ludowici,
2442 2808 2544 2862 filii
2575 2810 3063 2882 KaroliMagni,in
3090 2828 3307 2883 pagum
3328 2813 3717 2870 Arduennam

2103 2901 2187 2954 est
2212 2900 2520 2954 translatus
2553 2900 2703 2972 (400)
2762 2902 2870 2970 (an.
2924 2904 3069 2971 825),
3124 2903 3316 2976 ibique
3369 2922 3436 2960 ex
3467 2913 3541 2948 εει
3579 2906 3720 2961 satis

2102 2987 2309 3059 amplis
2338 2987 2613 3043 reditibus
2653 2988 2910 3044 ﬁdelium
2955 2991 3260 3047 devotione
3317 2993 3527 3048 oblatis
3580 3009 3720 3065 pro-

2103 3074 2297 3146 prium
2340 3074 2421 3129 illi
2469 3075 2768 3131 conditum
2827 3080 2912 3131 est
2963 3079 3390 3134 monasterium
3417 3082 3568 3150 (401)
3597 3081 3718 3151 (ιη.

2106 3163 2251 3236 817).

2525 3259 2607 3310 17.
2639 3252 2722 3308 De
2753 3261 2935 3310 sancto
2973 3255 3298 3312 Floreberto.

2184 3342 2319 3395 Post
2345 3342 2498 3396 hunc
2530 3344 2589 3397 31
2625 3341 3018 3413 episcopatum
3058 3345 3306 3416 suscepit
3328 3346 3723 3417 Florebertus,

2113 3428 2298 3483 dictus
2313 3429 2569 3501 quidem,
2601 3434 2665 3484 ut
2694 3432 2988 3503 vulgatum
3007 3436 3116 3495 est,
3145 3434 3325 3488 sancti
3341 3438 3728 3493 antecesseris

2113 3517 2264 3572 ﬁlius
2310 3519 2473 3586 (4-02).
2535 3518 2718 3582 Quem
2774 3519 2819 3573 si
2873 3520 3123 3575 carnalis
3175 3520 3330 3575 idem
3377 3527 3548 3594 pater
3586 3528 3726 3580 ante

2113 3610 2308 3661 sancte
2360 3606 2657 3678 religionis
2711 3609 3009 3678 generavit
3066 3608 3356 3676 habitum,
3413 3611 3596 3667 nichil
3652 3614 3726 3668 de

2114 3695 2394 3767 dignitate
2425 3695 2695 3768 derogari
2743 3699 2931 3768 potest
2953 3697 3212 3752 alterutri
3236 3715 3250 3765 ;
3284 3699 3369 3753 sin
3387 3715 3525 3754 vero
3554 3701 3725 3772 spiri-

2113 3783 2282 3838 tualis
2303 3783 2450 3839 alter
2488 3783 2650 3838 alteri
2699 3785 2849 3854 patri
2909 3789 3034 3840 erat
3081 3786 3250 3852 ﬁlius,
3309 3787 3488 3843 nichil
3539 3790 3724 3857 obest,

2113 3871 2296 3927 immo
2319 3875 2566 3927 multum
2586 3873 2840 3943 prodest,
2855 3874 3179 3945 spirituales
3197 3875 3346 3930 ﬁlios
3364 3876 3412 3930 si
3427 3877 3600 3932 bonis
3621 3895 3724 3950 pa-

2112 3961 2295 4015 tribus
2350 3961 2661 4033 contigerit
2721 3961 3046 4016 succedere.
3105 3963 3280 4034 Hujus
3325 3979 3541 4036 corpus
3591 3983 3725 4021 cum

2072 4080 2078 4088 -
2115 4051 2284 4104 Petro
2308 4053 2368 4104 et
2412 4050 2704 4106 Audoleco
2741 4058 2833 4117 διο,
2869 4051 2962 4123 qui
3015 4051 3184 4107 occisi
3226 4054 3360 4106 sunt
3386 4069 3523 4108 cum
3553 4054 3722 4110 beato

415 4136 673 4238 servulis.
699 4136 989 4238 Concedat
1011 4153 1116 4192 nos
1145 4137 1300 4238 idem
1330 4139 1528 4195 vestris
1556 4140 1776 4194 meritis
1807 4157 1910 4194 nos
1935 4141 2015 4194 ita
2035 4178 2088 4238 Β
2115 4137 2450 4238 bamberto,
2500 4154 2616 4192 uno
2665 4139 3055 4212 compositum
3097 4143 3180 4194 est
3221 4142 3528 4211 sepulchro
3575 4143 3726 4215 (403)

415 4223 523 4278 sibi
547 4223 757 4290 vivere,
789 4225 854 4279 ut
870 4225 1127 4296 placatus
1152 4226 1318 4282 nobis
1337 4232 1613 4301 appareat
1628 4230 1686 4284 in
1704 4228 2013 4283 novissimo
2036 4223 2084 4238 "
2111 4225 2228 4298 (an.
2253 4229 2398 4298 ⁵746).

417 4310 658 4366 districti
689 4311 782 4368 die
831 4313 1146 4381 examinis;
1175 4316 1264 4371 cui
1296 4317 1367 4372 sit
1381 4333 1512 4373 cum
1535 4320 1754 4372 aeterno
1775 4317 1943 4371 Patre
1961 4319 2019 4371 et

415 4398 632 4474 Spiritu
656 4404 854 4457 sancto
885 4402 1008 4459 laus
1039 4407 1098 4459 et
1134 4405 1320 4478 gloria
1340 4421 1444 4477 per
1473 4405 1699 4460 inﬁnita
1720 4405 1910 4459 secula
1929 4420 2016 4461 se-

415 4488 889 4546 culoru'm.Amen
919 4499 1011 4548 m.
1039 4493 1164 4550 1am
1196 4493 1417 4550 dudum
1445 4493 1672 4564 longius
1711 4509 1746 4547 a
1773 4493 2019 4565 suscepti

2569 4321 2653 4374 l8.
2678 4318 2760 4372 De
2789 4316 2909 4372 aliis
2934 4321 2966 4370 7
2990 4318 3262 4388 episcopis.

2186 4405 2528 4462 'l‘ricesimus
2581 4407 2865 4461 secundus
2908 4406 3058 4460 sedit
3099 4404 3435 4478 Fulgaricus
3474 4416 3551 4450 δοτ
3579 4409 3734 4482 (404)

2124 4494 2237 4565 (an.
2264 4498 2409 4562 769),
2431 4496 2550 4550 33M
2580 4491 2912 4566 Agilfridus,
2937 4492 3009 4548 ad
3052 4509 3226 4565 quem
3241 4495 3733 4569 Karolushlagnus

1690 4620 1930 4679 VARI/E
1978 4620 2274 4678 LECTION
2280 4620 2382 4678 ES.

479 4749 553 4823 ⁸ξο
576 4745 654 4823 sig
673 4745 728 4823 4.
750 4745 875 4823 ipsa
906 4749 954 4801 1.
987 4749 1050 4801 2.
1098 4749 1190 4823 3.__
1227 4752 1299 4823 '5}
1327 4746 1401 4823 sic
1438 4746 1649 4823 ianos
1687 4751 1735 4802 1.
1763 4751 1818 4822 2.
1845 4753 1900 4823 _3.
1943 4764 2062 4804 non
2090 4778 2173 4823 ιτ
2188 4747 2430 4823 praesule
2465 4747 2652 4803 desunt
2683 4749 2723 4823 Β
2762 4751 2809 4823 1.
2846 4752 2899 4803 2.
2958 4755 3049 4823 ﬁ"
3071 4765 3100 4805 ε
3135 4765 3327 4823 rasura
3357 4753 3428 4823 2.
3459 4758 3566 4823 θυι
3594 4769 3732 4823 pru-

404 4812 595 4891 rigine
617 4815 657 4870 Β
700 4820 748 4872 1.
772 4812 845 4891 2.-
910 4823 991 4891 ξιξ
1013 4815 1229 4891 repelle
1259 4816 1393 4891 lt._B
1427 4821 1476 4872 1.
1505 4822 1559 4872 2.
1637 4826 1706 4860 ⁸³⁸
1734 4813 2034 4891 sopiantur
2067 4812 2271 4874 addunt
2298 4820 2338 4874 B
2372 4825 2423 4873 1.
2453 4825 2506 4875 2.
2582 4828 2652 4862 856
2687 4820 2901 4875 bellare
2923 4819 3109 4874 rideat
3131 4824 3178 4875 1.
3203 4821 3356 4876 bella
3385 4821 3577 4877 rideat
3598 4812 3649 4878 ’Β
3685 4829 3730 4878 1.

406 4890 461 4964 ἓ.
513 4893 607 4964 ’δεῖ
634 4886 886 4964 re_co_nd_e
1198 4894 1268 4929 8⁵8
1299 4887 1438 4942 deest
1467 4892 1519 4946 3.
1549 4891 1602 4943 4.
1673 4897 1751 4964 Am
1777 4886 2034 4945 animam
2062 4893 2120 4964 4.
2199 4900 2268 4964 ἔσο
2298 4891 2596 4964 obsorheri
2625 4895 2710 4964 j.
2757 4898 2824 4932 861
2859 4891 3267 4964 insequentibus
3292 4891 3446 4960 longe
3473 4893 3734 4964 (li/ferunt

409 4957 468 5013 Β.
505 4961 555 5034 1.
585 4957 1163 5034 2.]ἱῃιέλᾱεδίιίςναιιιγ.
1203 5029 1217 5034 _
1243 4967 1311 5000 8°!
1341 4961 1714 5034 congregavit
1744 4966 1795 5034 3.
1827 4966 1879 5017 4.
1959 4971 2030 5003 εδδ
2061 4961 2250 5017 Passio
2294 4961 2811 5034 Lambertiﬁnitur
2851 4957 3104 5032 praesulis
3135 4963 3280 5016 alm:
3316 4957 3651 5034 ἐπ’τηανῇίκε
3681 4970 3731 5020 2.

405 5035 476 5070 θοι
502 5027 748 5086 instituit
777 5029 837 5088 Β.
870 5034 919 5086 1.
954 5031 1007 5085 2.
1085 5036 1156 5072 δοῦ
1180 5029 1318 5086 deest
1343 5034 1396 5087 4.
1457 5027 1544 5074 ’δσο
1563 5027 1857 5090 Ἇηᾰοιθίο
1890 5034 1929 5087 Β
1965 5038 2012 5089 1.
2050 5039 2102 5090 2.
2180 5041 2248 5076 867
2280 5033 2569 5089 Fulcarius
2599 5031 2660 5087 Β.
2709 5037 2757 5089 1.

1954 5153 2178 5216 NOTAE.

476 5272 624 5343 (398)
654 5271 783 5330 Vid.
840 5272 900 5344 S.
947 5272 1186 5329 Huberti
1231 5271 1421 5328 Vitam
1457 5274 1530 5329 ab
1565 5275 1801 5330 auctore
1827 5288 2019 5332 coaevo

408 5344 687 5418 scriptam
716 5344 871 5415 apud
899 5343 1158 5418 Sui-ium,
1188 5345 1278 5418 Vl,
1309 5348 1397 5418 4_5_.

482 5413 626 5485 (309)
663 5413 817 5472 anno
855 5418 919 5474 13
952 5415 1310 5485 praesulatus.
1339 5413 1450 5471 Vit.
1484 5415 1541 5472 S.
1563 5415 1800 5472 Hubert.

489 5488 632 5554 (400)
663 5485 779 5543 Cfr.
807 5485 933 5543 Sur.
952 5485 1046 5554 VI,
1073 5490 1160 5544 56.

511 5558 640 5621 401)
675 5555 791 5612 Cfr.
821 5557 1127 5614 Historiam
1155 5557 1496 5616 monasterii
1521 5557 1577 5613 S.
1612 5557 1850 5614 Huberti
1890 5559 2016 5614 An-

419 5622 773 5698 dalginensis
799 5643 892 5699 ap.
905 5628 1167 5684 ‘Martene
1182 5631 1238 5682 et
1251 5629 1487 5684 Durand
1513 5628 1572 5683 in
1586 5629 1694 5684 col.
1725 5630 1996 5702 ampl.Vl,

2190 5347 2339 5417 (402)
2374 5346 2489 5402 Hoc
2519 5349 2764 5402 testatur
2792 5349 2991 5403 auctor
3005 5346 3145 5403 Vitae
3175 5347 3232 5405 S.
3254 5346 3522 5413 Huberti,
3545 5350 3734 5406 Flore-

2121 5417 2271 5474 bert-i
2302 5418 2556 5488 aequalis.
2590 5418 2722 5474 Sur.
2761 5420 2801 5476 l.
2835 5420 2869 5473 Ι.
2915 5435 2970 5489 p.
2992 5421 3079 5474 52.

2189 5491 2338 5561 (403)
2368 5489 2492 5561 νῆα.
2524 5491 2648 5545 Act.
2676 5489 2774 5544 ss.
2823 5489 3001 5561 April.
3029 5489 3268 5561 111,37].

2189 5559 2330 5634 (4‘04)
2361 5559 2450 5634 Ali
2475 5561 2796 5634 Fulguriu‘m
2841 5559 3171 5634 episcopum
3203 5560 3611 5631 Tungrensem
3642 5562 3729 5618 de-

2121 5631 2204 5686 dit
2224 5631 2531 5702 epistolam
2562 5631 3056 5704 Zacharias'papa
3085 5631 3235 5686 circa
3267 5649 3318 5689 a.
3351 5635 3478 5691 T5t.
