3902 6210
430 405 566 475 mea

1055 407 1381 474 HERIGERI
1410 417 1491 473 ET
1514 414 1809 475 ANSELMI
1833 417 2054 475 GESTA
2081 415 2296 476 EPlSC.
2329 417 2579 474 TANGR.
2607 414 2794 474 TRAJ.
2825 415 2910 476 ET
2931 417 3136 476 LEOD.

3604 418 3737 481 1084

430 537 568 594 ultio
594 531 795 610 regem
818 531 951 593 ferit
976 533 1106 593 cum
1131 538 1566 610 archiepiscopis
1595 547 1665 581 δτι
1695 540 1858 607 (412).
1882 539 2026 594 Nam
2045 541 2101 600 Α
2133 539 2339 595 urbani
2370 540 2651 595 sermonis
2679 539 2945 610 expolivit
2974 538 3192 596 facetiis
3219 546 3312 608 ιιι,
3344 542 3404 596 et
3427 557 3740 613 responso-

430 625 570 679 dum
593 625 723 680 ficte
747 626 974 680 veniam
997 627 1069 681 ad
1090 627 1400 697 apostolico
1419 631 1687 698 querunt,
1710 627 2029 700 atqueinde

427 713 850 768 humanitatem
882 714 1094 768 summi
1110 715 1420 770 sacerdotis
1431 716 1647 786 experti
1667 715 2028 780 redeunt,in-

430 803 519 855 tra
537 801 753 857 Italiam
771 802 1060 875 peregrini
1078 802 1440 857 interierunt.
1457 804 1732 872 (FOLCUINI
1759 801 2027 858 Gestabb.

434 888 670 946 Lobiens.
719 896 799 957 17)
823 892 901 946 Ea
941 895 1280 962 tempestate
1332 891 1493 946 aiunt
1523 896 1784 946 nostrum
1813 891 2030 962 episco-

430 993 572 1050 pum
601 980 978 1046 Franconem,
1014 996 1130 1034 non
1167 979 1453 1035 ferentem
1495 980 1706 1035 diutius
1730 980 2031 1051 indigenas

429 1067 636 1122 vastari
660 1069 732 1123 ab
754 1068 1004 1122 externis
1029 1068 1416 1139 prtedonibus,
1439 1069 1678 1123 tandem
1697 1084 1800 1139 pro
1831 1068 2029 1123 defen-

431 1154 622 1212 sandis
646 1157 916 1212 ecclesiae
948 1157 1141 1222 rebus,
1168 1173 1272 1226 pro
1323 1156 1623 1212 viduarum
1654 1161 1710 1212 et
1741 1159 2029 1228 orphano—

425 1262 558 1300 rum
581 1245 762 1300 causis
783 1245 840 1299 in
873 1245 1199 1299 libertatem
1231 1245 1590 1300 vindicandis
1641 1262 1806 1300 arma
1835 1261 2030 1316 sump-

421 1333 578 1400 sisse,
602 1334 662 1389 in
685 1334 962 1389 barbaros
987 1335 1178 1388 hostes
1229 1333 1526 1404 sepissime
1581 1334 1808 1389 fortiter
1864 1334 2033 1388 dimi-

429 1438 604 1488 casse,
629 1423 813 1476 donec
830 1439 863 1476 a
880 1424 1040 1476 tanta
1053 1438 1420 1492 pervasorum
1436 1424 1591 1495 peste
1607 1439 1739 1476 cum
1757 1422 1856 1476 Dei
1871 1421 1959 1492 adj
1969 1439 2032 1475 u-

430 1509 580 1564 torio
602 1509 851 1580 patriam
880 1510 1208 1566 liberaverit
1232 1519 1322 1564 379.
1347 1510 1562 1582 thuia
1583 1527 1686 1582 pro
1709 1512 1815 1565 hac
1836 1527 2030 1564 neces-

431 1597 597 1653 sitate
618 1599 817 1653 crebro
836 1599 1075 1653 humani
1105 1599 1400 1670 sanguinis
1426 1598 1687 1653 eﬂ'usioni
1707 1597 2035 1653 interfuerit

434 1689 763 1741 memorant
777 1687 930 1757 quod
953 1686 1071 1758 ipse
1091 1690 1441 1758 spontaneus
1461 1704 1519 1741 se
1538 1686 1726 1741 ofﬁcio
1745 1685 2034 1741 altarisab-

434 1775 720 1830 dicaverit.
740 1777 860 1846 Ipse
873 1792 1147 1829 amenum
1160 1784 1230 1817 880
1241 1776 1370 1830 huic
1387 1779 1595 1830 nostrae
1608 1775 1880 1830 tecclesiaz
1897 1792 2035 1831 con-

2131 629 2218 683 ria
2241 629 2436 700 queein
2454 629 2879 700 sollempnitate
2898 632 3022 700 ejus
3041 633 3360 697 cantamus,
3377 631 3738 701 composuit;

2133 716 2234 770 scr;
2246 717 2384 772 bens
2399 718 2472 771 ad
2485 717 2619 772 dom
2630 734 2766 772 num
2785 717 3212 772 Herimannum
3240 717 3741 790 archiepiscopum

2135 806 2441 860 memorati
2463 806 2768 861 Willeberti
2785 806 3354 860 successorem.ldem
3373 806 3496 877 ipse
3509 822 3746 878 respon-

2135 895 2489 950 soriororum
2517 911 2643 966 quas
2671 894 2742 948 de
2769 898 2968 950 sancta
2983 894 3262 949 Trinitate
3295 897 3614 949 cantantur
3645 911 3743 950 au-

2135 985 2258 1037 ctor
2277 982 2384 1036 fuit
2395 991 2486 1049 εδδ,
2509 983 2664 1054 quod
2685 999 2789 1037 nos
2809 983 3045 1054 quidem
3059 983 3742 1054 ignorabamus,creden-

2135 1070 2404 1142 tes,quod
2416 1070 2573 1125 fama
2584 1069 3055 1137 habebat,nescio
3069 1087 3242 1142 quem
3261 1070 3592 1125 Hubaldum
3607 1069 3750 1143 ipso.

2135 1174 2271 1212 rum
2299 1158 2469 1214 fuisse
2501 1158 2970 1230 compositorem.
3015 1158 3127 1213 Sed
3178 1156 3331 1212 infra
3358 1158 3470 1214 hoc
3502 1158 3631 1212 fere
3662 1159 3752 1212 de-

2135 1247 2430 1313 cennium,
2471 1248 2609 1302 dum
2667 1248 2873 1320 aliquae
2918 1247 2977 1300 in
3024 1247 3274 1302 armario
3317 1246 3753 1302 revolverentur

2135 1337 2389 1402 cartulze,
2419 1335 2710 1406 insperato
2744 1351 2859 1389 una
2887 1352 2954 1390 ex
2985 1334 3072 1390 his
3091 1335 3326 1390 inventa
3351 1338 3437 1390 est
3468 1351 3504 1389 a
3529 1351 3752 1390 succes-

2134 1441 2262 1479 sore
2295 1423 2551 1496 praedicti
2577 1423 2914 1478 venerabilis
2963 1423 3242 1494 Stephani
3273 1422 3515 1478 nomine
3544 1422 3751 1478 Richa-

2134 1512 2219 1567 rio
2271 1511 2464 1580 redita,
2512 1512 2672 1581 cujus
2721 1513 3038 1584 exemplar,
3090 1514 3153 1565 ut
3204 1511 3380 1566 ﬁdem
3425 1513 3757 1566 astruamus

2135 1599 2404 1656 omnibus
2465 1599 2813 1672 quicumque
2870 1601 3039 1670 hujus
3094 1599 3178 1654 rei
3227 1598 3531 1654 veritatem
3613 1599 3754 1654 scire

2135 1690 2352 1755 volunt,
2389 1706 2505 1744 non
2533 1689 2604 1743 ab
2629 1696 2699 1730 887
2721 1705 2783 1742 re
2809 1688 3097 1743 credimus
3118 1688 3249 1742 huic
3275 1687 3534 1741 inserere
3588 1703 3758 1760 opus-

2135 1779 2296 1846 culo;
2326 1778 2480 1850 quod
2508 1777 2566 1830 in
2592 1777 2744 1830 hunc
2772 1775 3014 1830 modum
3043 1776 3406 1832 continetur:

431 1865 848 1920 tulitJustinum
869 1865 1267 1931 881,abbaciam
1286 1865 1624 1920 Lobiensem
1644 1864 1726 1935 (41
1741 1867 1788 1924 3)
1803 1868 1862 1918 et
1877 1880 2026 1936 prae-

2145 1889 2223 1940 21.
2255 1893 2324 1927 8⁸⁸
2348 1883 2646 1953 Exemplar
2686 1884 2985 1936 testamenti
3012 1884 3070 1936 in
3120 1899 3225 1953 quo
3271 1887 3498 1953 testatur
3547 1880 3756 1938 Richa-

432 1954 746 2025 posituram
770 1954 1102 2008 Fossensem
1131 1953 1436 2025 adquisivit
1456 1953 1624 2023 (414).
1642 1953 1822 2016 Quem
1839 1951 2034 2007 omni-

430 2043 634 2112 potens
649 2039 922 2095 Dominus
941 2045 1001 2095 ut
1017 2040 1140 2111 pius
1161 2043 1324 2112 pater
1347 2041 1574 2111 ﬂagello
1605 2055 1706 2094 suo
1737 2039 2030 2109 corripere

432 2128 629 2196 voluit,
647 2131 704 2183 et
717 2128 971 2200 quicquit
991 2128 1096 2182 sibi
1121 2128 1176 2181 in
1203 2145 1270 2183 eo
1295 2128 1633 2199 displicebat
1649 2128 1721 2182 ad
1738 2144 1947 2198 purum
1965 2135 2035 2168 εει

433 2233 768 2288 excoquere.
795 2216 958 2286 (Isai.
973 2233 1009 2284 1,
1025 2221 1133 2280 25).
1155 2217 1296 2270 Nam
1315 2220 1448 2270 ante
1469 2216 1645 2270 ﬁnem
1669 2215 1794 2270 vitae
1811 2214 2034 2270 diutino

433 2304 688 2375 corporis
716 2305 993 2376 fatigatur
1028 2307 1328 2375 languore,
1363 2303 1596 2369 animm,
1637 2308 1698 2358 ut
1727 2303 2034 2370 credimus,

431 2392 752 2465 integretur
772 2393 1036 2459 sanitate,
1057 2409 1231 2464 quam
1250 2393 1443 2446 multis
1464 2391 1932 2446 tribulationibus
1950 2394 2034 2444 at-

434 2481 632 2536 tritam
663 2482 980 2535 caelestibus
1011 2480 1304 2551 apothecis
1333 2479 1620 2533 credimus
1650 2478 2032 2534 reconditam.

434 2569 651 2624 Domus
675 2571 886 2623 sancta
925 2568 1113 2622 Mariae
1149 2570 1206 2620 et
1235 2576 1304 2609 888
1334 2567 1514 2621 sancti
1546 2567 1835 2622 Lamberti
1867 2571 2036 2621 terra:

437 2656 684 2710 creditos
704 2656 826 2726 ejus
847 2663 916 2698 εει
944 2658 1132 2708 servat
1153 2655 1374 2710 cineres
1389 2659 1528 2724 (415)
1547 2656 1659 2725 (αη.
1676 2657 1770 2711 801
1788 2655 1942 2720 ,Jan.
1961 2659 2034 2718 9).

439 2743 601 2800 Circa
628 2743 782 2799 idem
804 2746 1033 2814 tempus
1046 2743 1319 2797 cathedra
1331 2742 1686 2798 Coloniensis
1702 2759 1806 2814 per
1816 2748 2039 2815 septem

442 2848 628 2887 annos
654 2831 896 2904 pastoris
913 2847 1116 2902 expers
1134 2831 1302 2902 (416),
1335 2835 1550 2886 vastata
1584 2848 1617 2885 a
1648 2833 2039 2886 Nortmanno-

437 2936 567 2976 rum
601 2920 761 2976 rabie
789 2921 926 2975 urbe
961 2923 1018 2974 et
1046 2920 1311 2974 azcclesiis
1342 2923 1671 2975 sanctorum
1701 2921 1840 2974 cede
1867 2922 1923 2984 et
1953 2919 2039 2974 in-

436 3007 662 3074 cendio,
682 3007 1041 3080 propiciante
1058 3008 1293 3062 demum
1309 3007 1632 3071 divinitate,
1647 3008 2042 3063 Willebertum

438 3097 684 3169 suscepit
709 3096 1202 3169 archiepiscopum
1217 3096 1367 3168 (417)
1383 3097 1496 3165 (αη.
1526 3098 1670 3166 870).
1707 3097 1879 3166 Cujus
1894 3098 2041 3149 tem-

2208 1958 2320 2081 ;us
2357 1952 2692 2024 Stephanum
2741 1953 3030 2006 condidisse
3075 1952 3403 2023 responsoria
3457 1952 3524 2007 de
3565 1959 3759 2007 sancta

2262 2028 2501 2081 rinitate.

2262 2028 2501 2082 rinitate.

2210 2114 2463 2170 Omnibus
2512 2121 2582 2155 88°
2646 2119 2884 2166 sanctam
2964 2111 3285 2165 Trinitatem
3351 2110 3757 2182 conﬁtentibus,

2135 2205 2360 2260 Patrem
2382 2211 2431 2258 et
2447 2203 2625 2274 ﬁlium
2645 2209 2693 2255 et
2715 2200 2983 2272 Spiritum
2997 2208 3265 2266 sanctum,
3294 2199 3519 2256 Patrem
3531 2200 3761 2270 plenum

2133 2293 2311 2348 Deum
2337 2294 2393 2345 in
2434 2309 2505 2357 se,
2527 2289 2731 2344 Filium
2751 2289 2975 2359 plenum
3003 2288 3179 2343 Deum
3208 2306 3240 2342 a
3277 2287 3452 2342 Patre
3478 2291 3756 2358 genitum,

2134 2381 2400 2453 Spiritum
2451 2385 2700 2434 sanctum
2738 2379 2960 2448 plenum
3004 2377 3180 2432 Deum
3211 2394 3244 2430 a
3273 2377 3441 2433 Patre
3501 2384 3554 2430 et
3609 2376 3761 2431 Filio

2126 2470 2516 2542 procedentem,
2570 2485 2676 2522 non
2706 2474 2882 2521 tamen
2912 2473 3019 2520 tres
3050 2467 3187 2521 Deos
3224 2465 3314 2520 sed
3348 2483 3518 2519 unum
3555 2467 3761 2531 Deum,

2136 2559 2421 2614 Hic/carius
2454 2557 2776 2626 Tungrensis
2811 2554 3056 2609 ecclesia
3077 2556 3367 2625 episcopus,
3403 2556 3588 2622 gratia
3611 2554 3766 2608 vobis

2137 2655 2184 2702 et
2213 2665 2326 2718 pax
2351 2665 2383 2699 a
2420 2645 2528 2702 Deo
2566 2645 2734 2701 Patre
2762 2651 2810 2697 et
2839 2642 2988 2698 Filio
3017 2643 3131 2713 ejus
3160 2642 3381 2696 domino
3415 2651 3599 2696 nostro
3627 2643 3768 2697 Jesu

2140 2736 2350 2792 Christo
2380 2742 2429 2789 et
2457 2733 2670 2804 Spiritu
2699 2739 2899 2786 sancto.
2930 2731 2998 2787 Si
3019 2731 3230 2803 aliquid
3250 2732 3504 2787 utilitatis
3519 2731 3608 2788 vel
3627 2732 3761 2800 fru-

2139 2825 2473 2893 ctiﬁcationis
2525 2824 2579 2875 in
2625 2821 3000 2876 ecclesiasticis
3051 2821 3206 2875 rebus
3254 2819 3405 2874 nobis
3461 2817 3804 2876 commissis"

2140 2913 2388 2968 ordinare
2439 2911 2692 2976 valemus,
2750 2911 3056 2980 quantolius
3111 2908 3409 2964 accelerare
3486 2908 3760 2963 debemus.

2145 3001 2351 3055 Idcirco
2381 3001 2585 3055 noverit
2631 2998 2894 3052 industria
2938 2996 3194 3065 ﬁdelium,
3253 3003 3363 3050 tam
3399 2999 3763 3067 praesentium

2141 3105 2406 3162 quamque
2435 3097 2504 3130 δυο
2532 3088 2870 3157 futurorum,
2895 3087 3021 3157 quia
3047 3085 3365 3139 venerabilis
3395 3087 3498 3150 vir,
3523 3101 3755 3156 praeces-

434 3201 576 3258 pore
604 3185 810 3240 domus
834 3185 1015 3241 sancti
1046 3185 1218 3250 Petri,
1235 3201 1362 3257 quae
1389 3185 1575 3239 adhuc
1602 3183 1815 3239 ibidem
1833 3187 2041 3256 praesto
2063 3203 2110 3262 ο
2140 3196 2226 3232 sor
2256 3177 2502 3232 videlicet
2528 3181 2702 3230 noster
2724 3173 3050 3246 Stephanus,
3094 3176 3151 3227 in
3178 3175 3374 3228 honore
3403 3182 3600 3230 sancta
3634 3173 3768 3228 Tri-

437 3276 544 3340 est,
578 3273 650 3329 ab
678 3274 801 3347 ipso
831 3277 890 3330 et
919 3276 990 3330 ab
1021 3275 1144 3329 aliis
1194 3273 1585 3346 compluribus
1636 3272 1917 3346 episcopis
1959 3274 2045 3326 est

438 3362 722 3425 dedicata,
760 3363 857 3418 ubi
884 3362 1071 3436 pridie
1103 3379 1277 3435 quam
1336 3361 1722 3428 dedicaretur,
1777 3361 2044 3432 ingentes

439 3450 756 3506 demonum
791 3452 1063 3524 strepitus
1101 3455 1234 3506 sunt
1265 3449 1443 3506 auditi
1479 3449 1958 3522 conquerentium
1983 3465 2044 3503 se

439 3555 472 3594 a
490 3543 629 3595 noto
659 3541 901 3612 propelli
925 3540 1273 3595 habitaculo.

650 3633 737 3685 20.
772 3629 856 3685 De
883 3628 1159 3701 Stephano
1202 3631 1434 3699 episcOpo
1458 3633 1509 3683 et
1532 3626 1812 3682 Richario.

504 3717 878 3773 Tricesimum
919 3735 1139 3774 nonum
1179 3717 1487 3772 habuimus
1527 3715 1885 3785 Stephanum
1932 3714 2040 3774 (an.

439 3808 586 3873 901),
606 3805 700 3878 qui
713 3847 726 3872 ,
740 3821 810 3860 eo
824 3805 980 3876 quod
993 3803 1258 3859 Metensis
1272 3802 1540 3858 wcclesiaa
1553 3802 2045 3858 fueritcanonicus

438 3898 498 3949 et
518 3892 946 3967 protomartiris
965 3893 1253 3955 alumnus,
1273 3891 1345 3946 de
1363 3890 1699 3946 inventione
1730 3890 2045 3964 ipsiusque;

437 3985 744 4038 cantantur
767 3979 1133 4050 responsoria
1161 3978 1406 4034 edidisse
1455 3978 1682 4035 dicitur.
1741 3981 2041 4048 (Faunum,

440 4086 488 4122 c.
524 4071 632 4137 18.)
660 4069 894 4133 Verum,
927 4070 990 4120 ut
1006 4067 1077 4120 de
1098 4065 1330 4120 incertis
1352 4070 1660 4136 taceamus,
1689 4067 1844 4124 idem
1863 4066 2047 4122 Vitam

441 4153 928 4211 sanctiLamberti
945 4153 1282 4226 simpliciter
1295 4155 1610 4228 antiquitus
1621 4154 2048 4226 dictatam(418)

2142 3269 2333 3324 nitatis
2361 3266 2606 3339 quaedam
2635 3266 2972 3334 responsoria
2997 3281 3118 3318 cum
3135 3264 3438 3334 antiphonis
3467 3269 3768 3317 noctuma-

2143 3357 2276 3410 lzbus
2327 3357 2435 3410 sive
2488 3354 2893 3408 matutinalibus
2944 3369 3144 3407 necnon
3193 3351 3628 3422 vespertinalibus
3675 3358 3770 3405 to—

2141 3451 2356 3517 tumque
2399 3445 2470 3498 ad
2505 3443 2664 3514 plene
2716 3444 2957 3512 ofﬁcium
3017 3441 3321 3496 dulcissime
3376 3440 3767 3495 modulationis

2141 3535 2377 3589 stabilire
2399 3535 2631 3595 curavit,
2663 3531 2882 3588 credens
2908 3531 3014 3587 sibi
3042 3547 3253 3603 suaeque
3271 3530 3522 3585 ecclesiae
3551 3529 3762 3601 liquido

2132 3623 2508 3694 profuturum,
2529 3622 2579 3675 si
2609 3620 2690 3674 illi
2735 3619 2944 3676 debitas
2967 3619 3145 3674 laudes
3190 3619 3466 3690 speciatim
3495 3617 3763 3688 deferret,

2143 3713 2232 3766 cui
2259 3710 2426 3766 nichil
2449 3709 2577 3764 addi
2601 3708 2684 3764 vel
2700 3708 2876 3762 minui
2895 3713 3085 3778 potest,
3119 3708 3248 3782 quia
3276 3721 3479 3777 semper
3508 3712 3584 3760 est
3613 3706 3765 3778 quod

2143 3807 2239 3866 est,
2268 3801 2359 3853 cui
2377 3800 2658 3869 proprium
2707 3803 2782 3850 est
2837 3796 2979 3868 quod
3023 3803 3092 3839 θοι
3138 3797 3518 3866 sempiternum
3549 3799 3645 3859 est,
3673 3797 3774 3850 cui

2145 3887 2281 3942 idem
2311 3893 2384 3941 est
2416 3895 2486 3930 893
2529 3887 2703 3941 vivere
2752 3891 2801 3938 et
2853 3883 3144 3954 intelligere
3193 3882 3362 3954 (419).
3411 3881 3578 3936 Hanc
3627 3899 3765 3955 quo-

2145 3994 2244 4049 que
2279 3977 2521 4030 semitam
2567 3974 2778 4043 vestigii
2819 3973 3171 4044 suprascripti
3227 3969 3460 4042 ﬁrmiter
3513 3971 3765 4025 inceden-

2151 4075 2244 4128 tes,
2273 4065 2580 4118 curavimus
2609 4061 2881 4134 quoddam
2908 4063 3206 4115 oratorium
3241 4061 3297 4113 in
3324 4057 3563 4113 ecclesia
3589 4061 3774 4114 sancti

2148 4152 2440 4221 Lamberti,
2465 4151 2559 4204 ubi
2579 4166 2685 4220 ipse
2713 4149 2950 4221 quiescit,
2982 4154 3204 4214 struere,
3230 4154 3390 4219 atque
3417 4148 3476 4201 in
3503 4162 3565 4201 eo
3592 4146 3768 4200 altare

1746 4309 1981 4365 VARIIE
2030 4307 2321 4365 LECTION
2328 4306 2428 4365 ES.
2453 4309 2460 4316 ’

513 4446 585 4481 ⁸⁷8
614 4437 1043 4513 archiepiscopo
1082 4445 1128 4496 1.

1242 4448 1312 4484 ατο
1344 4440 1606 4495 liberavit
1633 4442 1686 4496 4.
1764 4446 1836 4482 80°
1874 4439 2192 4495 Amanium
2223 4440 2275 4494 4.
2353 4436 2719 4510 BBljustinum
2749 4439 2796 4490 1.
2825 4433 3141 4510 Lustinium
3166 4437 3220 4510 4.
3297 4442 3367 4477 ⁸⁸³
3397 4436 3496 4489 ita.
3539 4437 3596 4493 4.
3626 4452 3771 4510 apu-

445 4527 576 4566 rum
607 4515 658 4566 1.
681 4511 784 4582 _sed
809 4507 842 4566 a
871 4507 1214 4582 expunctum,
1248 4527 1495 4582 apurum
1540 4515 1595 4576 2,
1637 4515 1690 4568 3.
1765 4518 1836 4554 388
1865 4511 2004 4564 deest
2045 4514 2094 4565 1.
2127 4515 2180 4567 2.
2216 4514 2267 4564 3.
2344 4517 2415 4551 εει
2439 4507 2571 4582 esse
2601 4511 2753 4582 1.__2.
2805 4511 2857 4562 3.
2935 4514 3006 4582 “f5
3053 4507 3271 4582 facetus
3317 4510 3366 4560 1.
3441 4513 3531 4582 {8"
3559 4507 3767 4582 reliqua

439 4582 630 4636 desunt
661 4580 766 4637 Ch.

441 4660 512 4697 ω
541 4652 680 4713 deest
705 4656 760 4710 4.

879 4590 947 4625 887
979 4583 1073 4638 ab,
1112 4584 1166 4637 4.
1283 4590 1354 4624 87⁸
1382 4582 1521 4636 deest
1551 4586 1604 4638 2.
1635 4586 1684 4640 3.

1799 4589 1870 4625 θεν
1897 4583 2173 4651 pracisum
2217 4587 2419 4635 textum
2447 4578 2593 4634 dedit
2631 4575 2732 4631 Ch.

2845 4585 2916 4619 eoo
2945 4577 3083 4631 ἀρεεε
3115 4581 3164 4634 ί,
3267 4583 3336 4618 m
3385 4575 3476 4631 cui
3515 4580 3566 4631 1.
3616 4575 3684 4634 2Σ
3711 4582 3764 4635 3.

1976 4775 2202 4834 NOTAE.

514 4900 664 4973 (412)
689 4900 842 4973 Obiit
863 4897 1269 4973 Theatgaudus
1296 4896 1649 4973 Trevirensis
1678 4913 1730 4952 a.
1757 4896 2050 4973 867.Gun-

442 4967 661 5028 tbarius
689 4967 1127 5040 Coloniensis'a.
1163 4972 1284 5025 869.
1323 4985 1523 5024 mense
1535 4969 1646 5024 Jul.
1667 4983 1909 5023 munere
1927 4967 2049 5040 epi-

440 5042 655 5114 scopali
702 5059 761 5097 se
811 5039 1094 5114 abdicavit
1122 5041 1362 5114 testibus
1396 5041 1555 5100 Bert.
1592 5044 1787 5095 annal.
1830 5038 2049 5094 Eodem

441 5112 596 5170 anno
620 5117 881 5169 mortuus
915 5115 1001 5168 est
1032 5112 1350 5168 Lotharius.

535 5189 654 5254 413)
688 5201 740 5243 a.
795 5188 918 5241 889.
977 5184 1184 5238 Annal.
1247 5181 1560 5254 Lobiens.,_
1596 5180 1850 5254 Folcuin.
1878 5181 2045 5254 gest.

441 5251 649 5314 abbat.'
668 5256 931 5312 Lobiens.
965 5254 1333 5327 Privilegium
1351 5251 1694 5327 donationis
1712 5251 1934 5327 Arnulli
1952 5267 2048 5327 _r_e-

440 5329 528 5400 gis
561 5332 646 5386 15.
680 5328 816 5383 Nov.
849 5329 973 5400 889.
1008 5321 1365 5400 Erancbt‘urti
1421 5325 1624 5380 datum
1678 5323 1794 5400 vid1
1824 5321 2050 5400 ap._Mi—

442 5391 675 5477 rasum]
727 5400 862 5477 65_0._
1007 5397 1535 5477 Notgeritempora
1564 5391 2052 5477 usque_beodien-

443 5487 531 5524 ses
560 5470 813 5544 episcopi
843 5464 1187 5544 Lobiensein
1215 5464 1512 5544 abbatiam
1543 5464 2046 5544 administrarunt,

442 5535 804 5613 quodquam
837 5541 988 5613 male
1024 5538 1265 5613 tulerint
1286 5537 1580 5613 monachi,
1605 5536 1733 5591 vide
1759 5535 1818 5590 in
1877 5535 2051 5613 gestis

445 5605 574 5666 εδδ.
605 5605 894 5667 Gemblac.
934 5610 1191 5681 Dachery
1221 5611 1302 5681 ll,
1325 5612 1448 5668 762.
1476 5609 1587 5665 Cfr.
1615 5620 1846 5679 quoque
1866 5605 2049 5661 conti-

450 5683 608 5753 nuat.
629 5681 800 5753 Sest.
823 5681 972 5753 θιὼ.
993 5679 1239 5753 L_obién_s
1263 5679 1346 5753 ib.
1381 5697 1440 5753 p.
1465 5681 1589 5753 7&8.

513 5749 663 5823 (414)
713 5750 852 5816 Qua
880 5747 977 5805 alii
1008 5747 1282 5805 danai-int
1308 5746 1498 5822 reges,
1533 5748 1766 5804 Carolus
1799 5746 2050 5812 Crassus,

2151 4896 2384 4951 Carolus
2436 4893 2712 4964 Simplex,
2773 4890 3220 4964 Zuenteboldus,
3272 4887 3502 4964 vide_i_n
3553 4885 3768 4964 tabulis

2151 4983 2354 5022 eorum
2389 4981 2525 5021 ann.
2551 4958 2678 5033 884,
2699 4958 2835 5030 894,
2864 4964 2966 5018 898
2998 4961 3146 5016 datis
3194 4960 3348 5032 apud
3402 4958 3693 5030 Chapeav.
3721 4960 3765 5023 Ι,

2155 5040 2255 5094 160
2281 5053 2442 5161 sech3
2515 5106 2526 5117 θ
2824 5103 2834 5114 .
2952 5103 2962 5114 .
3417 5099 3427 5110 ,

2227 5110 2372 5161 1415)
2444 5124 2474 5160 x
2491 5107 2637 5160 libro
2663 5105 2965 5160 Leodiensi
2987 5103 3427 5157 commemorati

2227 5098 2380 5176 (415)
2401 5098 2474 5161 Ex
2491 5106 2637 5160 libro
2663 5103 2965 5176 Leodiensi
2987 5099 3621 5176 commemorationum
3639 5098 3762 5153 haec

2150 5172 2317 5235 affert
2337 5177 2701 5249 Chapeaville
2726 5192 2738 5231 :
2773 5174 2972 5241 Quinto
3007 5172 3134 5249 Idus
3156 5173 3421 5249 Januarii
3443 5186 3768 5249 commemo-

2150 5253 2288 5306 ratio
2325 5239 2566 5320 fratr-um
2592 5239 2892 5320 nostrorum
2901 5244 3335 5320 presbyterorum
3358 5241 3569 5320 domini
3578 5239 3764 5320 [ir-gn-

2149 5323 2297 5447 tionis
2323 5310 2574 5392 episcopi,
2608 5321 2702 5391 qui
2740 5310 3081 5372 dedit-nobis
3110 5315 3244 5370 duos
3272 5329 3486 5368 mansos
3517 5315 3576 5367 in
3611 5310 3766 5368 Her-

2167 5411 2291 5447 rem.

2167 5411 2291 5447 rem.

2185 5411 2368 5536 "(2.16)
2393 5463 2559 5516 Anno
2585 5462 2709 5536 868.
2738 5456 3083 5536 Guntharius
3113 5456 3356 5536 {tomum
3387 5453 3559 5510 ierat.

2219 5528 2366 5604 (417)
2397 5535 2552 5604 Ann.
2581 5529 2912 5604 AColoniens.
2932 5529 3087 5604 Man.
3115 5528 3160 5604 l_,
3184 5531 3273 5604 97,

2222 5594 2372 5671 (418)
2405 5606 2455 5659 Α
2479 5601 2862 5670 Godescalco;
2895 5599 2989 5654 vid
3041 5601 3163 5671 act.
3195 5596 3389 5654 Sanct.
3423 5594 3761 5669 Septembr.

2091 5719 2094 5722 .
2152 5681 2194 5731 t.
2228 5669 2300 5732 ν.
2326 5674 2464 5733 Hist.
2498 5674 2608 5730 litt.
2633 5673 2834 5728 Franc.
2863 5673 3009 5728 tom.
3049 5669 3137 5736 VI,
3168 5671 3287 5725 168.

2225 5743 2376 5820 (419)
2417 5744 2530 5801 Cfr.
2556 5742 2816 5802 Ciceron.
2846 5740 3068 5799 Tuscul.
3100 5739 3166 5808 ν,
3200 5741 3286 5798 38.
