3902 6210
421 453 548 510 1091

1008 445 1345 508 HERIGERI
1373 447 1456 506 ET
1490 451 1626 508 εὶΝὸ
1638 445 1804 509 111111
1831 447 2052 509 GESTA
2077 449 2294 510 EPlSC.
2327 451 2580 513 TANGR.
2607 457 2794 516 TRAJ.
2829 459 2912 516 ET
2943 459 3146 518 LEOD.

3607 463 3755 526 £092

406 570 563 628 diem
583 569 854 627 acclesia
873 569 933 626 in
956 571 1183 628 honore
1211 573 1428 627 sancta
1447 572 1628 628 crucis
1643 572 2023 629 fundamenta
2051 581 2107 642 Α
2130 573 2283 629 unde
2313 577 2378 630 15
2410 575 2682 634 fratribus
2699 579 2878 666 victus
2902 583 2961 636 et
2978 581 3210 638 vestitus
3239 582 3455 640 solatia
3522 587 3750 658 pende-

398 658 614 716 ibidem
649 660 839 715 locare
859 658 1101 721 studuit,
1121 659 1472 715 beneﬁcium
1525 661 1681 732 quod
1741 677 1809 715 ex
1863 662 2020 716 dono

403 747 656 821 episcopi
679 748 933 814 tenebat,
965 746 1100 801 illuc
1131 747 1460 816 destinavit,
1495 753 1628 805 voto
1660 749 1894 822 insuper
1919 751 2024 804 ad-

409 835 551 891 dens
570 835 828 908 quicquit
870 835 941 890 de
993 851 1095 889 suo
1145 836 1232 889 vel
1290 835 1533 891 haberet
1587 839 1675 891 vel
1723 837 2022 892 habiturus

409 927 574 980 esset.
608 923 817 980 Verum
847 923 944 979 ubi
974 921 1157 994 impio
1185 922 1314 993 jam
1361 923 1514 979 dicto
1543 924 1833 996 pervasori
1860 941 2019 981 com-

409 1015 639 1085 pertum
666 1015 751 1067 est
779 1028 848 1068 eo
877 1011 990 1067 loci
1027 1009 1260 1066 fundari
1289 1012 1632 1082 acclesiam,
1683 1015 1782 1070 ubi
1825 1031 2018 1070 arcem

406 1098 513 1155 sibi
531 1115 678 1156 vana
721 1114 821 1170 spe
851 1099 1110 1154 futuram
1141 1107 1212 1141 9³⁸
1264 1101 1678 1171 spoponderat,
1722 1118 1840 1157 non
1896 1103 2018 1157 sine

407 1187 604 1243 multis
641 1188 889 1262 querelis
917 1189 1093 1259 atque
1111 1187 1384 1242 conviciis
1413 1189 1660 1244 recurrit
1693 1190 1769 1244 ad
1799 1191 2015 1263 episco-

403 1292 546 1348 pum
568 1294 588 1344 ;
618 1277 778 1332 illum
802 1275 1058 1350 perﬁdia
1071 1278 1300 1332 accusat
1315 1279 1372 1331 et
1391 1277 1608 1332 fraudis
1625 1279 2016 1336 Alemannica

405 1364 506 1439 qui
538 1365 890 1421 sententiam
920 1367 1218 1432 mutasset,
1259 1367 1432 1436 atque
1488 1365 1584 1420 ubi
1613 1365 1733 1437 ipse
1775 1367 2014 1422 domum

404 1453 770 1524 postulasset,
794 1451 875 1507 ibi
899 1451 1072 1508 fallax
1105 1451 1425 1523 promissor
1444 1453 1760 1508 acclesiam
1783 1454 2014 1510 fundari

404 1556 542 1596 man
550 1540 758 1600 dasset.
773 1540 1082 1613 Episcopus
1093 1542 1289 1596 autem
1301 1545 1504 1596 contra
1516 1541 1700 1612 magis
1714 1546 1775 1596 ut
1785 1558 2014 1624 morem

403 1631 636 1700 gereret
655 1627 1058 1700 armipotentis
1083 1636 1156 1670 οη
1199 1645 1486 1699 persona,
1517 1646 1693 1700 quam
1731 1629 2013 1685 deservire

415 1718 613 1774 volens
635 1712 974 1785 falatia,diu
1005 1719 1205 1771 manet
1223 1716 1282 1770 in
1315 1716 1728 1772 dissimulando
1781 1719 1904 1788 ejus
1928 1718 2012 1772 rei

2125 665 2346 719 rentur.

2195 774 2282 826 27.
2313 770 2396 825 De
2419 773 2644 828 ecclesiis
2679 777 2858 830 sancti
2880 775 3133 846 Dyonisii
3149 783 3200 831 et
3227 780 3406 832 sancti
3434 779 3745 840 Johannis.

2191 858 2318 913 Alia
2346 859 2752 917 nichilominus
2774 863 2947 936 ipsius
2963 865 3340 922 amminiculo
3370 867 3610 923 condita
3648 873 3744 924 est

2121 947 2361 1002 ecclesia
2391 965 2424 1003 a
2467 949 2745 1006 Nithardo
2801 951 3036 1006 custode
3089 953 3329 1025 majoris
3375 956 3635 1012 ecclesia
3679 957 3740 1012 in

2119 1033 2344 1090 honore
2376 1036 2532 1091 beati
2581 1040 2853 1111 martyris
2879 1039 3152 1112 Dyonisii.
3212 1043 3273 1096 ln
3315 1058 3434 1114 qua
3477 1043 3738 1114 primum

2120 1123 2354 1194 quidem
2389 1127 2458 1180 20
2479 1126 2782 1198 aggregati
2813 1135 2886 1170 οισ
2906 1132 3040 1182 sunt
3065 1129 3352 1197 canonici,
3375 1132 3736 1202 procedente

2119 1226 2253 1266 vero
2277 1216 2538 1286 tempore
2565 1214 2772 1269 additis
2786 1215 2986 1271 decem
3004 1215 3065 1271 in
3083 1217 3459 1274 tricenarium
3473 1219 3730 1292 ipsorum

2118 1315 2394 1356 numerus
2423 1302 2689 1360 excrevit.
2721 1305 2846 1374 lpse
2883 1320 3016 1360 vero
3043 1308 3328 1377 praterea
3351 1323 3458 1361 suo
3490 1308 3732 1364 nomine

2117 1387 2415 1443 ecclesiam
2429 1389 2487 1444 in
2503 1390 2726 1446 honore
2741 1391 2895 1447 beati
2912 1393 3202 1449 Johannis
3215 1394 3589 1466 evangelista
3601 1413 3708 1451 con
3720 1427 3734 1439 -

2115 1475 2320 1530 struxit
2345 1480 2482 1547 (457)
2507 1481 2565 1532 et
2591 1478 2892 1548 dedicavit,
2937 1485 3006 1536 3O
3038 1481 3247 1536 fratres
3295 1482 3612 1538 canonicos
3658 1483 3729 1538 ad

2113 1562 2476 1620 serviendum
2511 1567 2626 1620 Deo
2655 1566 2962 1635 ordinavit,
2986 1567 3197 1624 fundos
3237 1585 3272 1624 a
3298 1586 3358 1625 se
3407 1570 3729 1642 adquisitos

2115 1649 2268 1704 unde
2295 1651 2584 1707 sufﬁciens
2612 1653 2720 1708 illis
2744 1655 2922 1710 victus
2969 1659 3028 1710 et
3057 1656 3290 1712 vestitus
3339 1661 3512 1724 esset,
3549 1657 3731 1729 depu-

2113 1737 2272 1804 tavit,
2307 1755 2626 1812 corpusque
2655 1759 2849 1810 suum,
2880 1743 3038 1815 quod
3066 1746 3124 1798 et
3151 1744 3372 1800 factum
3409 1745 3726 1815 cernimus,

421 1804 874 1873 conscientiam;
923 1808 1096 1876 atque
1141 1803 1213 1859 ad
1252 1803 1718 1860 satisfaciendum
1750 1805 1824 1873 ei,
1855 1807 2017 1877 cujus
2045 1878 2093 1900 ἡ
2114 1803 2329 1881 ibidem
2348 1803 2579 1900 se'peliiq
2607 1803 2922 1886 mandas“:

401 1894 663 1951 moribus
689 1894 942 1950 habebat
966 1892 1272 1960 deservire,
1299 1893 1357 1947 in
1388 1893 1488 1948 tali
1513 1895 1791 1965 temporis
1813 1912 2013 1951 neces-
2043 1878 2095 1937 Β

402 1981 593 2050 sitate,
623 1981 746 2055 ipso
790 1984 1098 2055 prasente,
1123 1985 1514 2037 memoratum
1559 1983 1820 2038 accersiri
1840 1984 2012 2055 jussit

399 2069 798 2144 prapesitum,
821 2069 959 2142 quid
997 2073 1202 2139 struat,
1235 2086 1349 2142 qua
1368 2087 1488 2142 spe.
1521 2087 1637 2142 qua
1662 2071 1884 2140 fidutia,
1907 2089 2007 2128 cu-

391 2158 558 2230 jusve
577 2158 740 2230 jussu
771 2159 881 2215 hoc
909 2159 1149 2230 coeperit
1175 2167 1267 2226 ουτ,
1315 2175 1432 2214 11011
1464 2159 1586 2214 sine
1615 2161 1798 2215 multa
1847 2161 2007 2232 quasi

395 2245 799 2319 indignatione
829 2245 1062 2318 rogitat.
1087 2247 1184 2301 llle
1197 2249 1394 2301 autem
1414 2263 1546 2300 cum
1566 2265 1796 2303 summa
1815 2248 2011 2302 humi-

397 2333 581 2404 litate,
614 2336 772 2390 nullo
799 2333 1144 2390 temeritatis
1169 2333 1494 2404 studio,pro
1521 2335 1731 2390 nullius
1757 2336 1888 2390 odio
1913 2345 2006 2404 988,

2111 1951 2180 2004 28
2233 1957 2324 2008 9".
2398 1949 2615 2016 Quanta
2681 1953 2768 2009 illi
2813 1971 2943 2009 cura
2988 1970 3117 2028 erga
3164 1956 3473 2013 educandos
3523 1975 3722 2030 pueros

2819 2043 3007 2112 fuerit.

2179 2160 2422 2217 Maxima
2451 2162 2528 2217 illi
2577 2163 2727 2219 circa
2756 2165 3084 2222 educandos
3114 2183 3324 2240 pueros
3355 2171 3484 2224 erat
3513 2171 3727 2226 sollici-

2110 2247 2272 2316 tudo,
2297 2249 2652 2322 eosdemque
2682 2267 2814 2307 cum
2845 2255 3256 2309 acclesiasticis
3287 2255 3609 2328 disciplinis
3639 2257 3726 2312 in-

2110 2337 2434 2402 struendos,
2481 2338 2626 2394 adeo
2686 2343 2750 2394 ut
2793 2357 3159 2414 quocumque
3210 2343 3299 2396 vel
3351 2343 3425 2398 ad
3465 2345 3726 2416 proxima

397 2423 582 2479 immo
637 2423 748 2479 hoc
793 2423 868 2478 ob
912 2421 1320 2493 Redemptoris
1384 2421 1620 2494 ejusque
1674 2424 2007 2479 reverenda
2111 2423 2198 2477 vel
2229 2423 2302 2477 ad
2330 2423 2608 2496 loginqua
2637 2427 2764 2482 loca
2795 2426 2944 2500 (458)
2975 2433 3264 2501 pergeret,
3303 2431 3561 2487 scolares
3589 2433 3724 2488 ado-

399 2511 584 2566 crucis
610 2509 927 2582 impensius
971 2509 1290 2579 optinenda
1340 2508 1633 2580 suffragia,
1684 2511 1758 2564 ad
1798 2519 1868 2553 939
1897 2511 2007 2566 hoc
2110 2511 2414 2580 lescentes,
2436 2511 2534 2584 qui
2557 2512 2656 2567 uni
2682 2530 2751 2569 ex
2800 2517 3112 2588 capellanis
3145 2518 3249 2572 sub
3289 2519 3586 2576 artissima
3611 2537 3723 2576 non

391 2614 516 2652 sese
555 2613 679 2652 esse
708 2596 1024 2651 adductum
1045 2597 1378 2666 respondet.
1401 2596 1650 2664 Terram,
1682 2597 1890 2670 inquit,
1913 2599 2008 2653 ibi-
2112 2597 2280 2653 aliter
2309 2615 2486 2671 quam
2520 2601 2576 2656 in
2617 2601 2784 2657 scolis
2825 2607 3098 2674 parerent
3147 2605 3476 2678 disciplina,
3532 2625 3722 2663 secum

384 2683 518 2740 dem
546 2685 730 2740 inveni
757 2699 985 2740 vacuam
998 2701 1100 2754 per
1112 2685 1308 2739 multos
1327 2701 1492 2739 annos
1507 2685 1738 2755 alicujus
1754 2687 2010 2741 utilitatis
2113 2686 2370 2755 duceret,
2399 2703 2648 2760 cumque
2690 2689 2781 2744 his
2809 2691 3091 2746 librorum
3151 2693 3380 2764 copiam
3418 2700 3722 2769 ceteraque

396 2774 727 2838 immunem;
760 2775 932 2828 usum
986 2778 1060 2825 est
1101 2772 1241 2827 mihi
1305 2772 1454 2828 illam
1510 2774 1761 2830 acclesia
1812 2782 2011 2830 sancta
2113 2790 2278 2830 arma
2301 2775 2544 2830 scolaria
2569 2777 2925 2833 circumferri
2955 2779 3190 2836 faceret.
3220 2780 3432 2854 Sicque
3461 2783 3642 2839 ﬁebat
3665 2789 3722 2840 ut

395 2862 590 2927 crucis,
644 2860 799 2930 cujus
850 2867 900 2914 et
921 2859 1280 2930 fundamenta
1322 2868 1529 2915 struere
1574 2863 1724 2933 ccepi,
1776 2865 2012 2918 maxime
2111 2879 2254 2935 quos
2283 2865 2628 2936 plerumque
2658 2866 2828 2921 rudes
2849 2871 2907 2922 et
2935 2867 3236 2924 illiteratos
3261 2886 3296 2925 a
3337 2872 3593 2927 claustro
3623 2874 3720 2928 ab-

397 2964 505 3004 esse
533 2949 801 3004 idoneam.
837 2946 993 3014 Quod
1019 2948 1072 3003 si
1099 2956 1170 2990 M0
1219 2947 1376 3003 aliter
1401 2955 1604 3018 vestrae,
1635 2950 1826 3004 domne
1862 2968 2007 3022 pra-
2113 2951 2382 3020 duxisset,
2415 2957 2473 3007 et
2496 2953 2648 3024 ipsos
2679 2971 2825 3026 quos
2851 2956 3012 3029 prius
3036 2958 3343 3030 magistros
3369 2960 3716 3028 habuerant,

396 3035 505 3104 sul,
535 3035 680 3094 sedet
705 3037 993 3104 sententia,
1049 3037 1157 3091 sive
1184 3037 1380 3107 placet“
1416 3037 1602 3092 domus
1651 3037 1758 3092 Dei
1804 3039 2007 3108 funda-
2110 3038 2512 3096 inlitterarum
2539 3042 2890 3113 perfectione
2904 3045 3211 3101 redeuntes
3232 3049 3714 3118 superarent.Sed

400 3130 584 3180 menta
630 3127 686 3179 in
715 3123 1033 3196 praedonum
1079 3127 1398 3180 commutari
1431 3126 1724 3196 refugium,
1770 3126 1853 3180 nil
1896 3145 2012 3182 mea
2043 3132 2312 3192 Cvereor
2341 3145 2414 3182 ne
2440 3130 2842 3202 hujuscemodi
2868 3149 2929 3188 se
2972 3137 3246 3190 tueantur
3275 3139 3572 3209 exemplo,
3626 3139 3717 3212 qui

404 3213 652 3268 intererit
671 3221 740 3255 οη
765 3213 912 3267 bona
935 3212 1256 3282 voluntatis;
1286 3215 1334 3268 si
1359 3231 1466 3286 qua
1495 3219 1572 3268 est
1598 3229 1664 3270 ea:
1683 3230 1787 3283 me,
1816 3232 2009 3270 merces
2109 3215 2456 3271 escolaribus
2490 3217 2593 3272 alis
2623 3218 2681 3273 in
2715 3220 2898 3275 curias
2949 3238 3153 3294 regum
3210 3226 3268 3278 et
3314 3226 3718 3298 episcoporum

395 3299 540 3357 mihi
563 3317 599 3355 a
628 3299 742 3356 Deo
762 3317 869 3356 non
895 3300 1079 3356 deerit.
1111 3299 1180 3355 Si
1203 3303 1318 3372 quis
1355 3307 1537 3357 autem
1584 3319 1650 3356 ne
1685 3302 1796 3356 hac
1825 3302 2006 3359 acele-

393 3389 488 3442 sia
507 3389 565 3441 in
591 3389 785 3444 honore
807 3389 914 3443 Dei
939 3396 1330 3444 consummatur
1353 3397 1425 3431 ω
1453 3389 1894 3462 obstiterit,super
1909 3391 2006 3445 hoc

381 3483 593 3547 peccati
621 3479 874 3532 immunis
897 3477 1062 3548 [esse]
1091 3493 1196 3531 non
1211 3480 1430 3548 poterit.
1451 3477 1708 3533 Audiens
1735 3479 1845 3533 hoc
1883 3478 2006 3551 epi-

389 3579 615 3638 scopus,
637 3566 764 3637 jam
779 3566 976 3622 sedato
1001 3566 1176 3633 vultu,
1205 3564 1366 3637 quasi
1392 3565 1539 3620 iram
1553 3566 1879 3638 reprimens
1900 3583 1912 3622 :
1931 3565 2006 3624 Si

389 3653 520 3726 quid
542 3655 714 3723 aliud,
744 3654 956 3727 inquit,
986 3655 1062 3709 ibi
1084 3656 1332 3724 ccepisses,
1376 3671 1476 3724 pro
1502 3662 1641 3709 certo
1680 3655 1736 3708 id
1789 3656 2001 3726 frustra

391 3749 539 3812 esset,
587 3743 816 3816 ﬁdesque
846 3744 1018 3797 amico
1061 3743 1344 3812 promissis
1393 3742 1702 3796 inconvulsa
1743 3751 2000 3800 maneret.

387 3829 474 3885 At
501 3846 644 3888 nunc
677 3829 1112 3904 quandoquidem
1155 3828 1392 3883 salvator
1427 3831 1597 3883 crucis
1651 3846 1762 3884 suae
1806 3831 1998 3886 vexillo

298 3920 302 3928 '
390 3918 531 3981 hunc
579 3919 749 3976 locum
793 3936 896 3990 per
948 3925 996 3971 te
1042 3916 1314 3972 destinare
1373 3915 1560 3979 voluit,
1609 3917 1748 3989 quod
1799 3922 2006 3990 sapisti

398 4008 766 4062 inconcussum
837 4003 1284 4072 conservabimus,
1333 4006 1494 4058 immo
1541 4022 1660 4077 qua
1698 4009 2000 4080 poterimus

387 4092 751 4164 supplementa
775 4091 1248 4164 suppeditabimus.
1279 4092 1556 4165 Injur-iam
1581 4113 1810 4170 namque
1839 4097 2001 4153 Crea-

390 4179 502 4236 tori
539 4180 848 4250 in/‘erimus,
888 4181 938 4234 si
973 4180 1276 4252 posthabito
1325 4191 1396 4225 m
1425 4199 1482 4238 eo
1549 4193 1621 4226 9H
1649 4203 1792 4257 spem
1845 4204 2000 4242 vana:

387 4267 580 4324 salutis
605 4271 663 4323 in
713 4270 888 4326 armis
914 4270 1189 4324 hominum
1205 4275 1558 4343 posuerimus.
1606 4276 1690 4329 lta
1737 4275 1994 4346 profecto

387 4355 554 4412 dolus
575 4355 698 4428 ejus
727 4353 826 4428 qui
847 4357 976 4429 jam
999 4357 1206 4431 rapina
1234 4361 1418 4416 animi
1445 4367 1776 4434 pervaserat
1796 4365 1994 4418 acele-

2109 3307 2362 3374 querunt
2375 3320 2538 3359 erum
2545 3323 2682 3378 pere
2684 3308 2929 3374 ,et,disci
2933 3310 3106 3380 plina
3110 3311 3132 3381 j
3144 3327 3322 3382 ugum
3335 3311 3720 3370 detrectantes

2105 3390 2323 3446 levitati
2337 3393 2598 3448 animum
2615 3393 2752 3450 dare
2769 3397 3099 3452 contendun
3108 3403 3299 3470 t,quos
3315 3417 3429 3473 ego
3445 3411 3521 3445 σω
3536 3403 3720 3459 felices

2097 3478 2506 3550 judicaverim,
2529 3481 2574 3536 si
2598 3482 2658 3537 in
2683 3484 2840 3538 nullo
2858 3485 2928 3539 ab
2951 3485 3111 3540 istius
3141 3489 3394 3560 exempli
3422 3489 3719 3564 disciplina

2105 3567 2727 3626 exorbitaverint.Nam
2746 3572 2792 3626 si
2822 3589 2977 3628 nunc
3003 3575 3282 3647 temporis
3325 3576 3491 3632 inter
3514 3580 3716 3652 strepi-

2103 3659 2194 3712 tus
2223 3656 2514 3712 curiarum
2545 3659 2735 3714 studia
2780 3661 3067 3718 bonarum
3098 3665 3319 3720 arcium
3368 3665 3518 3722 haut
3567 3685 3714 3724 secus

2103 3762 2280 3818 quam
2307 3745 2367 3800 in
2388 3747 2618 3802 claustri
2639 3756 2710 3790 οιο
2747 3750 2939 3822 quiete
2961 3752 3285 3808 constiterit
3306 3755 3600 3824 valere,de
3629 3773 3710 3812 re-

2101 3833 2352 3888 missiori
2383 3835 2457 3890 ad
2483 3836 2766 3892 arciorem
2816 3838 3072 3895 discendi
3102 3840 3253 3896 viam
3288 3859 3410 3898 non
3439 3861 3711 3916 negamus

2101 3922 2391 3978 convolari
2415 3922 2647 3979 debere.
2683 3925 2781 3980 Sin
2812 3930 3006 3982 autem
3021 3929 3194 4000 longe
3211 3932 3299 3984 est
3320 3947 3415 3986 res
3433 3948 3465 3986 e
3487 3938 3708 3988 contra-

2099 4011 2209 4080 rio,
2240 4011 2422 4066 immo
2451 4011 2588 4083 quia
2616 4021 2690 4055 πο
2719 4017 2828 4077 est,
2881 4022 3065 4070 cesset
3112 4017 3262 4072 ultra
3313 4019 3527 4076 lasciva
3579 4025 3702 4075 atas

2098 4099 2272 4154 falsas
2286 4097 2650 4156 instabilitati
2663 4118 2780 4156 sua
2797 4118 2995 4158 causas
3005 4105 3542 4180 pratendere,quia
3560 4106 3700 4180 quod

2099 4187 2159 4243 in
2192 4187 2610 4260 tranquillitate
2639 4189 2870 4245 claustri
2901 4192 3173 4263 neglexit,
3204 4211 3410 4250 verum
3445 4200 3531 4251 est
3559 4195 3696 4268 quod

2097 4291 2470 4348 nequaquam
2483 4276 2543 4332 in
2557 4279 2962 4334 tumultuantis
2979 4281 3153 4336 seculi
3167 4282 3399 4338 turbine
3415 4285 3594 4354 possit
3617 4300 3694 4338 as-

2097 4365 2280 4437 sequi,
2298 4381 2592 4438 qnamque
2614 4373 2684 4408 οη
2711 4382 2746 4420 o
2768 4367 2813 4421 si
2841 4367 3050 4424 nostris
3069 4371 3434 4440 temporibus
3460 4376 3580 4428 tam
3607 4389 3696 4427 au-

379 4443 997 4515 siastica,laudabiliter
1021 4447 1158 4504 satis
1185 4449 1511 4521 splendida,
1535 4451 1852 4507 admodum
1876 4469 1995 4507 non
2015 4493 2069 4552 D
2095 4467 2196 4507 rea
2223 4453 2724 4552 possentrevocari
2753 4456 2965 4524 secula,
2989 4459 3053 4510 ut
3077 4457 3136 4552 in
3163 4459 3402 4530 capellis
3431 4465 3551 4517 tam
3595 4461 3694 4516 im-

377 4532 609 4598 fraude,
638 4533 740 4591 sed
757 4533 1038 4592 industria
1068 4537 1357 4610 pontiﬁcis
1383 4539 1786 4610 compescitur.
1835 4539 1992 4595 {Edi-
2015 4532 2068 4552 ν
2093 4541 2378 4613 peratoris
2400 4559 2583 4614 quam
2596 4541 3001 4616 episcoporum
3031 4545 3113 4600 nil
3135 4547 3321 4620 magis
3339 4553 3694 4620 appeteretur

378 4622 578 4678 ﬁcium
601 4623 869 4680 acclesia
901 4641 1034 4680 cum
1063 4626 1311 4681 claustro
1342 4629 1401 4680 et
1429 4631 1698 4698 congruis
1723 4643 1831 4699 pro
1862 4629 1989 4685 loco
2093 4646 2271 4704 quam
2299 4646 2431 4685 cum
2465 4630 2791 4688 litterarum
2808 4633 2996 4688 studio
3021 4650 3255 4690 morum
3280 4635 3610 4709 disciplina!
3629 4639 3693 4691 At

380 4711 628 4768 ofﬁcinis
649 4719 1096 4770 consummatur
1124 4713 1530 4787 meademque
1553 4714 1611 4769 in
1631 4716 1855 4772 honore
1867 4733 1994 4772 san-
2092 4734 2246 4774 nunc
2275 4718 2412 4792 quia
2431 4725 2502 4762 οη
2531 4719 2708 4792 longe
2749 4736 2844 4775 res
2866 4725 2954 4776 est
2981 4725 3318 4792 contra,nos
3362 4742 3594 4800 quoque
3621 4725 3686 4782 ad

377 4805 486 4860 sta
513 4803 696 4861 crucis
739 4803 1028 4872 dedicata,
1079 4803 1238 4874 agris
1298 4807 1357 4859 et
1411 4802 1650 4859 decimis
1697 4805 2004 4876 donatur;
2090 4809 2357 4862 nostrum
2385 4807 2710 4864 Notkerum
2749 4814 3134 4870 revertamur.

1696 4931 1928 4988 VARUE
1985 4931 2382 4992 LECTIONES.

449 5044 521 5111 σιξ
549 5035 690 5093 deest
727 5039 780 5094 3.
813 5039 869 5093 4.
979 5035 1394 5111 marmipotis
1445 5039 1495 5094 1.
1545 5037 1598 5094 2.
1651 5042 1704 5093 3.
1823 5045 1894 5080 ουτ
1944 5037 2182 5111 caperit
2224 5045 2275 5094 1.
2307 5044 2362 5099 2.

377 5114 451 5149 οιο
477 5106 618 5162 deest
640 5112 692 5167 1.
721 5111 776 5164 2.
812 5111 866 5166 3.
976 5115 1046 5150 οιι
1067 5106 1268 5162 interit
1291 5112 1338 5162 1.
1359 5112 1414 5164 2.
1435 5111 1488 5164 3.
1605 5116 1676 5150 Μ
1705 5106 2208 5165 consummaretur
2234 5112 2289 5166 4.

375 5179 651 5235 omissum.
728 5186 800 5222 ⁸4⁸
829 5177 1244 5253 conﬁrmantur
1265 5181 1320 5235 4.
1397 5186 1468 5253 θέα
1481 5178 1788 5235 duodecim
1808 5181 2141 5253 congregati
2162 5183 2214 5250 3,
2243 5183 2299 5236 4.

379 5253 430 5306 1.
473 5265 614 5323 ergo
641 5254 696 5320 2,
729 5253 781 5307 3.
896 5258 969 5294 οη
996 5250 1218 5306 clustris
1249 5253 1300 5320 1,
1331 5253 1388 5318 2,
1419 5252 1473 5306 3.
1587 5258 1659 5293 οδο
1689 5249 1846 5322 quod
1877 5249 1946 5311 4f
2029 5249 2114 5294 *οη
2156 5268 2512 5324 quamquam
2543 5255 2600 5310 4.

2471 5047 2543 5084 οδε
2570 5039 2759 5098 studio
2781 5057 2917 5100 corr.
2951 5041 3084 5100 odio
3107 5049 3156 5100 l.
3268 5053 3342 5088 ’θ’
3373 5045 3448 5102 ab
3485 5052 3536 5104 1.
3562 5051 3614 5104 2.
3638 5049 3686 5101 3.

2399 5118 2470 5154 οη
2511 5120 2582 5154 9“
2613 5114 2734 5184 ejus
2769 5119 2817 5172 1.
2849 5117 2898 5197 2.
2933 5119 3133 5238 3.dpost
3159 5131 3342 5176 vocem
3371 5117 3549 5200 dolus
3563 5115 3688 5188 falso

2411 5189 2482 5224 9‘7
2501 5182 2636 5238 deest
2655 5188 2709 5238 2.
2726 5183 2956 5238 Omnino
3015 5187 3158 5238 iﬁ'ert
3185 5186 3286 5238 0h-
3401 5197 3475 5232 9η
3502 5205 3572 5238 εει·
3597 5192 3647 5238 .4.
3664 5197 3688 5238 ι

2411 5189 2482 5224 N7
2501 5182 2709 5241 deesi2.
2726 5183 2956 5239 Omnino
2977 5182 3158 5257 differt
3185 5186 3286 5248 Ch.
3401 5197 3475 5232 9η
3502 5182 3572 5244 sic
3597 5192 3647 5244 4.
3664 5197 3688 5240 Β

2411 5269 2512 5308 11111
2543 5255 2600 5310 4.
2711 5263 2784 5299 9⁸³
2807 5255 2960 5328 quod
2993 5259 3054 5312 4.

1916 5417 2146 5477 NOTJE.

442 5519 1026 5586 (457)Monasterium
1055 5521 1114 5578 S.
1155 5520 1395 5580 Joannis
1425 5519 1485 5579 in
1535 5524 1728 5580 Insula
1765 5523 1988 5580 noviter

371 5593 525 5668 ante
539 5590 1249 5668 civitatechopstructum
1259 5593 1320 5648 in
1337 5594 1642 5668 privilegio
1657 5595 1882 5652 Ottouis
1892 5595 1986 5668 lll,

375 5658 469 5730 die
497 5662 532 5720 9
551 5659 734 5732 April.
751 5663 879 5732 997,
909 5661 1046 5718 dato
1089 5663 1303 5734 tegitur
1321 5658 1681 5739 ;'Chap€av.,
1714 5669 1759 5735 Ι,
1787 5669 1924 5742 210..

2163 5523 2314 5602 (458)
2345 5528 2513 5602 Anno
2572 5530 2848 5602 98730.3.
2889 5527 3137 5602 Romam
3181 5528 3293 5590 iter
3347 5533 3505 5594 fecit.
3539 5540 3684 5594 Ann.

2083 5595 2390 5724 i[gaudens
2421 5597 2595 5669 Mon.,
2627 5599 2714 5660 ιν.
2751 5595 2865 5658 (λῖν.
2891 5602 3016 5658 Vita
3040 5601 3099 5661 S.
3154 5605 3480 5680 Adalberti,
3519 5625 3568 5667 c.
3596 5613 3680 5679 22,
