3902 6210
195 448 346 504 1093

444 607 540 661 29.
571 602 685 671 Qui
696 611 747 659 et
771 603 952 676 quales
975 601 1068 658 sub
1089 619 1147 658 eo
1171 601 1463 657 coaluerint
1493 609 1584 656 ου.

1061 433 1622 512 ANSELMICESI‘A
1665 429 2150 497 EPISCOPORUM
2189 441 2671 500 LEODIENSIUM.

3385 453 3522 512 1094

1840 566 1896 626 Α
1918 563 2168 619 Boemia
2188 563 2476 621 civitatem
2497 565 2887 633 transmissus,
2930 582 3061 623 cum
3095 571 3377 628 nonnulla
3403 573 3507 629 ibi-

1922 650 2054 705 dem
2086 650 2421 708 Christiana
2451 653 2753 725 religionis
2782 655 3132 712 documenta
3157 657 3424 728 dedisset,
3446 663 3519 718 ad

273 747 422 802 Cum
443 746 517 800 ad
539 746 824 800 honorem
859 743 1126 799 acclesia
1153 761 1266 798 sua
1296 748 1413 797 tam
1441 743 1820 813 diligenteret
1922 755 2026 792 nos
2050 755 2181 794 cum
2215 741 2466 796 maximo
2493 743 2714 797 honore
2746 744 3208 800 remeavit.Multi
3235 753 3519 818 praterea

196 836 493 906 ingenuos
507 837 564 887 et
577 849 676 888 eos
695 832 792 904 qui
813 835 1003 887 essent
1017 849 1084 886 ex
1097 831 1254 886 ﬁdeli
1277 830 1501 885 familia
1523 830 1789 884 acclesia
1801 870 1817 896 ,

196 938 455 994 quorum
475 921 785 975 nonnullos
815 936 946 992 sepe
987 937 1021 974 a
1053 919 1487 990 pragnantibus
1518 919 1692 972 etiam
1723 934 1816 971 ex-

197 1009 551 1081 postulasset
572 1007 874 1074 matribus,
910 1011 1028 1062 tam
1053 1007 1366 1078 diligenter
1413 1006 1650 1061 alendos
1698 1020 1818 1059 esse

199 1100 488 1161 censeret,
511 1099 648 1150 tunc
663 1094 905 1149 aliarum
924 1093 1332 1149 nichilominus
1366 1092 1512 1147 filios
1535 1091 1817 1147 acclesia-

199 1199 364 1252 rum,
382 1184 480 1254 qui
497 1183 605 1237 sibi
620 1181 932 1237 astudiosis
951 1178 1820 1248 committerenturcoepiscopis

201 1273 321 1328 sive
371 1271 730 1343 parentibus,
771 1273 1067 1341 gratanter
1121 1268 1483 1341 suscipiebat.
1546 1267 1817 1338 Multique

201 1362 436 1414 tantam
458 1359 609 1430 apud
629 1373 762 1412 eum
782 1359 899 1412 Deo
923 1358 1180 1412 donante
1199 1357 1439 1411 assecuti
1467 1357 1598 1408 sunt
1628 1354 1814 1424 perfe-

205 1445 491 1514 ctionem,
516 1449 579 1499 ut
609 1445 804 1500 idonei
829 1447 1082 1502 rectores
1115 1445 1320 1498 fierent
1350 1443 1698 1498 animarum.
1743 1444 1818 1496 Ex

205 1533 321 1588 illis
340 1533 498 1588 enim
533 1533 730 1588 multa
766 1533 1035 1588 acclesia
1066 1548 1124 1586 se
1154 1531 1360 1602 gavisa
1399 1534 1532 1585 sunt
1561 1533 1820 1603 pastores

203 1622 446 1688 habere,
473 1637 720 1693 quarum
768 1620 1202 1691 Salzburgensis
1239 1618 1499 1674 acclesia
1527 1618 1817 1688 archiepio

205 1725 449 1782 scopum
473 1708 724 1764 habebat
752 1712 1094 1775 Gunterum,
1112 1707 1538 1762 Cameracensis
1568 1707 1709 1760 duos
1736 1706 1818 1759 al-

207 1802 406 1853 terum
463 1797 628 1852 alteri
669 1797 1094 1862 succedentem,
1147 1795 1545 1850 Ruothardum
1579 1796 1732 1866 (459)
1762 1797 1820 1848 et

1919 831 2024 882 sub
2049 833 2211 884 tanto
2245 834 2405 901 patre
2442 832 2701 898 enutriti,
2741 833 3025 904 religione
3061 838 3119 888 et
3149 836 3348 891 studiis
3380 839 3520 896 libe-

1919 917 2131 971 ralibus
2153 917 2375 972 diversa
2402 919 2757 974 illustravere
2792 922 2938 987 loca,
2967 939 3098 976 cum
3124 923 3178 977 in
3197 942 3298 980 suo
3312 934 3383 968 9"
3397 929 3520 1000 qui-

1921 1003 2054 1058 dem
2069 1005 2193 1059 loco
2211 1005 2467 1078 quicquit
2480 1007 2659 1062 ubivis
2671 1008 2841 1062 studii
2858 1011 2942 1063 vel
2957 1011 3251 1082 religionis
3272 1015 3524 1083 esset,vi-

1921 1107 2058 1161 gere
2089 1092 2532 1150 adlaboraverit.
2556 1095 2712 1149 Idem
2747 1097 3016 1166 prudenti
3045 1101 3281 1157 consilio
3302 1105 3521 1175 pradia

1921 1181 2192 1234 acclesia
2213 1181 2269 1234 in
2291 1184 2406 1236 tres
2419 1191 2490 1224 οοο
2511 1199 2706 1254 aquas
2721 1184 3026 1255 porciones
3041 1187 3244 1257 divisit,
3273 1207 3517 1262 quarum

1924 1283 2099 1322 unam
2113 1267 2228 1322 suis
2250 1271 2308 1322 et
2343 1286 2733 1325 successorum
2769 1271 2980 1339 usibus,
3014 1275 3256 1332 alteram
3270 1279 3387 1334 Deo
3400 1299 3517 1337 ser-

1920 1353 2205 1410 vientibus
2235 1372 2338 1427 per
2376 1357 2656 1413 acclesias
2677 1361 2733 1412 et
2753 1363 3238 1430 permonasteria,
3279 1367 3517 1423 terciam

1919 1441 2007 1496 his
2033 1444 2129 1514 qui
2169 1445 2444 1502 miliciam
2474 1450 2812 1501 exercerent
2853 1449 3150 1504 concessit.
3203 1451 3516 1526 Iultosque

1919 1531 2141 1586 consilii
2168 1536 2226 1586 et
2255 1533 2543 1588 bonarum
2575 1534 2793 1588 arcium
2806 1535 3370 1595 studiisinformatos
3389 1541 3519 1598 vita

1920 1623 1979 1672 et
2007 1620 2352 1675 moralitatis
2371 1639 2487 1676 sua
2518 1621 2839 1676 imitatores
2862 1624 3119 1695 reliquit,
3148 1626 3246 1697 qui
3277 1645 3419 1701 quas
3449 1640 3518 1674 οιι

1919 1705 2110 1760 videre
2137 1707 2350 1762 noticia
2382 1708 2792 1779 discipulorum
2828 1710 2898 1764 de
2929 1713 3190 1783 magistri
3231 1716 3522 1788 elegantia

1921 1809 2293 1866 nequaquam
2323 1795 2462 1848 sinit
2488 1795 2772 1850 dubitare.

218 1885 570 1941 Eclewinum
596 1894 666 1927 ιιι
693 1887 842 1954 (460)
872 1884 1266 1938 Wirdunensis
1297 1883 1660 1948 Heimonem,
1685 1882 1819 1935 Tul-
1840 1873 1891 1932 Β
1993 1881 2244 1948 30.0uod
2256 1883 2908 1952 milis/uerithumilibus,
2925 1889 3172 1943 terribilis
3191 1895 3446 1964 superbis.

206 1974 390 2029 lensis
415 1973 778 2039 Hezelonem,
802 1971 1178 2043 Trajectensis
1203 1971 1588 2037 Adeboldum,
1619 1971 1753 2025 licet
1784 1989 1818 2026 a

208 2061 411 2117 multis
435 2065 724 2133 praterea
752 2077 868 2115 non
887 2060 1188 2132 episc0pis,
1209 2059 1306 2131 qui
1332 2059 1593 2114 similiter
1618 2060 1720 2113 sub
1749 2076 1816 2115 eo

209 2150 584 2216 coaluissent,
603 2149 1048 2220 quamplurima:
1075 2151 1344 2202 correcta
1372 2151 1506 2200 sunt
1522 2148 1813 2203 acclesia.

207 2239 287 2292 Ex
306 2237 513 2309 quibus
527 2235 830 2292 Durandus
846 2245 1046 2307 postea
1065 2239 1260 2289 noster
1278 2235 1576 2307 episcopus
1602 2237 1818 2291 Baven-

205 2325 555 2396 bergensem
585 2332 657 2366 9³⁵
687 2324 1003 2378 acclesiam
1031 2322 1326 2393 religionis
1355 2326 1413 2377 et
1434 2323 1656 2378 arcium
1680 2324 1818 2379 libe-

206 2413 423 2470 ralium
441 2411 575 2466 disci
583 2410 1074 2484 plinaillustravit,
1091 2410 1358 2465 Otbertus
1374 2427 1504 2464 cum
1529 2411 1816 2482 aliquibus

206 2502 340 2558 aliis
365 2518 559 2556 secum
579 2501 715 2556 hinc
738 2499 999 2555 abductis
1012 2499 1188 2554 vitam
1201 2500 1555 2571 Aquensium
1575 2501 1815 2556 clerico-

206 2606 367 2656 rum,
394 2589 744 2660 perneciosa
769 2588 1038 2659 contagio
1075 2588 1319 2643 licentia
1346 2592 1501 2644 retro
1534 2589 1813 2661 deprava-

205 2682 357 2746 tam,
377 2677 451 2732 ad
464 2680 722 2732 sanctam
734 2675 1048 2748 religionis,
1067 2676 1123 2731 in
1143 2680 1425 2746 quantum
1443 2677 1650 2748 potuit,
1675 2695 1809 2734 nor-

209 2782 377 2822 mam
402 2765 678 2820 reducere
699 2763 918 2819 studuit
936 2772 1027 2817 m.
1061 2763 1207 2828 Quid
1237 2764 1423 2818 dicam
1449 2765 1518 2819 de
1532 2766 1813 2837 llupaldo,

209 2855 334 2927 qui,
362 2854 501 2909 dum
533 2853 992 2909 adolescentulus
1026 2868 1060 2907 a
1105 2852 1308 2906 scolari
1343 2852 1643 2925 disciplina
1683 2856 1818 2910 hinc

210 2941 553 3013 aufugisset,
583 2939 829 2995 Parisius
857 2939 1034 3007 venit,
1066 2939 1355 2994 canonicis
1382 2943 1594 2995 sancta
1633 2942 1817 2998 Geno-

208 3029 356 3085 vefa
376 3029 613 3098 virginis
646 3027 890 3095 adhesit,
919 3027 978 3082 in
999 3027 1156 3082 brevi
1188 3027 1370 3083 multo
1402 3028 1708 3084 scolarium
1729 3031 1819 3085 in-

209 3118 462 3208 strurit?
494 3117 595 3171 Ubi
623 3132 755 3208 cum
783 3115 1138 3208 aliquamdiu
1181 3121 1529 3184 moraretur,
1584 3117 1818 3174 interim
1843 3149 1890 3208 Ο

209 3206 479 3261 videlicet
491 3221 624 3260 cum
641 3220 675 3258 a
689 3204 905 3259 domno
925 3204 1180 3259 Notkero
1199 3205 1467 3277 episcopo
1484 3205 1820 3276 nesciretur,

211 3292 459 3349 tandem
489 3291 768 3348 canonica
795 3292 1133 3362 episcopalis
1163 3293 1464 3347 sententia
1485 3295 1822 3350 executione

213 3382 548 3453 compulsus
569 3385 656 3436 est
684 3379 906 3448 redire;
959 3380 1364 3452 digressusque
1419 3381 1575 3448 inde,
1626 3399 1823 3453 prose-

215 3470 526 3544 quentibus
541 3486 676 3525 eum
691 3485 824 3524 cum
840 3469 1021 3524 multo
1045 3470 1183 3522 fletu
1217 3468 1414 3522 amicis
1435 3469 1495 3522 in
1526 3469 1684 3524 brevi
1717 3470 1825 3527 sibi

215 3558 559 3625 conciliatis,
576 3556 750 3612 studii
771 3564 841 3599 957
860 3559 918 3610 et
939 3555 1283 3611 moralitatis
1301 3557 1581 3612 nonnulla
1606 3557 1823 3613 ibidem

216 3647 455 3719 reliquit
483 3645 739 3716 vestigia.
774 3643 1030 3714 Contigit
1059 3646 1255 3698 autem
1311 3659 1428 3698 non
1485 3646 1670 3700 multo
1699 3649 1828 3716 post

220 3735 538 3790 Notkerum
561 3732 918 3804 episcopum,
943 3730 1355 3786 utconciliaret
1369 3731 1656 3786 amicicias
1677 3733 1830 3788 inter

222 3823 584 3896 Ruopertum
617 3823 966 3876 Francorum
987 3836 1188 3892 regem
1215 3823 1273 3874 et
1290 3819 1704 3890 imperatorem
1724 3837 1832 3876 no-

223 3915 410 3966 strum
431 3909 756 3965 Heinricum
789 3908 1034 3964 Parisius
1068 3906 1335 3962 devenire
1378 3907 1554 3980 (461),
1606 3925 1736 3964 cum
1761 3918 1832 3953 οη

226 4003 550 4056 memorate
563 3998 746 4053 beata
763 3994 1066 4052 Genovefa
1078 3992 1310 4066 virginis
1327 3994 1588 4051 canonici
1603 3996 1675 4053 ad
1697 4015 1830 4054 eum

228 4086 597 4144 devotissime
645 4088 1083 4152 concurrerunt,
1112 4083 1439 4140 humillime
1476 4089 1739 4156 petentes
1772 4089 1834 4141 ut

227 4175 289 4232 in
319 4193 474 4232 anno
495 4192 600 4247 per
622 4190 801 4229 unum
830 4189 1092 4228 mensem
1128 4172 1384 4228 Hubaldo
1412 4177 1550 4243 aput
1579 4191 1676 4228 eos
1709 4191 1835 4230 ma-

227 4264 407 4319 nendi
429 4263 594 4335 copia
619 4262 873 4318 daretur.
901 4261 1207 4332 Episcopus
1220 4263 1415 4314 autem
1437 4261 1660 4316 bonum
1673 4264 1834 4318 testi-

227 4353 498 4410 monium
526 4352 597 4407 de
627 4349 1066 4406 conversatione
1083 4349 1349 4405 canonici
1367 4350 1620 4420 gratanti
1638 4351 1833 4408 animo

229 4441 541 4513 accipiens,
571 4439 680 4494 illis
708 4439 967 4511 quidem,
999 4441 1063 4493 ut
1089 4439 1136 4493 si
1167 4453 1299 4492 cum
1333 4437 1414 4492 eis
1451 4441 1569 4493 tres
1608 4456 1836 4498 menses

1992 1969 2123 2024 Erat
2150 1970 2308 2024 enim
2339 1970 2691 2041 pauperibus
2721 1973 2897 2040 mitis,
2929 1978 3210 2046 superbis,
3245 1981 3519 2041 divitibus

1919 2056 2392 2124 terribilis,bonis
2418 2057 2738 2130 quibusque
2751 2066 3104 2130 mansuetus,
3124 2064 3334 2138 iniquis
3361 2074 3420 2124 et
3434 2071 3520 2126 fa-

1918 2144 2108 2200 ctiosis
2120 2145 3522 2225 hominibusmetuendus,potentibusvenerabilis,

1917 2233 2305 2288 mediocribus
2325 2232 2610 2299 amabilis,
2643 2233 3011 2290 admirabilis
3035 2238 3408 2310 sapientibus,
3442 2245 3524 2299 in-

1917 2320 2102 2375 doctis
2125 2320 2384 2376 eruditor
2411 2321 2916 2390 clementissimus,
2947 2340 3156 2380 senum
3202 2331 3374 2400 atque
3423 2331 3525 2386 de-

1917 2407 2118 2462 bilium
2149 2408 2404 2473 baculus,
2431 2408 2709 2478 juvenum
2742 2412 2800 2463 et
2829 2410 3287 2470 adolescentium
3327 2433 3517 2474 corre-

1915 2499 2038 2550 ctor
2068 2495 2375 2562 studiosus,
2401 2495 2670 2566 providus
2692 2497 2750 2551 in
2773 2498 3033 2566 consilio,
3069 2501 3522 2577 circumspectus

1914 2597 1973 2650 in
2003 2585 2176 2651 facto,
2222 2585 2407 2638 clarus
2439 2585 2498 2638 in
2536 2585 2789 2656 eloquio,
2837 2585 3120 2644 discretus
3149 2591 3209 2645 in
3246 2593 3473 2650 silentio
3506 2615 3522 2667 ;

1914 2689 2088 2746 quem
2111 2671 2326 2727 summi
2370 2688 2659 2742 proceres,
2715 2674 2976 2741 antistes,
3043 2677 3198 2748 dico,
3248 2681 3526 2741 Romana

1917 2763 2094 2828 urbis,
2127 2760 2458 2833 pariterque
2489 2759 2830 2832 imperator,
2882 2766 3047 2819 tanto
3080 2765 3303 2824 honore
3351 2771 3525 2828 duxe-

1919 2853 2055 2905 runt
2077 2859 2146 2892 96!
2170 2852 2232 2904 ut
2260 2850 2404 2904 alter
2429 2865 2656 2916 eorum,
2709 2866 2860 2922 papa
2889 2852 3172 2924 videlicet,
3206 2856 3266 2911 in
3298 2858 3528 2934 diccep-

1922 2937 2235 2994 tationibus
2263 2940 2573 3010 prasulum
2597 2937 3019 3009 Cisalpinorum
3045 2943 3166 2998 vice
3185 2961 3287 3001 sua
3313 2964 3524 3021 seque-

1923 3031 2106 3080 strum
2133 3026 2301 3097 (462),
2333 3042 2466 3096 sepe
2491 3042 2613 3081 esse
2645 3026 2901 3096 jusserit,
2943 3029 3262 3102 imperator
3291 3052 3428 3092 vero
3461 3039 3520 3094 in

1924 3113 2294 3182 disponendis
2344 3113 2508 3184 regni
2538 3116 2786 3186 negotiis
2815 3116 3074 3186 primum
3099 3120 3391 3181 habuerit.
3425 3127 3524 3182 Hic

1926 3200 2072 3254 tanti
2107 3200 2330 3254 habitus
2383 3201 2752 3270 extrinsecus,
2800 3205 2926 3259 talis
2973 3212 3098 3262 erat
3127 3209 3396 3281 interius,
3424 3216 3525 3286 qui

1927 3305 2247 3360 numquam
2276 3304 2382 3342 nec
2412 3289 2470 3342 in
2496 3305 2555 3343 se
2582 3297 2652 3331 "8
2682 3307 2788 3346 nec
2819 3292 2878 3346 in
2911 3294 3036 3349 aliis
3057 3297 3400 3355 familiarius
3420 3303 3527 3360 sibi

1927 3376 2336 3432 adherentibus
2351 3376 2569 3446 torpori
2585 3377 2776 3433 locum
2796 3397 2918 3435 esse
2951 3383 3215 3454 voluerit,
3249 3388 3384 3444 dum
3407 3390 3528 3462 ipse

1928 3481 2060 3520 cum
2091 3464 2311 3520 clericis
2341 3465 3148 3538 evolvendisatqueiterandis
3161 3475 3366 3532 divina
3381 3479 3529 3534 Scri-

1930 3557 2113 3627 ptura
2141 3552 2366 3624 paginis
2395 3552 2810 3623 jocundissime
2837 3555 3117 3630 intentus,
3147 3561 3318 3618 laicos
3348 3565 3532 3622 nichi-

1931 3642 2184 3697 lomiuus
2213 3642 2628 3710 adolescentes,
2657 3643 2862 3714 quibus
2888 3646 3111 3700 alendis
3144 3666 3246 3704 sua
3269 3668 3532 3712 seorsum

1932 3737 2058 3786 erat
2081 3731 2402 3802 disciplina,
2437 3731 2594 3786 atati
2617 3732 2872 3787 etordini
2892 3751 2994 3789 suo
3018 3738 3287 3808 congruis
3317 3742 3535 3800 artibus

1932 3820 2310 3892 inplicaverit.
2337 3819 2434 3874 His
2455 3822 2512 3874 et
2542 3819 2748 3874 talibus
2775 3819 3042 3877 insistens
3067 3825 3358 3882 laboribus
3367 3833 3535 3900 pater

1933 3908 2317 3976 venerandus,
2377 3910 2443 3964 36
2498 3907 3047 3981 inreprehensibiter
3095 3914 3153 3969 in
3199 3916 3533 3990 episcopatu

1935 3998 2124 4068 exegit
2149 4013 2333 4052 annos
2356 3998 2529 4070 (463),
2561 4003 2680 4062 (an.
2716 4001 2872 4067 1008,
2900 4017 3024 4072 αρν.
3071 4005 3154 4074 10)
3205 4007 3535 4080 multosque

1935 4101 2304 4157 nequaquam
2323 4101 2356 4140 a
2377 4085 2676 4141 nobilitate
2694 4087 3117 4159 suadegeneres
3133 4091 3535 4165 reliquitfllios.

1937 4173 2196 4236 Quorum
2225 4175 2534 4230 nonnullos
2578 4192 2684 4230 nos
2719 4175 2924 4232 vidisse
2961 4181 3356 4251 meminimus,
3387 4183 3541 4242 inter

1937 4278 2082 4333 quos
2098 4262 2206 4332 pia
2222 4264 2521 4318 memoria
2539 4263 2788 4320 domnus
2820 4268 2986 4323 Wazo
3017 4270 3170 4324 velut
3209 4271 3431 4329 Lucifer
3449 4275 3538 4333 in-

1938 4353 2025 4405 ter
2036 4350 2291 4406 minores
2301 4352 2493 4407 stellas
2506 4351 2733 4408 enituit.
2770 4353 2876 4418 Qui
2891 4371 3024 4412 cum
3047 4358 3105 4414 in
3133 4358 3306 4432 ipsius
3320 4365 3541 4434 capella

1935 4439 2128 4512 primo
2146 4438 2381 4511 quidem
2425 4439 2703 4494 minimus
2729 4445 2788 4496 et
2812 4441 2932 4497 fere
2965 4446 3224 4516 abjectus
3251 4449 3537 4509 librorum

224 4528 446 4586 morari
480 4528 670 4594 vellet,
705 4528 858 4582 ultro
909 4525 1210 4593 concessit,
1267 4525 1431 4580 illum
1473 4530 1667 4582 autem
1723 4529 1834 4586 huc
1936 4527 2219 4585 abbacim
2241 4543 2352 4600 que
2377 4529 3538 4611 geruluscoaluerit,succedentepaulala-

225 4619 458 4676 rediens
478 4615 667 4689 gratia
705 4619 763 4670 et
801 4613 967 4670 donis
1010 4617 1404 4684 muneratum,
1449 4615 1524 4670 ad
1562 4615 1832 4674 virtutem
1935 4619 2041 4674 tim
2063 4616 2535 4688 valentisingenii
2559 4634 2887 4689 progressu,
2906 4622 3146 4678 tandem
3162 4627 3236 4681 ad
3253 4630 3541 4701 regendas

227 4705 477 4780 amplius
507 4703 788 4761 accendit.
809 4702 916 4766 Qui
931 4706 1131 4776 postea
1159 4702 1262 4758 sub
1291 4703 1549 4759 Baldrico
1581 4705 1832 4780 Pragam
1934 4706 2170 4778 majoris
2206 4714 2278 4748 9“
2320 4704 2587 4761 acclesia
2637 4708 2838 4775 scolas,
2874 4707 2996 4778 ipso
3033 4710 3252 4770 domno
3286 4717 3538 4775 Rothero

1541 4829 1770 4886 VARUE
1816 4830 2214 4889 LECTIONES.

301 4913 375 4986 σεξ
575 4915 763 4986 pauca.
783 4898 968 4986 ᾱςςιίης
1171 4973 1182 4986 ι
1212 4905 1284 4986 ομ
1308 4898 1643 4986 llerluinurn
1670 4903 1759 4986 4.Λ
1819 4911 1907 4986 *οη
1934 4903 2483 4986 hanimbergensem
2514 4907 2546 4960 2
2577 4903 2918 4986 baumberg.
2987 4908 3017 4960 3
3063 4907 3434 4986 Bamveberg.
3489 4921 3549 4978 4,

231 4985 304 5020 ⁸⁸⁸
331 4975 470 5057 (ζεεεε
504 4977 553 5054 ο
575 4971 596 5057 θ’
630 4979 699 5057 f"
714 4971 990 5057 ftq‘dUiAt:
1065 4977 1138 5050 9⁸⁸
1169 4973 1291 5057 tum
1312 4973 1366 5026 4.
1388 4979 1538 5057 --ξιιοὶ
1562 4972 1684 5052 solo
1715 4977 1784 5057 .2,
1817 4978 1906 5057 3‘.“
1980 4982 2054 5056 ηεξ
2106 4971 2333 5057 ει’‹;.Λ4.⁵
2364 4977 2428 5028 ut
2480 4990 2595 5033 ves.
2650 4979 2700 5045 1,
2759 4980 2813 5041 2,
2846 4971 2898 5030 3'.
3012 4986 3080 5020 θαι
3147 4996 3292 5050 quos
3344 4971 3441 5057 (ιῖιί

229 5057 304 5094 m
333 5043 606 5103 duxerint
630 5046 682 5113 1,
714 5046 768 5110 2,
793 5044 845 5098 3.
921 5049 992 5084 ὀδ
1022 5040 1142 5096 uise
1178 5045 1225 5096 1.
1258 5044 1311 5098 2.
1388 5049 1458 5084 θοι
1489 5041 1678 5097 abacis
1706 5040 1776 5100 4.
1837 5053 1908 5090 ’σε
1939 5045 2190 5117 majores
2217 5048 2273 5103 2.
2304 5049 2358 5100 3.

1794 5174 2030 5326 NOTfSIi:
2064 5245 2520 5326 Bernwardihc.
2564 5246 2624 5300 41
2663 5247 2720 5298 et
2743 5243 2879 5302 Hist.
2911 5246 2972 5303 S.
3011 5245 3304 5304 Laurentii
3344 5250 3548 5325 Leod.,

1944 5316 2056 5372 Vit.
2081 5317 2278 5386 Norg.,
2307 5333 2356 5370 c.
2394 5319 2480 5370 10.

533 5461 543 5472 ι
668 5460 682 5472 _
731 5459 782 5472 Η
981 5461 992 5472 1
1161 5462 1170 5472 ι
1334 5459 1368 5472 η
1501 5459 1511 5470 .
1677 5459 1692 5472 ἱ
1746 5457 1756 5469 .
1832 5384 1836 5385 “
2017 5384 2348 5472 (462Πςξθιη
2387 5384 2541 5472 quod
2571 5386 2760 5472 Papia
2781 5395 3014 5472 equester
3032 5389 3118 5444 vel
3154 5399 3409 5472 sequester
3453 5400 3553 5468 qui

302 5461 455 5536 (461)
488 5461 624 5540 Sine
645 5459 823 5540 dubio
862 5461 1033 5540 paulo
1077 5462 1214 5540 ante
1245 5457 1848 5540 colloquiumabim-
1946 5456 2586 5540 σεντιιγηὶῃίὸαελτῂριίίτιε¹
2619 5456 2929 5540 intervenit,
2967 5477 3067 5532 per
3098 5456 3254 5532 quain
3315 5456 3551 5540 utraéuc

224 5527 512 5609 peratorei
545 5535 616 5609 _et
643 5527 918 5609 Botberto
938 5547 1102 5609 -rege
1119 5531 1216 5609 _ad
1243 5527 1490 5609 Mosam“
1517 5531 1846 5609 institutum
1936 5545 2067 5609 pars
2081 5527 2464 5609 “rfctam‘ﬁdem
2483 5533 2730 5609 sectatur.

224 5598 382 5664 anno
418 5606 590 5672 1006;
625 5603 701 5674 de
723 5618 835 5674 quo
869 5601 994 5674 vide
1018 5598 1276 5674 diploma
1307 5599 1603 5674 gabillon.
1634 5602 1847 5674 Annal.
1936 5598 1961 5674 ί
2021 5599 2246 5674 (403)1ῃ
2270 5598 2362 5674 die
2388 5598 2657 5674 inm-ys”
2677 5600 2760 5674 {Ad}
2782 5601 2961 5672 April.
2985 5607 3549 5674 consonantNec-ro_

224 5679 356 5740 0rd.
390 5677 455 5736 S.
489 5668 810 5746 Benedicti,
845 5672 933 5742 IV,
969 5668 1099 5743 185‘;
1144 5671 1248 5726 cfr.
1306 5670 1672 5746 Thnagmari
1721 5673 1852 5730 Vita
1947 5668 2261 5748 log.Leod.
2282 5673 2341 5729 et
2366 5668 2646 5752 Egidius,
2677 5668 3352 5758 Ciniiunalﬂuedlimb.

303 5248 448 5320 (459)
483 5246 699 5320 Chron.
731 5245 1025 5303 Camerac.
1049 5245 1092 5315 Ι,
1130 5247 1252 5320 101.

232 5393 255 5446 1
307 5315 455 5448 (ﬁt?)
493 5319 866 5375 Leodiensem
897 5321 1069 5373 antea
1113 5317 1615 5374 archidiaconum.
1677 5315 1845 5385 lbid.,

261 5434 276 5462 1
418 5433 438 5462 ’ν
499 5461 542 5462 ,,
669 5460 681 5462 A
732 5461 741 5462 κ
773 5459 781 5462 Α
983 5461 990 5462 ,
1334 5459 1368 5462 _-
1502 5459 1510 5462 -
1677 5459 1691 5462 _
1746 5457 1755 5462 .
