3902 6210
169 479 313 534 4097

1066 469 1361 528 ANSELMI
1387 470 1610 528 GESTA
1637 469 2127 529 EPISCOPOBUM
2151 469 2648 530 LEODIENSUMJ

3366 476 3500 535 1098

169 611 237 649 ra
267 599 330 650 te
353 601 432 640 θἰι
460 596 525 649 ut
553 591 843 649 credimus
870 591 1010 658 Deo,
1043 590 1176 645 huic
1205 591 1375 646 beato
1397 591 1515 646 viro
1547 607 1652 647 nec
1684 591 1805 664 opi-
1827 594 1884 655 Α
1907 592 2028 662 ejus
2054 591 2268 662 frigore
2315 595 2372 646 et
2401 589 2624 662 glaciali
2661 589 2886 645 viarum
2915 590 3224 662 asperitate
3273 593 3505 650 adustas

170 684 364 750 nanti,
399 685 586 738 immo
640 679 1002 738 amarissime
1046 680 1228 747 ﬂenti,
1257 681 1517 752 ejusdem
1564 681 1801 752 regendi

175 787 417 826 securus
477 787 676 825 curam
735 767 1048 824 committit
1093 771 1204 836 (an.
1259 772 1462 840 lOl8.).
1532 771 1594 823 In
1645 770 1803 840 cujus

176 860 464 916 nimirum
516 859 729 930 gradus
770 857 1020 916 culmine
1061 858 1141 911 nil
1189 858 1260 912 de
1312 857 1521 927 prioris
1563 865 1634 900 οτι
1671 858 1801 912 vitae

176 950 334 1002 statu
387 947 713 1012 remittere,
765 946 946 1000 immo
1002 945 1194 1017 rigore
1252 945 1552 1000 intentiori
1595 961 1801 1016 corpus

175 1035 392 1090 institit
441 1036 742 1102 edomare,
773 1051 868 1100 ne,
897 1039 957 1088 ut
984 1033 1063 1089 ait
1095 1034 1406 1105 apostolus,
1439 1033 1562 1088 aliis
1592 1033 1799 1104 praedi-

178 1140 323 1179 cans
351 1124 473 1195 ipse
500 1123 782 1194 reprobus
806 1121 1132 1176 efﬁceretur
1162 1121 1218 1191 (Ι
1243 1120 1367 1177 Cor.
1402 1138 1476 1187 ix,
1506 1123 1624 1192 27.)
1656 1121 1799 1176 Nam

179 1216 403 1283 praeter
434 1211 819 1266 certissimam
860 1226 974 1282 qua
1003 1209 1106 1264 sub
1137 1209 1316 1263 oculis
1343 1208 1576 1280 superni
1607 1208 1797 1280 inspe-

173 1301 359 1356 ctoris
387 1308 460 1343 ’τε
486 1299 700 1355 afﬂicto
741 1298 969 1370 corpori
1017 1298 1368 1370 inperitabat
1411 1298 1796 1368 disciplinam,

173 1389 543 1460 jejuniorum
573 1392 632 1442 et
655 1387 979 1459 vigiliarum
1021 1386 1271 1459 impiger
1295 1391 1566 1441 executor
1590 1387 1796 1444 extitit.

185 1478 274 1531 Nil
302 1477 388 1532 illi
419 1476 637 1532 dulcius
660 1479 804 1542 erat,
829 1491 1006 1547 quam
1037 1476 1082 1530 si
1111 1476 1202 1529 cui
1231 1483 1301 1517 977
1326 1475 1526 1530 itidem
1546 1483 1616 1517 979
1640 1474 1799 1529 cordi

183 1567 340 1620 esset
364 1565 700 1635 explorare;
737 1580 984 1635 quorum
1027 1564 1249 1635 aliquos
1271 1563 1314 1618 si
1343 1564 1576 1635 quando
1599 1570 1670 1605 979
1702 1566 1800 1617 aut

178 1655 240 1708 in
270 1652 501 1724 angulis
525 1656 619 1706 aut
641 1651 861 1706 circum
893 1651 1094 1706 altaria
1115 1651 1440 1719 invenisset,
1462 1653 1567 1706 hos
1597 1651 1796 1722 magni

177 1740 444 1813 pendere
476 1743 534 1795 et
559 1740 728 1794 donis
753 1740 1041 1794 honorare
1073 1743 1467 1806 consueverat,
1501 1740 1724 1794 nullum
1765 1756 1798 1794 a

175 1845 295 1901 quo
322 1831 506 1884 Deum
535 1828 727 1884 timeri
744 1828 959 1882 sciebat
981 1827 1276 1898 negligere
1291 1836 1386 1895 98°,
1406 1845 1439 1882 a
1469 1845 1582 1899 quo
1603 1831 1796 1882 autem

1902 680 2129 747 viderit,
2161 684 2223 734 ut
2250 697 2313 734 ex
2341 697 2442 733 usu
2471 679 2752 750 ejusmodi
2781 679 3265 736 deambulationis
3278 682 3508 752 sangui-

1903 785 2038 823 nem
2071 769 2141 822 ab
2165 767 2533 822 interioribus
2559 766 2809 822 elicitum
2838 767 2898 821 iu
2929 770 3173 839 utroque
3195 768 3342 840 pede
3367 786 3509 824 con-

1901 860 2078 911 staret
2099 856 2403 911 occaluisse
2419 899 2432 912 .

1903 947 1989 1000 34.
2045 943 2193 1010 Quid
2251 945 2562 1016 placaturus
2627 950 2997 1015 imperatorem
3051 944 3376 1003 Heinrs'cum
3423 946 3511 1014 fc-

2573 1036 2704 1089 cm’t
2740 1042 2832 1088 ⁸⁸⁸.

1971 1124 2188 1177 Iratum
2227 1125 2428 1176 contra
2466 1139 2523 1177 se
2554 1122 2920 1193 imperatoris
2950 1121 3196 1178 Heinrici
3245 1123 3506 1179 animum

1900 1210 2246 1279 placaturus,
2299 1209 2540 1265 consilio
2588 1226 2824 1264 suorum
2856 1210 3218 1281 aliquantum
3250 1211 3508 1282 pecuniae

1897 1301 2283 1366 contraxerat,
2326 1316 2501 1370 quam
2539 1302 2601 1353 ut
2631 1298 2822 1353 eidem
2855 1306 2925 1340 "6
2957 1315 3059 1370 pro
3089 1300 3278 1370 gratia
3297 1301 3419 1371 ejus
3435 1309 3504 1343 οθτ

1900 1385 2151 1453 otl'erret,
2215 1387 2465 1442 Coloniae
2521 1403 2822 1464 occurrere
2883 1387 3301 1442 deliberaverat
3355 1388 3506 1459 (474)

1898 1484 2010 1539 (an.
2047 1474 2224 1545 1020.)
2257 1474 2356 1529 Set
2378 1475 2622 1529 subinde
2669 1478 2989 1530 retractans
3013 1475 3208 1530 animo
3236 1492 3337 1530 cur
3386 1491 3507 1530 non

1897 1563 2093 1633 pocius
2135 1564 2370 1618 daretur
2420 1563 2681 1633 largitori
2725 1563 3013 1631 omnium,
3042 1564 3100 1619 in
3142 1564 3302 1635 cujus
3329 1580 3509 1620 manu

1899 1654 2072 1708 corda
2097 1658 2229 1708 sunt
2259 1669 2462 1722 regum
2495 1667 2508 1707 :
2543 1652 2762 1707 offenso
2798 1654 3075 1708 caelorum
3117 1653 3506 1715 dominatore,

1899 1742 2112 1796 frustra
2131 1745 2428 1795 terrenum
2456 1741 2775 1812 principem
2797 1741 3041 1810 placari;
3069 1741 3324 1812 itemque
3344 1741 3509 1796 Crea-

1899 1833 2024 1885 tore
2041 1830 2287 1900 placato,
2301 1829 2729 1900 quantumlibet
2742 1829 2884 1883 subli
2897 1829 3034 1883 mati
3050 1828 3302 1884 hominis
3319 1828 3507 1884 minas

173 1918 283 1972 Dei
309 1918 554 1972 servitus
579 1916 993 1988 negligeretur,
1014 1917 1223 1971 nullius
1252 1917 1534 1971 momenti
1565 1918 1794 1971 ducere.
1815 1910 1868 1970 B
1899 1918 2195 1973 contemni
2225 1917 2465 1983 debere;
2491 1916 2661 1986 coepit
2678 1915 2800 1986 ipsa
2818 1916 3006 1986 quain
3033 1917 3347 1971 crastinum
3369 1933 3501 1988 pro-

177 2006 640 2071 Eidem,statura
657 2021 920 2075 procero,
939 2021 1056 2059 non
1080 2022 1146 2058 ex
1171 2021 1344 2058 carne
1367 2005 1461 2058 sed
1485 2022 1555 2058 ex
1585 2005 1796 2059 ossium

163 2095 338 2149 .mole
355 2093 697 2148 venerabilis
713 2093 900 2147 inerat
921 2093 1300 2164 corpulentia,
1316 2093 1402 2148 cui
1423 2093 1597 2163 dupla
1621 2109 1797 2165 quam

177 2181 417 2236 cuilibet
448 2181 577 2235 exili
603 2197 845 2252 corpore
889 2180 1125 2234 refectio
1173 2183 1319 2235 esset
1366 2181 1706 2248 necessaria,
1735 2184 1798 2235 ut

175 2270 445 2324 videmus
490 2269 549 2323 in
587 2268 918 2323 hominibus
959 2268 1264 2339 ejusmodi.
1301 2267 1466 2331 Quod
1495 2277 1563 2310 οεί
1597 2272 1796 2326 tamen

179 2374 393 2430 corpus
414 2374 580 2411 suum
606 2356 705 2411 tali
729 2356 1130 2427 magnitudine
1147 2360 1369 2411 vastum
1389 2357 1618 2427 cybario
1646 2373 1796 2428 pane

179 2451 358 2518 atque
386 2445 513 2500 aliis
540 2445 680 2499 cibis
711 2444 1206 2499 communioribus
1226 2446 1398 2515 longe
1420 2445 1560 2500 citra
1589 2445 1798 2500 saturi-

175 2539 368 2591 tatem
389 2542 461 2576 σεε
477 2532 791 2595 reﬁciebat,
816 2537 874 2586 et
897 2532 1150 2588 lauciora
1175 2533 1411 2604 quidem
1439 2538 1497 2588 et
1522 2534 1799 2606 exquisita

175 2640 310 2697 quae
323 2622 433 2677 sibi
457 2624 889 2694 apponerentur
905 2620 1191 2688 manibus,
1207 2638 1272 2675 ac
1284 2621 1328 2676 si
1344 2622 1481 2676 eain
1496 2626 1795 2677 momento

179 2715 335 2767 esset
369 2714 694 2773 voraturus,
722 2712 1105 2776 contrectans,
1140 2709 1315 2765 nichil
1348 2711 1418 2765 de
1457 2711 1544 2765 bis
1572 2711 1678 2766 sibi
1707 2712 1796 2765 in-

181 2802 428 2872 dulgere
441 2799 693 2865 volebat,
708 2799 808 2853 sed
830 2815 925 2853 om
937 2797 1030 2853 nia
1042 2799 1389 2870 pauperibus
1401 2799 1795 2869 distribuebat,

182 2905 242 2943 se
271 2889 566 2960 gulosum,
599 2904 658 2941 se
683 2887 920 2941 edacem
956 2903 1078 2941 esse
1105 2903 1394 2954 accusans,
1428 2888 1525 2959 qui
1551 2889 1798 2944 necdum

183 2980 509 3034 multorum
519 2976 963 3032 velsecularium
985 2975 1324 3046 parcitatem
1347 2977 1567 3049 assequi
1586 2981 1799 3049 posset,

184 3068 340 3134 licet,
391 3071 456 3121 ut
501 3066 722 3120 dictum
757 3070 862 3132 est,
893 3066 1063 3136 longe
1095 3066 1286 3120 minus
1317 3082 1492 3138 quam
1535 3067 1799 3121 inmenso

183 3164 257 3198 ου
268 3153 504 3226 corpori
525 3154 813 3208 sufﬁceret
826 3154 1004 3207 victus
1018 3154 1326 3225 acciperet.
1341 3154 1646 3209 Enimvero
1671 3172 1801 3209 cum

186 3243 245 3298 in
280 3259 486 3297 mensa
505 3243 610 3296 sibi
639 3242 1021 3313 parcissimus,
1047 3242 1392 3313 pauperibus
1423 3247 1570 3297 esset
1604 3244 1802 3298 buma-
1825 3214 1874 3280 Ο

188 3331 480 3398 nissimus,
512 3334 639 3384 tum
671 3330 808 3384 alias
837 3338 908 3372 984
941 3330 1348 3384 nichilominus
1397 3332 1804 3403 cujuscumque

172 3420 352 3474 -modi
373 3419 574 3490 egenis
595 3419 838 3489 largitor
857 3422 981 3472 erat
995 3422 1117 3472 tam
1142 3420 1419 3490 protluus,
1441 3423 1504 3473 ut
1522 3436 1808 3492 quaecum-

191 3524 304 3581 que
337 3507 447 3561 sibi
477 3506 588 3578 ipsi
619 3509 812 3578 posset
858 3505 1015 3560 ﬁdeli
1065 3506 1220 3560 furto
1267 3509 1631 3575 subtrahere,
1663 3509 1805 3563 nihil

191 3613 344 3668 pene
385 3595 493 3650 sibi
543 3595 822 3662 retinens,
850 3611 953 3666 per
993 3611 1199 3650 manus
1247 3613 1570 3668 pauperum
1610 3598 1808 3655 omnia

171 3684 422 3742 .Christo
473 3683 718 3738 reddere
768 3699 888 3738 non
931 3687 1207 3738 cessaret.
1262 3685 1423 3740 Unde
1461 3687 1806 3758 plerumque

186 3773 390 3848 pallia,
423 3773 666 3844 tapetis,
701 3774 784 3829 vel
815 3773 1088 3846 quaelibet
1141 3773 1412 3846 episcopii
1464 3779 1809 3831 ornamenta

193 3866 400 3917 contra
430 3877 734 3932 pauperes,
767 3861 863 3933 qui
909 3877 979 3916 ea
1010 3862 1303 3917 nocturnis
1343 3863 1500 3918 horis
1527 3880 1560 3917 a
1590 3863 1808 3919 domno

189 3951 441 4028 praesule
471 3951 842 4022 accepissent,
877 3951 1069 4022 precio
1101 3967 1214 4023 quo
1236 3955 1469 4024 possent
1488 3970 1521 4006 a
1551 3968 1810 4008 camera-

196 4040 294 4097 riis
325 4039 534 4098 redimi
564 4056 706 4112 opus
751 4042 894 4095 erat.
930 4039 1085 4108 Quid.
1101 4040 1179 4106 de
1209 4041 1415 4113 vigiliis
1446 4045 1504 4097 et
1534 4041 1809 4102 orationi-

187 4130 326 4194 bus,
377 4129 590 4202 quibus
633 4129 986 4202 exequendis
1041 4129 1188 4185 adeo
1240 4129 1524 4186 studiosus
1569 4135 1714 4194 erat,
1750 4134 1813 4186 ut

188 4220 413 4274 multas
439 4218 710 4273 hibernas
733 4222 931 4274 noctes
962 4218 1256 4273 insomnes
1277 4219 1664 4285 continuaret,
1688 4234 1814 4273 san-

195 4307 647 4364 ctorumliinina
668 4307 1016 4363 circueundo
1037 4311 1100 4362 et
1116 4322 1438 4380 pauperum
1464 4324 1691 4374 manus,
1715 4307 1812 4379 qui

199 4415 322 4453 sese
337 4413 442 4469 per
457 4400 592 4460 uota
604 4397 826 4452 viarum
850 4397 1185 4462 diverticula
1203 4397 1543 4464 divisissent,
1577 4396 1816 4468 largiter

1898 2008 2150 2063 fecturus
2184 2009 2309 2060 erat
2333 2008 2498 2058 nocte
2517 2020 2645 2075 quae
2672 2005 2983 2073 collegerat
3013 2003 3259 2058 fideliter
3291 2003 3506 2076 disper-

1899 2111 2058 2166 gere,
2078 2098 2135 2148 et
2165 2093 2317 2147 inter
2335 2093 2590 2147 eundum
2604 2092 2748 2146 adeo
2765 2092 3090 2163 expendere
3109 2092 3328 2159 omnia,
3354 2095 3415 2147 ut
3426 2109 3502 2147 ne

1899 2199 2076 2237 unam
2113 2182 2348 2254 quidem
2389 2199 2457 2236 ex
2489 2184 2824 2235 memoratae
2865 2180 3124 2251 pecuniae
3155 2197 3386 2235 summa
3429 2183 3503 2235 ad

1897 2271 2244 2343 placandum
2262 2270 2582 2342 principem
2597 2269 2702 2324 sibi
2715 2269 2991 2324 retineret
3003 2268 3288 2341 siliquam.
3305 2270 3502 2340 itaque

1895 2360 2422 2431 fama,quibusdam
2444 2359 2936 2425 deferentibus,ad
2954 2358 3500 2431 auresimperatoris

1895 2452 2276 2520 praecurrerat
2305 2457 2396 2516 968,
2430 2447 2763 2518 episcopum
2803 2447 3219 2518 Walpodonem
3259 2447 3334 2502 ad
3362 2463 3498 2502 con-

1897 2537 2208 2592 ciliandam
2254 2535 2361 2590 sibi
2401 2535 2648 2606 gratiam
2699 2535 2874 2606 ipsius
2920 2551 3038 2590 non
3091 2551 3330 2606 parvam
3371 2535 3502 2591 auri

1898 2625 2238 2697 argentique
2253 2625 2480 2695 copiam
2497 2624 2748 2694 coegisse
2761 2632 2830 2665 98°
2847 2641 2860 2692 ;
2875 2639 3008 2678 cum
3023 2639 3174 2690 ecce,
3193 2627 3502 2696 expectans

1899 2715 2130 2787 quando
2163 2713 2283 2768 haec
2309 2713 2381 2767 ad
2411 2729 2705 2767 cameram
2739 2729 2902 2768 suam
2935 2712 3255 2780 atferretur,
3289 2712 3500 2768 iterum

1899 2803 2059 2857 audit
2089 2803 2425 2874 deputatam
2455 2801 2561 2856 sibi
2594 2805 2675 2868 ut,
2716 2800 3043 2855 crediderat
3064 2809 3156 2868 990,
3194 2800 3501 2872 pecuniam

1899 2891 2245 2964 pauperibus
2271 2907 2390 2944 esse
2421 2889 2806 2945 distributum.
2839 2890 2906 2943 Et
2934 2889 3066 2944 licet
3103 2890 3163 2945 in
3208 2889 3332 2945 aliis
3359 2905 3502 2944 sane

1901 2981 2218 3049 perfectum
2251 2979 2422 3050 aliqui
2453 2987 2521 3021 θοι
2549 2979 2904 3032 contendant
2935 2978 3086 3033 hunc
3114 2978 3499 3034 orthodoxum

1900 3066 2087 3121 virum
2115 3071 2316 3122 contra
2343 3067 2647 3122 avariciam
2687 3067 2878 3122 minus
2907 3067 3276 3130 consuluisse,
3307 3065 3367 3121 in
3393 3067 3503 3121 hoc

1903 3158 2098 3209 tamen
2130 3154 2282 3209 facto
2321 3154 2662 3210 venerabilis
2694 3155 2945 3226 episcopi
2989 3154 3274 3228 aequitatis
3302 3159 3506 3210 contra

1903 3259 1960 3297 se
1985 3243 2168 3312 ipsum
2193 3259 2495 3296 censuram
2514 3242 2715 3296 tenuit.
2735 3245 2802 3297 Et
2823 3243 2941 3315 qui,
2957 3243 3000 3296 si
3015 3245 3273 3298 carnales
3302 3259 3507 3316 seque-

1903 3334 2030 3385 retu
2046 3347 2070 3383 r
2088 3330 2344 3397 allectus,
2373 3346 2708 3384 succensere
2733 3340 2804 3373 992
2825 3331 3094 3398 habebat,
3109 3349 3176 3386 ex
3206 3332 3507 3403 splendido

1906 3429 1976 3462 993
2003 3419 2101 3474 illo
2135 3436 2236 3472 suo
2286 3422 2623 3489 contemptu
2653 3419 2806 3473 unde
2833 3435 2968 3472 eum
3009 3419 3256 3491 amplius
3285 3423 3512 3476 ama-ret

1904 3508 2142 3571 invenit,
2173 3524 2451 3579 suamque
2485 3524 2691 3561 vanam
2722 3507 3043 3578 potentiam
3069 3509 3128 3562 in
3156 3510 3262 3564 hac
3283 3513 3448 3580 parte
3475 3527 3515 3565 a

1906 3598 2061 3654 bono
2092 3597 2387 3652 sacerdote
2419 3596 2669 3651 derisam
2719 3613 2840 3651 esse
2884 3596 3095 3666 oppido
3144 3597 3368 3668 gavisus
3405 3599 3513 3655 est.

1908 3686 2115 3759 Sicque
2150 3685 2334 3756 magis
2361 3685 2586 3740 celebre
2617 3685 2785 3756 hujus
2817 3700 3032 3739 nomen
3064 3683 3314 3756 episcopi
3340 3682 3516 3738 nichil

1907 3775 2202 3847 largiendo
2237 3774 2294 3828 in
2322 3775 2452 3829 aula
2475 3773 2633 3845 regia
2659 3777 2744 3828 est
2772 3772 3060 3840 effectum,
3081 3788 3256 3844 quam
3271 3772 3517 3827 aliorum

1909 3881 2273 3938 quorumque
2294 3865 2626 3934 praesulum,
2653 3862 2771 3935 qui,
2801 3861 3045 3916 creditas
3072 3861 3177 3916 sibi
3208 3861 3521 3932 spoliantes

1909 3955 2210 4021 oecclesias,
2227 3953 2437 4009 mimos
2456 3955 2810 4025 caeterosque
2828 3951 3114 4023 palatinos
3134 3967 3303 4006 canes
3333 3949 3519 4005 ditare

1911 4043 2290 4106 contendunt,
2318 4041 2899 4116 ipsiquc‘scurrilibus
2930 4039 3283 4112 stultiloquio
3321 4042 3378 4096 et
3392 4043 3523 4096 tur-

1913 4131 2157 4205 pissimis
2204 4132 2355 4186 circa
2404 4147 2574 4202 reges
2621 4130 3047 4188 adulationibus
3095 4129 3370 4186 inservire
3403 4145 3522 4185 non

1912 4220 2277 4276 erubescunt.
2311 4219 2487 4289 Hujus
2519 4219 2723 4273 veteris
2753 4219 2998 4290 novique
3049 4218 3240 4274 morbi
3287 4217 3526 4288 antistes

1912 4308 2004 4363 hic
2039 4311 2236 4362 noster
2257 4307 2496 4361 omnino
2521 4307 2797 4375 inmunis,
2812 4309 2963 4362 male
2977 4307 3331 4362 blandientis
3352 4305 3525 4362 seculi

1914 4395 2200 4452 lenocinia
2224 4395 2452 4449 fortiter
2496 4396 2772 4461 calcabat,
2806 4397 2879 4454 ad
2907 4396 3157 4454 coelestia
3195 4397 3318 4452 toto
3350 4394 3526 4450 corde

198 4487 526 4560 replendo?
553 4487 824 4542 Attestari
855 4488 1001 4542 solet
1031 4486 1267 4558 quidam
1300 4487 1370 4540 de
1400 4486 1488 4540 his
1515 4485 1612 4558 qui
1645 4477 1886 4540 fami-D
1913 4485 2253 4558 suspirabat,
2302 4487 2360 4537 et
2410 4499 2513 4555 per
2555 4484 2699 4540 duos
2739 4484 2913 4540 semis
2963 4502 3147 4541 annos
3194 4482 3400 4558 quibus
3462 4482 3522 4537 in

189 4576 399 4632 ‘liarius
416 4575 523 4631 sibi
542 4577 919 4645 adherebant,
941 4576 1098 4649 quod
1128 4576 1280 4632 inter
1297 4575 1607 4631 lavandum
1639 4575 1814 4646 pedes

1917 4575 2246 4646 episcopatu
2273 4571 2407 4626 vixit
2432 4572 2602 4643 (475),
2632 4576 2844 4642 praeter
2870 4577 3254 4643 spontaneum
3273 4587 3528 4646 quecor-

1523 4696 1759 4752 VARUE
1807 4694 2207 4751 LECTIONES.

275 4797 348 4861 ετξ
377 4787 704 4860 insperante
729 4789 861 4861 t_._-2.
895 4784 1384 4861 corr._inspirante
1415 4788 1466 4840 3.
1493 4785 1548 4861 4_.
1577 4793 1648 4861 οτεξ
1683 4788 1757 4839 ita
1785 4789 1838 4840 4.
1881 4791 1930 4838 et
1956 4784 2088 4861 ρζυθ.
2131 4781 2367 4861 Wolbod.
2397 4780 2610 4861 pejoris
2639 4785 2686 4861 ς.
2720 4784 2773 4835 2.
2819 4784 2870 4835 3.
2925 4789 2995 4861 Am
3019 4780 3424 4861 in_.pectoris-l_.
3459 4789 3515 4861 2.

201 4868 274 4902 οτι
304 4855 539 4915 sicut—4.
608 4867 679 4901 ⁸⁷⁸
709 4857 834 4912 aliis
862 4857 1013 4910 addit
1037 4859 1090 4911 4.
1157 4855 1242 4898 ‘979
1272 4857 1584 4928 aliquando
1625 4858 1683 4911 4.
1763 4865 1835 4898 980
1872 4855 2183 4928 neglegere
2204 4857 2336 4928 2.3.
2412 4860 2479 4894 981
2504 4855 2684 4928 qui4.
2761 4861 2832 4895 988
2859 4855 3342 4928 saturnitatemt.
3368 4859 3430 4928 -2.
3460 4859 3511 4911 3.

200 4939 274 4974 θῦε
296 4934 376 4984 ita
405 4933 459 4984 4.
483 4935 534 4985 et
569 4929 702 4999 eleg.
749 4928 984 4983 Wolbold
1029 4923 1454 4983 inmensum—1.
1487 4933 1538 4982 2.
1567 4931 1631 4999 3.
1709 4936 1782 4970 σει
1812 4927 1940 4981 aliis
1956 4923 2023 4980 '4.
2053 4923 2070 4926 ’
2102 4926 2237 4999 οῗῖι-ΐ.
2268 4925 2477 4982 iratum
2511 4923 2562 4978 3.
2589 4926 2644 4979 4.
2715 4932 2786 4999 9_8_6
2827 4923 3014 4999 eidem
3033 4929 3154 4992 post
3185 4926 3515 4999 Colonias4.

203 5010 276 5045 987
299 5002 351 5056 ei
375 5006 428 5056 3.
451 5003 503 5058 4.
586 4998 662 5048 σοι
681 5003 1041 5072 percurrerat
1066 5005 1116 5054 3.
1146 5001 1199 5055 4.
1278 5008 1348 5042 989
1368 4998 1670 5069 collegisse
1699 5001 1752 5058 3.
1783 5001 1838 5053 4.

206 5076 259 5133 3.
293 5081 364 5116 99³
392 5072 672 5146 spendido
706 5075 755 5125 1.

1916 5006 1987 5040 990
2013 4996 2336 5051 credideret
2383 5001 2428 5049 l.
2469 5000 2520 5050 2.
2588 5003 2657 5038 θοι
2697 4993 2918 5066 aliquid
2956 4997 3008 5048 3.
3079 5001 3150 5035 θοι
3175 4997 3520 5054 succendere

1758 5140 1800 5194 N
1809 5139 1983 5195 OT/E.

278 5245 420 5313 (4'74)
439 5239 815 5313 Wolbodonis
831 5242 1296 5313 tempore-uuam
1314 5235 1564 5313 H_ei_nrici
1586 5238 1652 5313 ll.
1676 5235 1818 5313 imp.

205 5309 486 5372 habemus
523 5312 804 5376 tabulam,
837 5309 1088 5366 Coloniae
1121 5310 1211 5363 die
1244 5312 1306 5363 18
1335 5309 1479 5362 Febr
1523 5312 1658 5363 1020
1682 5310 1820 5362 scri-

246 5393 405 5453 tam;
461 5384 716 5441 BObmer
771 5383 1024 5453 Regest.,
1082 5398 1149 5453 ρ.
1194 5384 1296 5453 61;
1341 5380 1652 5453 _t{einerus,
1708 5379 1816 5435 Vit.

212 5451 492 5526 Wolbod.,
511 5473 559 5510 c.
590 5458 623 5510 8
653 5454 764 5526 hoc
795 5451 1063 5508 natalitiis
1087 5451 1300 5526 Christi
1329 5451 1583 5526 coloniae
1599 5452 1818 5526 factum

204 5548 324 5588 esse
345 5522 597 5601 scripsit,
630 5523 733 5601 sed
747 5526 1079 5601 repugnant
1094 5522 1654 5601 AnnalesH-ildesh”
1690 5523 1817 5594 qui-

203 5592 1184 5670 buslocis'imperatorNativitatem
1198 5592 1432 5650 Domini
1461 5592 1570 5650 illis
1592 5592 1818 5667 tempo-

853 5719 1088 5774 Ριιηοι..
1121 5713 1375 5777 CXXX“.

1917 5236 2074 5292 ribus
2107 5236 2408 5293 celebrarit
2439 5237 2731 5290 docentes.

1991 5312 2128 5375 (475)
2168 5308 2320 5364 Sedit
2365 5309 2619 5377 episcopz'o
2653 5305 2903 5377 terrdcm's
2932 5302 3195 5377 mensibus
3214 5301 3435 5377 legitur
3465 5304 3525 5361 in

1918 5379 2046 5434 Vita
2099 5375 2470 5432 Wolbodonis
2517 5375 2872 5443 brevissima,
2920 5376 3158 5443 Latinis,
3198 5375 3423 5432 Gallicis
3467 5382 3527 5432 et

1915 5449 2528 5520 Teutonicisversibus
2569 5449 2932 5520 conscripta;
2980 5447 3208 5504 Latinos
3253 5446 3414 5507 dedit
3457 5465 3525 5504 ex

1918 5521 2112 5578 codice
2146 5521 2202 5577 S.
2239 5518 2528 5577 Laurentii
2555 5518 2861 5593 Chapeavi,
2887 5518 2932 5591 l,
2966 5523 3096 5579 256.

3229 5717 3299 5776 35
