3902 6210
213 440 374 506 1105

1384 456 1393 471 ‘
1448 436 1609 502 VITA
1630 431 1922 509 SANCTIE
1945 431 2351 505 BERLENDIS.

3418 439 3559 505 1106

300 567 358 632 4ρ
383 560 587 635 tribas
632 558 885 639 denique
927 559 1099 631 annis
1146 562 1349 639 quater
1394 558 1665 617 revolutis
1696 560 1841 649 quasi
1865 562 1917 622 A
1940 574 2110 639 nium
2143 573 2379 647 recepit,
2407 574 2464 628 et
2493 568 2635 629 sicut
2662 570 2851 633 fuerat
2891 567 3050 649 prius
3083 569 3345 645 clausum.
3384 590 3449 637 ac
3480 576 3556 633 si-

210 652 439 725 Ρτίηιω
469 650 659 708 [locus
679 654 968 723 copulam:
994 654 1316 724 Ρτεθηοίδίδ
1342 651 1502 704 Nona
1521 664 1663 705 υῐοτ
1692 646 1839 701 illius
1938 663 2200 733 gillatum
2235 662 2569 736 permansit.
2618 662 2774 717 Tune
2814 646 3033 723 clamor
3060 663 3131 718 ad
3164 663 3368 718 coelum
3408 664 3555 720 tolli-

209 739 287 797 in
310 741 563 809 Domino
587 741 717 795 Jesu
748 740 969 797 Christo
1014 740 1175 807 obiit,
1218 756 1333 811 qua
1379 740 1538 810 juxta
1564 738 1835 791 humanae

212 829 662 885 consuetudinis
681 829 938 884 debitum
963 828 1163 900 primae
1189 826 1391 883 matris
1410 825 1633 900 gremio
1653 825 1723 879 ad
1741 841 1831 879 re-

212 918 579 975 servandum
618 919 801 973 beatze
844 916 1247 973 resurrectioni
1294 916 1721 981 commendata,
1750 914 1833 968 vir

212 1007 389 1063 idem
418 1008 626 1063 saeculo
655 1006 891 1061 ulterius
921 1004 1207 1078 implicari
1235 1004 1440 1071 noluit,
1470 1003 1712 1074 implere
1735 1019 1833 1057 cu-

207 1095 389 1169 piens
414 1095 571 1168 quod
601 1095 802 1149 beatus
820 1094 900 1149 ait
914 1095 1243 1166 Apostolus:
1267 1090 1487 1149 Solutus
1500 1108 1550 1146 es
1566 1092 1632 1145 ab
1650 1106 1830 1157 uxore,

204 1184 337 1239 noli
363 1178 605 1259 querere
642 1200 865 1239 uxorem
914 1180 971 1254 (Ῑ
1013 1181 1140 1238 Cor.
1171 1200 1266 1249 νυ,
1299 1187 1404 1251 l7).
1433 1181 1545 1236 Sed
1571 1197 1701 1235 cum
1728 1196 1833 1251 per

203 1273 515 1345 prolixum
536 1276 765 1345 tempus
782 1288 913 1326 cum
932 1288 1035 1326 sua
1054 1270 1171 1325 ﬁlia
1189 1270 1464 1341 praedicta
1485 1268 1704 1340 virgine
1726 1267 1832 1341 piis

205 1362 444 1417 actibus
458 1361 720 1424 instaret,
742 1360 1123 1431 eleemosynis
1138 1365 1195 1413 et
1221 1359 1491 1431 operibus
1506 1357 1673 1412 bonis
1692 1373 1832 1427 erga

206 1465 453 1517 omnes,
476 1448 577 1505 sed
606 1448 859 1503 maxime
892 1464 1030 1519 erga
1076 1447 1422 1503 domesticos
1460 1446 1593 1501 ﬁdei
1619 1445 1833 1500 viscera

199 1538 451 1611 pietatis
495 1538 759 1599 haberet,
808 1540 1215 1592 remunerator
1254 1534 1517 1590 omnium
1545 1536 1831 1590 bonorum

215 1630 401 1694 Deus,
429 1627 529 1700 qui
548 1626 686 1682 lucis
714 1626 863 1681 ﬁlios
894 1625 1153 1680 nondum
1177 1624 1444 1695 rubigine
1464 1628 1829 1696 peccatorum

216 1716 591 1772 examinatus
616 1714 856 1786 ﬂagellis
880 1717 1091 1769 sancta:
1134 1713 1522 1785 castigationis
1546 1713 1829 1779 verberat,

214 1808 290 1859 ut
316 1820 552 1860 excussa
571 1804 737 1875 palea
763 1803 1018 1858 triticum
1032 1819 1240 1875 purum
1272 1803 1329 1856 in
1353 1819 1487 1857 area
1514 1802 1734 1857 munda
1747 1818 1833 1856 re-
1851 1818 1903 1880 Β

203 1892 417 1965 cipiat,
451 1894 649 1947 volens
671 1892 918 1964 probare
949 1908 1154 1947 aurum
1190 1890 1475 1945 mundum
1510 1891 1567 1945 in
1596 1891 1832 1946 fornace

202 1983 557 2055 purgatum,
595 1980 866 2035 eumdem
896 1980 1103 2046 virum,
1141 1978 1286 2035 sicut
1324 1979 1833 2049 ﬁlium,multipli-

199 2071 292 2137 cis
347 2069 643 2141 languoris
695 2072 939 2141 paterno
968 2068 1205 2123 verbere
1258 2067 1553 2138 corripuit.
1587 2069 1730 2121 Nam
1775 2071 1833 2122 et

198 2160 470 2229 languor
497 2174 632 2213 eum
665 2157 920 2213 diutinus
953 2157 1177 2224 invasit,
1212 2158 1270 2211 et
1292 2156 1352 2211 in
1397 2155 1520 2227 ipso
1551 2159 1830 2229 languore

197 2248 379 2321 lepra
409 2262 545 2302 eum
572 2245 824 2317 graviter
852 2246 1147 2319 percussit.

280 2342 339 2392 5.
374 2335 516 2390 Cum
544 2334 722 2407 igitur
751 2336 932 2390 multo
984 2334 1286 2406 langueret
1338 2350 1629 2389 annorum
1655 2335 1830 2390 curri-

199 2426 366 2491 culo,
399 2423 785 2478 deﬂuentibus
813 2423 1045 2477 famulis
1091 2422 1264 2478 taedio
1320 2422 1555 2488 aﬂ‘ectis,
1584 2422 1826 2494 contigit

200 2512 471 2586 quadam
498 2512 592 2567 die
622 2512 807 2566 solum
854 2527 986 2565 eum
1027 2511 1145 2565 ﬁlia
1169 2511 1228 2565 in
1270 2510 1445 2566 domo
1495 2528 1823 2570 remanere.

204 2601 321 2667 Qui
355 2616 490 2655 cum
521 2601 594 2655 ab
625 2616 694 2654 ea
730 2603 935 2670 potum
979 2603 1221 2670 peteret,
1252 2600 1526 2655 continuo
1559 2600 1657 2655 illa
1702 2618 1826 2656 sur-

203 2689 384 2756 rexit,
417 2689 693 2760 scyphum
722 2689 943 2743 concite
970 2687 1124 2755 lavit,
1158 2690 1361 2759 potum
1414 2688 1642 2756 infudit,
1677 2691 1826 2761 patri

206 2777 495 2852 portavit:
552 2776 649 2848 qui
698 2775 863 2843 bibit,
916 2777 1082 2848 eique
1110 2776 1384 2847 scyphum
1416 2777 1667 2832 reddidit
1715 2778 1827 2835 Sed

202 2882 453 2939 serpens
481 2866 771 2937 antiquus,
798 2865 1056 2921 humano
1088 2864 1289 2935 generi
1319 2880 1551 2937 semper
1578 2865 1823 2935 invidus,

203 2954 597 3013 humanitatis
617 2952 862 3019 nescius,
884 2952 1091 3008 radicis
1116 2953 1381 3009 omnium
1415 2955 1702 3011 malorum
1727 2973 1827 3011 su-

204 3043 429 3117 perbiar
471 3043 602 3099 fuco
655 3039 937 3114 virginem
988 3042 1410 3114 aliquantulum
1439 3042 1653 3098 infecit.
1679 3044 1824 3100 Nam

202 3132 431 3199 sitiens,
484 3134 613 3203 post
660 3134 886 3203 patrem
931 3128 1131 3187 bibere
1186 3130 1508 3201 dedignans
1554 3133 1824 3203 poculum

204 3219 434 3287 eﬂ'udit,
462 3218 742 3290 scyphum
771 3217 983 3275 iterum
1013 3218 1172 3287 lavit,
1212 3221 1414 3288 potum
1440 3218 1732 3290 imposuit,
1760 3235 1825 3275 ac

201 3308 287 3365 sic
320 3307 484 3364 bibit.
517 3306 683 3372 Quod
712 3309 877 3377 pater
906 3306 1208 3377 aspiciens,
1240 3307 1464 3362 nullum
1498 3306 1550 3361 ei
1582 3307 1823 3365 verbum

200 3398 486 3466 fecit,sed
516 3398 721 3455 tacitus
748 3398 999 3454 mirabili
1015 3398 1416 3471 indignatione
1445 3399 1591 3465 tulit,
1623 3399 1822 3472 iraque

204 3486 539 3545 vehementi
599 3486 861 3542 turbatus
905 3486 1128 3542 vocavit
1175 3503 1386 3554 servos,
1425 3503 1659 3543 currum
1717 3488 1823 3544 sibi

202 3575 403 3650 parari
432 3575 628 3631 statim
651 3574 841 3646 jussit,
875 3590 1047 3645 super
1084 3591 1259 3646 quem
1291 3575 1608 3631 ascendens
1636 3576 1819 3631 Nivel-

203 3666 328 3721 lam
360 3664 548 3736 petiit,
576 3662 772 3736 ibique
803 3665 1014 3718 sanctae
1046 3662 1312 3719 Gertrudi
1336 3662 1616 3735 quidquid
1641 3664 1819 3719 habe-

206 3753 310 3809 bat
338 3753 398 3808 in
428 3751 660 3826 praediis
675 3767 809 3807 cum
834 3751 997 3808 omni
1015 3751 1237 3808 familia
1261 3768 1558 3807 servorum
1582 3752 1818 3807 ancilla-

202 3857 479 3914 rumque,
508 3856 643 3897 eum
668 3839 882 3911 cespite
903 3843 963 3896 et
978 3856 1143 3896 ramo
1160 3840 1503 3912 cultelloque
1522 3842 1663 3903 (497)
1688 3857 1820 3897 cum

206 3929 518 3986 manubrio
546 3929 679 3984 albo
709 3928 970 3995 tradidit,
1022 3944 1086 3983 ac
1138 3928 1319 3984 ﬁliam
1372 3931 1627 4000 paterna
1657 3928 1817 3985 omni

206 4023 606 4089 maternusque
630 4016 983 4073 haereditatis
997 4017 1128 4087 jure
1157 4017 1425 4086 privavit.

278 4112 333 4164 6.
365 4108 427 4161 In
449 4106 655 4161 eadem
673 4121 805 4160 vero
827 4105 1140 4161 traditione
1162 4121 1254 4160 res
1273 4104 1577 4176 stupenda,
1594 4109 1653 4161 et
1672 4107 1823 4163 ultra

204 4196 531 4251 humanum
545 4193 786 4249 modum
806 4192 1171 4260 admiranda,
1195 4192 1515 4249 adlaudem
1536 4194 1711 4265 ipsius
1723 4196 1821 4267 qui

205 4282 408 4340 omnia
435 4280 714 4349 condidit,
750 4281 1001 4337 advenit.
1055 4281 1198 4337 Nam
1257 4297 1390 4336 cum
1422 4281 1578 4337 idem
1610 4281 1696 4336 vir
1748 4282 1820 4338 ad

1936 756 2049 820 tur,
2075 752 2311 809 Creator
2327 751 2590 807 omnium
2612 750 2708 822 qui
2728 750 2970 822 gemitui
2992 768 3225 815 suorum
3246 768 3411 809 aures
3434 769 3549 810 suae

1931 839 2162 911 pietatis
2197 855 2496 911 nunquam
2527 838 2730 893 avertit
2752 839 3047 906 adoratur,
3072 840 3307 913 ejusque
3329 840 3549 897 famula

1933 930 2092 1000 cujus
2127 928 2347 985 meritis
2369 931 2488 983 tam
2530 927 2897 998 inopinatum
2942 927 3286 984 miraculum
3309 932 3547 1002 tamque

1928 1010 2251 1089 jucundum
2271 1022 2641 1089 peccatorum
2661 1016 2981 1087 praesentia:
2997 1016 3262 1071 exhibere
3277 1017 3547 1089 dignatus

1932 1107 2038 1170 est,
2067 1120 2298 1159 summa
2326 1104 2632 1159 devotione
2659 1106 2986 1158 veneratur.
3015 1104 3125 1159 Sed
3149 1122 3277 1160 cum
3296 1105 3383 1159 vir
3404 1122 3545 1177 prte-

1931 1195 2291 1246 memoratus
2314 1192 2594 1262 aliquanti
2610 1191 2887 1261 temporis
2900 1192 3084 1263 spatio
3101 1192 3541 1250 tribulationum

1931 1278 2064 1350 igne
2095 1278 2165 1333 ad
2188 1279 2513 1350 exemplum
2547 1279 2604 1332 Β.
2636 1278 2740 1333 Job
2781 1283 3127 1350 purgaretur
3144 1280 3417 1352 placuitei
3442 1281 3540 1352 qui

1933 1366 2075 1421 nihil
2104 1366 2593 1422 irremuneratum
2628 1365 2885 1431 dimittit,
2914 1366 3061 1421 illius
3091 1368 3429 1438 patientiam
3454 1385 3542 1422 re-

1931 1470 2262 1522 munerare,
2287 1459 2458 1526 atque
2488 1456 2608 1524 ejus
2638 1454 2895 1509 animam
2922 1459 3050 1526 post
3079 1456 3343 1511 laborum
3377 1457 3538 1511 dolo-

1933 1560 2182 1616 rumque
2198 1543 2640 1599 desudationem
2669 1544 2727 1598 in
2753 1548 2971 1601 aeterna
3000 1546 3198 1616 requie
3235 1546 3537 1604 collocare.

2002 1682 2056 1732 7.
2094 1678 2266 1731 Beata
2320 1676 2495 1746 igitur
2543 1676 2703 1746 virgo
2753 1677 3057 1745 Bellendis,
3091 1679 3248 1733 omni
3282 1683 3538 1751 paternas

1933 1769 2329 1836 maternazque
2360 1765 2714 1820 hmreditatis
2733 1766 2866 1835 jure
2900 1766 3143 1836 privata,
3169 1768 3535 1823 animadver-

1932 1857 2060 1909 tens
2079 1869 2199 1907 sese
2230 1853 2534 1924 spoliatam
2563 1853 2730 1907 bonis
2760 1854 2959 1925 patriis
2978 1856 3051 1909 ob
3074 1860 3301 1911 reatum
3343 1858 3537 1913 crimi-

1933 1942 2040 2012 nis,
2070 1941 2225 2014 parvi
2248 1942 2507 2012 pendens
2528 1941 2777 1996 honores
2793 1943 2963 2012 hujus
2978 1944 3187 2009 saeculi,
3212 1944 3537 2017 timensque

1932 2030 2080 2084 iram
2094 2028 2325 2101 superni
2338 2030 2361 2083 J
2371 2029 2547 2083 udicis
2561 2028 2694 2100 quia
2710 2033 2931 2100 patrem
2949 2030 3076 2084 dedi
3083 2032 3246 2101 gnari
3262 2048 3537 2104 praesum-

1930 2119 2044 2191 psit
2068 2117 2386 2189 (audiverat
2415 2116 2570 2171 enim
2605 2133 2756 2189 saepe
2789 2117 2943 2188 quod
2959 2117 3232 2189 scriptum
3249 2120 3536 2189 est(Deut.

1929 2222 2097 2273 xxvn,
2130 2205 2244 2277 l6):
2281 2205 2388 2272 Qui
2426 2207 2580 2276 patri
2626 2206 2711 2260 vel
2751 2208 2915 2259 matri
2960 2206 3217 2275 injuriam
3276 2208 3539 2277 intulerit,

1856 2312 1859 2315 ‘
1926 2297 2122 2350 mortis
2162 2302 2373 2350 aeternae
2414 2296 2684 2348 sententia:
2731 2293 3061 2364 subjacebit),
3110 2297 3274 2349 tanta
3329 2297 3543 2353 mentis

1928 2384 2250 2439 intentione
2283 2383 2582 2438 mundana
2608 2382 2947 2454 postposuit,
2965 2386 3027 2436 ut
3046 2399 3163 2438 non
3182 2385 3369 2438 solum
3392 2385 3542 2442 cibo-

1926 2490 2059 2528 rum
2089 2473 2451 2543 vestiumque
2474 2472 2707 2527 delicias
2730 2475 3050 2543 respueret,
3075 2473 3169 2526 sed
3202 2472 3378 2528 etiam
3412 2474 3543 2529 vilia

1928 2566 1986 2617 et
2010 2559 2473 2633 eontemptibilia
2501 2560 2718 2614 habere
2750 2563 3057 2613 recusaret.
3090 2560 3210 2614 Mox
3240 2562 3438 2616 subtus
3467 2561 3542 2617 ad

1928 2666 2165 2705 carnem
2204 2649 2387 2703 cilicio
2418 2648 2696 2710 induitur,
2746 2647 2938 2702 inedia
2976 2650 3034 2702 et
3057 2648 3269 2719 algoris
3299 2649 3541 2705 uredine

1928 2738 2271 2809 martyrium
2304 2737 2637 2793 desiderans
2659 2736 2927 2804 afﬁcitur,
2964 2752 3286 2810 corpusque
3302 2737 3542 2810 jejuniis

1927 2830 1984 2881 et
2013 2825 2372 2881 orationibus
2400 2825 2720 2897 vigiliisque
2752 2824 2966 2879 crebris
2992 2841 3331 2898 perurgens,
3358 2810 3570 2898 lacry-'

1924 2930 2273 2985 merumque
2300 2913 2512 2967 imbres
2532 2913 2735 2968 crebro
2762 2912 3162 2983 fundens,non
3191 2915 3378 2969 solum
3402 2930 3536 2985 pee-

1925 3004 2063 3058 catis
2084 3002 2319 3075 purgari
2348 3002 2579 3067 meruit,
2609 3002 2706 3056 sed
2740 3005 2797 3056 et
2823 3002 3056 3074 superni
3072 3002 3267 3075 sponsi
3285 3003 3536 3074 gratiam

1853 3108 1899 3171 ρ
1922 3092 2160 3147 invenit.
2194 3092 2391 3145 Manus
2418 3091 2577 3145 enim
2610 3089 2763 3145 illius
2802 3090 3083 3162 quidquid
3108 3090 3245 3146 boni
3276 3089 3534 3146 invenire

1924 3181 2175 3250 poterat,
2208 3177 2554 3250 pauperibus
2584 3179 2885 3248 erogabat,
2919 3178 3064 3233 adeo
3092 3181 3155 3233 ut
3177 3178 3265 3233 vix
3292 3180 3533 3234 autnul-

1922 3267 2149 3321 latenus
2172 3267 2245 3320 ab
2270 3266 2650 3336 eleemosynis
2678 3282 2856 3321 vacua
2883 3266 3055 3334 foret,
3087 3269 3146 3321 et
3194 3283 3346 3339 sepe
3399 3284 3533 3323 cum

1922 3371 2143 3427 pauper
2171 3369 2288 3409 non
2321 3353 2696 3420 inveniretur,
2749 3352 2808 3406 in
2852 3353 3111 3424 ejusdem
3140 3370 3319 3410 manu
3364 3356 3531 3412 desu-

1923 3444 2108 3499 daret.

1994 3582 2047 3634 8.
2098 3574 2353 3648 Contigit
2376 3577 2571 3630 autem
2602 3573 2871 3629 eamdem
2896 3573 3182 3646 virginem
3198 3574 3257 3630 in
3284 3576 3409 3631 loco
3435 3578 3534 3649 qui

1919 3667 2128 3724 dicitur
2151 3665 2413 3720 Morsella
2437 3664 2605 3731 (498),
2631 3662 2891 3719 coenobio
2922 3663 3107 3719 beata:
3128 3664 3224 3720 Dei
3239 3663 3533 3737 genitricis

1918 3756 2110 3812 Maria:
2137 3753 2281 3809 sacri
2316 3752 2615 3808 velaminis
2645 3752 2908 3809 habitum
2934 3751 3241 3825 suscipere,
3268 3756 3327 3809 et
3346 3770 3531 3810 anno-

1925 3861 2057 3899 rum
2085 3844 2406 3898 multorum
2444 3841 2629 3913 spatio
2651 3839 2912 3896 caelibem
2933 3840 3108 3896 vitam
3131 3841 3363 3898 ducere.
3388 3843 3529 3899 Cum

1921 3950 2061 4005 ergo
2095 3935 2242 3987 esset
2272 3929 2476 3986 eadem
2511 3930 2672 4001 virgo
2704 3929 2764 3985 in
2798 3928 3079 3998 etenobio,
3102 3929 3313 3984 sanctis
3340 3930 3531 4002 operi-

1919 4023 2025 4077 bus
2048 4036 2277 4076 summo
2311 4018 2629 4075 certamine
2663 4016 2988 4090 invigilans,
3021 4018 3320 4089 cujusdam
3349 4019 3533 4074 noctis

1919 4110 2114 4165 medio
2171 4111 2434 4181 pulsante
2485 4107 2811 4162 matutinali
2860 4107 3047 4178 signo,
3098 4106 3313 4162 audivit
3368 4123 3533 4163 voces

1918 4201 2252 4253 sanctorum
2284 4197 2625 4268 angelorum
2658 4195 2715 4250 in
2773 4196 2980 4252 coelum
3038 4197 3299 4252 animam
3355 4196 3532 4267 patris

1922 4286 2084 4357 psius
2117 4301 2250 4339 cum
2284 4301 2499 4338 canoro
2518 4284 2706 4354 jubilo
2741 4283 3151 4339 deferentium.
3204 4284 3356 4340 Mirm
3388 4300 3528 4357 ergo

207 4372 488 4427 feretrum
518 4369 837 4436 accederet,
870 4369 1031 4425 omni
1079 4368 1467 4424 obstinatione
1512 4369 1821 4425 afﬁrmavit
1843 4370 1895 4429 D
1921 4372 2238 4428 sanctitatis
2269 4372 2583 4443 gratiaeque
2606 4388 2872 4444 superum
2888 4373 3011 4427 haec
3034 4374 3194 4445 virgo
3216 4375 3386 4446 plena
3401 4388 3531 4427 exs-

205 4478 267 4516 se
298 4475 598 4531 nunquam
616 4458 675 4513 ei
694 4458 980 4530 praedium
1008 4459 1302 4525 daturum,
1336 4457 1445 4513 nisi
1470 4458 1640 4514 beata
1660 4459 1818 4531 virgo

208 4547 440 4624 propria
468 4564 646 4604 manu
672 4546 974 4619 reciperet.
1024 4547 1131 4612 Qui
1187 4562 1319 4602 cum
1370 4550 1459 4601 ter
1501 4550 1817 4619 quaterque

206 4640 515 4696 clamaret:
540 4658 569 4687 α
597 4634 810 4691 Sancta
838 4636 1161 4703 Gertrudis,
1185 4637 1293 4691 hoc
1326 4638 1729 4691 munusculum
1748 4638 1819 4691 de

210 4742 388 4781 manu
416 4740 548 4780 mea
576 4724 819 4794 suscipe,
848 4725 906 4777 et
935 4723 1055 4778 noli
1090 4740 1183 4777 me
1210 4727 1571 4795 peccatorem
1602 4729 1736 4778 ante
1764 4729 1819 4780 te

211 4813 448 4868 ﬂentem
473 4817 531 4866 et
560 4812 878 4882 ejulantem
900 4827 1195 4882 spernere,
1222 4812 1329 4866 nisi
1354 4812 1542 4884 potius
1568 4829 1662 4867 me
1681 4814 1819 4867 alias

214 4900 480 4957 daturum
500 4899 580 4953 vis
596 4900 778 4967 abire,
795 4918 827 4951 θ
846 4899 1173 4964 confestim,
1198 4904 1340 4955 nutu
1356 4901 1565 4956 summi
1588 4901 1816 4955 Tonan-

212 4988 583 5055 tis,scrinium
610 4989 667 5042 in
686 5004 800 5059 quo
820 4988 990 5043 beata
1010 4988 1168 5060 virgo
1184 4988 1415 5059 jacebat
1433 5006 1552 5044 sese
1570 4989 1816 5061 aperuit,

204 5092 526 5148 corpusque
580 5075 846 5133 exanime
890 5092 1129 5131 manum
1177 5077 1452 5149 porrexit,
1485 5078 1818 5148 cunctisque

204 5165 579 5223 cernentibus
599 5165 825 5237 populis
854 5165 951 5236 qui
981 5166 1246 5233 aderant,
1279 5182 1510 5221 ramum
1542 5181 1673 5219 cum
1699 5181 1815 5218 ces-

212 5256 321 5329 pite
351 5254 699 5325 cultelloque
722 5253 792 5307 de
828 5269 1004 5308 manu
1025 5254 1125 5308 viri
1149 5255 1498 5328 porrigentis
1518 5254 1671 5309 intra
1690 5252 1823 5308 scri-

280 5376 600 5457 (597)_Nota
639 5375 926 5457 insignem
958 5376 1134 5457 ritum
1165 5377 1509 5457 traditionis.
1541 5376 1697 5457 idem
1729 5393 1823 5457 re-

216 5446 392 5505 fertur
428 5448 486 5503 in
512 5446 803 5502 miraculis
836 5451 1047 5503 sanetae
1078 5448 1369 5502 Gertrudis
1394 5448 1690 5504 abbatissa:
1729 5448 1822 5503 Ni-

220 5519 498 5584 vialensis,
530 5518 602 5573 de
637 5533 752 5587 qua
784 5518 1002 5573 Smculo
1033 5521 1098 5587 ll,
1131 5519 1223 5573 ad.
1255 5535 1390 5573 ann.
1417 5523 1538 5575 658.

284 5593 427 5658 (498)
464 5587 1051 5661 Morsella,_Morselte,
1106 5590 1260 5644 vicus
1318 5591 1608 5661 est_pr0pe
1648 5591 1828 5647 Tene-

226 5661 576 5722 ramnndam
613 5658 893 5735 oppidum
914 5660 990 5716 ad
1010 5660 1286 5717 Scaldim.
1306 5661 1389 5721 Ex
1402 5658 1511 5716 hoc
1526 5658 1654 5716 loco
1676 5666 1838 5734 patet

1919 4462 2055 4529 titit,
2086 4477 2212 4533 quae
2248 4459 2427 4513 instar
2461 4459 2859 4530 gloriosissimi
2899 4460 3154 4515 Severini
3186 4461 3523 4534 Agrippinae

1922 4551 2077 4606 urbis
2108 4547 2536 4619 archiepiscopi,
2562 4548 2705 4602 sicut
2725 4548 2819 4603 ille
2840 4547 2900 4602 in
2918 4547 3190 4619 obsequio
3222 4550 3432 4606 animm
3467 4549 3524 4602 Β.

1918 4637 2142 4695 Martini
2173 4638 2516 4707 angelorum
2546 4636 2751 4691 choros
2770 4634 2968 4690 audire
2991 4634 3220 4689 meruit.
3244 4637 3380 4701 Qua:
3398 4641 3524 4692 tan-

1919 4733 1991 4782 tae
2004 4726 2295 4782 suavitatis
2308 4725 2340 4778 d
2351 4723 2611 4778 ulcedine
2635 4722 3160 4794 modulationisque
3182 4724 3418 4779 lenitate
3436 4743 3527 4779 su-

1920 4832 2024 4888 pra
2036 4830 2094 4868 se
2106 4812 2329 4868 velutin
2344 4828 2633 4867 excessum
2649 4811 2859 4866 mentis
2874 4813 3086 4875 erecta,
3101 4809 3337 4863 intentis
3350 4811 3406 4863 in
3423 4828 3531 4868 ca:~

1918 4904 2039 4956 lum
2066 4901 2317 4968 auribus,
2341 4900 2539 4955 laetitia
2561 4903 2679 4953 tam
2701 4898 2885 4953 beatae
2927 4895 3253 4952 refectionis
3294 4897 3527 4965 refecta,

1921 4990 2619 5059 interrogatassistentem
2641 4986 2747 5041 sibi
2777 4986 3059 5041 famulam
3096 4984 3140 5038 si
3173 4999 3300 5054 quae
3332 4984 3528 5039 audie-

1922 5081 2021 5134 bat
2049 5078 2296 5144 audiret,
2318 5082 2376 5131 et
2405 5093 2534 5148 quae
2590 5074 2952 5144 intelligebat
2991 5072 3358 5141 intelligeret,
3392 5072 3528 5138 Qum

1924 5182 2054 5221 cum
2070 5166 2166 5220 illa
2182 5166 2420 5220 minime
2434 5181 2491 5219 se
2506 5163 2705 5217 audire
2718 5161 3141 5232 velintelligerc
3152 5161 3533 5232 responderet

1928 5254 2214 5310 intimavit
2233 5254 2283 5307 ei
2296 5254 2465 5308 beata
2481 5251 2640 5322 virgo
2655 5250 2913 5305 animam
2930 5248 3109 5321 patris
3119 5249 3226 5317 sui,
3243 5251 3535 5321 corporeis

1926 5374 2289 5431 Morselleuse
2312 5374 2640 5429 coenobium
2659 5390 2692 5427 a
2710 5372 2913 5428 Carolo
2927 5373 3131 5444 Magno
3148 5388 3262 5428 non
3279 5372 3535 5443 primum

1928 5445 2250 5512 conditum,
2290 5446 2391 5501 sed
2422 5444 2833 5515 ampliﬁcatum
2867 5449 2966 5500 aut
2992 5444 3320 5500 restitutum
3344 5444 3536 5499 fuisse.

1932 5518 2217 5574 Nimirum
2244 5521 2441 5574 sancta
2491 5516 2712 5580 Gudila,
2745 5516 2928 5571 isthuc
2957 5516 3251 5584 secedens,
3278 5516 3541 5573 ccenobio

1933 5591 2295 5647 occasionem
2327 5593 2426 5646 aut
2462 5586 2749 5662 originem
2793 5587 2969 5646 dedit.
