3892 6214
447 493 582 550 1107

1595 469 1920 536 semesa!
1942 449 2232 534 ABBATIS
2258 451 2618 536 'LOBIENSIS

3587 461 3698 546 me

443 610 682 671 nexibus
709 607 982 678 solutam,
1007 580 1116 684 pro
1160 579 1546 664 tribulationis
1573 602 1854 674 patientia
1881 617 2044 658 coro-
2069 601 2126 662 Α
2153 603 2287 659 dam
2320 601 2412 658 die
2442 599 2688 657 solemni
2728 596 2837 656 sibi
2866 597 3190 674 appositum
3219 571 3281 656 in
3337 595 3448 657 vini
3473 615 3698 676 saporem

438 704 588 772 nari,
619 705 677 760 et
724 720 758 759 a
800 699 1174 774 psallentibus
1222 696 1442 768 angelis
1481 695 1539 750 in
1587 696 1767 750 altum
1813 691 2044 748 deferri.

437 794 686 866 Accepta
705 792 900 864 itaque
929 787 1214 846 caanobita
1243 785 1474 843 Domini
1499 783 1730 839 licentia
1783 799 1816 837 a
1861 785 2048 835 matre

438 880 794 948 monasterii,
827 879 900 934 ad
924 876 1322 950 sepeliendum
1353 877 1575 945 patrem
1610 887 1770 926 suum
1799 869 2047 925 Merbec-

436 987 568 1026 cam
597 969 744 1038 (499)
774 966 934 1034 adiit,
965 969 1026 1021 et
1054 965 1114 1020 in
1144 962 1441 1020 ecclesiola
1461 978 1634 1032 quam
1668 959 1724 1014 in
1744 960 1964 1013 honore
1984 958 2044 1010 Β.

439 1058 592 1126 Petri
607 1057 728 1132 ipse
747 1053 1325 1123 aadiﬁcaverat,juxta
1343 1066 1581 1106 uxorem
1598 1065 1782 1115 suam,
1800 1048 2048 1101 matrem

439 1147 700 1219 ejusdem
751 1144 1010 1216 virginis,
1066 1142 1234 1213 juxta
1281 1155 1508 1194 morem
1557 1136 1863 1202 nobilium,
1905 1133 2051 1188 sicut

439 1235 701 1302 decebat,
735 1249 869 1288 eum
900 1230 1180 1304 sepelivit.

510 1327 565 1379 9.
581 1323 716 1378 Post
741 1323 995 1376 mortem
1009 1334 1145 1374 vero
1169 1316 1348 1389 patris
1365 1315 1470 1380 sui,
1491 1315 1624 1388 quia
1645 1311 1970 1369 coenobium
1988 1310 2047 1365 in

439 1427 554 1484 quo
575 1411 842 1467 ordinata
857 1409 1066 1474 fuerat,
1092 1407 1248 1479 quod
1261 1405 1418 1477 prius
1433 1405 1505 1459 ab
1524 1402 1745 1457 Hunnis
1763 1402 1906 1472 (500)
1927 1400 2052 1454 fun-

439 1500 592 1556 ditus
621 1499 875 1555 dirutum
891 1501 1062 1568 atque
1075 1495 1440 1550 combustum
1464 1493 1670 1556 fuerat,
1696 1488 2050 1562 pauperique

442 1588 618 1644 modo
634 1586 1047 1642 reeeditlcatum
1065 1584 1276 1650 fuerat,
1296 1581 1530 1636 carebat
1547 1577 1900 1651 appendiciis
1919 1575 2050 1630 sub-

441 1675 769 1748 stantiaque
798 1690 913 1746 qua
941 1673 1175 1728 famulae
1217 1669 1423 1726 Christi
1471 1667 1774 1722 sustentari
1821 1665 2052 1736 possent

442 1780 582 1820 nam
605 1763 668 1818 in
695 1779 842 1835 pane
873 1764 932 1816 et
959 1777 1110 1832 aqua
1125 1759 1210 1814 vix
1239 1758 1458 1830 puellas
1476 1773 1570 1810 sex
1606 1753 1868 1810 detinere
1892 1755 2052 1824 pote-

442 1855 573 1919 rat),
613 1850 955 1924 cogentibus
1005 1847 1240 1904 famulis
1287 1849 1459 1918 atque
1506 1843 1844 1899 necessitate
1893 1839 2053 1896 domi

443 1939 746 2006 remansit,
773 1941 832 1994 et
859 1939 918 1993 in
947 1937 1190 2011 praefata
1211 1934 1508 1992 ecclesiola
1533 1933 1625 1989 die
1642 1936 1930 2003 noctuque
1955 1930 2056 1984 de—
2081 1925 2133 1983 B

442 2045 604 2100 gens,
657 2043 718 2082 se
759 2025 990 2082 Domini
1038 2024 1269 2080 servitio
1326 2020 1692 2093 mancipavit.
1748 2021 2055 2091 Nunquam

445 2115 603 2171 enim
637 2131 740 2190 pes
767 2115 889 2186 ejus
908 2131 942 2170 a
971 2113 1295 2168 visitatione
1316 2111 1686 2166 inﬁrmorum
1706 2107 2056 2180 quiescebat,

444 2221 744 2278 nunquam
793 2220 1003 2259 manus
1044 2202 1167 2274 ejus
1221 2219 1256 2256 a
1291 2199 1700 2272 procuratione
1736 2211 2058 2268 pauperum

445 2294 726 2350 cessabat.
761 2293 1005 2366 Semper
1032 2293 1154 2346 laus
1176 2290 1278 2345 Dei
1308 2289 1366 2344 in
1398 2287 1570 2342 corde
1617 2287 1796 2358 ipsius
1834 2285 2061 2340 assidua

447 2385 592 2448 erat,
623 2381 983 2454 psalmorum
1017 2381 1487 2451 hymnorumque
1508 2379 1710 2430 cantus
1731 2391 1796 2428 ex
1816 2390 1916 2428 ore
1939 2373 2060 2442 ejus

445 2487 750 2544 nunquam
779 2469 1106 2534 recedebat,
1139 2467 1388 2538 psallens
1420 2464 1673 2530 sibimet,
1698 2463 1862 2534 juxta
1878 2463 2062 2534 Apos-

449 2561 660 2625 tolum,
675 2557 738 2612 in
751 2556 988 2612 canticis
1007 2559 1066 2611 et
1085 2553 1318 2627 psalmis
1339 2557 1397 2608 et
1414 2552 1646 2624 hymnis
1671 2549 2058 2624 spiritualibus

449 2647 513 2702 in
543 2645 812 2702 Domino.
854 2643 1004 2699 Nihil
1037 2659 1319 2714 unquam,
1371 2658 1557 2712 neque
1608 2639 1815 2696 hiemis
1873 2654 2058 2710 neque

451 2731 668 2790 aestatis
684 2737 802 2787 tem
812 2747 974 2802 pore,
993 2733 1206 2802 praeter
1226 2729 1496 2796 cilicium,
1521 2745 1634 2801 quo
1651 2744 1820 2799 super
1839 2727 2058 2781 nudum

452 2813 972 2892 corpus‘utebatur,
991 2817 1415 2890 mattulamque
1435 2821 1607 2889 atque
1630 2815 1879 2889 lapidem
1890 2814 2062 2886 capiti

452 2907 819 2979 suppositum
837 2906 946 2961 sibi
976 2905 1261 2961 substerni
1285 2905 1696 2978 patiebatur.Vi
1703 2904 1851 2977 giliis
1867 2909 1925 2959 et
1939 2919 2065 2958 ora-

455 2995 713 3051 tionibus
727 2995 970 3050 assiduis
983 2993 1335 3066 jejuniisque
1359 2993 1647 3049 continuis
1657 3009 1864 3064 corpus
1880 3008 2066 3047 mace-

456 3083 642 3142 rabat.
686 3083 777 3138 Bis
819 3085 1048 3138 tantum
1089 3083 1148 3137 in
1206 3081 1596 3147 hebdomade,
1651 3085 1862 3153 praeter
1909 3080 2066 3135 diem

454 3171 832 3228 Dominicum
846 3171 1298 3244 apostolicasque
1319 3169 1734 3236 solemnitates,
1751 3168 2064 3224 reﬁciebat.

461 3262 708 3317 Carmen
740 3276 776 3316 a
805 3259 898 3316 die
926 3259 1376 3315 consecrationis
1401 3275 1516 3313 sua1
1548 3275 1665 3313 non
1699 3257 2066 3324 comedebat,

460 3349 678 3420 piscem
707 3350 808 3404 aut
844 3347 1038 3404 cibum
1051 3347 1252 3416 alium,
1277 3351 1488 3420 praeter
1503 3361 1718 3417 panem
1744 3349 1802 3400 et
1832 3361 2066 3416 aquam,

463 3435 572 3492 nisi
592 3436 652 3491 in
682 3436 974 3508 praeclaris
1003 3435 1466 3491 solemnitatibus
1488 3451 1607 3489 non
1633 3433 1978 3504 attingebat.

534 3528 622 3582 10.
648 3524 896 3580 Tantum
929 3523 979 3580 ei
1005 3523 1286 3580 Dominus
1323 3523 1398 3578 ob
1413 3523 1598 3578 beatae
1629 3521 1757 3576 vitae
1797 3520 2069 3575 meritum

463 3613 718 3686 gratiam
740 3616 1122 3680 concesserat,
1137 3615 1200 3667 ut
1230 3612 1664 3684 quibuscunque
1689 3608 1936 3664 inﬁrmis
1957 3607 2072 3663 sive

461 3701 924 3758 febricitantibus
956 3717 1164 3756 manus
1202 3699 1564 3770 imponebat,
1613 3697 1780 3752 saluti
1818 3696 2073 3766 pristinae

460 3790 809 3847 restitueret.
842 3789 920 3844 Ea
949 3788 1124 3860 igitur
1155 3787 1226 3842 de
1255 3786 1347 3841 die
1376 3786 1434 3840 in
1464 3785 1621 3839 diem
1641 3783 2075 3856 proliciente,et

461 3879 534 3935 de
561 3878 771 3933 virtute
801 3877 861 3932 in
887 3876 1161 3931 virtutem
1199 3872 1767 3936 ascendente,tribus
1795 3872 1986 3926 lustris
2013 3871 2072 3926 in

465 3965 772 4039 asperitate
799 3965 1062 4035 vitaajam
1087 3963 1356 4036 peractis,
1375 3961 1486 4016 diei
1502 3962 1781 4032 paschalis
1799 3961 2073 4017 solemni-

466 4055 679 4110 tatibus
708 4051 952 4123 contigit
1001 4050 1344 4122 perticulam
1383 4049 1550 4122 piscis
1585 4049 1664 4104 illi
1710 4051 1783 4104 ad
1812 4065 2074 4105 mensam

458 4139 690 4198 "sedenti
709 4139 945 4212 apponi.
980 4138 1118 4203 Quae
1151 4138 1327 4210 (quod
1347 4137 1690 4192 admirabile
1721 4137 1873 4193 dictu
1897 4141 1983 4194 est
2019 4139 2078 4192 et

465 4229 628 4302 quasi
651 4226 1006 4294 incredibile)
1029 4227 1181 4282 inter
1201 4243 1406 4282 manus
1425 4226 1600 4299 ipsius
1615 4228 1673 4282 in
1689 4243 1926 4282 carnem
1937 4243 2080 4281 con-

467 4333 651 4385 versa,
671 4315 836 4371 valde
861 4331 991 4370 eam
1017 4315 1350 4388 perterruit,
1377 4319 1434 4371 et
1458 4332 1588 4371 cum
1615 4315 1936 4370 vehementi
1960 4318 2079 4369 stu-

469 4421 609 4480 pore
638 4403 908 4460 ministro
940 4403 1256 4476 indignans
1283 4405 1394 4460 ait:
1415 4424 1447 4458 ς
1474 4406 1737 4477 Ignoscat
1765 4403 1870 4458 tibi
1897 4405 2074 4459 Deus:

2145 693 2444 750 convertit.

2223 813 2306 864 l2.
2327 809 2435 862 Ter
2455 806 2645 880 quinis
2664 807 2841 879 igitur
2861 806 3026 862 annis
3046 821 3176 862 cum
3191 804 3408 862 duobus
3423 809 3543 879 post
3554 809 3698 879 patris

2150 900 2402 951 mortem
2433 895 2690 968 expletis,
2719 913 2850 951 eum
2881 894 3072 951 divina
3121 893 3460 950 revelatione
3485 898 3700 954 extrema

2146 986 2314 1058 hujus
2339 985 2478 1040 lucis
2503 989 2771 1055 tempora
2799 983 3108 1041 imminere
3131 982 3237 1039 sibi
3261 984 3510 1050 sentiret,
3525 1001 3696 1040 convo-

2148 1075 2286 1130 catis
2335 1074 2727 1130 sacerdotibus
2797 1075 2990 1129 oleum
3049 1075 3314 1128 sanctum
3379 1072 3554 1143 petiit:
3609 1088 3696 1145 quo

2149 1168 2404 1236 accepto,
2435 1179 2676 1236 corpore
2709 1165 2767 1217 et
2797 1161 3076 1234 sanguine
3107 1161 3191 1216 sui
3209 1161 3585 1232 Redemptoris
3605 1161 3696 1217 exi-

2147 1256 2274 1308 tum
2327 1269 2492 1307 suum
2526 1249 2901 1316 consecravit,
2953 1253 3012 1304 et
3041 1249 3118 1304 sic
3163 1247 3425 1304 ultimum
3478 1248 3698 1320 spiritum

2149 1342 2289 1396 coelo
2319 1340 2593 1396 reddidit.

2225 1451 2309 1504 13.
2342 1446 2690 1519 Congregati
2720 1445 3139 1518 igiturcognati
3159 1449 3218 1500 et
3241 1445 3406 1500 amici
3436 1445 3562 1516 ejus,
3581 1441 3695 1498 servi

2150 1539 2207 1590 et
2228 1535 2468 1602 ancillas,
2503 1539 2560 1590 et
2589 1535 2764 1590 etiam
2787 1535 3036 1606 majores
3067 1533 3322 1605 regionis
3364 1532 3518 1599 illius,
3541 1532 3605 1588 ad
3627 1548 3694 1587 se-

2155 1625 2487 1696 peliendum
2514 1640 2644 1678 eam
2679 1626 3095 1687 convenerunt,
3129 1621 3404 1694 illamque
3431 1621 3698 1676 modocon-

2153 1729 2296 1785 grno
2315 1713 2482 1784 juxta
2509 1713 2797 1766 tumulum
2821 1713 3132 1780 parentum
3150 1708 3588 1764 recondiderunt.
3610 1706 3696 1762 Sed

2153 1818 2283 1855 cum
2308 1801 2365 1854 in
2420 1817 2533 1872 quo
2577 1816 2705 1855 eam
2746 1799 3137 1854 reconderent
3170 1798 3563 1870 sarcophagum
3606 1811 3696 1849 non

2156 1891 2439 1945 haberent
2475 1888 2790 1960 lapideum,
2823 1903 3072 1959 quorum
3099 1887 3156 1942 in
3183 1887 3290 1942 hac
3313 1886 3532 1958 regione
3561 1899 3702 1957 penu-

2155 1977 2241 2032 ria
2266 1980 2372 2043 est,
2415 1993 2691 2048 quercum
2716 1991 2994 2046 magnam
3009 1975 3175 2045 juxta
3202 1975 3469 2046 templum
3496 1975 3701 2027 stantem

2158 2066 2544 2133 succiderunt,
2581 2065 2775 2136 illique
2815 2081 2884 2119 ex
2923 2063 3130 2118 eadem
3182 2078 3390 2134 quercu
3425 2058 3578 2115 vasin
3612 2073 3701 2130 quo

2158 2153 2346 2226 posita
2373 2156 2478 2220 est,
2511 2155 2874 2224 aptaverunt.
2908 2151 3167 2215 Quantas
3221 2154 3411 2205 autem
3453 2163 3547 2220 per
3577 2146 3702 2200 illam

2158 2241 2396 2296 virtutes
2425 2240 2703 2296 Dominus
2737 2240 2798 2294 in
2829 2240 3038 2295 eodem
3085 2239 3214 2295 loco
3243 2235 3459 2310 operari
3485 2234 3704 2306 dignatus

2161 2333 2265 2396 est,
2305 2346 2410 2384 nec
2440 2345 2606 2384 mens
2627 2332 2825 2383 nostra
2852 2329 3004 2382 valet
3033 2326 3230 2392 edere,
3263 2341 3365 2380 nec
3388 2325 3566 2395 lingua
3585 2319 3704 2375 suffi-

2159 2419 2238 2473 cit
2265 2417 2570 2488 explicare.
2603 2416 2759 2471 Multi
2782 2415 2942 2470 enim
2973 2414 3133 2480 caci,
3183 2412 3480 2468 luminibus
3515 2407 3704 2473 redditi,

2160 2505 2280 2560 sine
2310 2505 2452 2560 duce
2480 2507 2720 2560 domum
2749 2503 3084 2570 redierunt;
3115 2501 3281 2557 multi
3301 2499 3474 2556 claudi
3497 2494 3702 2552 solidatis

2158 2594 2390 2648 basibus
2419 2593 2592 2648 erecti
2623 2596 2788 2659 sunt;
2847 2591 3030 2646 surdis
3085 2591 3312 2646 auditus
3341 2587 3596 2650 redditus;
3617 2583 3702 2636 lin-

2161 2698 2287 2754 gua:
2320 2685 2616 2736 mutorum
2641 2681 2872 2745 solutae;
2895 2680 3307 2750 daamonesque
3335 2676 3404 2732 ad
3424 2677 3534 2746 ejus
3550 2669 3699 2744 sepul-

2160 2773 2349 2824 turam
2379 2786 2446 2823 ex
2471 2769 2711 2824 obsessis
2741 2767 3083 2839 corporibus
3119 2765 3339 2838 expulsi
3361 2766 3499 2818 sunt.

2238 2885 2323 2940 14.
2358 2883 2500 2938 Cum
2529 2899 2666 2954 ergo
2701 2885 2789 2936 tot
2807 2897 2874 2936 ac
2899 2881 3076 2936 tantis
3108 2879 3395 2936 miraculis
3413 2877 3521 2948 ejus
3538 2871 3705 2930 sancti-

2161 2978 2251 3030 tas
2271 2974 2496 3044 pollens
2523 2974 2696 3043 longe
2727 2973 2956 3043 lateque
2987 2972 3345 3035 claresceret,
3384 2965 3572 3040 placuit
3606 2960 3705 3034 post

2165 3061 2532 3132 septennium
2561 3059 2760 3114 amicis
2789 3061 2847 3114 et
2867 3058 3062 3113 vicinis
3084 3059 3210 3130 ejus
3237 3055 3619 3128 sarcophagum
3640 3047 3704 3103 vi-

2167 3149 2326 3211 dere,
2344 3151 2421 3216 et,
2453 3149 2497 3202 si
2537 3149 2790 3220 possent,
2805 3147 2862 3202 in
2884 3146 3083 3201 melius
3103 3147 3176 3201 ad
3203 3148 3322 3216 ejus
3345 3145 3597 3198 honorem
3613 3151 3707 3191 mu'

2165 3241 2310 3292 tare.
2345 3239 2408 3292 ln
2437 3253 2550 3308 quo
2571 3238 2694 3299 loce
2715 3236 2867 3292 mira
2881 3251 2971 3290 res
2992 3239 3050 3290 et
3071 3234 3404 3290 inusitatum
3424 3225 3705 3286 miraculum

2168 3326 2553 3397 humanisque
2583 3325 2813 3380 auribus
2855 3324 3184 3379 inauditum
3221 3321 3422 3378 evenit.
3462 3319 3586 3372 Nam
3607 3326 3708 3367 cum

2169 3415 2590 3486 sarcophagum
2621 3413 2779 3468 idem
2826 3413 2884 3468 in
2943 3428 3056 3485 quo
3117 3415 3312 3467 sancta
3364 3397 3710 3486 virgojacebat

2172 3503 2448 3574 ejicerent
2473 3502 2542 3556 de
2573 3505 2748 3569 terra,
2772 3517 2905 3556 cum
2937 3499 3094 3572 prius
3111 3499 3365 3571 ligneum
3387 3494 3581 3557 fuisset,
3599 3485 3708 3559 lapi-

2173 3591 2345 3646 deum
2372 3592 2458 3644 est
2478 3589 2796 3644 inventum.
2821 3589 3006 3660 Hujus
3020 3587 3103 3643 rei
3129 3587 3334 3643 notitia
3351 3599 3472 3638 eum
3493 3593 3584 3652 per
3595 3577 3710 3631 hanc

2173 3678 2474 3749 regionem
2533 3678 2942 3750 divulgaretur,
3001 3676 3374 3747 omniumque
3415 3663 3708 3726 audientium

2175 3766 2404 3820 animos
2421 3766 2494 3820 ad
2531 3765 2762 3820 laudem
2795 3765 2892 3820 Dei
2925 3769 2983 3819 et
3005 3767 3219 3818 sanctae
3243 3757 3510 3817 Bellendis
3525 3750 3710 3810 extolle-

2173 3857 2284 3921 ret,
2311 3853 2578 3926 quzedam
2597 3852 2805 3908 mulier
2819 3869 2886 3907 ex
2899 3852 3085 3907 vicino
3099 3849 3392 3906 incredula
3403 3851 3708 3926 permanens,

2175 3946 2346 4014 atque
2359 3941 2727 3996 mendacium
2740 3957 2860 3996 esse
2874 3940 3194 4007 afﬁrmans,
3215 3939 3288 3994 ad
3304 3933 3582 3992 videndum
3595 3925 3708 3981 male

2176 4031 2408 4086 credula
2454 4029 2627 4084 venit.
2688 4029 2801 4084 Sed
2832 4045 2965 4084 mox
2990 4031 3052 4082 ut
3091 4028 3235 4084 vidit
3273 4021 3662 4092 sarcophagum,
3684 4025 3709 4062 ³

2177 4122 2442 4176 daemone
2469 4123 2699 4190 arrepta
2722 4118 2794 4173 ad
2825 4121 3040 4172 terram
3071 4115 3302 4182 cecidit;
3341 4127 3459 4185 quae
3504 4121 3591 4178 per

2179 4210 2356 4264 duum
2407 4207 2705 4273 exanimis,
2749 4222 2868 4261 non
2914 4205 3155 4260 audiens
3203 4217 3386 4274 neque
3422 4195 3610 4256 videns,

2171 4297 2370 4368 jacuit,
2405 4295 2588 4350 donec
2637 4294 2798 4366 virgo
2826 4293 3229 4358 sacratissima,
3257 4285 3543 4345 astantium
3570 4288 3705 4350 proel-

2179 4387 2284 4440 bus
2312 4385 2556 4456 pulsata,
2587 4382 2840 4454 pristinae
2871 4380 3036 4435 saluti
3061 4396 3192 4435 eam
3222 4373 3478 4434 restituit.

466 4509 645 4568 quare
675 4508 772 4548 me
800 4491 878 4547 sic
909 4491 1150 4549 illudere
1180 4493 1452 4548 voluisti?
1480 4492 1698 4547 sciebas
1719 4508 1814 4546 me
1841 4507 2078 4546 carnem
2102 4506 2156 4565 D
2255 4494 2338 4546 15.
2362 4488 2577 4552 Quibus
2603 4486 2890 4542 miraculis
2918 4490 3039 4542 tam
3064 4483 3330 4558 jucundis
3349 4485 3562 4548 tamque
3585 4463 3707 4524 miri‘

465 4597 586 4637 non
617 4583 1024 4648 comesturam,
1047 4584 1106 4636 et
1159 4597 1291 4636 eam
1335 4580 1480 4635 mihi
1533 4579 1865 4651 apposuisti.
1891 4597 1922 4630 »
1955 4578 2078 4644 Quo

467 4673 718 4741 negante
739 4673 798 4725 et
821 4669 1031 4725 obnixe
1058 4670 1314 4741 jurante,
1344 4668 1626 4724 intellexit
1667 4669 1776 4722 hoc
1805 4666 1907 4722 Dei
1935 4671 2081 4723 nutu

462 4758 682 4813 factum
719 4756 912 4814 fuisse.
946 4758 1272 4829 Parumque
1303 4755 1569 4828 gustavit,
1602 4757 1660 4810 et
1703 4773 1737 4810 a
1764 4773 1821 4809 se
1845 4755 2078 4810 submo-

466 4845 564 4910 vit,
597 4845 976 4919 protinusque
1007 4862 1043 4900 a
1058 4861 1265 4900 mensa
1291 4861 1556 4917 surgens,
1579 4843 1839 4898 Ecclesiae
1863 4847 1922 4898 et
1945 4860 2078 4898 ora-

466 4933 613 4990 tioni
643 4934 718 4990 ad
746 4934 982 4990 laudem
1008 4932 1094 4988 sui
1122 4931 1408 4988 Creatoris
1435 4948 1495 4988 se
1521 4930 1792 4988 reddidit.

546 5026 630 5078 ll.
665 5022 793 5078 Hoc
823 5021 1001 5076 etiam
1018 5019 1246 5076 silentio
1277 5019 1562 5092 supprimi
1592 5019 1896 5090 indignum
1932 5019 2081 5073 arbi-

467 5114 612 5180 tror,
671 5108 824 5182 quod
877 5108 972 5163 ille
1019 5108 1115 5181 qui
1200 5124 1394 5164 servos
1449 5124 1580 5162 suos
1610 5107 1957 5180 gloriﬁcare
2015 5124 2080 5162 ac

470 5197 848 5273 magniﬁcare
881 5215 1185 5272 nunquam
1203 5198 1442 5266 distulit,
1457 5198 1729 5270 poculum
1756 5213 1918 5268 aquae
1947 5213 2081 5268 qua-

539 5316 692 5385 (499)
745 5315 1056 5382 Merbecca,
1122 5313 1392 5380 Merbeke,
1439 5312 1594 5367 vicus
1647 5311 1973 5385 Brabantige
2021 5312 2079 5366 in

469 5382 700 5465 diqecesi
736 5385 1328 5465 hiechliniensi,_haud
1360 5385 1557 5465 procul
1579 5383 1888 5465 a‘liivpn‘ia.
1913 5382 2079 5465 lf‘lan-

472 5456 882 5536 ériaeﬁppido-
917 5457 1106 5536 itaque
1146 5453 1379 5536 Μὲτεειιέ
1419 5455 1695 5536 ἐιξ,¹ἰειεὲί³
1735 5453 1994 5536 βτξιείςέει
2020 5455 2080 5535 Is
2160 5491 2164 5496 -

473 5523 752 5582 divisione
775 5527 942 5598 regni
965 5523 1216 5582 L'otharii
1241 5529 1521 5598 anno_870
1541 5525 1714 5592 facta,
1737 5523 1889 5579 inter
1901 5523 2082 5598 Belgii

474 5597 830 5652 monasteria
847 5595 1186 5654 nominatur
1203 5596 1584 5662 Merrebecchi,
1607 5611 1762 5650 nunc
1781 5595 2083 5662 parochia-

476 5611 830 5652 monasteria
847 5611 1186 5654 nominatur
1203 5611 1584 5662 Merreoeccm,
1607 5611 1762 5650 nunc
1821 5611 1936 5649 arm

476 5664 560 5740 lis!
569 5668 632 5740 et
649 5665 966 5740 collegiata
980 5671 1204 5740 septem
1234 5667 1664 5740 sacellanorum‘
1681 5611 1936 5740 ecclesia.

545 5733 696 5804 (500)
721 5733 965 5790 Fortean
995 5733 1439 5805 a'Fresonibus,
1491 5737 1590 5808 qui
1617 5734 1830 5790 vicinas
1859 5735 1964 5790 sibi
1995 5751 2082 5790 re-

2178 4577 2300 4632 ficis
2333 4577 2522 4632 omnis
2550 4576 2709 4648 regio
2749 4577 3017 4648 permota
3046 4572 3313 4639 occurrit,
3350 4571 3406 4624 et
3443 4565 3496 4621 in
3537 4561 3707 4648 honoie

2178 4667 2360 4721 beatae
2387 4663 2486 4720 Dei
2530 4637 2826 4734 genitricis
2872 4663 3062 4718 Mariae
3122 4637 3438 4729 sanctisque
3486 4637 3708 4739 Bellendis

2179 4753 2414 4826 virginis
2442 4753 2740 4808 ecclesiam
2772 4751 2830 4805 in
2870 4767 2984 4822 qua
3015 4766 3166 4805 nunc
3185 4741 3496 4820 requiescit,
3520 4733 3708 4821 fabrictt'

2177 4843 2273 4896 vit.
2294 4840 2602 4895 Tricesimo
2623 4840 2818 4911 itaque
2843 4837 3212 4910 depositionis
3249 4850 3360 4889 sua:
3381 4842 3539 4914 anno,
3564 4827 3707 4914 01130"

2181 4931 2488 4986 multitudo
2515 4930 2896 4984 finitimarum
2921 4927 3246 4999 regionum,
3291 4920 3478 4978 divina
3520 4913 3708 4999 insplfl'

2179 5021 2336 5074 tione
2363 5019 2580 5086 afﬂata,
2609 5017 2878 5072 convenit
2915 4990 3045 5071 cum
3071 4990 3292 5070 duobus
3333 4999 3598 5086 episcopis1
3635 4990 3708 5045 0⁸·

2183 5107 2498 5162 meracensi
2533 5105 2818 5172 videlicet,
2848 5104 3085 5158 nomine
3105 5101 3376 5156 Ausberto
3408 5083 3708 5172 (i’)01‘,'l'0_ﬂ|a

2180 5195 2470 5267 censique,
2502 5193 2738 5248 nomine
2771 5193 3076 5259 Norberto,
3127 5187 3222 5262 qui
3252 5199 3378 5241 eam
3406 5180 3471 5234 de
3504 5167 3705 5242 εθΡυῘθτθ

2181 5311 2384 5383 giones
2405 5308 2610 5379 saepius
2625 5307 2988 5383 infestarunt.
3014 5302 3506 5383 NamHunnorum
3519 5288 3705 5383 30mm"

2183 5371 2418 5436 veniunt
2444 5371 2867 5450 nonnunquam
2898 5377 3025 5431 alia;
3045 5373 3302 5450 barbaras
3328 5371 3582 5450 natigligs:

2252 5419 2418 5522 ἱξόἱΐ
2444 5419 2867 5522 Ἑῖἑὲίῖυᾞῖῖᾟῖ
2883 5419 3398 5522 Regia;ng
3442 5419 3704 5522 animi"?

2180 5493 2488 5598 Au‘tbertns
2513 5521 2692 5598 enim,
2734 5493 2834 5598 ,qui
2881 5519 2991 5598 hoc
3043 5519 3176 5598 loco.
3211 5493 3704 5598 designagnvﬁtﬂ

2182 5597 2315 5648 ante
2348 5565 2692 5646 Bellendem,
2719 5565 2904 5644 vivere
2940 5588 3210 5650 desierat;
3253 5565 3360 5636 ιιθέ
3382 5575 3514 5650 ulla?
3536 5565 3684 5650 Τίξξίξξ

2182 5635 2696 5742 ἓέιῖἓίιξιῖἴέβὲἱόὶ)
2706 5635 2767 5716 iis
2783 5635 3365 5716 ἰῖὀῖηἷιῖἑίἷοτὶίθέιιιε
3381 5635 3703 5702 Florbertusve

2181 5736 2487 5804 reperitur.
