3892 6214
420 417 570 500 'iiis

1566 428 1896 496 uesicam
1927 434 2212 494 seems
2241 415 2595 494 LOBIENSIS

3597 431 3724 498 illi

439 553 690 626 accessit,
742 557 867 612 tum
915 555 1178 615 omnium
1224 573 1322 613 ore
1365 575 1507 630 puer
1548 559 1860 627 extollitur,
1900 561 2022 613 tum
2045 560 2098 620 Α
2123 557 2194 612 ab
2208 558 2415 613 eodem
2439 559 2723 628 Frangere
2735 554 3443 614 commemorabatmultis
3463 551 3730 616 attestan-

425 647 600 702 etiam
641 661 734 701 res
763 645 1034 702 divinitus
1066 650 1225 718 gesta
1250 664 1382 702 cum
1425 647 1748 702 obedientis
1790 647 2019 714 merito,

411 734 670 804 jubentis
685 733 930 806 imperio
950 736 1266 790 ascribitur.
1282 737 1479 808 Itaque
1501 753 1566 790 ex
1597 735 1887 808 utriusque
1899 752 2022 790 san-

415 820 610 876 ctitate
656 822 832 878 virtus
860 823 1062 879 eadem
1115 827 1240 878 aeta
1269 824 1540 880 Creditur.
1582 824 1936 894 Operabatur
1964 825 2021 877 et

411 908 522 966 alia
531 910 714 967 multa
723 928 828 984 per
837 928 1038 967 eorum
1049 913 1320 968 meritum
1335 912 1445 966 illic
1455 911 1706 968 Christus
1721 911 2013 966 miracula.

1047 1002 1272 1057 CAPUT
1311 1002 1376 1056 II.

595 1089 780 1144 Varia:
823 1090 1193 1145 translationes
1247 1091 1622 1145 Wintershovii
1655 1089 1832 1157 facta.

485 1177 739 1243 Quorum
760 1195 994 1233 rumore
1022 1177 1165 1250 (526)
1189 1177 1537 1234 Childericus
1563 1195 1684 1244 rex,
1714 1175 2010 1245 tunc(527)

415 1265 614 1321 sedem
639 1267 861 1320 habens
888 1267 1038 1338 apud
1087 1267 1596 1337 (528)1‘rajectum,
1627 1268 1810 1319 tactus
1856 1280 2016 1318 com-

413 1354 754 1431 punctione,
785 1359 1043 1427 sumptus
1068 1354 1416 1409 necessarios
1457 1354 1724 1408 mittebat
1747 1353 1798 1407 ei
1828 1351 2015 1424 quoti-

409 1441 523 1496 die.
569 1442 683 1498 Sed
713 1443 963 1514 quadam
993 1443 1112 1497 vice
1155 1443 1437 1498 Adrianus
1461 1442 1717 1515 quidam,
1754 1441 2011 1512 ejusdem

412 1528 564 1583 beati
593 1529 698 1584 viri
727 1529 802 1585 ad
821 1547 1019 1602 regem
1044 1530 1454 1595 internuntius,
1482 1529 1664 1584 nimia
1692 1529 1815 1582 auri
1841 1531 1898 1582 et
1928 1544 2014 1582 ar-

411 1617 572 1686 genti
629 1619 888 1690 pondera
935 1619 1239 1691 deportare
1295 1618 1563 1684 creditus,
1617 1633 1650 1671 a
1691 1616 2012 1671 latronibus

407 1707 493 1758 est
517 1704 884 1777 interceptus,
907 1709 964 1762 et
994 1707 1051 1761 in
1081 1707 1272 1761 medio
1321 1707 1422 1760 via
1455 1707 1578 1760 loco
1617 1705 1812 1760 Villari
1855 1721 2012 1759 mar-

401 1791 619 1862 tyrium
650 1792 904 1864 adeptus.
958 1794 1158 1848 Beatus
1179 1809 1312 1847 vero
1343 1792 1726 1857 Landoaldus,
1779 1808 2006 1846 cursum

2123 645 2274 701 tibus
2297 663 2355 700 se
2385 647 2631 714 audisse,
2663 650 2720 702 et
2749 647 3010 702 libellum
3041 647 3111 702 de
3134 647 3248 702 vita
3289 665 3498 704 eorum
3524 649 3730 722 pariter
3845 633 3847 762 1

2123 733 2320 762 νει-κων.
2348 735 2543 762 In.--”
2573 736 2700 762 ,ηπ-ζ..
2732 736 3051 762 ...ιιζι-...ιηζ.ι
3081 753 3254 762 ...η-ι--
3315 741 3725 762 Αη““--.Α--ι

2119 733 2320 788 vidisse
2347 735 2547 807 (quem
2570 736 2705 807 quia
2731 736 3059 808 antiquaria
3079 753 3258 791 manu
3311 741 3729 794 commemorat

2117 822 2388 892 scriptum
2417 826 2475 877 et
2511 841 2544 877 a
2572 823 2859 878 stillicidio
2889 841 3034 878 cera
3067 841 3216 896 pene
3247 825 3528 893 infusum,
3554 826 3720 881 lecto-

2115 925 2242 963 rem
2271 911 2394 981 ejus
2424 928 2540 965 non
2572 911 2907 981 ignoramus
2936 912 3110 966 fuisse
3141 913 3492 983 perrarum),
3520 917 3580 969 at
3597 931 3724 970 vero

2117 1014 2244 1068 qua
2263 999 2537 1054 hactenus
2566 1001 2758 1071 paucis
2779 999 3220 1070 perstrinximus
3239 1000 3449 1069 verbis,
3483 1001 3644 1056 illinc
3673 1019 3723 1057 se

2116 1085 2416 1153 delibasse,
2431 1088 2762 1158 nuperrime
2785 1103 2917 1142 vero
2941 1087 3268 1142 incursione
3291 1089 3446 1160 (531)
3467 1091 3722 1160 Hungro-

2113 1189 2264 1238 rum,
2293 1179 2526 1246 propter
2557 1175 2838 1229 incuriam
2882 1175 3206 1241 custodum,
3239 1193 3373 1230 cum
3395 1176 3526 1230 aliis
3561 1179 3725 1233 rebus

2114 1261 2382 1315 eumdem
2414 1263 2672 1316 libellum
2705 1263 3051 1334 deflagrasse
3083 1279 3094 1316 :
3129 1263 3243 1318 Sed
3272 1263 3395 1318 hac
3427 1263 3718 1321 hactenus.

2185 1350 2235 1402 8.
2263 1350 2395 1403 Post
2419 1351 2892 1404 Nortmannicam
2935 1354 3130 1405 autem
3152 1352 3572 1423 repulsionem,
3611 1354 3720 1424 pri-

2112 1451 2240 1488 mus
2254 1437 2492 1508 quidam
2513 1438 2751 1492 nomine
2770 1439 3098 1493 Tietboldus
3117 1440 3307 1493 locum
3338 1440 3716 1511 pralibatum,

2112 1525 2208 1578 ubi
2261 1541 2503 1597 corpora
2547 1531 2876 1582 sanctorum
2932 1531 3099 1582 erant
3137 1528 3412 1599 reposita,
3453 1546 3488 1583 a
3516 1531 3718 1585 comite

2113 1613 2767 1681 Flandrensi,abbatiam
2785 1617 2926 1686 (532)
2948 1616 3126 1669 sancti
3148 1617 3498 1670 confessoris
3519 1617 3716 1672 Christi

2110 1701 2349 1756 Bavonis
2377 1707 2634 1771 tenente,
2679 1704 2894 1775 accepit
2916 1705 3047 1776 jure
3073 1705 3340 1758 beneficii
3365 1723 3378 1772 ;
3435 1708 3568 1777 post
3595 1723 3717 1761 eum

2109 1790 2492 1862 Adelgandus.
2519 1793 2625 1856 Qui
2646 1793 2835 1863 potius
2859 1793 3180 1862 cogitantes
3206 1809 3334 1864 qua
3367 1797 3504 1846 sunt
3523 1794 3718 1850 mundi

400 1877 535 1933 vita
565 1880 864 1950 prasentis
889 1881 1142 1952 explens,
1170 1880 1230 1934 in
1261 1883 1554 1934 senectute
1595 1879 1749 1934 bona
1802 1896 2006 1950 repau-
2027 1869 2079 1932 B
2108 1895 2280 1950 quam
2305 1897 2432 1950 qua
2455 1884 2586 1934 sunt
2613 1881 3130 1952 Domini,aliquem
3147 1882 3489 1936 reverentia
3510 1883 3716 1938 cultum

402 1965 684 2021 sationem
721 1966 1006 2039 indeptus,
1037 1967 1334 2022 hominem
1361 1967 1537 2032 exuit,
1562 1966 1821 2021 bravium
1843 1983 2004 2021 coro-

403 2069 493 2108 na
523 2056 795 2124 perennis
824 2055 1060 2127 accepit,
1077 2055 1328 2127 sepultus
1355 2055 1412 2108 in
1435 2054 1673 2108 ecclesia
1692 2070 1864 2126 quam
1887 2053 2004 2124 ipse

403 2139 785 2196 adiﬁcaverat
838 2146 898 2198 et
944 2141 1003 2196 in
1059 2144 1282 2198 honore
1319 2142 1379 2196 Β.
1411 2141 1562 2196 Petri
1590 2157 1693 2212 per
1724 2141 2005 2195 Kalendas

399 2227 731 2284 Decembris
756 2229 1134 2285 dedicaverat.
1169 2227 1418 2283 Decessit
1459 2231 1651 2282 autem
1696 2227 2004 2299 quartode-

397 2315 551 2372 cimo
582 2318 864 2374 Kalendas
909 2317 1135 2390 Aprilis.
1169 2317 1283 2371 Sed
1309 2319 1366 2370 et
1383 2316 1622 2370 comites
1662 2315 2006 2387 peregrina-

399 2404 574 2460 tionis
603 2405 724 2478 ejus
771 2423 942 2478 supra
990 2404 1369 2471 denominati,
1413 2403 1548 2471 suis,
1589 2407 1760 2474 prout
1783 2402 2004 2458 Christo

401 2491 588 2561 libuit,
615 2493 974 2567 temporibus
1020 2493 1093 2547 ab
1123 2493 1230 2547 hac
1260 2493 1382 2546 luce
1421 2490 1658 2556 evocati,
1689 2491 1840 2544 circa
1873 2507 2006 2544 eum

401 2584 535 2637 sunt
572 2581 632 2637 in
671 2582 876 2637 eadem
901 2581 1138 2636 ecclesia
1165 2579 1454 2635 tumulati.
1490 2579 1655 2634 Solus
1683 2580 1883 2634 beatus
1907 2595 2008 2634 no-

401 2669 560 2725 mine
591 2673 649 2725 et
676 2669 886 2726 merito
912 2668 1212 2724 Amantius
1251 2668 1526 2722 diaconus
1551 2667 1612 2721 in
1639 2667 1843 2723 eadem
1872 2684 2003 2722 cum

399 2756 520 2830 ipso
551 2759 736 2825 theca,
760 2757 894 2829 quia
923 2758 1065 2828 ejus,
1104 2759 1167 2810 ut
1195 2756 1352 2811 fama
1377 2756 1511 2821 fert,
1561 2755 1620 2809 in
1660 2755 2001 2827 baptismate

397 2845 548 2902 ﬁlius
568 2845 857 2908 extiterat,
885 2844 1114 2917 sepeliri
1141 2847 1226 2899 est
1249 2846 1574 2899 contentus.

471 2939 526 2990 7.
561 2932 828 2988 Plurimis
853 2933 1063 2988 deinde
1118 2933 1322 3005 elapsis
1363 2948 1651 2987 annorum
1687 2932 1998 3000 curriculis,

401 3023 459 3078 8.
493 3022 876 3088 Florebertus,
902 3022 1073 3077 tertio
1115 3023 1241 3077 loco
1279 3024 1409 3093 post
1437 3021 1494 3077 8.
1527 3022 1896 3076 Lambertum
1915 3038 2003 3076 re-

2107 1971 2435 2022 sanctorum
2466 1969 2954 2040 parvipenderunt
2993 1969 3281 2040 reliquum
3309 1987 3435 2024 esse
3465 1969 3674 2025 honori
3703 1988 3716 2025 :

2105 2055 2371 2126 quocirca
2391 2056 2664 2127 paulatim
2689 2057 2886 2111 haberi
2908 2055 3078 2128 capit
3097 2058 3482 2128 contemptui.
3503 2044 3577 2113 Ut
3595 2075 3716 2114 vero

2107 2146 2492 2213 Aper,nostra
2514 2145 2665 2198 atati
2691 2144 2989 2212 ﬁnitimus,
3015 2160 3146 2198 cum
3169 2145 3301 2198 ﬁliis
3317 2145 3516 2200 locum
3540 2147 3717 2218 ipsum

2105 2232 2363 2302 precario
2384 2233 2616 2286 sortitus
2637 2235 2740 2298 est,
2757 2232 2904 2303 jam,
2929 2231 3102 2304 ipsius
3125 2232 3223 2287 Dei
3255 2233 3473 2288 timore
3493 2239 3716 2307 postpo-

2106 2319 2234 2386 sito,
2259 2320 2496 2374 ecclesia
2525 2320 2648 2392 ipsa
2667 2337 2786 2376 non
2807 2323 3034 2374 tantum
3055 2321 3237 2374 sancti
3263 2321 3494 2376 honore
3514 2323 3715 2378 conde-

2107 2408 2247 2473 bito,
2279 2425 2477 2462 verum
2507 2425 2608 2464 suo
2663 2409 2904 2464 omnino
2951 2411 3186 2463 vacuata
3214 2411 3301 2464 est
3347 2412 3711 2466 ornamento.

2103 2497 2454 2552 Wandoldus
2484 2497 2752 2568 deinceps
2782 2497 2841 2551 in
2873 2495 3134 2551 dominio
3161 2497 3424 2568 ejusdem
3457 2500 3716 2554 successit

2103 2585 2270 2651 villae,
2303 2586 2401 2640 ubi
2448 2589 2505 2640 et
2546 2586 2764 2658 accepit
2800 2587 2992 2640 locum
3035 2586 3344 2658 sepultura
3376 2603 3389 2640 :
3423 2603 3535 2658 pro
3563 2588 3716 2660 cujus

2104 2674 2484 2729 tumulatione
2532 2675 2682 2728 ﬁlius
2733 2673 2944 2728 deinde
2997 2673 3120 2745 ejus
3172 2673 3323 2745 (533)
3381 2675 3716 2731 Lambertus

2102 2762 2292 2818 cordis
2314 2765 2497 2817 tactus
2525 2766 2610 2817 est
2639 2762 2962 2829 devotione,
2989 2765 3053 2816 ut
3079 2762 3273 2817 locum
3297 2763 3456 2818 hunc
3488 2763 3718 2819 deberet

2103 2852 2386 2918 excolere,
2398 2851 2726 2924 pariterque
2745 2851 3178 2918 miraculorum,
3192 2867 3322 2922 qua
3343 2851 3462 2906 illic
3484 2852 3713 2919 ﬁebant,

2103 2957 2408 3010 suspensus
2428 2939 2844 2994 admonitione.
2871 2940 3148 3011 Namque,
3164 2939 3416 2994 Domino
3436 2940 3714 3011 pradinm

2101 3029 2288 3100 ipsum
2322 3029 2428 3083 sibi
2475 3032 2610 3082 tunc
2639 3028 2984 3094 vindicante,
3016 3043 3052 3081 a
3077 3027 3296 3094 vicinis,
3327 3029 3714 3100 praeeuntibus

397 3110 1073 3202 gens'ljrajectenseuvel
1125 3109 1440 3202 beodiense
1497 3109 1868 3202 episcopium,
1897 3126 2000 3202 au-
2033 3115 3114 3202 Cinimicitiisquibusdam,dissidente
3131 3115 3714 3189 familiaipsius,villa

401 3198 524 3254 dita
550 3197 666 3253 illic
694 3197 1065 3255 multitudine
1112 3198 1434 3271 signorum,
1484 3197 1738 3253 monitus
1787 3197 2003 3269 pariter

396 3286 684 3360 responsis
707 3286 1014 3355 visionum,
1039 3305 1136 3344 eos
1155 3287 1312 3342 illinc
1333 3304 1463 3342 cum
1487 3286 1660 3358 digna
1681 3286 2002 3341 reverentia

395 3376 710 3443 transtulit,
743 3379 800 3430 et
838 3393 1038 3432 eorum
1081 3377 1310 3431 tumbas
1350 3391 1456 3448 pro
1499 3373 1871 3446 possibilitate
1899 3391 2001 3428 sua

398 3463 656 3520 decorari
681 3464 995 3519 mandavit.
1025 3465 1193 3519 Facta
1230 3467 1316 3518 est
1338 3467 1532 3518 autem
1559 3463 1681 3516 hac
1702 3462 1998 3517 translatio

394 3552 635 3608 Kalend.
668 3550 1016 3620 Decembris,
1048 3568 1162 3624 quo
1191 3556 1249 3606 et
1289 3551 1711 3606 dedicationem
1741 3550 2000 3621 ejusdem

394 3640 647 3696 ecclesia
677 3658 850 3712 supra
891 3641 1139 3695 diximus
1185 3642 1590 3694 memoratam.
1635 3639 1838 3693 Mansit
1862 3655 1996 3693 vero

394 3728 602 3796 honor,
615 3730 799 3783 cultus
820 3731 877 3783 et
894 3727 1220 3784 reverentia
1238 3727 1390 3780 circa
1408 3730 1736 3780 sanctorum
1758 3742 1999 3798 corpora

393 3817 765 3889 quoadusque
779 3815 956 3871 effera
973 3831 1116 3885 gens
1141 3816 1627 3880 Normannorum,
1643 3813 1871 3868 sedibus
1885 3813 1997 3868 suis

394 3921 514 3960 non
544 3905 838 3971 contenta,
865 3904 1048 3957 totam
1078 3919 1226 3973 pene
1249 3901 1489 3956 Galliam
1519 3902 1908 3972 perturbavit:
1941 3904 2000 3957 et

393 3993 602 4048 timore
626 3996 773 4058 (529)
797 3989 1115 4061 eruptionis
1147 4006 1369 4056 eorum,
1397 4002 1470 4044 ne
1521 3989 1846 4045 sanctorum
1876 3991 2000 4046 vioc

392 4080 654 4134 larentur
698 4079 882 4144 busta,
914 4082 1082 4133 terra
1128 4080 1262 4132 sunt
1288 4095 1323 4132 a
1345 4077 1609 4134 ﬁdelibus
1632 4079 1993 4134 remandata.

2101 3205 2242 3259 telas
2262 3208 2319 3260 et
2337 3205 2476 3260 alias
2496 3203 2776 3270 vestes,ad
2797 3204 3097 3258 ecclesiam
3116 3203 3463 3275 confugium
3483 3205 3711 3272 faciens,

2102 3309 2272 3363 super
2290 3297 2618 3347 sanctorum
2647 3293 2875 3346 tumbas
2898 3291 3128 3362 abjecit,
3159 3292 3468 3363 presbyter
3486 3297 3716 3348 econtra

2103 3381 2439 3435 Sarabertus
2468 3379 2676 3434 exinde
2701 3397 2771 3434 ea
2798 3379 3138 3434 deturbavit.
3170 3378 3284 3434 Sed
3334 3379 3405 3433 iis
3449 3380 3656 3435 iterum
3681 3397 3712 3434 a

2099 3466 2320 3522 familia
2347 3467 2650 3539 reportatis
2667 3467 2905 3534 ibidem,
2919 3470 2977 3520 et
2993 3467 3328 3538 presbytero
3351 3467 3625 3522 deterrito
3641 3485 3714 3523 ne

2098 3555 2334 3610 ulterius
2353 3556 2644 3610 resisteret
2661 3555 2882 3622 eis,nox
2907 3554 3255 3626 supervenit,
3271 3557 3331 3608 et
3347 3555 3572 3610 familia
3595 3556 3713 3628 ipsa

2102 3642 2418 3698 dormitum
2465 3659 2524 3696 se
2572 3642 2788 3697 circum
2838 3641 3062 3696 locavit.
3093 3641 3254 3696 Mane
3307 3642 3709 3713 expergefacti,

2102 3731 2313 3796 vident,
2343 3731 2634 3802 insperato
2685 3733 2742 3785 et
2765 3729 2891 3784 sine
2920 3746 3022 3783 sua
3050 3728 3306 3796 lasione,
3339 3731 3484 3785 telas
3507 3735 3562 3784 et
3585 3747 3710 3802 qua

2099 3819 2502 3890 deposuerant,
2531 3819 2797 3873 ambusta
2815 3834 2956 3872 esse.

2168 3911 2221 3962 9.
2253 3908 2349 3961 Est
2370 3910 2652 3979 praeterea
2679 3905 3122 3978 phylacterium,
3155 3905 3316 3977 quod
3355 3923 3487 3962 vere
3512 3907 3710 3962 dicitur

2099 3993 2157 4049 S.
2191 3994 2502 4048 Landoaldi
2532 3993 2706 4048 fuisse
2734 3992 3056 4064 proprium,
3074 3991 3134 4046 in
3161 4008 3276 4064 quo
3298 3994 3398 4064 qui
3420 3995 3708 4066 perjurare

2097 4081 2536 4154 prasumit,non
2559 4081 2876 4153 impunitus
2893 4080 3417 4135 abscedit.Familia
3427 4082 3552 4153 plus
3570 4081 3706 4136 duo-

391 4167 532 4222 Huic
551 4165 786 4238 repositi
803 4166 902 4220 oni
921 4166 1183 4222 interfuit
1201 4167 1436 4240 quidam
1459 4168 1797 4238 Frangerus,
1819 4167 1996 4222 homo
2099 4169 2284 4224 decim
2309 4169 2561 4225 virorum
2594 4185 2658 4224 ac
2689 4169 3018 4234 mulierem,
3044 4167 3284 4238 Witgeri
3327 4172 3387 4222 et
3423 4169 3704 4223 Lamberti

395 4258 593 4311 nostra
619 4257 789 4309 atate
810 4255 1162 4323 sanissimus,
1195 4256 1291 4328 qui
1318 4259 1376 4312 et
1395 4259 1530 4312 ante
1562 4256 1992 4311 infestationem
2097 4257 2339 4312 fratrum
2357 4261 2816 4324 sacramento,ne
2833 4254 3263 4326 aufugerent,in
3279 4271 3349 4310 eo
3359 4256 3705 4328 phylacterio

391 4343 544 4416 (530)
559 4360 921 4416 paganorum
945 4361 1150 4401 novem
1169 4345 1376 4400 annuis
1391 4346 1538 4401 villa
1555 4345 1811 4416 ejusdem
1832 4345 1998 4399 exsti-
2098 4348 2182 4400 est
2201 4344 2472 4400 obstricta
2499 4361 2510 4398 :
2536 4345 2691 4416 quod
2715 4344 2944 4398 irritum
2979 4343 3214 4406 ducens,
3243 4343 3480 4415 insuper
3499 4346 3553 4397 et
3582 4344 3703 4398 the-

393 4435 544 4489 terat
569 4436 906 4505 procurator
939 4436 997 4489 et
1021 4435 1256 4490 villicus.
1311 4434 1730 4490 Hildebrandus
1767 4450 1996 4506 quoque
2019 4427 2070 4486 D
2096 4449 2329 4488 saurum
2343 4432 2401 4487 in
2415 4433 2620 4487 eadem
2632 4431 2869 4487 ecclesia
2881 4430 3254 4485 dominorum
3266 4448 3499 4487 suorum
3511 4447 3706 4488 recon-

391 4515 709 4596 presbyter,
733 4541 905 4595 quem
943 4524 1176 4596 propria
1203 4540 1381 4579 manu
1409 4526 1544 4578 ante
1579 4539 1788 4594 paucos
1813 4539 1996 4578 annos
2099 4521 2566 4590 ditum,violando
2589 4518 3134 4590 auferens,aufugit:
3150 4519 3253 4574 sed
3271 4537 3445 4577 mane
3465 4524 3703 4579 circum-

390 4612 694 4668 tumulavit
714 4612 1050 4668 Sarabertus
1069 4631 1233 4686 aque
1244 4614 1563 4686 presbyter,
1581 4612 1749 4682 hujus
1775 4611 1994 4666 notitia
2097 4609 2248 4664 circa
2267 4625 2300 4663 a
2319 4609 2796 4682 persequentibus
2815 4609 3028 4664 frustra
3050 4607 3350 4678 requisita,
3375 4615 3430 4664 et
3453 4627 3488 4664 a
3511 4628 3702 4666 rever-

389 4701 607 4757 relator
633 4701 1016 4770 ﬁdelissimus,
1049 4701 1147 4774 qui
1178 4705 1236 4756 et
1263 4702 1406 4767 hac,
1433 4715 1561 4772 qua
1590 4699 1994 4770 praemisimus,
2101 4698 2350 4752 tentibus
2369 4699 2472 4752 sub
2494 4698 2700 4752 arbore
2720 4713 2899 4769 prope
2921 4694 3220 4750 ecclesiam
3237 4695 3530 4753 dormiens
3548 4700 3700 4754 salvo

461 4811 605 4876 (526)
632 4807 983 4878 Childericus
1013 4807 1230 4878 incepit
1269 4822 1424 4878 puer
1441 4821 1688 4878 regnare
1717 4821 1848 4878 cum
1879 4807 1997 4878 lm-
2166 4802 2307 4878 (530)
2335 4803 2431 4878 Itis.
2464 4804 2676 4878 Rubea
2704 4802 2896 4878 Vallis,
2911 4781 3329 4878 ﬂungaroram.

390 4871 677 4936 mechilde
705 4878 877 4950 vidua
905 4871 1190 4950 Sigeberti
1240 4871 1430 4950 p’atrui
1468 4871 1540 4930 ab
1571 4877 1880 4950 anno‘644,
1909 4875 1995 4930 fa-
2167 4871 2319 4950 (5_3_l)
2345 4873 2598 4950 Hungari
2624 4889 2781 4950 anno
2827 4875 2933 4950 9551-
2980 4871 3608 4950 Hasbaniamﬂamma
3639 4878 3699 4930 et

391 4953 514 5006 ctus
540 4949 861 5005 monarcha
891 4942 1046 5004 anno
1076 4953 1200 5016 6‘76,
1225 4942 1442 5002 occisus
1461 4962 1618 5000 anno
1646 4947 1708 5000 67
1717 4948 1768 5000 9.
2095 4942 2313 5016 rapinis
2349 4942 2661 5012 vastarunt,
2689 4944 2903 5016 evocati
2947 4960 2985 5016 a
3021 4942 3288 5016 conrado
3332 4945 3474 5001 duce
3499 4946 3697 5001 Letha-

467 5022 616 5092 (527)
639 5021 878 5092 Exstant
897 5014 1214 5092 diplomata
1251 5016 1574 5092 Childerici‘
1605 5016 1834 5092 signata
1857 5017 1994 5072 Tra-
2098 5014 2325 5092 ringia,
2355 5014 3166 5092 u_t.Frodoardus,_S_igebertus
3196 5018 3253 5066 et
3282 5016 3380 5092 alii
3408 5020 3698 5092 testantur.

383 5085 544 5164 jecti,
566 5091 664 5146 ubi
693 5089 916 5164 videtur
933 5085 1084 5163 sape
1109 5089 1300 5164 fuisse.
1330 5087 1506 5164 Sedes
1525 5087 1646 5164 ejus
1666 5085 1728 5164 'e_t
1751 5087 1997 5164 aliorum
2169 5085 2324 5164 (332i
2355 5085 2648 5164 Dispersis
2689 5103 2810 5164 per.
2829 5085 3286 5164 Normannicam
3328 5087 3698 5164 irruptionem

386 5159 597 5246 regum
626 5159 1050 5216 Austrasiorum
1075 5159 1440 5233 potissimum
1468 5159 1578 5214 fuit
1624 5159 1760 5213 urbs
1787 5159 1998 5213 Meten-

390 5251 608 5375 m_(.528)
650 5301 832 5358 Distat
855 5302 1114 5375 Trajecto
1164 5299 1619 5357 Winteshovium
1669 5303 1736 5356 30
1774 5299 2003 5354 circiter

391 5373 661 5446 millibus
676 5373 968 5446 passuum.

467 5445 610 5516 (529)
644 5441 893 5516 Intelligi
921 5445 1151 5516 videtur
1200 5442 1444 5516 irruptio
1499 5441 1649 5516 facta
1675 5457 1850 5516 anno
1877 5442 2000 5516 88_t_,

395 5511 628 5585 quando
657 5511 948 5585 devastata
995 5518 1054 5570 et
1089 5511 1626 5585 incensa'leguntur
1671 5511 1732 5566 in
1769 5511 2004 5585 Annali-

395 5582 502 5637 Bus
571 5583 972 5655 Fgldensibus,
1046 5585 1376 5655 Traiectum,
1415 5582 1712 5650 Icadium,
1776 5582 2006 5654 Tungri,

386 5667 566 5722 pagus
591 5652 942 5711 Hasbam'cus
966 5657 1026 5710 et
1047 5652 1238 5710 vicina
1258 5655 1402 5711 loca.

2101 5151 2419 5228 monachis,
2449 5151 2704 5228 quando"
2730 5156 2880 5228 Elias
2925 5155 3103 5228 abbas
3132 5151 3393 5211 Lauduni
3425 5151 3570 5212 anno
3597 5160 3701 5212 895

2103 5227 2265 5300 obiit,
2287 5225 2504 5281 ibidem
2548 5227 2608 5300 in
2639 5227 2875 5282 ecclesia
2922 5227 2980 5280 S.
3012 5225 3274 5300 Vincenti
3305 5228 3706 5300 sepultus.yo-

2105 5298 2317 5352 nachos
2347 5298 2714 5368 postmodum
2741 5298 3114 5368 congregavit
3131 5294 3189 5352 S.
3224 5294 3507 5354 Gera'rdus
3534 5298 3706 5353 abbas

2105 5367 2454 5436 Bronjen’sis,
2531 5372 2589 5422 et
2660 5367 3080 5423 monasterium
3145 5369 3520 5425 readiﬁcavit
3565 5367 3712 5422 circa

2106 5442 2515 5636 :nttisifigdnfra
2541 5514 2598 5564 et
2627 5509 2687 5564 in
2718 5509 3012 5582 superiore
3053 5509 3335 5570 relatione
3364 5509 3558 5566 Lantzo
3574 5508 3713 5562 dici-

2135 5597 2219 5636 ur.

2135 5597 2219 5636 ur.
