3892 6214
159 438 284 513 m1
1281 447 1439 509 vm
1475 447 1535 507 s.
1580 438 2001 504 LANDOALDI.
2027 447 2245 507 —Lm.
2268 446 2311 507 ι.
3314 454 3449 515 ius

161 578 419 634 thesauro
449 575 549 643 est
568 574 883 633 reinventa.
906 575 1063 633 Alius
1093 575 1348 650 quidam,
1377 577 1628 650 quodam
1652 577 1753 632 ﬂa-
1775 568 1830 628 Α
1858 570 1986 628 lans
2008 576 2333 649 corripitur,
2349 580 2520 651 atque
2540 575 2599 634 in
2612 576 2733 634 haec
2752 576 2926 637 verba
2939 574 3213 636 monetur
3229 592 3241 633 :
3259 599 3287 629 «
3305 576 3450 633 Cum

156 667 282 740 gitio
310 682 443 720 vere
476 665 807 738 impeditus,
837 667 896 721 in
912 667 1116 722 eodem
1141 667 1489 738 perjuravit;
1520 668 1756 722 eadem-
1858 664 2132 723 dominos
2158 668 2539 741 dominasque
2578 673 2802 726 nostras
2830 669 3115 737 extuleris,
3146 685 3247 724 cur
3269 672 3326 722 et
3344 682 3453 725 nos

158 774 257 829 que
292 759 462 811 nocte
498 772 628 809 cum
656 755 832 811 domo
860 758 917 811 et
941 755 1109 809 unico
1138 755 1253 810 filio
1283 754 1457 809 miser
1476 754 1755 825 deﬂagra-
1857 753 2054 809 ﬁdeles
2074 774 2274 811 eorum
2312 758 2369 813 in
2406 761 2524 814 luto
2557 761 2888 815 delitescere
2906 759 3084 815 sinis?
3102 759 3218 829 Ego
3236 755 3453 829 quippe

154 844 244 899 vit.
275 844 398 899 Alia
429 860 678 917 quoque
711 844 990 899 miracula
1026 843 1136 899 illic
1168 844 1288 898 fieri
1322 844 1581 915 contigit,
1623 861 1750 916 quae

161 950 297 989 nunc
319 934 520 989 dicere
543 934 905 1006 supersedeo.

221 1024 298 1077 l0.
329 1021 707 1093 Quapropter,
719 1022 872 1076 idem
905 1022 1111 1076 Lantso
1142 1021 1527 1075 venerabilem
1560 1021 1747 1076 virum

158 1114 575 1165 antecessorem
590 1113 880 1177 nostrum,
898 1110 1201 1165 dominum
1223 1110 1747 1164 scilicetEuraclum

154 1200 309 1268 (534),
340 1198 586 1268 supplex
613 1198 776 1263 adiit,
810 1214 1025 1268 rogans
1063 1201 1126 1251 ut
1167 1201 1264 1253 aut
1293 1215 1396 1271 per
1427 1215 1486 1252 se
1517 1202 1613 1252 aut
1645 1213 1748 1269 per

156 1286 375 1341 vicarios
400 1303 535 1340 suos
559 1291 894 1341 sanctorum
918 1303 1161 1357 corpora
1184 1287 1655 1353 transferrentur,
1688 1288 1746 1341 et

158 1375 294 1429 unde
319 1376 450 1428 ante
485 1374 966 1429 Nortmannicam
987 1375 1228 1446 depositi
1254 1376 1747 1430 erantinfestatio-

158 1477 278 1516 nem
302 1462 722 1517 relevarentur.
759 1461 980 1533 Samius
1003 1463 1345 1535 postulando
1364 1463 1486 1517 haec
1506 1463 1741 1528 iterans,

159 1551 377 1606 tandem
424 1550 762 1623 impetravit
799 1566 811 1603 :
849 1554 906 1604 et
937 1552 1095 1605 Bono
1146 1551 1582 1605 archidiaconus
1613 1568 1744 1606 cum

160 1637 362 1693 duobus
420 1639 962 1711 archipresbyteris,
1019 1639 1280 1694 fidelibus
1329 1640 1523 1711 utique
1588 1639 1741 1703 viris,

156 1726 476 1781 Thietboldo
490 1732 550 1781 et
563 1727 870 1793 Uhodone,
895 1728 996 1781 sed
1011 1732 1213 1782 etcum
1234 1728 1360 1782 aliis
1376 1745 1439 1782 ex
1460 1732 1747 1781 monaste-

163 1814 267 1875 riis.
283 1814 472 1868 Sancti
491 1814 711 1869 scilicet
730 1815 1032 1881 Trudonis,
1067 1818 1211 1881 (5325)
1252 1816 1486 1881 Belisim,
1511 1819 1571 1869 et
1593 1816 1745 1869 Tun-

1855 860 1981 897 sum
2014 845 2344 915 Landrada;
2376 848 2656 903 Adrianus
2698 851 2919 920 martyr
2955 852 3011 904 et
3044 846 3301 902 Julianus
3344 843 3450 917 ipsi

1852 948 2081 1004 quoque
2116 938 2248 989 sunt
2278 936 2347 989 de
2369 935 2644 991 societate
2675 940 2893 992 nostra.
2925 956 2957 989 is
2988 938 3143 991 Hanc
3170 933 3449 989 visionem

1850 1021 1946 1077 illa
1960 1024 2078 1079 viro
2098 1023 2401 1093 intimavit,
2421 1031 2497 1092 et,
2520 1029 2582 1081 ut
2598 1030 2696 1081 aut
2711 1027 3010 1099 episcopus
3021 1029 3118 1082 aut
3139 1021 3450 1080 auctoritas

1850 1111 2102 1182 episcopi
2123 1113 2196 1167 ad
2234 1114 2690 1170 sublevationem
2709 1131 2910 1169 eorum
2927 1114 3262 1170 invitaretur
3276 1125 3447 1181 roga-

1848 1197 1943 1251 vit.
1980 1199 2077 1251 llle
2106 1200 2400 1269 praeterito
2418 1202 2665 1257 annoita
2689 1201 2746 1255 in
2773 1202 3091 1256 elevatione
3105 1204 3447 1255 czeterorum

1846 1291 2077 1356 questus
2099 1291 2183 1342 est
2208 1290 2575 1358 obsonatum,
2610 1293 2672 1344 ut
2702 1290 2754 1345 ei
2785 1306 2887 1361 per
2918 1306 3121 1344 manus
3146 1290 3268 1344 haec
3289 1286 3448 1340 ince-

1846 1376 2008 1443 ptare
2040 1375 2213 1430 nimis
2243 1376 2503 1432 videatur
2548 1378 2815 1433 arduum.
2861 1380 2994 1433 Post
3036 1376 3156 1431 dies
3203 1376 3444 1445 aliquot,

1846 1471 2160 1532 apparente
2173 1464 2379 1519 iterum
2398 1466 2600 1520 eadem
2619 1465 2929 1531 visione,ab
2943 1465 3150 1519 eadem
3163 1480 3276 1535 qua
3289 1462 3448 1533 prius

1846 1566 1901 1603 sa
1912 1550 2022 1603 ncti
2033 1552 2266 1606 moniali
2281 1554 2855 1624 secundumeffigiem
2872 1554 2941 1607 de
2955 1551 3311 1623 negligentia
3324 1565 3447 1604 cor—

1848 1637 2074 1710 ripitur,
2097 1640 2167 1694 de
2186 1645 2523 1713 contemptu
2538 1642 2929 1708 confunditur,
2944 1660 2975 1692 «
2994 1642 3059 1694 Et
3081 1637 3444 1712 quaa,inquit,

1848 1729 1932 1781 tot
1952 1729 2008 1779 et
2033 1730 2191 1781 tanta
2206 1728 2262 1782 in
2279 1728 2532 1783 medicos
2550 1729 2887 1800 expendisti,
2910 1744 3014 1784 nec
3028 1728 3215 1783 curari
3236 1725 3455 1782 meruia

1848 1815 1937 1880 sti,
1969 1815 2013 1868 si
2040 1832 2143 1869 nos
2179 1833 2243 1870 ex
2276 1818 2395 1871 luto
2419 1817 2672 1879 efferres,
2686 1818 2810 1887 jam
2840 1817 3028 1871 sanari
3064 1814 3387 1872 meruisses.
3411 1822 3451 1864 η’

161 1902 281 1973 gris,
310 1902 435 1957 illuc
453 1876 1055 1969 advenerunt,etcum
1079 1876 1277 1958 litania
1301 1876 1542 1959 solemni
1564 1921 1629 1958 ex
1662 1907 1744 1957 tu-
1772 1876 1827 1939 Β
1848 1876 1934 1956 Et,
1961 1903 2077 1968 ubi,
2104 1903 2292 1974 inquit
2316 1903 2432 1970 illa,
2458 1921 2554 1957 vos
2578 1876 2939 1959 inveniemus
2957 1905 2985 1957 ?
3007 1903 3159 1957 Sella
3177 1907 3294 1967 tua,
3330 1918 3447 1974 qua

165 1990 333 2056 mulis,
354 1991 562 2062 quibus
585 1992 949 2063 negligenter
970 1992 1508 2064 nimissqualebant,
1531 1994 1747 2047 extule-

166 2082 301 2134 runt.
322 2081 675 2135 Invenerunt
703 2084 894 2135 autem
919 2082 1107 2153 plures
1134 2082 1361 2135 thecas:
1384 2082 1481 2136 sed
1500 2099 1613 2135 una
1625 2084 1750 2135 erat

166 2166 213 2220 in
245 2184 349 2238 qua
378 2167 435 2225 S.
472 2168 842 2222 Landoaldus
872 2168 1331 2240 archipresbyter
1375 2172 1432 2223 et
1476 2168 1750 2223 diaconus

171 2272 284 2309 suus
319 2257 536 2326 pariter
568 2257 914 2328 tegebantur
935 2258 1254 2312 Amantius.
1279 2258 1492 2312 Aderat
1521 2260 1578 2311 et
1605 2258 1751 2328 lapis

165 2342 224 2396 ad
240 2344 415 2415 capita
429 2345 1750 2417 eorum,nominibusipsoruminsculptusAlize

166 2430 520 2487 continebant
553 2433 656 2488 SS.
692 2433 1071 2488 Adeltrudem
1106 2439 1162 2488 et
1202 2435 1564 2501 Vincianam,
1597 2434 1751 2506 quod

162 2517 431 2575 indicabat
460 2521 753 2576 crucicula
794 2522 1058 2592 quaedam
1107 2527 1406 2593 argentea,
1444 2522 1659 2595 pectori
1693 2521 1750 2576 S.

161 2604 425 2662 Vincianae
439 2610 637 2681 superi
648 2613 873 2663 nventa.
888 2609 980 2663 His
997 2611 1221 2680 rejectis
1236 2612 1452 2682 pariter
1464 2613 1751 2686 etrelatis,

167 2693 282 2749 dum
294 2700 631 2751 sanctorum
646 2714 889 2770 corpora
906 2698 1036 2752 vino
1051 2698 1219 2753 simul
1236 2703 1291 2753 et
1306 2716 1452 2770 aqua
1471 2700 1754 2757 dilueren-

173 2782 268 2847 tur,
288 2783 498 2838 avicula
522 2785 793 2856 quaedam
823 2803 926 2856 per
946 2786 1263 2841 fenestram
1290 2789 1503 2843 feretro
1522 2793 1750 2845 sancto-

173 2885 282 2923 rum
317 2870 534 2943 illapsa,
558 2872 730 2926 simul
761 2876 817 2926 et
846 2873 1176 2943 importune
1209 2875 1507 2946 aliquoties
1524 2876 1623 2943 eis,
1651 2870 1750 2949 qui

178 2956 288 3011 huic
302 2958 485 3015 officio
502 2961 829 3015 intererant
848 2961 924 3014 im
936 2979 1143 3029 mersa,
1165 2964 1466 3035 aliquoties
1486 2964 1542 3018 in
1559 2966 1749 3020 defos-

170 3061 275 3100 sum
297 3047 567 3103 devolans
592 3066 705 3120 quo
737 3066 981 3119 corpora
1007 3054 1338 3105 sanctorum
1381 3056 1547 3106 erant
1575 3053 1745 3121 elata,

1848 1991 1921 2045 ad
1950 1991 2245 2046 ecclesiam
2278 1992 2536 2062 gestaris,
2581 1992 2785 2064 inquit,
2825 1995 3020 2046 nostra
3061 1992 3449 2046 irreverenter

1851 2080 2130 2149 deprimit
2158 2080 2357 2148 busta;
2381 2097 2514 2135 arca
2545 2085 2738 2134 autem
2767 2083 2922 2134 retro
2953 2080 3159 2152 posita,
3198 2077 3445 2133 nimium

1850 2171 1934 2221 est
1966 2168 2131 2221 nobis
2158 2185 2421 2223 onerosa.
2456 2170 2524 2223 Et
2554 2169 2598 2223 si
2624 2168 2872 2223 causaris
2915 2168 3069 2239 quod
3114 2166 3448 2239 episcopum

1851 2258 1950 2310 aut
1972 2256 2093 2326 ejus
2122 2256 2361 2311 vicarios
2388 2274 2503 2311 non
2538 2256 2776 2323 meritis,
2805 2273 2836 2310 e
2860 2255 3044 2310 vicino
3070 2255 3446 2309 Sarabertum

1851 2346 2056 2399 saltem
2085 2346 2483 2415 presbyterum
2507 2346 2704 2411 habes,
2724 2348 2782 2398 et
2808 2344 2950 2399 alios
2969 2345 3039 2399 ad
3058 2343 3116 2397 id
3146 2342 3448 2414 perficien-

1853 2433 1987 2486 dum
2017 2433 2168 2487 viros
2200 2433 2415 2488 fideles.
2448 2434 2608 2488 Mane
2642 2433 2832 2504 itaque
2852 2431 2988 2503 quid
3006 2447 3176 2503 super
3196 2430 3445 2486 hisfacto

1854 2536 1998 2591 opus
2030 2524 2177 2575 esset
2203 2520 2540 2576 deliberanti
2574 2522 2735 2576 adest
2776 2520 3045 2592 quaedam
3075 2537 3142 2574 ex
3173 2534 3443 2591 gynaeceo

1853 2609 1903 2680 ej
1914 2625 1976 2663 us
1991 2610 2198 2679 puella,
2216 2627 2343 2664 cum
2363 2611 2565 2665 eadem
2578 2610 2793 2664 visione
2811 2608 3072 2663 referens
3086 2625 3145 2663 se
3163 2608 3447 2663 munitam

1854 2714 1957 2768 per
1980 2697 2101 2751 haec
2122 2698 2324 2752 eadem
2349 2698 2515 2769 signa
2534 2715 2546 2751 :
2562 2714 2630 2752 ea
2644 2698 2863 2752 nuncin
2879 2697 3008 2752 villa
3023 2696 3447 2767 Guodenghove

1850 2786 2167 2841 habitabat.
2193 2786 2525 2857 Sigeburgis
2550 2789 2743 2841 autem
2773 2785 3011 2840 domina
3030 2785 3171 2855 ejus.
3203 2783 3294 2839 cui
3325 2785 3449 2839 haec

1852 2874 2418 2940 demonstrabantur,
2460 2891 2492 2929 a
2520 2875 2792 2947 cujusque
2826 2890 2925 2929 ore
2950 2873 3199 2944 jurantis
3235 2873 3357 2927 haec
3385 2873 3446 2928 et

1851 2964 2189 3017 obtestantis
2211 2981 2313 3018 nos
2343 2964 2449 3019 ista
2477 2964 2884 3034 decerpsimus,
2904 2961 3090 3017 adhuc
3117 2961 3279 3029 vivit;
3302 2960 3441 3015 vivit

1849 3050 2114 3122 inquam,
2137 3055 2193 3105 et
2218 3051 2485 3124 priesenti
2519 3052 2661 3106 duce
2690 3068 2830 3105 sana
2855 3054 2912 3105 et
2938 3049 3245 3105 incolumis
3258 3048 3439 3103 vesci-

168 3135 410 3189 omnibus
434 3136 759 3191 astantibus
781 3140 837 3191 et
861 3138 983 3191 hzcc
1012 3138 1357 3206 videntibus,
1404 3142 1744 3197 miraculum
1763 3151 1812 3211 ο
1848 3141 1941 3192 tur
1969 3156 1981 3193 :
2011 3139 2219 3193 nobilis
2244 3156 2510 3210 persona,
2539 3140 2742 3195 domus
2783 3139 2996 3211 ampla,
3035 3154 3162 3193 rem
3196 3136 3442 3193 fideliter

165 3218 373 3277 incussit
413 3224 637 3296 pariter
676 3227 733 3277 et
781 3225 1108 3280 horrorem.
1145 3227 1285 3280 Nam
1320 3231 1376 3281 et
1406 3230 1597 3283 colore.
1630 3231 1749 3300 pul-

166 3308 476 3366 chritudinis
523 3314 656 3367 erat
709 3312 968 3379 diversae,
1001 3314 1101 3369 sed
1160 3315 1403 3368 antehac
1438 3315 1656 3383 inviso;
1692 3319 1748 3371 et

166 3396 381 3453 stridore
428 3401 586 3455 vocis
644 3400 879 3472 quidem
939 3402 1247 3465 dulcifluae,
1296 3403 1396 3457 sed
1462 3404 1745 3459 inaudito.

169 3482 283 3547 Qua:
329 3487 456 3543 licet
508 3489 587 3543 ab
632 3489 958 3544 astantibus
1016 3496 1206 3560 posset
1242 3492 1681 3562 comprehendi,
1718 3510 1751 3547 a

170 3576 377 3632 nemine
418 3581 779 3649 praesumpta
816 3583 903 3633 est
934 3580 1226 3634 temerari.
1261 3580 1397 3644 Qua:
1429 3581 1586 3652 quasi
1625 3582 1750 3653 qui-

168 3659 383 3719 busdam
413 3666 707 3736 plausibus
739 3667 953 3723 laetitiae
979 3671 1037 3722 et
1082 3668 1232 3722 vocis
1264 3668 1590 3724 sibilatione
1643 3671 1750 3726 hac

168 3747 279 3805 illac
304 3752 746 3822 circumvolans,
798 3759 856 3810 et
896 3755 1106 3810 iteruin
1156 3756 1369 3811 feretro
1415 3762 1750 3814 sanctorum

170 3834 419 3905 insidens,
469 3859 594 3899 non
641 3842 859 3897 destitit
899 3844 971 3899 ab
1022 3844 1292 3915 incoepto,
1339 3845 1522 3900 donec
1554 3847 1751 3903 omnia

171 3931 501 3999 competenti
538 3935 1086 3986 consummarentur
1109 3931 1320 3987 officio.

234 4018 308 4073 ll.
348 4019 565 4074 Eadem
597 4018 686 4073 die
719 4036 870 4074 caeca
903 4020 1168 4091 quaedam
1218 4021 1287 4075 de
1320 4021 1451 4075 villa
1480 4022 1747 4090 Hasbina,

156 4115 282 4170 quae
303 4110 422 4159 erat
450 4106 509 4161 in
540 4106 766 4174 vicinia,
810 4109 1078 4179 vulgante
1123 4109 1280 4163 fama
1331 4110 1488 4180 quod
1532 4115 1751 4165 sancto-

172 4202 285 4243 rum
323 4193 667 4249 efferrentur
719 4211 983 4267 corpora,
1024 4197 1269 4251 accurrit
1313 4197 1577 4251 celeriter
1618 4215 1750 4253 cum

173 4278 410 4338 candela.
447 4282 692 4337 Biduum
732 4283 943 4337 deinde
983 4284 1286 4351 sustinens,
1333 4289 1390 4338 et
1418 4290 1750 4340 sanctorum

173 4367 467 4432 patrocinia
514 4369 916 4425 indesinenter
954 4388 1285 4443 exposcens,
1319 4372 1489 4428 tertia
1527 4373 1619 4427 die
1666 4391 1753 4429 re-

175 4452 323 4508 cessit
346 4456 492 4511 clare
538 4458 759 4513 videns.

240 4542 313 4595 t2.
329 4541 602 4615 Sequenti
617 4546 789 4616 igitur
807 4564 962 4602 anno
988 4548 1258 4619 uxorjam
1273 4549 1406 4603 dicti
1428 4550 1746 4618 Lantsonis,

176 4628 388 4684 nomine
411 4632 767 4704 Sigeburgis,
785 4636 992 4689 morbo
1013 4635 1088 4689 sic
1111 4636 1409 4691 intercutis
1425 4638 1748 4705 laborabat,

176 4724 433 4787 cruraque
453 4721 575 4790 ejus
587 4737 716 4775 cum
733 4721 974 4792 pedibus
995 4721 1073 4775 ita
1089 4721 1505 4790 intumuerunt,
1527 4726 1588 4779 ut
1604 4742 1750 4797 pene

180 4814 270 4867 per
290 4804 470 4860 totum
501 4824 719 4863 annum
750 4825 855 4863 nec
889 4811 1092 4864 saltem
1125 4812 1444 4879 ecclesiam,
1478 4811 1584 4867 nisi
1612 4814 1750 4869 sella

177 4890 465 4952 gestatoria
487 4895 845 4962 eveheretur,
878 4896 1194 4967 intraverit,
1227 4914 1332 4952 nec
1363 4902 1489 4954 toro
1520 4900 1624 4954 viri
1645 4916 1750 4954 nec

177 4977 419 5033 convivio
444 4982 784 5055 participata
813 4986 906 5051 sit,
934 4985 1189 5039 edulium
1216 5002 1391 5040 omne
1420 4987 1746 5053 fastidierit,
1788 5034 1800 5045 .

176 5064 355 5152 potum
385 5072 617 5141 excepta
643 5089 790 5143 aqua
817 5072 1149 5127 universum
1196 5078 1459 5129 execrata
1496 5074 1587 5129 sit.
1621 5076 1750 5130 Haec

178 5150 511 5224 intempestae
525 5158 821 5227 cujusdam
839 5160 1021 5215 noctis
1033 5160 1249 5215 visione
1268 5162 1456 5217 subita
1466 5162 1751 5234 semivigi-

236 5311 366 5380 (53H
404 5314 689 5391 Eumelus,
735 5319 790 5391 in
838 5337 943 5391 ms.
982 5321 1291 5391 Gandensi,
1323 5319 1477 5391 apud
1510 5318 1748 5391 iSurium

178 5372 423 5459 ξυηᾳρίις,
457 5387 511 5459 in
534 5406 646 5459 "ms.
672 5372 812 5443 itub.
846 5390 966 5443 Val.
999 5372 1322 5455 Evemrdu’s,
1352 5372 1658 5443 Anselmus
1686 5391 1743 5446 in

178 5444 689 5531 Gestis_po_ntificum
718 5461 1119 5515 Leodieusium
1142 5461 1293 5531 apud
1312 5444 1740 5531 Chapeavilluni

179 5528 290 5586 Cap.
313 5523 373 5599 1r?
400 5525 476 5599 _de
507 5545 573 5582 eo
599 5529 801 5599 agitet
834 5532 1117 5586 Eraclium
1165 5523 1347 5593 vocat,
1381 5523 1495 5599 sive
1536 5533 1597 5582 ut
1628 5531 1741 5587 alia

182 5599 299 5670 {ES}.
330 5591 552 5670 habent,
572 5591 875 5654 Ecca-acum
896 5608 947 5653 et
973 5600 1291 5654 Euraclum.
1322 5591 1567 5670 Seditab
1585 5616 1738 5670 anno

184 5656 273 5712 959
296 5661 361 5715 ad
386 5680 475 5720 an.
501 5656 623 5725 9⁵10.
649 5670 864 5726 Dicitur
881 5670 939 5726 in
962 5670 1160 5726 Officio
1197 5668 1572 5726 ecclesiastico
1594 5669 1741 5727 Gan-

1848 3230 2171 3295 quaerentes
2215 3226 2355 3280 scire
2386 3244 2502 3281 non
2544 3227 2679 3281 sinit
2704 3228 2902 3281 latere.
2946 3226 3084 3289 Quae
3123 3241 3249 3279 cum
3279 3224 3439 3281 omni

1848 3312 2214 3367 festinatione
2234 3314 2465 3368 mittens
2482 3314 2963 3386 presbyteros,qui
2982 3315 3102 3367 haec
3114 3314 3431 3383 explerent,

1849 3400 2160 3467 accersire;
2186 3400 2417 3455 interim
2451 3402 2571 3471 ipsa
2622 3417 2724 3471 pro
2758 3401 3000 3455 obtentu
3031 3401 3432 3469 recuperanda

1849 3487 2047 3543 salutis
2073 3504 2191 3542 non
2215 3504 2382 3559 passa
2411 3487 2722 3557 quiescere,
2754 3486 2889 3540 fecit
2910 3502 2969 3540 se
2994 3485 3133 3540 ferri
3158 3487 3233 3541 ad
3251 3488 3431 3541 eccle-

1850 3576 1993 3629 siam
2004 3579 2079 3641 ,et
2092 3575 2323 3630 interim
2338 3592 2371 3629 a
2386 3576 2510 3629 loco
2529 3574 2906 3629 denominata
2918 3573 3438 3645 paulatimegerere

1849 3667 2085 3718 terram.
2121 3665 2186 3717 Et
2206 3662 2292 3717 vix
2320 3662 2676 3735 semipedem
2707 3666 2874 3717 terrae
2905 3663 3202 3728 eruerunt,
3224 3664 3282 3715 et
3306 3675 3437 3715 ecce

1851 3754 2181 3807 sanctorum
2204 3751 2463 3805 cisterna:
2494 3751 2552 3805 in
2574 3749 2697 3821 ipsa
2714 3766 2863 3821 pene
2884 3748 3184 3820 superficie
3203 3763 3444 3819 appare-

1850 3840 2013 3895 bant.
2048 3839 2377 3894 Adveniunt
2402 3843 2461 3894 et
2502 3837 2818 3911 presbyteri
2852 3837 3175 3910 quicunque
3204 3836 3442 3891 fuerant

1851 3929 2087 3995 evocati,
2108 3931 2184 3995 et,
2205 3928 2431 3983 retectis
2445 3932 2771 3983 sanctorum
2795 3925 3440 3998 sepulcris,repererunt

1852 4017 2091 4072 nomina
2114 4034 2316 4071 eorum
2347 4021 2685 4089 exprompta
2730 4014 2791 4070 in
2836 4013 3153 4071 breviculis.
3202 4015 3270 4068 Et
3297 4014 3437 4069 dum

1850 4122 2092 4177 quaeque
2131 4105 2307 4176 digna
2350 4103 2725 4159 translatione
2774 4103 3097 4175 adimplent
3124 4118 3229 4174 pro
3256 4118 3448 4174 posse,

1851 4194 1973 4265 ipsa
1977 4210 2095 4264 jam
2128 4193 2278 4247 dicta
2305 4197 2593 4259 matrona,
2617 4208 2745 4263 quas
2763 4191 2924 4263 operi
2946 4190 3446 4247 insistebatatten-

1853 4281 1984 4347 tius,
2035 4281 2220 4335 subito
2263 4298 2558 4347 conversa,
2608 4280 2756 4334 rivos
2783 4279 2989 4335 veneni
3027 4282 3085 4334 et
3121 4279 3447 4353 putredinis

1850 4369 2073 4422 saniem
2106 4368 2179 4421 ad
2207 4368 2437 4422 sextarii
2470 4383 2804 4422 mensuram
2833 4367 2989 4423 videt
3005 4367 3320 4422 excurrisse
3340 4366 3447 4421 sibi

1854 4473 1919 4510 ex
1953 4456 2229 4511 cruribus.
2265 4456 2403 4520 Quae
2440 4456 2797 4510 admirataet
2822 4455 2891 4509 de
2922 4457 3156 4524 recepta
3176 4453 3448 4525 sospitate

1852 4546 2089 4600 hilarior
2119 4544 2364 4610 reddita,
2401 4544 2642 4598 domum
2674 4544 2848 4616 pedes
2884 4541 3073 4607 rediit,
3122 4541 3445 4596 convivium

1854 4634 2175 4704 hospitibus
2212 4637 2270 4687 et
2300 4632 2629 4687 domesticis
2651 4632 2957 4703 apulenler
2986 4628 3301 4700 apparavit,
3325 4628 3448 4702 ipsa

1854 4721 2174 4789 intersedit;
2201 4736 2304 4775 nec
2335 4720 2591 4775 edulium
2614 4718 2847 4790 aliquod
2862 4715 3180 4782 fastidiens,
3208 4732 3313 4770 nec
3330 4716 3446 4770 vini

1850 4809 2149 4881 potionem
2195 4810 2282 4863 vel
2332 4807 2564 4863 alterius
2594 4804 2920 4862 sorbitionis
2941 4804 3070 4875 jam
3109 4803 3449 4858 abhorrens.

1851 4898 1981 4952 Fert
1993 4901 2187 4952 autem
2203 4897 2359 4952 fama
2373 4898 2690 4951 multorum
2705 4898 2763 4949 et
2775 4895 2910 4948 ante
2924 4908 3028 4947 nos
3040 4894 3098 4945 et
3109 4890 3450 4962 impraesen-

1853 4986 2240 5052 tiarum,hanc
2260 4986 2514 5051 beatam,
2533 4984 2671 5038 dum
2688 4978 3220 5037 sanctimonialibus
3230 4976 3447 5033 Belisite

1851 5072 2048 5145 positis
2068 5073 2341 5145 praetecta
2353 5069 2712 5126 suavissimos
2723 5081 2985 5137 supernae
3005 5064 3449 5134 contemplatio-

1852 5162 1939 5216 nis
1955 5164 2218 5233 carperet
2229 5154 2911 5221 fructus,sacratissimam
2922 5151 3207 5226 virginem
3220 5152 3456 5225 praecla-

1853 5320 2116 5377 densium
2149 5318 2453 5373 Landoaldi
2491 5317 2673 5371 Vitam
2698 5319 2747 5368 et
2778 5312 3175 5369 translationem
3195 5311 3342 5382 justo
3377 5310 3449 5366 li-

1854 5393 1949 5446 bro
1976 5391 2321 5464 deset'giszsse,
2355 5386 2511 5464 quod
2714 5401 2830 5439 non
2862 5383 3129 5464 legimus.

1923 5462 2085 5535 (535i
2107 5452 2329 5535 Βεζξξξᾴ,
2362 5452 2486 5512 aliis
2529 5452 3083 5535 Bilsena,_oppidum
3105 5473 3147 5535 _a
3174 5452 3452 5535 Winters-

1851 5530 2022 5601 hovio
2058 5532 2088 5581 5
2137 5528 2388 5601 millibus
2447 5543 2733 5601 passuum_
2772 5526 3056 5594 diSsitum,
3105 5526 3282 5601 habet
3322 5540 3453 5581 am-

1853 5599 2173 5675 plissimum
2203 5597 2491 5672 virginum
2530 5597 2939 5654 canonicarum
2973 5598 3413 5655 monasterium.
