3892 6214
414 449 552 506 Nihil

1541 431 1866 498 HERIGERI
1889 425 2189 490 ABBMIS
2232 425 2613 494 ιοΒιΕΝδΙε.

3599 418 3748 490 “20

415 585 612 641 ratque
981 563 1132 638 (£936)
1157 563 1578 634 Amelbergmn
1607 559 1816 616 sanctis
1845 557 2006 612 insti-
2029 560 2088 620 Α
2112 554 2413 613 Manimius
2455 556 2710 625 nomine,
2741 554 3070 620 contractus
3098 549 3600 620 metuar-mrum
3629 546 3742 615 virs

410 658 586 718 tuisse
643 656 904 717 moribus
957 653 1291 724 studiisque.
1349 652 1520 706 Facta
1572 653 1658 705 est
1704 664 1839 703 vero
1888 647 2010 704 huic

411 744 912 806 translatio-tertio
937 745 1126 801 Nonas
1154 740 1336 798 Martii
1365 740 1534 810 (537).

1031 831 1260 890 CAPUT
1301 831 1391 884 Ill.

727 921 1011 982 Miracula.
1044 917 1434 974 Winterslovt’i
1455 921 1698 988 patrata.

485 1016 570 1070 13.
602 1011 751 1084 (538)
783 1011 1169 1082 Illudqnoque
1194 1007 1255 1062 in
1281 1002 1648 1060 memorabili
1679 1003 2014 1060 sanctorum

413 1101 825 1160 clarificatione
839 1099 1192 1158 miraculum.
1211 1093 1456 1150 minime
1475 1107 1675 1148 remur
1701 1088 2012 1151 silendum,

411 1190 569 1263 quod
596 1187 836 1262 perinde
859 1185 1144 1257 stupenda
1200 1182 1285 1237 sui
1336 1180 1590 1236 novitate
1635 1179 1862 1234 constat
1891 1191 2014 1229 ma-

414 1278 712 1350 gniﬁcum.
762 1276 1009 1332 Praelata
1054 1272 1265 1345 quippe
1319 1267 1592 1327 Lantsoni
1621 1282 1754 1323 cum
1784 1263 2021 1320 basilica

412 1369 504 1423 vel
530 1365 742 1421 fundus
772 1360 1173 1423 sacratissimis
1205 1357 1412 1430 quietis
1447 1354 1856 1427 praedictorum
1883 1368 2014 1405 san-

413 1459 645 1510 ctorum
672 1455 804 1526 post
833 1450 1147 1507 nonnullos
1169 1450 1323 1504 sorte
1340 1443 1718 1508 successisset,
1737 1441 1886 1497 bene
1912 1438 2017 1494 sibi

417 1541 698 1607 conscius,
722 1538 1109 1596 determinate
1142 1534 1382 1591 rationis
1411 1537 1613 1588 tenore
1632 1530 1795 1600 (nam
1813 1527 1870 1584 in
1884 1543 2018 1581 eum

415 1628 749 1688 constitutio
764 1625 1136 1697 chirographi
1157 1624 1336 1677 linem
1367 1620 1650 1675 statuerat
1671 1613 2020 1689 possidendi)

418 1733 806 1775 successuram
837 1713 944 1770 sibi
972 1711 1170 1783 stirpis
1197 1727 1310 1766 suae
1339 1706 1680 1781 progeniem
1719 1703 2021 1777 praelibato

417 1808 544 1862 fore
592 1804 937 1876 privandum
975 1800 1213 1873 przedio,
1255 1799 1516 1853 consulte
1560 1794 1667 1850 sibi
1697 1791 2021 1863 prospicere

2113 650 2170 702 tu
2181 651 2254 712 te,
2287 663 2391 705 nec
2414 663 2653 706 manum
2682 644 2869 717 gratia
2893 643 3007 707 cibi
3030 640 3300 706 sumendi
3328 637 3650 712 pater-atad
3675 653 3745 696 es

2116 736 2344 801 ducere,
2382 751 2488 792 nec
2517 734 2626 789 nisi
2655 734 2764 788 alio
2799 733 3150 797 subvehente
3179 730 3255 792 ad
3285 726 3621 791 necessaria
3636 725 3746 782 sal.-

2118 829 2235 883 tem
2266 828 2486 880 natura:
2519 823 2848 893 procedere.
2878 824 2928 878 ls
2956 822 3234 892 carpento
3256 817 3497 889 quidem
3519 815 3595 876 ad
3612 831 3744 869 san-

2113 915 2304 966 torum
2331 911 2647 982 patrocinia
2695 913 2780 964 est
2829 912 3126 980 provectus
3154 923 3168 960 :
3195 905 3298 966 sed
3345 905 3427 962 eis
3479 904 3739 962 salutem

2115 1002 2511 1073 plenissimam
2530 1001 2608 1054 im
2618 998 3018 1070 partientibus,
3036 997 3276 1054 domum
3299 993 3472 1056 rediit
3489 992 3664 1064 pedes
3679 995 3742 1045 et

2115 1107 2306 1146 sanus.
2340 1091 2403 1143 In
2427 1088 2745 1146 villal.ewa
2771 1090 2935 1152 l539l,
2971 1074 3222 1144 Huberto
3262 1081 3492 1144 cuidam
3526 1080 3747 1152 prima-

2116 1178 2201 1233 rio
2237 1179 2310 1234 ab
2332 1177 2633 1234 Leodiensi
2669 1177 2935 1247 episcopo
2959 1172 3323 1239 beneﬁciato,
3349 1174 3474 1226 erat
3504 1169 3742 1234 mulier,

2116 1267 2287 1337 Geyla
2310 1267 2605 1332 vocabulo,
2630 1266 2728 1321 sed
2746 1262 3062 1334 legionario
3077 1263 3249 1333 plena
3263 1256 3744 1330 daemonio,un

2118 1355 2323 1410 deinde
2345 1354 2530 1425 patuit
2561 1371 2574 1408 :
2611 1371 2748 1410 nam
2787 1353 2960 1408 ducta
3006 1368 3040 1405 a
3082 1349 3343 1421 cognatis
3366 1364 3472 1418 per
3518 1346 3744 1411 diversa

2118 1444 2373 1500 virorum
2420 1443 2521 1498 Dei
2550 1442 2831 1508 coenobia,
2883 1439 3100 1494 scilicet
3146 1437 3244 1493 SS.
3273 1435 3547 1502 Gervasii,
3577 1433 3743 1490 Lam-

2119 1531 2286 1597 berti,
2319 1531 2620 1596 'l‘rudonis,
2677 1528 2988 1594 Gertrudis,
3043 1542 3175 1581 cum
3217 1539 3507 1596 nusquam
3545 1525 3743 1594 pesset

2122 1619 2328 1685 curari,
2375 1621 2754 1688 praesentatur
2801 1617 2924 1687 jam
2984 1614 3287 1686 desperata
3321 1628 3390 1670 eo
3418 1611 3571 1676 loci;
3606 1609 3743 1682 quia

2121 1711 2348 1764 sanctos
2401 1706 2627 1761 noviter
2683 1703 3074 1760 miriﬁcandos
3125 1700 3424 1772 spectabat
3468 1698 3540 1754 de
3575 1698 3745 1756 hoste

2120 1796 2347 1868 plenior
2378 1797 2499 1850 laus
2513 1793 2813 1866 triumphi.
2839 1792 2975 1856 Quae
2994 1791 3052 1845 in
3078 1805 3222 1860 cupa
3236 1788 3398 1842 fonte
3428 1785 3744 1849 benedicta

417 1867 772 1959 deliberavit,
804 1909 874 1948 eo
907 1867 1108 1946 animo
1158 1890 1241 1953 ut,
1292 1885 1472 1940 rurali
1519 1883 1770 1954 privatus
1819 1880 2020 1948 fundo,
2047 1867 2099 1932 Β
2122 1867 2482 1938 redundante
2511 1882 2928 1953 deposita,mox
2960 1894 3175 1933 nomen
3199 1878 3259 1932 Β.
3284 1873 3600 1932 Landoaldi
3628 1877 3747 1930 ter?

417 1987 753 2038 sanctorum
781 1981 987 2036 saltem
1015 1977 1331 2050 pignorum
1350 1990 1468 2028 non
1483 1970 1853 2028 fraudaretur
1875 1968 2021 2024 sola-

414 2071 521 2127 tio.
549 2072 834 2143 Expetens
861 2067 1017 2124 enim
1035 2064 1296 2136 ejusdem
1313 2062 1621 2119 dioecescos
1644 2056 2020 2128 magniﬁcen-

417 2160 562 2216 tiam
584 2157 893 2231 pontificis,
924 2159 1102 2211 tantas
1133 2153 1214 2208 illi
1238 2168 1352 2208 suae
1382 2148 1708 2205 devotionis
1743 2144 2025 2201 intimavit

421 2263 722 2305 arcanum.
773 2245 943 2316 Cujus
975 2243 1126 2300 illico
1170 2237 1579 2296 benedictione
1625 2234 1928 2305 insignitus
1966 2233 2025 2287 et

422 2335 765 2394 auctoritate
794 2335 1119 2393 roboratus,
1154 2328 1541 2400 pretiosarum
1574 2339 1847 2394 gazarum
1885 2320 2024 2376 adiit

424 2423 862 2496 repositorium,
892 2419 1152 2489 deligens
1192 2433 1256 2470 ex
1299 2414 1470 2469 sacris
1509 2410 1846 2483 corporibus
1883 2425 2021 2479 quas

426 2511 732 2570 nstimavit
761 2507 1175 2580 portiunculae.
1204 2505 1344 2558 Ecce
1365 2504 1559 2556 autem
1590 2499 1650 2553 in
1671 2498 1793 2569 ipso
1827 2496 2023 2569 praeci-

423 2617 540 2673 puo
570 2598 851 2672 paschalis
887 2597 1032 2653 festo
1076 2592 1290 2664 gaudii,
1347 2588 1645 2646 submissis
1695 2587 2021 2673 bajulorum

423 2672 1192 2754 cervicibus,impendiosum
1215 2676 1762 2733 invaduntlaborem
1781 2672 2021 2742 itineris,

424 2779 486 2832 et
505 2777 579 2834 ad
605 2776 762 2830 fores
791 2787 970 2843 usque
992 2769 1131 2824 redis
1155 2769 1393 2824 sacrata:
1426 2767 1806 2836 prepcrantcs
1825 2776 2022 2834 perve-

432 2863 624 2921 niunt.
649 2863 888 2925 Verum,
909 2857 1176 2914 mirabile
1199 2857 1353 2910 dictu
1383 2854 1396 2908 ι
1429 2853 1764 2924 neutiquam
1779 2850 2028 2920 velipsas

427 2949 757 3021 transgredi
782 2948 1182 3020 praevalentes,
1215 2942 1535 3014 repentinis
1564 2940 1862 3012 inepinate
1895 2936 2029 2991 defi-

426 3039 482 3095 xi
509 3037 766 3112 passibus
787 3037 1004 3092 haesere
1039 3051 1052 3089 :
1086 3033 1246 3089 omni
1275 3035 1473 3088 tamen
1509 3029 1712 3085 annisu
1733 3027 1917 3088 multa
1933 3025 2029 3080 diu

2122 1972 2367 2028 ribiliter
2385 1972 2554 2042 cmpit
2568 1971 2902 2035 inclamare,
2931 1972 2989 2024 et
3005 1981 3284 2036 magnum
3303 1964 3376 2019 ab
3403 1979 3505 2024 ore
3526 1978 3750 2016 musca.-

2123 2077 2253 2114 rum
2286 2076 2530 2114 examen
2557 2058 2822 2113 emittere
2853 2074 2867 2111 ε
2901 2071 3029 2128 quae
3051 2053 3342 2110 mediante
3374 2050 3752 2108 hebdomade

2125 2148 2398 2218 paschali,
2427 2146 2637 2200 meruit
2665 2143 2989 2201 emundari.

2201 2241 2280 2290 lii.
2315 2235 2511 2290 Mulier
2539 2236 2670 2301 alia,
2702 2235 2758 2288 S.
2801 2231 3040 2288 Bavouis
3079 2229 3308 2298 ancilla,
3340 2224 3752 2297 Andresburgi

2125 2328 2360 2380 eatenus
2377 2326 2758 2386 commorata,
2787 2337 2891 2393 pro
2914 2321 3177 2390 neglecto
3212 2332 3515 2391 perannos
3547 2331 3750 2382 censu,

2124 2414 2420 2469 oculorum
2451 2411 2567 2466 visu
2599 2415 2683 2466 est
2696 2411 2992 2464 mulctata.
3042 2408 3256 2472 Quarto
3269 2406 3391 2476 jam
3411 2419 3573 2458 anno
3594 2402 3754 2456 caeci-

2123 2500 2223 2555 tati
2252 2501 2556 2555 succumbe
2565 2499 2722 2564 ns,d.e
2737 2501 2942 2553 caetero
2961 2493 3431 2552 emendationem
3444 2491 3752 2565 pollicens,

2123 2591 2423 2648 candelam
2451 2592 2782 2644 sanctorum
2799 2585 3119 2644 luminariis
3143 2582 3353 2647 attulit,
3373 2597 3625 2638 censum
3647 2597 3754 2634 ne-

2125 2681 2379 2750 glectum
2410 2677 2624 2743 retulit,
2654 2676 2979 2730 illuminata
3003 2673 3156 2728 illico
3187 2687 3328 2726 sana
3359 2668 3623 2724 recessit.
3654 2668 3757 2722 Zu-

2126 2767 2290 2823 bleva
2317 2766 2523 2820 dlCltlll‘
2549 2768 2605 2818 et
2630 2764 2742 2818 alia
2773 2763 2906 2816 villa
2938 2779 2950 2815 :
2979 2761 3092 2816 illic
3115 2758 3382 2832 quaedam
3421 2757 3640 2812 mulier
3659 2767 3758 2810 sex

2127 2871 2418 2910 annorum
2444 2853 2724 2908 curriculo
2773 2851 3098 2922 patiebatur
3140 2846 3416 2919 hydropis
3447 2846 3753 2902 morbum.

2127 2941 2369 2998 Videtin
2401 2941 2521 2996 visu
2565 2944 2850 2994 nocturno
2897 2954 2958 2992 se
2985 2937 3115 2992 illuc
3159 2934 3362 2991 adduci
3405 2949 3541 2988 cum
3592 2933 3755 2987 obla-

2129 3031 2308 3097 tione,
2338 3033 2395 3085 et
2423 3031 2654 3099 recepta
2691 3026 2918 3098 regredi
2959 3024 3255 3095 sospitate.
3279 3022 3444 3088 Quod
3469 3020 3756 3091 evigilans

427 3109 643 3186 frustra
663 3124 872 3186 moliti,
905 3123 1144 3182 tandem
1169 3121 1362 3178 divina
1407 3117 1669 3190 potentia
1715 3133 1774 3171 se
1817 3113 2028 3205 intelli-
2059 3143 2108 3205 ο
2132 3119 2406 3174 continuo
2428 3117 2689 3188 explevit,
2713 3115 2771 3169 in
2801 3117 3054 3187 plaustro
3077 3113 3173 3167 illo
3203 3128 3262 3166 se
3285 3109 3492 3174 deduci
3515 3109 3759 3165 manda-

429 3219 576 3288 gunt
598 3213 800 3281 arceri,
833 3212 1027 3285 sicque
1045 3210 1231 3276 inviti,
1253 3207 1490 3281 pudoris
1515 3207 1598 3261 sui
1631 3220 1848 3261 cessere
1880 3203 2029 3257 difﬁ-

427 3303 646 3360 cultati.
680 3304 858 3358 Porro
896 3299 1132 3358 illustris
1182 3299 1391 3354 Lantso
1415 3313 1449 3351 a
1489 3293 1782 3367 preposito
1815 3308 2033 3362 nequa-

429 3409 604 3466 quam
636 3390 984 3448 destituitur.
1031 3389 1246 3444 Verum
1291 3386 1446 3440 diem
1473 3383 1657 3454 ipsam
1686 3383 2034 3450 noctemque

425 3479 758 3552 contiguam
777 3481 1275 3549 eleemosynarum
1293 3470 1691 3544 largitionibus
1707 3467 2035 3538 crebrisque

425 3585 667 3643 precum
701 3566 1050 3624 continuatis
1077 3560 1600 3624 obsecrationibus,
1622 3555 1885 3624 sequenti
1916 3571 2038 3609 rur-

427 3642 518 3714 sus
549 3657 644 3714 die
684 3656 1016 3721 frustratur,
1045 3656 1108 3708 ut
1139 3651 1296 3722 prius
1329 3667 1342 3703 :
1377 3649 1494 3703 imo
1524 3642 1917 3717 perendinatis
1949 3645 2034 3698 to-

423 3748 540 3804 tius
567 3745 957 3804 hebdomadis
1000 3743 1201 3801 diebus
1243 3737 1502 3810 quotidie
1536 3736 1770 3791 eosdem
1797 3736 2036 3788 conatus

425 3835 735 3894 consimilis
758 3832 1017 3906 sequitur
1039 3827 1325 3886 liminaris
1343 3823 1620 3882 obstaculi
1639 3822 2037 3895 repulsus.Hac

426 3941 590 3997 ergo,
621 3923 758 3996 quia
786 3923 980 3978 mium
1022 3918 1393 3980 successerat,
1429 3917 1628 3968 octava
1657 3912 1858 3967 itidem
1897 3909 2038 3966 lucis

430 4028 668 4081 mora,
717 4011 830 4066 alia
874 4024 996 4065 non
1045 4007 1346 4063 cunctatus
1375 4001 1712 4074 aggreditur
1740 3999 1849 4056 vis...
1883 3997 2038 4054 Licet

427 4101 586 4156 enim
609 4101 701 4153 tot
721 4100 896 4151 antea
926 4093 1065 4149 fusis
1085 4107 1456 4164 nequaquam
1471 4088 1804 4160 profecisset
1821 4085 2035 4142 oratio-

429 4188 618 4248 nibus,
663 4189 802 4240 tunc
846 4183 1015 4239 omni
1047 4180 1270 4236 virtutis
1301 4177 1612 4242 conamine
1642 4172 2036 4249 praeordialia

429 4273 800 4332 accumulans
825 4274 979 4337 vota,
1025 4268 1386 4342 plurimaque
1417 4265 1710 4337 spondens
1739 4261 2032 4334 obsequia,

429 4361 718 4434 delegavit
745 4360 821 4416 ad
849 4359 1035 4430 ipsam
1075 4356 1282 4430 quietis
1327 4370 1531 4412 eorum
1577 4351 1896 4415 basilicam,
1927 4365 2031 4404 no-

2131 3208 2209 3262 vit
2242 3225 2254 3262 :
2297 3211 2354 3261 et
2379 3210 2680 3277 postquam
2698 3203 3007 3258 sanitatem
3034 3198 3413 3272 recuperavit,
3446 3215 3482 3252 a
3513 3196 3756 3252 domino

2133 3313 2233 3356 suo
2262 3293 2530 3349 Hildrado
2559 3291 2767 3348 tradita
2824 3292 3154 3345 sanctorum
3208 3286 3347 3358 juri,
3409 3284 3626 3340 deinde
3673 3300 3758 3340 re-

2135 3382 2318 3438 cessit.

2211 3473 2294 3524 16.
2325 3470 2591 3535 Quidam,
2641 3467 2866 3524 Ilildico
2919 3465 3180 3531 nomine,
3239 3462 3404 3519 omni
3449 3461 3759 3534 dissipatus

2137 3561 2382 3623 actione,
2415 3558 2616 3614 silvam
2673 3555 3117 3611 ecclesiasticam
3145 3553 3352 3626 saepius
3409 3552 3756 3623 exstirpans,

2139 3650 2464 3718 increpatus
2479 3647 2718 3701 tandem
2749 3644 2998 3722 quadam
3029 3643 3120 3698 die
3152 3659 3254 3714 per
3275 3657 3497 3698 nomen
3529 3643 3758 3698 sancto-

2136 3754 2268 3792 rum
2300 3738 2362 3790 ut
2391 3735 2592 3790 saltem
2621 3733 2941 3800 desisteret,
2973 3747 3108 3786 cum
3148 3729 3471 3786 munitores
3521 3728 3758 3799 insuper

2135 3841 2268 3882 suos
2305 3839 2438 3879 cum
2479 3822 2708 3888 sanctis,
2749 3821 2934 3876 verbis
2973 3819 3177 3874 vilibus
3214 3817 3580 3884 enuntiaret;
3633 3831 3760 3889 pro-

2137 3929 2362 3984 gressus
2387 3910 2650 3982 sequenti
2681 3909 2792 3975 die,
2817 3908 3094 3964 utitidem
3124 3907 3357 3972 faceret,
3388 3905 3597 3976 fagum
3621 3919 3756 3966 eum

2138 3999 2318 4058 securi
2345 3998 2496 4053 illico
2546 3997 2825 4068 superbus
2856 3995 3208 4062 conscendit,
3257 3997 3317 4050 et
3341 3992 3649 4058 continuo,
3678 3991 3756 4046 in-

2135 4104 2296 4143 verso
2323 4087 2532 4146 cadens
2555 4086 2721 4152 collo,
2747 4086 2947 4156 guttur
2975 4083 3278 4154 liquidum,
3310 4081 3469 4153 quod
3497 4080 3755 4151 blasphe-

2137 4177 2318 4232 miam
2350 4177 2682 4247 spiraverat,
2703 4174 2873 4238 elisit,
2908 4173 3101 4245 sicque
3127 4170 3441 4243 pessimam
3470 4169 3652 4224 vitam
3681 4167 3754 4224 di-

2135 4281 2253 4336 gna
2269 4268 2457 4320 morte
2484 4262 2685 4318 ﬁnivit.
2709 4261 3011 4332 Presbyter
3037 4259 3376 4320 Sarabertus
3389 4256 3752 4329 equum,fur-

2135 4354 2238 4408 tim
2268 4357 2436 4407 nocte
2468 4351 2717 4423 quadam
2749 4349 3069 4409 latronibus
3117 4346 3592 4417 subripientibus,
3624 4359 3751 4414 per-

427 4433 826 4522 namifrugum
853 4463 1094 4504 suarum
1111 4446 1468 4517 portionem,
1498 4441 1634 4514 quia
1651 4439 1936 4497 decimam
1959 4437 2033 4492 al-
2055 4449 2108 4510 Β
2137 4441 2359 4495 diderat
2390 4456 2403 4494 :
2439 4455 2610 4493 mane
2639 4441 2938 4508 comperto
2966 4436 3038 4490 ad
3057 4439 3260 4489 notum
3290 4433 3626 4506 prmsidium
3667 4446 3754 4486 cu-

427 4539 605 4597 tarius
633 4539 928 4596 constaret
951 4552 1078 4594 esse
1132 4533 1416 4590 Ecclesiae.
1463 4531 1526 4586 Ei
1582 4544 1716 4585 vero
1765 4527 1913 4593 loco,
1944 4525 2034 4580 cui

427 4627 745 4685 devotionis
765 4643 881 4686 suos
901 4625 1117 4683 inferne
1139 4622 1444 4692 satagebat
1470 4619 1718 4674 fructum
1731 4656 1745 4683 ,
1771 4630 1890 4670 non
1905 4631 2031 4668 mo-

428 4718 644 4776 dicam.
673 4733 806 4772 cum
845 4714 971 4771 aliis
1013 4711 1316 4768 xeniorum
1350 4705 1650 4778 impensis,
1678 4702 2035 4758 hereditatis

425 4823 544 4862 sua
567 4806 911 4878 largitusest
940 4798 1364 4873 possessionem
1403 4795 1609 4866 Sicque
1628 4792 1889 4857 tandem,
1909 4806 2036 4844 san-

426 4900 652 4953 ctorum
664 4877 937 4960 obtentu,
959 4890 1284 4962 benignum
1297 4881 1686 4942 misericordis
1698 4879 1804 4936 Dei
1826 4877 2036 4935 meruit

428 4988 776 5058 respectum,
799 4981 1030 5052 votique
1055 4992 1292 5049 compos
1317 4991 1381 5030 ac
1405 4988 1504 5045 spe
1521 4971 1736 5044 potitus
1773 4966 2032 5038 optabili,

427 5054 1363 5146 vitipenditpristinaadifficultatis
1377 5059 1702 5133 dispendia,
1724 5054 2037 5146 magniﬁca

423 5145 662 5220 Domini
692 5158 1068 5216 miseratione
1095 5155 1344 5225 adeptus
1367 5147 1640 5208 desiderii
1671 5145 1756 5202 sui
1783 5147 1962 5200 lucra.

503 5256 588 5308 14.
623 5247 1039 5306 Subenmenha
1061 5259 1278 5300 nomen
1300 5244 1384 5296 est
1400 5237 1587 5305 fundi,
1606 5235 1759 5292 unde
1776 5232 2035 5306 quidam,

497 5396 650 5468 (536)
677 5393 897 5468 Colitur
924 5393 982 5468 Si.
1011 5391 1382 5468 Amelberga
1401 5389 1466 5468 lQ
1490 5383 1645 5468 Julii.

493 5453 646 5548 (531$
679 5465 1050 5548 inserebatur
1067 5463 1167 5518 hic
1194 5453 1323 5515 Vita
1352 5458 1409 5514 S.
1446 5455 1789 5521 Landradai,
1833 5453 1894 5509 in
1927 5469 2038 5510 ms.

431 5539 900 5679 ᾠῶἓὲςῗδωι
932 5603 1244 5679 haecqu
1269 5602 1435 5656 deest
1459 5600 1518 5655 in
1552 5614 1662 5654 ms.
1688 5595 1904 5652 Rubeae
1917 5594 2046 5648 Val-

438 5672 529 5745 lis;
553 5680 619 5731 ut
642 5672 709 5731 et
734 5689 981 5747 sequens
1010 5672 1222 5730 libri'n.

2135 4529 2332 4596 currit,
2367 4527 2667 4583 candelam
2697 4526 2886 4580 facere
2927 4526 3179 4578 maturat
3213 4539 3225 4578 :
3252 4537 3429 4595 quam
3458 4525 3522 4575 ut
3547 4519 3753 4575 sanctis

2134 4617 2346 4684 attulit,
2382 4619 2438 4670 et
2464 4629 2700 4686 precum
2735 4628 2970 4667 suarum
3001 4615 3132 4665 vota
3160 4609 3546 4682 deprompsit,
3574 4623 3751 4662 rever-

2135 4721 2262 4760 sum
2303 4718 2519 4774 equum
2543 4701 2760 4755 foribus
2780 4702 3065 4754 astantem
3097 4697 3330 4768 reperit.

2211 4797 2294 4848 l7.
2329 4791 2417 4846 Sic
2449 4806 2586 4860 ergo
2618 4788 3015 4860 cepiosa,quae
3044 4802 3145 4858 per
3179 4800 3384 4840 eorum
3407 4785 3614 4840 merita
3643 4784 3748 4837 Do-

2141 4881 2331 4936 minus
2362 4878 2630 4949 dignatus
2661 4873 3291 4947 estOperari,miracula
3313 4889 3419 4928 nos
3444 4873 3640 4944 segnis
3671 4881 3747 4926 te-

2140 4968 2387 5023 nacitate
2435 4966 2645 5022 silentii
2697 4965 3201 5036 perhorrescentes
3257 4960 3618 5032 succingere,
3670 4976 3750 5014 res

2133 5055 2372 5128 quidem
2390 5053 2818 5119 memorabiles,
2841 5057 3038 5108 tamen
3053 5051 3224 5122 paulo
3238 5049 3447 5105 diti'usa
3465 5051 3750 5120 proxilita-

2136 5148 2194 5200 te
2223 5144 2595 5216 signavimus.
2630 5140 2904 5197 Praesenti
2925 5155 3057 5196 vero
3076 5144 3338 5211 tempore
3372 5139 3746 5197 nihilominus

2138 5232 2289 5305 apud
2322 5248 2426 5286 nos
2455 5235 2616 5302 gesta
2637 5231 2950 5302 suppetunt
2969 5227 3153 5281 adhuc
3173 5227 3469 5299 perplura,
3502 5242 3630 5298 qua:
3653 5241 3748 5279 nos

2213 5371 2551 5455 (5‘39).Lcwa
2571 5387 2673 5455 seu
2727 5368 2936 5455 Leuu'a.
2988 5366 3288 5455 oppidum“
3319 5367 3644 5455 Brabantiaz
3695 5366 3747 5419 in

2141 5437 2403 5524 confiniis
2459 5442 2613 5524 agri“
2645 5438 3010 5524 hcodiensis,‘
3028 5437 3102 5518 ἶ.
3127 5437 3380 5524 millibus
3419 5454 3688 5524 passuum
3720 5452 3750 5494 ι

2140 5507 2532 5584 Trudonoppli
2562 5507 2750 5573 distat.
2781 5510 2949 5584 Apud
2977 5508 3212 5568 Surium
3241 5507 3456 5580 legitur
3477 5509 3651 5570 Lena.
