3892 6214
155 429 289 484 H21

1299 423 1456 484 ’θ’ηῂ
1481 426 1542 484 S.
1575 425 2073 486 ιΑΝΒοΑΙιΒΙ-ω-
2100 415 2235 486 LIB.
2266 425 2334 484 Il.

3340 438 3477 496 me

142 549 272 603 atra
292 545 496 601 itidem
517 546 880 603 mandatas
898 547 1612 615 roborandaauctoritate,
1629 547 1772 620 peti-
1795 553 1852 611 Α
1878 547 2056 603 istum
2082 545 2190 602 isto
2209 547 2598 605 claudendum
2630 548 2744 608 ﬁne
2768 551 3181 621 indicavimus,
3229 557 3311 619 ut,
3343 553 3478 610 viri-

155 635 258 690 stis
279 634 411 690 huic
443 651 623 705 quam
645 635 898 690 breviter
919 635 1094 691 inseri
1118 637 1362 692 schedaa.
1416 637 1529 692 Nos
1575 640 1770 692 autem

161 723 536 793 respirationi
559 724 884 795 legentium
917 727 1005 780 vel
1027 725 1358 780 auditorum
1410 727 1772 780 consulentes

154 809 410 877 aﬂ'ectui,
433 827 577 866 neve
595 812 795 882 magni
810 813 1040 867 Domini
1063 813 1370 883 magnifica
1392 814 1448 868 in
1462 817 1770 885 angustum

153 900 442 970 cogantur
464 899 768 965 beneﬁcia,
798 899 988 954 dilatis
1016 901 1406 973 sequentibus,
1437 918 1768 958 sermonem

1874 637 1982 692 bus
2006 635 2240 690 interim
2288 652 2390 708 per
2412 636 2512 690 sile
2536 636 3030 712 ntiumrecreatis,
3077 657 3206 714 qua:
3234 644 3478 709 restant,

1873 742 1952 798 qu
1965 725 2163 780 eniam
2195 725 2432 796 proprio
2449 724 2707 797 indigere
2728 729 3022 785 volumine
3038 733 3478 801 pernoscuutur,

1880 815 1994 869 alio
2035 827 2230 866 rursus
2261 810 2424 868 initio
2455 816 2816 872 commodius
2845 821 2903 873 et
2926 816 3206 889 insignius
3228 816 3481 889 pretim-

1870 904 2084 962 lentur.

1289 1220 1634 1308 LIBER
1712 1223 2336 1314 SECUNDUS.

1056 1423 1468 1492 Translatio
1516 1423 1982 1514 reliquiarum
2044 1428 2450 1499 (fundarum

235 1615 284 1664 1.
317 1608 571 1663 Relaturi
601 1607 751 1662 mira
809 1608 1042 1664 Domini
1082 1610 1528 1680 cunctipoteutis
1571 1627 1768 1682 opera,
1801 1614 1852 1672 B
1873 1612 2281 1670 beri.Assensit
2306 1616 2399 1669 ille
2423 1615 2688 1681 ﬁdeliter,
2712 1614 3246 1686 sanctumqueﬂdci
3267 1630 3474 1686 aggre-

157 1699 375 1772 quibus
397 1698 674 1752 dilectum
709 1696 792 1751 sui
827 1698 1078 1751 nominis
1111 1699 1495 1752 confessorem
1544 1700 1603 1751 Β.
1635 1700 1774 1752 Lan-

155 1788 438 1843 d'oaldum
479 1785 773 1856 sociosque
790 1786 912 1855 ejus
927 1785 1140 1839 nostris
1161 1786 1218 1839 in
1243 1786 1599 1856 temporibus
1620 1786 1770 1840 miri-

149 1878 266 1932 ﬁce
297 1877 569 1947 dignatus
599 1879 684 1927 est
714 1875 1042 1946 propalare,
1068 1874 1305 1943 dignum
1335 1890 1535 1928 remur
1558 1891 1663 1928 nec
1684 1891 1773 1927 su-

163 1967 457 2038 perfluum
508 1963 952 2017 memorabilem
1006 1961 1398 2016 translationis
1431 1962 1771 2016 earumdem

160 2059 499 2108 sanctorum
519 2051 873 2124 praemittere
898 2051 1348 2121 jucunditatem,
1376 2067 1479 2120 per
1510 2066 1685 2119 quam
1718 2053 1774 2104 et

163 2141 426 2214 ipsorum
465 2139 766 2210 signorum
817 2139 1151 2193 enituerunt
1196 2139 1496 2204 nonnulla,
1528 2142 1587 2192 et
1617 2139 1774 2192 locus

162 2233 359 2284 vester
391 2229 478 2282 vel
502 2227 664 2298 regio
693 2226 1044 2298 dignationis
1075 2243 1275 2280 eorum
1295 2225 1507 2280 meruit
1531 2224 1775 2279 feliciter

170 2316 447 2387 insigniri
469 2314 794 2386 praesentia.
809 2313 991 2384 Igitur
1007 2329 1244 2368 emenso
1267 2313 1495 2367 dierum
1528 2313 1776 2367 curricu-

165 2406 243 2470 lo,
277 2421 412 2458 cum
441 2402 854 2472 inexplicabilis
881 2402 984 2456 sevi
1013 2402 1272 2455 mortalis
1303 2401 1383 2455 ita
1418 2401 1670 2472 exigeret
1683 2402 1776 2455 de-

171 2489 811 2561 terminatio,praefatus
833 2489 1063 2542 illustris
1102 2489 1331 2554 Lantso,
1359 2489 1777 2543 determinatus

173 2579 447 2634 videlicet
475 2577 904 2648 praememorati
937 2592 1228 2648 possessor
1252 2577 1435 2644 fundi,
1458 2577 1675 2632 cunctis
1695 2577 1774 2630 vi-

171 2669 448 2723 ventibus
476 2681 787 2722 commune
819 2665 1079 2719 debitum
1111 2663 1298 2730 solvit,
1328 2665 1620 2736 prolisque
1661 2682 1776 2720 suae

159 2756 593 2812 successionem
621 2755 877 2825 ejusdem
910 2753 1278 2824 possessionis
1303 2753 1639 2807 haereditate
1673 2753 1774 2807 de-

163 2844 377 2901 stituit.
407 2842 730 2916 lmperialis
749 2845 942 2897 autem
959 2841 1284 2896 serenitatis
1298 2841 1638 2895 moderante
1661 2843 1775 2895 cle-

1873 1701 2037 1756 diens
2053 1703 2308 1757 ofﬁcium
2333 1704 2574 1774 implere
2594 1702 3474 1768 maturavit.Eeceautem,.dietu

1874 1790 2156 1845 mirabile!
2174 1793 2544 1862 repentinum
2558 1794 2893 1845 sanctorum
2913 1790 3252 1860 suffragium
3273 1790 3478 1846 demti-

1874 1881 1966 1932 cta
1997 1880 2204 1950 conjux
2247 1879 2536 1949 experitur
2584 1880 2843 1934 inﬁrma.
2883 1879 2928 1932 E
2959 1879 3196 1950 vestigio
3225 1895 3477 1950 namque

1873 1967 2092 2037 dirigit,
2137 1967 2233 2038 qui
2293 1967 2655 2039 praemissum
2697 1983 2731 2020 a
2761 1971 3092 2021 sanctorum
3133 1983 3358 2021 accessu
3383 1983 3480 2021 re-

1874 2059 2178 2108 moverent
2201 2055 2499 2120 maritum,
2532 2056 2731 2123 utpote
2759 2054 2885 2124 ipsa
2905 2069 3036 2107 mox
3062 2056 3479 2122 secutura,san-

1872 2144 2219 2213 otorumque
2269 2142 2637 2214 praesentiam
2671 2142 3013 2212 expetitura,
3057 2145 3123 2194 et
3162 2155 3267 2210 per
3294 2144 3480 2195 semet

1875 2245 2004 2300 qua:
2023 2230 2290 2285 mittebat
2321 2231 2605 2285 oblatura.
2636 2229 2753 2284 Sed
2784 2218 3083 2283 inhibente
3105 2228 3214 2282 loci
3227 2228 3478 2282 veltem-

1873 2318 2032 2388 poris
2055 2318 2347 2388 angustia,
2365 2335 2436 2372 ne
2462 2320 2792 2372 sanctorum
2827 2319 3156 2371 moraretur
3171 2315 3476 2386 profectio,

1876 2406 2026 2460 lator
2057 2407 2379 2460 munusculi
2435 2408 2768 2460 sanctorum
2801 2420 2860 2457 se
2891 2403 3300 2458 misericordiae
3339 2419 3482 2473 prue-

1877 2495 2196 2549 sentialiter
2247 2495 2562 2549 submissus
2601 2493 2815 2560 intulit,
2847 2491 3326 2564 coramque-ipsis
3350 2508 3480 2547 om-

1877 2582 2040 2636 nium
2072 2583 2169 2654 qui
2196 2583 2442 2637 aderant
2457 2581 2774 2636 notitiae-in
2799 2596 2982 2635 uxore
3011 2579 3268 2634 exhibita
3291 2579 3480 2650 pieta-

1873 2670 1950 2724 tis
1980 2685 2187 2724 eorum
2219 2687 2416 2742 opera,
2445 2670 2517 2725 ad
2540 2669 2772 2724 laudem
2823 2672 2882 2722 et
2912 2667 3160 2739 gloriam
3187 2669 3482 2738 cunctipo-

1874 2759 2050 2813 tentis
2071 2759 2320 2825 Domini,
2353 2761 2705 2829 protestatus
2745 2761 2803 2812 et
2831 2757 3116 2829 professus
3145 2760 3252 2810 est.

1945 2848 1999 2904 4.
2060 2847 2345 2902 Praeterea
2383 2847 2663 2919 quoniam
2694 2844 3075 2917 profectionis
3106 2843 3481 2900 conducebat

161 2933 403 2988 "mantia
426 2939 596 3004 (quae,
626 2930 898 2986 laudabili
925 2929 1247 2985 devotionis
1265 2933 1418 2996 voto,
1442 2932 1642 3000 suapte
1672 2947 1773 2984 na-
1805 2955 1852 3015 ο
1869 2935 2484 3004 eompetentiaJocata
2503 2934 2664 2989 navis
2676 2947 2810 2988 cum
2826 2933 3199 2988 mercenariis
3208 2932 3479 3004 jucundee

151 3027 300 3077 tura
324 3022 678 3076 benevolum
721 3018 945 3073 induxit
993 3016 1277 3078 animum,
1336 3031 1632 3071 servorum
1673 3017 1772 3071 Dei
1875 3027 2210 3077 sanctorum
2230 3023 2548 3077 devectioni
2575 3022 2892 3077 instituitur
2913 3021 3363 3076 famulariﬁcoe
3381 3037 3481 3075 au-

161 3111 483 3166 vilitatibus
514 3107 812 3179 impendio
833 3105 1206 3178 prospicere),
1226 3105 1434 3159 eadem
1466 3105 1767 3176 possessio,

162 3201 388 3270 absque
401 3196 806 3268 refragationis
819 3195 1012 3249 obstac
1019 3195 1340 3261 ulo,vestrae
1356 3192 1653 3264 potestatis
1675 3209 1770 3246 re-

155 3284 780 3360 legatacessitditioni,
810 3284 1185 3354 prmlatorum
1197 3281 1410 3336 scilicet
1433 3283 1768 3335 sanctorum

147 3375 452 3452 praelecti
466 3373 674 3430 Christi
688 3372 884 3427 militis
893 3370 1118 3441 egregii
1135 3369 1476 3425 confessoris
1505 3369 1764 3423 Bavonis.

231 3468 288 3520 2.
315 3464 501 3535 Igitur
523 3461 663 3534 quia
679 3460 907 3531 sapiens
936 3475 1166 3529 semper
1191 3459 1316 3528 agit
1343 3457 1653 3528 sapienter,
1669 3473 1766 3511 ve-

151 3557 279 3608 stro
313 3552 638 3607 restitutam
662 3548 780 3620 juri
806 3547 999 3618 sagaci
1025 3547 1440 3618 perlustrantes
1457 3544 1764 3612 industria,

157 3641 359 3698 altiori
384 3637 742 3694 intellexistis
761 3635 1023 3701 consitio,
1065 3633 1406 3688 honorabile
1441 3631 1766 3703 depositum

158 3732 289 3802 ejus
318 3729 508 3801 ipsam
536 3723 986 3797 praeponderare
1008 3738 1100 3775 om
1111 3721 1484 3786 nimodo,nec
1499 3724 1618 3774 tam
1635 3737 1768 3790 pre-

153 3818 288 3873 tiosi
319 3815 575 3871 thesauri
626 3814 855 3868 thecam
884 3827 951 3864 eo
982 3809 1093 3864 loci
1128 3809 1354 3863 tantillo
1387 3808 1768 3863 occulendam

152 3903 573 3974 modio.Super
593 3918 708 3973 qua
735 3916 798 3955 re
821 3898 1101 3953 trutinata
1129 3897 1282 3951 inter
1307 3913 1404 3952 vos
1423 3896 1522 3952 diu
1552 3900 1769 3954 mutuae

151 3993 486 4049 collationis
516 3989 956 4055 deliberatione,
999 3986 1344 4057 astipulante
1365 3988 1646 4058 praeterea
1675 4003 1769 4042 ar-

149 4082 568 4156 chiprtnsulum
599 4077 996 4134 etantistitum
1009 4074 1768 4146 prudentiumque-virorum

151 4169 588 4236 convenientia,
630 4167 704 4223 ad
741 4166 933 4231 vestri,
966 4163 1453 4235 praepollentioris
1479 4163 1766 4233 videlicet,

141 4259 549 4316 eminentiam
578 4256 688 4312 leci
709 4258 1042 4312 sanctorum
1065 4253 1329 4306 cinerum
1349 4251 1648 4307 transferri
1675 4253 1772 4308 de-

1868 3112 1990 3164 tem
2022 3127 2172 3166 unus
2193 3112 2367 3165 remis
2389 3111 2830 3182 applicitorum,
2873 3110 2964 3166 cui
2995 3109 3291 3181 quoddam
3317 3109 3477 3164 acci-

1869 3198 2036 3252 derat
2085 3198 2240 3253 haud
2270 3200 2444 3269 longe
2467 3198 2875 3264 infortunium,
2925 3195 3484 3252 reiﬁamiliuris-dis.

1869 3284 2082 3357 pendio
2107 3285 2842 3357 stimulatus,susceptoque
2873 3285 3069 3339 labore
3097 3285 3482 3352 obscuritas,

1861 3377 2002 3427 ante
2019 3373 2369 3427 destinatum
2394 3373 2616 3426 itineris
2628 3387 2941 3442 expensum
2951 3375 3090 3438 ,tam
3117 3376 3316 3426 saneto
3330 3372 3480 3426 infe-

1868 3460 1946 3514 lix
1987 3477 2108 3514 sese
2137 3460 2433 3531 subripere
2465 3458 3190 3530 prasumpsitofﬁcioﬁed
3210 3459 3479 3530 quianon

1867 3547 2314 3613 contemnenda,
2369 3564 2475 3600 nec
2524 3546 2754 3600 utilitati
2805 3545 3040 3617 privatas
3087 3546 3484 3599 substituenda

1868 3641 2197 3690 sanctorum
2217 3636 2432 3689 feretra
2449 3633 2685 3701 fuerint,
2703 3633 2924 3704 absque
2947 3647 3185 3686 mese
3202 3631 3486 3703 persensit

1867 3724 2198 3778 interstitio.
2223 3723 2530 3777 Ultroneus
2539 3736 2793 3792 namque
2810 3722 2868 3775 et
2879 3719 3252 3775 inexorabilis
3280 3719 3488 3774 electo-

1867 3829 1998 3866 rum
2023 3813 2121 3867 Dei
2145 3812 2373 3866 avulsus
2402 3809 2748 3876 ministerio,
2792 3824 2913 3863 non
2945 3807 3120 3862 modo
3147 3806 3482 3863 deliberem;

1868 3917 1987 3956 non
2014 3900 2232 3972 profuit
2250 3898 2505 3966 utilitati,
2521 3898 2639 3952 imo
2662 3897 2716 3951 di
2724 3911 2901 3968 gnam
2925 3909 3050 3951 non
3061 3899 3270 3968 sponte
3283 3909 3487 3966 passus

1869 3993 1957 4044 est
1984 3988 2481 4061 redarguticnem.
2509 3985 2817 4041 Discedens
2860 3985 3054 4056 itaque
3087 3982 3490 4056 non-spatiosa

1863 4082 2141 4149 peragrat
2163 4077 2393 4144 itinera,
2428 4091 2618 4148 neque
2650 4074 2980 4129 desiderata
3005 4072 3224 4145 expetit
3247 4071 3435 4144 spatia
3469 4091 3484 4130 :

1858 4164 2296 4220 verummentis
2308 4164 2592 4219 alienatus
2619 4160 3242 4235 integritate,»pristino
3256 4176 3490 4234 quoque

1865 4251 2270 4306 membrorum
2297 4251 2604 4305 frustatrus
2627 4250 2850 4322 vigore,
2871 4246 3491 4320 vixpmximasaibiq'ue

154 4347 415 4405 crevistis
433 4346 702 4417 pignora.
733 4343 848 4398 Sed
879 4343 1032 4396 inter
1061 4339 1172 4396 iter
1187 4340 1502 4412 agendum,
1515 4339 1667 4395 dum
1686 4341 1768 4394 vi-
1795 4353 1848 4411 D
1867 4337 2036 4392 citius
2061 4335 2509 4392 oblatewicinic
2522 4352 2719 4408 sepem
2739 4334 3494 4407 cumgnessibusuﬁ‘mdzns

154 4437 596 4491 delicetsanctte
624 4430 946 4488 devotionis
977 4429 1216 4485 tandem
1259 4428 1649 4482 celebraretur
1674 4444 1768 4483 ex-

153 4524 401 4591 secutio,
434 4525 882 4592 sanctorumque
908 4516 1333 4589 pretiosissimae
1361 4531 1466 4585 per
1494 4533 1611 4571 non
1645 4531 1772 4572 mo-

156 4611 359 4667 dicam
381 4609 607 4666 itineris
631 4605 1125 4678 intercapedinem
1153 4603 1607 4658 transferrentur
1635 4602 1770 4658 reli-

145 4701 336 4774 quim,
371 4698 633 4770 contigit,
665 4699 728 4751 ut
749 4712 852 4767 par
895 4697 1039 4761 erat,
1092 4692 1374 4765 plurimos
1390 4692 1774 4748 ﬁnitimorum

153 4795 286 4846 tam
310 4789 494 4845 felicis
521 4785 816 4860 opinionis
842 4783 1112 4856 occupari
1137 4798 1395 4840 rumore.

237 4883 288 4935 3.
323 4881 482 4933 Inter
520 4875 834 4931 nonnullos
874 4873 1072 4944 itaque
1115 4870 1447 4926 auditorum
1488 4871 1777 4942 comperit

151 4967 290 5024 haec
311 4965 590 5038 languida
619 4963 908 5036 quaedam,
938 4973 1068 5033 quas
1098 4959 1457 5031 aegritudinis
1505 4959 1775 5028 depressa

160 5057 453 5130 pondere,
477 5053 670 5109 lectuli
697 5050 1067 5106 detinebatur
1100 5051 1301 5114 strato,
1339 5051 1401 5100 ut
1424 5062 1542 5101 non
1575 5045 1774 5101 diebus

151 5147 289 5217 jam
321 5141 646 5209 numerosis
675 5139 745 5194 ab
771 5155 862 5205 eo,
885 5137 992 5193 nisi
1022 5133 1776 5208 bajulata,exsurgeret.Sed

160 5217 304 5289 cuni
319 5234 426 5288 hac
444 5228 685 5304 optabili
701 5227 882 5282 auditi
903 5226 1151 5281 rumoris
1158 5225 1180 5295 j
1193 5222 1524 5278 ucunditate
1541 5221 1598 5275 in
1613 5237 1777 5292 spem

163 5322 388 5379 bonam
413 5319 632 5392 pariter
645 5316 905 5386 erigitur,
920 5315 991 5369 de
1011 5313 1295 5367 destitutae
1323 5308 1518 5364 salutis
1539 5321 1776 5379 recupe-

161 5411 397 5467 ratione
423 5423 530 5482 per
553 5407 888 5459 sanctorum
937 5400 1382 5472 opitulationem
1434 5395 1780 5482 ﬁducialiter

166 5479 542 5556 certioratur.
567 5493 734 5549 Unde
759 5508 875 5546 non
906 5493 1310 5558 cunctata,per
1323 5485 1658 5540 unanimem
1672 5479 1781 5537 sibi

166 5583 947 5653 collateralem,apparatum
961 5577 1214 5633 candela:
1231 5574 1642 5631 munusculum
1657 5589 1784 5628 san-

165 5682 405 5738 ctorum
422 5669 653 5733 meritis
670 5671 729 5726 et
742 5669 1063 5742 praesentiae
1074 5667 1346 5742 precatur
1357 5661 1621 5721 celeriter
1632 5661 1786 5722 exhi-

1870 4423 2238 4495 commigrat,
2254 4422 2454 4494 ibique
2470 4422 2731 4493 stupidus
2749 4421 3188 4493 dejiciturdQuin
3205 4422 3494 4477 ddum-su-

1870 4513 2175 4584 perantem
2189 4508 2568 4563 nihilominus
2588 4507 2858 4563 instantis
2887 4507 2998 4560 diei
3019 4509 3383 4578 particulam,
3408 4511 3493 4563 to-

1873 4603 2111 4670 tumque
2138 4594 2431 4668 sequentis
2471 4595 2655 4649 noctis
2685 4607 2986 4649 excursum
3028 4593 3235 4650 debitae
3259 4595 3490 4667 impen-

1874 4683 2019 4740 dens
2050 4683 2278 4750 ultioni,
2307 4681 2570 4736 haarebat
2593 4681 2892 4736 attonitus.
2951 4678 3194 4734 Attritus
3219 4697 3357 4752 ergo
3386 4681 3495 4738 ali-

1874 4772 2127 4845 quandiu
2152 4774 2314 4825 tanto
2339 4768 2719 4840 correptionis
2739 4767 2995 4832 verbere,
3024 4766 3490 4839 tandemqueipio

1873 4864 2202 4916 sanctorum
2229 4875 2373 4932 quos
2401 4857 2785 4930 vilipenderat
2813 4855 3075 4920 obtentu,
3103 4852 3364 4924 benigne
3384 4858 3497 4910 mi-

1875 4948 2115 5004 serentis
2141 4947 2241 5002 Dei
2266 4947 2527 5001 visitatus
2556 4947 2839 5017 respectu,
2876 4942 3000 5014 ipse
3025 4944 3218 4996 reatus
3247 4941 3335 4995 sui
3358 4957 3488 4997 mc-

1875 5036 2106 5092 dullitus
2137 5033 2408 5104 intelligit
2439 5032 2738 5087 offensam.
2781 5030 2906 5085 Mox
2933 5028 3111 5100 igitur
3136 5029 3199 5082 ut
3216 5027 3495 5086 fenestra-

1874 5129 1998 5179 tum
2028 5121 2240 5178 mentis
2269 5121 2565 5194 penetrale
2596 5135 2722 5174 sera
2750 5117 2886 5173 licet
2901 5116 3186 5188 transegit
3206 5117 3496 5187 pmiten-

1875 5212 1978 5279 tia,
2009 5210 2306 5282 consopito
2335 5207 2551 5279 pariter
2581 5205 2810 5277 corpori
2833 5204 3058 5259 desides
3082 5203 3382 5274 reviguere
3407 5207 3490 5259 vi-

1867 5316 1968 5354 res
1992 5316 2004 5350 :
2030 5296 2485 5370 posthabitisque
2499 5292 2757 5363 pristinae
2770 5291 3114 5347 intentionis
3126 5290 3493 5346 mordacibus

1878 5386 2048 5453 curis,
2079 5385 2198 5439 solo
2225 5399 2360 5437 vero
2391 5383 2744 5447 sanctorum,
2773 5379 2998 5451 pridem
3027 5379 3314 5451 neglecto,
3338 5396 3492 5434 nunc

1879 5473 2177 5532 inhianter‘
2195 5471 2446 5542 flagrans
2478 5467 2774 5540 obsequio,
2789 5483 3026 5523 emensa
3051 5471 3369 5523 retrorsum
3380 5468 3495 5522 fes-

1880 5563 2019 5619 tinis
2046 5559 2306 5634 passibus
2329 5555 2634 5612 remetitur
2672 5556 2902 5626 itinera,
2935 5560 2998 5612 ut
3043 5555 3282 5612 tandem
3332 5555 3494 5612 lecta-

1884 5652 2114 5714 bundus
2134 5663 2342 5709 eorum
2362 5662 2491 5709 sese
2507 5646 2754 5727 inferret
2761 5645 3110 5730 praesentiae.
3135 5644 3311 5729 Cujus
3331 5645 3503 5709 nimi-
