3892 6214
454 427 590 481 H23

1594 409 1924 470 HERIGERI
1953 403 2240 468 ABBATIS
2269 404 2624 468 LOB‘IENSIS

3644 411 3778 469 H25

454 558 584 600 rum
609 539 856 596 recentis
874 536 1172 610 castigatio
1187 536 1459 604 verberis,
1473 553 1734 610 veraeque
1764 527 2061 591 conversio
2081 539 2138 599 Α
2159 535 2419 589 tudinem
2445 534 2506 588 in
2533 533 2713 589 oculis
2732 547 2838 604 per
2855 547 3041 588 annos
3061 532 3278 588 multos
3298 544 3576 604 perpessa
3599 548 3614 588 :
3636 550 3778 608 quae,

454 627 850 703 paenitudinis,
871 625 1085 680 velocia
1103 623 1382 697 [vestigia]
1409 624 1777 679 reddiderant
1801 641 1814 678 :
1837 641 1940 677 nec
1969 640 2060 678 re-

2162 627 2493 679 sanetorum
2516 622 2738 676 meritis
2758 621 3094 693 sospitatem
3121 621 3382 694 indepta,
3411 622 3537 676 sine
3555 622 3781 677 ductore

455 714 673 788 quievit
702 715 905 782 donec,
933 714 1047 768 voti
1085 729 1321 784 compos
1342 713 1628 784 optabilis,
1651 712 1903 783 gloriosa
1930 728 2065 765 san-
2163 711 2423 782 gaudens
2448 714 2506 764 et
2534 710 2824 764 exsultans
2850 709 3129 764 remeavit
3152 710 3224 764 ad
3248 711 3506 782 propria.

455 807 680 860 ctorum
695 802 1130 876 praesentialiter
1142 804 1590 873 consequeretur
1601 801 1828 868 merita,
1846 815 2066 854 coram-

457 907 568 963 que
611 891 746 961 ipsis
788 894 846 944 et
891 891 1207 945 multorum
1237 888 1564 959 frequentia
1593 892 1888 958 expertam
1919 886 1978 940 in
2005 904 2064 939 se

455 979 803 1050 protestatus
829 979 912 1031 est
936 975 1376 1048 castigationem
1407 978 1464 1029 et
1493 974 1882 1029 clementiam.

531 1067 583 1120 5.
616 1066 740 1136 Ipso
769 1067 964 1118 autem
990 1062 1101 1128 die,
1136 1061 1194 1118 id
1222 1066 1306 1118 est
1335 1066 1532 1117 octavo
1575 1062 1860 1116 Kalendas
1899 1059 2062 1131 Apri-

455 1153 546 1219 lis,
580 1168 694 1224 quo
725 1149 787 1206 in
831 1149 1251 1205 monasterium
1271 1149 1577 1220 praefatum
1635 1165 1766 1202 cum
1812 1146 2068 1218 reliquiis

457 1240 676 1296 eisdem
692 1242 778 1294 est
793 1238 1092 1302 intratum,
1110 1237 1318 1291 mulier
1339 1237 1623 1310 quedam,
1648 1237 1796 1305 (540)
1813 1235 2067 1288 Lenekin

457 1328 720 1394 nomine,
737 1325 1238 1399 praevenit,1umen
1260 1325 1355 1379 diu
1368 1325 1641 1379 amissum
1655 1322 2071 1394 recepitldibus

457 1415 688 1488 Aprilis,
709 1415 856 1484 (541)
878 1411 1024 1466 feria
1037 1411 1203 1465 tertia
1215 1411 1429 1465 scilicet
1445 1409 1820 1465 hebdomadas
1842 1409 2072 1480 pascha-

456 1503 547 1558 lis.
575 1502 772 1556 Puella
801 1500 1064 1572 quaadam
1097 1515 1246 1553 caeca
1267 1499 1337 1553 de
1367 1499 1499 1552 villa
1519 1500 1664 1566 (542)
1691 1497 1948 1552 Ostholta
1968 1496 2074 1549 ad-

460 1590 638 1657 venit,
670 1588 908 1644 nomine
950 1587 1346 1652 Teudsmudis,
1388 1586 1772 1658 vespertinam
1813 1585 2074 1654 synaxim

460 1678 736 1735 fratribus
763 1675 1188 1732 celebrantibus
1234 1674 1539 1740 sustinens,
1594 1673 1769 1728 rediit
1808 1674 1961 1728 clare
2002 1673 2078 1725 vi-

465 1767 629 1835 dens,
657 1781 761 1820 nec
791 1765 894 1818 vias
924 1763 1130 1818 ducem
1155 1763 1394 1816 ulterius
1419 1778 1704 1833 quaerens.

2235 803 2286 852 8.
2313 799 2590 869 Deinceps
2616 797 2820 870 quinto
2847 797 3092 851 Kalend.
3142 796 3296 851 Junii
3329 798 3542 852 mulier
3561 797 3634 851 de
3659 797 3786 850 villa

2166 887 2412 952 Rothen,
2436 880 2804 958 paupercula,
2826 885 3166 940 Adalmudis
3189 885 3604 952 vocitata,dum
3623 901 3690 939 ex
3707 884 3787 938 in-

2167 975 2437 1028 firmitate
2469 974 2650 1027 nimia
2693 973 2843 1026 facta
2875 973 3075 1026 fuisset
3113 987 3284 1039 caeca,
3324 971 3525 1026 audita
3574 977 3788 1026 sancto-

2167 1079 2296 1116 rum
2328 1062 2503 1127 fama,
2522 1061 2593 1114 ad
2607 1077 2812 1115 eorum
2835 1059 3202 1114 desiderabat
3222 1059 3524 1132 pervenire
3547 1060 3788 1130 patroci-

2170 1151 2266 1204 nia
2293 1167 2308 1202 :
2337 1150 2438 1204 sed
2467 1149 2605 1204 dum
2633 1148 2855 1202 inflatis
2877 1148 3141 1202 cruribus
3154 1147 3240 1201 vix
3261 1151 3514 1218 reperet,
3547 1150 3605 1201 et
3629 1163 3664 1201 a
3683 1147 3790 1201 suis

2170 1254 2286 1310 pro:
2318 1240 2654 1308 paupertate
2687 1236 2784 1290 illo
2818 1235 3024 1290 deduci
3059 1236 3206 1306 (544)
3239 1235 3503 1306 neglecta
3540 1238 3709 1302 esset,
3738 1239 3791 1288 et

2169 1327 2274 1379 hac
2298 1324 2705 1395 desperatione
2739 1322 2912 1376 nimis
2947 1323 3286 1388 tabesceret,
3320 1325 3490 1376 nocte
3521 1338 3785 1394 superve-

2173 1413 2367 1466 niente
2381 1430 2438 1465 se
2458 1411 2650 1480 sopori
2673 1410 2932 1477 indulsit,
2957 1409 3054 1464 SS.
3077 1410 3473 1464 Landoaldum
3495 1413 3554 1464 et
3581 1409 3793 1464 Vincia-

2175 1516 2312 1554 nam
2332 1499 2530 1554 habitu
2564 1497 3032 1569 splendidissimo
3061 1497 3310 1551 incensis
3339 1497 3520 1552 cereis
3548 1499 3792 1551 astantes

2175 1588 2281 1641 sibi
2301 1586 2571 1658 cognovit
2585 1603 2602 1650 ;
2616 1585 2923 1656 evigilans,
2944 1585 3467 1656 reintegrationem
3486 1585 3666 1639 totius
3683 1600 3794 1639 cor-

2175 1674 2331 1747 poris
2351 1673 2547 1727 adesse
2573 1673 2680 1726 sibi
2695 1672 3004 1743 persensit,
3025 1671 3288 1726 dolorem
3299 1672 3480 1726 totius
3498 1671 3793 1726 inﬁmita-

2179 1763 2250 1816 tis
2268 1762 2564 1816 recessisse
2592 1761 2790 1816 didicit
2816 1777 2829 1814 :
2854 1761 2913 1814 in
2936 1761 3250 1814 crastinum
3274 1761 3345 1816 de
3371 1760 3788 1815 illuminatione

533 1860 588 1911 6.
621 1856 680 1908 ln
712 1853 834 1924 ipsa
853 1851 984 1906 villa
1007 1851 1116 1905 fuit
1139 1851 1411 1916 etaltera,
1445 1850 1598 1903 intra
1619 1865 1804 1904 annos
1823 1847 2081 1903 infantiae
2105 1845 2158 1905 B
2176 1852 2300 1922 jam
2319 1854 2496 1916 certa,
2519 1849 2590 1904 de
2606 1850 2829 1921 reliqua
2849 1849 3094 1903 sanitate
3115 1863 3236 1904 non
3251 1848 3451 1915 dubia,
3467 1865 3570 1921 per
3589 1865 3652 1902 se
3669 1862 3795 1902 cum

466 1943 549 1998 ita
577 1940 872 1996 debilitata
902 1943 964 1993 ut
993 1942 1127 1994 ante
1151 1954 1371 1992 annum
1404 1953 1508 1991 nec
1539 1937 1780 2008 pedibus
1818 1936 2084 1992 incedere

465 2046 572 2085 nec
614 2029 817 2084 saltem
847 2044 882 2081 a
915 2028 1062 2081 lecto
1106 2026 1350 2097 quiverit
1383 2041 1638 2096 surgere.
1687 2025 1842 2078 Hanc
1879 2029 2086 2106 mater,

468 2116 811 2190 supradictis
828 2115 1133 2170 virtutibus
1145 2115 1349 2181 excita,
1369 2115 1558 2186 primo
1590 2130 1763 2168 mane
1786 2114 1934 2168 inter
1955 2114 2086 2167 bra-

428 2205 596 2262 .chia
618 2205 722 2260 sub
747 2205 872 2260 divo
916 2202 1161 2268 sustulit,
1191 2219 1295 2274 pro
1341 2202 1464 2272 ejus
1511 2201 1948 2272 recuperatione
1995 2217 2088 2254 v0-

480 2297 606 2349 tum
619 2292 829 2348 sanctis
840 2290 1216 2358 fecit,scilicet
1229 2289 1326 2344 illo
1340 2306 1398 2342 se
1410 2306 1540 2343 cum
1555 2289 1750 2344 sobole
1761 2292 2082 2355 venturam,

473 2382 830 2438 oblationem
845 2378 1062 2450 pariter
1074 2378 1340 2432 devotam
1359 2393 1550 2431 secum
1563 2376 1880 2430 delaturam
1891 2417 1903 2429 .
1920 2375 2083 2439 Quod

428 2508 434 2513 -
476 2468 815 2540 utexplevit,
833 2467 1027 2538 puella
1040 2463 1318 2536 paulatim
1341 2463 1645 2532 subrigens
1670 2480 1790 2517 sese
1812 2463 1872 2516 in
1886 2463 2080 2535 pedes,

468 2557 648 2622 stetit,
677 2553 985 2620 convaluit,
1039 2551 1336 2606 ambulare
1379 2551 1568 2621 erepit,
1591 2553 1649 2604 et
1677 2550 1834 2605 abiit.
1863 2551 2080 2604 ibidem

469 2641 683 2698 exstitit
707 2645 766 2696 et
792 2640 926 2702 alia,
952 2639 1174 2694 Lewich
1191 2638 1457 2702 vocitata,
1474 2637 1672 2692 itidem
1703 2638 1862 2692 omni
1884 2654 2082 2710 corpo-

465 2730 548 2787 ris
562 2729 770 2784 virtute
783 2726 1052 2794 invalida,
1083 2743 1152 2780 ea
1173 2743 1304 2780 cum
1317 2726 1442 2796 jam
1468 2741 1616 2796 pene
1631 2726 1987 2798 desperasset
2010 2727 2082 2782 de

471 2817 608 2885 vita,
675 2815 872 2870 audita
920 2813 1243 2886 signorum,
1293 2830 1420 2885 quae
1469 2814 1584 2868 illic
1623 2814 1860 2880 fiebant,
1900 2817 2076 2882 fama,

473 2921 706 2962 cereum
734 2905 1064 2959 sanctorum
1090 2901 1432 2956 luminariiis
1456 2902 1696 2957 devovit.
1718 2903 1840 2957 Mox
1855 2905 1918 2956 ut
1946 2903 2077 2957 illuc

473 2989 1054 3058 destinavit,valentia
1067 2990 1235 3044 totius
1246 2990 1503 3062 corporis
1522 2989 1717 3044 statim
1733 2989 2078 3061 reintegrari

471 3079 706 3178 meruit:
736 3079 1197 3178 (543)“Wechtre
1245 3094 1458 3133 nomen
1497 3077 1644 3176 villae
1680 3082 1796 3147 est;
1843 3078 2144 3178 Ribertac

472 3172 597 3226 erat
623 3167 738 3224 illic
777 3166 984 3222 mulier
1012 3170 1360 3238 nuncupata,
1393 3165 1564 3220 variis
1591 3166 1950 3237 passionibus
1976 3166 2074 3220 de-

431 3311 438 3322 ,
470 3259 637 3313 tenta
664 3259 723 3312 et
748 3271 896 3328 pene
922 3255 1082 3310 omni
1110 3255 1509 3309 membrorum
1534 3254 1722 3309 ofﬁcio
1753 3255 2028 3309 destituta
2059 3269 2072 3308 :

471 3345 776 3402 adhorum
813 3343 1158 3399 memoriam
1205 3342 1412 3397 devota
1463 3342 1717 3408 accessit,
1769 3341 2080 3415 aliquantis

471 3433 673 3490 diebus
700 3432 990 3488 demorari
1027 3430 1275 3486 instituit
1303 3429 1610 3485 sanitatem
1640 3434 1946 3486 consecuta
1985 3447 2078 3486 re-

465 3521 651 3578 cessit.

535 3617 590 3668 7.
621 3609 819 3667 Mulier
845 3613 1128 3682 praeterea
1154 3607 1420 3680 quaedam
1447 3623 1544 3662 xm
1561 3607 1800 3662 Kalend.
1828 3607 1953 3663 Maii
1975 3623 2078 3679 pro

424 3738 435 3746 -
469 3698 589 3755 ﬂlio
608 3701 884 3772 rogatum
904 3697 1082 3753 venit.
1105 3697 1242 3751 Huic
1272 3695 1422 3750 illius
1463 3695 1620 3750 domi
1663 3695 1894 3750 relictus
1935 3699 2078 3763 erat,

468 3787 707 3844 nomine
719 3787 1053 3857 Adelgerus,
1080 3801 1200 3838 non
1225 3783 1646 3839 solumlumine
1665 3785 1963 3839 oculorum
1989 3784 2082 3839 de-

427 3927 435 3932 .
472 3877 720 3942 stitutus,
753 3874 853 3929 sed
881 3876 939 3928 et
975 3871 1176 3944 capitis
1202 3876 1260 3926 et
1299 3871 1556 3942 corporis
1579 3872 1894 3927 rheumatis
1917 3876 2081 3928 motu

471 3965 746 4036 gibbosus
765 3964 937 4018 totus.
958 3961 1136 4016 Mater
1152 3976 1256 4031 pro
1278 3960 1328 4030 ej
1336 3976 1400 4013 us
1424 3961 1860 4034 recuperatione
1877 3961 2078 4028 oravit,

469 4057 666 4108 votum
677 4050 847 4118 fecit;
868 4049 1078 4104 timore
1093 4047 1405 4121 lilii,quem
1432 4049 1799 4122 desperatum
1824 4050 2078 4123 reliquit,

472 4138 642 4195 citius
667 4137 840 4192 rediit
866 4153 880 4191 :
911 4139 975 4190 ut
999 4136 1239 4191 domum
1267 4137 1562 4205 remeavit,
1587 4138 1769 4192 filium
1787 4139 2079 4194 videntem

469 4225 769 4298 reperit,et
790 4227 947 4280 certa
965 4225 1362 4280 incolumitate
1386 4225 1738 4297 gaudentem
1767 4227 1905 4281 laeta
1919 4242 2078 4280 rece-

474 4313 577 4386 pit.
599 4313 884 4380 Postluec,
907 4313 1012 4368 sub
1026 4311 1119 4368 die
1145 4313 1388 4384 septimo
1409 4313 1632 4370 decimo
1649 4313 2074 4380 Kalend.Junii,

473 4401 709 4458 advenit
735 4400 963 4470 ancilla,
978 4400 1187 4474 Egerin
1209 4404 1426 4470 vocata,
1448 4402 1780 4458 albedinem
1804 4403 1890 4458 vel
1916 4403 2082 4475 lippi—
2101 4433 2156 4493 Ι)

567 4543 690 4614 540)
718 4543 814 4599 Ms.
848 4542 1149 4598 Gandense
1173 4543 1422 4599 Leve/(in.

561 4615 684 4686 541)
714 4615 876 4686 Dicto
907 4631 1064 4686 anno
1093 4619 1216 4681 980,
1244 4632 1358 4686 quo
1395 4616 1552 4686 cyclo
1588 4615 1741 4670 luna:
1777 4619 1862 4684 l2,
1886 4616 2021 4672 solis
2050 4620 2084 4673 4

466 4685 673 4768 litteris
687 4685 1154 4768 .pominicalibus
1183 4687 1227 4741 D
1261 4685 1321 4752 Ε,
1355 4685 1569 4741 Pascha
1597 4687 1700 4740 fuil
1729 4687 2082 4744 celebratum

473 4761 533 4816 11
561 4758 794 4830 Aprilis.
1649 4799 1659 4802 _

535 4828 688 4885 (542)
718 4829 917 4884 Surius
939 4828 1148 4884 Schult.

561 4828 664 4885 542
718 4829 917 4884 Surius
939 4828 1148 4884 Schult.

535 4828 694 4972 ἳδιθέ
717 4899 882 4972 Mem.
909 4900 1149 4972 Www-

2185 1939 2311 1994 aliis
2339 1937 2787 1992 admiratoribus
2805 1937 3000 1992 multis
3022 1939 3356 1990 sanctorum
3386 1937 3591 1991 limina
3613 1938 3798 1990 tenta-

2185 2026 2266 2081 vit
2293 2026 2555 2092 invisere,
2583 2025 2901 2095 gratiarum
2931 2025 3187 2080 actiones
3215 2041 3319 2096 pro
3350 2041 3518 2096 posse
3549 2040 3670 2079 non
3691 2040 3797 2077 ces-

2188 2115 2329 2168 savit
2349 2115 2426 2167 im
2436 2113 2777 2186 pendere.ln
2795 2113 3195 2180 crastinum,id
3209 2117 3317 2179 est,
3337 2117 3546 2184 quarto
3559 2111 3795 2166 Kalend.

2184 2202 2357 2268 Junii,
2391 2201 2658 2273 quaedam
2713 2201 2932 2255 femina
2959 2201 3336 2266 Frethunara,
3378 2205 3436 2255 et
3461 2202 3586 2270 ipsa
3631 2215 3795 2262 caeca,

2184 2295 2515 2344 sanctorum
2547 2289 2750 2343 limina
2775 2287 3053 2343 orationis
3072 2289 3278 2360 gratia,
3303 2304 3478 2342 causa
3499 2288 3700 2343 salutis
3717 2306 3799 2344 ex-

2182 2378 2465 2450 petendas,
2497 2376 2692 2431 adibat
2724 2393 2738 2430 :
2770 2377 2872 2431 sed
2892 2377 2952 2429 in
2985 2376 3107 2448 ipsa
3125 2376 3216 2430 via
3255 2376 3506 2430 necdum
3529 2376 3662 2430 illuc
3683 2391 3798 2446 per-

2183 2469 2434 2532 venerat,
2463 2469 2521 2519 et
2550 2481 2678 2518 ecce
2707 2463 2950 2534 pristina
2987 2464 3231 2518 sanitate
3259 2467 3513 2534 recepta,
3535 2463 3797 2519 incedens

2181 2554 2491 2626 gaudebat.

2251 2645 2303 2696 9.
2338 2640 2612 2714 Sequenti
2627 2641 2864 2695 demum
2894 2641 2987 2695 die
3001 2644 3195 2695 sancto
3220 2642 3608 2708 Pentecostes,
3651 2641 3794 2712 quod

2180 2732 2266 2784 est
2287 2729 2434 2800 (545)
2455 2729 2704 2784 secundo
2740 2728 2982 2782 Kalend.
3012 2728 3186 2794 Junii,
3230 2729 3472 2800 quidam
3493 2728 3796 2783 Theodori-

2179 2834 2298 2884 cus,
2329 2817 2518 2872 nervis
2546 2817 2720 2872 totius
2732 2817 2990 2888 corporis
3010 2834 3113 2888 per
3125 2834 3310 2872 annos
3331 2818 3547 2872 multos
3575 2819 3792 2872 contra-

2177 2910 2320 2973 ctus,
2366 2906 2559 2960 multis
2610 2905 2875 2961 veridicis
2905 2906 3148 2960 testibus
3193 2922 3396 2961 coram
3458 2906 3789 2970 astantibus,

2181 2994 2420 3050 omnino
2437 2995 2774 3066 sospitatem
2795 2997 2880 3050 est
2901 2994 3158 3066 adeptus.
3173 2994 3398 3050 Deinde
3413 2995 3590 3050 tertio
3613 2995 3792 3048 Nonas

2178 3083 2330 3152 Julii,
2355 3083 2499 3138 feria
2526 3083 2730 3156 quinta
2751 3083 3011 3154 ejusdem
3032 3083 3439 3152 hebdomadas,
3462 3083 3675 3138 mulier
3695 3099 3794 3138 ca:-

2179 3189 2246 3228 ca
2274 3189 2342 3228 ex
2371 3188 2518 3244 pago
2561 3175 2708 3244 (546)
2731 3173 3202 3240 Brachbantensi,
3225 3176 3455 3228 sanctos
3483 3189 3618 3228 cum
3636 3171 3788 3228 anxio

2176 3263 2379 3317 liatum
2404 3262 2740 3328 invocasset,
2773 3265 2832 3315 et
2868 3261 3154 3316 luminare
3184 3261 3572 3317 deferendum
3598 3261 3679 3316 eis
3694 3277 3790 3334 pro

2176 3367 2342 3423 posse
2373 3354 2647 3422 parasset,
2671 3366 2790 3405 non
2819 3367 2986 3405 mora
3004 3350 3238 3419 exstitit,
3284 3354 3345 3406 et
3367 3351 3570 3406 lumen
3609 3350 3789 3406 oculo-

2177 3457 2309 3495 rum
2327 3439 2564 3512 recepit.
2598 3441 2679 3494 De
2709 3439 2915 3494 eodem
2937 3456 3086 3512 pago
3121 3440 3354 3495 existitit
3379 3444 3440 3496 et
3467 3441 3648 3495 altera
3671 3455 3790 3494 mu-

2179 3529 2304 3597 lier,
2347 3545 2473 3601 qua:
2507 3528 2687 3584 nimio
2714 3545 2922 3583 renum
2964 3529 3171 3584 affecta
3207 3529 3431 3596 dolore,
3485 3545 3592 3601 per
3635 3529 3791 3583 unius

2177 3618 2362 3673 ferme
2387 3619 2525 3673 anni
2551 3619 2801 3689 spatium
2848 3619 2923 3673 ad
2957 3618 3190 3686 nullius,
3241 3621 3304 3673 ut
3332 3619 3459 3691 ipsa
3492 3618 3788 3683 fatebatur,

2179 3707 2353 3764 ofﬁcii
2394 3707 2871 3762 commoditatem
2913 3707 3089 3762 valuit
3136 3723 3467 3780 exsurgere.
3523 3707 3652 3761 Haec
3699 3704 3788 3759 ubi

2181 3799 2510 3878 sanctorum
2538 3796 2793 3868 pignora
2821 3797 3012 3851 delata
3059 3797 3278 3863 didicit,
3307 3800 3368 3852 et
3420 3812 3524 3868 per
3569 3812 3637 3851 ea
3680 3794 3786 3849 illic

2179 3885 2328 3940 mira
2357 3885 2585 3958 operari
2609 3885 3208 3958 cognovit,candelam
3229 3901 3336 3956 pro
3361 3881 3788 3958 readipiscenda

2180 3975 2363 4029 salute
2392 3973 2619 4029 devovit
2642 3991 2656 4040 ;
2687 3977 2749 4028 ut
2767 3973 2853 4028 sui
2869 3974 2930 4028 in
2957 3978 3118 4029 tanto
3142 3974 3347 4029 dolore
3369 3975 3783 4034 misererentur,

2181 4063 2364 4118 oravit
2391 4080 2403 4117 :
2429 4063 2702 4118 continuo
2735 4063 2994 4135 sospitati
3025 4062 3283 4133 pristinae
3317 4064 3564 4131 reddita,
3593 4060 3785 4118 cande-

2181 4151 2298 4206 lam
2328 4152 2542 4206 sanctis
2572 4151 2778 4206 devote
2808 4150 3078 4217 oﬂ'erens,
3111 4150 3464 4206 cinctorium
3492 4151 3655 4206 simul
3673 4163 3788 4222 pro-

2181 4239 2330 4307 tulit,
2360 4256 2464 4312 pro
2494 4240 2734 4311 indepta
2759 4238 3156 4294 incolumitate
3177 4239 3400 4311 gratias
3419 4241 3536 4296 Deo
3559 4254 3658 4311 per
3673 4253 3786 4293 san-

2180 4332 2405 4384 ctorum
2435 4329 2646 4384 merita
2664 4328 2979 4384 immensas
3003 4328 3220 4384 retulit.

2255 4550 2396 4624 (545)
2430 4551 2698 4624 Mendum
2739 4549 3064 4624 irrepserat,
3115 4555 3268 4624 etin
3301 4551 3542 4608 Kalend.
3598 4567 3700 4624 pro
3738 4565 3782 4624 _u

2184 4619 2308 4678 erat
2341 4619 2750 4694 pesitum,cum
2776 4619 2912 4694 tunc
2942 4623 3135 4694 littera
3156 4623 3545 4694 gDominicalis
3569 4619 3709 4694 esset
3726 4619 3781 4680 C.

2185 4697 2244 4748 et
2271 4692 2427 4765 patet
2457 4709 2523 4746 ex
2560 4693 2950 4764 sequentibus,
2991 4692 3088 4747 ubi
3146 4693 3293 4748 feria
3319 4711 3354 4746 v
3381 4710 3512 4749 cum
3533 4710 3588 4748 ιιι
3607 4693 3786 4746 Nonas

2188 4765 2340 4819 Junii
2364 4765 2753 4835 conjungitur,
2782 4767 2840 4818 et
2868 4779 3014 4818 novo
3041 4765 3272 4835 mendo
3299 4765 3449 4820 Julii
3467 4768 3784 4835 eratuexcu-

2187 4851 2348 4902 sum;
2371 4832 2504 4889 cum
2536 4832 2820 4904 scriptura
2849 4838 2998 4889 esset
3025 4834 3192 4888 ﬁnita
3217 4851 3317 4889 xiu
3355 4837 3479 4891 Kal.
3503 4832 3648 4904 Julii.

2258 4909 2401 4976 (546)
2429 4903 2720 4976 Iudicatur
2749 4905 2965 4976 vicinus
3006 4921 3146 4976 ager
3177 4906 3507 4971 Alostanus,
3536 4903 3626 4959 ubi
3661 4905 3782 4956 tunc

549 4969 697 5048 (544)
729 4971 828 5048 Hic
853 4970 983 5026 ﬁnit
999 4986 1108 5026 ms.
1133 4969 1458 5048 Gaudense,
1503 4969 1880 5048 sequentibus
1904 4970 2089 5048 tribus
2190 4969 2313 5034 erat
2337 4969 2497 5048 regio
2519 4974 3018 5033 Brachbantensis.

419 5053 426 5058 '
467 5041 625 5114 foliis
651 5041 876 5114 charta},
893 5057 1075 5114 purae,
1116 5040 1468 5114 _substitutis,
1497 5040 1687 5114 utpar
1716 5045 1802 5098 est
1829 5042 2086 5114 credere,

471 5113 535 5172 in
561 5113 751 5168 locum
778 5111 1053 5168 foliorum
1079 5111 1516 5168 elaceratorum.
