3892 6214
176 429 305 482 H25
1364 428 1519 484 VITA
1543 426 1600 483 S.
1632 429 1939 486 URSMARI
1968 430 2253 486 ABBA’FIS
3331 442 3468 498 H26

616 716 1154 804 MONITUM
1231 720 1353 805 IN
1432 720 2132 807 OPUSCULUM
2209 722 2979 823 SUBSEQUENS.

826 893 1014 966 (Apud
1042 895 1267 949 MABILL.
1291 894 1433 949 Acta
1462 893 1567 951 SS.
1601 893 1824 950 Ordinis
1845 894 1907 950 S.
1936 894 2163 962 Bened.,
2196 900 2338 952 tom.
2372 897 2458 964 ιν,
2488 914 2620 969 pag.
2646 901 2794 967 557.)

230 1140 570 1211 Fragmenta
589 1136 855 1209 quaedam
885 1135 1135 1189 referam
1167 1153 1232 1190 ex
1264 1136 1559 1205 Herigero.
1587 1137 1794 1191 abbate
1818 1138 2103 1203 Lobiensi,
2128 1139 2224 1261 qui
2260 1139 2435 1193 libros
2460 1140 2601 1195 duos
2630 1142 2709 1194 De
2743 1142 2857 1198 vita
2882 1143 2937 1199 S.
2968 1146 3220 1201 Ursmari
3243 1147 3468 1205 abbatis

230 1215 338 1261 atro
365 1208 544 1261 edidit
572 1209 675 1261 sub
698 1207 929 1261 initium
957 1208 1235 1261 sceculixr.
1255 1206 1523 1261 idemque
1538 1224 1627 1261 res
1654 1212 1843 1261 gestas
1865 1208 2128 1261 S.Lande
2158 1210 2234 1261 mi
2260 1210 2556 1261 Lobiensis
2580 1215 2911 1261 monasterii
2937 1217 3255 1261 nnnditnrie
3291 1219 3463 1261 ntinm

167 1206 675 1285 metro'ediditsub
698 1207 929 1285 initium
957 1206 1523 1285 smculix1,_idemque
1538 1224 1627 1261 res
1644 1212 1843 1285 gestas
1865 1208 1921 1262 8.
1938 1206 2234 1285 Landeiini
2260 1210 2556 1285 L_obiensis
2580 1215 2915 1285 monasterii
2937 1217 3273 1285 conditoris,
3291 1219 3467 1275 etiam

165 1281 404 1336 versibus
432 1278 701 1351 reddidit.
720 1279 1031 1351 Utramque
1054 1278 1201 1351 hanc
1224 1278 1491 1351 Herigeri
1510 1279 1966 1351 lucubrationem
1996 1297 2060 1333 ex
2086 1280 2433 1334 bibliotheca
2459 1284 2803 1351 percelebris
2829 1289 3161 1342 monasterii
3181 1288 3238 1343 S.
3262 1278 3464 1345 'Vitoni

169 1352 307 1426 apud
320 1350 693 1426 Verodunum
719 1348 1216 1426 accepibeuelicio
1246 1348 1495 1426 religiosi
1520 1365 1588 1426 ac
1614 1349 1823 1426 eruditi
1854 1350 2391 1426 viri‘Bartholomaei
2418 1348 2644 1415 Sénoci,
2682 1355 2988 1426 theologia:
3016 1359 3263 1421 lectoris.
3286 1362 3461 1416 amici

168 1418 291 1486 mei,
318 1421 434 1491 qui,
452 1419 624 1491 seriis
654 1419 786 1491 licet
814 1418 1015 1491 studiis
1036 1422 1356 1491 occupatus,
1374 1419 1532 1488 operi
1556 1423 1751 1472 nostro
1767 1420 2053 1491 suppetias
2082 1422 2230 1474 ferre
2258 1438 2374 1474 non
2396 1428 2596 1477 cessat.
2624 1426 2683 1477 In
2713 1442 2820 1480 ms.
2852 1418 3046 1481 codice
3067 1428 3139 1482 ad
3165 1418 3260 1482 me
3276 1434 3463 1485 trans-

170 1488 563 1565 misso—legitilr
593 1491 712 1542 haec
743 1488 1036 1565 inscriptio
1068 1489 1171 1565 :__I.v
1205 1490 1422 1542 CHRISTI
1452 1505 1660 1542 nomne
1694 1488 1886 1544 [scrpir
1914 1490 2117 1545 VITAS.
2140 1492 2380 1547 Uasuam
2412 1510 2770 1549 GONFESSORIS
2812 1513 2991 1558 ATQUE
3020 1515 3331 1565 posrmcus,
3367 1518 3463 1555 vs-

170 1558 432 1615 xammms
467 1560 691 1613 [Isaiam
718 1558 1053 1630 \legeudum
1080 1558 1367 1630 Humor-3m)
1386 1576 1604 1612 annuis
1628 1576 1911 1614 INDUSTRIA
1943 1578 2119 1614 uerno
2149 1579 2467 1616 nexusrao
2495 1576 2815 1619 aesomnes
2845 1584 3161 1630 COMPOSI’I‘A,
3189 1558 3465 1625 nimirum

169 1631 372 1686 duobus
394 1630 575 1696 libris,
608 1646 723 1684 uno
744 1629 818 1683 de
837 1629 1158 1695 virtutibus,
1192 1629 1303 1682 alio
1331 1630 1400 1682 de
1427 1630 1716 1682 miraculis
1738 1631 1793 1683 8.
1823 1631 2093 1684 Ursmari.
2130 1632 2304 1685 Primi
2331 1633 2460 1687 libri
2492 1636 2598 1689 hoc
2620 1637 2918 1692 exordium
2945 1643 3031 1693 est
3059 1656 3072 1693 :

356 1702 360 1707 ’
868 1698 1058 1752 Primo
1077 1716 1379 1769 supremum
1402 1703 1539 1752 mira
1565 1702 1815 1768 vertigine
1834 1700 2021 1753 cadum

863 1769 1083 1839 Af/Ians
1107 1777 1298 1823 cuncta
1329 1769 1431 1822 Dei
1449 1771 1575 1839 fecit
1612 1772 1875 1839 sapientia
1902 1773 2119 1825 summi.

168 1842 287 1895 Post
312 1841 630 1919 secundum
662 1839 873 1894 librum
904 1840 962 1894 in
991 1840 1195 1894 eodem
1217 1841 1527 1912 exemplari
1555 1841 1921 1896 continenter
1939 1842 2235 1913 subjicitur
2261 1844 2468 1899 eodem
2489 1846 2658 1900 metri
2684 1864 2898 1919 genere
2922 1851 3051 1905 Vl't‘A
3082 1851 3138 1906 S.
3165 1851 3465 1910 LANDELINI

171 1928 287 1967 cum
312 1913 415 1967 hoc
449 1912 618 1966 initio
653 1928 667 1966 :

864 1980 1141 2050 Ingenitus
1172 1982 1395 2037 Genitor
1408 1999 1507 2051 per
1542 1982 1774 2035 Verbum
1794 1985 2194 2049 cuncticrealor,

864 2051 941 2105 Et
970 2053 1192 2125 Genitos
1218 2070 1441 2120 regnans
1462 2053 1889 2125 nulufabricatar
1901 2054 2226 2125 gubernans.

174 2122 465 2199 Quae_Vita,
499 2122 733 2199 tametsi
773 2123 1022 2199 auct0_ris
1049 2140 1262 2177 nomen
1307 2141 1423 2199 non
1455 2124 1717 2199 praeferat,
1768 2122 2021 2199 Herigeri
2062 2129 2255 2199 tamen
2302 2143 2423 2199 esse
2460 2144 2793 2199 persuasum
2828 2130 3015 2186 habeo
3048 2136 3172 2187 tum
3203 2151 3271 2188 ex
3297 2134 3469 2192 simili

173 2194 327 2274 metri
363 2195 578 2265 specie,
605 2197 727 2274 tum
755 2210 819 2246 ex
847 2194 1251 2274 eademquem
1279 2194 1582 2274 utro-hique
1622 2194 1789 2274 affert
1818 2194 2866 2274 auctoretymologiam'Crispinierisis
2910 2205 3246 2274 monasterii
3280 2223 3313 2259 a
3334 2210 3470 2261 ονίε-

166 2264 399 2338 pestibus
426 2269 513 2338 (ut
543 2266 727 2337 putat)
756 2266 910 2338 aquis
952 2265 1148 2338 fontis,
1189 2281 1224 2317 a
1260 2267 1457 2318 sancto
1501 2264 1559 2317 in
1606 2281 1673 2317 eo
1712 2265 1840 2338 loco
1877 2265 2078 2338 eliciti.
2103 2264 2665 2338 Certe'Herigerum
2690 2270 2877 2325 Vitam
2908 2272 2962 2325 S.
3002 2273 3252 2329 Ursmari
3281 2281 3467 2333 metro

174 2333 674 2410 edi_di_sse,__ali§que
706 2333 888 2410 multa
906 2335 1191 2410 scripsisse
1221 2338 1445 2410 constat
1472 2335 2003 2410 ex_c_onti_nuatione
2032 2337 2297 2391 Chronici
2327 2333 2642 2405 Labiensis,
2689 2342 2844 2410 quod
2885 2345 3069 2397 exstat
3112 2343 3172 2397 in
3204 2349 3364 2401 torno
3398 2348 3467 2403 VI

174 2404 464 2485 Spicilegii.
502 2404 620 2460 Cur
644 2421 777 2458 vero
800 2408 1102 2485 utramque
1131 2406 1277 2458 hanc
1309 2406 1560 2485 tierigeri
1592 2406 2046 2485 lucubrationem
2072 2423 2206 2485 non
2240 2409 2535 2485 retulerim
2568 2404 2876 2485 integram,
2902 2412 3050 2485 illud
3074 2414 3133 2467 in
3166 2432 3336 2471 causa
3361 2418 3467 2472 fuit

172 2475 308 2553 quod
334 2475 546 2553 printer
570 2492 835 2553 excursps
860 2475 1138 2553 quosdam
1170 2477 1419 2553 morales
1447 2475 1704 2553 ingratos
1737 2477 1889 2553 nihil
1914 2478 2089 2553 habet
2109 2477 2396 2553 diversum
2428 2481 2501 2534 ab
2549 2475 2731 2553 Actis'i
2747 2475 2870 2535 sive
2894 2482 2950 2536 S.
2983 2484 3303 2553 Landelini,
3334 2504 3465 2553 quas

172 2543 223 2597 in
268 2543 557 2624 secundo;
613 2545 726 2599 sive
763 2546 818 2599 8.
881 2543 1151 2612 Ursmari,
1208 2563 1334 2617 quae
1380 2547 1439 2600 in
1486 2543 1591 2600 h'oc
1640 2548 1810 2601 tertio
1859 2547 2078 2603 Saecula
2105 2548 2484 2615 exhibuimus,
2515 2552 2766 2623 exceptis
2817 2553 3159 2624 quibusdam
3217 2543 3472 2613 versibus

171 2629 298 2685 quos
324 2617 409 2671 hic
432 2618 664 2673 damus.

656 2873 979 2978 VlTA
1056 2874 1558 2979 SANCTI
1639 2816 2285 2981 URSMARI
2362 2881 2965 2987 ABBATIS

1432 3084 1739 3173 (Fragm.
1780 3104 1868 3155 ex
1903 3084 2077 3155 libro
2113 3087 2197 3174 Ι.)

746 3272 950 3345 (Apud.
983 3274 1210 3330 Manu.
1239 3274 1376 3332 Acta
1395 3271 1503 3330 SS.
1536 3273 1657 3333 0rd.
1690 3272 1753 3329 S.
1784 3272 1985 3328 Bened.
2018 3274 2161 3332 Stec.
2192 3277 2283 3344 Ill,
2317 3279 2467 3349 part.
2499 3295 2536 3346 ι,
2566 3295 2698 3352 pag.
2733 3282 2879 3352 608.)

174 3523 272 3581 Sed
300 3545 447 3584 nunc
476 3545 553 3585 ex
581 3526 820 3600 reliquis
838 3526 1044 3583 Christi
1078 3530 1332 3582 taceatur
1354 3527 1622 3596 alumnis,
1790 3531 1845 3590 Α
1866 3527 2183 3582 Germanus
2217 3525 2548 3595 Parisiacus,
2575 3528 2893 3585 Germanus
2924 3533 2982 3585 et
3005 3534 3171 3600 alter,

176 3612 400 3672 Lumina
431 3618 534 3690 qui
568 3614 697 3671 vitae
728 3617 946 3671 mundo
976 3616 1254 3688 przeclara
1284 3615 1468 3683 fuere,
1869 3616 2042 3670 Istam
2083 3631 2186 3687 per
2222 3631 2491 3671 normam
2534 3616 2812 3689 quoniam
2849 3634 3119 3675 meruere
3176 3637 3477 3692 coronam,

175 3702 547 3779 Doctrinaque
573 3721 673 3761 sua
698 3706 995 3777 replerunt
1016 3703 1269 3775 undique
1292 3707 1515 3759 cuncta.
1870 3703 2001 3758 Fert
2043 3704 2281 3771 Gothus,
2322 3704 2624 3773 Ausonius,
2672 3705 2881 3774 Gallus,
2930 3706 3163 3779 Scytha,
3217 3710 3476 3781 Noricus,

176 3787 339 3859 Celse,
361 3794 462 3848 tibi
481 3793 739 3865 geminae
767 3793 1096 3859 mittuntur,
1126 3792 1330 3852 Roma.
1351 3792 1658 3860 columnaz,
3257 3797 3472 3870 [lndns,

172 3878 354 3938 Petrus
379 3899 514 3938 cum
554 3882 753 3950 Paulo,
779 3897 1026 3954 quorum
1056 3880 1299 3936 fundata
1328 3882 1623 3953 triumpho
1869 3878 2159 3949 Hebraeus,
2182 3882 2429 3950 Graecus,
2463 3882 2779 3951 Romanus,
2812 3884 3098 3941 Barbarus
3121 3887 3335 3947 omnis.

172 3966 441 4026 Primatus
474 3987 677 4026 arcem
699 3971 986 4043 quadrum
1016 3969 1327 4043 praetendis
1354 3970 1413 4025 in
1434 3971 1659 4026 orbem.
1867 3967 2096 4024 Talibus
2120 3970 2382 4025 Ecclesiae
2408 3969 2729 4026 fautoribus
2762 3972 3018 4045 undique
3055 3973 3222 4031 ﬁrme

172 4055 215 4108 A
248 4058 445 4129 quibus
468 4058 731 4131 insignes
758 4058 987 4114 illorum
1020 4075 1234 4130 nempe
1260 4074 1530 4130 sequaces
1873 4054 2115 4111 Obstant
2143 4056 2452 4113 imbriferis
2480 4061 2650 4114 vento
2683 4060 2979 4131 quatiente
3016 4063 3303 4133 procellis,

178 4143 527 4218 Sumpsimus
560 4151 844 4215 auctores,
876 4148 1033 4202 illinc
1061 4147 1228 4203 nobis
1260 4147 1576 4204 venientes.
1872 4142 2127 4215 Desuper
2154 4148 2212 4200 et
2236 4148 2464 4217 petram
2496 4151 2797 4218 nequeunt
2826 4148 3120 4220 trepidare
3152 4151 3408 4210 ruinam.

177 4231 327 4290 Clara
354 4236 627 4309 Dionysio
654 4239 789 4291 tunc
817 4235 997 4291 Gallia
1031 4234 1333 4291 Parisiensi
1872 4230 2156 4302 Tempore
2188 4233 2519 4302 promerita!
2548 4235 2824 4291 sedarunt
2852 4236 3072 4294 caelitus
3098 4238 3199 4296 iraa

178 4318 406 4379 Credula
433 4324 615 4379 divini
641 4324 887 4395 suscepit
919 4323 1140 4379 femina
1161 4323 1342 4378 verbi.
1875 4316 2123 4381 Qnidam
2153 4322 2425 4389 terroreS,
2449 4323 2632 4393 plebis
2661 4326 2817 4381 mala
2853 4329 3014 4399 gesta
3036 4327 3282 4399 piantes.

176 4407 238 4462 Et
263 4410 524 4467 Clemens
550 4412 1045 4467 Mediomatricum
1078 4411 1281 4466 missus
1313 4410 1387 4466 ad
1412 4412 1635 4477 urbem,
1876 4405 2163 4461 Servatius
2185 4408 2464 4464 servando
2491 4410 2669 4466 fidem
2700 4418 2889 4469 servat
2918 4419 3265 4488 pereuntem

178 4495 377 4553 Edocet
400 4500 462 4555 in
501 4500 691 4554 solum
716 4499 934 4555 vicinos
969 4499 1204 4553 credere
1241 4498 1555 4557 Christum.
1879 4494 2108 4551 Orando
2137 4497 2437 4568 populum,
2463 4497 2791 4569 Trajectum
2840 4502 2989 4559 forte
3018 4520 3340 4562 reservans,

176 4585 497 4643 Treveribus
526 4588 677 4644 terni
701 4588 1010 4643 mittuntur
1033 4588 1204 4643 corde
1244 4588 1402 4643 ﬁdeli
1879 4583 2114 4638 Remica
2141 4582 2467 4655 Remigium
2502 4585 2758 4641 celebrat
2786 4588 2946 4658 plebs
2985 4608 3146 4648 sacra
3170 4596 3481 4666 sacratum,

179 4670 401 4731 Trinum
423 4677 687 4748 personis
715 4678 1050 4741 Dominum,
1074 4676 1286 4732 deitate
1318 4675 1417 4731 sed
1452 4693 1632 4731 unum
1879 4672 2119 4727 Francia
2146 4672 2433 4745 baptismo
2473 4689 2578 4745 per
2607 4690 2782 4745 quem
2813 4682 3106 4733 recreatur
3138 4680 3199 4736 in
3230 4683 3408 4739 almo.

184 4758 415 4819 Credere
430 4765 528 4837 qui
545 4765 1083 4837 doceantpopulum
1098 4766 1320 4820 lavacro
1342 4764 1777 4823 renovandum:
1879 4762 2065 4833 Digna
2095 4763 2468 4834 conspicuum
2498 4762 2787 4817 veneraris
2818 4762 2986 4817 laude
3008 4765 3339 4837 Vedastum,

185 4845 397 4908 Scilicet
418 4852 751 4919 Eucharius,
779 4854 1073 4917 Martinus,
1102 4853 1492 4925 Valeriusque.
1801 4852 1851 4911 B
1880 4850 2201 4918 Attrabata,
2226 4854 2354 4905 tuas
2375 4849 2618 4922 dignum
2638 4850 2890 4905 relevare
2911 4850 3123 4910 ruinas.

195 4932 379 4993 Credit
405 4941 775 5014 Agrippinus,
799 4942 934 4996 fidei
956 4942 1019 4996 fit
1047 4942 1277 5014 Tunger
1308 4943 1596 5000 alumnus.
1884 4938 2216 4994 Audomare
2246 4940 2431 4993 salum
2457 4938 2742 4995 Morinum
2764 4938 2998 4992 frenare
3024 4945 3237 5011 suetus,

197 5021 561 5099 Propugnant
582 5029 759 5084 fortes
780 5029 986 5085 Christi
1011 5030 1216 5085 virtute
1246 5030 1462 5086 duelles
1887 5027 1996 5082 Nec
2026 5027 2131 5083 tibi
2152 5027 2397 5098 Neptuni
2425 5027 2711 5082 mandans
2744 5042 3020 5082 concessa
3047 5028 3305 5102 tridenti,

196 5107 476 5171 Nitentem
503 5121 625 5173 toto
654 5118 890 5190 laqueos
914 5118 1275 5190 praetendere
1301 5119 1542 5189 mundo,
1890 5116 1995 5171 His
2024 5132 2155 5171 cum
2187 5114 2418 5170 Bertino
2444 5131 2588 5187 quos
2618 5114 2813 5170 turbat
2841 5118 3053 5185 pontus
3082 5116 3304 5175 adesto.

200 5198 587 5278 Decipiturque
616 5223 718 5261 sua
746 5207 1034 5277 perfossus
1055 5210 1288 5279 guttura
1315 5205 1535 5278 praeda,
1958 5204 2250 5276 Insignem
2286 5202 2509 5259 meritis
2539 5202 2883 5257 Autbertum
2914 5201 3345 5263 Cameracensis

202 5286 578 5349 Occumbente
601 5294 714 5349 ﬁde
746 5311 849 5367 pro
880 5312 1041 5351 sacra
1065 5300 1319 5366 martyre
1350 5296 1517 5363 teste,
1888 5292 2075 5347 lnfula
2098 5291 2493 5359 commendat,
2527 5290 2624 5363 qui
2656 5292 3003 5362 perlustrare
3030 5290 3274 5361 solebat,

204 5373 527 5436 Confessore
559 5382 655 5456 pio
683 5384 883 5437 mortis
908 5384 1198 5455 gaudente
1217 5382 1537 5454 triumpho,
1893 5379 1951 5435 Si
1980 5396 2083 5435 sua
2110 5379 2467 5450 condignum
2493 5379 2671 5435 ferret
2690 5379 2995 5451 parrochia
3022 5380 3307 5437 fructum.

204 5461 309 5519 Nec
335 5469 661 5539 trepidante
695 5487 897 5526 necem
923 5472 971 5526 si
1000 5471 1355 5543 provenisset
1386 5473 1664 5527 atrocem.
1772 5467 1777 5472 ’
1892 5469 2177 5524 Morosum
2206 5468 2453 5539 cleptem
2478 5470 2839 5525 converterat
2856 5468 2952 5525 ille
2976 5470 3235 5525 ferocem
3260 5486 3274 5525 :

206 5551 482 5623 Silvester,
505 5559 796 5629 Martinus,
823 5559 1087 5629 Hilarius,
1117 5558 1592 5632 Ambrosiusque,
1895 5558 2064 5631 Cuius
2092 5559 2157 5613 ut
2178 5556 2270 5613 hic
2289 5555 2468 5614 vitam
2495 5573 2824 5615 memorem
2853 5559 3189 5633 quantisper
3208 5562 3268 5617 et
3292 5560 3496 5623 ortum

206 5639 409 5704 Bricius
425 5649 599 5727 atque
624 5648 835 5722 Lupus,
862 5647 1147 5723 Sulpicius
1168 5664 1235 5708 ac
1256 5647 1539 5718 Anianus,
1893 5648 2150 5710 Praeclue
2174 5646 2529 5728 Francorum
2571 5647 2838 5728 celsaque
2864 5648 3189 5727 propagine
3211 5651 3419 5733 natum
