3892 6214
396 444 537 503 1427
603 407 612 412 ’

1551 437 1874 496 ΗΙΒΙΘΒΒΙ
1902 435 2192 496 ,λειω-ιδ
2217 432 2580 496 LOBIENSIS

3593 439 3728 498 ωε

399 562 764 634 Ηεείιιοθηεθ
781 560 982 618 εοῙιιηι
1019 560 1132 650 f9”
1149 560 1304 650 Ιιιιηο
1335 563 1393 615 et
1409 576 1610 616 mmor
1637 561 1933 650 αξίιῌιιιωε
2034 564 2091 624 Δ
2111 577 2463 635 Francorum
2493 579 2730 650 gentem
2755 576 2937 634 simili
2968 593 3076 633 nec
3105 575 3264 633 sorte
3291 577 3553 634 duellem

399 651 828 722 Exceptumque
855 663 1016 704 sacro
1049 649 1338 721 baptismo
1369 649 1611 720 praesule
1637 649 1710 704 ab
1737 648 1884 721 ipso,

399 740 857 810 lnstructumque
881 736 991 809 piis
1018 752 1156 792 cura
1183 737 1479 794 mandane
1504 741 1810 809 parentum

399 825 688 882 Litterulis
711 829 770 880 et
796 826 926 898 lege
948 841 1129 880 sacra.
1160 825 1409 881 Proinde
1432 826 1725 880 furentum

397 912 586 970 Etuta
614 917 678 968 ut
699 913 868 968 libuit
875 913 1140 985 juvenili,
1155 914 1338 968 fertur
1363 913 1423 970 in
1453 917 1620 969 antro

398 1001 686 1074 Praacipiti
718 1004 889 1069 totus,
921 1003 1191 1056 cunctum
1219 1001 1409 1056 cordis
1433 1001 1750 1073 cogitatum

399 1090 646 1148 Adnisus
674 1090 779 1146 sub
807 1089 1152 1164 perditionis
1183 1090 1333 1146 ferre
1364 1090 1723 1159 barathrum,

401 1177 653 1236 Crassari
669 1179 868 1234 solitus
892 1177 1090 1249 spoliis
1117 1177 1428 1251 pradaque
1444 1179 1721 1235 viantum.

471 1268 764 1327 Laubacus
790 1265 1078 1338 grandem
1109 1283 1224 1338 quo
1247 1267 1538 1322 derivatur
1565 1268 1624 1322 in
1657 1282 1890 1322 amnem

398 1357 708 1413 Sumbram
718 1354 1084 1426 permodicus
1095 1371 1311 1409 nomen
1326 1354 1452 1423 tibi,
1476 1355 1672 1422 Lobia,
1691 1354 1864 1420 rivus,

399 1443 608 1516 Figens
635 1445 981 1516 perpetuum
1005 1442 1211 1498 Morosi
1243 1442 1501 1497 moribus
1523 1446 1721 1516 aptum

401 1531 688 1599 Infundis,
721 1531 805 1586 vel
837 1531 985 1586 forte
1006 1546 1108 1586 suo
1137 1530 1208 1586 de
1239 1531 1478 1586 nomine
1509 1531 1674 1586 dictis

399 1617 786 1686 Maurifalisia,
815 1617 1176 1685 Maurineias,
1197 1618 1648 1690 Landoleasque.

401 1705 604 1762 Fertur
632 1706 791 1761 enim
821 1706 958 1778 quia
980 1710 1110 1778 post
1148 1707 1437 1778 baptisma
1468 1707 1764 1762 binomius
1791 1708 1938 1761 esset

399 1795 472 1849 Et
494 1798 629 1870 post
646 1795 770 1850 haec
789 1793 1085 1851 Landelini
1105 1810 1431 1865 cognomen
1460 1795 1719 1850 haberet.

397 1883 550 1938 Dum
578 1882 834 1954 spirante
855 1882 957 1936 Dei
988 1882 1225 1936 tandem
1247 1881 1506 1937 bonitate
1530 1883 1790 1954 superni,

401 1971 798 2043 Respectuque
828 1969 923 2041 pio
954 1969 1144 2025 cordis
1163 1973 1541 2042 compunctus
1560 1972 1618 2026 in
1643 1973 1784 2039 imo,

400 2058 656 2114 Festinat
685 2059 1160 2113 Cameracensem
1197 2057 1430 2113 devotus
1463 2059 1534 2114 ad
1566 2061 1795 2128 urbem,

393 2146 664 2204 ‘Pontifici
683 2146 948 2220 patrique
976 2146 1073 2218 pio
1103 2147 1412 2202 commissa
1447 2147 1684 2204 fatendo

402 2235 678 2305 Procidit,
698 2237 754 2290 et
768 2251 962 2306 genua
977 2235 1330 2306 amplectens
1349 2237 1710 2310 genibusque
1725 2239 2006 2294 volutans.

404 2322 591 2389 Quem
617 2337 754 2380 mox
767 2322 1108 2378 Romuleam
1121 2323 1656 2393 contenderejussit
1679 2326 1756 2382 ad
1781 2327 2008 2393 urbem,

399 2411 668 2466 (laudans
693 2411 915 2466 excelsa
932 2412 1222 2464 mutatum
1235 2409 1323 2464 sic
1361 2410 1484 2465 fore
1515 2411 1734 2482 dextra,

403 2499 670 2555 Indicens
694 2513 942 2571 agapem
972 2496 1142 2551 simul
1175 2501 1233 2551 et
1245 2498 1470 2568 jejunia
1499 2500 1720 2557 crebra.

477 2587 608 2643 Arci
633 2587 904 2642 Martinus
923 2587 1198 2640 Romanae
1224 2603 1374 2660 papa
1403 2587 1602 2644 beatus

411 2678 664 2732 Praaesse
692 2673 992 2730 videbatur
1011 2678 1226 2738 sancte,
1249 2675 1580 2748 pariterque
1607 2679 1902 2751 prodesse.

407 2764 550 2820 Huic
570 2779 674 2818 sua
701 2761 953 2817 Morosus
983 2761 1292 2832 deplorans
1321 2763 1567 2820 crimina
1590 2782 1843 2838 prorsus,

407 2851 570 2908 Ilicet
613 2867 648 2906 a
675 2865 826 2905 noxa
850 2849 1066 2906 meruit
1093 2849 1342 2908 laxarier
1363 2852 1548 2920 omni,

406 2937 628 3011 Accipit
650 2941 710 2993 et
737 2936 964 2992 veniam
993 2935 1235 3008 simplex
1253 2939 1534 2994 confessio
1565 2946 1812 3012 gratam.

407 3026 682 3099 Indeptus
711 3027 930 3094 votum,
969 3025 1161 3080 natale
1183 3041 1440 3081 reversus
1461 3027 1534 3082 ad
1555 3045 1776 3099 arvum,

409 3117 458 3171 Α
483 3114 636 3170 dicto
655 3115 780 3186 jam
811 3113 1056 3186 prtesule
1087 3129 1154 3167 eo
1176 3113 1424 3170 donatur
1450 3117 1696 3186 honore,

411 3203 596 3266 Quem
625 3203 810 3258 valeat
830 3201 958 3274 quis
978 3200 1291 3274 graecizans
1312 3219 1348 3258 a
1375 3207 1528 3260 sorte
1558 3222 1780 3263 vocare.

410 3291 674 3346 Romana
709 3290 964 3364 posthaec
991 3289 1307 3362 repedabat
1339 3292 1417 3347 ab
1446 3293 1587 3348 urbe
1619 3296 1872 3352 secundo

411 3379 602 3436 Sumit
625 3382 684 3434 et
711 3378 848 3434 inde
882 3377 1130 3450 gradum
1173 3379 1278 3434 sub
1323 3381 1531 3436 eodem
1569 3383 2012 3456 presbyteratus.

408 3467 568 3523 Tunc
596 3471 656 3522 et
682 3466 927 3522 Laubaci
959 3466 1172 3540 repetit
1199 3467 1428 3524 deserta
1451 3469 1660 3540 locelli,

409 3555 630 3612 Serviat
656 3558 721 3610 ut
739 3555 986 3623 Christo,
1021 3555 1208 3610 fuerat
1237 3572 1350 3628 quo
1379 3557 1629 3628 pessime
1655 3561 1872 3631 praedo.

405 3644 588 3700 Lobia
612 3644 904 3718 prmdonis
929 3647 1066 3698 tunc
1091 3643 1298 3698 cellula
1331 3645 1395 3699 ﬁt
1423 3645 1776 3703 famulantis.

408 3731 633 3788 arista
661 3735 914 3805 tuncque
944 3731 1056 3788 loci
1087 3735 1444 3804 consurgunt
1470 3734 1725 3790 culmina
1753 3739 1933 3794 nostri

415 3821 659 3878 Pulchro
695 3824 998 3887 structore,
1029 3821 1260 3874 fuerant
1287 3836 1415 3892 quae
1444 3821 1596 3876 foeda
1639 3823 1865 3882 latrone
1893 3845 1906 3882 :

413 3909 833 3982 Pradandique
858 3909 1016 3963 locus
1044 3907 1225 3962 ﬂendi
1247 3909 1598 3966 transfertur
1623 3910 1682 3966 in
1722 3930 1874 3972 usus.

415 3999 671 4055 Crimine
691 3999 1030 4072 prolapsum
1068 3995 1172 4051 sed
1193 3995 1384 4052 reddit
1403 3997 1782 4068 justiﬂcatum

412 4085 604 4142 Gratia
626 4101 859 4140 summa
885 4083 1012 4151 Dei,
1041 4083 1265 4139 donans
1292 4090 1525 4157 peccata
1551 4088 1754 4148 fatenti
1787 4110 1802 4148 ς

413 4173 836 4229 Convertuntur
858 4172 940 4227 ib!
953 4172 1297 4228 famulantia
1314 4173 1733 4235 Cuncticreanti

413 4259 668 4332 Agmina
687 4259 1030 4328 multorum,
1065 4259 1308 4318 ditantia
1332 4262 1481 4319 forte
1509 4266 1800 4326 locellum.

405 4347 644 4404 Prazfnit
669 4348 759 4403 his
783 4347 962 4421 igitur
986 4349 1157 4404 Pater
1185 4350 1307 4424 ipse
1335 4355 1394 4407 et
1419 4355 1658 4426 profuit,
1690 4375 1910 4432 augens

401 4436 548 4493 Tum
574 4435 804 4506 fundos,
841 4453 1159 4494 numerum
1184 4443 1313 4496 tum
1360 4443 1762 4516 multiplicavit
1783 4465 2010 4508 eorum.

411 4525 515 4582 Cui
535 4541 886 4582 successores
904 4525 1313 4602 adiutoresque
1339 4530 1522 4588 fuere.

407 4614 666 4680 Quorum
695 4614 1032 4671 nominibus
1049 4616 1290 4672 fortuna
1315 4619 1427 4674 fuit
1450 4621 1718 4679 caruisse.

2111 665 2432 721 Secernunt
2453 665 2724 738 sceptris;
2763 665 3118 723 Chlodoveus
3145 665 3373 738 Belgica
3404 665 3601 738 segnis

2109 754 2294 826 Regni
2317 759 2540 826 sceptra
2583 757 2810 822 tenens,
2855 755 2955 808 sed
2987 754 3070 808 nil
3113 754 3406 810 laudabile
3434 754 3723 826 linquens,

2106 842 2243 898 Tres
2273 843 2472 898 itidem
2521 859 2727 915 segnes
2761 842 2996 916 proprio
3019 843 3089 898 de
3119 843 3344 898 semine
3375 843 3583 898 fratres

2113 930 2304 1002 Liquit
2337 931 2722 1000 Hlotharium,
2761 929 3097 999 l-lildricum,
3131 935 3189 985 et
3212 931 3615 986 Teodericum.

2111 1019 2270 1073 Alter
2295 1021 2355 1073 at
2382 1019 2441 1073 in
2473 1019 2710 1090 sceptris
2750 1021 3018 1073 Austrum
3045 1019 3366 1090 Sigibertus
3385 1018 3618 1090 agebat,

2113 1105 2416 1162 Suﬂ‘retius
2442 1123 2658 1162 nomen
2683 1106 2942 1173 dederat,
2975 1107 3062 1166 cui
3093 1106 3316 1162 Mettius
3340 1105 3506 1162 urbe.

2113 1192 2223 1258 Qui
2255 1193 2388 1266 quia
2421 1194 2710 1264 privatum
2733 1195 2916 1250 doluit
2937 1212 3000 1250 se
3023 1195 3290 1266 germine
3309 1194 3564 1265 prelum,

2110 1281 2196 1335 Ad
2225 1281 2464 1353 stirpem
2491 1282 2757 1337 sobolum
2789 1298 2907 1338 non
2939 1299 3196 1354 unquam
3226 1281 3601 1338 deﬁcientum

2112 1367 2253 1422 Hinc
2285 1368 2441 1422 illinc
2473 1368 2742 1424 duodena
2761 1369 2894 1424 viris
2923 1369 3186 1426 cmnobia
3213 1369 3426 1425 sanctis

2111 1455 2346 1525 Struxit,
2378 1457 2691 1528 apostolica
2711 1457 2936 1514 valeant
2954 1457 3052 1512 ubi
3087 1457 3273 1514 vivere
3284 1474 3516 1526 norma,

2109 1543 2487 1616 Muniﬁcaque
2521 1562 2698 1600 manu
2723 1545 2924 1602 ditavit
2947 1545 3120 1601 divite
3150 1563 3345 1602 censu.

2106 1631 2265 1686 Tunc
2294 1636 2354 1687 et
2380 1633 2692 1705 Pippinum
2723 1633 2890 1688 nobis
2923 1650 2992 1688 ea
3018 1637 3288 1706 tempora
3315 1635 3578 1706 primum

2110 1719 2336 1774 Mittunt
2365 1721 2668 1789 illustrem,
2698 1722 2869 1776 rebus
2898 1723 2983 1776 vel
3017 1722 3240 1778 honore
3261 1727 3566 1794 potentem
3595 1739 3610 1778 :

2111 1809 2212 1864 Cui
2243 1811 2485 1880 generat
2511 1809 2678 1865 binas
2703 1810 2953 1882 conjunx
2978 1812 3244 1884 ltaberga
3271 1828 3540 1880 sorores;

2112 1898 2388 1968 Beggam,
2402 1897 2759 1965 Gertrudem,
2779 1898 3174 1954 Grimoaldum
3194 1916 3208 1956 :
3227 1917 3404 1972 quem
3421 1900 3556 1956 aula
3571 1901 3723 1972 prio-

3502 1989 3649 2052 [rem

2113 2074 2291 2146 Regia
2321 2073 2560 2146 dignata
2587 2079 2692 2143 est,
2722 2075 2935 2148 quique
2966 2079 3165 2132 auctor
3192 2079 3318 2131 erat
3341 2075 3720 2145 Stabulensis,

2114 2161 2318 2218 Sancte
2343 2163 2632 2231 Remacle,
2663 2164 3001 2220 monasterii
3024 2167 3214 2222 tecum
3241 2165 3595 2222 mdificandi.

2117 2250 2288 2321 Cujus
2319 2251 2650 2323 adoptando
2675 2252 2945 2323 majestas
2964 2253 3126 2325 regia
3150 2253 3377 2325 prolem

2111 2338 2346 2394 Fecerat
2375 2355 2501 2393 esse
2537 2355 2700 2393 suam
2721 2356 2734 2393 :
2758 2339 2859 2394 sed
2879 2342 3008 2412 post
3036 2341 3158 2394 haec
3184 2343 3351 2396 natus
3381 2343 3442 2396 et
3467 2341 3580 2414 ipsi

2112 2425 2219 2490 Qui
2242 2427 2512 2481 succedat
2534 2426 2607 2496 ei,
2640 2427 2890 2482 donatur
2916 2444 3160 2484 munere
3183 2429 3411 2483 Christi.

2116 2513 2302 2579 Quem
2333 2518 2502 2588 pater
2528 2518 2592 2570 ut
2618 2519 2844 2588 regnet,
2875 2516 3011 2572 fidei
3036 2518 3278 2573 mandat
3302 2517 3648 2575 Grimoaldi.

2115 2603 2216 2657 Ille
2245 2619 2413 2658 suum
2451 2603 2641 2675 potius
2661 2605 2838 2660 voluit
2873 2606 3178 2661 succedere
3205 2609 3433 2662 uatum.

2117 2691 2336 2762 Accipit
2363 2691 2471 2746 hoc
2497 2691 2722 2764 gravius
2756 2693 3154 2769 condemnans
3198 2711 3298 2750 rex
3336 2695 3724 2764 Chlodoveus,

2113 2779 2546 2852 Hildricumque
2569 2798 2736 2836 suum
2763 2798 2963 2854 regem
2998 2783 3134 2838 facit
3161 2784 3616 2841 Austrasiorum.

2183 2869 2396 2926 Verum
2415 2869 2708 2926 Gertrudis
2737 2875 2958 2928 sacrata
2985 2871 3319 2944 virginitate

2115 2956 2338 3011 Floruit
2366 2960 2424 3011 et
2451 2957 2630 3030 signis
2660 2958 2795 3014 :sed
2820 2959 3072 3032 Beggam
3106 2964 3259 3017 sorte
3275 2961 3548 3034 jugalem

2043 3047 2093 3108 Ο
2116 3044 2419 3118 Ansigisus
2439 3046 2634 3114 habet,
2665 3047 2883 3102 Arnulii
2911 3048 3065 3103 ﬁlius
3093 3049 3256 3118 almi,

2115 3134 2326 3205 Regius
2357 3151 2422 3190 ex
2453 3134 2630 3190 atavis
2679 3152 2853 3207 quem
2898 3138 3144 3209 compsit
3163 3139 3435 3210 germine
3467 3140 3724 3214 sanguis.

2115 3223 2274 3278 Alter
2297 3221 2574 3296 Pippinus
2599 3224 2805 3278 horum
2834 3228 2920 3279 est
2943 3225 3014 3280 de
3045 3227 3330 3300 sanguine
3353 3231 3546 3296 natus,

2119 3309 2220 3365 Cui
2239 3311 2538 3382 proprium
2557 3311 2881 3368 datnomen
2895 3331 3030 3370 avus
3053 3315 3184 3370 :sed
3205 3317 3480 3372 etomnia
3490 3333 3724 3389 prorsus

2120 3395 2256 3463 Qua:
2286 3399 2392 3454 sibi
2413 3402 2565 3466 sunt,
2596 3400 2702 3455 sed
2716 3405 2773 3455 et
2800 3417 2924 3457 esse
2953 3406 3194 3474 queunt,
3223 3403 3357 3460 huic
3381 3405 3608 3478 praedia
3627 3421 3724 3460 re-

3462 3495 3652 3559 [dunt

2119 3575 2226 3642 Qui
2262 3575 2442 3647 patris
2469 3581 2717 3637 mortem
2750 3577 2940 3634 dirum
2961 3583 3216 3636 mutatus
3235 3581 3296 3636 in
3324 3582 3584 3652 hostem,

2119 3668 2303 3738 Atque
2330 3665 2682 3722 Theoderico
2713 3667 3024 3725 minitandi
3053 3670 3205 3726 bella
3233 3672 3498 3741 subacto,

2117 3753 2241 3826 Ipse
2269 3757 2616 3824 potestatem
2641 3756 2975 3816 nancisceus
2999 3759 3476 3832 sceptrigeralem

2118 3841 2304 3896 Nectit
2328 3847 2552 3916 sceptra
2577 3844 2691 3904 suis
2719 3845 2894 3910 etiam
2925 3847 3178 3902 conﬁnia
3203 3849 3470 3922 sceptris.

2120 3929 2292 4000 Cujus
2317 3931 2596 4003 largiﬂuis
2618 3933 2980 4006 permaxima
3001 3935 3178 3990 Lobia
3206 3936 3375 3994 donis

2120 4023 2530 4094 Augmentata,
2590 4025 2805 4081 statum
2851 4023 3094 4098 sumpsit
3141 4042 3246 4098 per
3315 4027 3530 4084 saecula
3576 4044 3726 4090 sum-

3439 4116 3626 4187 [mum
3641 4132 3657 4182 ;

2120 4197 2570 4272 Ursmarumque
2587 4215 2814 4259 sacrum
2827 4199 3050 4268 meritis
3067 4219 3238 4276 super
3265 4203 3470 4260 omnia
3481 4204 3721 4277 dignum

2037 4321 2094 4383 Β
2118 4285 2348 4383 tundat
2368 4286 2714 4358 evangelica:
2743 4292 3116 4362 spargentem
3145 4291 3371 4346 semina
3409 4292 3566 4361 vitae,

2119 4373 2560 4447 Laubacumque
2591 4391 2834 4449 gregem
2891 4379 3245 4450 pascendum
3302 4380 3484 4437 tradit
3511 4379 3716 4441 eidem

2117 4463 2198 4518 De
2217 4463 2378 4534 cujus
2396 4462 2513 4518 vita
2537 4464 2883 4524 meritorum
2909 4467 3078 4523 laude
3109 4468 3281 4528 beata

2117 4551 2303 4606 Pauca
2324 4551 2598 4607 locuturis
2621 4552 2771 4608 adsit
2794 4553 2894 4626 pia
2921 4554 3388 4628 Cunctipotentis

2115 4637 2328 4706 Gratia,
2359 4639 2694 4710 pontiﬁcem
2713 4641 2886 4700 faciat
2911 4660 3040 4723 qua:
3068 4644 3238 4701 laude
3257 4646 3580 4714 celebrem,

477 4704 604 4807 ipse
630 4703 736 4803 511.1,
757 4703 895 4807 ‘hmf
925 4704 1066 4807 altas
1109 4706 1524 4807 commigrans‘,
1565 4710 2013 4807 Ονίερξῐιίθηεθω
2115 4703 2380 4792 Plurima
2383 4728 2750 4800 perspicuum
2771 4703 2951 4804 queui
2957 4732 3210 4793 reddunt
3220 4737 3389 4807 gesta
3409 4703 3712 4795 bonorum.

404 4793 596 4861 Forte,
623 4791 709 4847 sui
742 4791 813 4848 de
851 4791 1027 4847 fontis
1077 4809 1228 4868 aqua
1266 4794 1553 4867 crispante
1589 4803 1870 4872 vocatam,

403 4880 678 4938 Condidit
703 4879 1027 4949 ecclesiam,
1052 4881 1248 4937 divina
1285 4885 1520 4940 oracula
1547 4885 1871 4960 honorans,

404 4970 476 5026 Et
503 4969 716 5025 cedens
743 4968 1004 5025 Laubaca
1040 4968 1151 5025 tuis
1186 4985 1219 5025 o
1241 4969 1503 5042 plantula
1530 4976 1728 5033 ramis.

404 5057 498 5114 Sic
521 5058 700 5114 etiam
725 5057 933 5114 Paulus
963 5057 1154 5114 fuerat
1169 5058 1297 5130 jam
1329 5061 1534 5119 cedere
1557 5063 1770 5137 jussus,

407 5147 846 5220 Postposuitque
861 5147 1144 5220 Phryges:
1163 5151 1450 5220 spectatur
1461 5153 1676 5228 quippe
1699 5156 2011 5220 Iohannes.

403 5236 564 5294 Tunc
582 5235 797 5292 fratres
825 5235 1069 5310 gemini,
1101 5237 1428 5309 Dagoberto
1457 5257 1595 5316 rege
1616 5248 1816 5320 creati,

2189 4816 2496 4872 Ursmarus
2523 4823 2750 4876 sanctus
2778 4821 3002 4880 meritis
3026 4825 3089 4878 et
3115 4824 3340 4882 honore
3361 4839 3647 4888 coruscus,

2119 4904 2428 4962 Nobilitate
2453 4907 2668 4976 cluens,
2701 4925 2932 4966 morum
2956 4911 3247 4984 probitate
3277 4913 3588 4982 nitescens,

2122 4992 2553 5051 Commendant
2570 4997 2740 5054 alma
2757 4999 2934 5070 gestis
2955 5001 3258 5072 praeconia
3275 5001 3409 5058 vita:

2123 5080 2289 5146 Quod
2319 5083 2510 5142 natale
2544 5085 2869 5158 proprium,
2897 5104 2931 5142 o
2957 5087 3250 5157 Teoracia,
3281 5107 3438 5163 pago

2121 5169 2466 5242 Sumpserit,
2487 5175 2544 5228 et
2563 5173 2714 5243 villa,
2741 5191 2916 5247 quam
2945 5176 3102 5234 fama
3119 5175 3292 5234 Fleon
3322 5178 3586 5237 vocitavit

2121 5257 2294 5332 Cujus
2313 5259 2523 5318 vicinas
2556 5263 2882 5334 perlambit,
2898 5265 3142 5324 Samber
3169 5283 3400 5326 arenas.
