3892 6214
158 417 300 470 1129

1180 409 1512 470 EPISTOLA
1545 410 1642 468 AD
1679 411 2013 471 BUGONEM
2047 407 2456 468 MONACHUM.

3351 419 3490 477 1130

1212 665 2434 860 HERIGERI

851 975 1648 1117 ABBATIS

1798 972 2774 1116 LOBIENSIS

1469 1229 2177 1337 EPISTOLA

912 1389 1025 1460 AD
1081 1394 1502 1468 QUEMDAM
1557 1393 1973 1458 HUGONEM
2038 1391 2518 1455 MONACHUM
2557 1391 2728 1472 (547)

257 1526 573 1602 Respondet
599 1523 990 1608 questionibus
1016 1523 1132 1581 sibi
1155 1523 1222 1608 ab
1241 1539 1301 1581 eo
1315 1522 1634 1608 propositis
1661 1521 1728 1578 de
1756 1520 2084 1608 diversitate
2104 1534 2243 1608 ista,
2257 1518 2597 1608 Dionysius!
2611 1519 2769 1608 inter
2793 1525 2846 1578 et
2869 1519 3083 1579 Batiam
3110 1523 3380 1592 occurrit,

872 1597 1128 1669 aliasque
1154 1597 1276 1668 ipse
1301 1590 1402 1652 illi
1425 1590 1680 1652 Bicissim
1701 1593 1964 1666 proponit
1987 1590 2307 1649 enodandas
2335 1590 2736 1663 difﬁcultates.

311 1717 501 1790 (Apud
527 1719 595 1773 D.
627 1717 908 1782 Marsus,
939 1715 1245 1771 Thesaurus
1271 1714 1539 1774 Anecdot.
1567 1714 1612 1781 Ι,
1644 1710 1766 1781 H2,
1788 1727 1858 1768 ex
1887 1727 1996 1766 ms.
2028 1709 2156 1766 cod.
2191 1708 2457 1766 Lobiensi
2485 1713 2751 1784 tempore
2777 1712 3026 1770 auctoris
3055 1713 3312 1786 scripto.)

221 1999 428 2054 Frater
452 1997 636 2068 Hugo,
686 1996 732 2050 si
788 1995 1163 2068 interrogeris
1189 1995 1282 2052 cui
1307 1995 1499 2069 potius
1530 1986 1841 2050 credereA
1866 1991 2172 2066 posterius,
2224 1990 2547 2064 posteriora
2592 1989 2750 2064 prius
2803 1990 3082 2065 posuisse.
3127 1993 3332 2065 ,Igitur
3383 2011 3485 2066 ag-

150 2087 391 2153 debeas,
419 2083 894 2158 quandoquidem
926 2083 1291 2152 dissentiunt,
1349 2082 1658 2154 Evangelio
1690 2099 1766 2138 an

151 2175 453 2246 Dionysio,
482 2189 896 2246 responsurum
926 2177 982 2228 te
1013 2189 1130 2229 non
1186 2173 1386 2228 difﬁdo
1413 2172 1549 2245 quia
1577 2171 1766 2243 potius

151 2263 490 2334 Evangelia.
523 2261 636 2316 Sed
665 2261 973 2333 Evangelio
1025 2261 1086 2316 in
1137 2261 1379 2317 veritate
1438 2263 1762 2328 constante,

151 2351 459 2423 Dionysius
477 2349 768 2406 invenitur
788 2351 1036 2404 multum
1054 2349 1376 2405 dissentire.
1403 2349 1584 2405 Habet
1609 2349 1766 2405 enim

149 2440 364 2495 veritas
384 2438 676 2509 Evangelii
707 2438 852 2510 quia
871 2455 1024 2493 anno
1048 2437 1274 2494 decimo
1306 2437 1508 2511 quinto
1535 2437 1766 2509 imperii

148 2527 366 2583 Tiberii
392 2526 630 2582 Casaris
685 2525 1003 2598 baptizatus
1045 2526 1120 2580 sit
1167 2526 1441 2594 Christus,
1485 2525 1769 2597 incipiens

151 2616 316 2688 quasi
347 2629 639 2669 annorum
674 2614 936 2685 triginta.
969 2614 1298 2670 Secundum
1327 2630 1463 2670 vero
1495 2614 1770 2670 chronica

155 2703 406 2766 Eusebii,
437 2704 527 2758 vel
569 2702 747 2757 etiam
795 2702 1152 2774 Hieronymi,
1183 2702 1282 2774 qui
1310 2702 1418 2758 nisi
1449 2703 1769 2774 probasset,

154 2809 275 2848 non
306 2793 389 2846 ita
416 2791 818 2859 transtulisset,
867 2807 1021 2847 anno
1076 2807 1207 2846 xvm
1246 2791 1457 2847 Tiberii
1517 2791 1675 2846 venit
1699 2791 1775 2846 ad

156 2881 513 2954 passionem,
545 2879 642 2950 qui
666 2880 854 2951 potuit
880 2895 1002 2934 esse
1050 2896 1235 2935 annus
1289 2895 1459 2934 χχχιιι
1504 2878 1772 2934 incarna-

156 2969 333 3024 tionis
363 2969 506 3040 ejus.
533 2970 748 3022 lterum
763 2969 939 3023 habet
953 2967 1161 3023 veritas
1184 2967 1476 3040 Evangelii
1499 2983 1590 3022 xiv
1613 2968 1773 3034 luna,

157 3057 217 3112 id
245 3061 334 3112 est
366 3056 514 3111 feria
541 3073 597 3124 v,
630 3057 944 3112 celebrasse
970 3072 1104 3111 eum
1153 3057 1365 3128 pascha
1413 3056 1619 3127 legale,
1668 3071 1775 3110 nec

159 3144 304 3200 illud
335 3144 425 3198 vel
453 3143 816 3214 anticipasse,
839 3144 928 3198 vel
953 3143 1233 3198 distulisse
1258 3161 1271 3212 ;
1301 3143 1446 3198 feria
1465 3147 1664 3198 autem
1693 3159 1772 3210 vr,

158 3232 217 3297 id
242 3237 331 3286 est
349 3233 489 3286 luna
503 3248 598 3300 xv,
631 3248 862 3286 crucem
905 3232 1227 3286 ascendisse
1252 3249 1266 3300 ;
1295 3231 1570 3301 Sabbato,
1602 3231 1660 3285 id
1689 3233 1776 3286 est

1867 2097 2098 2153 gressus
2117 2083 2204 2136 est
2215 2096 2526 2136 numerum
2540 2095 2830 2136 annorum
2852 2079 3281 2152 pradicationis
3301 2081 3491 2139 Chris-

1867 2170 1910 2224 ti
1932 2186 2038 2243 per
2066 2168 2188 2224 dies
2219 2169 2394 2225 festos
2423 2168 2650 2240 pascha
2681 2167 3058 2242 distinguere,
3090 2173 3148 2224 et
3175 2174 3485 2243 quampul-

1867 2257 2002 2312 chre
2025 2257 2098 2313 ab
2130 2256 2266 2330 ipsis
2289 2257 2492 2312 diebus
2506 2257 2688 2313 voluit
2711 2257 3014 2314 exordium
3043 2275 3294 2328 sumere,
3318 2258 3486 2315 Mise-

1865 2345 2191 2402 runtJudaei
2199 2346 2265 2400 ab
2275 2345 2624 2416 Jerosolymis
2637 2346 2820 2408 (Joan.
2841 2363 2860 2402 ι
2881 2349 2988 2413 19);
3008 2348 3190 2403 altera
3203 2348 3318 2412 die,
3340 2348 3487 2404 Vidit

1865 2434 2100 2490 Joannes
2144 2435 2330 2490 Jesum
2372 2437 2665 2491 venientem
2685 2435 2759 2491 ad
2776 2452 2829 2491 se
2850 2435 3002 2507 (ibid.
3021 2439 3114 2504 29)
3121 2453 3140 2502 ;
3166 2437 3351 2492 altera
3369 2438 3485 2506 die,

1867 2522 2064 2579 Stabat
2084 2524 2381 2587 Johanncs,
2420 2530 2469 2578 et
2493 2539 2557 2578 cx
2584 2523 2860 2595 discipulis
2883 2524 2995 2596 ejus
3038 2523 3145 2580 duo
3171 2525 3330 2596 (ibid.
3362 2528 3488 2598 35),-

1872 2613 1964 2669 die
1987 2613 2180 2683 tertio,
2197 2612 2426 2685 Nuptias
2444 2613 2607 2684 facta
2629 2619 2755 2668 sunt
2782 2615 2841 2668 in
2861 2611 3014 2668 Cana
3033 2614 3274 2670 Gatilaa
3294 2615 3485 2688 (Joan.

1873 2701 1956 2774 ιι).
1983 2702 2163 2774 Igitur
2187 2701 2378 2775 primo
2394 2718 2550 2758 anno
2572 2699 3000 2775 pradicationis
3021 2719 3162 2774 sua,
3183 2720 3316 2760 cum
3339 2708 3492 2759 esset

1871 2790 2241 2862 Jerosolymis
2265 2789 2324 2845 in
2346 2790 2582 2858 Pascha,
2605 2790 2777 2862 ejecit
2800 2790 3117 2847 vendentes
3141 2796 3200 2848 et
3225 2796 3489 2848 ementes

1875 2879 1947 2934 de
1974 2879 2228 2950 templo;
2257 2878 2509 2934 secundo
2541 2895 2695 2935 anno
2726 2879 2786 2934 in
2813 2879 2905 2936 die
2922 2880 3068 2936 festo
3089 2881 3320 2937 Pascha
3349 2898 3499 2944 sana,

1875 2966 1957 3022 vit
1984 2965 2325 3038 languidum
2348 2967 2422 3022 ad
2444 2965 2757 3039 piscinam;
2781 2967 2953 3024 tertio
2973 2972 3288 3041 anno,post
3306 2970 3485 3025 mira-

1876 3055 2071 3110 culum
2104 3055 2175 3110 de
2197 3054 2453 3128 quinque
2467 3056 2712 3127 panibus
2735 3056 2977 3125 factum,
3004 3060 3131 3112 erat
3153 3058 3485 3131 proximum

1875 3143 2111 3211 Pascha,
2147 3143 2269 3198 dies
2294 3143 2470 3198 festus
2498 3143 2866 3213 Judaorum;
2897 3149 3102 3217 quarto
3135 3163 3290 3203 anno
3328 3148 3487 3203 venit

1875 3234 2010 3286 ante
2051 3247 2148 3286 sex
2193 3231 2314 3286 dies
2354 3232 2581 3287 Pascha
2636 3233 3001 3303 Bethaniam,
3041 3235 3141 3290 ubi
3206 3236 3484 3292 Lazarum

157 3320 298 3376 luna
348 3338 463 3390 xvi,
511 3321 571 3375 in
609 3321 914 3392 sepulchro
942 3320 1256 3393 quievisse;
1283 3319 1590 3375 Dominica
1615 3336 1772 3390 vero,
1792 3314 1844 3373 B
1872 3319 2185 3386 suscitavit,
2213 3319 2447 3391 quando
2477 3323 2536 3376 et
2561 3337 2758 3393 passus
2783 3324 2890 3381 est.
2919 3321 3062 3378 Nam
3085 3323 3132 3377 si
3159 3339 3316 3380 anno
3346 3341 3484 3381 xvni

156 3411 214 3464 id
245 3414 334 3464 est
357 3411 499 3464 luna
542 3425 676 3475 χιι-ιι,
727 3409 1118 3466 resurrexisse.
1151 3409 1300 3480 Ergo
1333 3411 1534 3480 aperto
1562 3407 1771 3465 circulo

158 3497 436 3569 Dionysii,
469 3496 515 3550 si
549 3497 628 3551 ita
648 3496 954 3564 inveneris,
987 3512 1141 3551 anno
1169 3510 1322 3551 χχχιι
1354 3496 1772 3552 incarnationis

157 3587 303 3658 ejus,
335 3587 426 3640 vel
454 3603 642 3654 χχχιιι,
674 3586 764 3640 vel
794 3601 1007 3656 xxxuu,
1041 3585 1140 3658 qui
1172 3589 1304 3640 sunt
1333 3589 1464 3657 post
1492 3585 1770 3640 circulum

157 3691 393 3746 magna
409 3673 752 3729 reversionis
773 3689 982 3742 anun,
1017 3675 1105 3728 vel
1126 3690 1287 3741 anv,
1315 3674 1402 3728 vel
1448 3689 1628 3741 DLXVl,
1661 3690 1770 3746 age

156 3765 276 3820 Deo
305 3763 546 3835 gratias,
569 3763 715 3818 sicut
742 3763 896 3818 Beda
923 3762 1202 3836 pracipit,
1235 3763 1393 3835 quod
1422 3766 1620 3818 tamen
1651 3763 1768 3818 iro-

154 3854 286 3909 nice
307 3853 470 3908 dixit.
511 3853 644 3908 Ideo
677 3855 872 3908 autem
895 3855 1010 3906 tres
1030 3867 1306 3907 numeros
1344 3867 1634 3907 annorum
1663 3867 1768 3924 po-

154 3941 266 4010 sui,
295 3943 435 4014 quia
456 3941 553 3996 alii
565 3945 914 4013 putaverunt
929 3957 1064 3996 eum
1084 3957 1241 3996 anno
1268 3957 1441 4008 xxxii,
1466 3941 1767 4009 aliixxxm,

152 4031 332 4087 fuisse
361 4046 616 4102 passum,
648 4029 746 4086 alii
769 4033 965 4085 autem
990 4045 1214 4085 xxxun:
1239 4029 1444 4102 quibus
1469 4029 1621 4085 Beda
1650 4046 1772 4084 ma-

155 4120 244 4192 gis
282 4119 563 4175 assentire
591 4119 837 4176 videtur.
882 4118 1214 4174 Secundum
1237 4120 1434 4174 autem
1465 4117 1767 4174 veritatem

1871 3407 2082 3463 Tiberii
2109 3424 2306 3480 passus
2331 3410 2437 3471 est,
2469 3407 2568 3480 qui
2596 3408 2746 3464 forte
2761 3408 2870 3464 fuit
2884 3408 3158 3465 dimidius
3183 3417 3486 3484 supertres

1871 3495 2298 3570 praedicationis
2311 3512 2428 3551 sua
2445 3512 2796 3568 annos,ergo
2817 3496 3040 3569 primus
3050 3499 3484 3570 praedicationis

1871 3588 1966 3643 ille
1992 3587 2122 3654 fuit,
2155 3584 2252 3658 qui
2278 3585 2535 3640 decimus
2563 3584 2798 3658 quintus
2847 3585 3057 3640 Tiberii
3105 3587 3340 3655 exstitit,
3367 3605 3482 3662 quo

1872 3679 1931 3732 et
1954 3674 2274 3748 baptizatus
2295 3677 2399 3729 est.
2433 3673 2546 3730 Sed
2572 3674 2745 3743 forte,
2771 3674 3092 3730 secundum
3119 3677 3483 3749 supputatio-

1871 3780 2010 3820 nem
2036 3763 2226 3830 Beda,
2252 3762 2484 3818 initium
2515 3762 2726 3818 decimi
2777 3763 2918 3818 noni
2972 3763 3190 3819 Tiberii
3247 3765 3484 3822 Caesaris

1870 3852 2010 3908 anni
2039 3851 2233 3926 potuit
2257 3868 2378 3907 esse
2403 3855 2640 3925 quartus
2663 3851 3115 3924 praedicationis,
3155 3853 3255 3926 qui
3285 3853 3396 3909 fuit
3425 3860 3486 3911 et

1870 3941 2175 4014 passionis,
2205 3941 2267 3996 id
2295 3943 2382 3996 est
2409 3957 2600 3997 χχχιιιι
2632 3940 3068 4010 incarnationis,
3099 3942 3482 4014 praecedenti-

1869 4030 1978 4085 bus
2002 4046 2062 4085 ιιι
2093 4028 2282 4098 annis,
2315 4029 2376 4085 id
2404 4033 2490 4085 est
2513 4046 2662 4098 χχχι,
2708 4043 2879 4098 χχχιι,
2936 4046 3131 4088 χχχιιι.
3183 4030 3312 4087 Sive
3341 4047 3482 4104 ergo

1869 4134 2065 4186 χχχιιι,
2097 4117 2213 4173 sive
2239 4134 2428 4173 χχχιιιι
2458 4118 2778 4174 secundum
2809 4118 3032 4192 cyclum
3075 4119 3353 4192 Dionysii,
3408 4121 3484 4178 ab

156 4208 474 4280 Evangelii,
525 4209 613 4263 vel
667 4207 1081 4263 revelationem
1109 4206 1367 4274 Joannis,
1394 4207 1483 4261 vel
1512 4207 1767 4278 prophe-
1868 4206 2270 4263 incarnatione
2292 4223 2394 4261 sua
2423 4223 2623 4279 passus
2650 4207 2723 4263 sit
2746 4223 2924 4276 anno,
2953 4209 3110 4264 nullo
3147 4209 3323 4265 modo
3340 4225 3482 4266 con-

155 4298 301 4353 tiam
321 4298 597 4361 Danielis,
618 4297 798 4353 tribus
825 4313 999 4352 semis
1029 4297 1196 4352 annis
1215 4295 1564 4368 praedicavit,
1582 4299 1641 4350 et
1665 4295 1763 4350 alii
1865 4295 2041 4351 sentit
2053 4294 2398 4367 evangelica
2419 4295 2672 4352 veritatis
2693 4297 2929 4366 relatio;
2949 4313 3089 4353 nam
3111 4314 3268 4354 anno
3289 4313 3484 4356 xxxnn

156 4386 592 4457 praedicationis
616 4386 741 4456 ejus
785 4401 1076 4442 annorum
1099 4385 1356 4457 primum
1393 4387 1760 4456 putaverunt,
1864 4386 2003 4442 luna
2032 4385 2094 4440 in
2123 4383 2359 4452 Pascha,
2393 4399 2511 4439 non
2565 4401 2700 4450 xvu,
2745 4389 2808 4441 ut
2835 4386 3056 4442 dictum
3079 4392 3186 4456 est,
3217 4387 3319 4443 sed
3342 4403 3485 4460 pro-

158 4475 472 4531 nativitatis
499 4475 622 4546 ejus
647 4491 769 4530 esse
792 4491 917 4542 xxx,
948 4479 1012 4530 ut
1035 4474 1230 4528 statim
1250 4477 1381 4544 post
1408 4472 1763 4546 baptismum
1865 4474 2026 4530 venit
2079 4489 2192 4541 χχι,
2220 4487 2331 4528 nec
2359 4488 2484 4528 χιιιι
2510 4474 2650 4528 luna
2688 4473 2748 4528 in
2771 4475 2918 4530 feria
2946 4492 3000 4543 v,
3031 4477 3134 4532 sed
3155 4477 3484 4550 provenitin

160 4568 216 4620 et
231 4564 774 4636 jejuniumcaperit
805 4562 1162 4636 pradicandi
1188 4561 1509 4618 exordium.
1544 4561 1765 4618 Scimus
1866 4564 1961 4620 die
1984 4561 2311 4618 Dominica.
2344 4560 2538 4616 Passio
2579 4578 2715 4617 vero
2771 4578 2891 4617 non
2932 4579 2987 4617 νι
3015 4564 3182 4636 feria,
3231 4582 3337 4622 nec
3366 4566 3426 4623 in
3447 4585 3483 4624 x

160 4658 356 4719 autem
407 4654 696 4709 Joannem
740 4653 1174 4725 evangelistam,
1222 4657 1354 4722 post
1398 4651 1653 4707 reditum
1693 4651 1764 4705 de
1800 4657 1846 4716 C
1867 4653 2263 4710 Kalendarum
2293 4649 2613 4722 Aprilium,
2641 4650 2960 4706 secundum
2995 4651 3253 4724 Gracos;
3285 4673 3389 4712 nec
3419 4657 3481 4714 in

160 4742 384 4808 exsilio,
399 4759 519 4798 non
541 4743 727 4798 solum
755 4745 994 4814 propter
1020 4743 1268 4796 haereses
1297 4757 1425 4813 qua
1457 4756 1516 4795 se
1529 4740 1766 4796 absente
1865 4759 1964 4798 vm
1986 4741 2298 4804 Kalendas,
2322 4738 2642 4796 secundum
2666 4739 2929 4810 Latinos;
2955 4739 3058 4795 sed
3078 4757 3185 4796 nec
3203 4759 3484 4803 ressurre-

162 4835 520 4887 emerserant
537 4830 941 4899 confutandas,
964 4847 1165 4886 verum
1177 4830 1357 4886 etiam
1380 4829 1765 4902 quiacateros
1867 4831 1981 4887 ctio
2009 4832 2068 4886 in
2096 4846 2196 4884 vm
2223 4829 2619 4887 Kalendarum
2637 4827 2950 4902 Aprilium,
2981 4829 3298 4886 secundum
3327 4832 3481 4891 Gra-

161 4920 532 4992 evangelistas
576 4922 798 4992 legeret
840 4920 1025 4974 multa
1071 4919 1142 4974 de
1192 4918 1484 4974 miraculis
1534 4919 1762 4989 Christi,
1866 4937 1982 4990 cos,
2017 4935 2123 4975 nec
2160 4919 2220 4974 in
2241 4935 2298 4974 γι
2324 4918 2631 4987 Kalendas,
2691 4917 3012 4973 secundum
3062 4915 3316 4988 Latinos,
3365 4923 3482 4980 ullo

153 5025 341 5080 pauca
371 5025 502 5064 vero
525 5009 597 5064 de
626 5009 922 5064 divinitate
941 5009 1165 5076 dixisse,
1185 5008 1455 5081 quadam
1469 5024 1604 5063 vero
1625 5007 1762 5064 insi-
1867 5009 2045 5068 modo
2072 5011 2429 5082 proventura
2456 5012 2563 5064 est.
2593 5007 2723 5063 Jam
2754 5021 2890 5060 vero
2916 5021 3092 5078 quam
3117 5004 3485 5068 inconsenta-

157 5097 364 5168 gniora
382 5097 838 5169 praetermisisse,
857 5101 1056 5171 utpote
1073 5097 1144 5153 de
1162 5097 1380 5168 nuptiis
1398 5097 1459 5152 in
1485 5097 1643 5152 Cana
1661 5097 1763 5152 Ca-
1863 5116 2040 5156 neum
2061 5099 2206 5154 sitin
2227 5115 2398 5154 χχχιιι
2423 5097 2496 5152 ab
2518 5094 2925 5152 incarnatione
2945 5110 3047 5150 sua
3076 5109 3308 5166 passum
3337 5113 3481 5176 esse,

154 5189 324 5256 lilea,
355 5187 427 5243 de
454 5187 788 5256 Nicodemo,
814 5187 886 5242 de
914 5204 1064 5244 caco
1095 5191 1254 5257 nato,
1285 5187 1356 5243 de
1385 5186 1659 5258 languido
1687 5186 1762 5242 ad
1859 5190 1950 5244 vel
1980 5188 2379 5255 resurrexisse,
2429 5186 2624 5257 palam
2662 5182 2928 5257 liquebit,
2972 5199 3105 5239 cum
3129 5183 3253 5239 hac
3285 5187 3486 5244 omnia

152 5275 461 5348 piscinam,
493 5276 565 5331 de
595 5275 836 5332 muliere
855 5276 930 5331 ad
955 5281 1218 5350 puteum,
1248 5277 1320 5331 de
1351 5276 1560 5330 Lazaro
1585 5275 1760 5331 susci-
1861 5277 2051 5351 potius
2082 5279 2390 5333 occurrant
2425 5274 2486 5328 in
2515 5273 2696 5344 Aprili
2739 5287 2917 5344 quam
2948 5271 3011 5328 in
3040 5273 3263 5330 Martio.
3297 5274 3483 5330 Evau.

155 5369 297 5433 tato,
331 5364 403 5420 de
427 5365 642 5438 pedum
671 5366 980 5435 lavatione,
1015 5369 1072 5422 et
1097 5367 1211 5422 alia
1233 5366 1440 5421 multa.
1473 5366 1601 5436 Ipsa
1626 5380 1760 5420 vero
1863 5367 2017 5441 gelio
2051 5369 2245 5420 autem
2274 5361 2709 5437 praescribente,
2733 5360 2944 5416 scimus
2963 5361 3101 5433 quia
3140 5361 3198 5419 in
3229 5379 3487 5437 aquino-

157 5470 281 5528 qua
304 5454 574 5511 dixerant
600 5455 839 5512 confuse
893 5459 951 5511 et
995 5456 1350 5527 inordinate,
1376 5454 1437 5510 id
1457 5458 1542 5510 est
1568 5454 1766 5528 priora
1866 5456 1979 5513 ctio
1993 5453 2318 5510 autumnali
2347 5449 2771 5524 pranuntiatus
2807 5448 2882 5504 sit
2910 5449 3165 5507 Joannes
3194 5452 3482 5527 Baptista;

214 5580 377 5660 (547)
408 5579 596 5660 us
620 5579 877 5660 epistola
905 5577 1601 5660 meminitSigebertusin
1621 5577 1770 5660 libro
1871 5594 2197 5660 recensens,
2224 5577 2308 5634 ita
2333 5575 2543 5660 habet:
2563 5575 2795 5660 Scripsit
2813 5573 2885 5632 ad
2895 5573 3186 5649 Hugoncm
3211 5579 3484 5654 epistolam

85 5646 238 5738 :De'
259 5646 1081 5726 scriptoribus'ecclesiasticis,
1123 5652 1226 5710 ubi
1247 5646 1536 5724 'Herigeri
1554 5651 1774 5723 scripta
1875 5655 1940 5714 de
1965 5651 2282 5727 quibusdam
2310 5646 2713 5725 questionibus“.

439 5750 684 5810 Ριτχοι..
711 5749 972 5810 CXXXIX.

3005 5753 3079 5832 δε
