3892 6214
515 369 639 424 1131

1522 423 1529 434 η
1629 358 1953 416 eameam
1989 358 2277 415 ABBATIS
2317 360 2698 419 LOBIENSlS.

3643 372 3741 426 ll3'2

496 493 555 544 in
585 502 784 543 mense
800 486 994 541 autem
1011 485 1190 550 sexto,
1213 482 1272 536 id
1291 486 1378 537 est
1393 482 1612 549 Martio,
1631 487 1761 553 post
1791 483 2097 538 dimidium
2117 489 2172 546 Α
2195 501 2355 556 pum,
2381 488 2438 538 et
2467 485 2668 537 Arium
2700 484 3104 555 presbyterum
3152 502 3342 548 suum,
3399 488 3490 542 sed
3515 488 3664 544 etiam
3688 492 3738 546 de

493 594 736 641 annum,
760 575 975 631 eisdem
994 572 1281 639 Kalendis,
1306 573 1680 627 annuntiatus
1709 577 1794 628 est
1823 572 2095 634 Christus,

492 680 606 736 quo
634 666 943 734 conceptus
973 665 1058 716 est
1088 664 1145 714 et
1173 677 1388 732 passus,
1421 661 1737 715 secundum
1763 661 1934 715 illud:
1966 659 2098 716 Non

490 769 672 823 coques
686 769 885 820 agnum
920 753 975 803 in
1020 750 1154 806 lacte
1191 751 1377 803 matris
1409 767 1517 803 sua:
1551 748 1752 822 (Exod.
1785 767 1937 817 xxm,
1975 751 2094 817 l9);

489 840 550 894 id
579 844 682 907 est,
717 857 834 895 non
864 855 932 894 eo
961 839 1051 893 die
1084 838 1372 893 Christum
1417 837 1746 904 interficias,
1794 854 1906 909 quo
1957 853 2094 891 con-

489 933 684 1000 ceptus
710 932 813 996 est,
842 927 1017 1000 quod,
1046 927 1178 981 licet
1221 927 1485 993 vetuerit,
1530 925 1871 997 praesciebat
1897 930 2093 980 tamen

486 1018 712 1072 Judzeos
739 1032 856 1071 non
870 1015 1269 1082 obaudituros;
1293 1013 1437 1069 sicut
1449 1013 1653 1070 etAda:
1675 1014 1899 1086 lignum
1918 1014 2095 1069 scien-

486 1105 581 1161 tia:
599 1106 736 1161 boni
757 1109 816 1160 et
835 1103 973 1159 mali
989 1101 1186 1170 vetuit,
1207 1103 1362 1174 quod
1385 1105 1580 1157 tamen
1605 1120 1738 1157 eum
1763 1119 1883 1156 non
1907 1104 2095 1156 obser-

485 1197 748 1250 vaturum
776 1192 1076 1265 praascivit,
1129 1193 1364 1262 propter
1390 1191 1565 1262 quod,
1599 1190 1736 1244 dicit
1759 1189 2089 1244 Psalmista:

485 1282 688 1337 Beatus
706 1283 885 1338 vir-cui
893 1299 998 1335 non
1011 1281 1291 1351 imputavit
1320 1278 1588 1334 Dominus
1602 1285 1882 1350 peccatum
1913 1277 2090 1342 (Psal.

484 1388 630 1439 xxxi,
660 1371 735 1441 2).
771 1371 814 1425 Ο
846 1386 1023 1441 quam
1056 1367 1441 1440 periculosum
1473 1378 1557 1422 est
1575 1369 1663 1422 vel
1695 1384 1728 1422 a
1759 1367 1990 1432 Deo,vel
2021 1366 2093 1421 ab

2202 573 2416 627 Pascha
2454 574 2824 640 celebrando,
2867 574 3023 644 quod
3079 576 3233 645 prius
3291 577 3360 631 ab
3421 575 3739 633 Orientalibus

2199 663 2478 732 agebatur
2503 679 2680 734 quam
2710 663 2782 718 ab
2812 663 2945 734 ipsis
2973 664 3204 719 Judaeis.
3230 665 3405 719 Judaei
3424 665 3582 730 enim,
3602 684 3739 721 annos

2195 750 2426 804 lunares
2455 754 2782 822 sequentes,
2813 751 2870 804 in
2929 751 3267 821 quihusdam
3313 753 3633 808 embolismis
3651 772 3734 810 uno

2198 855 2393 892 mense
2416 843 2729 909 antequam
2763 857 2887 907 nos,
2919 845 2975 894 et
2998 840 3109 894 hoc
3131 845 3267 894 ante
3291 841 3657 911 aequinoctium
3671 859 3737 895 ce-

2197 927 2458 990 lebrant;
2483 928 2580 980 sed
2605 927 2695 982 hic
2724 945 2888 984 error
2915 946 2981 984 ex
3007 930 3153 984 libro
3173 929 3339 983 Bedse
3353 931 3428 983 De
3444 929 3735 1000 temporibus

2195 1013 2359 1068 facile
2386 1014 2696 1069 decutitur.
2729 1015 3052 1072 Orientales
3109 1033 3266 1082 vero,
3323 1017 3414 1088 qui
3445 1033 3727 1071 successores

2197 1103 2590 1172 apostolorum
2613 1105 2918 1174 jactabant
2955 1122 3015 1160 se
3045 1105 3380 1172 consectari,
3408 1105 3499 1158 sed
3545 1120 3728 1158 concor-

2196 1190 2352 1244 diam
2369 1191 2642 1245 solarium
2661 1193 3020 1248 etlunarium
3036 1209 3324 1248 annorum
3348 1209 3458 1247 non
3481 1209 3735 1262 usquequa.

2196 1294 2305 1349 que
2331 1279 2689 1350 perscrutati,
2733 1284 2977 1353 utroque
3017 1281 3410 1336 claudicabant
3436 1279 3584 1351 pede.
3613 1279 3726 1342 Qua-

2195 1369 2434 1436 propter
2459 1371 2666 1438 rogatu
2685 1369 2952 1440 Sylvestri
2985 1387 3150 1442 papae
3178 1369 3378 1424 missus
3405 1373 3482 1423 est
3504 1369 3565 1422 ab
3592 1367 3730 1438 impe-

485 1461 676 1532 aliquo
705 1461 903 1514 sancto
934 1457 1052 1513 viro
1099 1457 1241 1512 talia
1281 1455 1701 1527 praemonendo
1734 1455 1954 1521 audire,
2006 1453 2096 1507 cui
2199 1458 2391 1509 ratore
2423 1455 2583 1510 Osius
2615 1458 2998 1513 Cordubensis
3023 1459 3341 1530 episcopus,
3372 1456 3462 1528 qui
3489 1458 3732 1525 utrumque

484 1549 620 1622 quia
647 1548 890 1621 Spiritus
920 1547 1068 1601 inest
1093 1546 1436 1618 prophetiae,
1482 1562 1615 1601 raro
1649 1544 1942 1617 contingit
1971 1561 2098 1616 quae
2198 1542 2535 1615 corrigeret,
2563 1548 2619 1598 et
2647 1562 2849 1616 pacem
2881 1545 3033 1602 inter
3054 1544 3462 1601 Alexandrinos
3485 1559 3733 1614 compone-

482 1636 754 1707 prohibet
783 1651 900 1690 non
927 1633 1186 1688 evenire!
1211 1632 1504 1704 Languido
1529 1633 1687 1687 enim
1708 1632 1782 1687 ad
1814 1632 2099 1702 piscinam
2199 1633 2306 1697 ret,
2340 1631 2438 1686 sed
2465 1649 2722 1687 reversus
2745 1637 2830 1688 est
2858 1635 2980 1689 sine
3013 1635 3235 1690 effectu.
3259 1634 3426 1705 lgitur
3450 1633 3624 1703 rogatu
3642 1630 3732 1700 Syl-

481 1729 682 1779 sanato
716 1722 885 1778 tristis
913 1721 1293 1793 praemonuit:
1327 1721 1477 1774 Vade
1493 1721 1618 1791 jam
1649 1727 1697 1775 et
1729 1720 1841 1775 noli
1854 1724 2098 1791 peccare,
2203 1719 2394 1785 vestri,
2447 1724 2501 1774 et
2540 1720 2699 1790 jussu
2750 1721 3113 1777 Constantini
3158 1725 3498 1793 congregata
3537 1718 3732 1790 synodus

480 1829 547 1865 ne
587 1811 810 1866 deterius
855 1809 1064 1882 aliquid
1092 1812 1366 1878 contingat
1406 1808 1596 1879 (Joan.
1653 1825 1708 1876 v,
1777 1811 1882 1879 14).
1927 1811 2102 1864 Dete-
2127 1863 2174 1882 η
2204 1807 2356 1877 apud
2389 1809 2658 1876 Nicaeam,
2691 1827 2792 1881 per
2827 1811 2969 1864 duos
2995 1827 3225 1865 menses
3267 1810 3534 1864 celebrata
3552 1810 3637 1868 est,
3664 1803 3752 1857 ubi-

480 1899 597 1954 rius
631 1899 841 1971 quippe
868 1897 919 1953 ei
954 1898 1217 1968 contigit,
1262 1896 1494 1969 quando
1543 1897 1603 1951 in
1630 1896 1900 1968 passione
1941 1898 2102 1953 Chri-
2126 1895 2176 1921 υ
2205 1911 2368 1950 error
2413 1896 2531 1950 Arii
2573 1898 2736 1952 facile
2772 1899 3187 1970 deprehensus,
3215 1898 3326 1953 cito
3347 1897 3446 1952 fuit
3469 1895 3732 1950 damnatus.

478 1990 565 2042 sto
587 1989 815 2058 alapam
843 1985 1017 2040 dedit.
1035 1984 1384 2057 Igiturhisin
1399 1985 1638 2040 veritate
1671 1985 2098 2054 constantibus,
2203 1983 2319 2038 Sed
2347 1985 2418 2038 de
2465 1987 2714 2058 paschali
2747 1987 3147 2042 observatione
3181 1986 3508 2060 quaestiones
3535 1982 3736 2038 difﬁciles

475 2075 657 2148 liquet
682 2073 968 2130 Christum
999 2091 1115 2129 uno
1139 2073 1462 2144 eodemque
1484 2073 1575 2128 die
1600 2076 1658 2127 et
1675 2078 2024 2146 conceptum
2043 2077 2100 2128 et
2202 2076 2260 2126 et
2291 2089 2439 2144 pene
2470 2075 2890 2132 inextricabiles
2921 2077 3018 2130 diu
3031 2080 3162 2130 sunt
3179 2076 3422 2148 agitatas.
3439 2073 3515 2129 Ad
3527 2071 3737 2127 ultimum

474 2180 726 2238 passum.
756 2164 837 2220 De
868 2162 1213 2218 Kalendario
1235 2165 1456 2229 antem,
1477 2163 1563 2216 vel
1585 2162 1752 2217 annis
1776 2163 2097 2218 Dominica:
2203 2163 2614 2232 quaestionibus
2628 2165 3097 2235 Ptolomazircgis
3127 2181 3369 2218 cumLxx
3396 2159 3737 2232 Interpretibus

474 2252 910 2320 incarnationis,
931 2251 1475 2324 propterinscitiam
1505 2254 1837 2321 temporum
1872 2267 2090 2322 magna
2202 2250 2471 2319 recitatis,
2507 2269 2621 2307 xuu
2655 2269 2883 2324 quoque
2915 2253 3064 2306 lunis
3095 2251 3451 2323 paschalibus
3484 2246 3737 2303 secundum

474 2345 559 2398 est
583 2341 925 2398 consultatio
956 2339 1567 2410 chronographorum.
1608 2338 1716 2402 Qui
1760 2339 1919 2393 enim
1948 2339 2093 2394 scire
2199 2341 2574 2396 Pachomium
2589 2341 2966 2408 conﬁrmatis,
2985 2341 3274 2396 sancitum
3295 2344 3376 2394 est
3392 2344 3449 2393 ut
3467 2339 3734 2409 quicunque

473 2431 659 2503 potuit
675 2431 852 2485 abbas
869 2427 1170 2498 Dionysius
1201 2445 1234 2482 a
1263 2443 1363 2481 suo
1391 2430 1655 2497 tempore
1683 2430 1839 2481 retro
1859 2443 2096 2497 compu-

471 2524 601 2576 tans
618 2534 801 2574 annos
825 2516 1248 2588 imperatorum
1267 2531 1446 2586 usque
1471 2514 1546 2568 ad
1571 2514 2090 2587 quadragesimum

473 2607 790 2664 secundum
818 2603 1056 2675 Augusti
1083 2603 1318 2658 Caesaris
1349 2620 1594 2671 annum,
1637 2603 1733 2676 qui
1762 2604 1870 2659 fuit
1901 2621 2089 2659 annus

476 2696 696 2768 primus
709 2691 1017 2748 nativitatis
1037 2690 1265 2758 Christi,
1286 2691 1603 2745 secundum
1617 2692 1892 2746 chronica
1912 2693 2086 2747 Euse-

470 2784 589 2843 bii?
620 2780 948 2847 Quomodo,
974 2778 1576 2850 inquam,indubitate
1608 2779 1752 2834 scire
1778 2780 1966 2851 potuit
1991 2779 2089 2851 qui

472 2873 712 2944 integris
742 2868 908 2924 annis
937 2866 1327 2938 regnaverint,
1359 2867 1456 2939 qui
1489 2867 1710 2939 aliquot
1741 2884 1968 2923 menses
2001 2868 2088 2921 vel

473 2963 593 3018 dies
618 2955 1122 3033 superhahuerint,
1149 2959 1366 3027 quanta
1396 2955 1734 3027 interregna
1763 2955 1999 3023 fuerint,
2028 2955 2086 3009 id

473 3053 579 3117 est,
609 3065 724 3103 uno
770 3045 1041 3101 defuncto
1089 3047 1147 3098 et
1195 3046 1375 3099 altero
1425 3044 1752 3112 substituto,
1804 3047 2087 3116 quantum

2198 2428 2467 2502 deinceps
2494 2431 2710 2485 Pascha
2745 2447 2874 2484 cum
2919 2428 3151 2496 Judaeis,
3183 2428 3241 2482 id
3267 2431 3350 2482 est
3379 2429 3502 2481 ante
3528 2423 3733 2496 aequino-

2195 2516 2395 2586 ctium,
2447 2519 2812 2584 celebrasset,
2870 2519 3187 2572 anathema
3237 2520 3397 2572 esset.
3453 2513 3552 2594 Sed
3577 2512 3624 2565 in
3654 2524 3741 2562 xnu

2197 2608 2347 2666 lunis
2377 2607 2670 2663 Pachomii
2703 2605 2994 2660 invenitur
3025 2609 3162 2660 ante
3197 2594 3735 2676 mquinoctium,quod

2195 2701 2254 2754 in
2286 2715 2380 2753 vui
2403 2697 2686 2751 Kalendas
2707 2694 2915 2765 Aprilis
2934 2695 3248 2766 putabatur
3265 2710 3377 2748 xuu
3395 2693 3518 2747 luna
3543 2687 3734 2761 pascha-

2193 2789 2280 2852 lis,
2311 2805 2342 2841 v
2371 2787 2483 2854 die,
2515 2787 2573 2840 id
2597 2785 2758 2839 estin
2777 2801 2851 2838 xu
2891 2783 3182 2838 Kalendas
3198 2782 3426 2855 Aprilis;
3455 2781 3543 2834 aut
3568 2793 3631 2831 ιιιι
3654 2775 3738 2836 die,

2193 2879 2251 2933 id
2283 2880 2367 2931 est
2399 2876 2456 2929 in
2487 2891 2538 2928 x1
2571 2873 2857 2928 Kalendas
2877 2872 3105 2944 Aprilis,
3126 2874 3223 2928 ubi
3251 2875 3309 2926 et
3327 2868 3583 2925 terminus
3603 2867 3649 2918 et
3665 2863 3736 2916 ali-

2193 2965 2419 3038 quoties
2440 2963 2567 3033 ipsa
2584 2960 2922 3017 solemnitas
2941 2960 3236 3032 reperitur
3255 2977 3269 3028 ;
3290 2963 3387 3014 aut
3413 2975 3467 3012 ιιι
3491 2955 3588 3020 die,
3614 2951 3658 3006 id
3680 2950 3740 3002 est

2193 3054 2252 3108 in
2284 3070 2323 3108 x
2348 3051 2634 3106 Kalendas
2665 3049 2896 3121 Aprilis,
2941 3050 3039 3104 ubi
3066 3049 3405 3104 solemnitas
3427 3047 3649 3106 tantum;
3669 3038 3741 3092 aut

470 3137 750 3209 temporis
771 3132 1194 3189 intercesserit?
1217 3132 1328 3188 Sed
1360 3132 1588 3200 Graecis,
1613 3135 1843 3187 auctore
1859 3133 2089 3186 Nicaeno
2125 3139 2171 3198 C
2192 3141 2398 3214 pridie,
2433 3139 2490 3193 id
2528 3142 2614 3193 est
2642 3155 2697 3193 ιχ
2725 3137 3013 3192 Kalendas
3063 3137 3299 3208 Aprilis,
3347 3135 3437 3190 ubi
3461 3135 3737 3214 utrumque;

473 3225 714 3282 concilio
732 3227 790 3279 et
806 3223 976 3279 beato
997 3221 1206 3294 Cyrillo
1234 3221 1624 3276 Alexandrino
1641 3221 1935 3294 episcopo,
1972 3237 2093 3276 ma-

473 3315 561 3387 gis
589 3311 1043 3379 assentiendum,
1077 3310 1172 3383 qui
1223 3313 1282 3364 et
1313 3309 1549 3366 ﬁnitimi
1600 3309 1989 3365 Orientalibus
2035 3314 2094 3365 et

474 3403 642 3459 vicini
689 3400 1139 3476 apostolicorum
1183 3399 1442 3454 virorum
1491 3399 1652 3454 fuere
1704 3400 2089 3470 temporibus.

475 3493 676 3550 Omnis
696 3491 856 3547 enim
883 3488 1215 3562 antiquitas,
1238 3492 1300 3542 ut
1320 3488 1400 3542 ait
1429 3491 1627 3542 orator
1647 3488 1954 3556 maximus,
1977 3503 2091 3559 quo

474 3584 706 3656 propius
727 3581 927 3636 aberat
948 3580 1018 3634 ah
1040 3582 1172 3634 ortu
1203 3580 1261 3632 et
1275 3577 1467 3631 divina
1481 3577 1781 3649 progenie,
1799 3593 1868 3632 eo
1889 3578 2094 3632 melius

474 3688 603 3744 qua:
627 3672 795 3726 erant
835 3685 970 3724 vera
1002 3667 1294 3722 cernebat.
1338 3664 1404 3719 Hi
1437 3665 1633 3736 itaque
1681 3681 1775 3718 Vlll
1811 3680 1995 3720 annos
2022 3665 2094 3720 ab

476 3755 1125 3815 IncarnationeDomini
1151 3753 1341 3808 minus
1357 3769 1534 3825 quam
1567 3751 1816 3807 circulus
1840 3752 2094 3824 Dionysii

478 3849 819 3922 supputant;
840 3861 1002 3916 ergo,
1025 3841 1344 3898 secundum
1376 3841 1523 3907 illos,
1553 3840 1770 3910 primus
1800 3841 1872 3896 ab
1902 3842 2093 3896 Incar-

481 3937 716 3993 natione
746 3931 977 3991 Domini
1008 3947 1193 3985 annus
1223 3929 1268 3984 is
1289 3933 1376 3983 est
1400 3929 1499 4001 qui
1526 3931 1610 3983 est
1638 3927 1698 3984 in
1719 3929 1929 3985 circulo
1960 3930 2097 3985 Dio-

483 4025 630 4097 nysii
651 4038 859 4078 nonus.
889 4022 940 4074 Is
965 4022 1160 4073 autem
1197 4019 1281 4071 est
1313 4033 1523 4081 xxxuu,
1548 4016 1646 4090 qui
1677 4020 1762 4073 est
1784 4018 1844 4073 in
1877 4019 2092 4073 cxrculo

487 4110 742 4183 Dionysii
769 4125 897 4176 χιιι,
943 4107 1163 4162 habens
1196 4123 1271 4160 vu
1308 4114 1738 4175 concurrentes,
1796 4124 1917 4161 xuu
1960 4123 2098 4178 epa-

487 4205 664 4268 ctam,
691 4197 1008 4252 terminum
1031 4195 1088 4250 in
1113 4211 1170 4249 x1
1197 4195 1438 4252 Kalend.
1463 4195 1855 4266 Aprilis,feria
1884 4195 2101 4251 scilicet

489 4307 544 4358 ν,
573 4287 806 4361 quando
836 4289 894 4341 et
923 4285 1098 4343 Coena
1145 4286 1298 4341 facta
1347 4289 1455 4355 est,
1506 4290 1564 4341 et
1597 4303 1834 4360 vespere
1885 4287 2103 4341 Pascha

490 4376 766 4435 celebrari
798 4378 984 4449 erepta
1029 4378 1135 4444 est,
1167 4374 1312 4430 sicut
1343 4375 1480 4430 dicit
1511 4376 1812 4442 Dominus,
1858 4374 1950 4429 die
1985 4391 2104 4429 xun

492 4468 567 4526 ad
595 4482 899 4538 vesperum
927 4466 1140 4521 Pascha
1164 4465 1396 4521 Domini
1422 4469 1528 4532 est,
1565 4468 1623 4521 et
1651 4471 1708 4519 in
1735 4482 1801 4518 xv
1834 4465 1938 4519 sub
1967 4465 2106 4521 luna

491 4555 918 4614 solemnitatem
944 4554 1322 4624 celebrabitis,
1357 4555 1590 4627 quando
1627 4557 1684 4609 et
1710 4569 1907 4626 passus
1937 4554 2107 4621 est,id

494 4651 581 4703 est
598 4665 634 4702 x
650 4645 932 4701 Kalendas
959 4644 1187 4716 Aprilis,
1209 4651 1268 4699 et
1285 4644 1603 4698 Sabbatum
1627 4643 1860 4715 quando
1887 4644 2108 4715 requie-

494 4738 574 4794 vit
604 4737 662 4792 in
692 4736 974 4808 sepulcro,
1021 4735 1158 4788 luna
1210 4749 1323 4801 xvx,
1371 4749 1423 4786 1x
1468 4731 1754 4786 Kalendas
1781 4733 2022 4805 Aprilis,
2051 4736 2109 4789 et

493 4825 860 4885 Dominicum
879 4824 1036 4879 diem
1053 4820 1502 4878 Resurrectionis
1521 4837 1616 4875 Vlll
1633 4821 1920 4876 Kalendas
1939 4822 2104 4894 Apri-

494 4918 584 4987 lis,
652 4918 792 4972 luna
841 4929 980 4969 xvu.-
1033 4912 1344 4967 Praeclare:
1403 4925 1542 4963 nam
1599 4909 1658 4963 in
1708 4911 2104 4982 questionibus

495 5004 796 5064 Ptolomaei
839 5003 992 5076 regis
1029 5017 1165 5057 cum
1215 5017 1318 5056 Lxx
1365 4999 1780 5070 lnterpretibus
1834 5000 1907 5055 de
1957 5001 2106 5060 libro

494 5095 671 5152 Exodi
686 5093 934 5167 agitatis,
967 5091 1392 5164 deprehensum
1419 5091 1506 5143 est
1534 5090 1883 5162 aequinoctia
1912 5095 1970 5148 et
1993 5096 2106 5150 sol-

491 5185 646 5241 stitia
675 5184 735 5238 in
777 5199 853 5237 xu
897 5180 1312 5247 Kalendarum,
1345 5178 1532 5250 potius
1559 5195 1738 5250 quam
1776 5179 1834 5234 in
1865 5183 2101 5252 octavis,

490 5275 673 5330 etiam
698 5271 924 5328 ratione
949 5267 1286 5340 horologica
1314 5283 1435 5323 esse
1467 5267 1893 5325 adnotandum.
1926 5271 2106 5328 Cons-

488 5361 716 5420 tantino
730 5361 943 5434 quippe
961 5360 1216 5431 Augusto
1237 5374 1370 5412 xvxu
1387 5356 1619 5427 imperii
1633 5357 1719 5412 sui
1735 5374 1888 5414 anno
1914 5360 2105 5432 bapti-

489 5455 637 5518 zato,
655 5448 994 5505 scandalum
1020 5451 1214 5502 ortum
1245 5449 1331 5501 est
1350 5462 1455 5518 per
1485 5447 1760 5502 Ecclesias
1780 5448 2105 5511 Orientales

490 5539 714 5602 naviter
742 5537 1070 5604 aedificatus,
1095 5537 1194 5591 aut
1220 5539 1544 5604 renovatas,
1577 5554 1696 5592 non
1725 5540 1916 5594 solum
1939 5539 2010 5595 de
2032 5540 2106 5596 si-

490 5623 1393 5686 multatibusinterAlexandrum
1403 5625 1859 5683 Alexandrinum
1869 5628 2022 5702 episc
2031 5646 2094 5688 ο-

2132 4425 2184 4484 D

2197 3230 2373 3284 autin
2407 3228 2530 3300 ipsa
2554 3244 2654 3281 vui
2686 3225 3080 3281 Kalendarum
3109 3225 3227 3293 die,
3261 3224 3357 3279 ubi
3381 3213 3740 3279 identidemad-

2196 3321 2449 3375 notatur.
2483 3319 2707 3388 Itaque,
2730 3317 2828 3369 aut
2859 3314 3224 3369 anathemati
3254 3307 3650 3383 subjacendum,
3669 3303 3741 3356 aut

2196 3409 2342 3464 sicut
2370 3407 2428 3462 in
2457 3405 2686 3460 Niczeno
2741 3403 2982 3458 concilio
3032 3403 3321 3457 sancitum
3351 3403 3450 3466 est,
3478 3395 3658 3452 Pascha
3681 3392 3741 3444 est

2196 3495 2633 3553 celebrandum.
2669 3493 3017 3549 Conclusum
3060 3494 3147 3546 est
3188 3492 3364 3564 Igitur
3392 3493 3446 3544 et
3470 3481 3740 3557 Egyptiaca

2197 3585 2521 3658 disciplina,
2553 3583 2650 3656 qui
2697 3581 3001 3654 peritiores
3052 3581 3112 3635 in
3157 3584 3280 3635 arte
3303 3572 3588 3634 calculandi
3626 3569 3740 3658 sunt.

2197 3656 2395 3748 utpote
2417 3672 2570 3745 apud
2585 3689 2728 3744 quos
2741 3686 3044 3742 nunquam
3065 3669 3574 3741 pluvize,nunquam
3591 3656 3742 3748 nubi-la

2196 3741 2376 3829 fuere,
2401 3741 2808 3832 et-horologica
2829 3741 3057 3814 ratione
3071 3755 3476 3830 aequinoctium
3495 3746 3684 3806 vernale
3695 3741 3736 3795 in

2196 3869 2272 3907 xu
2297 3849 2694 3906 Kalendarum
2708 3847 2901 3919 potius
2932 3863 3077 3902 esse.
3105 3848 3175 3901 Et
3204 3861 3378 3919 quam
3397 3835 3739 3912 congruenter,

2197 3957 2374 4014 quam
2404 3942 2558 4012 apte,
2588 3937 2734 3992 feria
2751 3936 2964 4008 quippe
2977 3935 3064 3989 mi
3086 3935 3228 3990 dum
3247 3932 3562 3989 crearentur
3580 3922 3736 3980 sidera,

2198 4029 2320 4103 ipso
2344 4029 2668 4095 momento,
2698 4024 3086 4080 dividentibus
3107 4025 3395 4096 sphaaram
3417 4018 3662 4073 cmlestem
3677 4022 3741 4103 s-O‘

2200 4095 2253 4175 le
2284 4120 2343 4173 et
2370 4118 2528 4184 luna,
2563 4119 2620 4170 et
2639 4115 2756 4169 sole
2774 4113 3011 4185 quidem
3035 4095 3317 4177 Arietem,
3339 4111 3468 4165 luna
3487 4107 3646 4161 autem
3664 4095 3738 4150 ob-

2201 4208 2427 4264 tinente
2454 4205 2704 4272 Libram,
2733 4203 2920 4276 patuit
2949 4203 3007 4257 in
3022 4200 3496 4256 qualendarum
3509 4189 3740 4280 aequum?-

2202 4297 2348 4352 tium
2380 4295 2612 4350 vernale
2644 4293 2835 4350 fuisse.
2863 4293 3012 4364 Ergo
3032 4290 3092 4345 in
3109 4307 3209 4344 xm
3231 4286 3610 4346 Kalendarum,
3637 4275 3740 4329 feria

2208 4402 2288 4452 ιιι,
2321 4383 2589 4455 apparuit
2619 4381 2811 4449 arida;
2843 4380 2903 4434 in
2958 4396 3078 4434 mu
3124 4375 3504 4433 Kalendarum
3537 4365 3657 4455 feria
3697 4374 3740 4455 ιιι

2205 4449 2424 4529 factum
2454 4473 2537 4527 est
2566 4471 3027 4536 ﬁrmamentum;
3042 4468 3101 4522 in
3117 4464 3588 4521 “Kalendarum,
3615 4451 3660 4506 id
3681 4449 3742 4544 εξῑ

2207 4563 2351 4618 feria
2381 4578 2422 4630 ι,
2455 4559 2712 4632 afﬁgitur
2737 4558 2959 4630 primus
2991 4557 3110 4611 dies
3169 4553 3379 4620 saeculi,
3433 4553 3486 4604 et
3522 4547 3738 4632 ingrtiis”

2209 4652 2342 4707 solis
2372 4628 2431 4704 in
2480 4628 2761 4704 Arietem.
2795 4647 2889 4702 His
2926 4647 3008 4700 ita
3036 4646 3097 4700 in
3126 4644 3365 4700 veritate
3401 4628 3741 4694 constantibus,

2209 4739 2353 4796 feria
2386 4756 2442 4805 v,
2467 4738 2524 4792 id
2545 4741 2630 4793 est
2645 4754 2698 4791 x1
2729 4735 2973 4791 Kalend.
2992 4733 3206 4806 Aprilis
3221 4730 3395 4787 creati
3413 4727 3532 4783 sunt
3549 4721 3691 4806 pisces
3703 4712 3744 4765 ει

2211 4843 2370 4895 aves;
2403 4804 2548 4881 feria
2574 4829 2772 4881 autem
2803 4841 2881 4892 vx,
2913 4823 2972 4879 id
3003 4804 3089 4878 est
3117 4839 3151 4876 x
3188 4818 3428 4875 Kalend.
3458 4804 3744 4895 Aprilis,_fac‘

2209 4922 2298 4972 tus
2319 4891 2403 4973 est
2431 4915 2632 4978 homo,
2662 4916 2720 4968 et
2749 4891 3031 4985 producta
3079 4913 3165 4966 est
3204 4909 3276 4964 de
3327 4909 3492 4962 latere
3518 4899 3619 4970 ejus
3642 4891 3742 4945 Eva.

2208 5008 2276 5061 Et
2328 5005 2425 5060 ubi
2499 5001 2868 5070 auctoratius,
2942 4999 3042 5055 ubi
3110 4997 3357 5053 sanctius
3424 5007 3520 5064 per
3566 4990 3743 5040 crucem

2211 5094 2413 5151 Christi
2462 5093 2850 5148 redimeretur
2896 5091 3098 5156 homo,
3145 5091 3204 5142 et
3252 5087 3323 5140 de
3366 5077 3744 5162 sanguinerplfo‘

2207 5183 2408 5243 ﬂuenti
2459 5200 2490 5238 e
2563 5184 2742 5236 latere
2808 5179 3017 5235 Christi
3088 5176 3468 5249 baptizaretur
3536 5161 3742 5253 Ecclesia:

2207 5241 2384 5348 quam
2415 5273 2473 5327 in
2505 5272 2626 5343 ipso
2654 5270 2745 5325 die
2795 5271 2853 5323 et
2879 5268 3086 5323 eodem
3133 5241 3746 5348 Kalendariqilit‘sicult

2206 5325 2750 5432 Deus—aboperibus
2779 5357 2892 5412 suis
2915 5353 3198 5429 requievit
3224 5353 3284 5407 in
3335 5350 3422 5405 die
3453 5341 3681 5432 Sabbato.
3703 5325 3743 5432 id

2206 5455 2292 5508 est
2318 5468 2433 5504 vuu
2476 5424 2599 5503 Kal.
2645 5445 2848 5518 April.,
2903 5424 3085 5498 ita—et
3128 5440 3378 5496 Christus
3420 5424 3739 5523 insepulti”:

2206 5540 2485 5598 Successit
2511 5535 2961 5595 Resurrectionis
2982 5535 3103 5608 ejus
3133 5531 3256 5588 dies
3288 5521 3588 5608 Dominicaf
3680 5506 3741 5563 θείη

2202 5645 2302 5687 vni
2329 5627 2574 5688 Kalend.
2582 5626 2764 5703 April.
2773 5641 2934 5701 ,quae
2947 5605 3066 5682 non
3078 5620 3268 5680 solum
3283 5615 3489 5692 prima,
3506 5605 3594 5666 sed
3603 5605 3741 5659 etiam
