3892 6214
180 515 320 592 1137

270 654 445 726 Ijegia
473 655 682 726 ditatur
697 669 798 725 per
825 669 926 721 me,
959 650 1130 726 Capri
1155 669 1304 726 mons
1331 653 1608 725 spoliatur.

277 723 392 778 Hic
421 728 553 793 ruit,
585 723 928 794 hac'surgit;
976 723 1157 780 monet
1202 723 1366 791 Μιθρῇ
1392 741 1672 796 nunquam
1720 723 1806 778 ille

1385 799 1658 867 [resurgit.

266 903 488 958 Urbem
543 903 754 958 deinde
786 919 953 956 muro
985 901 1402 968 circumcinxit,
1453 905 1511 956 et
1552 899 1805 956 aediﬁciis

183 990 554 1058 honestavit;
586 990 872 1060 majorem
909 989 1229 1054 ecclesiam,
1275 991 1554 1044 vetustate
1584 992 1641 1043 et
1667 1005 1802 1060 ope-

183 1079 267 1134 ris
292 1078 635 1134 inﬁrmitate
677 1077 749 1132 ad
783 1079 1005 1149 lapsum
1055 1076 1464 1143 declinantem,
1516 1094 1550 1130 a
1601 1076 1805 1131 funda-

183 1167 407 1224 mentis
423 1166 740 1232 renovavit,
775 1170 832 1220 et
865 1165 1182 1237 ampliavit,
1212 1165 1620 1237 ditissimisque
1638 1181 1805 1219 orna-

184 1257 412 1312 mentis
428 1255 740 1322 decoravit;
761 1257 1071 1310 claustrum
1083 1253 1595 1321 ,domos,ofﬁcinas
1611 1257 1668 1307 et
1682 1253 1805 1324 epi-

183 1347 425 1418 scopale
448 1343 727 1418 palatium
758 1344 828 1398 de
853 1360 1004 1398 novo
1031 1343 1382 1410 construxit;
1413 1342 1663 1413 plurima
1693 1342 1804 1396 alia

178 1435 417 1506 templa
435 1448 898 1505 quaquaversum
913 1432 972 1486 in
988 1433 1130 1486 urbe
1147 1431 1344 1498 erexit;
1360 1435 1571 1503 etquot
1586 1431 1805 1502 templa

182 1525 275 1576 tot
295 1537 461 1576 arces
487 1521 905 1575 munitissimas
925 1519 1205 1586 condidit,
1230 1520 1420 1590 sicque
1458 1519 1804 1572 tutissimam

182 1611 266 1665 ab
295 1609 564 1665 hostibus
585 1609 836 1664 reddidit
861 1608 1183 1676 civitatem;
1218 1607 1351 1663 hinc
1383 1608 1478 1663 illa
1498 1607 1758 1662 carmina
1788 1623 1800 1661 :

262 1715 461 1785 Legio,
505 1714 613 1784 lege
628 1715 814 1786 ﬁgam
833 1732 954 1786 cum
974 1714 1214 1786 prelatis
1242 1714 1349 1768 sibi
1366 1713 1517 1786 leges,

268 1784 580 1856 Netgerum
610 1784 843 1853 Christo,
865 1784 1103 1856 Notgero
1139 1794 1328 1842 catera
1361 1785 1537 1841 debes.

259 1895 378 1948 Nec
399 1894 540 1948 urbe
572 1909 629 1948 se
661 1893 846 1947 tenuit
893 1892 1160 1948 antistitis
1220 1893 1649 1960 munificentia,
1684 1908 1804 1948 sese

1494 531 1768 588 ΝΟΤΙΤΙΑ
1818 530 2200 589 HISTORICA.

1827 657 1882 716 A
1908 653 2217 710 scientiam
2251 653 2713 709 disseminarint:
2739 653 2891 709 inter
2911 652 3016 710 hos
3045 658 3308 712 recenset
3325 656 3520 711 Ansel-

3382 541 3516 594 H38

1906 759 2034 797 mus
2065 743 2390 810 Otbertum,
2411 742 2769 809 Huboldum,
2798 743 3157 810 Durandum,
3188 744 3514 810 Wasonem,

1907 831 2293 895 Rothardum,
2327 831 2786 898 Erluinum,etc.,
2807 831 2904 903 qui
2927 832 3110 886 varias
3138 833 3408 888 Ecclesias
3429 833 3516 886 vel

1906 919 2170 974 docendo
2202 921 2581 988 illustrarunt,
2611 921 2697 974 vel
2730 923 2792 973 ut
2818 921 3070 993 episcopi
3094 923 3512 993 gubernarunt.

1977 1008 2264 1063 Monachis
2315 1025 2544 1081 quoque
2605 1007 2817 1080 ubique
2876 1009 3032 1065 favit.
3081 1010 3518 1065 Gemblacenses

1908 1097 2051 1153 adeo
2084 1097 2244 1165 fovit,
2271 1099 2334 1152 ut
2357 1115 2492 1153 eum
2521 1097 2580 1152 in
2615 1101 2843 1169 patrem
2883 1099 2941 1152 et
2971 1098 3277 1154 dominum
3322 1100 3513 1170 elege-

1907 1186 2046 1240 rint.
2091 1188 2424 1252 (ANSELMUS,
2456 1203 2590 1258 pag.
2622 1186 2772 1258 206),
2825 1185 3018 1258 sicque
3076 1189 3516 1260 superveniente

1905 1275 2192 1348 imperiali
2213 1275 2574 1343 auctoritate,
2604 1275 3027 1329 Gemblacensis
3059 1276 3289 1331 abbatia
3319 1277 3512 1331 Eccle-

1903 1364 2000 1418 siae
2032 1363 2329 1418 Leodiensi
2361 1363 2546 1418 cessit.
2604 1363 2819 1418 Laubio
2868 1364 3118 1418 restituit
3171 1364 3507 1420 Fulcuinum

1905 1469 2022 1508 non
2053 1468 2231 1524 parvo
2268 1452 2350 1506 rei
2381 1451 2731 1507 monastices
2760 1451 3143 1520 incremento,
3164 1453 3330 1525 eique
3359 1469 3511 1507 mor-

1904 1545 2004 1595 tuo
2030 1540 2252 1595 suffecit
2301 1541 2660 1612 Herigerum,
2691 1540 2879 1596 virum
2911 1544 2968 1595 et
2998 1528 3212 1614 pietate
3239 1545 3297 1596 et
3331 1543 3516 1598 scien-

1901 1629 1985 1683 tia
2015 1628 2432 1700 percelebrem.

1977 1718 2110 1788 Ejus
2143 1718 2429 1790 sapientia
2469 1719 2800 1791 reipublicae
2833 1722 2891 1774 et
2935 1720 3222 1792 imperiali
3249 1720 3516 1793 dignitati

1905 1807 2164 1877 perutilis
2195 1806 2427 1862 exstitit.
2450 1807 2662 1862 Othoni
2691 1809 2736 1861 Il
2766 1808 2875 1862 fuit
2896 1808 3280 1875 charissimus,
3314 1815 3370 1864 et
3392 1810 3517 1865 fere

1905 1911 2138 1968 semper
2162 1912 2195 1949 a
2227 1895 2581 1950 consiliis.Eo
2598 1899 2826 1968 mortuo
2849 1897 3118 1951 suffectus
3140 1900 3226 1952 est
3255 1898 3401 1953 Otho
3423 1901 3514 1966 Ill,

179 1984 345 2038 foras
383 1981 621 2048 exeruit,
651 1986 707 2036 et
728 1983 840 2036 late
873 1980 1169 2037 dioecesim
1203 1998 1321 2036 non
1349 1982 1648 2036 exornavit
1678 1987 1802 2036 tan-
1830 1971 1882 2034 Β
1907 2000 2062 2038 anno
2093 1984 2220 2038 vitae
2249 1983 2578 2052 undecimo,
2613 1987 2672 2038 et
2701 1984 2839 2038 dum
2873 2001 3054 2056 regno
3080 1988 3513 2053 maturesceret,

181 2075 342 2138 tum,
374 2071 475 2126 sed
504 2073 562 2126 et
592 2069 1339 2125 communivit.Fossensem
1352 2069 1651 2124 ecclesiam
1675 2085 1806 2124 con-

179 2158 550 2230 didit,inquit
571 2158 849 2230 ngidius,
874 2161 931 2212 et
952 2157 1011 2212 in
1031 2158 1455 2225 defensionem,
1497 2174 1664 2212 muro
1683 2161 1804 2212 tur-

177 2249 464 2320 ribusque
483 2247 840 2302 validissimis
870 2246 1282 2302 circumcinxit.
1324 2245 1675 2301 Thudinium
1707 2262 1805 2300 seu

173 2337 434 2392 Tuinum
450 2337 652 2391 urbem
675 2335 1257 2408 condiditﬁrmisque
1276 2334 1806 2406 munivitoperibus

178 2427 240 2480 in
265 2427 396 2481 loco
423 2427 632 2480 natura
663 2423 995 2496 praevalido,
1017 2428 1073 2479 et
1102 2441 1168 2479 ex
1208 2425 1368 2479 omni
1399 2424 1686 2497 fereparte
1713 2441 1806 2480 ar-

178 2514 319 2569 duo.
337 2513 702 2570 Mechliniam
713 2531 745 2568 a
762 2512 1134 2568 Nortmannis
1147 2516 1425 2568 vastatam
1443 2515 1802 2580 restauravit,

173 2603 490 2674 collegium
517 2602 821 2658 duodecim
846 2601 1057 2658 canoni
1076 2618 1278 2656 eorum
1300 2602 1577 2669 condidit,
1609 2603 1805 2660 addita

173 2691 477 2763 praepositi
503 2691 804 2763 dignitate.
837 2691 1194 2747 Comitatum
1224 2691 1472 2762 denique
1495 2691 1802 2748 Hoiensem

175 2780 500 2853 acquisivit,
535 2781 698 2835 illum
724 2779 1000 2835 Ansfrido
1041 2781 1097 2835 S.
1134 2780 1440 2834 Lamberto
1495 2781 1798 2852 largiente.

248 2870 364 2923 Nec
412 2868 666 2923 ecclesiae
699 2886 815 2924 suae
849 2868 1196 2939 temporalia
1225 2869 1525 2931 duntaxat,
1553 2869 1653 2924 sed
1683 2870 1796 2940 spi-

177 2958 413 3013 ritualia
451 2975 704 3030 quoque,
729 2961 786 3013 et
817 2958 1046 3030 quidem
1072 2957 1384 3029 praecipue,
1417 2958 1634 3013 curavit
1661 2959 1794 3014 Not-

177 3063 373 3118 gerus.
419 3047 694 3120 Exemplo
727 3047 1076 3119 praedicabat
1128 3050 1187 3101 et
1213 3047 1408 3101 verbo.
1442 3048 1521 3101 De
1541 3062 1608 3101 eo
1638 3045 1792 3117 Egi-

177 3135 306 3189 dius
336 3151 466 3206 cap.
495 3139 563 3189 57
587 3153 598 3189 :
629 3158 657 3184 «
696 3136 830 3190 Erat
854 3134 1200 3207 pauperibus
1223 3133 1395 3199 mitis,
1418 3133 1679 3205 superbis
1705 3133 1788 3189 di-

1905 2074 2172 2144 puerltiaa
2206 2077 2530 2146 praeceptor
2559 2091 2593 2129 a
2617 2073 2941 2130 Germaniae
2962 2074 3317 2146 principibus
3357 2075 3515 2130 dele-

1908 2165 2030 2217 ctus
2051 2166 2155 2218 est.
2189 2162 2500 2218 Henricum
2543 2177 2931 2217 successorem
2972 2179 3073 2217 sua
3128 2162 3188 2216 in
3241 2163 3513 2236 conjugio

1907 2251 2272 2307 continentia
2325 2251 2845 2306 celebratissimum
2891 2251 3040 2322 juvit
3083 2251 3140 2306 in
3164 2251 3422 2324 pluribus
3449 2269 3515 2306 ac

1906 2340 2191 2411 praecipue
2243 2340 2303 2394 in
2356 2340 2506 2394 bello
2539 2339 2810 2394 adversus
2842 2339 3187 2394 Balduinum
3233 2340 3513 2396 Flandriw

1906 2428 2216 2496 comitem;
2248 2445 2380 2483 cum
2405 2428 2562 2483 enim
2585 2428 2952 2482 Valentianas
2975 2429 3046 2482 ab
3067 2429 3177 2483 hoc
3207 2431 3515 2500 occupatas

1905 2517 2066 2572 irrito
2093 2521 2304 2572 conatu
2336 2517 2627 2572 obsideret
2657 2516 2996 2588 imperator,
3030 2517 3089 2571 in
3122 2518 3424 2573 consilium
3456 2522 3516 2574 et

1904 2605 2177 2660 auxilium
2209 2606 2515 2660 advocatus
2545 2607 2848 2676 Notgerus,
2885 2610 2946 2659 ut
2979 2607 3154 2676 longo
3185 2623 3382 2660 rerum
3410 2624 3514 2661 usu

1902 2694 2211 2758 valebat,in
2226 2694 2456 2750 Flandri
2479 2694 2763 2750 ditionem
2781 2695 2996 2749 bellum
3020 2695 3392 2750 inferendum
3423 2711 3516 2750 as-

1902 2783 2345 2839 seruit.Secutus
2367 2784 2673 2838 consilium
2697 2783 2971 2838 Henricus
2995 2783 3055 2838 in
3087 2784 3416 2839 Flandriam
3438 2784 3512 2838 si-

1899 2889 2014 2944 gna
2043 2872 2243 2939 movit,
2279 2873 2478 2927 omnia
2495 2872 3236 2944 depopulatus.Gandavum
3258 2872 3514 2928 obsidio-

1897 2978 1969 3016 ne
2001 2961 2195 3028 cinxit,
2225 2965 2347 3016 tam
2373 2961 2523 3016 felici
2550 2965 2779 3029 eventu,
2812 2963 2872 3014 ut
2897 2977 3098 3031 pacem
3125 2961 3376 3033 petierit,
3404 2962 3512 3018 Va-

1895 3049 2176 3104 lentianas
2204 3048 2537 3114 restituerit,
2571 3053 2629 3103 et
2649 3048 2707 3103 in
2733 3049 2908 3103 ﬁdem
2939 3066 3002 3104 ac
3032 3049 3288 3104 officium
3318 3049 3512 3105 redie-

1889 3137 1965 3191 rit
1987 3137 2316 3192 Balduinus.
2354 3136 2501 3191 Hinc
2528 3136 2772 3190 minime
2804 3137 3018 3191 mirum
3076 3137 3120 3191 si
3162 3133 3412 3209 plurima
3437 3139 3510 3193 ab

179 3223 390 3278 vitibus
419 3223 731 3292 terribilis;
758 3223 925 3278 bonis
955 3223 1278 3296 quibusque
1317 3222 1464 3277 lenis
1512 3239 1576 3276 ac
1628 3238 1788 3276 man-
1816 3255 1862 3318 Ο
1891 3223 1979 3277 his
2009 3223 2457 3294 imperatoribus
2488 3223 2774 3294 acceperit
2805 3224 3106 3278 beneﬁcia.
3136 3223 3283 3280 Otho
3313 3241 3510 3280 secun-

174 3315 393 3379 suetus,
417 3311 708 3384 iniquis:at
725 3311 1026 3368 malitiosis
1047 3311 1422 3379 metuendus;
1457 3311 1788 3382 potentibus
1823 3311 1862 3318 '
1889 3312 1993 3366 dus
2023 3312 2341 3385 imperator
2375 3313 2508 3367 dato
2531 3312 2583 3367 ei
2612 3313 2930 3383 diplomate
2955 3313 3237 3385 quidquid
3273 3314 3510 3385 Pipinus

170 3399 543 3462 venerabilis,
576 3400 963 3455 mediocribus
992 3400 1276 3466 amabilis,
1311 3397 1666 3454 admirabilis
1695 3415 1785 3452 sa-

172 3487 490 3560 pientibus;
523 3487 768 3543 indoctis
788 3488 1042 3543 eruditer
1057 3488 1556 3553 clementissimus,
1582 3503 1784 3542 senum

169 3593 234 3630 ac
255 3576 540 3632 debilium
561 3577 993 3632 sustentationis
1014 3577 1268 3643 baculus,
1277 3576 1557 3647 juvenum
1577 3579 1634 3630 et
1651 3575 1787 3630 ado-

167 3664 511 3719 lescentium
534 3669 833 3737 correptor
856 3665 1446 3720 studiosus.Providus
1464 3663 1523 3718 in
1548 3663 1782 3718 consilio

167 3754 600 3826 circonspectus
617 3753 676 3808 in
703 3754 1067 3817 facto,clarus
1087 3753 1145 3808 in
1166 3753 1414 3826 eloquio,
1438 3752 1783 3808 discretusin

161 3842 460 3897 silentio.)
487 3841 840 3898 Incredibilis
854 3845 977 3897 erat
989 3842 1036 3913 ej
1047 3859 1110 3896 us
1127 3841 1477 3914 eloquentia,
1501 3858 1614 3914 qua
1625 3840 1787 3914 quid-

163 3930 305 4002 quid
331 3934 556 3986 rectum
580 3947 645 3985 ac
665 3931 973 3985 honestum
995 3933 1081 3985 est
1095 3928 1785 4002 persuadebat,quidquid

161 4019 287 4073 vitii
331 4022 392 4074 et
424 4018 804 4092 turpitudinis
835 4020 1243 4086 insectabatur,
1285 4020 1531 4073 hazreses
1558 4018 1786 4072 fortiter

156 4107 539 4179 profligabat,
561 4123 918 4180 quamquam
937 4124 1064 4179 qua:
1085 4106 1302 4161 fuerint
1313 4123 1486 4161 nemo
1514 4105 1786 4176 prodide-

157 4194 274 4262 rit;
310 4196 492 4251 verbo
526 4196 718 4251 divino
751 4196 990 4250 rebelles
1022 4196 1390 4249 anathemate
1416 4193 1782 4265 percellebat,

154 4282 342 4355 idque
372 4301 660 4356 nusquam
694 4285 1002 4351 incassum,
1041 4288 1103 4338 ut
1132 4287 1342 4338 notant
1370 4286 1646 4339 auctores.

232 4373 357 4428 Sed
387 4373 524 4446 quia
548 4390 676 4446 spes
723 4373 984 4429 Ecclesiae
1028 4373 1320 4446 praecipua
1369 4372 1430 4426 in
1482 4372 1785 4442 juventute

154 4462 674 4529 cnnsistit,mirum
690 4479 804 4534 qua
821 4479 979 4529 cura,
1011 4479 1124 4533 quo
1140 4461 1347 4516 ardore
1362 4477 1466 4533 pro
1480 4459 1629 4514 illius
1647 4461 1784 4516 edu-

152 4551 396 4606 catione
415 4551 804 4618 laboravit,illi
825 4550 1220 4606 moderatores
1235 4549 1485 4622 undique
1502 4550 1786 4622 conquisi-

150 4639 602 4705 vit,litterarum
622 4639 980 4711 cognitione,
1004 4638 1303 4710 diligentia
1316 4644 1374 4694 et
1386 4655 1616 4694 morum
1635 4639 1784 4693 inte-

150 4729 376 4797 gritate
407 4727 769 4799 conspicuos.
811 4727 990 4781 Factis
1011 4727 1576 4782 etcohortationibus
1604 4727 1785 4799 magi-

149 4818 419 4871 strorum
451 4820 510 4872 et
540 4815 953 4886 discipulorum
985 4815 1211 4870 animos
1233 4816 1604 4884 accendebat,
1636 4817 1784 4871 difﬁ-

146 4903 390 4958 ciliores
416 4904 727 4975 theologus
788 4903 1137 4974 quastiones
1191 4919 1322 4959 cum
1362 4905 1472 4958 illis
1503 4921 1622 4960 non
1646 4921 1778 4960 raro

148 4992 442 5048 discusses
469 4993 828 5048 deﬁniebat:
867 4993 970 5047 hos
1000 4991 1307 5065 propositis
1350 5009 1453 5064 pro
1504 4994 1778 5066 cujusque

146 5085 331 5154 captu
363 5081 647 5148 materiis,
688 5083 773 5136 vel
825 5081 1091 5136 enodatis
1127 5083 1297 5152 paulo
1330 5082 1774 5147 obscurioribus,

148 5171 506 5240 instruebat;
531 5173 602 5227 ab
621 5171 730 5225 illis
751 5171 835 5225 vix
855 5173 1085 5242 poterat
1098 5169 1282 5236 evelli,
1315 5169 1459 5224 adeo
1476 5174 1536 5224 ut
1560 5171 1701 5225 dum
1717 5171 1777 5225 in

150 5257 249 5313 via
265 5258 759 5331 pergeret,inquit
776 5259 1303 5324 Anselmus,secum
1319 5257 1541 5312 scholas
1553 5258 1776 5313 schola-

147 5365 367 5420 resque
383 5349 997 5415 circumduceret,cum
1021 5345 1773 5416 omnilibrariasupellectili

148 5441 210 5493 et
231 5437 552 5510 praeposito
575 5437 1186 5509 doctissimo.Dignam
1203 5435 1471 5508 episcopo
1485 5441 1772 5499 curam,et

150 5527 323 5581 miris
343 5527 699 5581 cumulatam
722 5526 1017 5581 fructibus!
1040 5527 1115 5580 Ex
1131 5526 1178 5596 ej
1192 5525 1416 5580 usmodi
1430 5525 1641 5596 quippe
1655 5525 1768 5579 dis-

149 5615 372 5688 ciplina
404 5630 612 5668 omnes
641 5616 820 5669 tantae
844 5614 1104 5670 dimcesis
1126 5613 1316 5668 clerici
1345 5613 1631 5668 doctiores
1645 5631 1774 5669 eva-

148 5707 444 5770 serunt,et
466 5720 585 5759 non
608 5704 1072 5776 paucireligione
1100 5701 1496 5776 sapientiaque
1528 5703 1672 5758 adeo
1706 5704 1772 5758 il-

147 5797 372 5852 lustres
399 5791 766 5866 prodierunt,
822 5797 886 5848 ut
924 5794 1096 5866 longe
1128 5792 1354 5864 lateque
1394 5792 1670 5865 pietatem
1717 5799 1775 5851 et

1888 3400 2121 3456 Carolus
2135 3401 2578 3467 M.,Ludovicus,
2605 3400 2816 3472 aliique
2837 3401 2910 3454 ad
2939 3401 3127 3470 ipsum
3143 3418 3321 3473 usque
3352 3402 3509 3474 prin-

1885 3489 2058 3560 cipes,
2097 3489 2359 3543 Ecclesiae
2392 3487 2692 3542 Leodiensi
2723 3487 3037 3553 donarunt,
3060 3505 3125 3542 ac
3157 3489 3507 3567 nominatim

1886 3577 2116 3643 Hoium,
2165 3577 2381 3643 Fossas,
2432 3576 2696 3645 Lobium,
2726 3576 3007 3646 Tungros,
3027 3576 3508 3642 Mechliniam,ra‘

1883 3669 2009 3720 tum
2053 3682 2173 3720 esse
2219 3663 2408 3736 jussit.
2440 3666 2650 3719 Datum
2693 3663 2943 3718 refertur
2968 3676 3084 3718 vm
3115 3662 3243 3716 ldus
3268 3663 3501 3720 Ianuar.

1887 3770 2040 3810 anno
2066 3757 2232 3810 Dom.
2271 3754 2564 3808 lncarnat.
2599 3755 2694 3809 981
2729 3753 2903 3823 (juxta
2954 3751 3268 3806 hodiernum
3288 3768 3500 3822 compu-

1886 3843 2043 3896 tandi
2077 3840 2339 3915 modum),
2373 3841 2538 3912 regni
2585 3839 2823 3896 Othonis
2853 3840 2922 3907 ll,
2945 3856 3063 3905 xix;
3105 3837 3334 3910 imperii
3363 3855 3498 3893 vero

1886 3947 2022 3996 xm,
2056 3931 2357 3987 indict.v1.
2376 3930 2488 3984 Sed
2515 3932 2785 3985 errarunt
2813 3928 2869 3982 in
2902 3928 3053 3983 notis
3078 3927 3501 3999 chronologicis

1886 4019 2122 4087 librarii,
2151 4021 2578 4092 legendumque
2608 4035 2762 4074 anno
2793 4017 2917 4086 990,
2975 4017 3097 4076 ind.
3135 4032 3272 4072 vm.
3301 4017 3499 4072 Simile

1887 4106 1958 4160 ab
1991 4106 2215 4162 Othone
2249 4110 2317 4161 ΙΙΙ
2337 4108 2608 4174 obtinuit,
2645 4125 2758 4180 quo
2807 4111 3018 4178 praeter
3039 4107 3164 4177 jam
3193 4123 3500 4161 enumera-

1889 4196 1964 4260 ta,
2022 4196 2550 4266 Brunengerusium
2630 4197 2994 4262 comitatum,
3052 4194 3379 4266 Traiectum
3438 4201 3500 4252 et

1885 4282 2360 4338 Gemblacensem
2392 4284 2684 4339 abbatiam
2707 4284 2766 4339 in
2797 4285 3081 4340 ditionem
3111 4285 3491 4341 Leodiensem

1887 4371 2263 4444 transcripsit.
2283 4373 2493 4426 Datum
2511 4389 2683 4443 porro
2699 4373 2905 4428 dicitur
2917 4373 3200 4429 anno994.
3236 4375 3495 4446 Denique

1887 4477 2040 4514 anno
2067 4461 2200 4515 1006
2222 4461 2541 4516 abHenrico
2566 4461 3138 4518 Othonissuccessore
3153 4463 3496 4529 obtinuii,ut

1887 4565 2245 4621 quaecunque
2258 4549 2617 4604 Leodicensis
2641 4552 2889 4607 Ecclesia
2907 4549 3267 4621 superiorum
3287 4567 3494 4622 regum

1886 4636 2272 4691 beneficentia
2285 4637 2857 4707 possidebat,auctori
2872 4641 2983 4692 tate
3002 4653 3104 4691 sua
3120 4639 3496 4694 confirmaret

1957 4724 2309 4780 Charitatem
2341 4729 2398 4780 et
2424 4726 2870 4782 beneficentiam
2909 4726 2980 4780 ad
3010 4729 3269 4780 mortuos
3288 4731 3494 4782 exten-

1883 4813 1985 4867 dit.
2017 4814 2160 4868 Cum
2190 4814 2347 4869 enim
2376 4814 2435 4870 S.
2460 4814 2622 4870 Odilo
2648 4815 2707 4869 in
2735 4815 2998 4870 universa
3029 4813 3491 4870 Cluniacensium

1881 4903 2334 4974 congregatione
2400 4903 2807 4959 defunctorum
2865 4901 3490 4958 commemorationem

1881 4991 2243 5059 instituisset,
2305 4992 2467 5048 avide
2496 4993 2745 5063 suscepit
2803 4991 3132 5044 institutum
3180 4993 3238 5045 et
3295 4989 3354 5044 in
3390 5008 3492 5047 sua

1881 5080 2198 5147 diaecesi,ut
2212 5081 2323 5134 fert
2343 5081 2466 5151 ejus
2489 5079 3175 5146 traditio,observandum
3190 5081 3485 5152 przecepit.

1952 5168 2100 5231 Quid
2115 5168 2185 5222 de
2207 5168 2523 5223 Landoaldi
2555 5173 2612 5222 et
2635 5167 2888 5222 Amantii
2911 5167 3214 5222 sanctitate
3237 5170 3293 5222 et
3319 5167 3490 5222 mira-

1879 5257 2019 5311 culis
2048 5257 2286 5311 resciret
2332 5260 2568 5328 rogatus
2598 5259 2660 5310 ut
2696 5255 2902 5310 litteris
2931 5257 3197 5311 mandari
3234 5261 3487 5324 curaret,

1875 5345 2042 5416 jussit
2062 5345 2414 5415 Herigerum
2430 5344 2804 5399 Laubiensem
2822 5345 3175 5400 monachum
3189 5363 3316 5401 rem
3337 5363 3492 5401 exse-

1882 5434 1999 5506 qui,
2031 5433 2267 5504 ejusque
2288 5433 2448 5504 operi
2473 5432 2756 5504 praemisit
2777 5432 3082 5504 epistolam
3113 5451 3214 5490 suo
3245 5435 3487 5490 nomine

1881 5523 2150 5576 Womaro
2196 5521 2511 5576 venerabili
2561 5522 2620 5576 in
2653 5521 2873 5577 Christo
2902 5520 3052 5594 patri
3104 5527 3162 5578 et
3210 5523 3485 5580 fratribus

1881 5608 2349 5665 Gandavensibus
2362 5610 2580 5667 datam.
2596 5612 2862 5684 Hincque
2875 5610 3143 5668 effectum
3157 5614 3488 5669 estutAdal-

1876 5704 2014 5758 bero
2058 5701 2324 5771 Remens,
2369 5703 2828 5778 archiepiscopus
2873 5706 3205 5760 sanctorum
3246 5704 3487 5760 illorum

1874 5791 2144 5865 reliquias
2158 5792 2791 5867 exponipermiserit,et
2811 5796 3028 5856 cultum
3048 5794 3342 5867 publicum
3365 5807 3491 5848 san-
