3892 6214
431 479 570 533 1139

1551 469 1849 530 NOTGERI
1877 469 2280 534 LEODJENSIS
2310 468 2624 528 EPISCOPI

3619 469 3752 528 1H0

433 595 600 652 xerit.
624 594 792 650 Anno
823 594 925 648 995
951 589 1103 648 sedit
1129 589 1190 646 in
1219 587 1464 646 concilio
1485 589 1829 646 Mosomensi
1861 607 1911 646 ιν
1932 591 2039 648 No-
2061 595 2114 656 Α
2139 590 2542 659 conﬁrmatur,
2599 589 2756 662 quod
2788 591 2975 646 totum
3009 605 3230 646 annum
3264 593 3398 648 1007
3431 590 3751 647 decurrisse

431 703 537 742 uas
562 683 735 752 Junii,
765 683 864 739 ubi
889 681 1108 753 agitata
1139 684 1224 738 est
1249 696 1420 736 causa
1471 679 1762 751 Arnulphi
1816 697 1848 736 e
1902 681 2038 742 sede

431 773 702 832 Remensi
731 772 958 843 deiecti,
992 775 1050 826 et
1069 770 1328 827 Gerberti
1360 770 1420 826 in
1448 769 1569 840 ejus
1599 770 1790 826 locum
1833 771 2034 826 subro-

429 865 570 938 gati.
596 863 734 918 Vide
755 866 796 919 t.
819 863 900 918 IX
919 878 1083 918 conc.
1104 860 1334 916 Labbei.
1351 860 1567 916 Eodem
1594 877 1748 916 anno
1765 859 1826 914 in
1843 861 2036 916 locum

429 951 722 1010 demortui
779 949 1019 1007 Botardi
1076 949 1370 1004 Camerac.
1422 947 1675 1022 episcopi
1737 947 2036 1004 Erluinum

429 1041 656 1098 Leodic.
689 1039 950 1095 Ecclesiae
982 1035 1451 1093 archidiaconum
1493 1036 1823 1109 promoveri
1870 1053 2034 1092 cura-

426 1129 526 1198 vit,
562 1129 734 1202 idque
758 1143 938 1200 Opera
959 1124 1242 1186 Mathildis
1292 1125 1424 1182 filiae
1478 1125 1720 1181 Othonis
1746 1124 2036 1190 Quindeli-

427 1219 730 1292 burgensis
753 1215 1078 1272 abbatissae.
1105 1213 1304 1270 Adfuit
1333 1217 1389 1268 et
1418 1215 1638 1286 synodo
1673 1215 2030 1269 Francofort.

427 1309 520 1362 ad.
560 1309 718 1372 1006,
749 1304 844 1360 ubi
877 1303 937 1360 S.
970 1302 1246 1359 Henricus
1273 1301 1594 1375 imperator
1622 1319 1727 1374 pro
1757 1302 2035 1374 erigenda

426 1393 836 1467 Bambergensi
878 1391 1126 1447 Ecclesia
1153 1391 1212 1446 in
1244 1391 1630 1464 episcopalem
1675 1390 2031 1462 supplicavit.

424 1485 592 1538 Anno
630 1484 762 1538 1007
816 1479 937 1550 ejus
965 1482 1175 1550 rogatu
1239 1479 1512 1535 Henricus
1564 1477 1898 1536 Germanias
1932 1497 2033 1534 rex

425 1570 714 1627 benefacit
739 1569 1063 1624 Thornensi
1101 1567 1382 1624 nobilium
1413 1567 1826 1623 canonicarum
1857 1569 2030 1624 colle-

425 1661 520 1731 gio
543 1658 701 1730 (Mz'r.
731 1663 844 1712 not.
876 1674 926 1712 c.
953 1657 1066 1727 78).

495 1746 754 1819 Denique
789 1744 977 1812 annis,
1007 1743 1232 1800 meritis
1261 1746 1319 1798 et
1352 1743 1537 1816 gloria
1560 1745 1788 1816 plenus,
1821 1745 2030 1800 exactis

424 1835 484 1890 in
505 1835 787 1907 regimine
811 1837 878 1888 36
901 1833 1086 1901 annis,
1114 1833 1188 1888 ad
1210 1832 1498 1888 Christum
1533 1833 1792 1901 evolavit,
1819 1850 1871 1888 1v
1901 1833 2030 1888 Idus

2136 681 2418 737 videatur.
2442 679 2499 735 S.
2531 679 2691 735 enim
2722 679 3000 735 Henricus
3023 679 3342 753 imperator
3365 679 3491 752 ejus
3518 679 3756 758 petitio-

2138 787 2211 824 ne
2236 769 2525 825 benefacit
2541 769 2866 824 Thornensi
2898 769 3143 839 collegio
3169 772 3462 840 praecepto
3523 769 3660 824 dato
3709 787 3748 824 ιι

2136 859 2326 913 Nonas
2352 857 2524 913 Junii.
2555 858 2774 912 Deinde
2821 857 3100 913 erectioni
3127 857 3572 929 Bambergensis
3598 857 3746 930 epis-

2136 951 2372 1020 copatus
2397 947 2731 1020 subscripsit
2780 947 2892 1002 hoc
2939 945 3060 1018 ipso
3122 962 3278 1002 anno
3325 946 3600 1002 Kalendis
3629 947 3746 1002 No-

2135 1035 2406 1104 vembris,
2433 1039 2496 1090 ut
2513 1035 2710 1090 videre
2742 1038 2828 1090 est
2861 1034 3017 1107 apud
3046 1035 3341 1090 Labbeum
3360 1038 3512 1090 tom.
3543 1035 3740 1099 IX,col.

2134 1125 2257 1178 785.
2290 1124 2564 1196 Adeoque
2595 1139 2715 1179 non
2736 1127 2870 1179 ante
2892 1123 2952 1177 in
2969 1125 3309 1196 sequentem
3335 1140 3557 1178 annum
3576 1141 3743 1180 men-

2133 1228 2192 1266 se
2225 1211 2400 1284 Aprili
2425 1212 2763 1268 demortuus
2800 1212 2914 1267 dici
2959 1215 3171 1283 potest.
3207 1212 3601 1268 Conﬁrmatur
3639 1213 3746 1268 de-

2134 1300 2308 1372 nique
2360 1301 2700 1356 auctoritate
2749 1301 3040 1356 Lamberti
3070 1301 3604 1373 Scafnaburgensis,
3647 1302 3744 1374 qui

2133 1389 2207 1444 ad
2237 1390 2392 1444 hunc
2420 1406 2642 1444 annum
2672 1389 2910 1462 Notgeri
2939 1389 3163 1446 obitum
3183 1390 3386 1456 refert,
3407 1393 3471 1444 ut
3485 1393 3546 1444 et
3561 1389 3742 1446 Chro-

2132 1477 2304 1533 nicon
2343 1479 2677 1546 Leodiense,
2711 1479 2887 1535 Labb.
2917 1479 3060 1536 Bibl.
3093 1495 3200 1533 ms.
3237 1483 3379 1534 tom.
3410 1477 3738 1551 l,pag.337.

2203 1569 2382 1622 Porro
2407 1568 2543 1640 quia
2563 1568 2686 1622 sine
2712 1568 2911 1623 dolore
2951 1585 3070 1622 non
3112 1567 3394 1622 amittitur
3422 1567 3580 1638 quod
3605 1583 3739 1622 cum

2129 1672 2330 1710 amore
2345 1656 3006 1728 possidetur,orbitatem
3024 1672 3186 1712 suam
3199 1655 3580 1727 deplorarunt
3609 1673 3740 1711 om-

2129 1760 2231 1798 nes
2253 1744 2427 1798 totius
2467 1744 2724 1800 diaaccsis
2773 1745 3027 1802 ordines.
3059 1745 3122 1799 In
3157 1745 3296 1799 urbe
3329 1744 3450 1799 dies
3477 1744 3738 1815 singulos

2127 1833 2233 1888 sibi
2267 1837 2637 1906 sumpserunt
2662 1833 2891 1905 singula
2919 1832 3334 1888 canonicorum
3383 1833 3629 1904 collegia
3676 1837 3741 1888 ut

421 1923 631 1996 Aprilis
675 1939 830 1978 anno
861 1921 1028 1987 1007;
1069 1922 1224 1988 1008,
1280 1920 1471 1993 inquit
1496 1921 1789 1988 Mabillon,
1815 1923 2028 1982 Annal.
2057 1918 2108 1980 Β
2128 1921 2277 1993 patri
2324 1922 2528 1992 patriae
2586 1925 2982 1993 parentarent,
3017 1938 3082 1976 ac
3111 1921 3350 1976 demum
3379 1920 3440 1975 in
3485 1921 3742 1976 Ecclesia

423 2013 799 2084 tom.lV,pag.
812 2013 908 2068 201
924 2009 1118 2082 ,idque
1136 2009 1479 2065 auctoritate
1497 2009 1788 2082 scriptoris
1803 2009 1944 2066 Vitae
1969 2011 2028 2066 S.

419 2099 758 2156 Theudorici
777 2097 1096 2171 Andagin,,
1114 2115 1214 2154 seu
1230 2097 1288 2152 S.
1305 2098 1541 2154 Huberti
1569 2098 1812 2163 abbatis,
1832 2098 2030 2171 quiip-

421 2190 536 2244 sius
560 2187 798 2260 aequalis
826 2187 956 2255 fuit,
987 2187 1201 2261 quique
1231 2189 1426 2242 ortum
1439 2187 1561 2258 ejus
1580 2187 1659 2242 sic
1677 2190 1842 2243 notat
1861 2207 1874 2244 :
1891 2187 2030 2242 «Na-

418 2280 510 2334 tus
529 2281 616 2333 est
635 2293 789 2334 anno
821 2278 1110 2331 Incarnat.
1135 2277 1302 2331 Dom.
1341 2279 1476 2332 1007
1502 2275 1855 2348 imperatore
1875 2276 2030 2348 apud

420 2369 713 2423 Romanos
760 2369 818 2420 et
873 2365 1200 2422 Germanos
1229 2363 1494 2432 Henrico,
1525 2381 1678 2420 anno
1710 2368 2026 2437 postquam

414 2455 635 2513 Juniori
649 2453 861 2510 Othoni
874 2456 1224 2508 successerat
1246 2455 1429 2520 sexto,
1443 2453 1788 2524 praesidente
1807 2452 1865 2509 in
1885 2455 2025 2510 Leo-

418 2543 602 2599 diensi
621 2543 754 2597 sede
767 2542 1040 2612 Notgero,
1051 2555 1278 2610 magna:
1291 2539 1607 2595 sanctitatis
1624 2543 1683 2594 et
1698 2541 2023 2612 prudentiae

416 2632 559 2697 viro,
605 2632 906 2700 postquam
927 2627 1225 2683 ordinatus
1235 2627 1424 2682 fuerat
1441 2628 1741 2700 episcopus
1763 2647 1919 2686 anno
1944 2648 2028 2686 se-

420 2719 604 2792 ptimo
633 2715 954 2788 trigesimo,
990 2719 1098 2773 etc.
1133 2737 1162 2765 »
1191 2717 1261 2771 Et
1294 2720 1356 2772 ut
1407 2718 1554 2772 alter
1610 2717 1790 2774 codex
1820 2719 1982 2774 addit
2012 2737 2026 2777 :

416 2807 744 2879 Priusquam
768 2806 884 2863 vita
906 2805 1170 2862 decederet
1194 2821 1335 2860 anno
1381 2823 1507 2862 uno.
1559 2805 1725 2872 Quod
1782 2810 1842 2863 et
1893 2807 2030 2863 inde

1275 3113 1872 3223 NOTITIA

2129 2010 2187 2066 S.
2215 2010 2472 2079 Joannis,
2505 2013 2570 2066 ut
2599 2028 2699 2067 suo
2739 2013 3090 2066 testamento
3143 2013 3432 2076 sanxerat,
3479 2011 3744 2081 sepultus

2129 2101 2214 2153 est
2240 2099 2313 2154 ad
2341 2101 2516 2153 Aram
2550 2100 2606 2154 S.
2637 2099 2854 2154 Hilarii.
2885 2099 2967 2153 De
2997 2099 3116 2165 illo,
3148 2101 3363 2170 praeter
3375 2098 3503 2169 jam
3524 2097 3742 2152 relatos

2126 2187 2465 2242 Anselmum
2493 2191 2551 2242 et
2581 2187 2897 2259 [Eg-imum,
2931 2186 3051 2258 agit
3080 2186 3382 2242 Albericus
3403 2185 3464 2240 in
3499 2185 3742 2241 Chroni-

2128 2290 2216 2330 co.
2251 2275 2521 2346 Ejusdem
2553 2275 2822 2332 meminit
2851 2275 3176 2331 Chronicon
3209 2275 3559 2330 Centulense
3583 2274 3622 2328 l.
3654 2290 3738 2340 ω,

2129 2380 2178 2418 c.
2206 2366 2293 2422 30.
2321 2364 2509 2418 Vitam
2535 2363 2595 2420 S.
2632 2363 2888 2420 Remacli
2927 2365 3138 2436 rogatu
3165 2361 3515 2417 Warinfredi
3559 2361 3737 2416 abba-

2127 2451 2200 2506 tis
2231 2452 2586 2508 Stabulensis
2621 2453 2967 2523 composuit,
2999 2455 3065 2507 ut
3096 2467 3211 2506 non
3235 2450 3376 2505 nulli
3407 2451 3634 2506 volunt.
3671 2453 3735 2506 ln

2126 2541 2311 2596 Marca
2342 2541 2664 2613 Hispanica,
2699 2557 2754 2612 p.
2789 2542 2914 2604 991:,
2948 2542 3196 2596 refertur
3225 2540 3552 2611 Notgerum
3579 2539 3740 2593 subs-

2125 2628 2388 2700 cripsisse
2417 2629 2620 2684 litteris
2641 2628 2933 2684 Benedicti
2965 2644 3130 2700 papa:
3160 2627 3275 2682 Vlll
3295 2643 3405 2700 pro
3447 2627 3743 2698 Urgellen-

2126 2717 2172 2772 si
2201 2717 2466 2784 Ecclesia,
2495 2717 2650 2790 quod
2681 2721 2832 2772 stare
2863 2715 3086 2790 nequit.

1999 3114 2876 3221 LITTERARIA

1146 3347 1409 3420 (FABRIC.,
1461 3345 1702 3404 Biblioth
1781 3345 1920 3402 med.
1972 3350 2024 3403 et
2073 3347 2179 3417 inf.
2227 3345 2378 3416 Lat.,
2425 3348 2568 3403 tom.
2618 3346 2681 3414 V,
2739 3362 2800 3417 p.
2861 3343 3010 3418 143.)

488 3565 796 3638 Notgerus,
825 3563 1178 3636 Nothegerus,
1210 3563 1679 3632 Notkerus,natus
1705 3563 1765 3617 in
1799 3561 2024 3632 Suevia,
2053 3568 2100 3628 C
2130 3563 2415 3636 ptembris
2439 3563 2542 3618 sub
2560 3561 2794 3634 Notgeri
2823 3563 3062 3619 nomine
3089 3567 3148 3620 et
3185 3564 3374 3621 Vitam
3393 3567 3461 3624 S.
3490 3569 3748 3636 Remacli,

418 3653 716 3726 episcopus
741 3651 1222 3726 quadragesimus
1273 3655 1463 3708 sextus
1510 3651 1582 3706 ab
1646 3667 1785 3705 ann.
1820 3654 1924 3706 972
1953 3651 2028 3706 ad

421 3743 560 3798 1008
591 3740 941 3808 Leodiensis,
973 3739 1126 3813 apud
1170 3740 1460 3796 Othonem
1499 3741 1571 3794 Ill
1591 3738 2028 3810 imperatorem,

418 3847 594 3904 quem
620 3829 967 3901 cognatione
999 3827 1350 3900 attingebat,
1379 3827 1686 3898 gratiosus,
1718 3827 1777 3882 in
1792 3827 2032 3898 epistola

417 3919 490 3974 ad
506 3916 920 3972 Werinfridum
933 3915 1205 3970 abbatem
1233 3915 1662 3983 Stabulensem,
1677 3916 1822 3972 Vitae
1839 3916 1904 3972 S.
1923 3915 2030 3971 Re-

415 4003 994 4076 maclz’,apndSurium
1009 4005 1039 4056 3
1061 4019 1118 4058 se
1123 4004 1473 4076 ptembr.,et
1493 4004 1672 4060 Gestis
1687 4005 2027 4077 pontificum

413 4090 860 4164 Tungrensium,
885 4091 1368 4162 Trajectensium,
1395 4093 1806 4150 Leodiensium
1827 4111 1862 4150 a
1881 4094 2027 4150 Cha-

415 4179 658 4254 peavillo
685 4183 1006 4250 praemissa,
1041 4179 1350 4252 proﬁtetur
1371 4198 1428 4236 se
1453 4199 1562 4236 non
1591 4183 1759 4254 hujus
1784 4182 2030 4238 Remaclz‘

416 4267 570 4322 modo
581 4267 730 4322 sedet
751 4275 1060 4322 cacterorum
1091 4286 1200 4324 sua:
1221 4269 1352 4324 sedi:
1366 4271 1688 4342 pontiﬁcum
1704 4278 1938 4342 tempora
1977 4277 2027 4326 et

411 4365 716 4428 gesta,quae
734 4355 1085 4430 undecunque
1100 4365 1324 4430 potuere
1355 4360 1590 4428 corradi,
1629 4360 1699 4414 ad
1728 4377 1826 4414 sua
1864 4377 2026 4430 usque

415 4452 650 4517 tempora
679 4443 966 4516 collegisse.
1000 4446 1168 4502 Gesta
1196 4449 1392 4502 autem
1423 4448 1522 4503 illa
1545 4447 1876 4520 primorum
1907 4447 2026 4517 epi-

413 4550 720 4606 scoporum
744 4551 912 4603 xxvu,
945 4551 1062 4592 non
1097 4536 1202 4591 sub
1231 4535 1465 4608 Notgeri
1494 4536 1593 4591 sed
1627 4537 1730 4592 sub
1762 4535 2026 4607 Harz'geri

411 4622 636 4677 abbatis
666 4622 960 4680 Lobiensis
981 4623 1220 4678 nomine
1247 4623 1402 4678 edita
1427 4629 1561 4679 sunt
1590 4641 1624 4680 a
1647 4625 1867 4680 Joanne
1882 4625 2022 4680 Cha-

408 4710 676 4784 peavillo,
710 4715 750 4766 t.
783 4715 804 4768 Ι
837 4712 1098 4784 Sylloges
1133 4728 1252 4766 sua:
1283 4712 1354 4766 de
1387 4712 1666 4784 episcopis
1688 4713 2022 4768 Leodiensi-

406 4801 532 4869 bus,
570 4802 726 4870 1612,
759 4802 815 4869 4,
839 4805 898 4855 et
929 4800 1203 4871 Harigero
1237 4801 1456 4856 auctori
1487 4801 1823 4858 tribuuntur
1863 4819 1895 4856 a
1931 4801 2020 4856 Si-

2131 3651 2386 3707 vicesimi
2409 3651 2639 3722 septimi
2672 3652 2744 3706 ab
2779 3668 2914 3707 ann.
2951 3655 3056 3708 650
3079 3653 3151 3708 ad
3183 3655 3287 3709 653
3330 3656 3591 3729 episcopi
3611 3659 3749 3714 Leo-

2133 3739 2363 3807 diensis,
2394 3745 2452 3796 et
2480 3741 2639 3796 libros
2667 3740 2804 3796 duos
2829 3741 2892 3794 de
2921 3741 3039 3811 eius
3067 3743 3365 3810 miraculis,
3407 3745 3472 3798 in
3506 3763 3750 3818 quorum

2129 3829 2381 3884 secundo
2413 3827 2833 3884 monasterium
2865 3827 3204 3884 Stabulense
3229 3847 3264 3884 a
3291 3833 3476 3888 Danis
3500 3835 3747 3889 ann.883

2130 3918 2494 3972 exustumita
2517 3917 2790 3985 refertur,
2827 3919 2888 3972 ut
2919 3920 3118 3972 auctor
3141 3917 3238 3972 illo
3272 3936 3332 3974 se
3367 3924 3578 3978 nuntio
3612 3939 3750 3978 con-

2128 4008 2448 4060 sternatum
2480 4007 2724 4060 testetur
2757 4022 2770 4059 :
2802 4004 2881 4062 Et
2898 4021 3015 4061 ecce
3037 4007 3314 4077 perfertur
3337 4008 3412 4063 ad
3437 4027 3536 4066 nos
3563 4013 3749 4066 tristis-

2126 4096 2308 4163 simus,
2341 4097 2450 4150 etc.
2487 4096 2684 4166 Itaque
2719 4093 3061 4166 antiquioris
3092 4095 3388 4167 scriptoris
3420 4100 3602 4154 verba
3627 4100 3745 4155 haec

2127 4185 2278 4251 sunt,
2313 4199 2500 4255 neque
2531 4186 2730 4238 tamen
2765 4183 2894 4239 ideo
2921 4183 2991 4238 de
3019 4184 3271 4256 Notgero
3293 4185 3494 4258 aliquo
3517 4189 3742 4244 seniore

2125 4273 2336 4327 horum
2362 4272 2645 4328 librorum
2677 4275 2912 4326 auctore
2944 4271 3344 4343 cogitandum.
3369 4274 3500 4330 Vita
3515 4276 3740 4332 S.Lan-

2125 4360 2307 4415 (ἰοαίάί
2345 4360 2824 4433 archipresbyteri
2852 4372 2981 4416 saec.
3006 4377 3104 4426 vn,
3137 4362 3390 4433 Botgani
3419 4366 3739 4420 sociorum-

2125 4466 2234 4522 que
2259 4449 2512 4504 Amantii
2573 4448 2822 4515 diaconi,
2869 4449 3110 4504 Adriani
3174 4452 3474 4522 martyris,
3507 4454 3738 4520 Juliani,

2123 4537 2410 4593 Vincianaa
2441 4540 2498 4592 et
2525 4537 2852 4592 Adeltrudis
2881 4538 3040 4592 libris
3070 4555 3131 4606 ιι,
3159 4538 3375 4610 scripta
3409 4541 3582 4612 jussu
3615 4543 3742 4598 Not-

2122 4626 2246 4698 geri
2277 4627 2348 4680 ab
2379 4625 2584 4680 eodem
2645 4625 2943 4697 Harigero,
3006 4628 3179 4698 atque
3228 4627 3491 4699 Notgero
3523 4630 3740 4685 auctori

2121 4714 2254 4770 inde
2283 4713 2520 4782 tributa,
2548 4715 2706 4784 cujus
2746 4715 2920 4768 etiam
2948 4713 3189 4784 epistola
3229 4733 3326 4770 an.
3367 4719 3474 4772 980
3507 4719 3578 4773 ad
3613 4719 3746 4772 Wo-

2123 4819 2353 4858 marum
2410 4803 2680 4858 abbatem
2731 4803 3091 4858 Gaudensem
3130 4802 3266 4858 data
3335 4808 3744 4876 praemittitur,

405 4889 671 4961 geberto,
699 4905 824 4963 cap.
859 4891 979 4944 138.
1015 4887 1336 4944 Verisimile
1384 4893 1583 4946 tamen
1628 4891 1856 4947 videtur
1899 4908 2016 4948 non
2039 4893 2091 4952 D
2123 4896 2306 4948 exstat
2337 4891 2490 4963 apud
2521 4891 2752 4946 Surium
2787 4894 2850 4946 19
2883 4890 3088 4959 Martii,
3121 4895 3178 4945 et
3227 4908 3365 4947 cum
3396 4894 3744 4951 Henscheuii

406 4977 698 5034 diversum
722 4996 866 5052 opus
880 4979 1054 5035 fuisse
1075 4979 1233 5052 quod
1253 4995 1286 5034 a
1312 4979 1562 5052 Notgero
1588 4985 1940 5054 susceptum,
1963 4985 2022 5038 et

404 5069 478 5122 ab
498 5067 774 5140 Harigero
804 5068 1036 5140 Notgeri
1056 5067 1242 5122 amico
1262 5067 1499 5142 aliisque
1513 5070 1640 5142 conj
1651 5073 1823 5125 uncta
1843 5087 2022 5144 opera

403 5156 726 5228 perfectum
755 5162 862 5226 est,
884 5162 946 5213 ut
966 5174 1084 5212 non
1099 5157 1346 5212 absurde
1368 5159 1688 5231 suspicatur
1708 5159 2018 5215 Oudinust.

402 5247 470 5309 ll,
490 5262 628 5318 pag.
660 5249 786 5302 484.
811 5249 998 5321 Atque
1018 5247 1078 5302 in
1109 5246 1235 5301 Vita
1263 5247 1327 5304 S.
1347 5246 1591 5302 Remaclz'
1622 5248 1774 5323 apud
1791 5248 2020 5307 Surium

401 5338 458 5388 et
486 5334 640 5407 apud
683 5335 1118 5410 Chapeavillum
1138 5339 1183 5393 t.
1214 5337 1260 5406 Ι,
1285 5353 1421 5410 pag.
1458 5340 1527 5394 82
1558 5357 1704 5412 seq.,
1733 5339 1918 5395 multa
1947 5338 2022 5393 ad

401 5422 640 5479 verbum
691 5427 922 5486 eadem.
983 5425 1224 5481 Exhibet
1282 5429 1479 5483 autem
1535 5427 1731 5484 Surius
1762 5427 1836 5483 ad
1867 5429 1896 5483 3
1925 5427 2022 5485 Se-

2123 4981 2278 5037 notis
2310 4980 2367 5034 in
2392 4979 2548 5034 Actis
2578 4977 2842 5038 Sanctor.
2896 4981 3044 5034 tom.
3100 4978 3189 5034 III
3217 4980 3429 5043 Martii,
3481 5001 3617 5056 pag.
3651 4987 3740 5049 35,

2121 5075 2212 5126 41.
2255 5071 2437 5124 Vitam
2467 5067 2528 5125 S.
2556 5067 2821 5123 Hadelz'm'
2847 5067 3164 5141 presbyteri
3190 5069 3344 5124 circa
3374 5088 3519 5128 ann.
3551 5073 3658 5128 690
3687 5076 3746 5129 in

2124 5159 2342 5232 Belgio,
2375 5159 2581 5214 eadem
2606 5159 2749 5212 Acta
2775 5157 2878 5211 sub
2905 5156 3140 5228 Notgeri
3189 5158 3438 5214 nomine
3492 5161 3744 5218 otferunt

2121 5246 2270 5304 tom.
2303 5248 2331 5302 Ι
2360 5247 2524 5302 Febr.
2585 5249 2636 5313 3,
2673 5263 2733 5318 p.
2760 5244 2886 5314 372,
2922 5247 3046 5301 376.
3088 5245 3157 5300 Et
3202 5245 3575 5306 Mabillonius
3601 5250 3743 5306 Suec.

2125 5339 2170 5392 ll
2197 5337 2582 5400 Benedictin.,
2621 5353 2678 5410 p.
2718 5332 2875 5391 1013.
