3892 6214
174 456 326 519 {Mi

1304 457 1467 512 VITA
1497 457 1556 512 S.
1596 457 1929 517 HADALINI
1959 457 2427 518 CONFESSORIS

3391 472 3527 526 H42

269 717 811 842 GESTA
950 715 2149 845 EPISCOPORUM
2283 721 3450 856 LEODIENSIUM

1468 904 1634 975 (Vidc‘
1658 922 1815 976 supra
1847 907 1902 959 in
1931 906 2256 980 HERIGRRO.)

362 1138 929 1331 VITA
1113 1136 1390 1329 SA
1419 1136 1982 1328 NCTI
2154 1129 3374 1344 HADALINI

1379 1414 2343 1524 CONFESSORIS

623 1578 1036 1635 CONDITORIS
1086 1576 1502 1632 MONASTERII
1548 1576 1922 1632 CELLENSIS
1974 1579 2210 1634 PROPE
2248 1580 2652 1640 DIONANTUM
2699 1585 2801 1642 AD
2848 1585 3103 1645 MOSAM.

908 1701 1146 1756 Auctore
1179 1701 1435 1762 NQTGERO
1463 1699 1746 1756 Leodiensi
1771 1701 2034 1773 episcopo,
2067 1705 2148 1756 uti
2174 1718 2239 1758 ex
2267 1721 2417 1762 num.
2449 1708 2479 1762 6
2513 1707 2829 1780 intelligitur

380 1823 571 1898 (Apud
613 1824 832 1880 MABILL.
868 1821 1014 1877 Acta
1037 1819 1146 1877 SS.
1171 1820 1287 1876 ard.
1318 1820 1384 1875 S.
1417 1818 2079 1959 Bénédnéttogiéulalggoag.
2110 1823 2268 1878 1013.
2296 1821 2387 1878 Ea:
2416 1841 2517 1882 ms.
2545 1827 2665 1884 (ad.
2692 1829 3092 1901 Andaginénsis
3119 1845 3350 1893 monast.

271 2117 322 2166 l.
355 2110 480 2165 Fnit
500 2112 558 2165 Β.
593 2107 903 2164 Hadalinus
931 2105 1251 2196 Aquitania:
1285 2103 1577 2196 territorio
1606 2107 1814 2171 cretus,
1836 2108 1890 2166 Α
1919 2106 2168 2162 matibus
2192 2109 2516 2178 ostentavit,
2559 2127 2808 2186 eumque
2839 2114 3022 2172 vicem
3049 2135 3212 2174 suam
3264 2125 3528 2196 supplere

183 2199 378 2255 nobili
391 2198 710 2270 propagine
749 2199 928 2261 ortus,
952 2194 1010 2248 in
1037 2197 1239 2249 tenera
1253 2195 1422 2248 astate
1437 2209 1669 2248 morum
1689 2209 1816 2265 pro-

186 2290 380 2345 bitate
401 2288 762 2360 grandaevus,
783 2284 1040 2356 pueritia}
1065 2299 1246 2338 annos
1271 2283 1814 2349 excedens,consor-

185 2379 272 2433 tio
305 2394 514 2433 senum
565 2374 892 2431 Salomonis
942 2388 1172 2445 semper
1231 2372 1416 2426 inesse
1466 2371 1725 2443 cupiens,
1757 2377 1815 2427 et

186 2467 337 2522 dum
371 2483 492 2521 sese
524 2464 780 2537 quotidie
823 2463 893 2517 ad
921 2478 1146 2533 majora
1169 2461 1452 2516 niteretur
1480 2461 1810 2524 extendere,

190 2556 378 2610 etiam
399 2554 548 2608 illius
574 2552 778 2608 famosi
810 2551 1155 2623 patriarchae
1187 2551 1450 2620 exempla
1471 2552 1709 2604 conatus
1729 2553 1814 2603 est

190 2645 556 2716 pertentare,
611 2641 701 2695 cui
750 2640 829 2695 ait
868 2639 1196 2694 Dominus:
1243 2639 1359 2694 Exi
1413 2638 1476 2692 de
1527 2645 1667 2692 terra
1717 2643 1813 2694 tua

192 2733 357 2804 (Gen.
376 2748 474 2796 xu,
509 2732 579 2800 l),
613 2733 720 2784 etc.
749 2728 913 2793 Quod
935 2728 1106 2782 etiam
1121 2726 1465 2798 jamdudum
1490 2729 1680 2798 plures
1705 2727 1813 2781 hoc

196 2823 389 2894 ipsum
416 2819 678 2874 audierat
707 2818 965 2883 actitare,
999 2820 1056 2871 et
1085 2832 1190 2887 pro
1218 2815 1426 2870 viribus
1447 2815 1560 2870 suis
1583 2815 1814 2870 illorum

192 2910 390 2980 impar
414 2908 647 2962 nolebat
678 2923 976 2978 apparere,
1008 2909 1237 2959 sanctus
1291 2904 1506 2959 scilicet
1533 2905 1812 2975 Agricius,

193 2997 560 3063 Maximinus,
589 2995 876 3061 Paulinus,
893 2995 1149 3065 ejusdem
1167 2993 1366 3066 patria:
1382 2993 1696 3060 exsules,ad
1711 3010 1813 3048 no-

194 3091 400 3153 stram,
425 3086 482 3140 id
508 3088 593 3140 est
621 3085 972 3140 Francorum
1029 3084 1385 3138 devenerant
1409 3086 1649 3138 terram.
1707 3081 1814 3146 Qui

194 3176 376 3231 etiam
406 3175 608 3245 postea
623 3172 937 3227 Trevericze
967 3171 1117 3227 sedis
1139 3169 1609 3243 archiepiscopali
1634 3170 1815 3227 infula

193 3263 514 3326 sublimati,
540 3263 733 3333 ibique
768 3264 1023 3315 mortem
1056 3260 1340 3326 obientes,
1372 3275 1503 3313 cum
1563 3259 1812 3315 Domino

195 3351 490 3408 miraculis
535 3349 940 3405 attestantibus
982 3365 1040 3403 se
1070 3347 1256 3403 vivere
1295 3347 1690 3402 manifestant.
1721 3347 1813 3402 Sic

191 3457 426 3513 quoque
441 3442 502 3497 Β.
529 3439 832 3494 Remaclus
845 3436 1269 3508 Tungrensium
1284 3438 1493 3508 praesul
1521 3435 1810 3492 almitluus

1914 2198 2049 2264 post
2071 2213 2130 2250 se
2157 2197 2444 2254 cathedrae
2465 2216 2582 2255 suae
2612 2201 3043 2275 subrogandum
3063 2224 3129 2263 ex
3158 2211 3399 2266 nomine
3429 2213 3529 2268 de-

1915 2283 2180 2353 signavit.
2202 2286 2375 2340 Plebe
2401 2288 2594 2359 itaque
2649 2290 2762 2345 suis
2811 2293 2983 2348 sacris
3032 2295 3530 2357 benedictionibus

1913 2371 2207 2444 insignita,
2243 2375 2301 2428 Β.
2336 2377 2614 2432 Haladino
2644 2395 2840 2436 secum
2864 2383 3202 2454 comitante,
3223 2386 3320 2443 diu
3352 2388 3532 2444 desti-

1915 2465 2119 2516 natum
2141 2462 2428 2535 accipiunt
2452 2466 2658 2520 callem
2682 2468 2788 2538 (3).

1987 2554 2041 2606 3.
2065 2551 2176 2606 Sed
2201 2568 2329 2607 cum
2349 2554 3112 2628 Dominusipsiusbenedicti
3131 2563 3530 2624 Hadalinisan-

1914 2639 2309 2710 ctitatisjubar
2321 2659 2492 2713 super
2508 2645 2917 2702 candelabrum
2932 2650 3434 2725 ponere(Matt/z.v,
3446 2661 3464 2711 1
3477 2661 3530 2724 5)

1915 2730 2220 2802 popularis
2251 2731 2584 2803 disponeret
2628 2735 2903 2805 notionis,
2937 2740 3199 2812 contigit,
3231 2743 3370 2798 dum
3423 2744 3532 2801 iter

1917 2823 2186 2889 agerent,
2221 2824 2282 2874 ut
2311 2822 2722 2878 accumberent
2752 2827 2960 2897 quietis
2983 2830 3172 2900 gratia
3191 2833 3529 2902 ambo,dor-

1915 2907 2234 2979 mientique
2253 2909 2324 2963 de
2351 2927 2464 2981 quo
2497 2911 2686 2983 agitur
2715 2918 2935 2983 sancto,
2968 2919 3114 2974 alter
3141 2919 3402 2992 vigilans,
3431 2923 3531 2979 be-

1917 2995 2126 3067 nignus
2158 2997 2372 3053 scilicet
2403 2999 2726 3070 Remaclus,
2751 3003 2886 3059 solis
2912 3006 3139 3063 radium
3193 3010 3290 3082 qui
3331 3011 3533 3068 oberat

1914 3084 2093 3139 vultui
2118 3085 2436 3142 imminens
2465 3091 2812 3161 soporantis,
2841 3095 3101 3166 angelico
3123 3098 3299 3154 velari
3327 3114 3530 3158 cerne-

1915 3176 2006 3227 ret
2035 3173 2507 3231 obumbramine.
2565 3178 2855 3249 Evigilans
2911 3186 3105 3240 autem
3150 3187 3231 3241 ait
3269 3187 3343 3242 ad
3392 3205 3528 3246 eum

1912 3261 2114 3316 beatus
2145 3263 2404 3335 pontifex
2433 3281 2447 3319 :
2481 3265 2680 3321 Frater
2709 3268 3056 3339 dulcissime,
3099 3273 3144 3328 si
3171 3290 3344 3346 quam
3374 3294 3527 3335 nunc

1912 3349 2195 3406 visionem
2222 3351 2281 3406 in
2315 3353 2536 3408 somnis
2565 3356 2827 3427 agnoscis
2877 3359 2979 3414 tibi
3029 3364 3320 3420 ostensam
3378 3366 3524 3436 fore,

1912 3439 2056 3493 mihi
2083 3439 2338 3495 indicare
2363 3457 2436 3496 ne
2475 3442 2728 3511 differas,
2763 3445 3116 3504 charissime.
3149 3451 3223 3505 At
3251 3451 3344 3508 ille
3369 3455 3527 3512 vultu

189 3532 247 3584 et
264 3530 387 3584 Deo
405 3528 788 3600 dignus,Goar
803 3527 1066 3581 Rhenum
1095 3524 1331 3580 ﬂuvium
1349 3525 1499 3580 circa
1516 3528 1807 3581 monaste-
1832 3516 1884 3576 Β
1911 3527 2196 3583 submisso
2227 3527 2416 3600 primo
2464 3531 2742 3595 renitens,
2781 3534 2882 3588 sed
2928 3539 3057 3608 post
3104 3538 3360 3609 jubentis
3401 3542 3524 3599 voci

187 3618 341 3673 rium
361 3634 531 3672 suum
559 3615 984 3671 transeuntium
1025 3616 1371 3682 consolator,
1405 3613 1711 3685 czeterique
1742 3629 1809 3668 ex

189 3707 402 3762 eadem
429 3705 666 3778 regione
690 3703 841 3759 felici
862 3704 1004 3758 ﬁnes
1023 3706 1336 3758 noscuntur
1351 3705 1502 3759 nosti
1515 3719 1576 3758 os
1605 3701 1808 3758 adiisse

191 3796 497 3868 perplures
534 3794 631 3866 (1).

260 3887 317 3938 2.
351 3884 609 3938 Cernens
632 3883 692 3937 Β,
729 3880 1038 3936 Hadalinus
1065 3896 1240 3952 quem
1301 3879 1480 3933 nimio
1531 3879 1808 3951 diligebat

188 3989 397 4030 amore
429 3989 462 4027 a
492 3974 608 4027 Deo
622 3975 680 4026 et
708 3969 1044 4024 hominibus
1059 3969 1375 4023 exaltatum
1404 3971 1462 4022 et
1493 3967 1806 4040 pontiﬁcali

189 4061 473 4118 cathedra
499 4060 895 4124 sublimatum,
934 4074 1051 4112 non
1111 4061 1197 4112 est
1254 4061 1466 4112 nostra:
1523 4057 1807 4112 facultatis

191 4152 460 4206 evolvere
492 4153 709 4222 quanta
738 4165 838 4202 cor
859 4148 981 4218 ejus
1008 4149 1064 4201 et
1089 4147 1287 4217 lingua
1317 4148 1602 4219 repletum
1632 4147 1807 4201 fuerit

191 4240 692 4306 exsultatione(2).
725 4239 902 4292 Porro
935 4237 1095 4308 cujus
1147 4235 1342 4290 meriti
1393 4235 1805 4307 religionisque

189 4330 437 4401 integra:
467 4327 527 4382 in
558 4327 765 4382 eodem
809 4325 1088 4380 exstiterit
1118 4323 1426 4394 regimine,
1485 4323 1802 4395 qualiterve

193 4418 505 4473 Stabulans
534 4419 592 4469 et
606 4414 1085 4470 Malmundarium
1113 4412 1465 4467 monasteria
1483 4416 1808 4468 construxe-

194 4507 275 4560 rit
308 4505 403 4578 pio
431 4504 648 4570 labore,
667 4503 723 4556 in
744 4503 865 4573 ejus
886 4503 1022 4557 Vitio
1040 4502 1188 4557 libro
1216 4501 1540 4573 quicunque
1554 4501 1687 4556 velit
1703 4517 1802 4572 po-

195 4595 335 4650 terit
363 4593 638 4665 reperire.
664 4595 736 4646 At
758 4609 894 4648 vero
924 4595 1230 4663 postquam
1261 4591 1478 4645 cultum
1511 4606 1806 4646 servorum

197 4684 300 4740 Dei
330 4683 390 4737 in
414 4682 632 4737 eisdem
679 4681 953 4737 coenobiis
997 4683 1436 4751 aggregaverat,
1485 4679 1809 4736 habitacula

196 4786 430 4844 quoque
457 4770 753 4842 religionis
783 4769 907 4824 usui
929 4772 1065 4841 apta
1085 4785 1300 4839 magna
1323 4785 1388 4822 ex
1421 4773 1584 4840 parte
1615 4769 1807 4840 dispo-

196 4863 392 4915 suerat
414 4877 424 4914 :
446 4859 602 4931 quod
618 4875 851 4929 semper
865 4857 1069 4913 habuit
1092 4857 1150 4911 in
1170 4861 1326 4925 voto,
1347 4857 1678 4913 remotioris
1703 4858 1811 4913 sci-

198 4950 330 5004 licet
345 4948 476 5004 vitaa
504 4947 900 5014 solitudinem,
931 4947 1161 5013 sic,Deo
1179 4951 1699 5014 annuente,nactus
1725 4951 1810 5003 est

195 5036 581 5092 occasionem.
613 5036 892 5102 Tandem,
926 5036 1056 5089 licet
1090 5035 1447 5104 difficillime,
1479 5035 1810 5107 impetravit

195 5131 392 5180 tamen
425 5142 459 5179 a
488 5141 626 5196 rege
654 5128 717 5178 ut
745 5125 887 5179 alius
918 5124 1022 5178 sibi
1051 5124 1401 5190 succederet,
1435 5127 1493 5177 et
1540 5124 1645 5179 sibi
1711 5125 1809 5179 diu

195 5214 587 5269 desideratum
623 5229 886 5268 eremum
928 5213 1087 5268 adire
1120 5213 1340 5279 liceret,
1371 5213 1469 5268 ubi
1494 5215 1752 5268 remotus
1776 5229 1810 5268 a

195 5302 344 5357 curis
402 5302 789 5367 saecularibus,
866 5302 1099 5357 liberius
1152 5301 1404 5356 inhiaret
1464 5300 1804 5357 coelestibus.

198 5394 253 5448 S.
276 5390 601 5447 Theodardi
633 5390 809 5446 vitam
852 5391 984 5445 satis
1010 5389 1372 5463 probabilem
1406 5388 1528 5460 regi
1554 5391 1612 5443 et
1663 5389 1810 5461 opti-

266 5517 339 5586 (l)
375 5517 550 5571 Multa
565 5514 660 5569 hic
692 5515 1222 5570 omisimusinserta
1255 5515 1324 5568 de
1351 5514 1476 5568 Vita
1507 5513 1563 5568 S.
1599 5513 1806 5568 Rema-

195 5589 262 5642 cli
289 5605 355 5641 ex
391 5587 572 5657 ipsius
598 5586 751 5639 Actis
782 5604 876 5644 au.
911 5590 1014 5642 664
1043 5585 1364 5657 repetenda
1400 5629 1412 5642 .

268 5659 343 5728 (2)
373 5655 514 5713 Hinc
533 5657 752 5728 colligit
792 5655 1123 5723 Bollandus,
1153 5656 1493 5712 Hadalinum
1520 5655 1676 5728 prius
1706 5657 1811 5712 Re-

203 5733 388 5788 maclo
437 5729 749 5787 adhaesisse
771 5747 967 5803 ,quam
1013 5729 1373 5785 Stabuletum
1419 5729 1807 5788 conderetur:

1835 4729 1882 4790 C

1909 3617 2340 3689 obtemperans,
2368 3617 2448 3673 ait
2479 3637 2496 3671 :
2520 3638 2552 3672 ‹
2582 3620 2960 3677 Decreveram
2978 3623 3099 3692 tibi,
3129 3627 3299 3681 Pater
3315 3627 3527 3684 beatis-

1907 3705 2070 3768 sime,
2104 3722 2233 3777 quae
2262 3704 2521 3762 videram
2548 3706 2608 3762 in
2664 3710 2934 3779 praesenti
2981 3713 3261 3781 occulere,
3322 3731 3522 3773 verum

1907 3793 2144 3850 evolutis
2170 3793 2389 3867 aliquot
2440 3795 2641 3852 diebus
2697 3797 2900 3852 humili
2954 3815 3172 3870 pronus
3215 3802 3522 3860 devotione

1907 3883 2374 3954 patefacere.Sed
2389 3900 2522 3940 cum
2551 3887 2666 3941 tum
2685 3885 2927 3957 jussioni
2956 3888 3274 3962 quidquam
3305 3907 3522 3964 negare

1907 3972 1992 4025 fas
2023 3989 2141 4028 non
2165 3973 2238 4027 sit
2262 3992 2274 4027 :
2303 3973 2451 4041 Vidi,
2486 3974 2749 4046 inquam,
2770 3976 3128 4045 columbam,
3156 3995 3288 4034 cum
3306 3979 3520 4038 blando

1907 4076 2114 4131 sopore
2127 4061 2507 4134 quiescerem,
2529 4063 2599 4118 de
2619 4065 2761 4120 coelo
2779 4081 2952 4136 super
2977 4083 3070 4121 me
3087 4066 3394 4139 indignum
3417 4070 3522 4125 alis

1907 4149 2170 4219 expansis
2221 4151 2574 4206 descendere
2605 4154 2790 4218 (Joan.
2816 4169 2854 4221 1,
2886 4154 2997 4226 32),
3027 4155 3336 4230 oculosque
3361 4173 3520 4215 meos

1909 4237 2334 4309 aliquantulum
2367 4238 2861 4311 circumvolitare;
2897 4242 3090 4316 sicque
3117 4248 3290 4317 caput
3321 4262 3520 4303 meum

1905 4325 2516 4398 supersedere,meque
2531 4329 2640 4383 hoc
2659 4345 2833 4384 omen
2848 4331 2986 4403 quid
3006 4331 3143 4388 boni
3159 4335 3523 4406 portenderit

1904 4414 2092 4470 fateor
2102 4413 2506 4486 ignorare.»At
2517 4417 3152 4488 B.pontifexRemaclus
3161 4421 3329 4479 hilari
3343 4423 3520 4481 etiam

1908 4503 2137 4557 intuens
2177 4504 2334 4556 vultu
2363 4519 2376 4558 :
2413 4525 2442 4552 ‹‹
2475 4504 2727 4572 Excellit,
2758 4505 2966 4578 inquit,
3000 4525 3032 4563 ο
3074 4511 3371 4580 Haladine,
3427 4511 3523 4566 di—

1908 4591 2098 4663 gnitas
2113 4594 2212 4646 tua
2224 4590 2622 4647 modicitatem
2637 4595 3283 4672 meam,indignumque
3295 4617 3392 4655 me
3418 4599 3516 4655 tali

1909 4681 2096 4736 fateor
2125 4679 2300 4748 socio,
2329 4696 2503 4751 quem
2533 4681 2816 4738 famulatu
2862 4684 3198 4741 obumbrari
3250 4688 3519 4761 conspexi

1910 4769 2272 4841 angelico.’l‘e
2296 4784 2401 4840 per
2425 4767 2580 4823 diem
2615 4772 2698 4825 sol
2725 4787 2844 4826 non
2868 4774 3016 4834 uret,
3045 4789 3232 4844 neque
3260 4777 3398 4830 luna
3416 4793 3521 4848 per

1912 4862 2162 4926 noctem,
2196 4857 2275 4913 ait
2306 4857 2608 4913 Psalmista
2637 4858 2809 4928 (Psal.
2842 4875 2961 4926 cxv,
2991 4860 3068 4932 6),
3117 4861 3251 4933 quia
3303 4879 3409 4916 nec
3459 4865 3516 4921 in

1911 4947 2158 5015 Christo,
2181 4963 2285 5002 nec
2312 4946 2369 5000 in
2402 4945 2682 5002 illustrata
2707 4962 2812 5019 per
2831 4964 2964 5003 eum
2993 4949 3230 5003 excedes
3249 4949 3516 5008 Ecclesia.

1911 5036 2190 5091 Columba
2215 5037 2426 5108 quippe
2441 5035 2718 5108 Spiritum
2737 5040 2998 5091 sanctum
3017 5035 3114 5109 qui
3137 5051 3310 5107 super
3323 5038 3521 5094 Domi-

1910 5142 2051 5180 num
2074 5124 2133 5179 in
2157 5125 2426 5180 Jordanis
2447 5125 2704 5180 ﬂuminis
2733 5123 3078 5195 baptismate
3127 5124 3428 5195 requievit,
3461 5133 3522 5185 et

1910 5231 2043 5270 eum
2085 5215 2213 5270 oleo
2267 5214 2659 5269 exsultationis
2691 5229 2810 5286 prae
2843 5213 3154 5285 particibus
3193 5214 3308 5267 suis
3359 5215 3523 5272 unxit

1913 5303 2084 5374 (Psal.
2113 5319 2258 5370 xle,
2291 5305 2364 5370 8),
2392 5301 2671 5369 ostendit;
2699 5301 2820 5374 ipse
2837 5301 3022 5372 gratia
3054 5301 3374 5358 mitissima:
3396 5304 3522 5376 pie-

1907 5391 2042 5446 tatis
2072 5394 2238 5446 tuum
2276 5407 2375 5445 cor
2411 5389 2729 5459 illustravit,
2762 5393 2934 5463 teque
2964 5390 3023 5446 in
3049 5390 3388 5463 suiIscrvitio
3419 5413 3518 5468 pe-

1907 5513 2193 5597 siquidem
2225 5515 2530 5597 Romaclus
2552 5513 2680 5586 jam
2711 5514 3012 5587 episcopus
3038 5515 3198 5571 istius
3224 5522 3522 5576 monaste-

1910 5585 1980 5640 rii
2001 5585 2553 5657 fundamentajecit.

1981 5657 2562 5744 (3)ntlli_ncS..l}e-rnacli_
2584 5659 3029 5744 cum_ﬂa§alino
3061 5673 3344 5744 secessum
3369 5679 3524 5718 anno

1911 5730 2032 5786 fere
2055 5732 2160 5787 680
2189 5730 2518 5805 contigisse,
2548 5730 2608 5788 in
2640 5733 2798 5789 Actis
2819 5732 2878 5790 S.
2907 5732 3164 5789 Remacli
3188 5732 3452 5792 diximus.
