3892 6214
476 423 614 483 Η43

1581 431 1881 493 NOTGERI
1924 435 2329 498 LEODIENSIS
2384 437 2700 503 EPISCOPI

3636 461 3739 520 il“

462 544 726 640 renuiter
753 545 1060 640 delegavit.
1081 565 1119 640 ξ
1144 548 1277 606 Hec
1298 553 1356 606 et
1388 551 1475 609 bis
1500 553 1712 611 similia
1737 573 1913 612 sacrae
1958 575 2088 615 eru-
2114 564 2170 624 Α
2191 565 2255 619 et
2282 565 2353 620 de
2383 545 2572 639 pomis
2596 568 2846 640 paradisi
2899 567 3002 626 Dei
3059 573 3450 633 conversando
3498 576 3600 636 illic
3638 599 3738 640 con-

466 634 702 690 ditionis
727 637 902 694 verba
926 637 1235 695 Haladinus
1266 656 1301 696 a
1340 643 1458 698 Deo
1488 644 1700 700 electus
1729 646 1917 704 cordis
1947 664 2087 702 aure

469 723 760 794 audiebat,
795 727 853 780 et
881 727 955 782 ad
999 727 1225 800 majora
1275 747 1336 785 se
1387 731 1666 790 virtutum
1712 751 1891 807 opera
1925 735 2084 793 dein-

466 827 600 883 ceps
629 813 932 887 accingere
958 817 1268 889 cogitabat.

535 903 588 957 4.
619 903 830 958 Rursus
859 904 1148 977 benignus
1161 906 1420 978 pontifex
1433 909 1736 967 Remaclus
1746 912 2078 969 futurorum

464 991 734 1061 praescius
765 991 846 1047 ait
874 993 948 1048 ad
979 993 1142 1050 illum
1185 997 1491 1052 :Accelera
1542 1016 1703 1072 ergo,
1733 1001 1814 1056 ﬁli
1833 1002 1935 1070 mi,
1969 1002 2080 1058 alio

467 1083 683 1151 quanto
713 1079 798 1136 ius
818 1081 1244 1155 profectionem
1267 1085 1558 1143 Christum
1575 1093 1914 1146 consectans
1924 1107 2075 1163 prae-

465 1169 692 1228 ducem.
727 1171 947 1228 Vallem
968 1172 1303 1246 contiguam
1329 1176 1497 1232 saltui
1519 1177 1616 1250 qui
1649 1178 1874 1250 adjacet
1898 1180 2072 1236 ﬂuvio

464 1275 637 1330 quem
665 1260 884 1316 Letiam
912 1258 994 1333 (4)
1023 1262 1222 1317 dicunt
1250 1261 1443 1327 vicini,
1474 1265 1677 1322 adiens
1725 1268 1917 1323 locum
1981 1268 2079 1341 qui

463 1350 622 1404 Inter
649 1352 1158 1421 quatuor-montes
1183 1355 1418 1408 vocatur
1433 1352 1682 1426 inquire,
1713 1359 1771 1410 et
1791 1356 1927 1424 illic,
1961 1358 2078 1412 Deo

463 1437 779 1510 cohospite,
806 1437 908 1493 tibi
927 1437 1315 1496 habitaculum
1359 1445 1532 1514 atque
1584 1444 1904 1499 oratorium
1949 1462 2084 1501 con-

464 1526 866 1598 strue,angelis
894 1525 992 1582 ubi
1016 1528 1354 1600 praesulibus
1383 1530 1631 1586 Domino
1659 1533 1885 1590 Christo
1905 1534 2080 1606 digne

462 1615 652 1668 valeas
669 1613 1044 1670 militare.llle
1060 1617 1183 1672 haec
1202 1619 1492 1691 praesagia
1507 1619 1675 1675 hilari
1691 1625 1888 1678 mente
1910 1623 2082 1678 susci-

464 1702 648 1774 piens,
685 1703 939 1777 vestigiis
984 1705 1270 1778 pontiﬁcis
1301 1709 1637 1779 provolvere
1668 1709 1823 1764 nisus
1853 1715 1956 1766 est.
2008 1713 2084 1766 At

463 1790 558 1846 ille
583 1791 836 1864 benigno
853 1793 1087 1849 hortatu
1117 1793 1281 1850 illum
1315 1796 1568 1864 elevans,
1603 1800 1668 1851 nt
1698 1799 1886 1854 locum
1946 1816 2080 1856 cum

2187 653 2387 722 vivari,
2417 655 2583 712 sicuti
2617 657 2675 712 in
2721 660 2984 732 catalogo
3030 660 3289 719 vivorum
3335 665 3618 725 illustrium
3663 674 3737 744 qui

2189 741 2407 800 ibidem
2438 761 2610 817 super
2633 748 2814 804 altare
2841 753 3082 821 apparet
3100 752 3329 812 assidue
3350 754 3581 815 habetur
3602 741 3739 816 inser-
3800 820 3802 823 ,

2187 834 2333 887 tum.
2363 833 2493 888 Hinc
2533 838 2686 902 sunt,
2729 838 2939 910 inquit,
2990 841 3235 896 nomina
3283 859 3479 900 eorum
3501 847 3587 918 qui
3633 865 3732 903 cum

2187 921 2249 977 Β.
2291 921 2561 979 Remaclo
2585 926 3002 982 monasterium
3028 928 3336 986 Stabulaus
3365 933 3514 1004 prius
3553 933 3732 993 inhabi-

2193 1011 2311 1064 tare
2359 1013 2787 1083 cceperuntzs.
2839 1015 3161 1084 Remaclus,
3223 1018 3260 1073 S
3339 1019 3640 1089 Hadalinus,
3685 1027 3727 1081 S.

2185 1097 2577 1164 Theodardus,
2603 1101 2661 1157 S.
2695 1103 3054 1174 Lambertus,
3087 1106 3211 1178 ejus
3235 1107 3531 1180 spirituahs
3573 1117 3726 1184 procul

2188 1187 2360 1242 dubio
2385 1188 2443 1244 in
2474 1190 2820 1264 baptismate
2843 1191 3011 1262 ﬁlius,
3041 1195 3100 1252 S.
3128 1196 3726 1266 Hubertus,Christianus

2185 1293 2413 1348 quoque
2440 1278 2914 1350 sapientissimus,
2956 1287 3014 1338 et
3050 1288 3248 1342 caeteri
3285 1289 3464 1343 multi.

2254 1364 2310 1420 6.
2344 1364 2456 1422 Sed
2487 1371 2550 1422 ut
2578 1369 2652 1423 ad
2681 1386 2750 1424 ea
2780 1371 2932 1427 unde
2952 1374 3122 1445 paulo
3136 1381 3436 1432 momento
3452 1379 3726 1435 divertimus

2184 1454 2511 1523 redeamus,
2540 1459 2708 1528 caepit
2727 1459 2929 1515 beatus
2946 1461 3136 1517 locum
3157 1464 3516 1520 habitationis
3532 1484 3628 1523 suae
3647 1470 3727 1523 Ha-

2185 1541 2411 1598 dalinus
2431 1547 2711 1612 excolere,
2739 1551 2952 1603 sanctae
2969 1551 3419 1607 conversationis
3430 1571 3583 1626 opere
3597 1556 3723 1610 ador-

2185 1631 2425 1699 nare,de
2446 1633 2537 1688 die
2563 1633 2623 1688 in
2657 1633 2810 1689 diem
2825 1635 3033 1691 Christi
3044 1639 3236 1694 bonus
3251 1641 3394 1695 odor
3408 1642 3515 1696 Deo
3539 1642 3589 1696 in
3600 1644 3721 1698 omni

2183 1720 2309 1774 loco
2337 1737 2458 1775 esse
2481 1721 2568 1793 (II
2579 1721 2706 1777 Cor.
2727 1740 2787 1790 ιι,
2820 1726 2924 1796 15).
2952 1726 3102 1782 Sane
3121 1729 3280 1798 quod
3296 1729 3520 1785 caelestis
3538 1732 3721 1786 lucerna

2185 1807 2280 1863 diu
2311 1809 2490 1865 latere
2521 1812 2625 1866 sub
2658 1812 2838 1868 modii
2860 1815 3200 1886 nequiverat
3230 1819 3432 1874 umbra
3455 1819 3647 1891 (Matth.
3683 1839 3721 1873 v.

462 1879 769 1952 aliquantis
797 1881 1105 1980 comitibus
1119 1881 1327 1980 adiret,
1347 1885 1422 1980 et.
1434 1884 1785 1980 procedente
1812 1889 2081 1980 tempore
2109 1881 2162 1942 Β
2187 1896 2409 1969 l5),nec
2421 1899 2614 1954 civitas
2627 1901 2897 1957 abscondi
2910 1879 3082 1974 supra
3094 1910 3359 1961 montem
3375 1879 3720 1980 positaWattti.

463 1968 532 2022 ad
564 1985 623 2023 se
665 1985 817 2041 saepe
869 1969 1216 2025 visitationis
1275 1971 1464 2042 gratia
1509 1973 1748 2045 rediret,
1775 1976 2076 2036 suadebat.

461 2056 706 2112 Exorata
721 2057 914 2131 itaque
927 2061 985 2114 et
996 2059 1311 2130 impetrata
1323 2060 1727 2118 benedictione
1740 2079 2078 2136 progressus

460 2143 778 2217 indagandi
809 2147 1102 2220 cupidine,
1150 2148 1256 2204 viri
1283 2149 1581 2221 cujusdam
1608 2151 1706 2223 qui
1762 2153 2074 2210 vocabatur

459 2237 571 2292 Beo
594 2236 823 2293 devenit
852 2237 1118 2306 domum,
1151 2255 1444 2312 aegreque,
1476 2242 1671 2296 uxoris
1686 2242 2072 2315 scilicetjuva-

460 2324 639 2393 mine,
669 2325 920 2397 hospitio
953 2326 1290 2398 impetrato,
1324 2327 1477 2383 inter
1504 2330 1853 2386 versandum
1886 2332 2073 2404 inqui-

459 2431 612 2472 rere.
645 2413 888 2469 Sanctus
907 2415 1262 2485 jamdictum
1292 2417 1468 2488 coepit
1494 2417 2069 2492 locum,obtentoque

457 2502 562 2566 sub
594 2502 744 2556 dulci
767 2502 1072 2558 ducamine
1093 2503 1284 2558 locum
1307 2504 1548 2573 invenit,
1562 2507 1678 2561 Deo
1695 2507 1911 2575 gratias
1926 2508 2066 2580 egit,

454 2589 824 2660 Adjutorium
857 2592 1122 2645 nostrum
1179 2589 1240 2644 in
1293 2591 1534 2647 nomine
1581 2593 1824 2650 Domine
1885 2595 2056 2667 (Psal.

453 2693 641 2744 cxxm,
676 2680 727 2746 8)
757 2677 982 2732 cecinit.
1017 2676 1298 2752 Deinceps
1333 2679 1726 2738 habitaculum
1765 2686 2064 2755 construit,

457 2764 856 2832 oratoriolum,
889 2768 950 2820 ut
973 2769 1112 2821 tunc
1141 2768 1425 2840 temporis
1453 2785 1618 2841 posse
1645 2771 1771 2840 fuit,
1803 2774 2064 2844 perfecit,

458 2867 694 2924 seseque
727 2851 931 2908 Christi
958 2852 1265 2910 famulatui
1304 2857 1761 2932 angelorumque
1793 2863 2062 2932 praesidio

456 2943 646 2994 totum
671 2940 782 2995 illic
805 2941 1042 2997 devotus
1071 2943 1380 3003 contradit.
1408 2947 1471 2999 ln
1493 2944 1647 3002 fame
1669 2947 1844 3021 igitur
1872 2953 1931 3006 et
1948 2951 2062 3020 siti,

456 3027 518 3084 in
547 3028 764 3102 frigore
777 3032 833 3086 et
845 3030 1130 3100 nuditate,
1144 3031 1205 3088 in
1235 3033 1528 3091 laboribus
1540 3039 1598 3090 et
1630 3036 1866 3094 diversis
1880 3056 2062 3113 ango-

453 3117 916 3181 ribus,a3rumnis
937 3123 1110 3193 atque
1129 3122 1535 3193 pressuris,Dei
1557 3125 1773 3181 athleta
1787 3128 1977 3184 sobrie
2007 3132 2067 3184 et

455 3205 649 3278 quiete
672 3210 730 3262 et
741 3207 833 3280 pie
845 3207 1243 3279 Domino,non
1261 3212 1710 3281 saeculo,vivens,
1728 3218 2068 3289 expectabat

455 3294 570 3350 illic
582 3294 815 3351 beatam
828 3313 990 3369 spem
1018 3300 1076 3352 et
1105 3297 1419 3354 adventum
1437 3300 1638 3372 gloriae
1658 3305 1856 3376 magni
1877 3304 1978 3361 Dei
2008 3309 2066 3361 et

454 3383 765 3441 Salvatoris
775 3385 956 3440 nostri
984 3386 1115 3443 Iesu
1137 3387 1342 3443 Christi
1364 3388 1498 3460 (Tit.
1523 3389 1583 3454 ii,
1620 3389 1729 3464 l2),
1749 3393 2066 3466 castigans-

455 3487 568 3542 que
597 3473 656 3527 et
681 3471 940 3528 servituti
953 3472 1137 3530 animi
1153 3474 1460 3547 subjiciens
1489 3477 1793 3549 proprium
1808 3481 2064 3552 quotidie

454 3560 872 3635 corpus,ipsam
905 3562 1166 3618 animam
1183 3565 1507 3621 caelestibus
1529 3566 1844 3637 deputabat
1858 3569 2067 3626 indesi-

451 3653 660 3706 uenter
699 3649 968 3718 excubiis,
1000 3667 1203 3724 regem
1223 3651 1284 3707 in
1314 3652 1578 3709 accubitu
1625 3671 1730 3711 suo
1765 3657 2065 3714 sedentem

450 3739 700 3795 nardum
713 3739 942 3795 miriﬁci
955 3739 1148 3796 odoris
1163 3737 1355 3807 (Cant.
1369 3758 1408 3808 1,
1431 3744 1451 3795 1
1467 3740 1519 3812 1)
1547 3741 1806 3812 priorum
1831 3749 2063 3802 actuum

450 3826 709 3899 quotidie
737 3827 796 3883 in
831 3844 934 3883 ara
963 3827 1151 3883 cordis
1179 3826 1528 3884 sacriﬁcium
1559 3830 1898 3889 delectabile
1936 3851 2062 3891 ma-

448 3915 660 3972 ctanda
692 3915 1060 3971 munificans.

522 4009 575 4060 5.
617 4004 871 4060 Audiens
900 4006 1098 4059 autem
1129 4002 1352 4060 famam
1380 4004 1700 4080 sanctitatis
1728 4011 2058 4083 sanctasque

446 4091 898 4148 conversationis
921 4092 1227 4148 monitoris
1255 4093 1363 4161 sui,
1397 4095 1551 4151 beati
1576 4096 1790 4154 scilicet
1808 4099 2061 4158 Bemacli

447 4181 506 4235 in
536 4178 803 4236 coenobio
829 4180 1104 4252 praedicto
1119 4180 1443 4251 Stabulaus,
1459 4185 1615 4256 quod
1631 4187 1942 4244 studebant
1960 4207 2062 4246 un-

445 4267 621 4340 dique
646 4267 721 4322 ad
736 4283 870 4322 eum
887 4269 1040 4322 velut
1061 4285 1196 4341 apes
1211 4270 1285 4326 ad
1301 4271 1550 4329 alvearia
1570 4276 1881 4348 conﬂuere,
1909 4295 2061 4334 non-

449 4355 593 4414 nulli
617 4371 677 4411 se
711 4355 1130 4431 omnipotentis
1163 4359 1422 4416 servituti
1443 4362 1658 4418 addere
1690 4367 1748 4419 et
1774 4365 1891 4420 leni
1911 4365 2057 4439 jugo

2091 3167 2138 3227 C

2181 2001 2234 2052 ν,
2257 1986 2364 2058 14),
2387 1988 2646 2058 pervenit
2674 1990 2832 2044 fama
2860 1991 3180 2047 sanctitatis
3209 1995 3331 2065 ejus
3355 1996 3425 2051 ad
3453 2013 3598 2051 aures
3620 1997 3721 2067 Pip-

2179 2073 2302 2145 pini
2313 2076 2660 2148 gloriossimi
2680 2081 2817 2133 tunc
2853 2081 3137 2153 temporis
3161 2082 3341 2155 regis:
3365 2085 3457 2156 qui
3490 2087 3542 2140 ut
3565 2085 3723 2156 regina

2179 2163 2330 2218 Saba
2360 2165 2434 2219 ad
2463 2166 2671 2221 veteris
2697 2168 2975 2240 temporis
3001 2167 3476 2240 Salomonem,ita
3499 2174 3563 2228 ad
3598 2173 3721 2228 istius

2175 2251 2396 2322 paciﬁci
2412 2269 2477 2306 ac
2502 2253 2909 2323 sapientissimi
2930 2257 3030 2312 Dei
3046 2257 3304 2313 ministri
3326 2260 3550 2315 accurrit
3569 2258 3717 2314 humi-

2175 2339 2243 2394 lis
2269 2341 2663 2408 mansionem,
2689 2343 3053 2416 consiliisque
3083 2347 3470 2403 saluberrimis
3495 2349 3559 2402 ab
3579 2363 3635 2402 eo
3667 2348 3720 2401 de

2173 2427 2532 2499 subjicienda
2558 2447 2682 2485 sese
2705 2431 2843 2503 Regi
2865 2449 3067 2504 regum
3088 2433 3314 2491 Christo
3331 2440 3385 2491 et
3403 2434 3718 2509 gubernando

2172 2517 2492 2572 secundum
2533 2519 2660 2589 ejus
2689 2519 3001 2591 imperium
3028 2539 3215 2594 regno
3239 2523 3716 2597 abipsiusmelliﬂuo

2171 2599 2446 2670 susceptis
2468 2600 3113 2675 eloquio,suﬂ'ragioque
3139 2607 3511 2678 quarumdam
3527 2621 3633 2677 quis
3646 2603 3717 2658 ad-

2168 2686 2279 2741 huc
2311 2704 2345 2742 a
2365 2689 2755 2759 provisoribus
2772 2690 2883 2746 loci
2911 2695 3193 2750 tenentur
3208 2694 3460 2750 villarum
3481 2708 3713 2756 concesso,

2167 2777 2424 2846 gaudens
2444 2777 2514 2832 de
2527 2778 2680 2834 beati
2709 2779 2812 2833 viri
2833 2781 3120 2853 colloquio
3141 2799 3264 2838 sese
3274 2783 3509 2839 reddidit
3525 2780 3711 2854 palatio.

2168 2864 2237 2918 Et
2266 2863 2402 2936 quia
2430 2864 2511 2920 nil
2541 2865 2700 2920 deest
2715 2865 3056 2923 timentibus
3076 2870 3288 2939 Deum,
3307 2870 3461 2926 multi
3489 2870 3550 2925 de
3571 2868 3712 2923 facul-

2168 2952 2381 3008 tatibus
2406 2957 2465 3008 et
2491 2952 2810 3010 redditibus
2838 2954 2953 3010 suis
2983 2957 3104 3028 ejus
3124 2959 3495 3014 voluntariam
3514 2971 3712 3030 pauper-

2167 3043 2350 3096 tatem
2367 3041 2738 3114 suppeditare
2757 3043 3046 3113 volebant,
3070 3048 3138 3100 ut
3165 3046 3530 3103 conversionis
3546 3046 3644 3116 ejus
3665 3045 3708 3098 in

2168 3129 2377 3185 eodem
2407 3132 2532 3185 loco
2563 3132 3040 3202 augmentaretur
3070 3134 3330 3191 aﬁ‘eetus.
3361 3135 3493 3190 Nam
3519 3135 3650 3190 fuere
3664 3132 3706 3186 in

2167 3217 2290 3287 ejus
2331 3218 2542 3274 vicinio
2577 3221 2692 3273 tres
2716 3220 3009 3290 germani,
3042 3221 3158 3280 Beo
3185 3223 3394 3279 scilicet
3417 3223 3530 3294 jam
3550 3222 3706 3283 dictus,

2168 3305 2448 3360 Triclinus
2475 3307 2642 3374 alter,
2662 3306 2868 3362 tertius
2899 3309 3234 3378 Balduinus,
3265 3328 3499 3384 quorum
3517 3310 3705 3382 quisque

2166 3393 2322 3466 quod
2359 3393 2472 3448 illic
2493 3394 2827 3466 possederat
2855 3397 3142 3454 concessit
3171 3401 3421 3457 devotus.

2237 3487 2290 3538 7.
2319 3483 2543 3538 Nomen
2576 3483 2768 3554 itaque
2798 3486 2924 3556 ejus
2951 3502 3054 3558 per
3067 3487 3256 3544 vicina
3284 3490 3403 3544 loca
3428 3485 3613 3542 cunctis
3636 3483 3703 3538 in-

2166 3570 2374 3638 notuit,
2404 3571 2737 3644 factumque
2769 3577 2855 3629 est
2880 3578 2942 3628 ut
2978 3591 3045 3630 ex
3099 3576 3200 3632 illo
3224 3581 3473 3649 tempore
3499 3592 3528 3630 a
3553 3570 3702 3628 multis

2166 3659 2522 3730 frequentari
2533 3659 2815 3730 cmpisset:
2830 3661 2951 3733 ipse
2965 3663 3128 3718 enim
3143 3666 3397 3721 caelibem
3411 3664 3699 3734 dignamque

2166 3750 2284 3804 Deo
2304 3746 2445 3803 inibi
2458 3748 2634 3804 vitam
2651 3749 2918 3805 ducebat.
2937 3751 3154 3809 Omnes
3171 3751 3600 3826 supervenientes
3612 3762 3699 3802 non

2166 3836 2341 3892 modo
2363 3837 2666 3893 dulcedine
2679 3839 2991 3895 verborum
3010 3841 3448 3915 animaequiores
3458 3836 3698 3898 reddebat,

2165 3941 2365 3981 verum
2392 3927 2451 3980 et
2469 3926 2765 3982 charitatis
2785 3927 2974 3984 ofﬁcia
2988 3928 3070 3984 eis
3087 3946 3194 4002 pro
3211 3931 3434 3986 modulo
3446 3944 3535 3983 suo
3561 3924 3700 3979 liben-

2163 4013 2381 4068 tissime
2393 4013 2789 4084 impendebat.
2818 4017 2888 4070 Et
2903 4015 3039 4089 quia
3053 4019 3326 4074 eumdem
3341 4019 3515 4074 locum
3528 4030 3611 4068 sua
3635 4024 3698 4064 sa-

2161 4117 2259 4157 cra
2277 4106 2709 4158 consecraverat
2732 4105 3132 4175 conversione,
3150 4107 3325 4163 voluit
3348 4107 3463 4179 pius
3478 4100 3696 4159 Dominus

2161 4191 2336 4246 verba
2363 4208 2490 4263 quae
2513 4195 2648 4247 ante
2661 4191 2908 4248 dixerat:
2944 4192 3054 4261 Qui
3081 4213 3185 4260 me,
3217 4195 3416 4268 inquit,
3436 4188 3691 4256 honoriﬁca-

2160 4280 2293 4335 verit
2319 4279 2678 4348 honoriﬁcabo
2708 4298 2828 4334 eum
2860 4281 2928 4353 (1.
2955 4282 3168 4353 Regm,
3198 4285 3304 4355 30),
3326 4283 3384 4339 in
3409 4283 3508 4336 hoc
3520 4275 3691 4334 famnlo

2159 4383 2261 4422 suo
2291 4367 2616 4425 ostendere.
2637 4368 2897 4441 Cumque
2916 4372 3104 4427 locelli
3109 4373 3234 4444 jam
3250 4368 3461 4426 dilatari
3489 4361 3692 4436 cmpisset

445 4443 653 4502 Christi
675 4445 822 4501 colla
848 4447 1219 4517 subnectere;
1253 4448 1352 4504 alii
1377 4466 1511 4506 vero
1541 4451 1754 4508 liberos
1769 4455 2055 4511 suoslibe-
2079 4453 2133 4513 D
2159 4456 2444 4527 angustia,
2477 4457 2590 4512 duo
2620 4458 2841 4529 equites
2870 4475 3003 4514 cum
3045 4443 3270 4517 duobus
3293 4457 3510 4515 assuetis
3527 4446 3692 4508 venati-

441 4533 678 4602 ralibus,
701 4532 821 4590 imo
844 4535 1177 4592 monasticis
1206 4536 1578 4595 instruendos
1634 4540 1965 4613 disciplinis,
1997 4546 2056 4599 et

444 4624 555 4680 illic
577 4627 858 4698 perpetuo
895 4624 1268 4683 inservituros
1282 4628 1628 4684 contrudere
1652 4647 1665 4697 ;
1692 4630 1856 4686 multi
1876 4631 2052 4687 etiam

441 4714 514 4771 de
542 4712 914 4771 facultatibus
933 4713 1048 4769 suis
1077 4718 1136 4770 et
1147 4716 1429 4772 reditibus
1457 4715 1575 4771 suis
1598 4721 1934 4774 sanctorum
1956 4738 2054 4776 ne-

439 4801 794 4860 cessitatibus
822 4803 1253 4860 communicare
1277 4823 1292 4870 ;
1322 4805 1590 4860 studebat
1610 4805 1802 4878 etipse
1825 4808 1898 4864 ad
1916 4825 2051 4866 eum

441 4891 788 4948 visitationis
811 4894 870 4947 et
899 4891 1082 4948 nimio
1107 4893 1400 4949 charitatis
1429 4893 1638 4950 ardore
1664 4911 1816 4968 saepe
1832 4899 2049 4968 venire,

501 5039 584 5113 (fi)
611 5039 772 5096 Letia
803 5057 942 5113 seu
987 5040 1183 5109 Lastia,
1208 5043 1379 5113 vulgo
1407 5041 1592 5109 Lesch,
1627 5061 1724 5110 res,
1753 5044 1938 5101 oritur
1985 5048 2043 5103 in

429 5111 764 5187 arduenna,
798 5112 953 5187 haud
975 5114 1230 5183 procula
1261 5111 1542 5187 Bullonio,
1573 5115 1764 5187 ibique
1779 5120 2049 5187 terraper

431 5182 577 5238 duas
600 5183 792 5238 leucas
825 5182 1147 5268 absorptus,
1173 5184 1640 5268 erumpitindee
1671 5182 1813 5268 rupe
1839 5188 1897 5243 in
1938 5182 2049 5245 Ha-

431 5271 574 5309 num
606 5270 846 5326 pagum,
878 5272 944 5310 ac
973 5256 1141 5312 Mosae.
1166 5256 1440 5311 miscetur
1466 5256 1662 5312 media
1688 5256 1849 5314 leuca
1869 5277 2044 5332 supra

427 5325 782 5410 Dionalntu‘m
798 5325 1140 5410 oppidum,a
1151 5327 1631 5410 quonsesgjuiliorae
1647 5328 1852 5384 itinere
1875 5331 2048 5410 istat

430 5395 588 5470 vicus
611 5394 772 5450 Cellas
798 5394 1120 5470 appellatus
1166 5394 1203 5453 ὃ,
1260 5398 1319 5453 8.
1371 5394 1631 5454 Hadalini
1690 5403 2044 5458 monasterio

433 5466 553 5521 illic
585 5466 938 5542 constructo.
982 5469 1170 5542 Lapsu
1199 5471 1477 5542 temporis
1523 5472 1794 5527 monachi
1849 5475 2043 5530 locum

425 5538 1044 5621 cesserunt-canonicis,
1065 5538 1242 5621 quiet
1279 5538 1682 5621 ipsibaronum
1696 5543 2043 5621 Cellensinm

428 5606 826 5683 vexationibus
884 5606 1135 5683 fatigati,
1161 5606 1419 5683 Visetum
1470 5615 1735 5669 translati
1771 5620 1925 5683 sunt,
1959 5617 2042 5671 uti

426 5675 577 5736 infra
605 5675 885 5734 dicemus.
909 5675 1069 5739 Nunc
1123 5675 1277 5756 apud
1308 5683 1490 5740 Cellas
1528 5687 1640 5741 stat
1670 5675 1940 5754 Ecclesia,
1972 5705 2038 5743 ac

2159 4545 2262 4599 bus
2293 4544 2522 4599 Umbris
2540 4545 2690 4600 forte
2717 4545 2952 4602 fortuna
2969 4548 3163 4619 ignari
3177 4549 3334 4620 cujus
3349 4540 3607 4632 dignitatis
3625 4553 3689 4632 es-

2156 4635 2242 4687 set
2268 4631 2531 4688 vallicula
2553 4634 2869 4702 venientes,
2898 4636 3118 4707 experti
3165 4639 3297 4693 sunt
3325 4637 3381 4690 in
3429 4627 3689 4697 semetipsis

2156 4721 2292 4793 quid
2324 4722 2764 4778 advenientibus
2782 4741 2959 4796 agere
2993 4729 3349 4798 competeret
3365 4716 3687 4778 cmterisNam

2153 4826 2326 4866 mane
2354 4814 2677 4884 surgentes,
2719 4814 3018 4868 exanimes
3039 4815 3243 4888 quibus
3282 4809 3486 4869 advecti
3510 4799 3687 4861 fuerant

2153 4899 2500 4955 invenerunt
2528 4900 2856 4973 sonipedes,
2885 4919 3171 4976 superque
3218 4903 3438 4957 mortua
3465 4894 3687 4951 cadamra

2151 5048 2349 5122 titulus
2395 5050 2831 5122 pragpositurze:
2871 5054 2930 5105 at
2985 5050 3044 5106 in
3098 5050 3313 5107 acclivis
3364 5046 3504 5103 collis
3537 5041 3684 5122 lalng

2148 5119 2303 5193 himd
2326 5108 2498 5193 longe
2520 5108 2556 5175 21
2583 5121 2863 5193 primaria
2893 5122 3160 5190 Ecclesia,
3195 5123 3304 5176 alia
3349 5122 3426 5173 est
3477 5108 3683 5193 aedicula,

2149 5190 2247 5264 ubi
2276 5187 2540 5264 cellulam
2568 5187 2834 5264 primum,
2855 5187 3153 5248 exstruxit
3179 5196 3345 5264 atque
3369 5187 3682 5264 crementis!!!

2147 5261 2469 5340 vitam_egit
2483 5253 2882 5340 Haiialinusjn
2911 5281 3024 5340 qua
3057 5265 3178 5340 ejus
3207 5253 3446 5340 tumulus
3463 5253 3681 5340 οθηξίξξιξς

2149 5333 2278 5386 Haec
2316 5331 2436 5387 fere
2467 5351 2532 5388 ex
2555 5335 2856 5400 Bollando,
2902 5331 3000 5406 qui
3055 5331 3207 5390 recte
3261 5331 3438 5402 arguit
3472 5331 3681 5380 errorem

2151 5403 2390 5434 οιιςιςηης
2421 5404 2660 5434 τρια-...ηπ
2730 5405 2926 5434 [mum
2971 5406 3287 5434 “Manu”...
3378 5401 3591 5434 luimus-
3638 5388 3680 5434 et

2149 5403 2683 5476 PhirlippiAFerrarii.
2728 5401 2939 5460 Laztias-
2969 5406 3310 5467 coenobium,
3337 5401 3343 5402 ⁷
3375 5401 3660 5476 Lutosa5._

2149 5471 2445 5554 gellaniS.
2476 5475 2688 5554 Gisleni
2725 5476 2781 5529 iu
2817 5477 3250 5554 llanno_i_i_ia,_r_icc
3281 5488 3389 5554 non
3419 5471 3675 5554 [ιςεξηξξξξξξξ

2145 5545 2430 5600 Flandrim
2461 5547 2738 5618 oppidum
2774 5563 2906 5602 cum
2937 5547 3103 5602 Cellis
3129 5534 3387 5600 'Hadalini
3415 5538 3478 5593 ad
3506 5534 3675 5617 Latiam

2145 5615 2806 5650 nudummﬂnnamus
2838 5619 2893 5650 ς..
2927 5615 3183 5650 “minam
3216 5628 3382 5650 ηοηην
3415 5608 3474 5650 ad
3503 5598 3672 5650 Hebr.

2145 5617 2383 5672 fluvium
2399 5603 2808 5674 confundentis
2838 5619 2896 5674 in
2925 5615 3184 5690 catalogo
3211 5628 3399 5688 gener.
3415 5608 3476 5665 ad
3503 5608 3528 5660 3
3548 5603 3672 5655 Febr.
