3892 6214
216 475 357 531 1145

1320 463 1478 523 νιτΑ
1503 465 1566 522 S.
1596 461 1926 520 HADALINI
1957 462 2451 523 CONFESSORIS.

3398 472 3534 532 1146

210 612 408 653 canes.
439 597 558 652 Hoc
577 594 880 667 comperto
901 592 1000 666 qui
1024 594 1159 646 tunc
1180 590 1459 663 temporis
1478 590 1678 645 aderat
1696 605 1840 661 prae-
1860 588 1917 650 Α
1945 589 2158 653 Quibus
2185 590 2266 646 ita
2296 590 2491 663 gestis,
2524 590 2864 648 inﬁrmitate
2885 591 3089 649 ultima
3108 597 3402 667 praeventa
3427 601 3533 655 est.

211 687 326 752 sul,
347 685 509 757 cujus
529 700 707 750 nunc,
737 685 854 738 Deo
897 681 1213 746 annuente,
1254 679 1513 742 nomine,
1541 694 1658 733 non
1688 677 1836 749 proh

214 772 412 829 nefas!
440 773 650 828 merito
669 769 1106 840 famulamur(5)
1130 767 1272 835 sedi,
1299 767 1638 822 auctoritate
1655 765 1833 821 inter-

213 862 468 918 minavit
490 860 828 934 episcopali,
859 876 933 914 ne
957 857 1083 930 quis
1111 857 1365 929 posthaec
1395 872 1569 928 eques
1598 853 1834 909 oratorii

213 950 374 1007 illius
407 950 724 1022 attingeret
752 948 895 1002 ﬁnes
928 963 942 1000 :
977 946 1261 1019 delegavit
1285 945 1396 1000 illic
1423 961 1652 1017 quoque
1669 960 1735 998 ex
1752 960 1836 998 re-

217 1039 463 1106 ditibus,
491 1043 553 1094 ut
577 1055 705 1093 rem
732 1037 996 1092 Ecclesia
1029 1039 1262 1102 nostras,
1297 1035 1486 1090 villam
1525 1051 1654 1106 quae
1678 1034 1834 1088 Mons

221 1128 535 1184 Francheri
570 1128 643 1198 (6)
674 1130 930 1191 vocatur,
955 1125 1051 1179 ubi
1077 1125 1420 1180 miraculum
1448 1123 1602 1194 quod
1629 1121 1835 1177 accidit

215 1221 286 1272 et
315 1216 622 1273 memoriae
647 1232 800 1270 nunc
821 1214 1152 1278 intervenit,
1177 1213 1338 1268 nefas
1357 1212 1520 1267 silere
1540 1215 1829 1284 putamus.

296 1308 352 1361 8.
376 1305 518 1360 Cum
540 1321 673 1360 casu
692 1319 974 1359 messores
988 1302 1095 1357 sibi
1122 1302 1455 1356 laborarent
1474 1299 1703 1365 heriles,
1745 1297 1830 1352 di-

213 1395 425 1466 rigunt
441 1397 638 1448 sancto
653 1395 1074 1464 conquerentes
1092 1408 1156 1446 ex
1179 1390 1291 1446 suis
1308 1391 1584 1462 legatum,
1600 1387 1831 1442 humili-

215 1486 314 1538 ter
337 1485 642 1537 exorantes
663 1479 985 1535 remedium
1010 1479 1285 1534 adhibere
1315 1476 1833 1550 opportunuanlle

212 1587 358 1626 vero
380 1587 440 1624 se
467 1568 682 1624 misisse
708 1568 816 1622 illis
833 1568 956 1638 jam
978 1567 1172 1622 retulit
1189 1569 1412 1638 potum,
1427 1580 1625 1620 verum
1648 1562 1834 1633 segni-

215 1659 302 1713 tie
337 1657 613 1713 delatoris
648 1657 910 1711 dilatum.
939 1657 1018 1710 Ne
1043 1672 1177 1710 vero
1203 1654 1291 1710 siti
1319 1655 1650 1709 laborantes
1679 1651 1833 1723 peri-

213 1748 565 1803 clitarentur
595 1745 837 1811 diutina,
871 1747 1101 1798 sanctus
1131 1742 1205 1798 all
1256 1744 1446 1798 locum
1497 1740 1830 1808 adveniens,

214 1852 512 1892 messores
530 1834 800 1890 bacillum
821 1851 934 1906 quo
954 1833 1132 1887 iverat
1153 1831 1296 1902 ﬁgit,
1312 1833 1369 1886 et
1396 1830 1603 1885 affectu
1625 1828 1830 1883 intimo

210 1923 414 1979 cordis
440 1922 642 1978 oravit.
675 1922 846 1993 Cujus
877 1919 1156 1976 orationis
1186 1921 1360 1974 verba
1397 1917 1585 1974 cordis
1613 1920 1835 1971 scruta-
1857 1897 1908 1957 Β

215 2018 311 2068 tor
340 2011 582 2076 audivit,
614 2014 672 2065 et
717 2009 848 2066 fons
893 2009 1154 2080 largiflue
1199 2008 1513 2063 scaturiens
1556 2006 1831 2061 continuo

212 2102 434 2173 erupit,
467 2099 790 2154 sitibundos
819 2098 1081 2164 exsatiat,
1114 2096 1385 2152 meritum
1419 2093 1522 2149 viri
1556 2095 1830 2150 declarat.

293 2193 349 2244 9.
382 2187 721 2259 Emporium
753 2203 857 2259 per
881 2186 1030 2240 idem
1055 2188 1285 2258 tempus
1310 2184 1464 2255 quod
1485 2183 1691 2238 dicitur
1703 2182 1834 2236 Dio-

214 2285 357 2331 mmt
387 2277 526 2332 dum
554 2275 898 2348 praeteriret,
926 2291 1056 2329 ecce
1089 2273 1353 2346 quaedam
1383 2272 1591 2327 mulier
1637 2287 1833 2325 accur-

213 2383 380 2431 rens,
425 2363 831 2435 mugitumque
881 2363 1032 2418 vocis
1080 2362 1372 2427 emittens,
1431 2359 1668 2432 vestigia
1711 2360 1833 2430 ejus

217 2454 624 2518 osculabatur;
650 2452 749 2506 sed
767 2468 893 2522 qua:
913 2451 1224 2505 anhelabat
1236 2450 1429 2514 corde,
1444 2448 1669 2503 voceim
1678 2450 1834 2519 plere

213 2542 523 2615 nequibat.
541 2540 804 2595 Substitit
825 2556 987 2611 ergo,
1003 2542 1060 2592 et
1079 2538 1356 2610 populum
1369 2536 1520 2591 circa
1548 2553 1606 2590 se
1643 2540 1832 2591 astan-

214 2635 342 2685 tem
376 2646 644 2702 qusenam
660 2631 827 2694 esset,
849 2627 1178 2699 qumliterve
1201 2627 1256 2680 id
1283 2626 1332 2680 ei
1353 2624 1834 2680 accidissetinter-

214 2719 472 2791 rogavit.
502 2720 575 2772 At
600 2717 680 2772 illi
712 2720 774 2772 ut
817 2717 1066 2770 multum
1105 2714 1389 2786 temporis
1419 2714 1542 2784 jam
1593 2715 1834 2768 ﬂuxerat

214 2808 380 2880 quod
401 2809 568 2862 muta
588 2805 792 2860 effecta
811 2804 1203 2870 sitintimavit,
1220 2806 1278 2858 et
1301 2805 1363 2856 ut
1386 2803 1436 2856 ei
1461 2801 1761 2857 infortunii
1777 2804 1836 2856 et

215 2895 574 2952 infelicitatis
594 2893 857 2949 misereri
883 2893 1157 2964 dignetur
1178 2890 1460 2964 supplices
1479 2907 1682 2945 omnes
1701 2889 1835 2946 offe-

214 2988 360 3040 runt
376 2999 597 3055 preces.
616 2983 684 3036 Et
705 2981 797 3036 ille
825 2999 838 3035 :
867 3004 892 3030 «
917 2982 1039 3036 Non
1057 2981 1201 3046 haec,
1228 2979 1435 3051 inquit,
1455 2983 1654 3034 nostra
1676 2982 1830 3047 sunt,

216 3074 320 3128 sed
345 3075 679 3127 sanctorum
715 3072 972 3136 Patrum,
993 3084 1240 3141 quorum
1275 3085 1380 3122 nos
1406 3084 1684 3140 suppares
1713 3084 1833 3122 esse

217 3161 418 3218 meriti
433 3160 658 3215 utinam
674 3159 1136 3230 contingeretvel
1156 3158 1462 3212 extremi.»
1482 3157 1728 3228 Papulus
1741 3174 1836 3212 au-
1856 3139 1905 3202 ο

214 3257 339 3306 tem
368 3249 596 3320 magnis
615 3247 966 3302 clamoribus
981 3247 1346 3319 suggerebat,
1364 3249 1424 3299 ut
1439 3245 1535 3318 qui
1554 3245 1832 3316 pietatem

215 3344 272 3394 et
308 3337 684 3392 clementiam
724 3352 957 3407 semper
993 3336 1290 3402 docuerat,
1337 3335 1458 3408 ipse
1499 3351 1726 3406 quoque
1773 3334 1831 3389 in

217 3427 458 3483 miseria
478 3425 631 3482 illius
644 3424 998 3480 mulierculas
1016 3424 1355 3496 dignaretur
1378 3424 1701 3478 ostendere.
1726 3423 1832 3488 Qui

215 3519 332 3571 stat
363 3515 578 3588 pietate
605 3517 816 3580 motus,
849 3517 907 3567 et
936 3513 1005 3568 de
1029 3512 1213 3567 verbis
1245 3511 1474 3568 Domini
1508 3529 1634 3584 qua:
1662 3511 1833 3566 disci-

221 3603 377 3676 pulis
407 3603 524 3658 suis
565 3601 914 3676 promiserat
945 3619 958 3656 :
991 3601 1331 3674 Quaecunque
1379 3609 1584 3654 orantes
1620 3602 1827 3672 petitis,

215 3691 497 3747 credentes
527 3693 792 3762 accipietis
821 3689 1019 3762 (Marc.
1053 3707 1131 3752 ιι,
1165 3690 1279 3762 24),
1331 3690 1598 3754 conﬁsus,
1641 3691 1832 3743 totum

214 3799 276 3836 se
311 3781 386 3835 ad
444 3779 755 3835 Dominum
797 3778 1040 3834 contulit
1087 3778 1344 3843 devotus,
1400 3779 1833 3849 prostratusque

209 3871 399 3924 humo
439 3867 708 3938 lacrymis
743 3867 962 3922 orabat.
1001 3865 1275 3922 Oratione
1323 3867 1571 3936 expleta,
1602 3865 1832 3936 signum

210 3960 434 4013 sancta:
459 3957 644 4011 crucis
673 3957 759 4010 ori
789 3958 908 4028 ejus
929 3956 1224 4029 impressit
1250 3973 1263 4011 :
1292 3973 1424 4011 mox
1449 3955 1548 4010 illa
1564 3956 1681 4010 Deo
1706 3971 1833 4027 gra-

210 4048 325 4102 tias
355 4045 576 4101 cunctis
602 4046 968 4101 audientibus
996 4046 1133 4118 egit,
1161 4061 1360 4100 vocem
1384 4044 1729 4100 laudationis
1747 4047 1832 4099 at-

209 4134 389 4201 tollit,
424 4137 484 4189 et
513 4135 766 4206 posthaec
797 4137 913 4189 Deo
947 4135 1157 4189 devota
1187 4133 1528 4206 permansit.

290 4226 380 4279 10.
417 4222 592 4294 Cujus
622 4223 708 4278 rei
738 4223 1128 4278 admiratione
1160 4225 1428 4295 permota
1454 4223 1745 4295 quaedam,
1773 4223 1836 4276 ut

210 4313 423 4379 fertur,
439 4315 646 4384 potens
670 4317 960 4380 matrona,
993 4312 1230 4368 nomine
1259 4313 1482 4384 Aquila,
1516 4312 1674 4382 cujus
1700 4315 1835 4367 tunc

1937 677 2197 750 Cumque
2220 681 2490 734 lectulum
2510 679 3051 752 illiusplurimorum
3078 683 3538 757 circumstiparet

1935 766 2190 823 ﬁdelium
2213 772 2424 833 turma,
2454 768 2524 823 de
2559 769 2821 824 absentia
2849 770 2952 824 viri
2991 771 3173 827 sancti
3203 773 3380 829 ﬂebili
3400 791 3534 830 cum

1935 855 2016 910 eis
2041 859 2126 911 est
2155 873 2290 912 voce
2323 862 2639 930 conquesta
2678 877 2690 914 :
2725 861 2782 914 et
2823 876 2955 914 cum
3002 861 3460 935 interrogaretur
3500 881 3536 919 a

1935 944 2144 999 nostris
2159 947 2248 1001 cui
2264 945 2404 1000 illud
2427 946 2696 1018 delegare
2712 948 2899 1015 vellet,
2924 949 3131 1005 iterata
3163 952 3367 1024 saepius
3396 969 3535 1009 voce

1934 1034 2232 1105 respondit
2256 1053 2268 1089 :
2289 1034 2590 1101 Hadalino,
2612 1035 2914 1104 Hadalino,
2939 1036 3236 1107 Hadalino,
3267 1041 3536 1114 inquam,

1935 1121 2399 1194 beato.Cumque
2427 1125 2849 1195 wantum(8)in
2882 1142 3058 1181 manu
3093 1129 3173 1195 (ut
3210 1130 3389 1185 moris
3431 1135 3538 1201 est)

1933 1211 2198 1284 legaliter
2219 1213 2501 1268 tradenda
2517 1217 2766 1278 teneret,
2785 1216 2842 1268 et
2865 1214 2967 1269 viri
2997 1215 3293 1274 differetur
3322 1219 3535 1275 adven-

1936 1303 2025 1354 tus
2057 1300 2382 1371 exspiravit.
2412 1302 2659 1356 Currens
2681 1305 2874 1356 autem
2909 1303 3143 1359 nuntius
3183 1307 3256 1362 ad
3294 1307 3533 1363 beatum

1935 1387 2032 1461 qui
2061 1391 2198 1442 tunc
2221 1389 2370 1444 forte
2384 1390 2583 1444 aberat
2599 1390 2964 1454 Hadalinum,
2989 1392 3258 1449 indicavit
3283 1395 3335 1449 ei
3359 1398 3416 1450 et
3437 1397 3538 1452 do-

1935 1477 2121 1532 lorem
2149 1477 2454 1532 morientis
2471 1482 2528 1532 et
2545 1495 2775 1533 causam
2798 1480 3095 1536 tradenda:
3112 1481 3217 1537 sibi
3231 1483 3536 1555 possessio-

1935 1565 2040 1620 nis.
2072 1566 2349 1620 Veniente
2376 1566 2569 1638 itaque
2600 1571 2820 1635 sancto,
2854 1573 2911 1624 et
2939 1571 3128 1625 cordis
3153 1572 3275 1643 ejus
3305 1574 3534 1642 pulsum

1934 1670 2112 1708 manu
2141 1654 2411 1721 rimante,
2453 1655 2496 1708 si
2519 1655 2644 1726 jam
2679 1657 2957 1713 exstincta
2981 1659 3239 1714 funditus
3269 1663 3436 1731 esset,
3465 1661 3538 1716 ri-

1932 1745 2134 1814 gentes
2170 1743 2407 1798 occiduo
2435 1760 2568 1797 casu
2599 1743 2870 1799 articulos
2900 1746 3141 1818 (mirum
3189 1748 3365 1814 dictu)
3394 1766 3458 1804 ac
3488 1749 3536 1804 si

1933 1830 2126 1886 vivens
2148 1831 2392 1901 aperuit,
2410 1833 2701 1886 etcunctis
2721 1831 3046 1893 videntibus
3071 1836 3168 1907 qui
3187 1837 3430 1892 aderant
3456 1838 3538 1892 lo-

1935 1935 2064 1974 cum
2097 1920 2264 1974 beato
2297 1919 2665 1975 contradidit.
2704 1921 2881 1990 Hujus
2909 1921 2992 1975 rei
3025 1925 3109 1978 tot
3143 1939 3208 1978 ac
3240 1925 3385 1980 tanti
3415 1925 3535 1980 exi-

1933 2010 2092 2061 stunt
2122 2009 2473 2078 testes,quot
2497 2007 2749 2079 regionis
2778 2007 2927 2062 illius
2953 2014 3220 2064 constant
3247 2011 3536 2066 inhabita-

1935 2100 2107 2152 teres.
2139 2099 2304 2152 Patet
2315 2096 2490 2151 etiam
2506 2097 2714 2151 clarius
2726 2098 2871 2164 luce,
2889 2098 3028 2152 dum
3047 2099 3250 2154 incolae
3264 2101 3538 2155 eumdem

1935 2187 2126 2240 locum
2155 2185 2423 2240 videntur
2447 2185 2762 2256 possidere,
2791 2185 2889 2256 qui
2919 2185 3084 2241 dictis
3111 2187 3289 2243 ﬁdem
3320 2187 3541 2245 faciunt

1936 2290 2113 2346 usque
2142 2273 2337 2332 hodie.

2007 2366 2028 2417 ‘l
2047 2366 2067 2416 l
2083 2405 2096 2420 .
2117 2363 2473 2418 Procedente
2486 2379 2681 2418 rursus
2698 2367 2964 2436 tempore
2981 2365 3179 2419 taurus
3193 2381 3326 2419 casu
3347 2367 3534 2436 petul~

1935 2467 2032 2505 cus
2058 2451 2269 2506 ostium
2291 2451 2588 2520 cujusdam
2612 2451 2939 2523 eﬁ'regerat.
2958 2453 3215 2525 Cumque
3237 2453 3359 2524 ejus
3379 2452 3542 2509 inha-

1935 2539 2164 2594 bitatrix
2191 2540 2528 2594 muliercula
2542 2540 2591 2610 ej
2603 2541 2756 2594 ulatu
2775 2539 3128 2596 ﬂebilissimo
3149 2546 3356 2597 cuncta
3378 2559 3537 2598 com-

1934 2629 2140 2700 pleret,
2159 2628 2330 2683 heros
2342 2627 2630 2700 benignus
2647 2628 2851 2696 adfuit,
2867 2645 3114 2700 eamque
3131 2629 3269 2701 quid
3280 2631 3386 2686 sibi
3399 2631 3542 2686 acci-

1935 2716 2085 2772 derit
2113 2719 2176 2770 ut
2201 2716 2288 2771 his
2317 2732 2415 2771 eos
2434 2717 2785 2772 clamoribus
2814 2715 3535 2788 congregaretinquisivit:

1935 2805 2281 2877 cognitaque
2303 2805 2385 2860 rei
2411 2806 2672 2872 notione,
2689 2822 2815 2860 eam
2833 2806 3046 2860 solatus
3063 2807 3148 2859 est
3170 2804 3392 2861 dicens:
3408 2823 3439 2857 α
3457 2804 3539 2860 Ne

1935 2893 2290 2964 perturberis
2315 2894 2526 2948 misera
2548 2893 2606 2948 in
2630 2893 2902 2966 tugurioli
2929 2893 3010 2948 tui
3023 2892 3213 2958 ruina,
3234 2892 3334 2947 sed
3353 2892 3539 2965 magis

1935 2981 2102 3038 bonis
2131 2982 2406 3054 operibus
2435 2984 2694 3048 elabora,
2724 2987 2786 3037 ut
2815 2983 2874 3036 in
2915 2981 3013 3035 illa
3047 2998 3161 3053 qua
3208 2980 3541 3036 mansiones

1935 3071 2131 3124 multa:
2161 3075 2295 3124 sunt
2325 3071 2604 3125 merearis
2634 3070 2756 3125 ﬁeri
2788 3069 2998 3125 incola.
3037 3091 3066 3118 »
3099 3071 3166 3125 Et
3194 3070 3318 3125 haec
3347 3069 3541 3124 dicens

1936 3157 2147 3212 ostium
2173 3143 2765 3230 signaVitJntegritati
2787 3158 3041 3230 pristinae
3068 3158 3243 3214 verbo
3263 3158 3538 3226 reddidit,

1936 3245 2322 3301 admiratione
2349 3250 2555 3301 cuncta
2591 3247 2852 3319 replevit,
2884 3246 3420 3320 sequejactantiam
3458 3247 3544 3302 fu-

1935 3332 2126 3404 gitans
2155 3334 2412 3389 concitus
2444 3334 2685 3392 abdidit.

2012 3427 2095 3478 l2.
2146 3423 2373 3495 Pauper
2414 3423 2591 3494 igitur
2632 3423 2854 3496 spiritu,
2888 3422 3022 3496 quia
3067 3439 3200 3479 casu
3245 3423 3542 3496 nequibat,

1935 3511 2142 3567 affectu
2172 3528 2423 3584 regnum
2437 3513 2712 3567 caelorum
2727 3528 2922 3567 emere
2935 3512 3344 3579 contendebat,
3359 3513 3542 3566 mitis-

1936 3601 2196 3672 simaque
2221 3604 2417 3654 mente
2432 3603 2649 3655 terram
2671 3598 2982 3654 viventium
2999 3599 3294 3669 possidere
3313 3600 3544 3655 sedulus

1935 3690 2260 3756 affectabat,
2295 3705 2544 3761 cumque
2566 3689 2811 3744 esuriret
2830 3691 2888 3743 et
2915 3687 3099 3743 sitiret
3119 3686 3422 3759 justitiam,
3461 3705 3544 3744 sa-

1934 3778 2066 3834 tiari
2089 3795 2219 3833 cum
2242 3778 2444 3834 Christi
2470 3777 2938 3833 manifestaretur
2956 3775 3143 3848 gloria
3167 3775 3545 3843 ambiens,fa-

1936 3885 2094 3923 mam
2111 3868 2301 3923 saeculi
2330 3884 2434 3939 pro
2460 3867 2641 3922 nihilo
2669 3866 2932 3922 ducebat.
2956 3866 3044 3933 Et,
3063 3868 3127 3921 ut
3148 3867 3329 3922 Deum
3344 3868 3543 3923 mente

1934 3956 2283 4028 conciperet,
2300 3955 2769 4029 limpidissimum
2784 3954 2972 4010 cordis
2985 3955 3216 4010 oculum
3239 3971 3273 4008 a
3299 3953 3542 4009 malivo-

1935 4045 2114 4101 lentia
2147 4049 2206 4100 et
2234 4045 2597 4100 saecularium
2635 4061 2906 4100 curarum
2937 4045 3170 4116 pulvere
3201 4059 3543 4100 conservare

1934 4135 2220 4190 studebat.
2255 4135 2323 4188 Et
2350 4134 2484 4189 licet
2512 4150 2645 4189 caro
2678 4133 2947 4189 adversus
2976 4133 3270 4205 spiritum,
3311 4131 3542 4204 spiritus

1936 4226 2130 4278 autem
2161 4223 2429 4278 adversus
2461 4239 2697 4278 carnem
2718 4221 2868 4294 (Gal.
2900 4239 2956 4291 v,
2991 4222 3097 4295 l7),
3132 4223 3272 4278 dum
3310 4225 3545 4277 terrena

1938 4310 2278 4366 inhabitatio
2292 4327 2522 4365 sensum
2538 4311 3022 4383 deprimit,multa
3033 4311 3387 4384 cogitantem
3399 4326 3546 4366 sem-

208 4403 346 4456 erat
369 4401 659 4472 Anthegia
678 4401 758 4472 (7)
781 4402 913 4456 villa
933 4400 1252 4468 notissima,
1273 4401 1432 4455 dedit
1458 4402 1574 4454 Deo
1603 4400 1676 4454 ad
1703 4416 1833 4454 san-
1859 4419 1912 4478 D
1937 4414 2042 4471 per
2066 4397 2468 4468 concupiscere
2494 4399 2695 4466 soleat,
2730 4415 2933 4472 pacem
2970 4399 3076 4456 iste
3119 4398 3428 4454 miriﬁcam
3458 4399 3544 4453 fa-

209 4489 288 4544 cti
323 4489 784 4543 sustentaculum
821 4488 1082 4554 Russina,
1115 4487 1270 4559 quod
1311 4487 1518 4542 dicitur
1555 4487 1832 4541 Mansum.

210 4577 336 4632 Hoc
362 4577 626 4649 exemplo
661 4579 718 4631 et
744 4578 925 4632 altera
955 4577 1225 4648 quendam
1257 4576 1423 4632 Guiza
1447 4579 1668 4642 vocata,
1701 4592 1834 4630 cum

209 4665 454 4720 tradere
481 4667 597 4720 Deo
623 4682 726 4737 per
749 4682 989 4720 manum
1009 4665 1270 4736 ejusdem
1295 4664 1607 4720 beatissimi
1637 4665 1835 4720 videli-

214 4757 311 4808 cet
341 4752 607 4808 Hadalini
641 4753 924 4825 praedium
957 4754 1114 4825 quod
1146 4754 1290 4808 Veltz
1313 4753 1615 4809 dicebatur
1640 4756 1832 4820 vellet,

209 4857 554 4914 cognomen
586 4858 620 4896 a
645 4843 918 4896 vocabulo
952 4843 1246 4898 deducens
1274 4843 1477 4910 sancti,
1495 4844 1748 4898 Montem
1774 4844 1834 4902 S.

213 4929 492 4985 Hadalini
535 4929 594 4984 in
626 4933 924 5001 posterum
973 4931 1162 4986 vocari
1198 4931 1475 5002 disposuit
1508 4949 1520 4986 :
1557 4931 1838 4987 didicerat

211 5035 473 5091 namque
503 5018 664 5091 quod
685 5019 1012 5089 redemptio
1041 5020 1255 5075 anima:
1285 5020 1393 5075 viri
1439 5020 1648 5076 divitiae
1691 5021 1832 5092 ejus.

291 5141 377 5214 (5)
409 5142 554 5198 Hinc
585 5159 705 5198 non
740 5143 1038 5198 immerito
1080 5144 1301 5215 colligit
1345 5145 1650 5200 Bollandus
1678 5145 1838 5201 istius

213 5215 362 5269 Vita
380 5217 684 5296 auctorem
708 5232 828 5296 esse
848 5215 1600 5296 Notgerum-Leodicensem
1617 5215 1835 5296 episco-

254 5302 377 5353 um,
402 5287 502 5367 qui
532 5288 702 5410 pgura
721 5286 772 5339 id
802 5285 985 5350 genus
1016 5285 1228 5357 scripta
1261 5286 1601 5366 lucubravit,
1631 5285 1838 5358 istique

254 5359 480 5410 00183183
502 5372 536 5410 a
603 5373 760 5410 anno
784 5359 876 5409 971
906 5356 979 5410 ad
1002 5360 1136 5410 1007
1170 5357 1420 5410 ω’ίείύιι.

258 5359 480 5412 cclesiae
502 5359 577 5411 ab
603 5373 760 5410 anno
784 5359 876 5409 971
906 5359 979 5410 ad
1002 5360 1136 5410 1007
1170 5359 1420 5429 praefuit.

284 5428 364 5502 (6)
392 5429 562 5508 Vicus
586 5431 675 5482 est
706 5426 860 5508 inter
893 5427 1481 5508 Garolorno_11tium_et
1507 5426 1836 5508 lifarimbur-

212 5497 353 5580 gum
381 5499 626 5574 Oppida,
662 5497 736 5552 ad
770 5498 1078 5552 canonicos
1097 5499 1385 5553 Cellenses
1408 5497 1695 5569 hodieque
1713 5515 1839 5568 per-

213 5576 549 5718 “???sﬁnth
560 5638 917 5719 egiaz‘vulgo
933 5639 992 5719 ΔΑ
1005 5639 1179 5719 ῃξζιόει,
1194 5640 1354 5719 estin
1377 5640 1570 5719 medio
1605 5605 1832 5719 itinere,

204 5711 318 5792 quo
336 5711 407 5774 ex
436 5712 666 5786 oppido
699 5711 989 5766 Dionanto
1023 5711 1281 5767 Florinas
1318 5711 1454 5779 itur,
1484 5711 1671 5786 inquit
1703 5713 1827 5770 Bol-

235 5358 252 5372 Ἴ

1939 4486 2115 4553 ciens,
2130 4485 2398 4556 spiritum
2415 4485 2596 4552 carni,
2613 4487 2795 4541 Deum
2821 4487 3042 4558 spiritui
3059 4485 3350 4544 dominari
3363 4486 3546 4557 vigori

1937 4573 2326 4646 compellebat
2363 4573 2551 4640 herili,
2585 4579 2648 4628 ut
2677 4576 2860 4630 Deum
2885 4577 3160 4631 caelorum
3207 4576 3266 4630 in
3299 4574 3436 4630 Sion
3465 4574 3546 4629 vi-

1937 4666 2074 4721 dere
2085 4666 2134 4737 ej
2145 4680 2322 4736 usque
2337 4663 2585 4718 excubiis
2596 4665 2918 4718 mereretur
2929 4663 3212 4720 indeﬁcue
3226 4665 3545 4731 adherere,

1937 4757 1996 4809 et
2020 4753 2170 4809 ﬁlius
2203 4752 2302 4808 Dei
2334 4768 2453 4807 non
2479 4751 2716 4822 quidem
2744 4754 2973 4818 natura,
3005 4767 3204 4807 verum
3238 4752 3426 4824 gratia
3445 4768 3545 4806 vo-

1937 4843 2055 4898 cari
2081 4847 2139 4898 et
2152 4859 2294 4898 esse.
2309 4841 2460 4898 Sane
2478 4841 2842 4896 internorum
2855 4839 3143 4896 bonorum
3168 4858 3403 4898 suorum
3425 4839 3545 4897 for-

1937 4947 2064 4986 mas
2090 4934 2150 4986 et
2175 4931 2393 5002 species
2423 4929 2568 4985 sicut
2596 4946 2772 4984 nemo
2799 4928 2873 4983 ad
2902 4929 3140 4999 plenum
3159 4929 3346 5000 potuit
3371 4929 3548 5002 inspi-

1939 5036 2092 5086 cere,
2129 5019 2209 5074 ita
2242 5036 2415 5075 nemo
2465 5018 2676 5074 sufﬁcit
2729 5015 3011 5089 explicare
3043 5032 3055 5070 :
3090 5031 3228 5086 quas
3263 5017 3408 5071 sicut
3449 5017 3550 5073 illa

1938 5144 2365 5287 Ιᾶἳὲῗῗναηῑος
2394 5231 2492 5287 seu
2521 5211 3052 5287 chirothecas,Galli
3068 5217 3228 5287 gants
3244 5211 3549 5287 vernaculo

1941 5281 2172 5342 vocant.
2207 5287 2403 5341 Varios
2435 5285 2577 5339 ritus
2605 5283 2904 5356 tradendae
2935 5281 3326 5356 possessionis,
3349 5297 3447 5350 per
3462 5281 3545 5356 [e-

1940 5365 2149 5413 stucam
2188 5359 2296 5411 sive
2325 5358 2565 5428 juncum
2604 5362 2708 5408 aut
2730 5352 2995 5428 sciipufn,
3026 5370 3127 5424 per
3163 5354 3404 5423 cespitem
3443 5352 3551 5405 sive

1940 5428 2172 5500 glebam,
2196 5445 2296 5497 per
2328 5425 2548 5496 'virgam
2585 5443 2688 5500 seu
2723 5425 2990 5493 baculum,
3031 5442 3130 5500 per
3172 5430 3414 5500 wantum
3460 5437 3552 5476 seu

1942 5495 2318 5564 c/zirothecam,
2361 5514 2460 5568 per
2508 5496 2780 5550 cultellum
2827 5513 2948 5550 cum
2993 5495 3183 5568 cespite
3193 5502 3274 5568 “et
3320 5495 3548 5564 festuca,

1941 5571 2201 5649 aliosque
2234 5569 2304 5649 ab
2334 5566 2586 5649 antiquis
2608 5571 2920 5649 usurpatos
2958 5566 3550 5649 referLHieronxmus

1937 5636 2253 5769 gégrpo—nius
2282 5640 2340 5696 in
2367 5636 2524 5696 Notis
2555 5639 2627 5696 ad
2657 5636 2828 5708 libfr,
2857 5656 2986 5714 cap.
3017 5638 3084 5695 l3
3112 5636 3548 5695 FormuIIMar-

1934 5729 2064 5770 Clllll
2073 5757 2085 5771 .
