3892 6214
377 459 510 515 1147

1471 445 1764 509 NOTGERI
1810 447 2214 509 LEODIENSIS
2273 452 2587 509 EPISCOPI

3559 461 3686 517 1148

311 631 316 636 .
381 577 598 632 studuit
627 577 888 632 excolere
915 575 994 631 ita
1027 578 1085 630 et
1122 573 1402 630 laboravit
1431 575 1708 640 occulere,
1738 576 1814 640 et,
1849 589 1980 627 cum
2003 574 2057 634 Α
2087 572 2413 644 patiamini,
2434 573 2915 646 qumso,transire
2938 574 3535 650 incassum.Quisquis
3555 595 3691 652 ergo

376 667 500 721 haec
524 666 694 720 vellet
718 663 941 736 augeri,
981 663 1216 718 nolebat
1245 662 1479 733 agnosci
1509 663 1807 732 neglector
1829 662 1984 733 quie-

375 753 468 819 tis,
510 753 713 825 refuga
760 752 1086 823 voluptatis,
1134 750 1423 822 appetitor
1464 750 1712 817 laboris;
1760 750 1984 820 patiens

372 842 730 913 abjectionis,
759 841 1070 912 impatiens
1091 838 1330 893 honoris
1354 855 1367 904 ;
1398 855 1616 909 pauper
1633 838 1691 892 in
1719 839 1982 910 pecunia,

375 931 529 987 dives
560 932 618 986 in
651 930 1028 997 conscientia,
1062 927 1302 982 humilis
1334 927 1407 981 ad
1452 927 1682 993 merita,
1709 928 1986 997 superbus

372 1022 445 1078 ad
476 1022 614 1076 vitia
650 1040 662 1076 :
696 1022 853 1076 nulla
878 1019 958 1074 illi
1004 1035 1070 1072 ex
1119 1016 1389 1072 omnibus
1433 1015 1776 1086 propensior
1826 1032 1981 1085 cura,

369 1111 476 1166 nisi
511 1113 610 1164 aut
640 1111 709 1164 de
731 1112 846 1165 Deo
875 1109 935 1163 in
958 1106 1208 1162 lectione
1233 1108 1403 1176 atque
1432 1109 1983 1171 sermone,autcum

370 1200 486 1254 Deo
523 1198 580 1253 in
615 1197 878 1253 oratione
910 1197 1262 1266 loqueretur.

444 1286 526 1342 l3.
565 1291 672 1342 Per
701 1289 866 1359 plura
895 1301 1034 1356 ergo
1075 1285 1162 1354 (9)
1205 1298 1493 1337 annorum
1538 1281 1820 1336 curricula
1870 1283 1980 1336 illic

368 1373 1139 1446 eommorans,sanetissima
1174 1370 1608 1425 conversatione
1641 1375 1768 1442 post
1811 1371 1980 1441 hujus

371 1465 498 1519 vita:
541 1463 918 1518 multimodos
934 1461 1199 1517 laborum
1234 1475 1518 1526 excursus,
1542 1475 1647 1528 per
1675 1461 1841 1529 plura
1878 1460 1979 1512 he-

370 1554 712 1608 netlciorum
753 1561 812 1606 et
842 1552 1262 1606 miraculorum
1295 1549 1624 1615 commoda,
1650 1548 1978 1602 hominibus

371 1645 606 1712 Deoque
622 1642 828 1695 charus
842 1643 1127 1704 ostensus,
1155 1637 1308 1692 diem
1339 1637 1443 1690 sibi
1467 1637 1780 1692 vocationis
1805 1637 1980 1691 intel-

369 1727 555 1799 ligens
577 1727 910 1792 imminere,
933 1725 1030 1796 qui
1043 1727 1515 1794 recompensaret
1534 1724 1726 1778 honor
1749 1723 1804 1777 in
1829 1723 1983 1777 caelis

374 1815 712 1888 quodlabor
735 1815 968 1869 triverat
986 1813 1046 1866 in
1075 1813 1269 1879 terris;
1302 1828 1532 1866 morem
1569 1829 1770 1882 gerere
1791 1812 1984 1864 decre-

373 1905 455 1959 vit
485 1903 773 1976 subjectis.
811 1904 962 1968 Quos
1000 1901 1303 1956 accersitos
1339 1900 1538 1954 ﬁdeles
1578 1917 1832 1971 quosque
1867 1917 1982 1954 non

375 1992 531 2064 parvi
577 1991 807 2049 numeri
849 1993 984 2045 ante
1029 2007 1089 2044 se
1133 1989 1352 2061 positos
1383 1991 1438 2042 et
1485 1989 1556 2042 de
1589 1989 1849 2042 abscessu
1880 2005 1982 2042 suo

373 2084 607 2136 maestos
629 2081 716 2135 his
742 2079 959 2134 ultimis
998 2080 1212 2133 solatus
1241 2080 1325 2130 est
1353 2076 1573 2130 verbis:
1596 2095 1626 2128 α
1655 2077 1814 2141 Ecce,
1849 2077 1982 2130 cha-

373 2169 582 2225 rissimi
624 2172 818 2224 Patres
864 2173 1038 2240 atque
1083 2166 1464 2221 amantissimi
1495 2166 1721 2230 fratres,
1753 2170 1984 2237 tempus

375 2259 741 2314 resolutionis
755 2275 900 2312 mea:
925 2258 1119 2322 instat,
1139 2273 1251 2326 quo
1275 2257 1397 2309 lucc
1412 2255 1703 2325 torpentia
1721 2257 1986 2308 membra

376 2348 606 2418 spiritus
635 2347 948 2418 relinquat,
970 2345 1270 2414 judieique
1295 2361 1394 2397 suo
1424 2344 1859 2413 praasentandus
1890 2360 1986 2396 oc-

376 2440 589 2492 currat.
619 2437 743 2492 Non
770 2452 864 2490 me
893 2437 1072 2488 terret
1106 2437 1415 2504 proventus
1447 2433 1793 2487 conditionis
1823 2433 1984 2487 omni

377 2526 609 2581 mortali
630 2524 974 2587 communis,
1008 2539 1136 2575 cum
1170 2525 1292 2575 tota
1324 2522 1670 2591 sapientium
1697 2522 1987 2575 vitacom-

377 2613 660 2668 mentatio
689 2612 898 2666 debeat
927 2627 1050 2665 esse
1085 2610 1324 2676 mortis;
1368 2609 1525 2663 vobis
1567 2609 1750 2679 magis
1785 2610 1983 2677 timeo,

379 2718 524 2772 quos
547 2699 850 2754 salvandos
871 2698 1225 2753 omnimodis
1243 2700 1387 2752 volo.
1426 2699 1506 2751 En
1540 2715 1648 2769 ego
1673 2698 1822 2752 viam
1858 2697 1988 2752 uni-

381 2807 558 2845 versae
588 2788 775 2842 carnis
795 2805 921 2842 sum
962 2787 1343 2858 ingressurus,
1377 2790 1435 2841 et
1465 2787 1537 2841 ad
1573 2804 1671 2841 vos
1720 2787 1986 2858 deinceps

387 2895 504 2933 non
538 2893 899 2943 reversurus;
927 2892 1026 2929 vos
1048 2892 1277 2947 quoque
1300 2875 1630 2941 morituros,
1655 2876 1982 2944 charissimi,

378 2967 602 3034 scitote,
630 2965 874 3037 ideoque
903 2964 1255 3036 paenitentiae
1287 2968 1517 3037 tempus
1546 2965 1834 3020 indultum
1866 2982 1984 3020 non

2083 665 2332 716 vestrum
2348 663 2737 734 cujuscunque
2751 662 3009 717 criminis
3030 680 3090 718 se
3111 664 3286 719 sentit
3308 668 3692 737 perpetratio-

2084 767 2156 803 ne
2183 753 2746 822 maculatum,atque
2760 753 2925 806 fovea
2948 751 3185 822 majoris
3209 754 3430 824 peccati
3456 755 3693 828 absorp-

2084 842 2232 901 tum,
2263 839 2374 894 cito
2417 840 2647 895 salubre
2689 857 2792 894 suo
2844 844 3132 913 supponat
3169 843 3390 898 vulneri
3443 844 3696 900 medica-

2086 931 2371 985 mentum.
2406 930 2555 983 Dum
2573 929 2748 1000 judex
2769 929 3016 1001 porrigit
3035 931 3338 1002 pmnitenti
3370 932 3695 988 misericor-

2086 1017 2195 1071 diae
2222 1035 2486 1085 manum,
2522 1035 2594 1073 en
2632 1021 2792 1090 patet
2818 1019 2958 1073 dum
2990 1019 3248 1074 advivitis
3266 1021 3450 1091 janua
3483 1023 3699 1078 miseri-

2084 1106 2319 1173 cordiae,
2365 1124 2493 1180 quae
2535 1110 2664 1178 post
2708 1111 2959 1162 mortem
3021 1107 3356 1177 obstruitur,
3407 1112 3534 1165 sola
3600 1128 3700 1182 pa-

2086 1197 2245 1248 tente
2285 1212 2412 1266 quae
2449 1198 2887 1266 contemptores
2909 1200 3337 1267 praeceptorum
3367 1199 3701 1256 Dominico-

2083 1300 2214 1337 rum
2249 1283 2687 1356 desertoresque
2717 1283 3041 1356 puniendos
3088 1285 3357 1356 suscipiat
3388 1293 3561 1358 porta
3599 1305 3702 1360 ge-

2083 1373 2314 1428 hennae.
2374 1374 2621 1428 Obsecro
2671 1373 2866 1444 itaque
2910 1390 3009 1428 vos
3054 1391 3160 1446 per
3203 1374 3516 1441 Christum,
3550 1380 3614 1430 ut
3642 1377 3702 1432 in

2082 1476 2194 1530 quo
2228 1478 2326 1515 vos
2357 1462 2534 1516 nostis
2559 1463 2841 1516 hactenus
2874 1461 3125 1516 deviasse
3165 1479 3200 1516 a
3234 1479 3390 1528 vero,
3436 1464 3696 1518 reconci-

2080 1548 2206 1602 liari
2241 1549 2479 1619 satagite
2510 1552 2647 1607 Deo.
2681 1550 2873 1615 Orate,
2907 1552 2971 1604 ut
2999 1566 3098 1604 vos
3127 1552 3460 1621 evangelica
3487 1553 3696 1608 admo-

2081 1640 2180 1690 net
2215 1639 2406 1704 lectio,
2436 1655 2509 1693 ne
2545 1639 2646 1692 ﬁat
2673 1638 2813 1709 fuga
2844 1641 3031 1694 vestra
3070 1638 3263 1693 hieme
3308 1641 3393 1694 vel
3444 1640 3704 1696 Sabbato

2084 1724 2316 1795 (Matth.
2352 1729 2626 1796 xx1v,20).
2652 1727 2775 1790 Quo
2804 1729 2932 1781 loco
2963 1730 3174 1782 nostra).
3207 1744 3300 1782 res
3323 1727 3445 1782 sitae
3471 1730 3611 1796 sint,
3644 1730 3704 1784 in

2083 1831 2400 1870 commune
2423 1814 2656 1881 videtis;
2701 1818 2758 1869 et
2784 1815 2920 1886 quia
2949 1815 3041 1869 hic
3072 1816 3323 1870 mundus
3350 1816 3411 1870 in
3443 1817 3707 1889 maligno

2086 1903 2308 1974 positus
2337 1901 2408 1956 sit
2435 1903 2493 1972 (Ι
2518 1903 2682 1957 Joan.
2717 1921 2768 1967 v,
2805 1903 3096 1972 l9),juxta
3129 1919 3356 1958 mecum
3387 1921 3595 1960 omnes
3625 1910 3712 1960 at-

2087 1989 2396 2044 tenditis.»
2433 1993 2567 2044 Post
2593 1991 2696 2044 has
2723 1991 2916 2044 dulces
2949 1994 3204 2062 paternas
3235 1991 3462 2063 pietatis
3495 1994 3714 2049 admo-

2088 2078 2339 2134 nitiones
2371 2083 2429 2133 et
2459 2083 2721 2133 extrema
2749 2077 3050 2133 ebaritatis
3077 2079 3252 2134 verba
3283 2079 3518 2134 modica
3543 2082 3710 2136 febre

2087 2170 2363 2238 pulsatus,
2398 2170 2456 2222 et
2504 2167 2854 2222 sacrosancti
2887 2167 3145 2238 corporis
3172 2171 3230 2221 et
3261 2168 3557 2239 sanguinis
3590 2172 3707 2225 Do.-

2090 2257 2232 2311 mini
2256 2257 2460 2310 viatico
2489 2257 2886 2320 conﬁrmatus,
2936 2255 3046 2310 illis
3093 2255 3420 2311 dolentibus
3462 2261 3523 2312 et
3556 2259 3708 2313 ﬂen-

2088 2345 2258 2410 tibus,
2289 2344 2409 2416 ipse
2437 2348 2632 2398 autem
2665 2345 2956 2398 exsultans
2987 2343 3155 2398 tertio
3187 2345 3380 2398 Nonas
3409 2345 3708 2402 Februarii

2087 2433 2352 2505 pervenit
2381 2434 2454 2487 ad
2473 2451 2605 2488 eum
2636 2449 2809 2505 quem
2835 2449 3066 2504 semper
3088 2433 3710 2500 desideraverat,Chri-

2089 2527 2263 2577 stum.
2281 2523 2499 2592 Corpus
2527 2523 2574 2592 ej
2587 2539 2650 2576 us
2671 2521 2988 2576 honorifice
3011 2525 3271 2576 curatum
3295 2539 3428 2576 cum
3452 2525 3711 2580 melodia

2091 2614 2450 2684 psalmorum
2485 2614 2543 2665 et
2569 2613 2924 2681 hymnorum
2957 2611 3017 2664 in
3048 2612 3174 2665 loco
3206 2627 3321 2680 quo
3349 2610 3472 2683 ipse
3507 2613 3708 2668 decre-

2091 2703 2250 2754 verat
2289 2704 2373 2754 est
2400 2702 2722 2770 sepultum:
2753 2700 2849 2754 ubi
2885 2716 2988 2770 per
3017 2699 3140 2770 ejus
3177 2700 3387 2754 merita
3426 2702 3711 2759 Dominus

2091 2807 2269 2861 usque
2301 2791 2356 2845 in
2395 2806 2648 2860 prmsens
2679 2792 2956 2860 operatur
2980 2788 3396 2844 miraculorum
3423 2791 3714 2848 beneﬁcia

2091 2878 2163 2931 ad
2190 2879 2420 2932 laudem
2442 2882 2500 2932 et
2530 2878 2779 2949 gloriam
2811 2877 3067 2934 nominis
3093 2877 3199 2945 sui,
3225 2879 3383 2949 quod
3414 2882 3503 2934 est
3532 2881 3709 2936 bene-

2093 2967 2309 3021 dictum
2343 2967 2401 3021 in
2432 2969 2660 3023 saecula.

375 3129 3676 3167 *Μ

1467 3283 2599 3434 NOTGEBI

1164 3540 1594 3603 PRzEFATIO
1640 3541 1752 3601 AD
1801 3539 2059 3602 VITAM
2105 3539 2398 3602 SANCTI
2442 3539 2922 3603 LANDOALDI

1487 3715 1654 3785 (Vide
1676 3730 1840 3786 supra
1873 3718 1928 3769 in
1958 3716 2270 3783 HERIGERO,
2305 3717 2411 3771 col.
2447 3720 2592 3781 222.)

957 4026 1409 4166 VITA
1501 4027 2177 4168 SANCTI
2269 4029 3105 4170 REMACLI

1597 4251 2098 4306 TRAJECTENSIS
2142 4251 2459 4306 EPISCOPI

1742 4399 1790 4453 A
1804 4406 1982 4453 uctore
2031 4399 2289 4453 Norasne

1493 4547 1740 4618 (Sumus,
1781 4522 1926 4632 Acta
1969 4554 2276 4603 sanctorum
2298 4547 2448 4619 δεμ.
2477 4551 2554 4613 3.)

1094 4829 1604 4920 NOTGERI
1681 4771 2200 4922 EPISCOPI
2275 4835 2953 4924 LEODIENSIS

965 5005 1060 5059 AD
1145 5003 1618 5060 VERINFRIDUM
1701 5007 2020 5063 ΑΒΒΑΤΕΜ
2103 5008 2436 5064 EPISTOLA
2520 5007 3083 5063 NUNCUPATORIA.

436 5133 746 5199 Noresnus,
780 5147 974 5202 quem,
1017 5130 1120 5185 etsi
1161 5130 1492 5200 indignum,
1529 5131 1752 5187 Sancta:
1782 5133 1968 5189 Marias
2011 5139 2057 5196 C
2084 5134 2440 5208 episcopum,
2469 5135 2823 5188 Wanmrmno
2855 5133 3169 5188 venerabili
3196 5134 3258 5189 in
3294 5134 3521 5188 Christo
3551 5132 3693 5204 patri

361 5221 669 5294 Sanctique
697 5218 989 5275 Lamberti
1019 5219 1379 5290 mancipium
1410 5219 1729 5292 pradicant
1777 5224 1973 5277 tamen
2075 5228 2132 5278 et
2160 5223 2554 5279 consacerdoti
2583 5223 2780 5278 salutis
2821 5226 3055 5277 mternze
3089 5223 3436 5280 subsidium.

436 5365 516 5438 (9)
536 5367 600 5420 In
622 5363 959 5436 apographo
986 5361 1344 5438 Andaiuensi
1385 5363 1598 5438 legitur
1631 5381 1644 5438 :_
1677 5364 1787 5438 Per
1813 5366 1977 5437 plura

371 5435 620 5493 (redeam
651 5435 917 5489 annorum
937 5435 1228 5488 curricula.
1263 5435 1475 5488 Verum
1506 5435 1718 5490 diutius
1763 5435 1830 5490 ini
1852 5455 1975 5492 mo-

372 5506 626 5562 nasterio
651 5523 684 5559 a
709 5522 768 5559 se
791 5504 1024 5576 condito
1045 5508 1413 5560 conversatus
1439 5509 1524 5560 est
1545 5507 1875 5576 Hadalinus,
1905 5507 1976 5563 si-

371 5577 606 5652 quidem
630 5579 800 5652 n_otus
822 5575 931 5652 fuit
955 5575 1204 5652 Pippino
1226 5577 1652 5648 Majoridomus,
1669 5581 1764 5652 qui
1788 5579 1976 5652 Pippi-

374 5645 480 5702 nus
510 5647 601 5701 hic
629 5645 702 5700 ab
733 5649 967 5700 auctore
982 5645 1078 5700 res
1097 5645 1445 5712 dictusfnon
1467 5653 1600 5705 ante
1625 5645 1977 5705 annum-687

263 5734 275 5744 ‘
368 5717 568 5788 palatii
596 5714 939 5787 praefectura
955 5715 1144 5786 quiete
1172 5720 1383 5786 potitus
1404 5721 1507 5772 est.
1529 5721 1688 5775 Unde
1711 5721 1767 5778 S.
1795 5722 1979 5777 llada-

2079 5365 2180 5420 lini
2211 5365 2433 5422 obitum
2478 5383 2632 5420 anno
2664 5365 2813 5420 circa
2844 5368 2949 5420 690
2983 5364 3418 5436 consignamus.
3451 5367 3688 5422 Sacrum

2081 5438 2128 5508 ej
2142 5455 2202 5490 us
2220 5437 2550 5509 corpusillic
2577 5437 2791 5509 quievit
2821 5437 3145 5509 adiannugm
3178 5455 3361 5509 usque
3389 5441 3546 5503 1338,
3580 5453 3688 5509 quo

2080 5507 2136 5562 in
2172 5507 2452 5580 oppidum
2479 5507 2731 5580 Visetum
2765 5507 3127 5562 Leodicensis
3153 5507 3429 5580 didicesis
3459 5509 3529 5563 ad
3555 5507 3686 5563 dex-

2081 5578 2426 5652 trauigMosa!
2453 5578 2640 5652 ripam
2682 5578 2969 5652 invectum
3003 5582 3106 5644 est,
3137 5578 3494 5652 cellensihus
3518 5596 3685 5652 cano-

2081 5649 2223 5706 nicis
2241 5649 2421 5705 isthuc
2442 5649 2733 5704 translatis
2759 5650 2830 5704 ob
2853 5650 3135 5706 baronum
3164 5649 3514 5706 Cellensium
3543 5651 3686 5704 infe-

2079 5721 2373 5777 stationes.
2407 5723 2535 5778 Haec
2563 5722 2860 5776 translatio
2894 5739 2923 5774 ν
2951 5721 3081 5776 ldus
3110 5722 3314 5778 Octob.
3344 5724 3686 5778 celebratur.
