3892 6214
202 365 349 416 H53

1560 362 1716 418 Vl'l‘A
1755 362 1812 418 S.
1855 361 2178 419 REMACLI.

3394 367 3528 422 “5‘

190 481 309 535 sub
341 479 514 535 beato
560 478 826 551 Sulpitio,
871 479 929 534 in
970 481 1128 552 cuius
1172 482 1456 536 honorem
1495 485 1720 537 constat
1747 483 1893 545 abA
1920 481 2054 554 ipsis
2074 481 2181 537 nisi
2214 482 2451 537 beatum
2469 482 2805 538 Remaclum
2827 483 3160 555 episcopum
3185 483 3415 555 praefeci
3437 486 3534 540 de-

191 569 416 623 eodem
463 571 664 624 sancto
709 567 832 622 viro
874 570 1186 640 permultas
1228 569 1286 624 in
1332 574 1528 625 nostra
1594 571 1822 626 dioecesi

191 655 473 711 ecclesias
503 653 739 710 dicatas.
770 655 874 710 Ubi
903 659 1100 711 autem
1147 655 1416 725 adolevit,
1459 662 1518 711 et
1559 662 1731 730 prout
1755 675 1824 712 ea

191 744 431 799 ferebat
453 747 616 807 astas,
637 744 811 798 totius
832 743 1176 814 integritatis
1199 748 1256 800 et
1287 745 1591 815 probitatis
1608 747 1824 801 fructus

193 832 472 903 protulit,
512 832 682 887 beato
707 832 890 903 Eligio
917 832 1356 890 commendatusI
1388 837 1492 901 est,
1525 834 1644 888 viro
1673 835 1824 888 inter

195 922 330 991 ejus
346 919 535 975 aetatis
557 919 826 974 homines
851 920 1192 974 meritorum
1215 921 1405 992 gratia
1420 921 1585 976 facile
1605 922 1822 994 primo.

194 1011 252 1064 Is
277 1025 419 1064 vero
439 1010 499 1063 in
525 1007 999 1064 Sollemniacensi
1034 1008 1520 1082 (Solemniapcemi)
1539 1015 1825 1065 monaste-

195 1097 318 1163 rio,
351 1097 508 1169 quod
537 1096 659 1169 ipse
678 1097 735 1151 in
749 1112 852 1151 suo
875 1095 1055 1150 fundo
1084 1097 1475 1164 construebat,
1496 1113 1628 1152 eum
1651 1097 1824 1152 sacris

196 1185 548 1243 monasticae
573 1185 888 1255 disciplinas
904 1185 1359 1240 institutionibus
1379 1189 1573 1240 exacte
1591 1185 1819 1240 imbuit.

197 1277 270 1330 In
282 1277 519 1328 tantum
534 1276 728 1328 autem
740 1273 866 1344 pius
879 1273 1210 1328 adolescens
1221 1275 1342 1344 ejus
1358 1273 1594 1328 monitis
1605 1275 1826 1329 obtem-

198 1361 455 1434 peravit,
487 1365 572 1428 ut,
589 1360 785 1415 divina
808 1359 864 1414 in
884 1376 952 1414 eo
965 1361 1153 1431 gratia
1163 1361 1533 1428 exuberante,
1557 1363 1826 1417 omnibus

199 1451 266 1505 in
299 1466 372 1504 eo
426 1449 783 1504 monasterio
826 1447 1048 1503 Christo
1088 1448 1490 1518 militantibus,
1544 1449 1824 1520 religiosae

201 1535 664 1607 conversationis
693 1535 764 1590 de
795 1552 854 1590 se
877 1537 1140 1608 exempla
1168 1536 1472 1606 praeberet.
1496 1538 1631 1591 Erat
1656 1537 1714 1591 in
1734 1538 1828 1591 Vi-

201 1623 364 1695 gitiis
393 1622 674 1689 assiduus,
705 1621 764 1676 in
797 1621 1061 1694 precibus
1090 1638 1331 1693 pernox,
1391 1623 1449 1677 in
1478 1624 1828 1681 abstinentia

205 1711 538 1782 praecipuus
599 1711 657 1764 in
722 1711 988 1765 universa
1035 1726 1265 1765 morum
1319 1711 1650 1783 integritate
1671 1729 1827 1783 prae-

1922 573 2088 626 bere:
2117 569 2215 642 qui
2259 570 2332 624 sit
2374 575 2431 625 et
2471 571 2590 628 Deo
2639 575 2698 626 et
2741 570 3073 626 hominibus
3122 570 3347 633 charus,
3390 573 3534 627 nulli

1922 659 2044 728 ejus
2068 658 2252 713 aetatis
2289 659 2589 714 sanctitate
2621 659 2922 728 secundus,
2949 657 3223 729 angelicis
3241 657 3536 728 spiritibus

1922 751 2138 816 gratus,
2171 746 2389 802 cunctis
2419 748 2760 803 mortalibus
2781 745 3174 818 suscipiendus
3189 749 3248 799 et
3268 762 3534 802 reveren-

1924 834 2049 894 dus.
2082 835 2214 904 Ejus
2241 852 2302 890 se
2333 836 2516 890 multa
2563 839 2830 906 expertos
2875 834 3181 897 beneficia,
3219 834 3422 890 crebro
3477 840 3534 890 et

1923 923 2077 995 apud
2106 939 2306 994 regem
2318 927 2376 978 et
2397 940 2664 996 proceres
2690 924 2938 978 multum
2957 923 3094 995 ipsis
3115 924 3236 994 ejus
3256 923 3536 993 profuisse

1923 1011 2195 1082 suffragia
2219 1015 2707 1066 commemorant.
2763 1012 2872 1066 Nec
2913 1011 3037 1081 ejus
3081 1010 3384 1066 obscuram
3414 1028 3536 1067 esse

1923 1099 2315 1172 prudentiam,
2339 1100 2436 1172 qui
2468 1116 2586 1155 non
2622 1115 2754 1154 raro
2779 1099 2954 1170 regiis
2975 1099 3230 1154 consiliis
3245 1100 3542 1156 adhibitus

1923 1188 2341 1259 sit.Suppetere
2357 1188 2408 1243 ei
2421 1189 2721 1244 scientiam
2737 1188 3345 1259 Scripturarum.unde
3361 1192 3536 1259 possit

1924 1279 1983 1330 et
2013 1279 2207 1330 vetera
2231 1279 2289 1330 et
2319 1292 2467 1331 nova
2496 1275 2778 1346 proferre.
2809 1275 3067 1347 Denique
3093 1276 3233 1331 nihil
3255 1275 3306 1330 ei
3332 1294 3533 1333 earum

1924 1380 2119 1418 rerum
2151 1364 2347 1419 deesse
2372 1365 2578 1435 quibus
2625 1365 2933 1435 Apostolus
2961 1365 3295 1435 episcopum
3324 1365 3534 1422 instru-

1925 1453 2082 1506 ctum
2117 1467 2241 1506 esse
2263 1451 2418 1506 velit.
2452 1452 2522 1506 lis
2549 1453 2918 1507 sermonibus
2943 1468 3040 1506 rex
3053 1451 3296 1506 comiter
3321 1455 3378 1506 et
3401 1468 3540 1523 pro-

1925 1554 2104 1609 penso
2144 1539 2323 1593 animi
2350 1539 2546 1594 favore
2593 1540 2934 1607 assentiens,
2986 1555 3306 1610 eorumque
3341 1538 3539 1596 studiis

1927 1627 2346 1693 obsecundans,
2407 1627 2604 1682 statuit
2661 1632 2933 1698 praestare
2992 1627 3148 1700 quod
3201 1627 3538 1699 rogabatur.

1924 1715 2176 1768 Accersit
2207 1715 2382 1785 igitur
2413 1715 2487 1769 ad
2515 1732 2574 1770 se
2607 1716 2842 1771 beatum
2877 1717 3236 1780 Remaclum,
3281 1720 3340 1771 et
3367 1732 3436 1771 ea
3467 1717 3537 1773 de

202 1799 420 1854 clarus.
474 1799 728 1853 Cernens
775 1799 976 1854 beatus
1020 1799 1258 1870 Eligius,
1309 1799 1398 1854 cui
1431 1801 1673 1855 traditus
1704 1806 1989 1864 eratBre
2024 1817 2153 1855 cum
2197 1818 2264 1855 eo
2317 1803 2542 1856 confert
2595 1819 2952 1873 sermonem,
2999 1806 3057 1857 et
3097 1806 3251 1858 certe
3299 1803 3410 1857 dici
3451 1803 3538 1858 vix

204 1907 242 1943 a
271 1888 634 1959 parentibus,
679 1887 801 1958 ejus
844 1887 1126 1958 profectui
1178 1887 1358 1942 animi
1403 1889 1655 1960 quadam
1706 1891 1826 1945 ala-

205 1977 419 2030 critate
493 1977 924 2046 congratulans,
993 1991 1192 2029 curam
1262 1976 1452 2047 gregis
1503 1977 1610 2031 sibi
1667 1994 1824 2033 com-

204 2063 372 2118 missi
421 2063 480 2118 in
533 2079 666 2117 eum
723 2062 1034 2130 transtulit,
1093 2079 1224 2118 suas
1275 2063 1328 2118 ei
1384 2064 1530 2118 vices
1586 2064 1829 2120 deman-

205 2151 379 2217 dans,
437 2167 686 2223 eumque
737 2151 841 2206 sibi
915 2151 1287 2210 substituens.
1356 2152 1828 2224 Compellebatur

206 2242 374 2294 enim
406 2239 595 2293 redire
626 2239 698 2292 ad
740 2239 1018 2309 palatium
1069 2239 1242 2310 regis,
1297 2244 1355 2294 et
1399 2257 1564 2296 suam
1613 2242 1665 2296 ei
1697 2259 1828 2314 ope-

207 2343 346 2382 ram
371 2343 603 2381 navare.
637 2327 840 2382 Postea
869 2343 1001 2382 vero
1033 2328 1206 2398 longe
1251 2329 1482 2400 lateque
1525 2345 1722 2400 sparsa
1741 2334 1827 2385 est

207 2417 376 2470 fama
399 2416 716 2470 sanctitatis
733 2417 860 2469 vita:
889 2415 1030 2486 ejus,
1077 2420 1134 2470 et
1180 2416 1252 2470 ad
1280 2417 1433 2487 ipsos
1479 2418 1654 2473 etiam
1681 2420 1824 2474 aulae

207 2520 486 2576 proceres
521 2504 802 2574 pervenit.
835 2505 1055 2576 Itaque,
1095 2505 1287 2559 divina
1311 2505 1366 2560 id
1395 2510 1603 2577 agente
1633 2507 1823 2578 provi-

211 2592 435 2658 dentia,
470 2607 589 2647 non
609 2593 795 2663 potuit
818 2593 1073 2660 lucerna,
1103 2592 1308 2648 divinas
1350 2595 1551 2664 gratia:
1586 2611 1825 2650 accensa

209 2681 470 2752 ignibus,
489 2680 592 2734 sub
615 2681 867 2752 propriae
892 2679 1368 2736 considerationis
1390 2681 1585 2737 modio
1607 2684 1820 2738 latere:

211 2769 318 2823 sed
349 2772 411 2822 ut
440 2767 663 2822 desides
685 2767 741 2820 in
776 2767 911 2823 fidei
945 2769 1238 2840 proposito
1261 2769 1334 2824 ab
1365 2786 1434 2824 ea
1453 2772 1652 2826 lumen
1685 2771 1828 2826 acci-

211 2859 447 2928 perent,
470 2856 819 2910 candelabro
853 2857 1122 2928 imposita
1139 2861 1242 2912 est.
1271 2859 1332 2912 In
1357 2860 1487 2913 aula
1517 2860 1669 2930 regis
1698 2877 1830 2932 pro-

213 2947 534 3016 mulgatur,
556 2948 786 2999 tantum
799 2945 984 3000 virum
999 2945 1154 3017 regis
1165 2947 1486 3016 praesentia:
1500 2947 1695 3003 deesse
1707 2965 1824 3004 non

215 3034 452 3100 debere,
484 3037 547 3087 ut
568 3034 690 3104 ejus
719 3032 1031 3105 prudentia
1055 3034 1220 3105 regni
1255 3035 1488 3106 negotia
1515 3035 1826 3108 disponan-

214 3127 332 3189 tur,
364 3124 525 3193 cujus
555 3126 675 3176 tam
705 3121 946 3175 illustria
975 3121 1322 3177 meritorum
1352 3122 1601 3194 insignia
1626 3139 1828 3180 cerne-

213 3215 440 3266 rentur.
459 3211 738 3264 Evocatur
749 3226 911 3281 ergo,
930 3213 991 3264 ut
1009 3225 1116 3280 par
1133 3213 1277 3278 erat,
1296 3211 1633 3280 honoriﬁce,
1656 3216 1827 3284 atque

213 3300 273 3353 in
313 3299 469 3371 regis
497 3297 778 3369 palatium
831 3298 1240 3367 introducitur,
1287 3315 1504 3371 magno
1537 3299 1824 3372 deinceps,

214 3391 277 3442 ut
300 3387 386 3442 rei
407 3390 541 3460 post
564 3389 800 3442 eventus
843 3387 1056 3456 docuit,
1104 3387 1378 3443 omnibus
1419 3389 1624 3444 solatio
1673 3390 1829 3445 futu-

215 3493 334 3531 l‘llS.

285 3564 382 3622 ιιι.
413 3566 523 3619 Per
545 3563 702 3620 idem
722 3563 905 3619 ferme
923 3567 1154 3639 tempus
1177 3567 1377 3622 beatus
1395 3568 1666 3634 Joannes,
1682 3567 1830 3622 Tun-

214 3653 516 3727 grensium
546 3653 637 3707 vei
662 3653 1113 3724 Trajectensium
1133 3655 1440 3710 Ecclesiam
1466 3655 1708 3710 feliciter
1728 3672 1830 3727 gu-

214 3744 490 3809 bernans,
522 3742 826 3796 hominem
857 3742 1029 3796 exuit.
1063 3743 1241 3798 Porro
1263 3743 1505 3815 inclytus
1527 3761 1625 3798 rex
1649 3746 1830 3815 Dago-

216 3833 438 3898 bertus,
485 3830 583 3902 qui
605 3830 755 3902 patri
785 3831 1033 3886 Clotario
1067 3831 1125 3886 in
1173 3832 1513 3888 monarchia
1541 3834 1828 3902 successit,

216 3919 457 3976 beatum
495 3919 828 3974 Amandum
858 3920 956 3992 qui
990 3920 1064 3975 ad
1110 3920 1568 3992 praedicandum,
1609 3924 1670 3976 ut
1705 3925 1829 3979 tum

218 4008 402 4063 moris
433 4017 579 4074 erat,
608 4008 787 4062 factus
815 4009 1003 4063 fuerat
1024 4008 1342 4081 episcopus,
1375 4009 1451 4064 ad
1467 4026 1525 4064 se
1557 4010 1831 4065 accersie-

218 4101 332 4162 rat,
361 4100 421 4152 et
446 4095 584 4169 quia
611 4112 743 4150 cum
773 4096 986 4168 injuria
1006 4114 1140 4152 eum
1171 4099 1487 4169 expulerat,
1521 4099 1592 4153 ab
1631 4098 1729 4154 illo
1756 4099 1830 4154 ob

217 4185 494 4258 qumdam
533 4185 789 4240 facinora
833 4185 1237 4257 reprehensus,
1284 4185 1580 4241 nitebatur
1623 4187 1834 4240 arctius

211 4276 382 4331 illum
413 4273 716 4328 devincere
744 4273 849 4328 sibi
895 4291 998 4346 per
1043 4273 1332 4345 Sigeberti
1379 4274 1483 4328 ﬁlii
1528 4274 1614 4328 sui
1645 4274 1834 4345 bapti-

1853 3089 1902 3149 C

1926 1894 2100 1962 queat
2128 1894 2349 1961 quanta
2379 1890 2657 1945 orationis
2675 1892 2951 1945 suavitate
3003 1892 3076 1946 ad
3105 1890 3158 1946 ei
3187 1891 3540 1961 persuaden-

1929 1977 2067 2030 dum
2101 1993 2232 2031 usus
2255 1977 2349 2044 sit,
2376 1993 2666 2048 quamque
2701 1977 2781 2031 illi
2810 1978 3002 2032 modis
3022 1977 3292 2032 omnibus
3307 1978 3391 2032 vir
3406 1995 3537 2033 san-

1927 2069 2018 2119 tus
2047 2066 2368 2120 obluctatus
2393 2066 2485 2123 sit.
2515 2069 2588 2120 At
2608 2083 2729 2134 rex,
2755 2067 3121 2121 sacerdotum
3147 2070 3207 2121 et
3230 2082 3536 2138 procerum

1925 2155 2106 2208 fretus
2133 2154 2393 2220 consilio,
2422 2155 2494 2209 ab
2525 2154 2850 2210 intentione
2882 2172 2984 2209 sua
3022 2172 3139 2210 non
3173 2154 3408 2210 destitit.

1993 2241 2251 2297 Tandem
2280 2242 2366 2297 vir
2392 2243 2514 2311 Dei,
2546 2243 2759 2297 veritus
2796 2259 2870 2297 ne
2901 2242 3107 2298 divina:
3132 2243 3427 2298 resisteret
3447 2258 3542 2299 vo-

1929 2330 2154 2397 luntati,
2185 2330 2394 2385 invitus
2418 2331 2654 2402 quidem
2683 2331 2962 2401 septimus
2988 2335 3047 2385 et
3079 2331 3537 2386 vicesimusTun-

1925 2419 2118 2489 grensi
2147 2419 2233 2474 vel
2263 2419 2612 2490 Trajectensi
2656 2420 2915 2474 Ecclesia:
2963 2421 3199 2474 antistes
3249 2420 3442 2475 datur:
3479 2424 3540 2474 ut

1927 2507 2081 2561 verbi
2113 2507 2288 2561 divini
2329 2508 2573 2575 semina,
2597 2525 2725 2581 quas
2757 2509 3036 2564 hactenus
3066 2509 3221 2580 apud
3249 2526 3308 2564 se
3329 2511 3543 2565 celave-

1925 2599 2034 2664 rat,
2061 2597 2321 2667 pluribus
2366 2597 2712 2668 impertiret.

1995 2685 2083 2740 lV.
2135 2685 2259 2748 Qua
2305 2702 2440 2740 vero
2501 2686 2806 2758 religione,
2859 2703 2973 2760 qua
3013 2686 3347 2758 integritate
3399 2687 3539 2743 illud

1926 2790 2136 2829 munus
2157 2779 2454 2829 exsecutus
2484 2775 2576 2843 sit,
2610 2792 2715 2830 nos
2745 2776 3030 2848 explicare
3061 2776 3389 2847 nequimus,
3406 2792 3537 2830 cum

1926 2878 2060 2916 mox
2085 2862 2144 2916 in
2167 2863 2291 2934 ipso
2316 2863 2699 2920 ordinationis
2729 2863 3026 2935 ejusinitio
3055 2867 3280 2919 tantam
3299 2863 3354 2918 ei
3380 2862 3540 2918 verbi

1927 2950 2175 3021 gratiam
2201 2950 2456 3006 Christus
2473 2953 2715 3024 largitus
2731 2952 2825 3019 sit,
2849 2957 2912 3008 ut
2941 2968 3148 3008 omnes
3177 2952 3540 3023 promptissi-

1928 3055 2054 3093 mos
2092 3055 2214 3094 sese
2263 3039 2337 3094 ad
2387 3040 2913 3112 obtemperandum
2946 3041 3306 3108 exhiberent,
3363 3056 3539 3096 nemo

1927 3132 2076 3181 esset
2105 3127 2201 3198 qui
2231 3143 2348 3182 non
2376 3145 2443 3182 ex
2455 3127 2653 3183 animo
2669 3145 2802 3182 eum
2833 3129 3130 3200 diligeret:
3149 3129 3539 3200 unusquisque

1928 3215 2002 3270 ad
2023 3215 2145 3285 ejus
2163 3232 2221 3270 se
2237 3215 2561 3272 doctrinam
2574 3215 2942 3272 conformare
2960 3233 3065 3289 pro
3090 3217 3306 3272 viribus
3325 3217 3540 3272 nitere-

1929 3300 2041 3349 tur.
2068 3295 2233 3348 Nulla
2257 3294 2316 3349 in
2369 3296 2490 3366 ejus
2528 3295 2788 3350 moribus
2827 3297 3161 3368 arrogantia
3202 3297 3304 3352 sed
3348 3300 3540 3351 totum

1926 3381 2089 3436 illum
2117 3383 2223 3438 sibi
2241 3387 2440 3438 sancta
2451 3383 2752 3438 humilitas
2774 3383 3119 3440 vindicabat.
3139 3385 3384 3458 Superbi
3403 3401 3538 3440 eum

1927 3471 2344 3526 reverebantur
2387 3474 2448 3524 ut
2501 3471 2895 3543 superiorem:
2939 3472 3188 3526 humiles
3223 3474 3538 3544 amplecte-

1927 3561 2141 3616 bantur
2161 3563 2222 3614 ut
2235 3559 2502 3617 fratrem.
2517 3560 2667 3631 Erga
2689 3576 2894 3614 omnes
2917 3560 3341 3615 communierat
3357 3560 3540 3614 animi

1927 3647 2327 3704 benevolentia
2357 3653 2413 3702 et
2441 3665 2663 3704 amore.
2694 3650 2758 3702 ln
2803 3648 2971 3703 terris
3021 3648 3240 3720 degens
3270 3664 3537 3718 corpore,

1929 3737 2128 3792 habitu
2148 3740 2206 3792 et
2235 3737 2493 3792 moribus
2511 3737 2800 3794 ccelestem
2829 3753 2890 3792 se
2920 3736 3268 3795 declarabat.
3291 3741 3540 3808 Aspectu

1929 3826 2243 3898 angelicus,
2303 3825 2529 3880 incessu
2590 3825 2965 3898 compositus,
3007 3825 3232 3880 actione
3287 3829 3540 3890 sanctus,

1929 3915 2340 3986 integerrimus
2351 3931 2614 3987 corpore,
2629 3915 3036 3971 solertissimus
3051 3914 3273 3984 animo,
3286 3915 3345 3969 in
3363 3931 3540 3986 opere

1931 4004 2398 4077 circumspectus,
2425 4004 2662 4076 ingenio
2685 4004 2990 4072 excellens,
3005 4019 3252 4075 magnus
3271 4002 3534 4071 consilio,

1932 4092 2046 4148 fide
2077 4093 2407 4157 catholicus,
2428 4109 2527 4164 spe
2557 4093 3029 4165 patientissimus,
3052 4093 3333 4147 charitate
3370 4091 3542 4147 diﬁ'u-

1933 4199 2045 4237 sus.
2079 4182 2250 4252 Cujus
2269 4181 2423 4253 apud
2446 4183 2626 4236 Deum
2648 4181 2840 4237 meriti
2873 4185 3023 4237 esset
3049 4182 3201 4237 facta
3220 4180 3342 4252 ejus
3367 4183 3545 4236 testa-

1933 4271 2165 4326 bantur.
2195 4270 2335 4325 Mira
2363 4270 2423 4324 in
2455 4286 2524 4325 eo
2554 4271 2904 4326 cernebatur
2937 4287 3171 4327 morum
3197 4269 3444 4327 suavitas
3484 4273 3544 4325 et

212 4381 432 4431 smum,
460 4367 632 4436 atque
659 4363 718 4418 in
769 4363 1122 4434 Trajectensi
1174 4379 1308 4417 eum
1355 4363 1631 4418 cathedra
1659 4365 1837 4418 collo-
1861 4375 1912 4436 Ῑ)
1933 4359 2193 4426 facilitas,
2225 4362 2398 4430 atque
2427 4357 2579 4413 inter
2603 4358 2809 4414 divites
2824 4362 2882 4413 et
2903 4375 3186 4431 pauperes
3205 4375 3274 4414 ea
3302 4363 3545 4416 noverat

214 4470 370 4509 care.
399 4454 469 4507 Et
489 4453 582 4507 ille
613 4453 697 4508 vir
725 4453 962 4524 quidem
1001 4455 1230 4507 sanctus
1267 4468 1372 4524 per
1411 4450 1731 4506 triennium
1756 4453 1836 4508 vi-

216 4560 314 4598 cos
348 4547 409 4597 et
437 4541 670 4597 castella
709 4543 1088 4614 perlustrans,
1120 4541 1361 4596 verbum
1413 4540 1540 4596 vita}
1574 4541 1838 4596 dissemi-

217 4633 412 4686 navit:
447 4630 550 4685 sed
594 4630 738 4685 nihil
782 4647 841 4685 se
881 4629 1162 4702 proficere
1212 4644 1475 4697 cernens,
1531 4629 1651 4685 imo
1704 4647 1836 4686 vero

219 4723 398 4779 etiam
421 4719 574 4792 ipsos
590 4719 915 4775 sacerdotes
933 4722 992 4774 et
1008 4719 1204 4774 levitas
1225 4719 1332 4773 sibi
1356 4718 1632 4774 insultare
1656 4719 1839 4774 anim-

220 4811 548 4878 advertens,
578 4809 875 4880 pulverem
912 4806 1151 4878 pedum,
1197 4806 1698 4878 quemadmodum
1725 4809 1838 4862 Do-

222 4899 417 4952 minus
439 4897 628 4968 jubet,
664 4895 722 4950 in
767 4895 898 4950 illos
945 4895 1208 4962 excussit,
1254 4899 1426 4967 atque
1453 4895 1527 4950 ad
1556 4897 1680 4950 loca
1703 4897 1834 4965 alia,

223 4991 286 5040 ut
314 4985 476 5059 prius
519 4983 750 5050 fecerat,
791 5000 913 5038 sese
951 4983 1304 5056 praedicandi
1351 5000 1522 5039 causa
1568 4985 1833 5042 contulit.

223 5078 658 5148 lncompertum
681 5091 816 5129 vero
845 5077 931 5128 est
974 5077 1190 5145 quanto
1218 5078 1480 5146 tempore
1511 5074 1672 5146 plebs
1697 5074 1834 5131 Tra-

215 5162 494 5238 jectensis
523 5168 648 5218 tum
677 5162 800 5217 sine
838 5167 1069 5233 pastore
1094 5161 1500 5235 permanserit,
1543 5163 1727 5216 donec
1749 5162 1834 5216 Si-

224 5255 532 5327 gebertum
587 5257 755 5325 pater
801 5268 1002 5323 regem
1049 5251 1429 5308 Austrasianis
1479 5251 1640 5305 dedit
1683 5254 1741 5305 et
1777 5252 1836 5306 in

224 5341 722 5398 lediomatricum
755 5340 896 5396 urbe
921 5340 1120 5396 sedem
1153 5341 1365 5396 habere
1394 5339 1589 5394 voluit.
1621 5337 1680 5392 Ei
1703 5354 1836 5392 vero

223 5431 616 5503 Trajectenses
659 5446 728 5484 ex
775 5429 1073 5484 communi
1121 5427 1487 5484 sacerdotum
1533 5425 1834 5494 electione,

228 5523 571 5592 magnatum
599 5519 786 5572 multa
812 5517 1160 5590 frequentia,
1181 5521 1238 5572 et
1267 5515 1532 5572 omnium
1561 5513 1835 5570 ordinum

224 5609 636 5687 postulatione,
665 5607 948 5680 ejusmodi
978 5623 1179 5680 preces
1208 5605 1480 5673 offerunt,
1531 5601 1830 5659 neminem

1936 4446 2336 4503 moderatione
2351 4463 2410 4500 se
2431 4463 2654 4518 gerere,
2676 4450 2740 4502 ut
2755 4463 3040 4519 pauperes
3057 4463 3191 4501 eum
3214 4463 3329 4500 sua:
3348 4447 3538 4516 sortis,

1935 4535 2247 4606 locupletes
2276 4551 2409 4590 vero
2434 4533 2519 4588 sui
2558 4535 2777 4590 ordinis
2825 4521 3269 4590 arbitrarentur.
3292 4534 3417 4588 Non
3448 4535 3543 4590 ille

1936 4627 2517 4698 personaspotentum
2528 4665 2542 4692 ,
2557 4625 2656 4680 sed
2671 4641 2902 4680 morum
2914 4623 3266 4696 elegantiam
3287 4623 3539 4695 pensita-

1937 4717 2056 4783 bat,
2085 4717 2245 4769 tanto
2272 4729 2562 4786 quemque
2605 4713 2944 4786 propensius
2986 4713 3282 4766 honorans
3322 4715 3540 4783 quanto

1937 4821 2071 4858 eum
2089 4803 2378 4859 didicisset
2392 4802 2642 4858 sanctius
2655 4803 2865 4858 vivere.
2887 4802 3051 4866 Quod
3074 4816 3174 4856 ore
3205 4799 3451 4865 dicebat,
3485 4803 3546 4853 et

1937 4893 2249 4962 astruebat,
2273 4908 2572 4965 nunquam
2587 4891 2812 4947 actione
2831 4891 2916 4945 vel
2928 4905 3103 4962 opere
3120 4887 3426 4955 destruxit;
3444 4888 3543 4943 sed

1935 4981 2100 5038 factis
2129 4982 2380 5037 ostendit
2407 4981 2547 5053 quid
2575 4996 2710 5036 voce
2741 4980 2936 5034 doceri
2962 4978 3279 5050 oporteret.
3307 4974 3473 5039 Quod
3490 4975 3544 5030 ei

1936 5070 2128 5125 divina
2153 5070 2341 5142 gratia
2361 5069 2626 5136 contulit,
2657 5069 2716 5123 id
2731 5066 2788 5121 in
2802 5069 3066 5138 posteros
3079 5063 3543 5120 derivavit.Unde

1934 5159 2076 5214 illud
2113 5161 2483 5213 consecutum
2515 5161 2618 5223 est,
2654 5159 2716 5210 ut
2746 5155 2999 5225 nonejus
3017 5153 3188 5209 modo
3203 5151 3544 5225 gestanobis

1936 5247 2222 5319 hodieque
2248 5245 2582 5316 proficiant,
2616 5244 2717 5297 sed
2743 5243 2918 5298 etiam
2948 5242 3359 5313 discipulorum
3398 5240 3542 5310 ejus,

1936 5339 1994 5389 et
2023 5335 2120 5406 qui
2149 5336 2221 5390 ab
2243 5351 2311 5388 eo
2336 5333 2586 5386 ﬁdeliter
2601 5331 2826 5386 educati
2858 5335 3019 5400 sunt;
3045 5346 3294 5403 quorum
3312 5331 3470 5383 actus
3487 5331 3548 5382 et

1937 5439 2115 5494 opera
2144 5422 2310 5477 nobis
2339 5420 2602 5490 exemplo
2631 5423 2785 5488 sunt,
2831 5425 2890 5476 et
2936 5421 3011 5476 ad
3056 5418 3406 5478 imitandum
3439 5434 3547 5472 nos

1936 5510 2203 5566 invitant.

2005 5599 2069 5654 γ.
2083 5599 2388 5655 Multorum
2401 5596 2494 5653 ille
2507 5597 2908 5658 coenobiorum
2923 5605 2982 5658 et
2993 5597 3270 5657 fundator
3283 5600 3547 5657 etrector
