3892 6214
383 363 518 420 1155

1493 355 1789 412 NOTGERI
1826 351 2229 410 LEODIENSIS
2267 353 2582 412 EPISCOPI

3563 357 3690 412 H56

379 483 506 548 fuit,
525 481 584 535 in
605 478 810 551 quibus
837 493 1017 549 usque
1047 476 1106 532 in
1132 477 1285 531 hunc
1308 475 1460 531 diem
1487 475 1711 530 Christo
1734 473 1982 528 servien-
2006 477 2062 535 Α
2155 475 2268 528 VII.
2303 475 2497 544 Surgit
2527 473 2682 528 ocius
2705 474 2904 528 beatus
2930 474 3148 540 Trudo,
3191 475 3270 528 nil
3313 473 3383 528 de
3425 475 3696 545 angelica

381 571 524 623 tium
538 567 774 638 agmina
809 567 1154 621 increscunt.
1187 564 1600 635 Discipulorum
1615 563 1865 635 plurium
1883 579 1982 633 pa-

382 656 590 711 terfuit
615 661 673 709 et
711 654 1025 722 institutor,
1045 671 1290 726 quorum
1315 657 1376 707 ut
1391 653 1482 707 ille
1499 653 1718 708 Christo
1735 653 1984 705 lucratus

381 749 468 799 est
493 744 738 811 animas,
765 744 844 799 sic
872 748 930 798 et
953 743 1152 814 ipsi,et
1167 759 1369 797 eorum
1396 741 1984 806 successores,multo-

379 849 508 888 rum
542 833 766 887 animas
798 832 872 887 ad
899 832 1187 887 Christum
1223 831 1542 897 adduxere;
1575 845 1823 900 quorum
1851 842 1986 880 sane

380 921 588 976 merita
607 921 667 976 in
699 921 860 975 illum
891 920 1240 975 redundant.
1272 924 1332 974 In
1368 918 1433 972 iis
1448 919 1554 973 fuit
1576 920 1775 972 beatus
1804 916 1985 970 Theo-

379 1010 612 1076 dardus,
645 1009 716 1064 ab
747 1025 816 1063 eo
838 1007 1229 1079 proculdubio
1258 1006 1572 1077 disciplinis
1594 1003 1984 1060 ecclesiasticis

378 1099 745 1164 informatus,
761 1096 975 1168 quippe
998 1111 1173 1167 quem
1195 1095 1300 1149 sibi
1319 1111 1698 1148 successorem
1723 1093 1984 1162 designa-

381 1189 459 1244 vit
482 1204 495 1242 :
525 1188 622 1258 qui
653 1187 726 1242 ad
749 1189 1075 1240 extremum
1099 1189 1319 1255 martyr
1339 1184 1580 1239 abcessit
1611 1201 1640 1238 e
1663 1182 1794 1236 vita.
1819 1184 1989 1235 Item-

377 1293 488 1348 que
517 1277 745 1330 sanctus
770 1274 1128 1339 Lambertus,
1162 1273 1258 1343 qui
1291 1272 1490 1327 itidem
1510 1289 1612 1326 sua
1641 1273 1985 1341 tempestate

378 1368 698 1436 martyrem
729 1362 1028 1434 egregium
1053 1378 1112 1416 se
1163 1360 1438 1416 exhibuit.
1504 1363 1707 1414 Beatus
1757 1374 1983 1428 quoque

375 1452 672 1518 Adelinus,
704 1451 765 1504 in
792 1451 1100 1522 Aquitania
1157 1453 1349 1514 natus,
1396 1451 1452 1503 et
1502 1446 1986 1520 peregrinationis

375 1541 524 1611 ejus,
584 1543 646 1592 ut
685 1540 888 1606 fertur,
915 1556 1136 1594 comes:
1187 1538 1284 1610 qui
1316 1538 1365 1591 ei
1400 1537 1745 1608 quandoque
1775 1536 1830 1588 in
1863 1535 1986 1588 loco

377 1631 597 1684 secreto
629 1628 808 1700 digna
835 1630 950 1683 Deo
981 1628 1169 1682 studia
1197 1631 1253 1682 et
1277 1643 1452 1700 opera
1476 1625 1758 1680 exercenti
1783 1640 1886 1695 per
1907 1623 1985 1677 vi-

377 1735 505 1772 sum
532 1717 820 1788 apparuit,
850 1718 1007 1772 vultu
1038 1721 1331 1780 venustus,
1363 1715 1582 1785 capillis
1612 1713 1984 1778 reverendus,

2087 563 2300 617 visione
2327 564 2490 618 haesit
2519 581 2622 618 ans
2652 579 2835 635 eoque
2869 580 2980 634 quo
3005 564 3195 633 jussus
3230 563 3418 618 fuerat
3457 565 3542 618 ire
3560 581 3697 618 con-

2087 652 2292 706 tendit.
2327 652 2568 706 Sanctus
2607 653 2908 707 Remaclus
2947 656 3073 706 tum
3105 656 3416 725 occupatus
3443 656 3573 707 erat
3598 669 3694 723 pa-

2089 741 2310 797 scendis
2347 743 2405 794 et
2448 741 2716 794 curandis
2757 741 2956 795 ovibus
3002 741 3151 807 suis;
3195 744 3252 794 et
3291 758 3424 796 cum
3462 743 3700 812 propius

2088 831 2289 884 beatus
2333 829 2522 883 Trudo
2572 829 2891 897 accederet,
2953 830 3048 884 ille
3098 829 3286 883 divina
3342 830 3697 884 revelatione

2088 917 2322 972 edoctus
2351 935 2363 972 :
2397 940 2425 967 «
2445 916 2694 988 Surgite,
2709 917 2914 988 inquit,
2933 933 3203 989 propere,
3225 921 3284 972 et
3305 917 3428 972 viro
3458 918 3586 983 Dei,
3603 919 3696 988 qui

2089 1024 2193 1061 nos
2223 1007 2465 1061 invisere
2485 1007 2662 1072 venit,
2693 1006 2921 1060 obviam
2947 1007 3088 1060 itote
3122 1024 3135 1061 :
3163 1011 3505 1061 reverenter
3535 1007 3696 1060 illum

2089 1095 2352 1165 excipite,
2399 1105 2456 1149 et
2487 1111 2618 1149 cum
2657 1096 2878 1150 honore
2919 1096 2990 1148 ad
3045 1112 3138 1149 me
3193 1095 3567 1150 introducite.
3617 1097 3697 1150 En

2088 1202 2270 1257 prope
2299 1190 2402 1252 est,
2430 1184 2710 1239 occurrite
2745 1184 2823 1238 illi
2865 1185 3196 1238 celeriter.»
3236 1185 3475 1238 Faciunt
3513 1184 3592 1238 illi
3641 1188 3703 1238 ut

2089 1286 2254 1328 erant
2277 1275 2440 1344 jussi,
2466 1277 2522 1328 et
2534 1274 3133 1327 sanctum'l'rudonem
3152 1273 3223 1326 ad
3237 1273 3471 1326 beatum
3489 1273 3702 1326 Rema-

2089 1364 2264 1428 clum,
2294 1362 2453 1416 domi
2492 1378 2624 1414 cum
2661 1362 2773 1415 suis
2809 1365 3170 1426 manentem,
3207 1361 3529 1414 adducunt.
3565 1361 3702 1414 Cer-

2089 1451 2404 1506 nensillum
2429 1451 2554 1520 pius
2580 1455 2742 1520 pater
2762 1451 2963 1520 surgit,
2987 1453 3043 1504 et
3075 1467 3191 1520 prae
3218 1449 3430 1518 gaudio
3452 1450 3698 1514 ﬂens,in

2088 1541 2212 1610 ejus
2242 1541 2432 1593 oscula
2458 1540 2606 1606 ruit;
2634 1541 2925 1594 volentem
2954 1539 3026 1592 ad
3057 1539 3232 1610 ipsius
3257 1539 3435 1609 pedes
3461 1555 3522 1592 se
3556 1537 3701 1608 abji-

2089 1645 2218 1682 cere
2251 1629 2484 1696 retinet,
2531 1643 2778 1699 moxque
2821 1627 3010 1699 erigit,
3041 1631 3098 1680 et
3125 1627 3196 1681 ab
3227 1627 3438 1680 intimo
3465 1631 3701 1698 pectore

2089 1717 2302 1787 gratias
2327 1732 2506 1788 agens
2534 1717 2650 1770 Deo
2677 1732 2735 1768 :«
2761 1715 2843 1770 Sit
2873 1716 2999 1775 tibi,
3024 1715 3229 1786 inquit,
3254 1716 3383 1768 Jesu
3416 1715 3573 1768 bone
3602 1730 3704 1787 per

378 1807 599 1860 statura
619 1805 841 1876 reliqua
864 1804 1389 1877 praestantissimus,
1410 1804 1730 1873 futuraeque
1751 1818 1984 1856 conver-
2016 1789 2067 1849 Β
2091 1804 2370 1875 Spiritum
2400 1807 2664 1858 sanctum
2694 1820 2822 1858 cum
2847 1807 3064 1857 aeterno
3093 1805 3261 1857 Patre
3284 1802 3546 1857 visitatur
3576 1801 3704 1855 ani-

378 1893 615 1949 sationis
645 1897 702 1948 et
724 1899 1018 1965 perpetuae
1045 1894 1252 1965 quietis
1281 1895 1494 1959 locum,
1517 1893 1857 1962 fontemque
1886 1892 1988 1945 hu-

378 1982 566 2037 manis
593 1982 788 2038 usibus
813 1987 1205 2054 opportunum
1237 1981 1524 2036 indicavit.
1543 1981 1677 2044 Quae
1692 1997 1781 2034 res
1795 1979 1992 2033 hodie-

376 2087 488 2143 que
518 2071 788 2126 omnibus
811 2071 1054 2125 minime
1078 2071 1320 2125 obscura
1341 2073 1424 2124 est
1439 2068 1671 2140 quando
1695 2067 1751 2120 in
1781 2067 1988 2121 eodem

380 2160 506 2214 loco
537 2175 780 2230 corpore
813 2157 1362 2230 quiescit,etspiritu
1376 2174 1650 2228 praesens,
1680 2156 1990 2210 innumera

377 2248 491 2302 illic
522 2248 779 2321 quotidie
811 2247 1177 2303 credentibus
1233 2246 1514 2302 beneﬁcia
1564 2249 1837 2317 przestare
1871 2261 1988 2298 non

375 2343 582 2396 cessat.

452 2427 540 2482 VI.
573 2429 750 2482 Porro
785 2430 981 2482 autem
1032 2425 1090 2479 in
1141 2425 1322 2480 sancti
1371 2424 1654 2479 Trudonis
1710 2424 1987 2480 electione

381 2531 499 2569 non
549 2515 858 2570 difﬁculter
913 2516 1103 2584 potest
1184 2513 1565 2567 animadverti
1624 2531 1736 2584 qua
1797 2514 1986 2567 inten-

380 2604 538 2657 tione
583 2605 811 2656 sanctus
889 2601 973 2655 vir
1013 2600 1198 2654 causis
1249 2605 1308 2655 et
1389 2601 1659 2655 custodiae
1706 2600 1988 2655 Dominici

381 2691 576 2763 gregis
624 2688 1025 2760 invigilaverit,
1071 2704 1247 2760 quam
1294 2687 1347 2743 ei
1397 2706 1514 2743 non
1565 2689 1811 2743 defuerit
1855 2705 1987 2760 pro-

381 2779 593 2850 phetiae
653 2777 906 2849 spiritus,
964 2792 1142 2848 quam
1187 2776 1435 2848 denique
1491 2777 1547 2831 in
1604 2778 1722 2844 illo,
1774 2794 1987 2849 magno

383 2866 591 2923 Christi
609 2882 812 2920 amore
829 2866 1112 2936 flagrante
1129 2864 1466 2935 cupiditates
1479 2881 1574 2920 om
1584 2882 1682 2920 nes
1695 2867 1832 2920 exsti
1842 2870 1986 2921 nctaa

381 2957 614 3013 fuerint.
649 2956 926 3011 Pastorali
949 2955 1041 3010 ille
1067 2955 1444 3011 sollicitudine
1464 2956 1796 3027 parochiam
1825 2972 1987 3010 suam

383 3062 488 3116 pro
508 3061 672 3099 more
703 3043 990 3111 visitabat,
1014 3046 1071 3098 et
1093 3062 1235 3116 quos
1255 3047 1546 3116 poterat,e
1576 3046 1844 3116 luporum
1864 3046 1990 3098 fau-

2090 1910 2342 1959 marum,
2376 1893 2580 1963 gloria,
2611 1894 2751 1956 laus,
2778 1896 2834 1945 et
2857 1892 3145 1962 jubilatio,
3179 1891 3275 1962 qui
3302 1891 3578 1945 voluisset
3601 1907 3705 1944 nos

2090 1984 2195 2038 hac
2229 1983 2322 2036 die
2349 1981 2632 2035 consolari
2665 1980 2911 2034 adventu
2934 1982 3102 2051 hujus
3127 1979 3333 2034 famuli
3364 1980 3470 2047 tui,
3504 1979 3564 2033 in
3589 1996 3703 2051 quo

2090 2076 2150 2126 tu
2164 2072 2292 2126 habi
2305 2075 2386 2124 tas
2415 2091 2440 2118 n
2456 2069 2802 2142 Addiditque
2821 2089 2868 2126 ;‹‹
2884 2072 2952 2124 Et
2965 2074 3046 2136 tu,
3064 2070 3141 2124 ﬁli
3160 2071 3260 2136 mi,
3275 2069 3349 2122 sis
3363 2069 3706 2123 benedictus

2091 2178 2119 2216 a
2148 2161 2418 2226 Domino,
2453 2159 2547 2231 qui
2575 2163 2631 2213 te
2665 2160 2935 2230 dignatus
2976 2164 3061 2213 est
3090 2160 3321 2213 mittere
3358 2158 3434 2211 ad
3477 2175 3606 2222 nos,
3649 2162 3707 2211 et

2092 2249 2440 2304 desiderium
2480 2247 2660 2303 animi
2708 2249 2788 2302 tui
2831 2250 3053 2304 occulta
3100 2247 3483 2318 inspiratione
3536 2246 3705 2301 nobis

2090 2336 2435 2408 signiﬁcare.
2473 2336 2624 2392 Scito
2655 2336 2830 2408 igitur
2851 2337 3119 2406 deinceps
3149 2340 3206 2389 te
3228 2336 3367 2390 mihi
3399 2335 3702 2389 charitatis

2083 2426 2212 2496 jure
2239 2427 2423 2480 ﬁlium
2454 2427 2823 2497 fore,meque
2855 2442 3084 2497 semper
3103 2425 3204 2478 tibi
3227 2425 3407 2494 patris
3425 2423 3703 2494 spiritalis

2090 2513 2281 2568 ofﬁcia
2309 2515 2723 2584 prazstiturum.
2759 2513 2889 2568 Mihi
2931 2514 3090 2568 enim
3127 2529 3288 2567 servo
3332 2528 3436 2566 suo
3475 2513 3703 2566 revela-

2088 2603 2169 2657 vit
2198 2604 2475 2658 Dominus
2497 2604 2634 2674 quid
2664 2619 2765 2673 pro
2794 2603 3001 2657 animm
3025 2607 3137 2656 tuae
3159 2604 3340 2656 salute
3361 2600 3700 2655 faciendum

2091 2691 2194 2745 tibi
2241 2691 2312 2745 sit
2354 2709 2366 2745 :
2409 2695 2466 2744 et
2513 2709 2578 2745 ex
2619 2709 2711 2746 me
2754 2692 2933 2746 disces
2969 2690 3466 2763 quemadmodum
3523 2690 3702 2760 possis

2091 2796 2330 2850 compos
2356 2780 2510 2834 effici
2548 2781 2663 2834 voti
2705 2781 2805 2834 tui.
2849 2781 3121 2851 Cognovi,
3157 2779 3405 2834 Domino
3450 2794 3547 2831 me
3594 2777 3704 2830 do-

2090 2872 2276 2936 cente,
2309 2868 2366 2921 in
2398 2869 2643 2940 pueritia
2684 2872 2741 2923 te
2766 2869 3002 2935 vovisse,
3031 2868 3074 2922 si
3119 2868 3218 2921 tibi
3258 2883 3557 2921 sacrarum
3606 2868 3702 2920 lit-

2090 2960 2346 3013 terarum
2368 2959 2619 3029 cognitio
2637 2959 2988 3031 quandoque
3017 2958 3364 3027 obtingeret,
3395 2955 3702 3010 ecclesiam

2091 3044 2149 3099 in
2183 3046 2361 3101 fundo
2389 3049 2484 3100 tuo
2505 3049 2558 3100 te
2580 3049 3062 3108 constructurum,
3083 3050 3253 3116 atque
3279 3045 3391 3098 illic
3420 3044 3702 3110 Domino,

383 3091 485 3116 ιη*
508 3091 670 3099 "“""
714 3091 990 3111 """"'""
1018 3091 1070 3098 "
1096 3091 1234 3116 ‘1'"
1255 3091 1545 3116 r"""""7'
1576 3091 1844 3116 ·“·ι”ν’“···’·
1864 3091 1960 3098 ’“’”“
2092 3091 2149 3099 ”“
2183 3091 2359 3101 ’“’““’“¹“ν
2390 3091 2482 3100 “““·’
2506 3091 2558 3100 ""
2581 3091 2760 3101 """"‘“
2777 3091 3062 3108 “‘"”‘““'""
3083 3091 3249 3116 “‘"1“"
3279 3091 3391 3098 """
3420 3091 3702 3110 ""'""""’

383 3135 543 3190 cibus
571 3134 928 3201 extrahebat,
971 3150 1314 3206 summoque
1363 3134 1576 3205 pastori
1634 3134 1989 3187 lucrifacere
2026 3091 2232 3188 Cdum
2261 3134 2484 3202 vixeris,
2527 3135 2962 3190 famulaturum.
2993 3136 3180 3188 Isthuc
3215 3137 3409 3188 autem
3456 3134 3565 3188 hoc
3605 3147 3705 3186 or-

385 3223 723 3280 conabatur.
754 3223 926 3278 Bonis
956 3224 1304 3278 adminiculo
1337 3228 1480 3291 erat,
1513 3228 1575 3278 ut
1630 3223 1837 3277 ﬁerent
1869 3240 1988 3278 me—

384 3312 586 3368 liores:
620 3311 846 3368 desides
874 3315 1046 3384 atque
1078 3315 1374 3383 torpentes
1403 3316 1465 3366 ut
1495 3312 1568 3366 ad
1599 3311 1900 3367 meliorem
1931 3329 1991 3367 se

384 3402 616 3474 frugem
668 3401 1014 3474 reciperent,
1072 3401 1432 3456 hortabatur.
1492 3403 1717 3455 Interea
1763 3405 1992 3455 sanctus

383 3490 597 3559 Trudo,
631 3491 959 3546 etiamnum
985 3507 1149 3561 puer,
1166 3491 1383 3562 primos
1403 3490 1526 3560 jam
1540 3489 1762 3544 virtutis
1775 3490 1990 3544 fructus

383 3579 742 3652 proferebat.
768 3579 1030 3652 Cumque
1046 3578 1370 3651 hissuperbi
1384 3579 1678 3651 sanguinis
1697 3580 1878 3632 multa
1897 3595 1992 3649 ge-

384 3669 699 3724 nerositate
729 3670 998 3740 polleret,
1018 3667 1208 3737 major
1229 3669 1426 3722 tamen
1445 3668 1495 3720 ei
1511 3667 1687 3722 divini
1705 3669 1917 3722 amoris
1934 3673 1992 3724 et

383 3757 662 3812 virtutum
695 3758 870 3812 ardor
887 3760 1060 3828 atque
1089 3754 1341 3808 studium
1361 3755 1546 3808 inerat
1571 3755 1714 3809 adeo
1739 3760 1991 3828 utquan-

2093 3224 2226 3279 dine
2263 3229 2318 3280 te
2360 3225 2584 3280 noveris
2621 3227 3062 3295 completurum.
3105 3223 3316 3278 Sancto
3357 3227 3707 3294 protomar-

2091 3314 2201 3388 tyri
2252 3315 2544 3385 Stephano
2597 3314 2749 3386 apud
2790 3315 2990 3368 urbem
3031 3313 3339 3368 Metensem
3388 3315 3516 3366 tuas
3562 3328 3706 3382 pos-

2091 3403 2369 3459 sessiones
2395 3401 2692 3468 oﬁ‘eres,et
2717 3403 2789 3456 ab
2821 3402 2943 3472 ejus
2971 3401 3079 3455 ioci
3109 3400 3534 3454 habitatoribus
3555 3401 3705 3454 seri-

2091 3496 2191 3564 pta
2216 3491 2410 3547 divina
2440 3492 2754 3547 doceberis.
2779 3490 2844 3545 Id
2876 3491 2968 3545 ubi
3017 3493 3352 3544 consecutus
3383 3488 3585 3556 fueris,
3629 3489 3703 3543 ad

2093 3599 2187 3637 me
2213 3581 2444 3647 redibis,
2464 3584 2522 3634 et
2545 3580 2843 3635 ecclesiam
2877 3596 2989 3650 quo
3026 3580 3184 3633 voles
3208 3578 3356 3646 loco,
3391 3582 3456 3633 ut
3488 3594 3546 3632 es
3573 3579 3703 3649 pol-

2092 3671 2298 3737 licitus,
2332 3669 2662 3726 aadiﬁcabis.
2698 3691 2726 3718 »

2161 3761 2297 3814 VIII.
2321 3759 2537 3814 Deinde
2565 3774 2696 3812 cum
2724 3758 2777 3812 ei
2808 3758 2954 3812 bene
2991 3761 3254 3828 precatus
3284 3757 3703 3825 esset,deditei

377 3847 574 3918 doque
601 3849 735 3900 voto
764 3861 822 3900 se
835 3844 1142 3915 obligaret,
1158 3841 1202 3894 si
1225 3842 1446 3897 Christo
1461 3843 1780 3913 opitulante
1801 3863 1992 3902 sacras
2094 3848 2310 3903 litteras
2331 3864 2458 3901 suas
2479 3848 2551 3901 ad
2567 3847 2828 3901 Metensis
2855 3846 3006 3900 urbis
3031 3846 3387 3917 episcopum,
3419 3847 3519 3918 qui
3545 3863 3703 3916 eum,

383 3934 675 3989 didicisset
701 3933 943 3998 litteras,
976 3947 1034 3984 se
1069 3929 1126 3982 in
1159 3929 1341 3985 fundo
1365 3947 1464 3986 suo
1489 3932 1784 3988 ecclesiam
1818 3935 1994 3990 mdiﬁ-
2097 3941 2156 3991 ut
2176 3937 2443 3991 divinitus
2464 3935 2570 4007 ipsi
2600 3937 2919 3990 revelatum
2945 3938 3087 4001 erat,
3117 3934 3452 3988 institueret
3475 3952 3543 3988 ac
3571 3953 3704 3990 eru-

384 4026 669 4088 caturum,
715 4020 828 4074 illic
873 4021 1155 4091 perpetuo
1216 4019 1460 4074 Domino
1507 4022 1876 4092 serviturum,
1937 4028 1993 4079 et
2095 4027 2261 4081 diret.
2296 4026 2548 4080 Praeerat
2573 4028 2708 4078 tunc
2747 4023 2983 4078 Metensi
3018 4022 3275 4076 Ecclesia:
3319 4022 3699 4094 Clodulphus,

384 4127 527 4181 quos
572 4110 782 4179 posset,
821 4109 894 4162 ad
942 4106 1040 4162 Dei
1087 4109 1305 4161 cultum
1349 4111 1407 4162 et
1458 4109 1842 4166 ministerium
1884 4113 1990 4168 sibi
2093 4114 2246 4169 beati
2275 4113 2577 4183 Arnulphi,
2609 4117 2672 4167 ut
2704 4129 2874 4166 carne
2908 4113 3074 4177 ﬁlius,
3105 4112 3184 4166 ita
3209 4111 3492 4166 virtutum
3529 4115 3702 4166 meri-

384 4197 569 4252 socios
584 4199 1062 4267 aggregaturum.
1087 4197 1273 4266 Atque
1298 4211 1365 4251 eo
1398 4197 1649 4268 ﬂagrans
1681 4199 1988 4271 desiderio,

2096 4203 2165 4257 tis
2196 4203 2253 4257 in
2283 4203 2622 4275 pontiﬁcatu
2662 4217 2950 4256 successor
2981 4199 3368 4271 dignissimus.
3403 4203 3454 4254 Is
3495 4203 3702 4255 buma-

387 4288 672 4340 nocturna
690 4283 906 4338 visione
938 4283 1204 4352 afﬁcitur,
1227 4288 1284 4340 et
1308 4287 1568 4357 angelica
1597 4289 1990 4346 consolatione
2013 4320 2067 4380 D
2094 4292 2328 4346 nissime
2359 4291 2592 4345 beatum
2631 4290 2958 4345 Trudonem
3000 4289 3307 4362 excipiens,
3344 4306 3465 4342 non
3514 4292 3700 4344 solum

385 4375 538 4429 hunc
578 4373 635 4427 in
682 4373 925 4428 modum
965 4372 1392 4430 conﬁrmatur:
1427 4395 1457 4428 «
1495 4377 1748 4446 Noveris,
1789 4379 1988 4444 frater,

385 4463 574 4536 inquit
600 4463 962 4534 angelus,,ea
983 4465 1114 4518 vota
1144 4480 1270 4535 quae
1285 4463 1505 4520 Christo
1538 4483 1682 4537 puer
1695 4483 1988 4541 nuncupa-

385 4553 485 4606 stis
506 4552 585 4607 illi
610 4568 731 4607 esse
756 4557 944 4622 grata,
975 4570 1285 4624 precesque
1309 4553 1470 4608 illum
1495 4555 1787 4610 admisisse
1819 4561 1943 4612 tuas
1974 4575 1988 4614 :

383 4659 492 4698 nec
523 4643 750 4698 dubites
793 4642 928 4716 quia
965 4644 1120 4715 quod
1157 4646 1515 4714 praeveniens
1553 4647 1657 4701 tibi
1699 4648 1986 4718 aspiravit,

385 4731 564 4788 etiam
591 4731 915 4804 adjuvando
939 4732 1009 4787 sit
1035 4737 1456 4804 prosecuturus,
1483 4737 1538 4788 et
1567 4734 1837 4792 affectum
1859 4755 1989 4810 per-

2093 4381 2214 4451 ejus
2239 4379 2412 4452 ipsius
2443 4396 2630 4446 causa,
2664 4379 2763 4433 sed
2793 4378 2968 4432 etiam
2999 4381 3238 4448 propter
3266 4378 3452 4431 sancti
3487 4379 3700 4433 Rema-

2092 4469 2160 4525 cli
2177 4469 2469 4540 egregiam
2485 4467 3053 4522 commendationem
3066 4467 3268 4532 ,causis
3281 4467 3567 4522 adventus
3581 4469 3701 4538 ejus

2092 4557 2545 4632 cognitis,sacris
2575 4574 2706 4611 eum
2729 4557 2930 4611 litteris
2961 4562 3018 4611 et
3049 4556 3240 4610 divina
3270 4557 3398 4627 lege
3429 4559 3700 4612 erudien-

2093 4653 2232 4706 dum
2254 4649 2490 4714 curavit,
2524 4650 2580 4701 et
2609 4664 2750 4719 quas
2780 4646 2986 4701 obtulit
3012 4650 3208 4699 sancto
3243 4645 3546 4717 Stephano
3570 4663 3699 4716 pos-

2092 4741 2368 4796 sessiones
2415 4736 2677 4808 suscepit.
2720 4735 2901 4790 Multis
2945 4751 3077 4789 vero
3133 4733 3302 4787 annis
3345 4734 3465 4788 illic
3504 4752 3694 4789 moras

384 4825 657 4879 ducturus
692 4823 752 4877 in
800 4823 1092 4878 effectum.
1127 4824 1227 4877 Ille
1267 4824 1526 4896 inquam,
1569 4826 1850 4897 sapientia
1889 4846 1990 4886 sua
2089 4829 2418 4884 trahentem
2442 4823 3697 4894 benehabuit,diligenterqueinstructumet

381 4914 605 4969 imbuet
633 4929 732 4968 cor
767 4915 961 4979 tuum;
995 4914 1054 4966 et
1099 4911 1322 4966 erudiet
1355 4917 1407 4967 te
1439 4915 1738 4986 praeceptis
1771 4917 1903 4986 suis,
1933 4923 1991 4974 et
2093 4916 2738 4978 sacerdotioinitiatum,
2759 4915 2953 4968 sancto
2971 4911 3118 4985 patri
3152 4912 3425 4967 Remaclo
3452 4912 3696 4970 remisit.

381 5003 572 5073 legem
592 5002 741 5056 hanc
756 5000 1580 5071 inscribetpectorituo.Porro
1595 5005 1788 5060 autem
1815 5007 1992 5064 etiam
2093 5011 2142 5063 Is
2172 5009 2516 5079 percontans
2541 5021 2607 5058 ex
2637 5020 2704 5058 eo
2734 5003 2873 5074 quid
2894 5001 3171 5057 Dominus
3202 5000 3294 5054 isti
3316 5002 3698 5072 praestitisset,

385 5092 458 5146 ad
485 5090 879 5146 ecclesiastica:
910 5088 1208 5160 dignitatis
1239 5090 1441 5144 munia
1465 5091 1991 5161 eveheris,multos-
2093 5102 2151 5154 et
2172 5114 2311 5152 num
2338 5111 2615 5168 prospero
2645 5093 2850 5148 itinere
2882 5093 3030 5146 ultro
3058 5091 3317 5161 citroque
3351 5108 3489 5146 usus
3529 5096 3699 5161 esset,

383 5197 494 5253 que
539 5179 760 5235 Christo
803 5181 861 5233 et
898 5177 1162 5233 Ecclesiae
1202 5178 1323 5250 ejus
1364 5179 1511 5234 ﬁlios
1555 5180 1664 5234 tuis
1699 5184 1884 5238 verbis
1932 5190 1990 5241 et
2093 5188 2187 5243 ubi
2219 5185 2503 5256 comperit
2528 5199 2660 5238 eum
2689 5182 2748 5236 in
2781 5180 2952 5236 sacris
2977 5179 3177 5233 litteris
3201 5180 3352 5234 bene
3370 5181 3698 5248 eruditum,

383 5270 646 5340 exemplo
663 5267 1185 5339 generabis.Atque
1201 5267 1443 5322 utdehis
1465 5269 1676 5324 certior
1697 5272 1982 5344 efﬁciaris,
2089 5278 2404 5332 immensas
2429 5276 2544 5328 Deo
2572 5271 2784 5342 gratias
2811 5270 2949 5340 agit,
2967 5269 3045 5323 ita
3071 5268 3296 5322 dicens:
3327 5291 3354 5317 ‹‹
3391 5269 3536 5322 Laus
3572 5269 3698 5337 tibi,

381 5357 619 5413 beatum
669 5357 1009 5410 Remaclum
1059 5355 1236 5423 adito,
1279 5356 1375 5428 qui
1427 5373 1544 5411 non
1595 5361 1791 5428 procul
1852 5363 1987 5420 hinc
2090 5367 2281 5432 Pater,
2309 5361 2552 5418 Domine
2575 5361 2767 5416 coeliet
2788 5357 3147 5429 terras,quod
3173 5358 3471 5428 complere
3495 5357 3701 5426 digna-

386 5446 568 5501 abest.
603 5444 690 5500 Illi
721 5447 869 5500 Deus
894 5445 1160 5499 revelavit
1198 5443 1335 5515 quid
1375 5444 1476 5500 tibi
1515 5445 1848 5504 faciendum
1893 5453 1984 5509 sit.
2090 5459 2182 5512 tus
2210 5471 2268 5509 es
2291 5471 2358 5508 ea
2379 5469 2500 5524 qua:
2522 5451 2664 5506 mihi
2692 5450 2761 5503 de
2783 5453 2882 5504 tuo
2897 5448 3113 5501 famulo
3139 5446 3699 5508 revelaveras,eum-

381 5535 483 5590 Ille
525 5533 735 5606 diriget
773 5548 997 5607 gressus
1035 5535 1182 5602 tuos,
1207 5549 1337 5607 quo
1380 5537 1440 5593 tu
1468 5537 1772 5611 tantopere
1833 5543 1983 5618 aspi-
2089 5561 2198 5619 que
2224 5543 2296 5598 ad
2325 5558 2441 5606 me,
2476 5540 2585 5596 tuis
2605 5538 2904 5612 praeceptis
2937 5540 3160 5607 tuaeque
3195 5536 3338 5605 legis
3366 5535 3695 5590 eruditione

377 5636 492 5679 1⁸⁸³-
518 5641 550 5675 ιδ
2088 5634 2426 5691 instructum
2452 5633 2510 5687 et
2533 5631 2828 5697 ornatum,
2855 5625 3208 5682 incolumem
3234 5625 3539 5682 revocasti.
3558 5627 3700 5681 Per-
