3892 6214
210 376 364 427 ,1157

1575 369 1732 424 νιΤΑ
1771 369 1828 425 S.
1869 366 2199 424 REMACLI.

3414 377 3550 433 H58

223 489 384 545 misit
413 492 610 544 autem
651 489 818 544 beato
846 487 1101 544 Trudoni
1132 488 1189 543 in
1238 505 1338 543 sua
1364 488 1590 543 dioecesi
1629 488 1835 559 prmdi-
1860 494 1913 552 Α
1941 488 2124 542 cultus
2154 486 2285 540 illuc
2322 485 2735 558 negligerelur,
2765 491 2883 543 tam
2908 489 3062 544 beati
3094 490 3345 547 Remacli
3369 510 3546 566 quam

221 594 355 633 care
389 579 630 633 verbum
658 577 785 644 Dei,
828 577 1026 632 missas
1056 577 1114 631 in
1142 577 1349 648 quibus
1397 578 1565 632 vellet
1595 577 1842 631 ecclesiis

222 667 541 734 celebrare,
580 666 830 738 denique
887 665 1230 733 oratorium,
1265 670 1327 721 ut
1383 665 1748 736 promiserat,
1783 667 1840 721 in

221 755 460 827 proprio
473 755 653 809 fundo
673 755 1314 810 exstruere.Permansit
1327 754 1501 825 igitur
1513 753 1842 825 aliquandiu

219 844 381 916 apud
402 860 558 910 eum,
575 843 772 898 vivens
791 843 1170 911 sanctissime,
1186 859 1251 897 ac
1269 842 1843 914 tandem,epi300pali

220 936 500 1004 percepta
556 931 982 1001 benedictione,
1041 933 1230 986 natale
1285 932 1477 986 revisit
1527 932 1734 998 solum,
1785 935 1842 985 et

219 1021 383 1092 quod
399 1021 528 1090 jam
553 1020 778 1092 pridem
798 1021 995 1075 animo
1015 1024 1379 1091 conceperat,
1405 1037 1466 1074 re
1489 1020 1612 1092 ipsa
1632 1019 1836 1087 effecit,

219 1109 550 1163 oratorium
571 1111 868 1164 exstruens
887 1109 944 1162 in
967 1109 1188 1180 prazdio
1209 1125 1332 1176 suo,
1361 1109 1456 1163 ubi
1487 1109 1699 1162 multos
1722 1110 1836 1162 Deo

216 1196 533 1252 servituros
554 1196 807 1268 collegit,
831 1200 1003 1270 atque
1034 1198 1107 1252 ad
1137 1199 1462 1252 extremum
1487 1214 1521 1250 a
1543 1197 1710 1251 beato
1729 1197 1835 1250 Re-

215 1286 414 1340 maclo
441 1286 563 1357 ejus
589 1286 827 1341 oratorii
856 1287 1350 1341 consecrationem
1369 1288 1428 1340 et
1451 1285 1616 1357 petiit
1645 1290 1704 1339 et
1734 1285 1838 1338 im-

215 1375 491 1443 petravit;
522 1375 579 1428 in
615 1391 728 1447 quo
756 1375 932 1430 etiam
965 1378 1094 1447 post
1137 1375 1482 1429 multifarios
1512 1375 1680 1444 hujus
1709 1373 1835 1427 vita:

215 1463 453 1517 labores
485 1464 798 1517 tumulatus
828 1467 935 1525 est,
958 1465 1016 1516 et
1047 1464 1334 1535 permulta
1363 1463 1476 1517 illic
1497 1465 1837 1534 perpetrans

216 1550 529 1614 miracula,
559 1568 738 1624 usque
764 1550 822 1606 in
843 1551 1194 1606 hodiernum
1212 1552 1369 1607 diem
1390 1551 1704 1606 commoda
1725 1549 1838 1605 illic

217 1638 406 1693 efﬁcit
434 1638 763 1694 habitacula
787 1640 1230 1695 monachorum.

295 1729 382 1782 IX.
442 1728 604 1782 Libet
627 1727 720 1782 hic
748 1729 944 1799 paucis
975 1729 1342 1784 considerare
1372 1746 1548 1802 quam
1578 1729 1636 1784 in
1667 1730 1837 1784 beato

1943 581 2287 630 cmterorum
2313 575 2675 630 sacerdotum
2706 577 3001 648 vigilantia
3031 580 3291 636 curabat.

2015 665 2114 719 X1.
2144 666 2206 719 In
2234 681 2300 718 eo
2332 665 2456 719 loco
2489 681 2662 736 quem
2720 665 3284 739 Cmsecongidunum
3316 677 3545 742 vocant,

1945 753 2017 807 ad
2033 753 2363 808 Sesmarum
2387 753 2806 818 fluvium,idem
2826 770 3262 825 rex,procerum
3288 761 3548 830 consilio,

1944 841 2002 895 in
2018 843 2301 896 honorem
2315 843 2643 913 apostoloru
2655 859 2706 896 m
2716 843 2866 896 Petri
2886 844 3106 898 etPauli
3125 849 3298 918 atque
3310 848 3552 905 Joannis

1943 929 2269 984 coenobium
2300 928 2578 994 condidit,
2607 931 2762 1001 quod
2789 935 2954 1001 aptus
2987 933 3278 990 videretur
3321 937 3367 990 is
3391 939 3550 993 locus

1943 1019 2364 1072 monachorum
2409 1018 2753 1072 habitationi
2807 1023 2865 1073 et
2897 1020 3161 1076 instituto
3197 1040 3210 1076 :
3242 1023 3418 1096 idque
3448 1043 3550 1083 sua

1938 1106 2282 1161 liberalitate
2322 1105 2542 1172 ditavit,
2562 1106 2830 1177 egregios
2853 1108 2950 1162 Dei
2978 1125 3172 1164 servos
3201 1111 3259 1166 in
3289 1112 3430 1168 illud
3455 1114 3552 1170 ad-

1939 1194 2101 1248 duxit
2120 1210 2369 1265 quorum
2398 1195 2632 1249 beatum
2655 1196 2991 1250 Remaclum
3016 1199 3192 1254 voluit
3205 1216 3326 1254 esse
3357 1202 3551 1272 provi-

1937 1299 2151 1348 sorem,
2176 1285 2348 1353 atque
2367 1283 2544 1337 etiam
2581 1283 2925 1354 magistrum
2953 1290 3012 1340 et
3037 1286 3449 1357 institutorem,
3489 1295 3552 1345 ut

1939 1387 2004 1425 ex
2019 1387 2085 1425 eo
2100 1371 2385 1424 discerent
2398 1357 2812 1426 convenienter
2829 1377 3160 1428 sanctorum
3183 1379 3420 1433 Patrum
3437 1381 3551 1435 tra-

1939 1459 2144 1514 ditioni
2164 1460 2568 1515 vivere.Exstat
2598 1460 2885 1532 hodieque
2917 1463 3072 1517 locus
3104 1466 3404 1532 orationis,
3425 1468 3549 1537 ejus

1940 1565 2115 1620 opera
2128 1549 2187 1603 in
2211 1564 2351 1619 rupe
2364 1548 2666 1615 excisus,in
2682 1566 2794 1621 quo
2810 1551 3138 1606 etiamnum
3158 1555 3310 1608 male
3327 1555 3548 1610 haben.

1940 1637 2087 1692 tibus
2099 1641 2448 1708 praestantur
2466 1638 2750 1693 beneﬁcia
2769 1639 3280 1696 curationumJllic
3298 1643 3454 1699 enim
3465 1644 3551 1699 vir

1938 1725 2328 1780 sanctissimus
2372 1727 2488 1780 Deo
2527 1742 2647 1780 sese
2692 1727 2962 1795 hostiam,
2988 1729 3227 1799 jejuniis
3253 1736 3315 1786 et
3342 1732 3550 1804 vigiliis

215 1817 519 1882 Remaclo,
554 1819 615 1870 ut
665 1816 930 1884 diximus,
959 1818 1339 1888 cupiditatum
1389 1816 1658 1873 omnium
1692 1817 1839 1888 ignis
1867 1820 1916 1880 B
1939 1817 2312 1881 maceratam,
2345 1813 2679 1886 aliquandiu
2719 1815 3032 1885 obtulerat,
3061 1821 3117 1872 et
3134 1818 3357 1875 Christo
3386 1821 3552 1876 fami-

216 1904 559 1976 consopitus
587 1904 782 1971 fuerit,
804 1922 979 1976 quam
1006 1906 1101 1960 ille
1133 1907 1394 1961 omnium
1424 1910 1634 1961 nostrae
1657 1907 1840 1960 aetatis

213 1993 589 2048 sacerdotum
606 1993 814 2047 merita
826 1995 1358 2062 excesserit,omnes
1369 1994 1548 2050 nostri
1563 1995 1839 2066 temporis

215 2081 524 2153 episcopos
567 2081 653 2134 sui
694 2083 1132 2154 comparatione
1165 2083 1488 2150 damnarit;
1546 2083 1752 2155 quibus
1793 2082 1839 2137 si

213 2170 374 2223 forte
405 2169 452 2222 is
479 2185 641 2222 casus
665 2169 958 2236 offeretur,
989 2172 1085 2242 qui
1111 2169 1439 2226 beatissimo
1467 2171 1586 2225 viro
1612 2171 1838 2225 oblatus

213 2257 350 2324 fuit,
385 2273 546 2311 secus
575 2258 775 2328 procul
807 2257 980 2313 dubio
1011 2259 1219 2313 facturi
1253 2258 1521 2313 videntur
1549 2275 1562 2313 :
1594 2276 1713 2313 non
1747 2276 1838 2314 so-

213 2347 343 2401 lum
365 2362 485 2400 non
513 2345 799 2401 hortaturi
827 2346 1096 2401 homines
1127 2347 1274 2419 pios,
1303 2350 1365 2402 ut
1384 2348 1684 2402 facultates
1710 2365 1839 2404 suas

217 2452 340 2490 non
373 2451 514 2502 suae,
563 2435 664 2490 sed
713 2435 876 2490 alteri
921 2436 1170 2492 ecclesiae
1209 2437 1464 2504 donent;
1506 2437 1607 2491 sed
1637 2437 1837 2503 etiam,

216 2527 263 2582 si
298 2525 398 2597 qui
427 2527 576 2580 ultro
608 2525 666 2580 id
694 2526 885 2580 facere
908 2526 1085 2581 velint
1110 2544 1208 2581 eos
1239 2527 1599 2582 dehor'taturi
1630 2526 1840 2598 potius,

217 2619 395 2688 atque
432 2617 495 2668 ut
550 2614 659 2669 sibi
706 2631 802 2670 eas
831 2615 1152 2686 largiantur
1183 2615 1531 2687 persuasuri,
1567 2632 1685 2670 non
1717 2615 1839 2670 sine

218 2703 427 2760 fraude
441 2705 871 2776 aliorum,quod
887 2721 1025 2776 pace
1039 2721 1240 2759 eorum
1254 2703 1493 2758 dixerim
1504 2704 1689 2768 .Quod
1704 2721 1840 2759 sane

219 2799 443 2868 quanto
459 2795 518 2849 in
534 2794 701 2850 nobis
713 2797 796 2849 est
809 2794 1159 2866 culpandum
1173 2794 1546 2865 magis,tanto
1566 2794 1841 2848 meritum

223 2882 728 2951 beatiRemacli,id
746 2883 914 2954 plane
929 2881 1482 2951 recusantis,majori
1501 2886 1584 2936 est
1603 2882 1768 2936 laude
1785 2886 1842 2936 et

225 2971 642 3044 praedicatione
669 2971 1050 3026 efferendum.
1069 2971 1136 3024 Et
1160 2971 1282 3024 11th
1302 2970 1537 3041 quidem
1557 2970 1628 3024 de
1643 2973 1840 3024 sancto

223 3061 501 3116 Trudone
529 3060 825 3132 aliquanto
848 3059 1025 3114 fusius
1050 3074 1512 3113 commemorare
1539 3057 1841 3112 voluimus.

1939 1901 2134 1956 liarius
2147 1918 2211 1956 co
2219 1902 2718 1972 njunctus,divina3
2732 1906 3209 1976 contemplationi
3229 1924 3289 1962 se
3313 1909 3551 1964 dedide-

1939 1993 2228 2062 rat,atque
2241 1991 2504 2045 salutaris
2524 1991 2777 2046 docrina:
2799 1992 3004 2062 pluviis
3030 1995 3394 2050 subditorum
3413 2014 3551 2068 pec-

1940 2082 2068 2133 tora
2094 2079 2380 2150 irrigarat.
2412 2079 2508 2135 Ad
2537 2080 2659 2151 ejus
2691 2081 2928 2136 tandem
2959 2083 3070 2137 loci
3097 2087 3430 2155 pertaasum,
3465 2088 3552 2144 in-

1941 2170 2165 2222 certum
2193 2185 2368 2239 quam
2424 2169 2498 2223 ob
2543 2184 2798 2236 causam,
2830 2170 2936 2224 nisi
2963 2172 3119 2242 quod
3143 2173 3304 2228 fama
3322 2176 3549 2246 sparsit,

1941 2257 2132 2311 locum
2155 2256 2318 2311 illum
2349 2257 2560 2312 multas
2589 2258 2938 2329 persensisse
2969 2261 3268 2317 molestias
3287 2280 3320 2318 a
3345 2269 3548 2336 poten-

1941 2345 2201 2413 tioribus,
2231 2345 2328 2416 qui
2375 2345 2591 2400 circurn
2652 2346 2802 2402 circa
2849 2349 3271 2408 morabantur:
3303 2369 3552 2426 cumque

1942 2451 2058 2488 non
2089 2433 2443 2489 haberetrex
2461 2435 2519 2489 in
2537 2436 2886 2507 prepinquo,
2917 2438 3069 2493 unde
3096 2444 3291 2510 posset
3317 2441 3364 2496 is
3391 2443 3550 2498 locus

1943 2523 2192 2589 dilatari,
2208 2523 2443 2577 beatum
2460 2525 2647 2578 virum
2662 2526 2961 2581 accessisse
2979 2543 3180 2598 regem
3193 2529 3360 2602 eique
3379 2531 3548 2587 dixis.

1943 2629 2000 2666 se
2023 2629 2036 2665 :
2061 2611 2511 2666 «Celsitudinem
2527 2613 2926 2686 tuam,inclyte
2943 2615 3556 2688 princeps,admonen-

1944 2700 2076 2754 dam
2091 2699 2469 2772 censui,quod
2482 2717 2614 2755 cum
2629 2702 2813 2756 multa
2824 2703 3035 2774 passim
3048 2707 3146 2759 tua
3161 2706 3554 2764 muniﬁcentia

1943 2787 2043 2842 Dei
2067 2791 2124 2842 et
2146 2791 2478 2844 sanctorum
2499 2789 2549 2860 ej
2559 2807 2621 2843 us
2637 2791 2814 2844 cultui
2838 2791 3027 2846 dicata
3041 2792 3156 2847 sint
3171 2797 3550 2862 monasteria,

1944 2878 2064 2932 sola
2086 2878 2488 2945 Arduenna,in
2503 2879 2697 2933 arduis
2715 2879 2823 2934 sita
2839 2881 3152 2950 montibus,
3188 2884 3345 2938 nulla
3366 2885 3552 2940 adh-ue

1944 2968 2209 3022 cmuobia
2232 2968 2480 3025 obtinet.
2521 2969 2726 3024 Jubeat
2746 2970 2922 3041 igitur
2951 2971 3230 3026 serenitas
3249 2975 3348 3028 tua
3374 2974 3551 3029 etiam

1946 3056 2061 3110 illic
2084 3057 2365 3111 nonnulla
2387 3057 2656 3112 aadiﬁcari
2681 3075 2694 3112 :
2719 3059 2906 3113 aderit
2937 3059 3150 3114 volenti
3171 3077 3238 3115 ex
3260 3061 3360 3116 Dei
3389 3063 3554 3118 beni-

227 3153 292 3205 ut
321 3151 502 3204 etiam
530 3147 849 3219 prophetiae
875 3148 1093 3201 donum
1114 3147 1283 3201 beato
1303 3147 1570 3200 Remaclo
1603 3162 1719 3200 non
1744 3146 1837 3199 de-
1868 3149 1913 3207 C
1947 3145 2168 3215 gnitate
2187 3145 2448 3212 facultas,
2472 3149 2753 3200 etnostrzn
2775 3147 2925 3200 sedis
2940 3145 3199 3203 vicinitas
3215 3166 3334 3205 non
3348 3150 3551 3206 deerit.

231 3239 407 3294 fuisse
439 3237 894 3293 ostenderemus.
924 3237 1065 3290 Cum
1085 3234 1244 3289 enim
1271 3235 1460 3289 Trudo
1493 3235 1564 3288 ab
1593 3233 1712 3304 ipso
1735 3233 1847 3305 pri-

230 3343 401 3382 mum
430 3325 747 3393 recederet,
767 3323 959 3379 Metim
985 3324 1290 3394 petiturus,
1325 3325 1564 3394 propter
1584 3320 1845 3377 viliorem

231 3416 500 3471 habitum
534 3414 658 3485 ejus
685 3412 986 3468 domestici
1034 3413 1188 3468 beati
1219 3411 1473 3466 Remacli
1520 3411 1684 3465 illum
1715 3426 1847 3464 con-

231 3507 590 3569 temnentes,
622 3503 863 3557 moleste
893 3501 1180 3564 ferebant,
1207 3501 1363 3572 quod
1389 3500 1691 3555 hominem
1721 3504 1846 3554 tam

233 3594 390 3649 male
417 3592 684 3647 vestitum
711 3591 864 3662 apud
893 3607 952 3645 se
982 3590 1303 3660 collegisset
1323 3590 1640 3661 episcopus.
1666 3587 1728 3642 Id
1751 3605 1845 3643 ve-

231 3699 298 3738 ro
331 3682 452 3748 ille,
476 3698 544 3735 ex
570 3680 760 3735 divina
789 3679 1141 3735 revelatione
1169 3695 1542 3749 cognoscens,
1566 3677 1850 3732 severissi-

234 3786 332 3824 me
361 3785 463 3823 eos
490 3767 853 3839 objurgavit:
887 3767 988 3821 sed
1032 3782 1165 3821 cum
1197 3782 1294 3820 eos
1322 3766 1630 3836 paeniteret
1667 3767 1727 3821 id
1764 3766 1847 3820 fe~

235 3858 403 3927 cisse,
438 3857 499 3910 in
529 3857 776 3928 gratiam
808 3856 936 3910 illos
972 3855 1213 3927 recepit,
1240 3855 1565 3910 admonens
1595 3858 1657 3910 ut
1686 3854 1850 3910 dein-

235 3962 374 4018 ceps
399 3946 682 4000 cautiores
713 3947 922 3999 essent.
957 3943 1070 3999 Sed
1100 3944 1171 3998 de
1198 3943 1285 3997 his
1314 3944 1471 4000 alias.

306 4037 371 4091 X.
408 4034 593 4098 Quam
616 4050 750 4088 vero
773 4036 902 4106 post
919 4033 1042 4088 hinc
1065 4034 1257 4086 sancte
1279 4036 1338 4086 et
1353 4032 1620 4103 religfose
1641 4033 1852 4087 Rema-

237 4125 361 4180 clus
388 4123 614 4190 vixerit,
643 4122 769 4194 quis
815 4121 952 4176 satis
979 4136 1446 4176 commemorare
1474 4121 1686 4192 queat?
1717 4121 1853 4184 Quis

238 4216 364 4287 ejus
394 4230 534 4286 erga
580 4211 953 4268 commissum
985 4210 1091 4266 sibi
1122 4226 1361 4282 gregem
1404 4209 1851 4265 sollicitudinem

239 4302 525 4375 explicet?
555 4302 820 4358 Manebat
849 4317 1072 4367 omnes,
1103 4303 1168 4355 ut
1196 4315 1232 4354 a
1264 4297 1616 4354 blandientis
1646 4298 1851 4353 mundi

239 4391 547 4448 lenociniis
597 4391 705 4446 sibi
758 4391 1042 4456 carerent,
1075 4406 1109 4443 a
1159 4388 1308 4442 curis
1360 4386 1564 4441 mundi
1593 4387 1762 4456 huius
1792 4404 1850 4442 se

1948 3233 2062 3287 Nec
2077 3248 2212 3286 vero
2235 3231 2469 3287 difﬁcile
2491 3233 2601 3287 erit
2625 3250 2694 3288 ea
2723 3250 2957 3305 augere,
2991 3239 3050 3289 et
3080 3235 3365 3294 instruere
3380 3239 3557 3294 rebus

1947 3320 2308 3388 necessariis,
2339 3337 2471 3375 cum
2501 3323 2628 3376 loca
2656 3323 2858 3377 omnia
2892 3322 3010 3378 illic
3065 3325 3393 3397 adjacentia
3441 3331 3556 3384 ture

1949 3409 2649 3466 ditionisubessedubium
2673 3428 2791 3466 non
2814 3413 2906 3465 sit.
2930 3433 2954 3460 1
2988 3413 3075 3466 Ad
3091 3414 3216 3470 haec
3233 3415 3314 3470 ita
3337 3433 3438 3472 rex
3470 3434 3557 3472 re-

1947 3498 2198 3572 spondit:
2218 3498 2435 3552 «Tuum
2457 3502 2561 3566 est,
2574 3500 2737 3553 Pater
2755 3499 3277 3568 beatissime,nobis
3293 3504 3352 3558 in
3366 3506 3472 3560 hac
3490 3522 3554 3560 re

1949 3586 2253 3643 consilium
2270 3587 2701 3642 daremostrum
2722 3587 2958 3655 erit,tuo
2973 3588 3207 3644 consilio
3226 3607 3559 3648 accommo-

1951 3677 2089 3731 dare
2116 3692 2489 3743 consensum,
2519 3679 2575 3729 et
2597 3679 2823 3731 mature
2851 3677 2992 3730 illud
3011 3678 3260 3749 exsequi.
3290 3681 3560 3751 Tuigitur

1949 3767 2120 3837 hujus
2139 3765 2222 3820 rei
2249 3782 2450 3820 curam
2472 3765 2714 3836 suscipe,
2749 3768 2806 3820 et
2837 3765 2896 3821 in
2939 3782 3080 3838 opus
3104 3766 3375 3823 incumbe
3409 3786 3421 3824 :
3455 3787 3561 3825 nos

1949 3857 2077 3910 loca
2107 3857 2456 3928 opportuna,
2487 3871 2615 3926 quae
2662 3858 2722 3909 tu
2753 3855 3014 3927 elegeris,
3047 3858 3105 3910 et
3132 3855 3425 3928 impensas
3454 3859 3559 3914 tibi

1953 3961 2069 3999 non
2086 3943 2710 4014 negabimus.»Deinde
2732 3944 3063 3999 convocavit
3079 3960 3179 3999 rex
3197 3945 3396 4001 ﬁdeles
3409 3947 3560 4002 viros

1953 4036 2216 4088 sanctum
2240 4032 2618 4088 Cunibertum
2636 4031 2993 4105 episcopum,
3020 4033 3370 4102 Atellanum,
3385 4036 3565 4092 Theo-

1953 4122 2264 4191 defridum,
2297 4127 2355 4178 et
2398 4123 2833 4179 Gislochardum
2883 4123 3183 4195 episcopos
3215 4139 3228 4178 :
3258 4124 3566 4196 optimates

1955 4227 2184 4283 quoque
2207 4228 2340 4267 suos
2359 4211 2766 4268 Grimoaldum
2778 4211 3055 4283 Majorem
3072 4212 3564 4282 domus,Foleoul-

1953 4300 2116 4366 dum,
2142 4299 2475 4354 Bobonem:
2513 4301 2770 4372 itemque
2800 4300 3148 4357 domesticos
3180 4319 3310 4358 suos
3335 4303 3563 4360 Clodul-

1953 4390 2158 4461 phum,
2184 4389 2556 4460 Ansigisilum
2575 4392 2632 4444 et
2650 4391 3022 4446 Berselonem
3046 4408 3059 4445 :
3085 4391 3265 4464 iisque
3286 4392 3564 4450 dixit:«Ex

239 4481 652 4546 subducerent,
665 4479 938 4535 fraterna:
965 4477 1091 4550 paci
1116 4479 1173 4531 et
1184 4475 1507 4531 concordiae
1531 4475 1852 4544 studerent,
1871 4479 1925 4538 D
1952 4478 2438 4545 voluntateDei,et
2451 4482 2636 4533 vestro
2651 4481 3110 4551 cieterorumque
3128 4481 3292 4535 nobis
3307 4483 3566 4539 ﬁdelium

238 4570 396 4624 viam
455 4567 865 4624 mandatorum
908 4566 1009 4622 Dei
1067 4564 1348 4620 inoffenso
1393 4563 1540 4635 pede
1571 4567 1850 4632 tererent,

240 4658 529 4715 mundum
555 4661 612 4712 et
640 4658 761 4728 ejus
783 4656 1122 4728 cupiditates
1148 4653 1493 4719 fastidirent,
1523 4656 1580 4707 et
1605 4669 1708 4707 ceu
1733 4652 1854 4708 feni

240 4750 454 4804 ﬂorem
485 4746 644 4802 brevi
662 4747 1091 4800 exarescentem
1119 4742 1404 4814 promptis
1430 4741 1638 4796 animis
1669 4743 1854 4798 calca-

238 4840 397 4902 rent,
429 4834 681 4890 cmlestia
719 4837 916 4889 mente
956 4835 1016 4886 et
1045 4832 1270 4887 actione
1301 4835 1774 4887 consectarentur
1799 4834 1857 4886 et

239 4927 607 4998 appeterent.
633 4923 892 4995 Cumque
911 4922 969 4976 in
990 4920 1077 4975 his
1096 4923 1436 4987 versaretur,
1458 4920 1666 4992 majori
1685 4920 1854 4992 coepit

237 5015 449 5070 ardere
503 5011 790 5068 desiderio
837 5009 1071 5065 liberius
1102 5009 1338 5065 vacandi
1385 5010 1525 5077 Deo,
1560 5012 1624 5063 ut
1665 5012 1859 5080 posset

237 5119 422 5176 quam
451 5101 636 5156 suavis
660 5101 732 5155 sit
758 5099 1038 5155 Dominus
1066 5101 1317 5169 gustare.
1338 5098 1588 5167 Optabat
1604 5114 1740 5152 vero
1759 5098 1857 5152 ali-

237 5208 420 5264 quam
447 5190 553 5245 sibi
583 5188 872 5245 rationem
894 5187 1140 5253 ostendi,
1168 5202 1281 5258 quo
1305 5185 1526 5240 facilius
1549 5185 1608 5239 id
1635 5185 1858 5241 obtine-

237 5285 350 5336 ret.
388 5283 486 5336 Ροι
520 5278 580 5333 id
622 5281 851 5348 tempus
875 5275 1207 5347 Sigebertus
1235 5291 1336 5329 rex
1370 5275 1495 5329 loca
1525 5273 1718 5328 divino
1745 5277 1858 5330 cul-

238 5369 328 5427 tui
378 5365 764 5437 mancipanda
797 5365 856 5419 in
905 5365 1108 5436 quibus
1148 5381 1266 5419 non
1314 5365 1483 5417 erant
1532 5362 1691 5427 locis,
1724 5379 1857 5419 cum

237 5457 470 5530 ingenti
499 5455 685 5512 animi
715 5453 1020 5509 devotione
1049 5453 1356 5519 condebat;
1380 5450 1614 5506 condita
1637 5451 1778 5505 vela
1798 5469 1858 5508 se

237 5551 332 5606 vel
344 5547 714 5622 superiorum
727 5547 1057 5616 temporum
1070 5537 1741 5616 regibus,benignissima
1751 5540 1861 5594 lar-

189 5657 202 5662 '
240 5639 429 5718 gitate
451 5641 511 5696 et
534 5635 741 5710 opibus
767 5633 1145 5709 sustentabat,
1176 5635 1350 5705 atque
1379 5647 1454 5688 ne
1486 5628 1714 5686 debitus
1737 5628 1857 5688 Deo

1954 4583 2256 4634 consensu,
2281 4567 2394 4621 duo
2426 4567 2733 4622 statuimus
2764 4583 2871 4622 con
2887 4568 3025 4623 dere
3046 4570 3568 4626 monasteriaintra

1955 4658 2100 4712 ﬁnes
2120 4655 2473 4723 Arduennae,
2492 4656 2552 4710 in
2567 4656 2771 4727 quibus
2787 4657 3003 4728 degant
3027 4655 3132 4709 viri
3153 4657 3424 4730 religiosi,
3444 4677 3568 4715 mo-

1956 4745 2190 4802 nasticae
2204 4745 2332 4801 vitae
2351 4747 2620 4812 cultores,
2646 4745 2742 4818 qui
2769 4761 2875 4816 pro
2895 4746 3161 4800 nostraet
3177 4762 3566 4805 successorum

1957 4839 2293 4892 nostrorum
2326 4833 2748 4904 incolumilate,
2775 4837 2835 4888 et
2856 4833 3031 4888 totius
3053 4832 3218 4904 regni
3257 4833 3565 4891 stabilitate

1959 4929 2016 4980 et
2039 4924 2458 4996 tranquilitate,
2483 4927 2656 4995 atque
2688 4939 2914 4988 eorum,
2960 4921 3056 4993 qui
3087 4919 3234 4974 curis
3262 4921 3427 4991 regni
3459 4924 3564 4978 de-

1956 5013 2262 5080 stinentur,
2291 5011 2754 5078 conservatione,
2772 5011 2958 5064 Deum
2990 5008 3448 5079 omnipotentem
3471 5012 3564 5068 de-

1957 5102 2424 5172 precentur.Ejus
2435 5117 2570 5156 vero
2590 5099 2642 5154 ei
2666 5099 3105 5169 procuratorem
3137 5097 3562 5156 ethortatorem

1957 5190 2295 5244 Remaclum
2327 5189 2659 5261 episcopum
2683 5185 2787 5256 ipsi
2815 5185 2974 5256 operi
2987 5200 3230 5256 praeesse
3247 5186 3563 5242 volumus.»

2028 5277 2150 5334 XII.
2188 5279 2384 5348 Itaque
2403 5275 2561 5346 regia
2585 5273 2927 5328 auctoritate
2953 5277 3010 5328 et
3027 5274 3360 5328 necessariis
3385 5277 3565 5331 comi-

1961 5366 2039 5421 tib
2049 5382 2110 5420 us
2130 5366 2386 5420 munitus
2399 5366 2627 5419 sanctus
2644 5362 3342 5434 episcopus,Arduennam
3365 5364 3564 5421 silvam

1959 5452 2262 5523 paludibus
2278 5457 2336 5508 et
2366 5451 3034 5523 montibusimpeditam,
3058 5451 3232 5522 petit:
3257 5453 3567 5509 Vuarchin-

1961 5556 2099 5598 nam
2152 5541 2400 5597 rivulum
2454 5539 2677 5594 accedit
2707 5556 2720 5595 :
2750 5539 2966 5596 invenii
3003 5539 3116 5596 illic
3165 5543 3322 5598 certa
3349 5541 3564 5600 indicia

1956 5633 2085 5688 loca
2094 5627 2194 5686 illa
2203 5629 2499 5704 quondam
2510 5628 2851 5689 idololatrias
2864 5630 3036 5690 fuisse
3045 5632 3572 5707 mancipata,erant
