3892 6214
357 353 377 406 i
394 351 492 406 159
1463 340 1760 396 NOTGERI
1799 338 1966 396 LEOI

2077 337 2209 395 liSIS
2248 337 2560 394 EPISCOPl
3549 343 3682 395 H60

350 465 463 520 illic
478 461 695 534 lapides
714 458 932 526 Dianas,
961 461 1020 513 et
1039 457 1098 512 id
1120 473 1300 529 genus
1327 458 1676 529 portentosis
1697 457 1948 514 nomini-
1971 473 2027 534 Α
2062 475 2201 530 quas
2225 461 2390 530 putat
2403 474 2462 513 se
2481 457 2556 513 ad
2571 472 2672 512 vos
2691 457 3115 529 oppugnandos
3130 455 3416 512 invenisse
3437 455 3680 523 aditum,

351 553 456 606 bus
485 547 763 620 inscripti,
789 547 877 602 vel
907 545 1127 618 efﬁgies
1157 562 1359 600 eorum
1406 547 1686 601 habentes
1714 563 1728 602 :
1763 547 1953 602 fontes
2057 547 2266 601 horror
2292 545 2482 602 omnis
2505 545 2766 600 facesset.
2800 545 2896 599 His
2929 545 3087 599 enim
3115 544 3307 600 modis
3337 544 3526 599 etiam
3553 548 3680 599 ante

354 636 862 705 etiam,hominum
875 634 1110 702 quidem
1131 633 1321 688 usibus
1351 634 1492 704 apti,
1516 635 1614 689 sed
1637 634 1951 706 gentilismi
2055 650 2159 688 nos
2187 633 2499 688 infestabat
2517 632 2770 706 Egypti,
2797 633 3108 688 Thebaidis
3135 637 3195 687 et
3219 633 3420 688 Nitric
3454 648 3682 688 eremos

353 725 644 780 erroribus
670 723 1077 795 pollnti,atque
1094 723 1168 776 ob
1189 723 1247 777 id
1273 723 1594 778 etiamnum
1617 723 1950 778 daamonum
2051 721 2391 789 incolentes,
2420 737 2671 794 quorum
2728 721 2952 777 utinam
2985 738 3090 777 nos
3118 722 3206 776 vel
3239 721 3676 795 qualescunque

353 793 706 868 infestationi
728 811 955 867 obnoxii
965 793 1180 882 .ilgitur
1193 811 1452 866 adhibita
1465 811 1535 865 ad
1536 812 1558 882 j
1569 811 1832 866 uratione
1850 828 1954 884 per
2053 809 2337 879 possimus
2349 809 2593 865 inveniri
2606 813 2916 865 sectatores
2927 853 2936 864 .
2946 810 3132 864 Habet
3151 810 3246 864 ille
3259 793 3420 864 mille
3433 793 3680 864 nocendi

356 902 562 958 Christi
588 918 824 968 nomen,
852 903 910 955 et
931 899 990 954 S.
1016 899 1209 954 Crucis
1241 899 1404 970 signo
1436 916 1725 970 expresso,
1761 901 1954 954 locum
2059 901 2232 966 artes,
2266 915 2372 952 nec
2405 897 2614 953 desunt
2642 897 2695 952 ei
2728 897 3056 953 innumeras
3105 897 3344 952 fallendi
3398 897 3533 952 vim.
3572 895 3678 950 Sed

354 991 518 1046 illum
539 1007 573 1045 a
601 989 938 1045 daemonum
967 987 1356 1042 incnrsatione
1368 988 1675 1042 vindicavit
1697 990 1756 1042 et
1773 989 1959 1060 expia-

354 1079 707 1150 vit,moane
721 1094 872 1150 aqua
893 1077 964 1131 ab
981 1076 1104 1148 ipso
1121 1091 1222 1130 suo
1241 1079 1436 1131 meatu
1449 1076 1721 1147 guttatim
1741 1076 1962 1147 dilapsa

356 1166 824 1225 evanuit.Videns
847 1168 1044 1220 autem
1063 1163 1149 1218 vir
1178 1168 1405 1218 sanctus
1432 1165 1624 1219 locum
1647 1163 1813 1218 illum
1834 1168 1958 1219 tum

355 1255 588 1328 piSCOSlS
613 1252 800 1326 aquis,
841 1255 965 1306 tum
995 1251 1218 1322 pascuis
1248 1251 1555 1306 uberrimis
1584 1252 1956 1307 commodam

357 1343 616 1417 priebere
630 1340 1297 1410 habitationem,prolixe
1311 1356 1482 1411 super
1502 1340 1726 1396 fontem
1753 1357 1954 1412 preca-

357 1437 470 1495 tus,
486 1446 619 1485 eum
633 1429 946 1497 benedixit,
977 1428 1153 1500 lapidi
1169 1428 1398 1499 signum
1415 1428 1606 1483 Crucis
1640 1429 1956 1500 insculpsit.

358 1519 663 1593 plumbum
693 1518 752 1571 in
803 1515 1089 1572 foramina
1142 1516 1474 1572 infundens.
1514 1519 1580 1571 Et
1609 1533 1738 1572 ecce
1770 1517 1962 1573 subito

359 1609 676 1678 erumpunt
699 1622 863 1677 aqua:
885 1603 1242 1676 largissimae,
1273 1621 1400 1676 quas
1419 1621 1594 1676 usque
1621 1604 1679 1659 in
1711 1621 1964 1676 praesens

360 1695 523 1750 dictis
545 1694 720 1749 nostis
736 1693 913 1748 fidem
926 1692 1144 1747 faciunt
1160 1709 1256 1746 eas
1268 1693 1651 1749 cernentibus.
1663 1693 1728 1746 Et
1740 1693 1873 1764 quia
1886 1694 1967 1748 lo-

2062 1001 2167 1039 nos
2197 1003 2315 1041 non
2347 988 2683 1058 ignoramus
2705 986 2867 1042 dolos
2886 977 2943 1041 et
2968 987 3198 1042 fraudes
3215 987 3358 1058 ejus,
3377 985 3480 1058 qui
3506 985 3679 1040 etiam

2061 1088 2167 1144 per
2223 1091 2448 1129 muscas
2503 1074 2852 1147 quandoque
2886 1092 2991 1130 nos
3039 1075 3366 1147 impugnat.
3405 1074 3524 1129 Nos
3549 1089 3678 1128 vero

2063 1163 2268 1216 Christi
2302 1163 2469 1230 servi,
2503 1179 2618 1234 quo
2648 1163 2798 1218 illius
2841 1163 3229 1218 incnrsatione
3262 1161 3526 1218 crebrius
3554 1177 3680 1233 pre-

2061 1251 2372 1318 mimur,eo
2392 1251 2577 1322 magis
2598 1251 3204 1323 assurgimus,fortiter
3225 1251 3306 1306 illi
3324 1251 3678 1306 resistentes.

2063 1342 2339 1411 Expertus
2391 1339 2635 1395 Satanas
2689 1340 3047 1412 pertimescit
3096 1340 3261 1395 initia
3301 1343 3462 1395 recte
3494 1339 3684 1395 vivere

2064 1429 2381 1484 instituenti
2391 1445 2509 1495 nm,
2527 1428 2765 1500 vigilias,
2782 1430 3095 1497 orationes,
3103 1429 3180 1500 jej
3191 1429 3684 1496 unia,mansuetu—

2068 1517 2289 1583 dinem,
2304 1516 2646 1588 patientiam
2659 1517 3065 1583 ,voluntariam
3083 1518 3682 1590 paupertatem,va

2069 1605 2267 1677 gloria:
2284 1604 3686 1678 contemptum,humilitatem,misericordiam,et

2071 1693 2378 1766 praecipue,
2411 1711 2621 1765 purum
2653 1711 2793 1766 erga
2821 1695 3110 1749 Christum
3143 1709 3433 1749 amorem.
3467 1693 3682 1757 Quam-

359 1798 494 1838 cnm
517 1783 679 1837 illum
705 1798 739 1836 a
768 1782 1058 1836 malorum
1083 1780 1772 1851 spirituuminfestatione
1791 1797 1964 1834 mun—
1995 1794 2045 1854 Β
2068 1783 2272 1838 obrem
2312 1786 2372 1836 ut
2408 1784 2498 1838 leo
2549 1783 2608 1837 in
2649 1785 2942 1855 spelunca,
2975 1782 3281 1838 insidiatur
3335 1783 3408 1837 ab
3456 1784 3685 1837 occulto

361 1872 616 1938 daverat,
643 1869 1144 1935 Malmundarium,
1182 1868 1347 1940 quasi
1379 1885 1412 1923 a
1441 1870 1595 1922 malo
1619 1868 1963 1922 mundatum

361 1958 573 2031 placuit
593 1975 726 2013 eum
755 1959 1066 2030 appellare.
1102 1956 1384 2010 Exstruxit
1413 1960 1608 2011 autem
1639 1957 1754 2010 illic
1779 1959 1967 2011 orato-

359 2048 535 2116 rium,
569 2047 824 2119 itemque
854 2047 1181 2101 habitacula
1236 2045 1297 2099 in
1356 2062 1488 2099 usus
1512 2061 1808 2100 servorum
1840 2045 1961 2112 Dci,

362 2136 630 2208 auxitque
656 2153 744 2204 ea,
772 2152 900 2208 qua:
926 2135 1000 2189 ad
1030 2135 1131 2188 Dei
1160 2135 1378 2188 cultum
1404 2138 1749 2205 spectarent.

433 2226 584 2280 XIII.
607 2225 722 2280 Sed
741 2241 874 2278 cum
897 2224 942 2278 is
966 2225 1121 2278 locus
1150 2223 1210 2277 in
1247 2222 1654 2294 Agrippinensi
1692 2221 1967 2293 parochia

363 2314 503 2369 situs
521 2312 1023 2381 esset,casnobinm
1040 2310 1289 2382 suscepit
1304 2310 1964 2381 constituendum,quod

363 2419 478 2458 sua;
500 2402 756 2457 dicacesis
774 2400 1050 2454 limitibus
1077 2399 1822 2453 contineretnr.Procedens
1855 2397 1962 2468 igi-

363 2495 457 2545 tur
485 2490 620 2545 inde
641 2489 802 2561 quasi
851 2489 926 2542 ad
955 2487 1068 2542 duo
1115 2486 1294 2540 millia
1338 2502 1533 2540 versus
1570 2486 1960 2553 Occidentem,

362 2575 956 2647 Callamrivulnm,qni
969 2574 1255 2646 parochiis
1270 2573 1665 2628 conterminus
1677 2577 1967 2639 est,transp

362 2666 429 2720 iit
443 2669 501 2719 et
525 2665 704 2718 adAm
715 2665 939 2718 blavam
953 2663 1193 2716 ﬂuvium
1212 2663 1271 2715 in
1288 2662 1585 2732 cujusdam
1603 2661 1818 2715 montis
1833 2678 1966 2716 con-

364 2753 505 2808 ﬁnio
554 2751 823 2807 substitit.
860 2753 1046 2822 Atque
1076 2751 1154 2805 ibi
1184 2750 1518 2822 aliquandiu
1547 2753 1962 2817 commoratus,

364 2842 550 2897 multa
577 2840 649 2894 de
675 2856 733 2894 se
779 2842 989 2894 sanctae
1016 2837 1462 2893 conversationis
1490 2839 1754 2909 exempla
1785 2838 1962 2907 dedit,

366 2927 864 2999 quemadmodum
889 2930 1129 2999 possunt
1161 2927 1257 2998 qui
1288 2927 1486 2981 volunt
1512 2942 1678 2980 nosse
1707 2927 1780 2981 ab
1806 2927 1964 2982 inco-

2066 1887 2162 1925 vos
2192 1876 2254 1926 ut
2284 1889 2317 1925 a
2347 1872 2646 1942 proposito
2677 1872 2987 1927 deterreat.
3022 1893 3048 1918 ιι
3085 1872 3179 1926 His
3208 1875 3266 1924 et
3294 1871 3419 1941 ejus
3451 1871 3685 1942 generis

2065 1959 2189 2014 aliis
2217 1959 2406 2015 verbis
2455 1976 2659 2015 eorum
2707 1961 2934 2016 animos
2964 1961 3036 2016 ad
3082 1960 3184 2015 Dei
3225 1961 3447 2015 cultum
3479 1975 3683 2031 promo

2065 2047 2280 2118 ptiores
2307 2048 2496 2103 effecit
2521 2053 2578 2103 et
2619 2049 2892 2104 adversus
2926 2049 3279 2104 tentationes
3303 2065 3514 2103 omnes
3544 2064 3682 2102 con-

2066 2135 2341 2194 firmavit.

2137 2225 2266 2279 XIV.
2283 2226 2508 2292 Postea,
2523 2225 2798 2280 institutis
2815 2241 3058 2296 operum
3073 2225 3362 2299 perfectis,
3382 2225 3527 2297 quid
3550 2240 3684 2297 age-

2068 2315 2200 2368 rent
2225 2313 2505 2385 exposuit,
2532 2317 2704 2384 atqne
2736 2313 2817 2368 ita
2841 2315 3104 2385 Tungros
3132 2315 3219 2368 vel
3258 2313 3597 2383 Trajectum
3625 2329 3683 2366 se

2065 2401 2369 2473 recipiens,
2397 2401 2470 2456 ad
2492 2402 2792 2472 pastoralis
2822 2402 2992 2457 ofﬁcii
3011 2419 3178 2457 curas
3193 2402 3463 2457 animum
3489 2401 3688 2456 inten-

2067 2491 2169 2546 dit.
2200 2492 2324 2546 Non
2358 2492 2540 2546 multo
2568 2495 2698 2562 post
2726 2507 2824 2545 rex
2867 2509 2937 2546 ea
2959 2492 3161 2546 didicit
3188 2495 3526 2547 constructa
3555 2507 3685 2546 mo-

2067 2580 2317 2634 nasteria
2368 2583 2425 2634 et
2482 2580 2797 2634 immensas
2852 2580 3242 2651 omnipotenti
3295 2582 3414 2635 Deo
3464 2581 3685 2652 gratias

2067 2668 2213 2738 egit;
2245 2672 2304 2723 et
2333 2668 2469 2740 quia
2499 2668 2750 2723 ecclesias
2779 2684 2977 2723 recens
3005 2669 3325 2735 aedificatae,
3361 2667 3687 2740 episcopali

2066 2756 2471 2810 benedictione
2490 2755 2851 2827 indigebant,
2873 2757 3105 2811 beatum
3125 2756 3465 2810 Hemaclum
3481 2771 3687 2827 accep-

2068 2843 2244 2913 siens,
2273 2849 2393 2899 tam
2443 2860 2574 2898 eam
2605 2860 2732 2915 quae
2786 2848 2912 2899 erat
2957 2844 3316 2899 Coloniensis
3354 2844 3687 2915 paraschim,

2074 2936 2370 2986 annuente
2383 2931 2695 2986 venerabili
2710 2932 3018 2987 Cuniberto
3031 2932 3510 3004 episcopo,quam
3526 2932 3688 2987 illam

362 3018 432 3073 lis
452 3018 510 3073 id
525 3016 1264 3109 referentibus.Etsi.autem
1286 3017 1552 3070 locnsille
1572 3017 1784 3070 multos
1799 3017 1971 3070 habe-
1997 3046 2044 3109 Ο
2075 3037 2203 3092 qua:
2233 3024 2443 3075 nostrae
2486 3020 2744 3076 dicecesis
2775 3025 2878 3088 est,
2913 3020 2985 3074 ab
3016 3037 3084 3074 eo
3134 3020 3314 3075 voluit
3341 3019 3690 3075 solemniter

364 3109 456 3161 ret
479 3106 892 3173 fontes,tamen
911 3103 1068 3176 quod
1093 3107 1370 3175 angustus
1393 3108 1560 3171 esset,
1585 3120 1691 3158 nec
1722 3104 1968 3158 ofﬁcinis
2008 3103 2043 3109 ’⁷
2071 3109 2415 3177 consecrari,
2452 3111 2513 3162 ut
2541 3109 2701 3179 cujus
2743 3107 3116 3180 dispositione
3146 3111 3206 3162 et
3233 3108 3464 3179 ingenti
3495 3108 3687 3163 studio

365 3194 698 3248 necessariis
717 3191 1106 3260 sufﬁceret,ad
1123 3193 1418 3246 Orientem
1434 3192 1679 3246 reflectit
1691 3208 1916 3262 gressus
1948 3209 1962 3260 ;

363 3299 793 3355 parumperqne
818 3281 1157 3354 procedens,
1173 3281 1528 3336 videtlocum
1541 3281 1964 3352 spatiosiorem,

365 3373 674 3444 futuraque
690 3371 850 3444 operi
871 3370 1484 3427 accommodatiorem.
1507 3370 1590 3425 lbi
1612 3385 1753 3440 ergo
1787 3368 1970 3424 labori

365 3461 538 3532 ccepit
566 3460 779 3515 instare
805 3458 1100 3526 attentius,
1131 3459 1445 3531 aderatque
1472 3459 1574 3525 illi,
1605 3459 1740 3514 utin
1761 3459 1969 3514 talibus

365 3552 528 3617 solet,
556 3549 750 3606 divina
793 3549 989 3617 virtus,
1023 3565 1137 3621 qua
1157 3548 1374 3603 factum
1415 3552 1501 3603 est
1529 3552 1593 3602 ut
1611 3550 1969 3603 voluntatem

365 3640 600 3696 effectus
616 3639 1159 3712 sequeretur.Porro
1181 3637 1338 3709 quod
1357 3637 1497 3691 ferte
1513 3653 1582 3691 eo
1597 3637 1851 3707 undique
1870 3652 1969 3690 seu

364 3730 441 3784 ad
455 3729 860 3796 stabulum,vel
875 3730 1047 3798 potus
1064 3727 1150 3780 vel
1175 3729 1372 3796 pastus
1390 3726 1966 3794 causa,coniluerent,

367 3817 684 3891 antiquitus
699 3817 793 3872 ille
815 3817 972 3871 locus
985 3814 1288 3869 Stabulaus
1301 3813 1485 3867 dictus
1500 3813 1626 3868 fuit.
1670 3812 1834 3877 Quod
1864 3830 1968 3870 no-

368 3924 507 3963 men
521 3907 606 3961 vir
629 3908 859 3961 sanctus
888 3902 1132 3958 minime
1152 3902 1373 3956 censuit
1391 3902 1842 3970 immutandum,
1869 3904 1969 3958 sed

368 3999 428 4050 et
455 3994 568 4049 dici
595 3999 655 4047 et
683 4009 806 4048 esse
836 3990 1316 4046 volnitstabulum
1341 3989 1598 4044 ﬁdelium
1617 3990 1966 4059 animarum,

367 4099 438 4138 eo
468 4087 749 4151 tanquam
779 4079 852 4134 ad
881 4081 1116 4132 aeternae
1145 4078 1261 4132 vita
1290 4094 1500 4149 pascua
1532 4078 1803 4151 deinceps
1831 4095 1966 4151 pro-

369 4173 797 4242 peraturarnm.
822 4169 1001 4222 Porro
1041 4166 1315 4221 fratribus
1365 4184 1510 4239 quos
1562 4167 1675 4224 illic
1729 4169 1812 4224 vir
1867 4170 1970 4224 Dei

369 4256 445 4312 ad
481 4271 734 4327 praesens
764 4257 1237 4326 congregaverat,
1267 4271 1385 4310 non
1414 4272 1655 4327 parvum
1685 4274 1835 4329 saepe
1861 4261 1972 4313 ter-

2067 3196 2314 3251 conditaz
2346 3200 2532 3262 erant,
2555 3196 2604 3266 ej
2616 3213 2678 3250 ns
2700 3196 2877 3251 etiam
2900 3211 3076 3266 opera
3091 3195 3414 3267 pontificali
3440 3195 3688 3250 benedi-

2068 3284 2673 3340 ctione'afﬁcerentur.
2701 3285 2812 3338 Nec
2839 3301 2974 3339 vero
2995 3284 3070 3339 ad
3093 3284 3196 3338 has
3222 3300 3316 3339 res
3344 3283 3436 3338 vir
3454 3288 3690 3339 sanctus

2070 3374 2214 3427 ullas
2243 3389 2437 3428 moras
2459 3373 2674 3441 attulit;
2707 3373 2805 3444 qui
2836 3388 2974 3426 sane
3005 3376 3063 3426 et
3098 3371 3223 3442 regi
3255 3374 3315 3426 et
3344 3372 3689 3444 proceribus

2071 3463 2215 3517 adeo
2237 3463 2442 3516 charns
2459 3464 2601 3529 erat,
2617 3465 2912 3533 tantaeque
2926 3460 3077 3531 apud
3096 3476 3195 3515 eos
3215 3461 3686 3526 existimationis,

2070 3553 2134 3605 ut
2165 3549 2305 3604 nihil
2337 3550 2493 3621 quod
2545 3548 2745 3621 magni
2777 3551 2926 3603 esset
2965 3548 3272 3616 momenti,
3302 3549 3527 3621 absque
3566 3551 3689 3620 ejus

2071 3638 2309 3693 consilio
2335 3638 2518 3691 ﬁeret.
2542 3639 2727 3708 Atque
2763 3652 2832 3690 ea
2875 3652 3066 3700 causa,
3097 3636 3409 3691 missarum
3441 3636 3688 3708 peractis

2070 3725 2384 3793 solemniis,
2405 3728 2712 3796 utrumque
2730 3724 3146 3779 monasterium
3172 3724 3544 3779 Grimoaldus
3565 3741 3687 3779 ma-

2061 3814 2392 3886 jordomus,
2405 3813 2553 3866 illius
2568 3812 2805 3868 tradidit
2815 3813 3062 3868 solertia:
3081 3817 3140 3867 et
3156 3812 3457 3867 industriae
3475 3813 3689 3885 guber-

2071 3902 2370 3970 nandum;
2403 3902 2573 3956 simul
2617 3901 2876 3956 indicans
2905 3901 2979 3964 ei,
3008 3902 3054 3956 si
3085 3918 3198 3973 qua
3243 3905 3438 3956 essent
3481 3917 3687 3956 mona-

2070 3991 2189 4045 chis
2244 3991 2584 4058 necessaria,
2636 4007 2706 4045 ea
2761 4006 2964 4062 regem
3022 3989 3555 4062 suppeditatnrum,
3612 3991 3686 4045 ub

2070 4096 2176 4151 per
2216 4080 2405 4152 ipsum
2458 4080 2528 4134 de
2581 4079 2649 4134 iis
2697 4080 2907 4134 certior
2938 4082 3086 4134 esset
3136 4079 3340 4134 factus.
3375 4081 3463 4134 lta
3513 4079 3684 4133 nimi-

2071 4184 2202 4223 rum
2231 4172 2458 4223 sanctns
2489 4167 2755 4222 sacerdos
2784 4167 3116 4222 remotioris
3146 4167 3273 4222 vita:
3302 4168 3601 4223 sectandae
3633 4172 3688 4222 et

2073 4257 2374 4329 captandas
2423 4256 2844 4324 sollicitudinis,
2872 4257 2954 4310 uti
3003 4271 3235 4327 semper
3280 4259 3540 4328 optarat,
3573 4258 3686 4311 Deo

368 4360 566 4400 rorem
587 4344 777 4398 attulit
799 4343 1070 4414 strepitus
1100 4343 1355 4398 ferarum
1412 4361 1480 4399 eo
1511 4347 1845 4402 catervatim
1877 4364 1970 4402 ac-
1992 4341 2046 4400 Ι)
2072 4350 2367 4400 annuente
2387 4345 2748 4400 occasionem
2776 4345 3016 4416 adeptus
3055 4349 3140 4399 est
3163 4362 3177 4413 ;
3211 4349 3269 4399 et
3297 4346 3438 4399 licet
3459 4361 3687 4400 summa

367 4433 727 4502 curentium;
762 4431 843 4487 ita
869 4436 931 4487 ut
959 4448 1090 4486 cum
1115 4433 1355 4488 horrore
1371 4434 1625 4505 quodam
1651 4435 1723 4490 ad
1737 4436 1971 4490 beatum

369 4523 706 4578 Remaclnm
720 4522 801 4576 illi
819 4521 980 4594 operi
1002 4520 1363 4576 insistentem
1379 4523 1783 4594 confugerent,
1805 4523 1971 4595 quid-

369 4628 482 4688 que
514 4611 620 4666 sibi
652 4611 955 4666 adversnm
994 4626 1090 4665 eas
1150 4610 1364 4666 diaboli
1395 4611 1690 4666 machinas
1721 4612 1974 4684 prmsidii

369 4700 718 4772 capiendum
735 4703 882 4755 esset
899 4699 1276 4772 inquirerent.
1295 4699 1447 4764 Quos
1461 4701 1555 4755 ille
1567 4701 1816 4772 benigne
1829 4717 1973 4756 con-

368 4790 628 4846 siderans
644 4793 702 4844 et
717 4789 1070 4844 confirmans
1089 4804 1102 4843 :
1128 4788 1389 4844 «Credite
1405 4789 1610 4860 inquit,
1627 4789 1685 4843 in
1701 4789 1969 4859 Domino,

368 4878 804 4949 ﬁlioli,fideliter
827 4895 840 4933 :
866 4877 987 4949 ejus
1010 4877 1286 4933 mandata
1313 4877 1614 4932 sectamini
1635 4878 1974 4934 inviolabili-

368 4972 764 5024 terzmentem
794 4985 830 5022 a
854 4967 1318 5039 cogitationibus,
1341 4983 1469 5038 qua:
1491 4970 1625 5022 sunt
1649 4966 1772 5024 sine
1804 4969 1972 5024 intel-

368 5060 768 5127 lectu,servate
786 5057 1061 5111 liberam:
1090 5055 1316 5110 animas
1345 5060 1556 5110 vestras
1570 5056 1970 5128 castificantes,

369 5147 619 5204 Domino
645 5144 1195 5217 pnramimpendite
1219 5144 1554 5199 servitutem
1591 5162 1604 5199 :
1637 5146 1761 5200 sine
1800 5147 1974 5202 inter-

371 5237 643 5294 missione
670 5238 831 5290 orate
854 5252 868 5302 ;
896 5251 1151 5307 vespere,
1173 5251 1366 5300 mane,
1385 5238 1442 5289 et
1476 5234 1714 5289 meridie
1730 5237 1971 5306 psallite:

369 5325 605 5382 lectioni
661 5323 974 5394 saepissime
1021 5327 1238 5392 vacate,
1271 5323 1494 5379 frontes
1545 5328 1760 5378 vestras
1793 5326 1975 5381 crucis

368 5413 725 5470 communito
753 5412 941 5483 signo,
969 5412 1090 5482 ejus
1118 5412 1390 5467 virtutem
1426 5413 1626 5467 vestris
1651 5412 1973 5485 imprimite

371 5501 628 5568 animis;
667 5503 726 5554 et
749 5499 1055 5554 confestim
1105 5499 1328 5555 insidias
1385 5504 1444 5556 et
1500 5502 1974 5560 machinamenta

371 5589 507 5654 tetri
532 5586 715 5642 hostis
741 5587 803 5642 in
849 5587 1095 5644 nihilum
1115 5588 1476 5660 redigentur,
1507 5593 1567 5646 et
1583 5591 1842 5651 ferarum
1868 5608 1976 5664 per

2073 4452 2206 4490 cum
2233 4435 2589 4503 difficultate,
2610 4434 2942 4505 impetravit
2969 4437 3168 4488 tamen
3194 4435 3438 4489 tandem
3471 4451 3506 4489 a
3529 4451 3682 4507 rege,

2074 4529 2136 4579 ut
2161 4525 2423 4595 aliusipsi
2449 4540 2737 4578 successor
2762 4524 3017 4589 daretur,
3042 4523 3163 4595 ipse
3183 4539 3317 4577 vero
3333 4523 3459 4592 diu,
3479 4525 3687 4595 expeti.

2075 4618 2194 4668 tam
2243 4617 2434 4684 posset
2475 4629 2741 4668 eremum
2791 4611 2975 4677 adire,
3009 4611 3106 4666 ubi
3151 4615 3418 4665 remotus
3466 4629 3502 4666 a
3544 4611 3688 4666 curis

2073 4703 2458 4770 saecularibus,
2501 4702 2737 4758 liberius
2790 4700 2964 4754 rebus
3005 4699 3214 4753 divinis
3261 4704 3319 4753 et
3366 4701 3686 4755 cmlestibns

2073 4791 2341 4847 inhiaret.
2361 4791 2664 4864 Proposuit
2690 4789 2815 4860 regi
2839 4791 2896 4843 et
2913 4788 3288 4859 optimatibus
3314 4788 3374 4847 S.
3394 4789 3682 4845 Theodar-

2076 4880 2238 4949 dum,
2267 4881 2426 4952 cujus
2463 4883 2589 4935 erat
2617 4879 2733 4933 vita
2763 4877 3028 4948 probata,
3061 4876 3360 4950 oravitque
3395 4880 3462 4931 ut
3490 4879 3536 4931 is
3563 4893 3686 4932 suas

2076 4971 2334 5042 expleret
2379 4969 2551 5036 vices,
2580 4970 2640 5022 et
2668 4966 2779 5020 sibi
2807 4965 3222 5037 subrogaretnr
3250 4967 3515 5022 antistes.
3547 4967 3686 5020 Tum

2075 5075 2208 5115 vero
2240 5057 2350 5112 dici
2373 5057 2462 5112 vix
2487 5059 2663 5131 queat
2686 5056 2937 5128 quantus
2957 5055 3030 5108 ob
3047 5055 3170 5124 ejus
3194 5069 3489 5109 recessum
3511 5056 3687 5109 luctus

2075 5146 2373 5214 exstiterit,
2387 5161 2565 5217 quam
2577 5148 2810 5202 maestos
2828 5146 2887 5197 et
2902 5142 3145 5198 afﬂictos
3156 5143 3688 5217 reliquerit,qnibns

2077 5237 2205 5292 vita:
2241 5236 2465 5290 semina
2512 5234 2879 5306 praebuerat:
2909 5247 3042 5285 cum
3074 5232 3340 5286 viderent
3387 5233 3468 5287 illi
3500 5249 3561 5288 se
3593 5233 3686 5287 tali

2075 5331 2264 5401 patre,
2295 5327 2573 5399 tantoque
2603 5323 2842 5378 doctore
2869 5321 3084 5375 orbari.
3109 5319 3313 5375 Omnis
3340 5325 3502 5386 tetas,
3534 5325 3684 5376 nter-

2067 5422 2188 5489 qne
2218 5429 2384 5469 sexus
2409 5412 2674 5468 dolorem
2706 5410 2917 5467 anima:
2962 5409 3280 5464 testabatur
3309 5410 3604 5483 lacrymis,
3633 5415 3687 5465 et

2075 5521 2210 5562 eum
2239 5504 2553 5563 abeuntem
2583 5501 2955 5566 deducentes,
2994 5498 3222 5570 magnis
3276 5500 3512 5555 vocibus
3540 5499 3685 5554 dice-

2057 5593 2229 5664 bant;
2266 5592 2415 5650 Heut
2469 5592 2712 5652 miseros
2759 5606 2887 5659 nos,
2935 5587 3216 5660 quidnam
3245 5591 3430 5650 acturi
3461 5606 3682 5661 sumus,
