3892 6214
178 379 314 453 uel

1526 372 1693 433 Vl’l‘A
1732 373 1790 431 s.
1831 370 2154 467 appium.

3362 385 3501 439 “62

175 500 279 574 qui
306 503 472 571 tanto
491 503 724 576 pastore
754 495 1122 567 destituimur
1147 495 1174 551 ?
1207 496 1369 553 Unde
1387 497 1561 553 nobis
1580 514 1789 571 suppe-
1817 498 2176 573 A‘eonferas,
2198 498 2357 553 nulla
2378 500 2433 552 te
2448 500 2645 554 nostra
2663 497 2985 571 persecutio
3007 499 3499 572 eompellit.Quod

176 593 267 659 tet
292 588 613 644 consolatio
638 586 735 642 illo
781 587 1016 655 amisso,
1047 584 1145 658 qui
1170 584 1537 641 miseriarum
1568 589 1792 642 nostra-

177 693 316 731 rum
344 676 454 732 fuit
481 675 840 751 praecipuum
866 676 1255 729 levamentum
1281 674 1309 729 ?
1343 674 1479 738 Quis
1500 691 1674 747 porro
1688 692 1791 730 no-

178 765 269 820 bis
292 765 644 832 medebitur,
677 764 907 837 quando
939 763 1032 817 ille
1067 781 1171 818 nos
1202 763 1434 830 deserit,
1467 763 1562 835 qui
1587 764 1793 819 nostris

182 853 482 910 doloribus
512 852 799 925 praecipue
828 851 987 907 novit
1014 852 1205 907 facere
1234 851 1588 907 medicinam
1616 852 1644 907 ?
1665 870 1792 926 quae

183 941 357 997 nobis
384 942 583 998 salutis
611 958 739 1014 spes
770 940 993 1014 reliqua
1022 944 1126 1009 est,
1159 939 1306 996 tanti
1337 941 1515 1014 patris
1541 958 1792 1015 praesen-

187 1030 269 1085 tia
299 1031 564 1086 earituris
594 1031 622 1087 ?
1186 1078 1191 1087 .

256 1119 379 1179 XV.
412 1121 626 1176 Eorum
655 1136 790 1175 vero
806 1120 1073 1192 lacrymis
1094 1124 1152 1175 et
1173 1120 1551 1192 querimoniis
1562 1138 1794 1195 permo-

187 1214 281 1263 tus
309 1210 394 1264 vir
423 1208 547 1275 Dei,
576 1208 664 1263 his
694 1210 817 1263 fere
850 1208 1039 1263 verbis
1071 1224 1173 1262 eos
1202 1209 1606 1263 consolabatur
1640 1226 1651 1263 :
1688 1209 1796 1263 No-

186 1299 312 1367 lite,
353 1315 570 1370 quaeso,
605 1298 787 1369 ﬁlioli,
820 1298 1001 1352 animi
1038 1296 1155 1353 mei
1192 1298 1556 1371 propositum
1603 1297 1800 1352 vestris

188 1387 467 1442 lamentis
494 1386 813 1443 retardare.
850 1386 1287 1442 HabetisDeum
1308 1390 1602 1457 pastorem
1629 1390 1687 1442 et
1706 1403 1801 1458 pa-

190 1480 344 1530 trem
376 1474 532 1530 intra
560 1491 679 1543 vos,
712 1474 807 1547 qui
834 1474 1247 1547 benignissime
1294 1475 1685 1531 cousolabitur
1706 1492 1803 1530 vos

192 1563 252 1618 in
273 1563 452 1619 rebus
486 1563 643 1618 duris
691 1567 749 1619 et
781 1563 1053 1621 adversis.
1085 1564 1167 1618 Ne
1209 1563 1350 1636 quid
1400 1568 1594 1619 autem
1626 1564 1803 1619 etiam

194 1653 552 1708 extrinsecus
569 1651 1288 1724 desideretis,providimus
1303 1652 1463 1708 vobis
1479 1652 1662 1708 ﬁlium
1680 1669 1807 1708 nos-

193 1748 357 1799 trum
380 1742 810 1809 Theodardum,
830 1741 889 1798 in
911 1743 1182 1798 omnibus
1198 1743 1533 1814 probatum,
1561 1742 1657 1816 qui
1679 1743 1806 1798 dili-

1893 584 1938 640 si
1970 604 2102 642 vero
2135 586 2414 642 Dominus
2439 586 2727 660 permittit
2753 586 2977 660 lugere,
3006 588 3145 643 dum
3184 588 3343 644 saevit
3373 604 3504 661 per-

1897 678 2122 730 seeutor
2145 678 2298 731 certe
2335 676 2725 744 inﬁrmorum,
2777 691 2883 731 nec
2923 678 3060 733 satis
3106 678 3502 749 perfectorum

1895 768 1981 817 est
2001 781 2069 819 ea
2090 765 2425 832 consolatio,
2447 764 2613 820 multi
2644 764 2824 819 sancti
2856 766 3148 836 patienter
3175 769 3506 822 tolerarunt

1896 852 2185 907 malorum
2210 852 2668 925 improbitatem,
2709 857 2767 908 et
2813 870 2913 910 sua
2952 854 3234 926 patientia
3261 855 3387 912 illos
3415 872 3509 911 cu-

1897 945 2118 995 rarunt.
2155 943 2450 997 Postremo
2482 946 2607 997 tum
2637 941 2919 1014 fugiendi,
2952 960 3069 999 non
3098 961 3264 1017 mque
3297 944 3506 1000 animo

1897 1029 2122 1085 ferendi
2152 1032 2286 1084 sunt
2314 1028 2474 1098 mali,
2504 1045 2638 1084 cum
2677 1029 2818 1085 nulli
2858 1030 3068 1087 adsunt
3098 1032 3256 1103 boni,
3299 1032 3506 1106 quibus

1899 1118 2171 1190 prodesse
2202 1135 2399 1191 queas.
2429 1118 2542 1175 Sed
2558 1119 2672 1173 heu
2695 1118 2709 1173 l
2744 1119 2986 1175 miseros
3008 1138 3112 1177 nos
3132 1123 3383 1195 quidum
3406 1125 3508 1176 tua

1899 1206 2151 1261 hominis
2198 1206 2599 1277 perfectissimi
2654 1209 2961 1279 praesentia
3020 1210 3406 1278 destituimur,
3446 1210 3507 1263 in

1902 1312 2032 1350 eam
2070 1296 2326 1351 infamim
2354 1296 2739 1368 suspicionem
2772 1314 3065 1367 vocamur,
3100 1303 3155 1353 te
3185 1316 3300 1355 non
3332 1300 3509 1354 modo

1904 1384 2227 1439 studiorum
2280 1390 2613 1440 nostrorum
2656 1389 2967 1458 pertazsum
3011 1403 3154 1454 esse,
3203 1389 3301 1442 sed
3333 1390 3511 1443 etiam

1904 1472 2093 1544 pravis
2122 1473 2442 1530 actionibus
2473 1475 2683 1530 nostris
2713 1475 2957 1546 expelli;
2988 1479 3085 1531 tuo
3118 1477 3265 1531 tanti
3285 1477 3387 1531 viri
3421 1493 3513 1531 re—

1907 1578 2066 1617 cessu
2090 1562 2246 1617 haud
2273 1563 2513 1618 obscure
2562 1563 2921 1635 signiﬁcante
2950 1565 3175 1620 nullum
3215 1565 3370 1638 apud
3411 1581 3518 1620 nos

1907 1650 2130 1705 bonum
2160 1668 2475 1723 superesse.
2506 1652 2654 1706 Nihil
2678 1652 2804 1723 jam
2834 1651 3125 1725 reliquum
3172 1658 3277 1722 est,
3308 1654 3417 1709 nisi
3457 1658 3521 1709 ut

1909 1738 2338 1794 calumnientur
2369 1738 2807 1809 obtrectatores,
2841 1745 3201 1813 augurentur
3228 1742 3518 1809 maledici,

196 1831 539 1905 gentissime
577 1831 745 1887 saluti
766 1834 968 1886 vestra:
992 1830 1338 1903 invigilabit,
1364 1836 1422 1887 et
1441 1831 1616 1887 tritici
1642 1848 1806 1887 men-
1837 1825 1889 1885 B
1911 1844 2261 1884 successores
2296 1830 2424 1883 tuos
2466 1845 2587 1885 non
2626 1829 2803 1884 modo
2843 1828 3177 1901 ejiciendos,
3210 1832 3309 1886 sed
3343 1831 3520 1886 etiam

196 1936 399 1976 suram
414 1920 573 1975 vobis
602 1935 830 1975 summa
850 1919 964 1974 ﬁde
995 1920 1551 1993 dispensabit.Cujus
1562 1921 1810 1994 pruden-

193 2010 343 2065 tiam
356 2026 489 2064 cum
511 2008 668 2064 vobis
686 2025 804 2064 non
822 2008 1082 2064 dubitem
1100 2009 1384 2077 sufficere,
1409 2010 1578 2083 cupio
1599 2012 1811 2081 optata:

196 2116 295 2154 me
329 2099 470 2154 dare
498 2097 824 2154 solitudinis
849 2101 907 2152 et
931 2098 992 2152 iu
1014 2098 1324 2170 praesentia
1346 2098 1494 2153 illius
1506 2098 1812 2171 Majestatis

198 2186 404 2243 omnia
429 2186 877 2260 eontemplantis
892 2186 1154 2251 habitare
1174 2203 1425 2243 mecum.
1442 2188 1531 2243 Ad
1548 2188 1671 2243 hinc
1693 2205 1811 2244 res-

197 2275 557 2348 ponderunt,
581 2275 679 2349 qui
714 2275 869 2332 inter
887 2293 986 2331 eos
1020 2279 1186 2331 erant
1204 2276 1611 2349 prudentiores
1637 2294 1649 2331 :
1674 2276 1813 2332 Vide

197 2365 379 2420 etiam
412 2367 587 2435 atque
617 2363 816 2432 etiam,
858 2363 1189 2419 beatissime
1222 2366 1411 2434 Pater,
1459 2364 1601 2439 quid
1638 2381 1809 2437 agas;

199 2453 441 2509 attende
463 2469 577 2525 qua
602 2468 706 2507 nos
731 2451 1055 2525 ignominia
1080 2452 1295 2508 afﬁcias
1317 2454 1346 2508 ?
1369 2453 1616 2526 Gregem
1639 2470 1814 2526 quem

198 2544 379 2599 semel
404 2541 758 2615 pascendum
786 2558 1133 2614 susceperas,
1156 2545 1221 2597 ut
1244 2542 1462 2598 habent
1480 2546 1813 2598 sanctorum

199 2634 443 2687 Patrum
494 2634 727 2700 statuta,
786 2629 896 2685 nisi
946 2631 1283 2687 inﬁrmitate
1326 2635 1595 2703 cogente,
1618 2634 1677 2687 et
1706 2631 1818 2686 nisi

198 2724 411 2793 sponte
442 2722 544 2775 tua
570 2719 631 2774 id
653 2718 848 2787 facias,
880 2719 1206 2793 relinquere
1230 2720 1332 2775 tibi
1355 2737 1471 2776 non
1494 2720 1645 2776 licet.
1672 2721 1817 2775 Nam

200 2811 344 2865 dum
376 2808 680 2881 episcopus
708 2807 863 2875 vivit,
886 2825 1060 2880 quem
1094 2808 1165 2864 ab
1198 2808 1387 2864 ofﬁcio
1419 2826 1520 2864 suo
1544 2809 1818 2864 valetudi-

199 2898 289 2953 nis
326 2896 717 2963 imbecillitas,
768 2913 885 2952 non
932 2896 1174 2964 crimen,
1224 2900 1476 2966 revocat,
1529 2897 1707 2953 alium
1732 2896 1815 2952 illi

198 2986 529 3060 subrogari,
560 2986 671 3042 nisi
700 2986 821 3057 ipse
873 2985 1032 3058 prius
1086 2990 1334 3055 recuset,
1368 2989 1424 3042 et
1470 2987 1813 3058 petitionem

198 3078 417 3148 scripto
448 3075 674 3167 probet,
708 3074 867 3167 nulla
903 3074 1050 3130 ratio
1083 3075 1594 3146 permittit.Etiam
1615 3080 1813 3132 mente
1842 3106 1891 3167 ο

199 3170 395 3239 capto,
429 3164 474 3220 si
502 3163 783 3235 aegritudo
822 3180 987 3219 suam
1036 3164 1249 3219 habeat
1288 3181 1392 3237 per
1444 3165 1811 3219 intervallum

200 3253 624 3325 remissionem,
674 3269 793 3308 non
827 3253 1000 3309 debet
1042 3255 1185 3311 alius
1232 3253 1521 3316 substitui,
1554 3253 1661 3308 nisi
1690 3252 1812 3327 ipse

200 3346 447 3400 annuat.
473 3342 637 3407 Quod
663 3342 709 3398 si
739 3361 1039 3416 nunquam
1057 3344 1124 3398 ﬁt
1153 3344 1367 3399 mentis
1398 3360 1658 3416 compos,
1680 3359 1812 3415 per-

199 3450 346 3489 sona
365 3432 556 3488 ﬁdelis
581 3449 645 3487 ac
666 3432 925 3504 probata:
959 3434 1087 3488 vitae
1117 3432 1387 3505 eligenda
1416 3436 1522 3500 est,
1560 3448 1687 3504 quae
1709 3432 1812 3487 du-

203 3522 362 3578 mille
392 3520 485 3575 vix
505 3520 615 3576 erit
649 3521 797 3576 vices
828 3521 951 3593 ejus
982 3521 1242 3594 impleat,
1276 3524 1334 3577 et
1363 3521 1633 3577 defuncto
1684 3523 1811 3577 tan-

201 3611 338 3671 dem
365 3609 661 3667 succedat.
693 3610 864 3666 Hanc
908 3612 1145 3667 Patrum
1177 3610 1330 3666 viam
1365 3610 1412 3664 si
1442 3610 1568 3683 quis
1614 3613 1814 3667 tenere

201 3699 372 3768 nolit,
403 3697 455 3753 is
480 3699 538 3753 et
562 3715 799 3755 uxorem
830 3698 1126 3754 dimissam
1166 3699 1443 3755 mmchari
1471 3697 1630 3767 facit,
1668 3701 1726 3754 et
1761 3699 1815 3755 ei

200 3789 410 3861 quisic
441 3788 736 3844 dimissam
761 3788 1008 3852 duxerit,
1039 3788 1310 3846 adulterii
1356 3792 1559 3844 notam
1600 3787 1813 3848 inuret.

197 3878 745 3951 Haeigiturratione
768 3877 918 3946 vide,
941 3879 1111 3949 Pater
1131 3877 1508 3947 sanctissime,
1531 3880 1815 3950 quantum

196 3971 478 4039 gravetur
490 3967 776 4038 judicium
798 3967 1207 4040 tuum,quidve
1235 3969 1437 4023 nostra
1471 3967 1633 4023 fama
1667 3968 1814 4024 acci-

192 4058 325 4130 piat
344 4055 706 4114 detrimenti.
732 4055 965 4112 Crimen
988 4057 1090 4112 tibi
1109 4058 1332 4112 nullum
1355 4056 1700 4124 intenditur,
1742 4058 1815 4113 oh

195 4146 361 4221 quod
382 4145 430 4201 si
441 4145 732 4201 convictus
747 4145 820 4200 sis
839 4146 1168 4219 deponaris.
1211 4146 1437 4202 Morbus
1456 4148 1512 4201 te
1554 4163 1672 4202 non
1695 4163 1819 4218 pre-

192 4236 332 4303 mit,
353 4235 518 4307 cujus
546 4251 718 4291 eausa
736 4238 1017 4308 tanquam
1040 4235 1352 4307 repudium
1378 4236 1653 4293 exhibens
1667 4252 1701 4291 a
1716 4238 1814 4292 tuo

190 4323 528 4382 ministerio
555 4324 943 4398 suspendaris.
989 4326 1187 4396 Itaque
1235 4324 1582 4396 petitionem
1630 4328 1815 4395 tuam,

195 4430 321 4488 qua
380 4413 540 4486 talpis
589 4389 693 4469 tibi
749 4389 1113 4469 fonctioneni
1163 4389 1314 4469 habe
1358 4414 1652 4487 abrogari,
1688 4389 1897 4470 licetD

192 4503 418 4576 scripto
439 4501 770 4572 conﬁrmes,
797 4502 1090 4574 rejicimus
1115 4520 1128 4559 :
1154 4503 1356 4570 alium,
1389 4503 1487 4577 qui
1516 4506 1821 4577 tuasgerat

192 4593 372 4661 vices,
404 4608 640 4663 prorsus
679 4607 798 4647 non
843 4591 1242 4661 admittimus;
1292 4596 1519 4648 tantum
1561 4593 1722 4649 abest
1760 4598 1823 4650 ut

198 4683 389 4739 alium
422 4681 528 4737 tibi
565 4681 775 4736 viventi
797 4682 1104 4738 succedere
1142 4682 1433 4754 patiamur
1470 4700 1483 4739 :
1526 4685 1717 4754 Pater,
1756 4687 1819 4740 tu

197 4772 369 4828 nobis
392 4770 558 4828 datus
582 4787 643 4826 es
661 4770 922 4843 legitima
940 4771 1331 4843 successione;
1365 4789 1470 4829 nos
1501 4789 1620 4829 non
1656 4774 1822 4830 adul-

202 4860 378 4916 terini
402 4859 505 4914 sed
526 4858 774 4931 legitimi
812 4859 916 4915 ﬁlii
954 4863 1012 4915 et
1038 4859 1151 4916 dici
1187 4864 1244 4916 et
1275 4878 1395 4918 esse
1422 4863 1818 4935 percupimus.

269 4949 405 5005 XVI.
432 4946 742 5003 Advertisti
769 4947 897 5019 jam
945 4947 1044 5003 ubi
1090 4954 1489 5022 praegravetur
1528 4951 1816 5022 judicium

199 5041 370 5093 tuum
406 5053 420 5093 :
451 5036 668 5109 accipe,
691 5052 1037 5108 quaesumus,
1059 5038 1218 5093 unde
1251 5038 1676 5096 existimatione
1696 5058 1825 5097 nos.

203 5130 309 5183 tres
340 5125 688 5199 ignominiae
719 5129 859 5182 nota
887 5125 1172 5184 inuratur.
1214 5128 1288 5183 Ut
1325 5144 1432 5182 nos
1463 5133 1619 5184 recte
1651 5133 1825 5203 atque

203 5214 410 5270 ordine
423 5215 677 5286 deseras,
693 5217 865 5273 nulla
887 5216 989 5273 tibi
1006 5233 1190 5273 causa:
1205 5218 1536 5288 suppetunt.
1561 5217 1824 5274 Primum

202 5303 361 5375 quod
390 5304 637 5360 minime
664 5322 859 5361 sumus
888 5304 1221 5374 adulterini,
1266 5310 1329 5361 ut
1349 5306 1481 5377 jure
1513 5322 1621 5361 nos
1646 5304 1823 5361 relin-

200 5411 365 5467 quas.
380 5396 444 5450 lu
463 5394 760 5450 catholica:
776 5394 964 5451 Matris
975 5394 1199 5467 gremio
1215 5413 1249 5451 a
1266 5398 1325 5451 te
1345 5411 1545 5451 sumus
1565 5394 1787 5465 excepti
1804 5411 1818 5450 :

203 5500 509 5558 nunquam
538 5482 802 5538 credulas
841 5500 1007 5539 aures
1041 5502 1312 5557 perverso
1357 5482 1624 5557 dogmati
1654 5484 1821 5540 adhi-

198 5575 449 5632 buimus.
484 5574 555 5629 Et
585 5572 632 5641 si
653 5572 907 5631 fortassis
929 5574 1110 5631 etiam
1130 5592 1201 5631 ea
1230 5576 1292 5631 in
1330 5577 1495 5649 parte
1522 5590 1819 5649 peccasse-

196 5680 346 5737 mus,
378 5669 444 5724 tu
470 5664 643 5722 nobis
665 5664 887 5721 mederi
910 5665 1214 5723 debueras.
1242 5663 1466 5723 Deinde
1495 5666 1559 5723 ut
1585 5662 1698 5723 alio
1736 5665 1796 5722 te

708 5766 945 5830 Paraon.
975 5765 1233 5827 CXXXIX.

1913 1919 2100 1972 morte
2123 1916 2481 1985 afﬁciendos,
2506 1917 2737 1990 quando
2757 1921 2815 1973 et
2831 1921 2892 1973 tu
2915 1920 2972 1973 te
2994 1936 3028 1973 a
3044 1918 3210 1973 nobis
3232 1920 3519 1986 subducis,

1914 2008 1972 2060 et
2000 2005 2198 2061 beatus
2223 2006 2541 2070 Amandus,
2564 1998 2827 2061 de’cessor
2843 2010 3293 2078 tuus,pulverem
3307 2008 3524 2081 pedum

1913 2096 1973 2151 in
2007 2112 2111 2151 nos
2142 2095 2455 2163 excutiens,
2472 2113 2507 2150 a
2524 2095 2691 2151 nobis
2712 2096 2965 2153 recessit.
2984 2096 3207 2152 Verum
3229 2097 3375 2152 Deus
3396 2114 3523 2152 om-

1915 2185 2205 2259 nipotens,
2234 2183 2416 2239 facilis
2447 2184 2521 2239 ad
2562 2184 3002 2256 ignoscendum,
3042 2202 3174 2240 cum
3201 2186 3528 2257 objurgavit

1916 2273 2287 2345 prophetam,
2319 2274 2394 2329 ob
2439 2273 2719 2328 hederam
2765 2274 2953 2329 subito
2987 2278 3344 2330 arescentem
3376 2276 3527 2330 male

1918 2366 2260 2420 contentum
2280 2364 2704 2437 (Jonaeiv),satis
2717 2363 3029 2420 declaravit
3049 2382 3107 2421 se
3123 2367 3295 2440 longe
3319 2366 3531 2437 mgrius

1918 2454 2173 2508 laturum
2201 2452 2247 2508 si
2266 2456 2469 2525 pereat
2496 2456 2761 2508 creatura
2787 2452 2982 2526 ipsius,
3010 2470 3186 2527 seque
3215 2455 3393 2509 malle
3416 2471 3534 2526 poe-

1922 2542 2235 2598 nitentiam
2268 2543 2559 2599 malorum
2593 2559 2769 2615 quam
2814 2545 3067 2599 mortem
3102 2542 3315 2616 (Ezech.
3350 2542 3530 2616 xvm).

1992 2632 2150 2689 XVII.
2182 2631 2291 2688 His
2316 2630 2503 2687 verbis
2531 2633 2859 2687 commotus
2880 2631 2965 2686 vir
2996 2631 3118 2700 Dei,
3150 2631 3355 2687 tacitus
3380 2632 3533 2705 apud

1921 2737 1981 2776 se
2008 2720 2271 2793 cogitans
2292 2719 2656 2793 aliquandiu,
2698 2721 2935 2776 tandem
2962 2720 3022 2776 in
3048 2721 3171 2776 haec
3209 2721 3385 2776 verba
3407 2737 3535 2790 pro-

1920 2812 2078 2882 rupit
2105 2826 2118 2864 :
2149 2808 2359 2877 Nolite,
2382 2810 2589 2865 fratres
2611 2809 2747 2877 mei,
2776 2809 2835 2864 id
2856 2827 3039 2882 genus
3062 2810 3251 2865 verbis
3266 2828 3359 2865 me
3378 2825 3534 2883 pers-

1920 2898 2204 2970 tringere.
2238 2898 2523 2972 Equidem
2555 2914 2672 2955 non
2704 2900 2949 2955 moleste
2970 2900 3094 2956 fero
3110 2900 3416 2972 deplorare
3436 2916 3535 2955 vos

1920 2987 2488 3060 apudmedispendia
2500 2989 2814 3058 vestra;sed
2828 2989 2980 3045 ferre
2994 3006 3111 3045 non
3131 3005 3363 3063 possum
3378 2988 3536 3062 quod

1920 3077 2435 3149 tanquaminjuria
2460 3077 2669 3145 affecti,
2700 3094 2931 3134 mecum
2960 3080 3323 3152 expostulare
3346 3076 3533 3133 vultis.

1917 3164 2042 3219 Non
2064 3181 2172 3237 ego
2186 3182 2285 3221 vos
2297 3166 2651 3222 adulterinos
2666 3167 2868 3222 haberi
2880 3167 3094 3235 volo,et
3111 3168 3268 3241 quod
3284 3184 3352 3223 ea
3368 3183 3539 3223 causa

1919 3253 2278 3309 discesserim
2302 3271 2336 3309 a
2352 3255 2512 3310 vobis
2535 3271 2548 3309 :
2569 3271 2675 3309 nec
2693 3261 2811 3310 tam
2830 3256 2981 3310 male
3000 3256 3185 3312 sentio
3205 3256 3276 3312 de
3287 3255 3446 3312 vobis
3468 3260 3534 3311 ut

1918 3342 2243 3399 existimem
2268 3360 2363 3398 me
2383 3343 2612 3398 nullum
2631 3343 2880 3398 fructum
2915 3360 3082 3415 posse
3102 3344 3256 3416 apud
3282 3361 3381 3400 vos
3409 3361 3542 3417 pro-

1918 3432 2069 3487 ferre
2093 3435 2267 3504 atque
2289 3430 2503 3487 idcirco
2539 3430 2649 3486 alio
2674 3448 2770 3487 me
2798 3432 3179 3499 transferam,
3197 3433 3295 3488 ubi
3321 3432 3541 3487 fructus

1918 3520 2107 3593 major
2129 3537 2258 3591 spes
2279 3520 2569 3592 aﬁ'ulgeat.
2588 3519 2700 3576 Sed
2724 3537 2910 3593 neque
2929 3520 3064 3575 mihi
3094 3520 3180 3575 idt
3198 3521 3389 3588 ribue;
3413 3537 3541 3592 per-

1917 3608 2135 3664 fectum
2150 3625 2242 3665 me
2260 3625 2381 3665 esse
2394 3610 2625 3664 tantum
2638 3608 2822 3677 abest,
2840 3611 2902 3662 ut
2916 3607 3373 3679 perfectissimus
3391 3608 3542 3664 vide-

1918 3697 1969 3754 ri
1982 3698 2175 3754 velim.
2197 3698 2311 3753 Nec
2340 3714 2471 3754 meo
2486 3696 2708 3771 judicio
2736 3697 3127 3771 perfectorum
3156 3701 3263 3768 est,
3284 3714 3318 3753 a
3342 3697 3542 3768 cceptis

1919 3804 2039 3843 non
2063 3786 2440 3857 discedere,et
2454 3804 2511 3842 se
2535 3786 2849 3842 extendere
2869 3785 2928 3842 in
2953 3787 3265 3856 anteriora;
3288 3790 3540 3842 actuosm

1919 3879 2048 3932 vitae
2069 3892 2201 3931 cum
2230 3876 2451 3931 Martha
2469 3875 2756 3945 insistere,
2777 3876 2851 3931 ad
2873 3877 3387 3951 eontemplativam
3403 3893 3540 3933 vero

1922 3982 2054 4021 cum
2079 3964 2257 4021 Maria
2290 3965 2583 4021 ferventer
2601 3981 2721 4021 non
2748 3966 3012 4038 aspirare
3036 3983 3050 4036 ;
3085 3969 3143 4023 et
3163 3966 3209 4023 si
3241 3983 3302 4022 se
3335 3965 3543 4023 offerat

1922 4055 2171 4124 occasio,
2232 4059 2480 4111 actuosae
2520 4055 2650 4111 vitae
2710 4056 2899 4128 potius
2951 4057 3306 4125 renuntiare,
3361 4072 3541 4129 quam

1923 4143 2409 4216 contemplationi
2458 4162 2577 4201 non
2618 4146 2990 4219 cupidissime
3019 4147 3379 4205 incumbere.
3424 4147 3540 4202 Do-

1923 4233 2087 4289 mino
2117 4249 2213 4288 me
2243 4232 2553 4305 adjuvante
2584 4252 2684 4291 vos
2722 4235 2868 4291 mihi
2897 4237 3258 4306 commissos,
3296 4238 3359 4291 ut
3378 4236 3543 4309 potui

1923 4321 2269 4396 gubernavi,
2298 4324 2380 4411 ut.
2396 4322 2563 4378 labor
2593 4338 2761 4380 meus
2807 4324 2968 4381 vobis
2996 4326 3323 4381 fructuosus
3368 4328 3540 4392 esset,

1925 4428 2142 4484 magna
2162 4409 2439 4466 instantia
2460 4411 2678 4483 rogavi.
2704 4413 2816 4467 Nec
2843 4430 2939 4469 me
2961 4414 3134 4469 taedio
3154 4414 3540 4469 afﬁciuntstu-

1924 4500 2022 4557 dia
2070 4501 2277 4569 vestra,
2331 4516 2437 4555 nec
2477 4499 2721 4557 offendit
2774 4501 3047 4573 pravitas,
3083 4516 3212 4573 quae
3243 4503 3404 4558 nulla
3432 4505 3539 4569 est,

1926 4588 2221 4646 actionum
2251 4592 2605 4645 vestrarum.
2642 4590 2770 4645 Hoc
2812 4607 2996 4645 unum
3043 4594 3327 4661 superest,
3359 4594 3424 4646 ut
3452 4594 3539 4647 ta-

1924 4680 2150 4736 lentum
2180 4678 2415 4753 quodin
2442 4678 2603 4735 vobis
2619 4679 2845 4751 gaudeo
2865 4679 3246 4747 cumulatum,
3270 4679 3382 4734 alio
3401 4696 3539 4735 con-

1922 4769 2110 4825 feram
2136 4767 2324 4841 magis
2371 4766 2677 4841 magisque
2740 4767 3179 4834 cumulandum,
3245 4769 3309 4820 ut
3354 4771 3542 4825 vestra

1925 4857 2283 4914 abundantia
2338 4858 2572 4914 illorum
2622 4856 2882 4930 inopiam
2924 4856 3207 4929 suppleat.
3260 4854 3542 4911 Fecerunt

1923 4948 2033 5002 hoc
2058 4950 2194 5002 ante
2214 4963 2320 5003 nos
2345 4946 2522 5002 etiam
2542 4946 2727 5022 sancti
2747 4944 3035 5008 homines,
3050 4959 3295 5022 quorum
3313 4942 3539 4999 utinam

1925 5053 2030 5092 nos
2058 5036 2148 5090 vel
2176 5037 2436 5093 extrema
2479 5035 2689 5091 merita
2728 5049 2960 5105 mquare
2992 5031 3274 5105 possimus
3306 5048 3318 5087 :
3354 5049 3386 5087 e
3411 5034 3541 5105 qui-

1926 5128 2032 5183 bus
2054 5125 2313 5199 plerique
2345 5124 2582 5197 majoris
2625 5122 2889 5178 utilitatis
2928 5140 3098 5178 causa
3137 5122 3212 5178 ad
3254 5121 3393 5178 alias
3434 5122 3539 5178 Ee-

1925 5214 2124 5271 clesias
2149 5231 2208 5269 se
2235 5212 2536 5269 transferri
2562 5211 2717 5285 passi
2767 5214 2934 5282 sunt;
2975 5211 3238 5269 nonnulli
3273 5227 3372 5283 spe
3399 5211 3539 5266 ube-

1925 5304 2093 5359 rioris
2122 5301 2315 5357 meriti
2346 5303 2496 5356 ultro
2529 5299 3029 5373 commigrarunt.
3063 5303 3267 5358 Postea
3302 5317 3459 5369 vero,
3492 5301 3539 5356 si

1924 5409 1984 5447 se
2013 5390 2297 5447 sentirent
2320 5392 2407 5445 vel
2428 5405 2634 5461 parum
2669 5389 2975 5461 proﬁcere,
2996 5392 3084 5447 vel
3109 5407 3273 5446 suam
3297 5407 3539 5464 operam

1926 5498 2042 5537 non
2074 5478 2394 5534 admodum
2427 5477 2843 5548 necessariam,
2867 5497 2993 5536 sese
3024 5466 3345 5536 subduxere
3378 5484 3437 5536 et
3466 5480 3543 5536 ad

1925 5568 2178 5641 majores
2210 5567 2438 5624 labores
2463 5566 2863 5642 suscipiendos
2877 5569 3142 5627 obtulere
3163 5568 3405 5644 ;quippe
3419 5568 3542 5644 qui,

1927 5663 1992 5721 ut
2018 5657 2314 5719 fortissimi
2343 5658 2566 5735 pugiles
2596 5657 2835 5735 Christi,
2863 5658 3020 5719 intra
3064 5657 3273 5736 quietis
3297 5659 3547 5719 claustra

3265 5760 3333 5818 37
