3892 6214
421 479 554 533 H63

1529 468 1826 528 NOTGERI
1869 466 2274 528 LEODIENSIS
2316 461 2631 527 EPlSCOPl

3599 473 3732 535 1164

411 599 598 658 teneri
627 598 869 666 nollent,
892 597 992 654 sed
1013 595 1074 652 in
1085 600 1352 670 apertum
1375 596 1713 653 certaminis
1737 613 2009 668 campum
2042 601 2100 662 Α
2119 599 2220 653 sed
2246 598 2368 669 ejus
2389 598 2675 653 inhaerere
2695 596 3055 671 magisterio,
3074 615 3252 673 quam
3276 599 3524 658 domum
3543 602 3736 659 redire

412 691 565 746 ultro
597 687 958 762 prosilirent;
991 703 1108 742 non
1145 685 1468 742 desertores
1493 703 1702 759 pugnae
1741 685 2009 758 spiritalis

409 777 618 845 effecti,
678 793 783 832 nec
837 776 1018 830 instar
1069 775 1561 830 mercenariorum
1617 775 1691 830 ad
1737 777 2009 847 luporum

407 870 774 940 conspectum
808 863 1115 936 fugientes,
1145 863 1245 919 sed
1268 864 1500 938 fortiter
1519 863 1916 936 congressuri;
1941 879 2008 918 eo

405 959 610 1026 sponte
640 972 699 1010 se
729 955 1082 1026 ingerentes,
1119 953 1214 1008 ubi
1241 956 1339 1008 aut
1370 953 1556 1008 rarior
1571 955 1720 1008 esset
1741 953 2012 1007 adversus

405 1045 597 1100 hostes
625 1043 972 1100 certantium
1002 1059 1300 1110 numerus,
1333 1046 1432 1098 aut
1457 1042 1563 1114 ipsi
1595 1043 1790 1097 hostes
1825 1041 2010 1096 acrius

405 1137 464 1188 et
492 1133 726 1205 propius
755 1131 1156 1188 imminerent.
1196 1130 1308 1185 Nec
1338 1133 1534 1185 tamen
1557 1147 1690 1202 ego,
1714 1129 1892 1195 filioli,
1913 1129 2012 1184 ho-

402 1238 534 1276 rum
557 1221 700 1276 mihi
731 1221 1001 1277 virtutem
1030 1235 1260 1290 arrogo,
1293 1235 1412 1273 non
1440 1235 1534 1273 me
1572 1218 1802 1274 illorum
1835 1217 2008 1272 meri-

402 1311 472 1366 tis
504 1327 705 1384 parem
736 1313 958 1364 temere
995 1325 1208 1363 assero.
1237 1307 1401 1372 Quod
1432 1307 1476 1362 si
1507 1323 1644 1362 vero
1673 1308 2010 1362 successoris

400 1415 617 1454 nomen
631 1399 780 1453 ferre
798 1413 915 1453 non
937 1395 1192 1468 potestis,
1218 1395 1437 1450 sitsane
1457 1397 1801 1468 cooperator
1821 1411 2002 1450 meus.

398 1488 592 1559 Neque
619 1503 714 1542 me
740 1485 951 1558 putetis
1003 1484 1078 1553 [a]
1129 1483 1288 1539 vobis
1336 1484 1636 1540 absentem
1686 1484 1832 1552 fore,
1884 1485 2004 1556 qui,

399 1575 629 1631 tametsi
655 1575 730 1630 ad
761 1575 902 1630 alios
952 1573 1338 1628 instituendos
1388 1573 1741 1645 proficiscor,
1782 1589 1899 1628 non
1927 1576 2006 1628 ta-

2115 687 2336 742 maluit.
2347 687 2651 758 Susceptus
2667 690 2753 742 est
2766 704 2800 742 a
2811 687 3259 745 beatoRemaclo
3279 689 3732 760 officiocissime,

2113 778 2170 829 et
2199 776 2334 830 vixit
2359 776 2511 848 apud
2538 793 2670 830 eum
2702 775 2825 830 sine
2844 776 3416 851 oﬁensione,quique
3439 779 3731 837 instruen-

2113 864 2217 918 dus
2248 883 2316 920 eo
2349 867 2605 932 venerat,
2628 866 2959 936 complures
2979 865 3095 921 suis
3116 867 3400 940 exemplis
3415 869 3491 924 ad
3512 869 3734 926 virtutis

2111 953 2364 1007 studium
2400 953 2678 1008 incitavit.
2713 953 2971 1008 Cernens
3001 954 3061 1009 id
3093 954 3294 1010 beatus
3313 955 3730 1024 Remaclus,se-

2113 1057 2361 1113 cumque
2394 1043 2658 1112 cogitans
2687 1058 2756 1096 ea
2781 1058 2954 1096 causa
2980 1042 3218 1098 missum
3249 1060 3383 1099 eum
3417 1044 3730 1102 fortassisa

2111 1128 2382 1195 Domino,
2417 1129 2640 1201 rogavit
2670 1145 2803 1183 eum
2839 1146 2910 1184 ne
2939 1130 3012 1184 ab
3043 1129 3166 1202 ipso
3194 1131 3520 1189 discederet
3559 1151 3574 1189 :
3607 1138 3727 1189 tum

2112 1221 2423 1288 propterea
2451 1218 2523 1272 ob
2541 1217 2750 1272 fratres
2773 1218 2833 1272 in
2853 1218 3157 1291 disciplina
3183 1221 3730 1285 continendosJal-

2110 1306 2508 1361 mundariensi
2536 1306 2825 1374 coenobio,
2853 1307 3013 1378 cujus
3043 1309 3317 1364 monachi
3337 1309 3396 1366 S.
3430 1311 3727 1366 Benedicti

2110 1395 2369 1450 instituto
2401 1395 2851 1464 vivebant,salva
2873 1397 2930 1452 in
2949 1397 3220 1454 omnibus
3235 1399 3588 1456 auctoritate
3606 1417 3727 1472 sua,

2108 1499 2240 1538 eum
2273 1483 2550 1554 praefecit.
2581 1487 2768 1556 Atque
2801 1483 2936 1539 inde
2983 1484 3289 1543 Stabulaus
3331 1505 3620 1559 reversus,
3652 1489 3722 1544 ad

2107 1573 2335 1643 majora
2362 1573 2640 1628 virtutum
2671 1589 2850 1644 opera
2874 1589 2934 1628 se
2970 1574 3236 1643 accinxit,
3263 1576 3499 1648 suisque
3531 1593 3723 1632 exem-

401 1681 537 1720 men
585 1667 746 1719 extra
787 1663 936 1718 hanc
982 1662 1275 1718 dioecesim
1319 1679 1647 1718 excessurus
1695 1679 1843 1719 sum.
1877 1662 2000 1718 Non
2105 1661 2215 1732 plis
2245 1663 2564 1732 permultos
2591 1661 2665 1715 ad
2695 1661 2780 1716 sui
2809 1661 3202 1718 imitationem
3234 1666 3542 1736 pertraxit.

397 1754 570 1824 longe
600 1770 635 1808 a
657 1752 813 1808 vobis
843 1751 1018 1807 abero
1049 1768 1062 1806 :
1096 1750 1141 1806 si
1163 1750 1290 1823 quis
1315 1767 1474 1806 casus
1497 1751 1775 1818 evenerit,
1808 1751 2001 1805 licebit
2173 1751 2298 1804 XIX.
2325 1749 2460 1815 Quis
2487 1750 2640 1823 apud
2675 1750 2839 1804 illum
2884 1751 3180 1806 tristitiam
3227 1769 3346 1809 non
3376 1755 3629 1810 mutavit
3665 1756 3719 1812 in

396 1841 617 1898 consilii
640 1857 811 1896 causa
840 1841 914 1895 ad
942 1857 1038 1896 me
1070 1840 1342 1896 accedere
1367 1858 1380 1908 ;
1415 1840 1512 1896 ubi
1534 1845 1592 1895 et
1623 1857 1727 1912 pro
1751 1841 1998 1912 peccatis
2101 1839 2374 1910 gaudium
2401 1839 2429 1893 ?
2461 1838 2597 1902 Quis
2630 1839 2777 1894 iram
2805 1837 2988 1894 animi
3019 1839 3440 1912 tranquillitate
3488 1847 3552 1898 et
3581 1860 3720 1916 pace

395 1930 595 1985 vestris
636 1930 1097 1994 intercessorem,
1149 1931 1206 1984 et
1250 1929 1515 1984 omnium
1546 1945 1674 2000 quae
1705 1929 1865 1983 vobis
1893 1945 1994 1982 ne-
2025 1925 2077 1984 B
2099 1944 2217 1982 non
2251 1928 2520 2000 depulit?
2551 1927 2688 1992 Quis
2705 1927 3208 1984 orbitatisluctum
3236 1930 3310 1985 ad
3336 1932 3462 2002 ejus
3483 1948 3725 2006 conspe-

391 2019 634 2075 cessaria
660 2019 795 2085 sint,
827 2035 1070 2091 quaeque
1102 2035 1199 2072 vos
1221 2021 1465 2089 angant,
1507 2020 1669 2072 tanto
1700 2017 1997 2072 sollicitius
2098 2020 2254 2071 ctum
2286 2033 2402 2072 non
2434 2017 2730 2072 cohibuit?
2764 2017 2899 2082 Quis
2929 2034 3070 2086 non,
3099 2023 3441 2091 paupertate
3465 2039 3719 2094 pressus,

391 2124 718 2164 memorem
745 2106 1050 2174 habebitis,
1086 2109 1303 2178 quanto
1333 2123 1433 2161 ero
1463 2123 1498 2161 a
1523 2105 1670 2161 curis
1708 2106 1996 2178 populari-
2097 2105 2219 2176 ejus
2267 2107 2634 2161 sermonibus
2680 2107 2760 2162 ita
2805 2107 3131 2162 sublevatus
3167 2113 3274 2176 est,
3308 2113 3370 2164 ut
3407 2114 3468 2165 et
3515 2111 3714 2168 divum

387 2197 494 2252 bus
522 2196 824 2264 remotior,
855 2199 914 2251 et
947 2200 1256 2267 propterea
1280 2195 1354 2250 ad
1375 2193 1567 2250 divina
1588 2195 1990 2267 contemplan-
2096 2211 2234 2268 Opes
2263 2196 2602 2268 despiceret,
2635 2199 2694 2251 et
2741 2213 2843 2251 sua
2901 2196 3099 2268 inopia
3151 2199 3453 2254 laetaretur
3483 2200 3515 2255 ?
3547 2200 3706 2268 Quis,

387 2284 461 2341 da
486 2285 804 2358 expeditior
825 2288 883 2340 et
911 2282 1242 2339 studiosior.
1281 2283 1430 2337 Olim
1451 2284 1665 2355 Moyses
1700 2282 1758 2337 in
1789 2287 1990 2338 monte
2092 2284 2358 2339 laborum
2390 2301 2567 2340 onere
2600 2289 3012 2356 prtegravatus,
3043 2287 3166 2358 ejus
3198 2303 3317 2342 non
3366 2292 3455 2342 est
3495 2289 3708 2346 adhor-

384 2375 594 2444 stabat,
627 2377 705 2442 et,
736 2375 910 2429 Israel
944 2389 1074 2427 cum
1105 2371 1478 2426 Amalechitis
1509 2374 1833 2443 pugnante,
1869 2388 1985 2426 non
2089 2373 2309 2428 tatione
2327 2374 2594 2428 erectus?
2624 2373 2760 2438 Quis
2779 2374 3134 2442 adolescens,
3153 2375 3438 2432 saevientis
3457 2377 3719 2432 libidinis

383 2463 558 2520 armis
589 2463 688 2518 sed
713 2461 978 2534 precibus
1008 2459 1286 2526 certabat,
1315 2459 1718 2531 efficiebatque
1747 2462 1983 2515 uttanto
2086 2475 2222 2534 igne
2252 2479 2580 2526 sucrensus,
2604 2479 2723 2518 non
2742 2463 3073 2532 confestim,
3097 2465 3171 2519 ad
3202 2466 3326 2536 ejus
3347 2465 3719 2522 admonitio-

383 2555 530 2607 esset
584 2551 644 2607 in
693 2549 964 2605 conﬂictu
1010 2547 1358 2604 Israeliticus
1399 2547 1646 2618 populus
1698 2547 1980 2620 superior,
2085 2567 2218 2604 nem
2239 2551 3488 2623 saluberrimam,pudicititecultorexstitit?
3521 2554 3700 2610 Cura-

381 2644 598 2714 quanto
630 2640 750 2712 ipse
793 2639 910 2693 Deo
962 2636 1020 2690 in
1076 2637 1336 2690 oratione
1376 2633 1776 2706 propinquior,
1837 2639 1894 2690 et
1951 2654 1986 2691 a
2084 2639 2184 2693 bat
2202 2643 2433 2694 vexatos
2458 2657 2492 2694 a
2520 2640 2812 2695 daemonio
2847 2658 2859 2696 :
2892 2641 3102 2696 illicitis
3131 2642 3705 2714 cogitationibuses-

378 2729 622 2804 strepitu
653 2724 1042 2800 praeliantium
1077 2723 1375 2778 remotior.
1411 2724 1477 2778 Et
1506 2723 1670 2787 mihi,
1719 2724 1982 2779 charissi-
2083 2730 2314 2782 tuantes
2346 2728 2418 2782 ab
2451 2744 2628 2800 opere
2658 2729 2814 2784 malo
2857 2729 3212 2794 retrahebat,
3243 2730 3462 2787 docens
3493 2748 3598 2788 eos
3637 2733 3712 2788 ad

379 2817 484 2884 mi,
508 2815 894 2870 deliberatum
921 2816 1006 2867 est
1031 2812 1145 2867 illic
1162 2811 1366 2866 divinae
1397 2811 1872 2884 contemplationi
1897 2816 1982 2868 at-
2084 2819 2311 2890 petram
2345 2816 2636 2872 Christum
2659 2817 2920 2872 allidere.
2955 2819 3200 2873 Noverat
3220 2835 3334 2890 quo
3357 2821 3609 2892 quisque
3630 2824 3712 2878 la-

377 2905 595 2961 tentius
627 2903 930 2972 inhaerere,
966 2901 1062 2956 ubi
1091 2918 1187 2957 me
1229 2903 1529 2956 suaculares
1566 2903 1844 2956 tumultus
1874 2903 1984 2957 mi-
2086 2905 2320 2960 boraret
2347 2906 2574 2973 morbo,
2605 2909 2682 2972 et,
2709 2922 2776 2960 ex
2803 2906 2932 2962 vita:
2961 2906 3184 2962 meritis
3209 2907 3476 2980 singulos
3521 2910 3712 2966 existi-

379 2994 537 3049 nime
571 2992 984 3047 interturbent.
1015 2991 1097 3046 Ad
1140 2991 1290 3046 hanc
1321 3007 1447 3045 rem
1479 3007 1574 3045 me
1606 2990 1806 3046 incitat
1846 2993 1984 3046 bea-
2086 3009 2274 3061 mans,
2307 3010 2411 3065 pro
2443 2993 2668 3048 ratione
2692 2995 3032 3051 morborum
3063 2995 3708 3069 adhibebatreprehem

379 3087 470 3137 tus
502 3083 754 3137 Joannes
805 3080 1076 3152 Baptista,
1110 3079 1205 3152 qui
1247 3079 1423 3134 etiam
1466 3079 1524 3134 in
1570 3083 1771 3135 tenera
1814 3084 1983 3136 aetate
2085 3081 2294 3138 siones.
2316 3083 2543 3138 Interea
2563 3083 2862 3139 crescebat
2894 3084 2976 3138 illi
2996 3084 3175 3140 divini
3200 3086 3422 3140 amoris
3443 3087 3702 3142 studium

379 3171 588 3226 maluit
617 3169 770 3224 inter
815 3169 967 3224 feras
1011 3169 1244 3240 degere,
1304 3171 1363 3222 et
1401 3185 1602 3223 earum
1644 3168 1773 3224 cibo
1813 3169 1982 3237 vesci,

378 3276 554 3333 quam
587 3259 742 3331 apud
765 3275 897 3314 suos
946 3274 1186 3313 manere
1223 3256 1393 3326 cives,
1427 3275 1500 3312 ne
1527 3257 1613 3310 vel
1649 3257 1832 3312 otioso
1872 3274 1985 3312 ser-

378 3364 555 3403 mone
577 3364 634 3402 se
655 3345 1104 3402 contaminaret.
1139 3343 1344 3400 Habeo
1378 3344 1556 3399 etiam
1604 3344 1678 3399 ad
1723 3345 1871 3399 hanc
1900 3345 1982 3399 vi-

377 3441 500 3494 tam
535 3436 836 3510 egregium
865 3435 1070 3492 ducem
1115 3435 1366 3506 Moysen,
1403 3434 1489 3489 cui
1546 3434 1894 3506 optatusfuit
1925 3435 1984 3490 in

377 3529 748 3582 vastaeremo
765 3524 970 3580 divinis
997 3523 1107 3578 frui
1133 3521 1453 3596 colloquiis,
1483 3539 1659 3594 quam
1689 3521 1980 3594 {Egyptia-

376 3632 506 3672 rum
519 3616 724 3688 opibus
740 3617 798 3669 et
810 3613 1026 3668 deliciis
1043 3613 1326 3666 enervari.
1366 3611 1511 3666 Elias
1536 3628 1766 3684 quoque
1792 3615 1849 3665 et
1879 3611 1986 3666 Eli-

377 3720 506 3759 seus
517 3703 823 3776 caaterique
841 3699 1354 3773 prophetas,studio
1376 3698 1880 3770 contemplationis
1903 3698 1986 3753 in-

377 3791 592 3864 signes,
610 3792 786 3847 etiam
816 3780 984 3862 reges
1003 3786 1693 3850 domuerunt.Abraham.
1718 3787 1982 3844 omnium

376 3884 544 3952 pater
567 3879 930 3936 credentium
960 3876 1074 3931 fide
1100 3875 1356 3943 effectus,
1387 3875 1497 3929 huc
1529 3891 1622 3929 me
1649 3875 1982 3942 invitat,cu-

373 3972 468 4042 jus
478 3969 790 4040 jamantea
809 3968 1036 4021 secutus
1061 3965 1766 4036 exemplum,contempto
1801 3964 1980 4020 natali

377 4059 523 4124 solo,
551 4074 642 4110 res
655 4055 1066 4125 facultatesque
1088 4067 1291 4107 omnes
1311 4050 1782 4124 abjeci.Denique
1807 4052 1982 4125 ipsius

379 4144 613 4204 Domini
636 4141 948 4200 Salvatoris
977 4142 1242 4214 exemplo
1272 4157 1574 4214 provocor,
1597 4141 1715 4214 qui,
1740 4159 1869 4196 cum
1901 4145 1982 4198 te-

376 4233 619 4290 terrimo
649 4233 812 4288 hoste
855 4230 1245 4298 conflicturus,
1279 4229 1564 4286 solitarius
1603 4231 1677 4286 ad
1714 4247 1979 4287 eremum

376 4323 646 4382 abscessit
701 4321 872 4394 Cujus
895 4319 1288 4376 misericordia
1315 4323 1372 4374 et
1385 4319 1742 4393 benignitate
1755 4321 1977 4376 utinam

2018 3219 2065 3278 C

2085 3173 2143 3224 et
2166 3171 2360 3238 ardor,
2387 3171 2836 3243 monasticaeque
2869 3171 3184 3244 disciplina:
3214 3173 3376 3244 rigor
3406 3174 3698 3232 inﬂexibi-

2085 3259 2170 3314 lis.
2199 3259 2382 3324 Quam
2416 3277 2550 3315 vero
2583 3261 2639 3315 in
2672 3260 2893 3316 caeteris
2917 3266 3041 3334 ejus
3071 3263 3412 3316 monasterii
3447 3264 3710 3320 ofﬁcinis

2086 3349 2276 3403 omnis
2299 3348 2469 3404 fuerit
2494 3349 2771 3420 peccandi
2802 3349 3115 3405 interdicta
3133 3349 3398 3419 facultas,
3431 3353 3595 3408 testis
3623 3357 3709 3408 est

2085 3438 2172 3492 vel
2205 3439 2356 3492 solus
2399 3437 2728 3492 dormitorii
2781 3439 2978 3506 locus;
3028 3438 3187 3493 testis
3237 3441 3326 3494 est
3368 3443 3430 3494 et
3476 3445 3708 3498 sanctus

2086 3527 2447 3595 Lamberlus,
2477 3526 2596 3598 qui,
2631 3543 2662 3581 e
2690 3543 2794 3582 sua
2823 3528 3020 3598 pulsus
3044 3527 3205 3595 sede,
3233 3544 3302 3583 eo
3332 3528 3704 3600 potissimum

2085 3615 2366 3687 confugit,
2398 3615 2554 3686 quod
2583 3631 2701 3670 non
2731 3619 2878 3670 esset
2909 3615 3132 3671 nescius
3156 3616 3267 3670 illic
3313 3618 3408 3672 vel
3448 3619 3704 3675 maxime

2084 3708 2295 3759 sanctm
2327 3703 2628 3775 religionis
2659 3705 2852 3776 vigere
2878 3706 3097 3760 cultum
3122 3721 3136 3773 ;
3168 3705 3327 3760 testis
3351 3723 3590 3779 quoque
3621 3713 3703 3764 est

2083 3809 2222 3848 crux
2249 3792 2500 3864 lapidea,
2529 3792 2603 3847 ad
2621 3809 2796 3864 quam
2813 3794 2886 3848 ob
2913 3795 3218 3866 strepitum
3232 3794 3487 3850 labentis
3502 3797 3696 3864 calcei,

2083 3899 2196 3954 quo
2226 3882 2473 3936 fratrum
2507 3881 2670 3954 quies
2695 3881 2804 3936 fuit
2834 3881 3180 3955 interrupta,
3200 3883 3284 3938 ire
3301 3884 3507 3954 jussus
3530 3890 3696 3942 nocte

2082 3970 2294 4038 media,
2329 3987 2508 4042 usque
2539 3971 2600 4026 in
2631 3972 3035 4043 crepusculum
3067 3972 3170 4027 sub
3200 3971 3300 4028 illa
3329 3975 3518 4042 stetit,
3548 3976 3694 4048 psal-

2079 4059 2401 4132 modiaeque
2427 4063 2484 4115 et
2513 4061 2795 4132 prazcibus
2841 4077 3073 4130 vacans,
3108 4063 3283 4134 atque
3336 4062 3530 4136 frigus
3560 4081 3690 4120 con-

2079 4153 2368 4216 temnens,
2401 4151 2459 4202 et
2489 4148 2646 4204 nives
2670 4149 2916 4217 calcans,
2939 4149 3260 4206 sanctitatis
3289 4169 3410 4208 suae
3432 4155 3690 4210 certaim

2080 4236 2229 4293 dicia
2253 4236 2429 4292 dedit.
2459 4236 2573 4292 Sed
2604 4237 2676 4292 de
2705 4237 2794 4292 his
2819 4237 2980 4293 alias.

2147 4327 2250 4382 XX.
2295 4327 2472 4381 Porro
2518 4329 2715 4382 autem
2776 4330 3070 4383 crescente
3120 4328 3408 4401 religione
3462 4348 3688 4387 crevere

376 4415 480 4470 flat
503 4418 566 4468 ut
591 4415 650 4468 et
678 4428 787 4485 ego
819 4409 931 4467 illic
962 4408 1213 4482 improbi
1243 4407 1424 4464 hostis
1452 4409 1684 4466 fraudes
1714 4411 1980 4482 protere-
2006 4480 2048 4492 _
2077 4415 2256 4470 etiam
2274 4415 2702 4470 Ecclesizeillius
2721 4418 3052 4488 proventus.
3083 4416 3189 4472 Ubi
3222 4418 3384 4473 enim
3407 4435 3514 4475 rex
3541 4421 3688 4492 Sige-

375 4521 460 4572 re,
483 4503 556 4558 de
582 4501 695 4558 illic
717 4480 1099 4558 instituendis
1127 4499 1284 4553 lucra
1333 4499 1658 4566 cumulare,
1690 4480 1748 4553 et
1776 4501 1976 4553 vestra:
2006 4480 2056 4542 Ῑ)
2076 4505 2273 4560 bertus
2303 4520 2437 4560 eum
2455 4503 2672 4559 audivit
2695 4480 2942 4558 fratrum
2979 4505 3269 4560 fervorem
3310 4523 3456 4580 erga
3482 4480 3688 4564 Christi

373 4592 542 4650 saluti
555 4591 698 4648 meis
711 4588 972 4662 precibus
991 4587 1206 4660 aliquid
1220 4587 1480 4644 utilitatis
1495 4587 1723 4643 adferre
1743 4585 1972 4660 queam!

371 4683 454 4738 lta
476 4681 676 4738 beatus
707 4678 1010 4736 Remaclus
1023 4676 1252 4732 dolores
1265 4693 1502 4732 suorum
1529 4675 1748 4744 lenivit,
1764 4678 1822 4730 et
1835 4692 1978 4748 que-

369 4771 651 4829 rimonias
679 4768 916 4837 sedavit,
947 4784 1012 4824 ac
1052 4766 1262 4822 deinde
1293 4783 1394 4823 suo
1451 4765 1701 4839 perrexit
1743 4765 1972 4823 itinere.

439 4861 622 4917 XVlll.
641 4862 952 4932 Postquam
971 4860 1167 4912 autem
1185 4872 1254 4912 ea
1265 4873 1356 4912 res
1375 4854 1630 4910 innotuit
1651 4858 1773 4909 tum
1794 4871 1974 4929 prope

367 4956 494 5007 tum
542 4949 743 5024 procul
799 4943 1143 5020 degentibus
1188 4943 1474 5016 religiosis
1522 4943 1676 5010 viris,
1725 4959 1973 5016 quorum

365 5042 516 5098 Deus
543 5039 771 5096 animos
801 5037 1109 5110 permovit,
1132 5037 1433 5108 coeperunt
1470 5031 1724 5105 undique
1751 5033 1822 5088 ad
1837 5049 1970 5089 eum

366 5147 468 5187 seu
499 5145 635 5203 apes
655 5127 730 5184 ad
756 5128 1006 5184 alvearia
1035 5127 1351 5192 confluere,
1389 5122 1652 5180 nonnulli
1688 5139 1746 5178 se
1777 5123 1973 5178 omni-

361 5219 618 5294 potentis
635 5217 740 5273 Dei
752 5217 1009 5274 servituti
1023 5212 1494 5283 addicere,etlevi
1512 5211 1696 5268 Salval
1708 5212 1969 5285 orisjugo

362 5310 514 5366 colla
540 5324 892 5381 supponere,
927 5305 1168 5380 quidam
1197 5303 1411 5359 liberos
1444 5317 1576 5356 suos
1613 5301 1966 5370 liberalibus,

355 5398 480 5455 imo
493 5413 626 5453 vero
641 5396 972 5454 monasticis
983 5393 1329 5450 imbuendos
1344 5390 1658 5462 disciplinis
1670 5395 1841 5463 atque
1858 5391 1968 5447 illic

357 5487 582 5544 Christo
605 5486 889 5560 perpetim
905 5483 1213 5540 servituros
1230 5481 1459 5550 offerre;
1482 5480 1645 5536 multi
1666 5481 1736 5535 de
1752 5480 1865 5536 suis
1881 5480 1965 5536 fa-

355 5573 664 5630 cultatibus
682 5579 740 5630 et
761 5573 1039 5630 reditibus
1053 5571 1264 5627 sanctis
1276 5569 1600 5628 necessaria
1611 5569 1961 5627 ministrare.

351 5665 513 5719 Inter
540 5675 686 5731 quos
714 5663 889 5718 etiam
920 5659 1202 5718 Dominus
1227 5664 1286 5715 et
1313 5661 1486 5716 Pater
1497 5658 1962 5730 Papolenus[a1.,

353 5749 701 5821 Babolenus]
730 5750 805 5805 ad
831 5764 993 5818 euin,
1014 5745 1294 5803 invisendi
1319 5733 1556 5821 quidem
1573 5761 1763 5816 causa,
1781 5749 1964 5825 venit,

2077 4595 2318 4659 cultum,
2365 4595 2604 4650 beatum
2659 4593 2996 4650 Bemaclum
3042 4611 3307 4665 evocans,
3361 4602 3582 4670 praeter
3625 4615 3687 4655 ea

2078 4701 2205 4758 quae
2237 4683 2394 4756 prius
2423 4684 2683 4751 dederat,
2697 4687 2757 4739 et
2777 4683 2862 4738 vir
2879 4683 3294 4742 illustrissimus
3315 4687 3680 4746 Grimoaldus

2077 4775 2427 4841 obtinuerat,
2461 4773 2614 4828 unde
2645 4772 2822 4828 etiam
2851 4773 3132 4830 hactenus
3160 4775 3378 4831 fratres
3401 4778 3679 4844 vixerant,

2077 4879 2145 4918 ex
2170 4878 2453 4918 consensu
2506 4861 2768 4916 fidelium
2814 4878 3072 4930 suorum,
3106 4866 3223 4918 tam
3279 4866 3680 4940 episcoporum

2075 4966 2252 5024 quam
2283 4965 2588 5022 procerum
2607 4965 2780 5022 supra
2793 4949 3166 5020 dictorum,in
3189 4952 3482 5010 honorem
3505 4956 3603 5011 Dei
3628 4958 3681 5009 et

2075 5041 2294 5095 cultum
2319 5042 2651 5093 sanctorum
2700 5039 2852 5094 Petri
2893 5041 2952 5094 et
2996 5040 3157 5094 Pauli
3197 5045 3600 5113 apostolorum
3631 5047 3682 5099 et

2073 5128 2228 5184 beati
2249 5127 2475 5183 Martini
2497 5144 2510 5182 :
2545 5126 2751 5199 quibus
2765 5143 2834 5182 ea
2855 5128 2985 5184 loca
3005 5127 3398 5199 dicataerant,
3422 5133 3681 5203 permisit

2070 5217 2241 5272 beato
2272 5215 2543 5272 Bemaclo
2572 5219 2634 5270 ut
2663 5214 2722 5269 in
2755 5232 2884 5270 usus
2905 5231 3204 5272 servorum
3231 5219 3354 5286 Dei,
3379 5237 3497 5292 quo
3523 5221 3681 5276 dein-

2070 5323 2202 5378 ceps
2231 5303 2477 5378 quietius
2507 5303 2836 5358 viverentet
2860 5305 3076 5377 absque
3088 5305 3417 5364 vicinorum
3441 5310 3679 5383 impres-

2070 5397 2230 5452 sione
2251 5393 2356 5448 soli
2388 5393 2503 5448 Deo
2524 5391 2762 5447 liberius
2785 5396 3076 5461 vacarent,
3103 5411 3210 5467 per
3227 5396 3524 5470 utriusque
3552 5414 3674 5454 mo-

2069 5481 2307 5542 nasterii
2337 5479 2641 5536 circuitum
2669 5480 2980 5536 duodecim
3010 5481 3187 5538 leucas
3206 5484 3672 5556 designarentur,

2067 5573 2222 5630 intra
2253 5586 2502 5644 quorum
2526 5568 2742 5624 limites
2769 5569 3048 5643 quidquid
3071 5571 3410 5642 haberetur,
3441 5574 3515 5630 ab
3544 5574 3672 5630 solis

2067 5661 2363 5734 utriusque
2391 5657 2638 5714 ccenobii
2669 5658 2887 5714 colonis
2915 5659 3294 5717 excoleretur.
3323 5663 3546 5719 Dicitur
3573 5678 3670 5719 au-

2065 5757 2188 5812 tem
2211 5751 2376 5807 leuca
2402 5746 2557 5822 apud
2579 5747 2767 5804 Gallos
2810 5746 3063 5825 spatium
3107 5749 3270 5807 mille
3317 5753 3662 5826 quingenta»
