3892 6214
156 419 265 472 H65

1484 403 1648 458 VITA
1687 402 1743 458 S.
1787 401 2108 458 BEMACLI.

3295 413 3429 467 “66

147 555 260 595 rum
288 550 567 609 passuum,
615 533 672 587 id
709 535 814 599 est,
839 528 1145 586 duodecim
1195 529 1536 585 stadiorum.
1574 529 1719 583 Ema
1745 528 1912 591 Λιὼί
1935 526 2204 584 didicitin
2224 527 2566 598 supradictis
2588 526 2956 584 monasteriis
2970 531 3186 586 cultum
3200 533 3430 606 religio-

150 627 495 684 donationem
542 624 888 679 testamento
927 620 1356 686 conﬁrmatam,
1409 623 1466 674 et
1517 618 1716 674 annuli

146 717 268 788 regii
305 712 673 785 impressione
704 709 1128 780 consignatam,
1156 712 1384 762 sanctus
1415 708 1502 761 vir
1529 707 1717 762 liben-

149 808 221 858 ter
246 803 470 873 accepit,
491 804 548 855 et
571 802 899 855 reverenter
929 797 1309 852 conservavit.
1332 795 1547 850 Deinde
1567 813 1718 850 anno

147 891 346 946 decimo
377 891 582 961 quarto
629 887 794 959 regni
826 886 910 941 sui
951 886 1108 940 idem
1158 902 1256 939 rex
1300 884 1516 955 legavit
1551 888 1719 939 testa-

145 983 318 1033 mento
348 979 514 1032 beato
555 975 825 1030 Remaclo
849 973 1117 1045 quaedam
1148 973 1203 1026 in
1234 972 1564 1044 Aquitania,
1585 975 1722 1044 puta

145 1066 394 1122 telonium
439 1065 497 1119 in
532 1067 704 1136 portu
734 1062 994 1117 Vetraria
1039 1062 1112 1115 ad
1154 1061 1354 1116 ﬂuvios
1393 1061 1718 1116 Taunacum

145 1154 682 1224 etlttam;itemque
735 1153 967 1223 portum
1003 1149 1165 1204 Sellis
1206 1153 1263 1204 et
1307 1149 1613 1220 Vogatium
1652 1148 1724 1202 ad

144 1244 336 1298 flumen
382 1241 653 1313 Ligerim,
689 1256 819 1294 cum
870 1238 1140 1294 omnibus
1189 1239 1260 1293 ad
1305 1255 1438 1293 eum
1481 1238 1728 1292 attinen-

144 1333 290 1386 tibus.
323 1331 483 1395 Quod
517 1329 755 1401 quidem
789 1330 1032 1382 testatur
1064 1327 1362 1399 scriptum,
1399 1327 1521 1398 ejus
1550 1343 1729 1382 manu

146 1420 566 1490 subsignatum:
620 1438 644 1471 ι
704 1419 935 1483 Sancta,
992 1415 1199 1488 inquit,
1262 1432 1324 1470 ac
1381 1413 1731 1470 venerabilia

147 1507 490 1574 monasteria,
524 1507 831 1561 Stabulaus
857 1505 970 1560 sive
999 1504 1481 1559 Malmundarium
1514 1520 1729 1574 cogno-

147 1597 358 1662 minata,
391 1596 487 1651 ubi
518 1597 607 1651 vir
636 1595 981 1650 venerabilis
1017 1594 1322 1648 Remaclus
1351 1592 1656 1662 episcopus
1677 1595 1734 1646 et

147 1685 292 1751 abba,
321 1684 543 1738 Christo
598 1683 852 1754 auspice,
892 1698 1136 1754 praeesse
1186 1681 1441 1745 videtur;
1483 1696 1610 1752 quia
1651 1679 1734 1733 vir

146 1772 351 1827 illustris
377 1771 745 1827 Grimoaldus
776 1771 1176 1841 majordomus
1203 1769 1260 1822 in
1290 1769 1513 1822 honore
1550 1768 1732 1822 sancti

1821 618 1909 672 nis
1929 616 2148 689 augeri,
2166 616 2306 671 duas
2319 633 2385 670 ex
2399 616 2543 672 ﬁscis
2555 616 2669 672 suis
2680 617 2839 672 villas
2855 618 2914 673 in
2937 636 3069 675 usus
3091 637 3307 678 mensas
3319 640 3434 679 ser-

1819 723 2021 762 verum
2043 705 2164 772 Dei,
2191 722 2365 760 unam
2399 705 2455 760 in
2479 705 2790 774 Harbanio,
2811 707 3053 764 alteram
3087 710 3144 764 in
3168 711 3433 768 Arduen-

1822 811 1914 861 na,
1940 811 2044 866 pro
2068 795 2168 848 Dei
2194 794 2323 848 etS.
2351 794 2625 861 Remacli,
2647 796 3016 855 [reverentia.
3043 799 3141 857 En.
3170 802 3430 872 PATROLJ

1822 883 2098 939 attribuit.
2131 883 2226 938 Sul
2259 883 2465 937 horum
2499 887 2760 954 tempore
2789 884 2985 940 ferunt
3021 904 3154 942 eum
3187 890 3431 945 Romam

1821 971 2169 1042 profectum,
2191 972 2370 1026 sancti
2395 971 2547 1026 Petri
2577 972 2937 1045 aliorumque
2956 981 3292 1033 sanctorum
3321 980 3437 1034 suf-

1824 1060 2009 1130 fragia
2038 1060 2507 1130 imploraturum,
2543 1063 2714 1132 atque
2749 1061 2828 1116 illi
2846 1063 3048 1119 tandiu
3080 1065 3138 1120 in
3163 1083 3360 1139 preces
3381 1073 3439 1123 et

1816 1149 2045 1220 jujunia
2076 1148 2396 1204 incubuisse
2428 1149 2633 1216 donec,
2671 1149 2862 1206 divina
2907 1156 2964 1207 et
3007 1157 3268 1226 angelica
3301 1174 3438 1212 con-

1825 1236 2104 1292 solatione
2149 1238 2350 1305 fretus,
2383 1238 2700 1309 quamdam
2749 1239 3124 1313 reliquiarum
3178 1246 3440 1316 ejusdem

1827 1325 2140 1381 beatissimi
2168 1327 2412 1398 apostoli
2439 1329 2667 1398 partem
2697 1330 2912 1384 meruit
2960 1331 3262 1402 obtinere;
3313 1352 3440 1406 quin

1830 1414 2066 1487 quidem
2089 1414 2242 1488 apud
2265 1432 2368 1470 nos
2381 1432 2521 1471 auro
2535 1418 2899 1490 gemmisque
2916 1424 3137 1476 ornata!
3155 1422 3445 1495 prmeipuo

1831 1520 1961 1557 cum
1986 1504 2206 1558 honore
2231 1509 2614 1562 asservantur.
2634 1506 2799 1570 Quod
2815 1507 3304 1580 licetquibusdam
3328 1513 3445 1567 for-

1834 1595 1980 1646 tasse
2002 1591 2338 1646 incredibile
2362 1592 2646 1660 videatur,
2671 1611 2795 1661 nos,
2817 1594 3447 1670 quiincomparabilem

1835 1681 1999 1734 illum
2024 1697 2371 1734 veneramur
2394 1682 2752 1746 thesaurum,
2781 1686 2965 1739 multa
2991 1685 3047 1738 in
3081 1703 3280 1742 earum
3307 1705 3450 1759 pra:-

1837 1769 2021 1824 sentia
2055 1768 2327 1824 divinitus
2371 1769 2615 1824 vidimus
2654 1770 2936 1827 beneﬁcia
2979 1777 3243 1845 prazstari
3279 1794 3292 1832 :
3324 1794 3452 1848 qua:

149 1860 278 1915 Petri
304 1877 364 1915 ac
395 1860 577 1915 sancti
604 1859 784 1925 Pauli,
818 1860 904 1913 vel
931 1859 1114 1914 sancti
1140 1857 1388 1924 Martini,
1422 1873 1523 1912 seu
1563 1860 1734 1911 caete-
1756 1853 1806 1914 B
1836 1857 2049 1930 poterit
2077 1857 2174 1930 qui
2203 1859 2355 1912 volet
2390 1857 2450 1912 in
2482 1857 2630 1914 libro
2664 1859 2941 1916 virtutum
2987 1862 3098 1917 sire
3142 1865 3448 1920 miraculo-

147 1965 321 2003 rorum
343 1952 702 2015 sanctorum,
726 1963 828 2002 suo
848 1963 1021 2019 opere
1041 1946 1099 2000 in
1123 1949 1279 2000 vasta
1300 1944 1482 1999 eremi
1512 1944 1732 1998 Arden-

150 2037 316 2092 nensis
342 2036 696 2104 construxit;
731 2035 1228 2108 quemadmodum
1250 2051 1354 2089 nos
1376 2035 1501 2088 loca
1521 2033 1646 2104 ipsa
1665 2033 1737 2088 ad

147 2126 252 2196 ipsa
267 2126 620 2181 monasteria
633 2124 974 2180 aediﬁcanda
994 2140 1098 2195 pro
1129 2128 1326 2178 nostra
1349 2125 1736 2195 praeceptione

148 2231 202 2267 ex
230 2214 430 2269 foreste
477 2218 682 2270 nostra
716 2213 1131 2281 concessimus;
1187 2228 1336 2284 quin,
1381 2211 1514 2265 licet
1550 2209 1739 2282 gratia

149 2302 328 2357 Christi
353 2304 466 2358 sint
509 2303 734 2370 didata,
787 2301 1148 2356 mundanam
1198 2299 1581 2354 substantiam
1621 2315 1738 2354 cer-

149 2395 337 2446 nuntur
363 2408 685 2463 parumper
735 2391 951 2445 habere
990 2406 1002 2444 :
1046 2389 1200 2455 ideo,
1251 2388 1444 2443 divina
1489 2387 1735 2458 inspira-

147 2479 282 2534 tione
300 2480 668 2546 commoniti,
687 2478 1043 2534 decrevimus
1065 2478 1486 2548 aliquantulum
1509 2477 1578 2531 de
1601 2475 1735 2531 ﬁsco

151 2573 318 2624 nostro
348 2570 417 2624 ad
444 2571 570 2642 ipsa
599 2567 952 2623 monasteria
978 2566 1264 2638 respicere
1289 2569 1346 2620 et
1373 2565 1689 2629 consolari;
1708 2587 1735 2613 »

153 2662 197 2710 et
218 2663 410 2715 caetera
440 2677 571 2732 quas
604 2658 662 2712 in
695 2659 902 2713 eodem
926 2657 1136 2728 scripto
1155 2659 1378 2726 (auctor
1400 2661 1565 2712 vocat
1596 2673 1739 2727 prae-

153 2750 377 2819 ceptum)
406 2751 751 2820 sequuntur.
788 2746 1046 2818 Denique
1079 2745 1135 2800 in
1163 2746 1330 2812 ﬁscis,
1360 2763 1486 2817 quae
1511 2762 1740 2800 monas-

155 2836 287 2890 teriis
313 2837 418 2891 illis
439 2837 739 2908 adjacent,
761 2835 1016 2890 decimas
1046 2833 1153 2888 illis
1179 2834 1358 2900 dedit,
1383 2851 1522 2905 quas
1537 2834 1740 2889 etiam-

155 2940 273 2979 num
301 2942 367 2981 ea
397 2925 759 2981 monasteria
785 2924 1072 2980 obtinent.

211 3013 319 3070 XXI.
348 3017 478 3070 Post
501 3016 635 3069 haec
665 3029 764 3068 rex
791 3012 908 3081 ille,
951 3029 1083 3067 cum
1125 3012 1438 3067 Austrasiac
1487 3029 1735 3083 regnum

154 3105 394 3171 praeclare
418 3104 685 3169 rexisset,
718 3103 870 3157 diem
923 3101 1124 3156 clausit
1157 3105 1502 3155 extremum.
1557 3103 1735 3156 Porro
1763 3138 1810 3196 Ο

153 3190 480 3248 Grimoaldus
510 3192 941 3262 majordomus,
963 3192 1077 3246 sive
1091 3191 1394 3262 praefectus
1423 3190 1734 3260 palatii,vel

153 3284 204 3333 ut
224 3281 310 3334 alii
330 3283 527 3337 volunt
559 3281 841 3352 magister
867 3281 1150 3352 equitum,
1173 3281 1276 3334 sub
1313 3283 1593 3351 praetextu
1614 3297 1736 3335 mu-

153 3383 330 3424 nerum
359 3369 856 3442 accipiendorum,
877 3387 911 3424 a
939 3369 1221 3424 Clodoveo
1243 3367 1421 3422 fratre
1451 3367 1733 3440 Sigeberti

154 3456 366 3515 Parisios
412 3462 686 3515 evocatus
743 3457 857 3513 illic
902 3461 1160 3513 retentus
1204 3461 1288 3512 est
1346 3457 1500 3528 quod
1549 3457 1732 3512 ﬁlium

153 3543 348 3602 domini
375 3549 460 3603 sui
491 3547 806 3619 Sigeberti,
838 3563 1010 3619 quem
1045 3546 1104 3601 in
1135 3563 1298 3600 suam
1328 3545 1505 3600 ﬁdem
1547 3562 1732 3600 susce-

150 3639 311 3704 perat,
341 3641 402 3692 ut
432 3654 570 3693 eum
619 3636 766 3706 patri
812 3653 994 3706 regno
1032 3635 1424 3702 substitueret,
1462 3635 1733 3689 clericum

152 3722 403 3781 effecisset
450 3727 572 3782 sive
641 3722 1005 3793 totondisset,
1055 3741 1221 3780 suum
1289 3723 1473 3779 ﬁlium
1530 3741 1733 3797 regem

149 3813 319 3869 volens
373 3815 752 3871 constituere.
815 3815 1099 3870 Clodoveo
1153 3829 1382 3886 quoque
1437 3813 1730 3878 defuncto,

149 3896 402 3958 Clotarius
445 3904 602 3959 ﬁlius
643 3903 764 3973 ejus
803 3902 863 3956 in
910 3901 1238 3969 Occidente,
1277 3903 1459 3956 frater
1499 3901 1730 3956 Clotarii

150 3986 473 4048 Childericus
513 3994 576 4048 in
629 3991 920 4047 Austrasia
965 3994 1305 4063 regnarunt.
1376 3991 1536 4045 Hunc
1591 4007 1728 4062 ergo

148 4074 324 4134 beatus
350 4081 656 4136 Remaclus
677 4080 836 4147 adiit,
856 4083 932 4147 et,
957 4079 1112 4151 quod
1134 4083 1371 4152 patruus
1395 4079 1502 4150 ipsi
1521 4079 1728 4134 donas-

146 4169 235 4235 set,
267 4171 324 4223 ut
340 4170 721 4225 conﬁrmaret
743 4169 928 4241 petiit,
952 4169 1068 4224 Rex
1089 4168 1274 4224 libens
1303 4167 1528 4235 annuit,
1562 4170 1640 4235 et,
1669 4171 1732 4222 ut

147 4252 219 4307 vir
244 4256 339 4312 Dei
364 4258 634 4330 petierat,
659 4257 780 4328 ejus
809 4273 1200 4313 successorem
1234 4256 1642 4311 Theodardum
1673 4259 1731 4310 et

147 4339 387 4402 Odonem
421 4347 800 4404 domesticum
821 4347 994 4418 jussit
1025 4346 1286 4417 ejusdem
1320 4361 1607 4400 mensurae
1638 4362 1728 4400 so-

1836 1965 1966 2002 rum
1998 1947 2048 2018 ej
2058 1965 2120 2001 us
2150 1947 2431 2002 lectitare.

1906 2038 2032 2091 Jam
2058 2052 2192 2092 vero
2224 2035 2418 2092 senior
2445 2037 2646 2091 beatus
2682 2038 3008 2108 Remaclus,
3041 2039 3143 2095 sed
3191 2041 3453 2097 moribus

1838 2129 2038 2181 tamen
2073 2143 2251 2198 quam
2286 2126 2451 2182 annis
2481 2126 2786 2195 maturior,
2822 2128 2978 2184 diem
3009 2129 3452 2186 vocationissuaz

1838 2215 2091 2270 sentiens
2157 2214 2488 2282 imminere,
2549 2219 2892 2289 tempusque
2959 2219 3272 2275 adventare
3339 2238 3452 2292 quo

1839 2306 2242 2376 compensaret
2281 2303 2474 2360 honor
2512 2303 2572 2358 in
2617 2305 2770 2360 caelis
2819 2308 2975 2378 quod
3010 2308 3177 2363 labor
3206 2308 3454 2365 trivisset

1839 2393 1898 2446 in
1957 2393 2146 2461 terris,
2196 2392 2456 2447 subditos
2511 2410 2641 2448 suos
2691 2394 2764 2448 ad
2805 2411 2864 2449 se
2915 2397 3174 2466 accersit,
3216 2402 3273 2452 et
3328 2402 3453 2454 tum

1839 2480 2016 2553 ipsius
2071 2481 2232 2536 obitu
2286 2484 2406 2535 tum
2453 2498 2554 2536 sua
2597 2481 2954 2538 desolatione
3005 2489 3320 2541 maerentes
3375 2488 3458 2541 ita

1840 2571 2169 2625 consolatus
2193 2572 2314 2624 est:
2346 2571 2487 2624 Ecce
2519 2572 2716 2626 Patres
2746 2573 3110 2641 sanctissimi,
3159 2591 3288 2632 ecce
3335 2575 3450 2631 fra-

1838 2661 1955 2712 tres
1985 2657 2329 2726 charissimi,
2355 2674 2498 2729 quos
2516 2657 2702 2714 habeo
2725 2659 2927 2716 afﬁxos
2964 2659 3187 2716 intimis
3229 2662 3455 2718 visceri-

1839 2745 1944 2801 bus
1993 2746 2160 2814 meis,
2207 2762 2339 2816 pars
2391 2746 2633 2802 dimidia
2669 2748 2880 2804 animae
2925 2766 3070 2804 meae
3117 2767 3129 2805 :
3169 2767 3276 2822 ego
3305 2751 3457 2807 viam

1840 2835 2118 2890 universa:
2141 2834 2328 2890 carnis
2345 2833 2664 2905 ingredior,
2684 2852 2790 2892 nec
2807 2837 2879 2892 ad
2901 2855 2999 2894 vos
3022 2838 3292 2911 deinceps
3315 2843 3458 2896 redi-

1838 2928 2000 2979 turus
2021 2941 2171 2980 sum.
2194 2925 2394 2979 Vestra
2415 2924 2632 2996 itaque,
2655 2942 2802 2997 quos
2837 2926 3061 2995 desero,
3081 2929 3328 2985 solitudo
3362 2947 3456 2986 me

1838 3013 2013 3068 habet
2039 3013 2369 3079 sollicitum,
2399 3029 2518 3068 non
2541 3029 2672 3069 mea
2693 3015 2893 3084 abitio,
2917 3016 3013 3088 qui
3039 3019 3156 3072 Deo
3184 3035 3278 3072 me
3309 3035 3449 3075 con-

1839 3101 2058 3155 solante
2072 3101 2405 3156 conﬁrmor.
2417 3102 2541 3156 Non
2555 3118 2648 3156 me
2661 3105 3110 3161 terretconditio
3124 3109 3450 3164 communis

1838 3188 2176 3244 mortalium
2209 3189 2498 3258 omnium,
2526 3191 2759 3262 quando
2799 3192 2976 3248 etiam
3013 3196 3135 3250 tota
3172 3197 3450 3268 sapientis

1837 3276 1972 3344 vita,
1995 3276 2265 3348 quaedam
2278 3276 2530 3336 [mortis]
2553 3278 2727 3333 debet
2740 3296 2860 3335 esse
2875 3285 3290 3341 commentatio
3314 3284 3445 3357 (10').

1837 3365 1962 3420 Non
1993 3367 2183 3435 potest
2221 3366 2374 3420 foeda
2395 3382 2553 3420 mors
2576 3366 2837 3422 accidere
2868 3368 2989 3424 viro
3020 3371 3178 3439 forti,
3203 3389 3322 3429 non
3347 3373 3453 3428 im-

1836 3456 2067 3508 matura
2089 3453 2360 3524 sapienti,
2375 3471 2492 3508 non
2517 3452 2730 3509 misera
2749 3472 2879 3511 eam
2903 3457 3451 3528 providenti.Vestra

1836 3559 1929 3597 me
1968 3542 2325 3610 teneritudo,
2359 3559 2502 3613 quos
2541 3541 2728 3599 adhuc
2757 3544 3053 3616 expediret
3082 3546 3449 3604 solidioribus

1835 3631 2141 3687 informari
2181 3629 2517 3712 disciplinis,
2573 3649 2692 3687 non
2743 3650 2950 3706 parum
3003 3639 3246 3692 movet:
3290 3637 3448 3694 vobis

1835 3737 2068 3793 prorsus
2094 3719 2297 3788 timeo,
2323 3737 2417 3788 ne,
2451 3719 2495 3776 si
2527 3719 2645 3793 lupi
2665 3737 2899 3793 rapaces
2926 3723 3245 3793 incurrant,
3271 3743 3446 3782 nemo

1833 3809 1905 3864 sit
1954 3809 2052 3882 qui
2106 3825 2204 3865 eos
2261 3810 2524 3881 repellat.
2579 3809 2860 3882 Equidem
2917 3812 3040 3868 haec
3096 3816 3450 3872 monasteria

1832 3899 1950 3954 Deo
1971 3902 2029 3952 et
2053 3899 2263 3954 sanctis
2284 3898 2332 3970 ej
2344 3916 2406 3953 us
2429 3898 2635 3967 dicavi,
2655 3899 2969 3973 vestrisque
2994 3902 3188 3958 usibus
3217 3921 3444 3961 accom-

1834 3987 2085 4054 modavi,
2122 3992 2308 4043 vestra
2351 3987 2410 4042 in
2454 3989 2564 4043 hoc
2609 4005 2742 4044 usus
2781 4007 2962 4064 opera
3011 3991 3148 4048 forti
3178 3997 3236 4050 et
3264 3995 3442 4052 ﬁdeli.

1833 4076 1980 4140 Quid
2003 4080 2196 4131 autem
2222 4077 2281 4130 in
2305 4079 2602 4147 posterum
2625 4081 2966 4134 eventurum
2999 4079 3092 4150 sit,
3114 4081 3445 4156 incomper-

1831 4167 1954 4219 tum
1993 4169 2077 4219 est
2106 4165 2271 4218 mihi.
2319 4165 2532 4220 Videtis
2572 4183 2710 4222 sane
2767 4184 2880 4241 quo
2911 4170 3040 4226 loco
3089 4189 3183 4228 res
3230 4177 3445 4232 nostrae

1829 4253 2039 4320 sint,et
2068 4269 2243 4326 quam
2267 4251 2340 4306 sit
2363 4252 2453 4308 hic
2504 4255 2754 4310 mundus
2793 4257 2854 4312 in
2896 4258 3154 4332 maligno
3202 4263 3440 4334 positus.

1831 4341 1889 4396 Si
1919 4341 2060 4414 quid
2086 4340 2259 4412 igitur
2288 4344 2478 4413 potest
2501 4343 2656 4414 apud
2685 4361 2782 4400 vos
2821 4346 3006 4402 oratio
3038 4366 3189 4415 mea,
3222 4356 3439 4420 curate,

143 4430 248 4488 lum
277 4437 534 4493 remetiri
568 4454 582 4493 :
609 4437 766 4508 cujus
795 4439 1023 4508 partem
1045 4435 1346 4491 dimidiam
1371 4433 1477 4489 sibi
1494 4451 1590 4489 rex
1611 4451 1728 4489 ser-
1753 4435 1804 4494 D
1831 4432 2089 4498 obsecro,
2106 4447 2178 4486 ne
2195 4429 2266 4485 ab
2283 4445 2352 4484 ea
2373 4428 2729 4504 integritate,
2753 4451 2930 4506 quam
2951 4435 3010 4490 in
3035 4435 3194 4491 vobis
3211 4438 3440 4496 efﬁcere

144 4521 293 4592 vavit,
322 4527 614 4598 reliquam
664 4525 856 4580 usibus
894 4540 1196 4580 servorum
1236 4523 1336 4578 Dei
1377 4524 1726 4578 testamento

144 4607 409 4668 addixitet
430 4613 814 4669 conﬁrmavit.
832 4613 995 4677 Quod
1011 4612 1247 4684 quidem
1277 4612 1458 4666 virum
1477 4612 1578 4667 Dei
1597 4629 1728 4685 pru-

144 4694 327 4755 denter
351 4702 672 4758 admodum
700 4701 900 4757 fecisse
920 4701 1306 4769 constat,ut,si
1329 4700 1580 4756 fortassis
1599 4718 1726 4757 suc-

140 4798 370 4846 cessores
396 4791 521 4862 ejus
551 4790 863 4863 aliquando
886 4790 1078 4845 minus
1095 4792 1350 4860 possent,
1378 4788 1593 4845 minori
1625 4807 1726 4845 ne-

142 4875 303 4944 gotio,
320 4879 474 4949 quod
489 4879 682 4934 minus
699 4881 866 4946 esset,
888 4878 1010 4933 sine
1033 4878 1245 4933 invidia
1278 4880 1336 4932 et
1357 4877 1728 4934 infestatione

139 4958 438 5021 vicinorum
493 4967 725 5023 liberius
781 4967 890 5022 sibi
948 4967 1329 5023 vindicarent.
1386 4967 1540 5023 Obiit
1596 4983 1727 5023 vero

141 5047 296 5105 etiam
325 5054 605 5111 Clotarius
625 5073 746 5124 rex,
775 5059 833 5111 et
867 5057 937 5111 ad
973 5056 1358 5112 Childericum
1392 5056 1731 5112 monarchia

139 5133 387 5197 devoluta
411 5148 553 5200 erat.
589 5147 660 5199 At
688 5145 781 5200 ille
813 5148 1031 5217 postea,
1065 5147 1302 5216 propter
1323 5160 1554 5198 morum
1576 5143 1732 5199 inso-

136 5221 359 5284 lentiam
378 5230 736 5299 interfectus,
751 5234 990 5288 fratrem
1010 5232 1430 5288 Theodoricum
1449 5231 1650 5286 habuit
1671 5233 1730 5287 in

141 5309 382 5373 Occiduis
410 5322 578 5391 regni
608 5321 866 5393 partibus
895 5337 1308 5388 successorem,
1333 5319 1423 5374 cui
1455 5319 1732 5390 magister

139 5403 381 5473 equitum
398 5409 1057 5467 fuitEbroinus.Horum
1076 5409 1446 5483 tyrannidem
1465 5409 1726 5477 aversati,

138 5494 476 5558 Austrasiani
491 5505 549 5560 Pi
553 5505 692 5577 pino
704 5506 950 5580 principi
970 5507 1280 5564 studebant
1293 5508 1350 5562 et
1371 5504 1730 5580 parebant.ls

200 5660 303 5737 (40)
332 5663 449 5724 CIC.
487 5665 648 5726 Tusc.
677 5685 718 5741 ι,
741 5669 835 5725 30.

1829 4519 2000 4587 volui,
2034 4519 2148 4574 ullo
2203 4535 2464 4591 unquam
2509 4536 2707 4576 errore
2748 4522 3119 4578 abducamini
3143 4542 3160 4578 :
3188 4526 3290 4581 sed
3319 4527 3440 4585 sitis

1829 4625 2059 4681 semper
2085 4607 2144 4662 in
2165 4607 2390 4663 Christo
2417 4609 2710 4680 conjuncti
2737 4614 2794 4666 et
2814 4610 3140 4679 unanimes,
3156 4617 3441 4686 quemad-

1830 4699 2068 4756 modum
2093 4701 2152 4753 et
2169 4700 2402 4754 Patrum
2429 4697 2766 4768 traditione,
2787 4703 2845 4755 et
2857 4700 3285 4772 Scripturarum
3312 4721 3442 4761 san-

1829 4791 2054 4843 ctarum
2086 4786 2352 4854 lectione,
2387 4789 2446 4841 et
2476 4802 2608 4842 mea
2634 4789 2876 4844 sollicita
2905 4789 3310 4847 adhortatione
3343 4809 3440 4849 ac-

1829 4878 2072 4952 cepistis.
2107 4878 2186 4931 Ex
2212 4876 2414 4932 vestris
2455 4876 2728 4933 manibus
2770 4895 3070 4952 nunquam
3114 4879 3440 4952 deponatur

1830 4985 1991 5024 sacra
2014 4966 2202 5034 lectio,
2236 4965 2334 5020 sed
2361 4964 2420 5019 in
2454 4981 2522 5020 ea
2547 4965 2620 5020 sit
2657 4964 2813 5020 vobis
2831 4965 2987 5038 jugis
3017 4966 3341 5027 meditatio.
3368 4971 3440 5029 Ut

1832 5057 1989 5113 enim
2021 5071 2179 5127 ager,
2210 5053 2475 5126 quamvis
2502 5053 2727 5120 fertilis,
2758 5052 2880 5108 sine
2919 5056 3143 5111 cultura
3174 5072 3292 5113 non
3323 5075 3440 5131 po-

1831 5149 1942 5200 test
1972 5161 2091 5198 esse
2129 5144 2453 5198 fructuosus
2486 5159 2498 5196 :
2531 5141 2613 5196 ita
2663 5158 2767 5197 nec
2819 5141 2944 5198 sine
3003 5144 3265 5202 doctrina
3313 5149 3436 5204 ani-

1833 5250 1962 5288 mus
1983 5235 2026 5298 (1
2045 5234 2114 5302 1).
2136 5229 2320 5285 Nostis
2344 5229 2506 5297 illud,
2522 5229 2690 5284 docto
2710 5232 2769 5284 et
2789 5231 3014 5288 erudito
3037 5234 3263 5290 homini
3286 5237 3435 5293 vive-

1831 5336 2054 5388 re,esse
2074 5318 2349 5390 cogitare.
2385 5316 2644 5372 Orationi
2691 5318 3028 5391 frequenter
3068 5321 3386 5381 incumbite
3420 5342 3433 5382 :

1830 5427 1935 5484 pro
1952 5408 2130 5480 culpis
2141 5404 2720 5476 humanafragilitate
2740 5406 3004 5464 admissis
3022 5410 3206 5467 Deum
3232 5412 3438 5485 depre-

1829 5497 2074 5568 camini;
2109 5514 2181 5552 ne
2230 5495 2370 5551 alias
2413 5493 2686 5571 deinceps
2736 5497 3080 5568 admittatis,
3116 5501 3216 5559 sed
3260 5504 3438 5563 etiam

1908 5659 2020 5738 (ti)
2041 5659 2154 5719 CIC.
2184 5657 2344 5716 Tusc.
2373 5671 2440 5724 ιι,
2459 5659 2520 5717 5.
