3892 6214
135 419 155 467 l
183 411 201 467 1
221 415 303 468 89
1443 408 1786 468 CHRONICG

1909 433 1980 454 J--
2019 403 2145 468 LIB.
2189 415 2234 470 Ι.
3361 421 3495 479 n90

126 551 407 609 prorsus
434 532 510 589 ad
541 534 650 589 hoc
672 530 982 604 indignum
1013 545 1073 586 se
1095 526 1596 602 afﬁrmavit(l45).
1629 533 1789 586 Atta-
1808 541 1863 598 Α
1893 534 2186 606 cupientes
2217 534 2454 602 invadit,
2504 537 2561 590 et
2592 533 2785 607 paucis
2815 537 3216 610 etl'ugientibus
3246 545 3497 612 prostra-

125 640 297 678 men
336 624 399 678 in
433 623 545 677 hoc
577 638 709 676 eum
733 620 1001 692 equidem
1035 635 1296 691 peccasse
1323 636 1544 688 vereor,
1569 621 1702 693 quia
1731 621 1788 676 in
1891 623 2000 691 vit;
2032 623 2234 678 urbem
2262 641 2491 696 quoque
2524 626 2811 696 prefatam
2842 629 3158 699 acquisivit.
3182 631 3255 684 Ex
3292 629 3501 684 nostris

121 713 287 767 Vita
320 712 513 766 sancti
537 710 716 782 patris
735 709 1029 775 Othelrici,
1065 725 1236 780 quem
1265 708 1422 764 idem
1451 727 1549 764 rex
1580 709 1790 781 postad
1891 714 2088 765 autem
2119 712 2231 767 duo
2256 713 2418 768 abavi
2448 714 2583 780 mei,
2605 715 2995 783 unonomine,
3017 717 3172 788 quod
3187 716 3498 772 Liutheri“

134 801 600 857 sacerdotalem
622 798 911 872 promovit
925 797 1212 862 ordinem,
1234 798 1346 868 legi
1365 798 1512 869 (146)
1532 801 1790 853 sanctam
1889 804 2074 865 sonat,
2099 801 2328 872 signati,
2354 802 2562 856 milites
2593 803 2798 872 optimi
2831 808 2888 857 et
2914 821 3128 875 genere
3179 805 3497 871 clarissimi,

134 889 384 944 Christi
417 891 738 959 martyrem
767 887 892 956 (fol.
940 885 1014 956 4')
1042 885 1247 940 Afram
1283 894 1329 926 ³³
1357 886 1560 940 dilecto
1583 886 1793 941 suimet
1889 887 2060 942 decus
2081 892 2139 942 et
2192 891 2450 944 solamen
2499 891 2718 961 patriae,
2755 893 2945 947 Nonas
2983 893 3339 964 Septembris
3369 910 3499 948 cum

132 977 390 1050 presuli
429 977 615 1031 multa
643 975 701 1030 in
747 975 866 1029 visu
909 974 1245 1038 ostendisse,
1295 973 1448 1028 inter
1479 991 1604 1046 qum
1649 975 1791 1029 duos
1889 977 2085 1030 multis
2111 977 2234 1031 aliis
2273 978 2574 1050 oppeciere
2615 979 2786 1049 (150).

130 1083 360 1129 enses,
397 1081 580 1120 unum
612 1080 741 1118 cum
769 1064 993 1134 capula,
1045 1062 1334 1133 aliumque
1377 1063 1499 1116 sine
1538 1079 1607 1116 ea
1636 1072 1702 1127 δι,
1725 1079 1789 1116 ac
1959 1071 2010 1119 7.
2029 1066 2296 1120 Utnullus
2314 1065 2534 1120 Christo
2553 1065 2808 1120 ﬁdelium
2825 1067 2895 1121 de
2917 1068 3109 1122 futura
3133 1074 3500 1124 mortuorum

133 1171 258 1226 per
302 1171 451 1209 eum
467 1153 799 1207 Heinricum
813 1167 1013 1223 regem
1028 1150 1477 1206 consecrationis
1494 1154 1788 1222 expertem
1886 1153 2314 1207 resurreccione
2346 1153 2706 1220 difﬁdat,sed
2737 1154 2809 1208 ad
2841 1154 3022 1210 beata:
3053 1156 3502 1212 immortalitatis

129 1243 631 1298 demonstrasse.
665 1241 800 1308 Sed,
834 1241 1055 1295 occulto
1092 1239 1201 1293 hoc
1242 1239 1342 1294 Dei
1372 1239 1580 1310 juditio
1623 1239 1791 1292 relin-
1887 1241 2782 1312 gaudiaanhelanterpersancta
2799 1243 3191 1312 proﬁciscatur
3217 1246 3502 1301 desideria

131 1348 377 1403 quens,
405 1330 656 1400 amplius
685 1329 1049 1402 progrediar.

215 1421 280 1473 6.
327 1420 513 1474 Fama
539 1419 668 1473 novi
691 1418 844 1488 regis
886 1419 1331 1491 undiquessecus
1362 1419 1612 1490 dispersa
1643 1418 1786 1472 ami-

131 1525 370 1563 corum
389 1508 570 1563 corda
586 1508 856 1573 laetiﬁcat,
873 1508 1294 1579 rebelliumque
1313 1510 1549 1562 econtra
1560 1506 1790 1560 mestiﬁ-

131 1602 265 1664 cat,
319 1596 464 1670 quia
485 1598 569 1651 vir
599 1597 726 1650 talis
763 1596 870 1650 fuit
900 1601 962 1652 ut
1001 1614 1131 1652 suos
1156 1599 1325 1652 sciret
1352 1597 1642 1666 sapienter
1671 1599 1792 1648 tra-

131 1691 347 1752 ctare,
381 1684 651 1739 inimicos
677 1688 873 1738 autem
899 1685 1102 1740 callide
1122 1686 1474 1756 viriliterque
1496 1699 1787 1754 superare.

132 1775 650 1830 lnterea'l‘ammo
678 1781 724 1814 ³⁵
744 1777 914 1827 natus
936 1778 1049 1841 est;
1075 1778 1132 1828 et
1154 1791 1319 1829 mens
1335 1773 1482 1844 regis
1503 1773 1575 1826 ab
1588 1787 1787 1826 amore

135 1862 363 1916 uxoris
397 1861 756 1925 decrescens,
787 1861 860 1915 ob
892 1862 1342 1932 pulcritudinem
1385 1865 1442 1915 et
1474 1878 1596 1915 rem
1625 1869 1671 1901 ³ο
1692 1877 1788 1913 cu-

129 1951 402 2021 jusdam
423 1948 676 2019 virginis,
695 1948 930 2002 nomine
953 1951 1256 2017 Mathildis,
1271 1953 1488 2004 secreto
1503 1947 1785 2018 flagravit.

135 2042 286 2094 1am
313 2040 567 2109 jamque
591 2037 818 2090 latentis
835 2037 1013 2092 animi
1037 2039 1226 2092 fervor
1241 2038 1462 2108 erupit;
1483 2041 1559 2102 et,
1577 2037 1652 2106 inj
1665 2040 1786 2091 usto

140 2145 206 2183 se
237 2129 542 2181 hactenus
573 2126 818 2180 multum
852 2141 1080 2196 pecasse
1112 2126 1356 2180 conubio
1387 2125 1622 2178 tandem
1654 2141 1785 2196 pro-

141 2218 374 2283 fessus,
393 2231 500 2286 per
514 2214 712 2268 afﬁnes
730 2215 1067 2285 legatosque
1083 2232 1213 2269 suos
1231 2215 1410 2268 ﬁliam
1425 2221 1469 2255 87
1486 2213 1789 2274 Theodrici

144 2310 204 2360 et
227 2304 623 2369 Reinitdae,ex
640 2303 1172 2374 Widukinniaaregis
1183 2303 1335 2357 tribu
1352 2304 1784 2375 exortamtllﬂ),

143 2393 511 2463 interpellat
526 2400 571 2433 ³ο
596 2395 654 2445 ut
685 2390 789 2445 sibi
826 2391 1092 2446 voluisset
1134 2391 1482 2448 satisfacere.
1540 2392 1626 2458 Et,
1653 2392 1788 2462 quia

146 2481 446 2537 flexibilis
478 2483 562 2534 est
581 2479 835 2534 mulieris
854 2479 1100 2546 animus,
1123 2484 1180 2534 et
1193 2480 1326 2551 quia
1341 2480 1556 2534 sciebat
1573 2497 1704 2534 eum
1727 2481 1784 2534 in

146 2570 396 2626 cunctis
415 2569 752 2640 eligantem,
785 2569 1094 2633 consensit,
1119 2569 1538 2640 coniunctaque
1556 2569 1610 2622 ei
1637 2570 1785 2640 (148)

148 2666 286 2715 tam
323 2659 385 2712 in
423 2657 628 2712 divinis
657 2674 831 2729 quam
860 2657 919 2710 in
961 2658 1230 2711 humanis
1263 2656 1494 2728 profuit.
1527 2657 1646 2721 Oue
1673 2662 1786 2712 tres

148 2750 322 2803 ﬁlios
336 2763 605 2818 congruo
619 2745 848 2817 pariens
867 2745 924 2798 in
944 2749 1224 2816 tempore,
1244 2746 1514 2800 Ottonem
1531 2755 1596 2812 ιο,
1615 2746 1783 2800 Hein-

149 2839 357 2892 ricum
385 2839 445 2889 et
473 2836 804 2888 Brunonem
826 2842 892 2900 ιι,
913 2850 1184 2906 prospere
1197 2834 1476 2900 educavit,
1496 2833 1784 2888 dolorem-

151 2943 278 2998 que
296 2927 502 2996 partus
515 2926 689 2976 tantae
703 2922 896 2992 stirpis
916 2922 1220 2977 dulcedine
1239 2922 1544 2993 superavit.
1569 2923 1692 2989 (fol.
1733 2927 1783 2993 Ei)

150 3017 224 3070 Et
251 3012 545 3085 quoniam
569 3011 708 3065 mihi
741 3027 931 3065 sermo
951 3013 1036 3064 est
1057 3011 1127 3064 de
1157 3011 1386 3078 Ottone,
1408 3028 1524 3065 non
1547 3017 1782 3066 autumo

151 3119 319 3174 opus
351 3116 478 3154 esse
501 3099 698 3153 omnia
727 3099 903 3170 patris
929 3099 1012 3152 sui
1055 3102 1216 3170 gesta
1245 3099 1576 3170 singulatim
1600 3101 1785 3154 discu-
1804 3127 1851 3186 ο

153 3196 320 3251 tere,
340 3206 475 3242 cum
510 3190 567 3240 et
590 3187 647 3240 in
683 3185 798 3239 ﬁlio
822 3190 1095 3257 appareat
1115 3189 1332 3257 quanta
1356 3202 1478 3255 ejus
1507 3186 1578 3240 sit
1604 3185 1786 3256 digni-

153 3285 276 3346 tas,
304 3282 366 3332 et
385 3275 609 3346 scriptis
656 3275 972 3329 multorum
993 3273 1102 3328 vite
1129 3274 1384 3345 ejusdem
1405 3274 1539 3328 satis
1569 3275 1785 3345 fulgeat

154 3367 428 3423 claritas.
462 3363 575 3419 Sed
598 3363 866 3435 quaedam
891 3364 1190 3430 intersere,
1213 3379 1341 3434 quae
1359 3362 1511 3416 dictu
1537 3363 1782 3418 maxime

154 3453 503 3512 necessaria
530 3462 575 3493 η
609 3456 764 3523 puto.
809 3451 916 3504 Has
951 3451 1216 3521 regiones
1253 3451 1360 3504 sibi
1390 3449 1524 3504 fecit
1551 3451 1785 3506 tributa-

154 3545 310 3610 rias,
342 3541 664 3606 Boemiam,
686 3539 997 3594 Deleminci
1031 3548 1095 3605 ω,
1123 3539 1447 3609 Apodritas,
1481 3540 1650 3606 Wilti,
1677 3541 1782 3593 He-

155 3634 392 3688 vellum
419 3635 477 3685 et
499 3629 799 3696 Redarios;
831 3627 926 3699 qui
947 3627 1140 3682 statim
1169 3628 1698 3700 rebelles,aliosque
1713 3629 1785 3683 ad

156 3725 280 3778 hec
305 3719 681 3784 concitantes,
708 3718 910 3772 urbem
954 3717 1269 3770 Wallislevo
1305 3721 1667 3788 oppugnant,
1692 3718 1786 3771 de-

157 3811 409 3866 struunt
443 3812 499 3862 et
529 3806 845 3862 incendunt
869 3807 1018 3874 (M9:
1043 3806 1151 3867 (an.
1183 3807 1325 3874 9'29).
1350 3805 1437 3858 Ad
1463 3807 1571 3860 hoc
1601 3806 1783 3860 vindi-

160 3898 433 3954 candum
467 3901 661 3951 noster
681 3894 947 3949 convenit
969 3894 1268 3954 exercitus,
1293 3896 1350 3947 et
1382 3893 1616 3948 Lunzini
1641 3906 1682 3935 ιι
1705 3894 1786 3948 ci-

159 3989 419 4043 vitatem
437 3985 724 4051 obsidens,
753 3982 934 4038 socios
955 3981 1319 4050 earumdem,
1351 3999 1449 4037 eos
1475 3982 1785 4038 defendere

1888 1329 2176 1400 qumdam,
2211 1346 2338 1402 qua:
2379 1328 2438 1383 in
2482 1331 2622 1384 urbe
2675 1331 2989 1386 Wallislevo
3038 1337 3166 1404 post
3215 1334 3498 1388 excidium

1885 1417 2004 1482 (fol.
2039 1418 2094 1487 ὅ)
2121 1418 2382 1489 ejusdem
2434 1428 2478 1460 ιδ
2526 1420 2859 1473 reediﬁcata
2903 1421 3174 1475 accidisse
3225 1422 3503 1476 veraciter

1886 1506 2166 1577 comperi,
2203 1506 2509 1566 intimabo.
2531 1509 2592 1561 1n
2612 1508 2734 1580 ipso
2763 1508 3000 1562 orientis
3028 1509 3141 1563 diei
3169 1511 3500 1580 crepusculo

1888 1595 2086 1649 solitus
2117 1598 2242 1648 erat
2271 1596 2559 1666 presbiter
2583 1596 2840 1666 ejusdem
2874 1597 3126 1651 ecclesia:
3153 1597 3500 1652 matutinam

1887 1699 2116 1738 canere.
2152 1682 2262 1736 Sed
2291 1699 2420 1738 cum
2469 1683 2542 1738 ad
2577 1685 2789 1738 atrium
2835 1685 3239 1740 defunctorum
3280 1686 3504 1741 veniret

1887 1771 2085 1825 videns
2107 1771 2164 1825 in
2186 1788 2253 1825 eo
2279 1787 2555 1842 magnam
2574 1773 3010 1828 multitudinem
3025 1774 3348 1828 oblationes
3366 1775 3504 1830 oﬁ'e-

1888 1863 2115 1913 rentem
2130 1859 2412 1914 sacerdoti
2431 1876 2628 1914 coram
2647 1861 2847 1932 templi
2865 1861 3082 1916 foribus
3100 1861 3294 1928 stanti,
3311 1863 3500 1932 primo

1887 1947 2162 2012 substitit,
2179 1951 2490 2019 posteaque
2510 1947 2674 2018 signo
2688 1953 2900 2003 sancta:
2923 1949 3105 2003 crucis
3125 1966 3184 2003 se
3209 1951 3499 2018 muniens,

1887 2053 1992 2108 per
2017 2052 2220 2090 omnes
2248 2035 2374 2099 hos,
2405 2052 2508 2089 nec
2549 2053 2663 2091 uno
2691 2038 2895 2091 saltem
2927 2037 3148 2108 agnito,
3182 2039 3498 2093 oratorium

1888 2123 2142 2195 trepidus
2169 2123 2330 2181 adiit.
2384 2123 2567 2188 Quem
2610 2141 2724 2179 una
2771 2125 2994 2179 noviter
3037 2125 3108 2179 de
3156 2125 3265 2180 hoc
3293 2127 3500 2181 saeculo

1888 2229 2116 2282 egressa
2138 2216 2195 2266 et
2211 2212 2317 2267 sibi
2333 2213 2482 2267 bene
2498 2217 2657 2281 nota,
2672 2213 2810 2284 quid
2831 2213 2920 2267 hic
2939 2214 3125 2279 vellet,
3145 2213 3500 2285 interrogat;

1888 2301 2206 2373 edoctaque
2233 2301 2305 2355 ab
2333 2317 2424 2364 eo,
2452 2318 2631 2373 quare
2670 2301 2911 2368 venerit,
2944 2303 3065 2357 haec
3093 2303 3291 2358 omnia
3313 2304 3384 2358 ab
3415 2302 3504 2358 his

1886 2406 2006 2444 esse
2038 2391 2327 2462 completa
2354 2397 2420 2456 ιτ,
2447 2406 2804 2462 parvumque
2835 2391 3111 2462 temporis
3141 2391 3391 2446 eundem
3425 2392 3502 2445 vi.

1885 2481 2111 2532 cturum
2142 2477 2408 2549 predixit.
2435 2478 2602 2542 Quod
2629 2477 2827 2532 vicinis
2858 2483 2985 2549 post
3009 2479 3225 2546 retulit,
3249 2496 3498 2552 veraque

1883 2566 2006 2620 hinc
2035 2575 2078 2607 ιε
2127 2583 2249 2620 esse
2302 2575 2347 2608 ιο
2395 2565 2812 2638 comprobavit.
2850 2565 2982 2620 Meis
3032 2568 3390 2638 temporibus
3439 2568 3499 2623 in

1883 2654 2272 2725 Magadaburg
2297 2655 2528 2709 —sicut
2552 2671 2586 2708 a
2611 2653 2903 2709 veracibus
2925 2655 3117 2726 accepi
3144 2655 3404 2723 testibus,
3440 2656 3499 2710 in

1886 2743 2008 2813 ipsa
2035 2746 2166 2797 tunc
2199 2744 2470 2797 continue
2500 2759 2742 2797 manens
2769 2773 2835 2781 —
2860 2742 2918 2796 in
2939 2743 3194 2798 (ecclesia
3219 2748 3502 2799 mercato-

1885 2848 2017 2885 rum
2047 2831 2329 2893 custodes,
2359 2831 2563 2885 eadem
2582 2833 2750 2885 nocte
2775 2831 3096 2902 vigilantes,
3113 2831 3203 2889 his
3226 2849 3352 2904 quia
3366 2851 3497 2905 pre-

1886 2921 1999 2974 dixi
2031 2920 2430 2975 convenientia
2461 2919 2582 2974 visu
2612 2923 2670 2974 et
2694 2919 2892 2974 auditu
2914 2921 3318 2992 percipientes,
3345 2923 3498 2993 epti-

1886 3025 2012 3062 mos
2031 3008 2268 3062 civitatis
2296 3007 2609 3062 adducunt.
2637 3007 2743 3071 Qui
2771 3025 2904 3063 cum
2932 3009 3105 3080 longe
3129 3009 3200 3064 ab
3225 3011 3370 3064 atrio
3404 3026 3500 3065 ca-

1885 3098 2157 3151 daverum
2173 3096 2488 3163 adstarent,
2521 3097 2783 3152 lucernas
2797 3097 3158 3152 candelabris
3170 3100 3495 3170 superposi-

1887 3192 1969 3240 tas
1981 3187 2192 3252 videre,
2209 3186 2466 3256 duosque
2478 3185 2870 3241 invitatorium
2889 3186 3003 3257 (151
3019 3192 3031 3259 )
3046 3204 3254 3242 canere
3269 3189 3501 3244 matuti-

1885 3291 2101 3345 nasque
2131 3273 2328 3328 laudes
2359 3273 2674 3328 ordinatim
2698 3291 2904 3329 omnes
2933 3276 3258 3345 persolvere
3281 3276 3502 3348 pariter

1884 3363 2138 3429 audiere;
2157 3362 2495 3416 accedentes
2509 3365 2703 3417 autem
2721 3363 2862 3418 nihil
2879 3364 3120 3418 omnino
3140 3365 3498 3422 intellexere.

1885 3453 2000 3507 Hoc
2025 3468 2133 3524 ego
2165 3467 2297 3504 cum
2327 3451 2696 3521 subsequenti
2721 3451 2812 3505 die
2845 3451 3004 3522 nepti
3036 3468 3202 3519 meae,
3237 3470 3363 3524 qua;
3385 3455 3504 3509 Bri-

1886 3541 2152 3612 gidatfol.
2172 3543 2228 3610 6)
2248 3539 2566 3606 dicebatur,
2596 3555 2734 3594 cura
2759 3556 2966 3612 regens
2991 3541 3265 3612 pastorali
3292 3558 3495 3598 mona-

1885 3629 2124 3683 sterium
2156 3627 2336 3683 sancti
2369 3627 2659 3682 Laurentii
2684 3629 2856 3697 (152),
2911 3627 3212 3690 referrem,
3247 3629 3306 3682 in
3335 3629 3495 3685 inﬁr-

1885 3717 2086 3771 mitate
2117 3715 2200 3769 sui
2227 3715 2483 3786 corporis
2514 3715 2800 3770 laboranti
2861 3724 2928 3784 εο,
2976 3715 3240 3786 protinus
3292 3717 3364 3773 ab
3405 3734 3494 3787 ea,

1888 3820 2256 3877 nequaquam
2291 3805 2395 3858 hoc
2427 3803 2684 3870 miranti,
2720 3805 2831 3859 tale
2865 3805 3096 3877 percepi
3121 3821 3493 3876 responsum:

1886 3895 2210 3966 «Tempore
2226 3893 2468 3948 Baldrici
2482 3893 2848 3965 presulis,qui
2861 3894 3156 3965 octoginta
3168 3897 3394 3955 annostt
3408 3897 3499 3967 53)

1886 3983 1972 4036 vel
1996 3983 2120 4054 plus
2147 3982 2573 4054 Trajectensem
2622 3989 2665 4024 ιι
2705 3982 2946 4054 regebat
2990 3983 3208 4052 sedem,
3257 3983 3314 4039 in
3347 3985 3496 4052 loco,

1515 4088 1742 4143 VARLE
1773 4087 2173 4144 LECTIONES.

244 4192 297 4226 ³³
329 4181 535 4235 atl'ram
571 4185 619 4235 1.
697 4190 742 4222 ³4
773 4180 976 4250 capulo
1011 4209 1070 4250 έ-
1098 4182 1222 4250 col
1258 4178 1286 4232 ?
1360 4185 1405 4218 ³³
1433 4177 1697 4250 Tammo,
1723 4179 1821 4250 qui
1841 4182 1900 4233 et
1926 4176 2320 4250 Tanckmarus
2351 4180 2404 4250 2.
2464 4185 2528 4250 ,δε
2559 4193 2613 4246 p.
2634 4177 2693 4232 in
2719 4194 2984 4234 amorem
3003 4185 3056 4234 2.
3134 4188 3179 4222 ³⁷
3207 4180 3286 4236 ita
3309 4182 3365 4234 in
3387 4180 3498 4236 loco

163 4271 296 4309 raso
331 4258 382 4314 l,
457 4251 807 4328 ff‘widuinni
842 4247 889 4328 l.
918 4249 1218 4328 _widikindi
1247 4252 1292 4302 1.
1358 4249 1661 4328 ’θῇ-ρςειιωθθ
1696 4247 1759 4304 1.“
1776 4266 1918 4306 corr.
1959 4247 2169 4328 .ab_z'pso
2200 4254 2259 4328 ut
2289 4247 2420 4328 _vz_'d.
2460 4247 2832 4328 interpellare
2863 4251 3016 4328 cepit
3047 4256 3101 4307 2.
3180 4253 3494 4328 foimpera;

163 4333 371 4381 torem
398 4323 546 4376 addit
575 4327 620 4378 1.
700 4331 742 4364 ιι
776 4321 1270 4392 archiepiscopum
1300 4318 1450 4372 addit
1485 4323 1535 4372 1.

1613 4331 1658 4360 η
1691 4319 2012 4376 necessario
2040 4322 2118 4371 ta.
2199 4327 2243 4358 (³
2269 4317 2646 4373 dclemencici
2681 4324 2765 4376 la.
2843 4333 2888 4363 ιι
2919 4317 3151 4378 alterum
3178 4323 3194 4378 i
3218 4317 3428 4378 erasum
3452 4326 3495 4380 Ι.

165 4407 216 4439 ιε
245 4397 357 4450 duo
389 4396 405 4448 i
431 4412 577 4447 erasa
611 4399 660 4450 1.
740 4403 784 4434 ιθ
815 4393 949 4446 dem
971 4387 1183 4445 erasuin
1215 4395 1262 4446 1.
1343 4398 1387 4430 ιτ
1421 4391 1677 4444 narravit
1697 4392 1846 4446 addit
1875 4390 2113 4445 Honorii
2138 4387 2327 4460 Imago
2357 4389 2550 4443 mundi
2567 4393 2762 4448 a.9l9.
2841 4401 2886 4434 ιε
2913 4393 3038 4450 add.
3077 4394 3157 4450 16.
3239 4405 3286 4438 ιθ
3309 4397 3499 4450 morte

164 4485 281 4524 sua
308 4465 463 4522 addit
485 4465 762 4520 Honorius
785 4466 824 4520 Ι.
860 4465 899 4517 l.
977 4471 1022 4506 ⁸ο
1054 4463 1352 4517 laborante
1389 4465 1473 4517 ta.
1554 4470 1595 4503 δι
1629 4464 1705 4516 ita
1749 4467 1798 4520 1.
1830 4481 1856 4517 e
1899 4479 2038 4517 corr.

1729 4549 1952 4606 NOTAE.

251 4645 405 4709 (145)
450 4642 614 4697 Conf.
648 4639 1061 4695 Widukindum
1094 4641 1137 4706 l,
1165 4642 1250 4694 26.

249 4715 398 4785 (146)
441 4714 606 4785 conf.
633 4711 1101 4785 Gerardinvitam
1141 4711 1196 4765 S.
1253 4709 1784 4785 lidalriciepiscopi

168 4781 520 4856 Au'gustani,
553 4801 602 4841 c.
630 4786 680 4856 37.
715 4783 807 4856 ed.
859 4781 1782 4856 Welseri.,_et_Bernonis’Yitam

171 4859 222 4928 ej
236 4852 440 4928 usdem
465 4872 514 4910 c.
534 4858 586 4908 9.
608 4855 692 4908 Ab
713 4853 1051 4928 hacvisione
1072 4852 1360 4928 lleinrieus
1393 4856 1588 4928 noster
1604 4852 1786 4928 dictus

171 4924 265 4983 e'st
285 4926 451 4982 Ensis
473 4929 588 4981 sine
615 4928 800 4996 capulo
817 4925 873 4977 in
895 4925 1230 4996 Necrologio
1249 4924 1567 4978 Prumiensi
1589 4940 1640 4977 a.
1659 4927 1784 4978 919.

168 4999 402 5054 Archiv.
436 4998 528 5050 fur
552 4999 686 5051 aelt.
725 4998 786 5050 D.
817 4996 1016 5052 Gesch.
1050 4995 1138 5048 lll.
1171 4997 1258 5049 24.

245 5072 403 5137 (147)
442 5068 644 5138 Regina
665 5067 784 5136 [ilia
823 5065 1167 5138 T/n'adrz'ci...
1201 5067 1377 5138 stirpis
1409 5081 1590 5134 magna
1641 5065 1788 5138 ducis

185 5137 534 5207 Wz'd-ukindz,
552 5139 857 5193 Widukind
879 5141 919 5202 1,
935 5141 993 5191 31
1010 5178 1022 5190 .
1049 5137 1334 5200 Reinhild,
1353 5141 1540 5189 mater
1570 5137 1784 5207 regina:

172 5212 434 5272 Mahtild,
467 5226 594 5282 qua:
626 5210 769 5264 obiit.
795 5209 852 5262 d.
883 5209 1008 5263 Maii
1041 5209 1103 5275 ll,
1130 5208 1187 5262 in
1212 5207 1558 5261 Kalcudario
1581 5206 1787 5260 Merse-

175 5283 454 5354 burgensi
477 5283 763 5354 laudatur.

249 5348 397 5424 (1⁷48)
439 5354 661 5425 Nuptiae
690 5353 812 5425 ista;
841 5349 1443 5425 secundwcelebratze
1465 5348 1602 5425 sunt
1631 5362 1785 5425 anno

178 5417 304 5480 909.
331 5417 497 5478 conf.
517 5417 689 5478 Waitz
707 5423 1090 5477 Jahrbrucher
1102 5423 1201 5477 des
1216 5417 1539 5474 Deutschen
1559 5417 1784 5473 Reiehs.

177 5502 222 5552 t.
257 5499 301 5563 l,
331 5513 386 5563 p.
428 5497 512 5552 11.

248 5513 396 5642 ἐξὲξ»
428 5513 1074 5642 ’ἐέδνξᾲυιςίηςῖοωθο
1124 5634 1155 5642 -
1366 5631 1381 5642 .
1680 5629 1717 5642 ..

253 5629 400 5708 (150)
442 5637 772 5708 Widukind.
805 5637 846 5690 l.
876 5629 1083 5708 l._Ana.
1118 5631 1423 5708 Quedlinb.
1457 5647 1512 5708 a_.
1543 5629 1786 5694 930,Ka-

179 5700 340 5767 lend.
385 5700 636 5764 'Merseb.
675 5706 864 5762 Nonas
907 5700 1569 5779 Septembr._Liutl§ardus
1613 5717 1784 5779 comes

181 5797 306 5843 eum
323 5779 511 5841 multis
523 5779 758 5856 Lunzini
769 5779 915 5837 obiit.
931 5773 1184 5836 A'nnales
1199 5773 1570 5832 Corbeienses
1589 5775 1787 5831 autem

1769 4709 1779 4719 .
1807 4649 1858 4708 D
1888 4654 2146 4719 pugnam
2192 4654 2231 4692 ιι
2264 4637 2410 4692 Non.
2444 4635 2740 4708 Septemb.
2765 4654 2819 4694 a.
2853 4640 2955 4695 929
2981 4637 3196 4695 factam
3226 4659 3348 4699 esse
3377 4646 3494 4700 tra.

1889 4710 2052 4764 dunt.

1957 4779 2106 4854 (151)
2139 4779 2235 4854 _S_c._
2263 4780 2553 4850 psalmum
2587 4783 2676 4836 99.

1957 4850 2097 4920 (152;
2139 4851 2372 4904 Videtur
2405 4850 2823 4906 monasterium
2857 4850 3196 4906 monialium
3235 4852 3293 4905 in
3348 4869 3496 4910 nova

1888 4924 2028 4976 urbe
2067 4922 2448 4994 Magdeburg._
2495 4922 2643 4976 bello
2679 4922 2976 4994 tricennali
3011 4922 3236 4994 penitus
3268 4923 3492 4978 destru-

1886 4992 2710 5065 ctum,intelligere‘.Ca3terum
2722 4993 2890 5065 Calbe
2906 4992 3250 5065 insuburbio
3263 5009 3492 5065 quoque

1886 5064 2098 5118 exstitit
2123 5063 2540 5118 monasterium
2557 5063 2920 5129 inonialium,
2941 5064 2998 5117 S.
3019 5063 3322 5118 Laurentio
3338 5063 3492 5119 dica-

1885 5139 2032 5202 tum,
2059 5139 2118 5189 et
2137 5137 2266 5204 jam
2296 5137 2500 5189 sagculo
2526 5153 2555 5188 x
2573 5133 2891 5188 aBohemis
2917 5134 3291 5201 destructum,
3334 5135 3494 5203 cujus

1885 5207 2038 5260 infra
2062 5207 2280 5259 mentio
2330 5207 2596 5260 occurrit.
2625 5205 2784 5261 Kmn.
2824 5234 2892 5243 —
2938 5207 3166 5259 Patrem
3195 5221 3264 5258 ea
3295 5205 3496 5259 habuit

1886 5278 2160 5330 comitem
2187 5276 2518 5330 Lotharium
2546 5276 3028 5330 Walbeccensem.
3070 5275 3198 5329 vide
3227 5276 3312 5329 Jo.
3349 5275 3488 5328 Lud.

1888 5348 2080 5401 Levin.
2111 5347 2393 5417 Gebhardi
2436 5345 2696 5417 aquilon.
2739 5346 3056 5400 marchion.
3101 5362 3158 5417 p.
3209 5349 3296 5400 29.
3338 5345 3490 5417 st.

1884 5448 1956 5461 --
1979 5416 2205 5487 Brigida
2245 5415 2531 5471 abbatissa
2562 5415 2705 5470 obiit
2732 5418 2864 5472 Dec.
2890 5419 2975 5471 30.
3011 5435 3062 5472 v.
3094 5415 3316 5472 Nccrol.
3348 5416 3490 5472 Mer-

1886 5489 2004 5544 seb.

1956 5559 2106 5630 (153)
2136 5557 2246 5613 Sic.
2279 5557 2408 5611 cod.
2441 5559 2500 5630 et
2526 5559 2734 5630 Annal.
2788 5559 2934 5614 Saxo
2983 5575 3036 5615 ιι.
3086 5560 3212 5630 929.
3267 5559 3493 5614 Rectius

1885 5628 2117 5710 dixisset
2140 5633 2335 5710 noster
2355 5628 2740 5710 quadraginta
2755 5634 2931 5710 pcto.
2967 5629 3298 5710 Baldericus
3332 5631 3494 5710 enim

1885 5701 2234 5785 episcopatui
2257 5701 2603 5785 trajectensi
2627 5703 2857 5774 praefuit
2880 5701 2961 5785 ab
2981 5719 3038 5758 a.
3070 5704 3322 5785 928-917.
3348 5703 3494 5785 llale

1883 5769 2062 5850 igitur
2077 5769 2335 5848 coniecit
2361 5769 2693 5849 'Wagnerus
2727 5787 2854 5835 ante
2897 5775 2969 5833 80
3003 5789 3192 5839 amics.
3233 5773 3497 5857 Fortasse
3557 5769 3564 5778 ’
