3892 6214
442 443 572 500 H95

1416 427 1786 486 THIETMARI
1819 421 2394 484 MERSEBURGENSI
2433 421 2748 486 EPISCOPI

3613 429 3746 492 tl96

436 563 524 625 lis,
543 577 670 618 sero
691 559 764 614 ad
785 555 893 613 ista
925 559 983 610 et
1011 553 1084 608 ad
1113 549 1416 606 meliora“
1437 551 1768 620 respiciens,
1795 549 2030 603 animae-
2052 556 2108 611 Α
2131 566 2285 604 anno
2315 549 2479 618 regni
2525 549 2733 604 suimet
2767 549 2822 604 '7.
2875 557 2944 592 ιοδ
2998 553 3080 606 19.
3117 549 3404 606 Kalendas
3436 553 3740 610 Februarii

436 668 546 724 que
576 646 920 705 memoriam
971 643 1284 698 salutarem
1335 639 1491 694 nullo
1525 638 1700 693 modo
1737 654 2028 693 exercens.

433 742 743 810 Postquam
769 737 964 807 pastor
987 730 1220 786 effectus
1249 744 1398 788 sum,
1429 727 1892 797 docuisubjectos
1909 743 2028 780 ver-

434 829 520 884 bis
548 830 799 890 tantum,
822 825 880 878 et
909 837 1024 877 non
1058 817 1358 890 exemplis.
1403 817 1764 871 Extrinsecus
1793 815 2034 886 apparui

433 917 642 987 bonus,
672 912 950 969 interiora
976 909 1194 964 violans
1236 905 1498 978 pessimis
1543 904 2030 976 cogitationibus;

435 1007 506 1060 de
529 1001 831 1060 immundo
855 999 1076 1056 semine
1107 997 1439 1066 conceptus,
1467 995 1768 1048 volutabar
1798 993 1855 1048 in
1890 994 2032 1060 luto,

437 1099 496 1149 ut
526 1091 830 1148 immunda
867 1105 979 1144 sus.
1015 1086 1174 1142 Dicat
1199 1083 1440 1156 aliquis:
1471 1083 1610 1137 Male
1654 1082 1895 1136 laudasti
1931 1085 1984 1136 te
2018 1080 2032 1134 l

437 1183 524 1237 cui
554 1179 880 1252 respondeo
911 1191 1111 1230 verum
1158 1172 1268 1226 hoc
1325 1188 1466 1238 esse,
1501 1171 1655 1242 quod
1686 1171 2034 1225 deteriorem

437 1287 532 1325 me
565 1268 756 1324 nescio
777 1275 844 1322 π.
872 1263 1086 1320 Idcirco
1116 1277 1208 1316 me
1241 1260 1316 1313 sic
1345 1275 1544 1330 arguo,
1575 1262 1638 1312 ut
1677 1259 1885 1328 agnitis
1914 1260 2035 1312 vul-

435 1358 670 1414 neribus
689 1355 855 1416 meis,
883 1365 1178 1407 succurras
1202 1347 1344 1402 mihi
1369 1356 1414 1389 8°
1441 1345 1923 1402 medicationibus
1941 1364 2039 1401 ne-

436 1446 714 1511 cessariis,
742 1447 800 1498 et
827 1459 892 1497 ex
929 1455 1146 1512 magna
1175 1441 1341 1510 parte
1371 1453 1605 1491 consors
1635 1436 1750 1490 mei
1778 1435 1855 1490 sic
1881 1435 2036 1506 adju-

437 1554 532 1590 ves
560 1535 618 1590 in
642 1531 912 1588 omnibus
938 1545 1054 1594 me,
1082 1528 1228 1581 sicut
1251 1525 1390 1580 velis
1420 1525 1674 1580 exhiberi
1709 1540 1813 1595 pro
1844 1527 1922 1578 te.

513 1628 596 1679 11.
621 1623 689 1677 Et
713 1619 905 1674 inclita
929 1614 1270 1671 venerabilis
1299 1616 1462 1681 gesta
1490 1611 1775 1666 Mabtildis
1801 1620 1872 1679 οῖ,
1907 1629 2034 1683 quae

437 1716 567 1786 post
597 1724 887 1766 excessum
909 1703 1150 1760 senioris
1165 1701 1568 1771 suisumopere
1586 1700 1740 1766 fecit,
1763 1700 2034 1771 equidem

439 1800 630 1875 paucis
659 1792 1148 1867 comprehendam
1181 1787 1654 1846 adimitationem
1677 1789 1892 1842 bonam
1915 1789 2033 1848 (fol.

2133 638 2274 692 obiit
2299 647 2386 702 ιον,
2416 639 2501 691 cui
2538 639 2924 706 Bernhardus,
2957 639 3217 709 ejusdem
3246 642 3606 712 capellanus,
3628 659 3744 698 suc-

2133 726 2318 790 cessit,
2351 727 2496 780 sicut
2519 727 2571 780 ei
2598 727 2756 798 prius
2787 729 2874 781 vir
2899 732 3130 783 sanctus
3176 730 3452 800 predixit.
3482 731 3744 806 Namque

2132 815 2178 867 is
2209 815 2302 868 diu
2327 816 2590 870 infirmus
2621 816 2774 871 videt
2795 834 2852 870 1n
2888 819 3127 883 somnis,
3157 817 3312 890 quod
3343 820 3622 876 baculum
3654 837 3743 892 pa-

2133 905 2406 957 storalem
2435 921 2464 956 e
2492 904 2757 959 manibus
2786 905 2901 960 suis
2915 907 3177 980 elapsum
3206 907 3580 962 Bernhardus
3595 925 3741 980 pone

2135 1009 2380 1063 sequens
2410 994 2658 1047 elcvaret
2689 997 2746 1047 et
2791 994 2846 1048 in
2882 999 3084 1066 aperto
3129 999 3409 1066 portaret.
3450 997 3526 1050 Et
3545 1013 3743 1068 exper-

2136 1079 2358 1150 giscens
2384 1081 2604 1134 vocavit
2627 1097 2765 1134 eum
2798 1079 2872 1134 ad
2903 1097 2983 1148 se,
3028 1081 3225 1136 dicens
3255 1102 3273 1138 :
3311 1083 3462 1138 Vade
3507 1084 3583 1138 ad
3627 1103 3745 1140 car-

2137 1177 2238 1222 tem
2271 1185 2498 1237 regiam,
2521 1185 2732 1222 sumens
2753 1186 2945 1223 ex'mea
2966 1179 3124 1240 parte
3147 1171 3382 1242 quaelibi
3406 1177 3518 1225 sint
3547 1173 3620 1226 ad
3641 1173 3743 1228 hac

2135 1259 2451 1324 necessaria,
2487 1265 2534 1310 et
2563 1260 2777 1328 nequire
2801 1260 3039 1326 gratiam
3060 1267 3109 1312 et
3139 1260 3404 1320 duritiam
3432 1261 3513 1314 ibi
3553 1265 3746 1331 optime

2136 1346 2445 1413 valentium,
2490 1354 2554 1400 ut
2582 1347 2682 1402 tibi
2737 1347 2891 1400 liceat
2937 1349 3048 1402 sine
3099 1350 3249 1402 omni
3293 1351 3588 1420 oﬂ‘ensione
3611 1351 3746 1405 mihi

2134 1435 2418 1490 succedere.
2456 1435 2759 1490 Providebit
2787 1438 2927 1491 enim
2954 1437 3064 1490 haec
3091 1439 3278 1493 omnia
3317 1439 3421 1492 tibi
3457 1447 3531 1480 ω’
3579 1438 3743 1496 Deus.

2133 1523 2316 1576 dilecte
2342 1524 2424 1591 ﬁli
2443 1523 2464 1576 ,ν
2493 1524 2754 1579 Edictum
2787 1525 2966 1580 amati
2995 1525 3238 1580 senioris
3267 1525 3610 1581 obeditione
3640 1527 3744 1580 hu-

2137 1611 2257 1664 mili
2283 1612 2642 1666 Bernhardus
2674 1629 2805 1667 mox
2839 1615 3156 1686 complens,
3185 1615 3326 1668 dum
3349 1631 3383 1668 a
3403 1630 3547 1686 rege
3567 1615 3742 1670 Hein-

2136 1699 2252 1754 rico
2306 1705 2710 1767 reverteretur,
2761 1703 3045 1772 comperit
3089 1703 3392 1758 dominum
3444 1705 3661 1758 suimet
3689 1708 3743 1758 et

2137 1791 2360 1860 patrem
2395 1789 2465 1842 de
2531 1789 2638 1844 hac
2686 1791 2812 1844 luce
2854 1790 3144 1845 tricesimo
3195 1791 3584 1846 ordinationis
3631 1808 3742 1846 sua!

439 1872 492 1962 tl)
519 1886 780 1943 fidelibus
809 1881 1052 1948 cunctis;
1089 1879 1222 1952 quia
1259 1880 1456 1932 sancta
1504 1879 1609 1942 est,
1647 1878 1710 1930 ut
1757 1872 2108 1948 scripturaB
2137 1892 2292 1930 anno
2340 1876 2413 1930 ad
2457 1877 2744 1932 Christum
2795 1879 3107 1950 migrasse;
3155 1883 3214 1934 et
3261 1896 3396 1934 mox
3437 1881 3750 1952 repedans,

439 1979 608 2034 docet
623 1972 833 2040 (Maeli.
866 1987 960 2034 xu,
985 1971 1096 2034 46),
1128 1969 1186 2021 et
1207 1965 1450 2020 salubris
1477 1963 1772 2036 cogitatio,
1806 1981 1910 2036 pro
1937 1965 2040 2022 de-

439 2066 649 2124 functis
669 2078 835 2119 orare
847 2063 905 2116 et
925 2055 1258 2114 elemosinis
1273 2053 1695 2109 absolutionem
1726 2053 1837 2108 hiis
1861 2063 1906 2097 ⁸ο
1929 2055 2041 2110 im-

427 2148 688 2230 petrare.
726 2149 993 2222 Legimus
1036 2145 1198 2219 quod
1238 2152 1284 2186 οδ
1341 2141 1508 2198 unius
1551 2141 1757 2213 captivi
1794 2142 2036 2212 vincula,

440 2262 613 2320 quem
643 2253 690 2286 οο
720 2256 864 2296 uxor
887 2255 990 2293 sua
1009 2239 1216 2308 putans
1238 2235 1535 2288 mortuum
1558 2231 1796 2286 assiduis
1829 2250 2042 2304 procu-

439 2335 583 2391 ravit
605 2321 876 2402 exequiis,
918 2325 1093 2380 tocies
1138 2323 1517 2384 solverentur,
1557 2321 1791 2392 quocies
1835 2337 1938 2392 pro
1971 2339 2039 2379 eo

441 2419 820 2492 acceptabiles
838 2418 956 2470 Deo
984 2411 1134 2486 patri
1155 2409 1357 2464 hostiae
1386 2418 1454 2450 10°
1480 2408 1552 2463 ab
1583 2417 1650 2450 ίοι
1673 2425 1742 2463 ea
1760 2409 2038 2466 offerren-

439 2516 535 2567 ιω»
564 2519 655 2576 ωε,
689 2512 750 2562 ut
778 2507 897 2576 ipse
928 2503 978 2556 ei
1011 2502 1140 2574 post
1172 2496 1390 2558 retulit,
1436 2513 1565 2550 cum
1597 2496 1839 2551 domum
1877 2515 2039 2554 suam

439 2600 586 2655 liber
607 2595 818 2653 revisit.
843 2592 960 2647 Hoc
978 2587 1244 2658 exemplo
1275 2584 1492 2639 domna
1518 2585 1894 2650 Mahtildism,
1918 2587 2040 2644 viro

439 2687 652 2742 suimet
680 2681 908 2738 vinculo
937 2678 1369 2733 momentaneaa
1399 2671 1602 2727 mortis
1623 2673 2040 2744 depresso,suc-

439 2773 638 2841 currit,
663 2786 781 2826 non
814 2769 1001 2823 solum
1032 2761 1397 2835 pauperibus,
1412 2776 1608 2815 verum
1633 2761 1818 2817 eciam
1844 2765 2041 2820 avibus

441 2864 652 2918 victum
671 2855 1116 2914 subministrans
1137 2851 1300 2920 (171).
1325 2850 1853 2922 Congregationem
1902 2869 2041 2924 quo-

439 2969 553 3024 que
579 2941 1112 3005 sanctimonialium
1161 2939 1219 2994 in
1273 2938 1366 2994 die
1420 2937 1710 2994 tricesima
1759 2939 1817 2994 in
1867 2957 2039 3014 supra

439 3039 768 3096 memorata
795 3033 938 3090 urbe
965 3028 1184 3095 statuit,
1212 3031 1270 3082 et
1293 3027 1426 3082 huic
1447 3031 1731 3098 quantum
1763 3029 1836 3083 ad
1862 3029 2040 3085 victus

437 3133 498 3185 et
525 3127 610 3183 sui
639 3125 870 3182 vestitus
918 3118 1239 3177 necessaria
1281 3117 1642 3188 suppetebat,
1677 3134 1744 3172 ex
1773 3135 1875 3174 sua
1903 3135 2040 3190 pro-
2066 3142 2113 3201 ο

437 3217 706 3290 prietate,
735 3209 1103 3268 laudantibus
1131 3208 1242 3263 hoc
1260 3205 1472 3262 suimet
1498 3205 1651 3274 ﬁliis,
1673 3208 1953 3262 concessit
1982 3214 2040 3264 et

438 3303 666 3376 scriptis
683 3298 1048 3359 confirmavit
1077 3296 1246 3365 (172).
1284 3296 1565 3351 Asserunt
1604 3297 1868 3351 nonnulli
1899 3313 2041 3352 ean-

438 3395 574 3450 dem
603 3393 713 3449 hoc
741 3403 1048 3462 sumopere
1078 3385 1177 3441 diu
1206 3384 1431 3438 enisam
1457 3391 1526 3425 ίοί
1555 3383 1748 3450 fuisse,
1772 3385 1929 3456 quod
1943 3385 2038 3456 ju-

439 3482 570 3539 nior
591 3481 742 3537 ﬁlius
769 3479 981 3535 suimet
1011 3473 1319 3530 Heinricus
1349 3472 1528 3544 patris
1557 3472 1755 3528 sedem
1785 3474 2038 3544 posside-

438 3574 547 3628 ret.
577 3570 692 3626 Sed
715 3570 826 3625 hoc
854 3569 1026 3632 Deus,
1051 3564 1262 3619 electos
1288 3561 1393 3617 sibi
1411 3561 1484 3616 ad
1504 3577 1864 3633 unaquaeque
1887 3579 2043 3618 sem-

435 3676 540 3732 per
581 3655 1003 3731 prteordinans,
1050 3649 1258 3715 noluit,
1289 3665 1393 3702 nec
1425 3651 1781 3703 summatum
1821 3650 2044 3721 optima

435 3764 568 3820 pars
597 3743 889 3802 consensit
909 3749 999 3807 ίοε,
1031 3739 1131 3794 sed
1163 3736 1396 3792 racione
1413 3735 1683 3807 prudenti
1709 3739 1767 3791 et
1792 3737 1924 3793 ideo
1953 3739 2039 3794 fa-

435 3835 541 3892 cile
571 3831 857 3898 suadenti,
886 3830 1010 3884 hzec
1037 3824 1314 3880 merentis
1328 3823 1546 3894 reginae
1579 3823 1840 3881 animum
1869 3829 2038 3898 paulo

434 3923 631 3980 minus
660 3939 696 3978 a
723 3916 1022 3992 proposito
1053 3910 1382 3978 declinavit,
1403 3913 1464 3965 et
1491 3911 1624 3968 huic
1663 3921 1732 3956 ιοο
1758 3913 2039 3972 Bawarios

434 4011 510 4067 ad
530 4008 814 4065 tuendum
843 4002 1039 4076 apcius
1069 3998 1370 4071 assignari,
1403 4000 1703 4072 prehabito
1756 4003 1862 4060 sibi
1899 4009 2036 4062 nato

435 4096 668 4167 majori,
695 4091 1002 4150 consuluit.

509 4187 592 4240 12.
627 4183 742 4253 (fol.
776 4182 868 4252 10)
915 4181 1081 4235 Anno
1123 4179 1428 4234 dominicae
1453 4180 1871 4238 incarnationis
1910 4186 2035 4240 723.

433 4271 760 4330 indiccione
790 4271 852 4326 II.
889 4268 1056 4342 regni
1082 4270 1277 4324 autem
1307 4269 1480 4340 primi
1510 4287 1662 4343 regis
1710 4271 1956 4328 Heinrici
1982 4276 2034 4327 5.

433 4359 776 4418 venerabilis
799 4357 1173 4430 Sigimundus
1194 4361 1532 4425 l07,sanctee
1551 4360 2037 4418 Halverstidensis

433 4448 670 4506 uselesiee
692 4448 931 4504 antistes
950 4448 1158 4515 sextus,
1180 4447 1252 4504 ab
1277 4449 1519 4504 Arnulfo
1537 4463 1674 4521 rege
1701 4448 1778 4504 ibi
1793 4450 2033 4522 positus,

2137 1965 2378 2036 predicu
2408 1965 2563 2036 regis
2584 1983 2848 2033 munere,
2872 1969 3026 2040 quod
3048 1969 3320 2040 postulat,
3351 1969 3748 2041 consequitur.

2141 2053 2394 2108 Positum
2420 2059 2505 2108 est
2535 2058 2728 2110 autem
2759 2072 2968 2127 corpus
2997 2056 3202 2128 prefati
3239 2057 3484 2128 presulis
3515 2059 3575 2112 in
3623 2059 3754 2112 dex-

2141 2145 2265 2195 tera
2295 2146 2454 2212 parte
2486 2143 2680 2200 altaris
2730 2144 2933 2198 Christi
2995 2146 3424 2216 protomartiris
3477 2146 3539 2200 in
3569 2147 3754 2219 gradu

2141 2231 2456 2301 prejacenli
2487 2240 2579 2294 ιιο,
2612 2237 2673 2286 ut
2716 2232 2836 2303 ipse
2885 2237 3059 2288 antea
3100 2235 3583 2306 premonstravit,
3637 2251 3753 2290 non

2133 2318 2404 2390 jacendo,
2428 2319 2528 2374 sed
2549 2336 2724 2390 supra
2753 2321 3088 2376 cathedram
3119 2322 3400 2390 sedendo,
3431 2339 3676 2394 sperans
3695 2339 3753 2378 se

2141 2409 2368 2479 patroni
2399 2409 2608 2464 suimet
2647 2409 3059 2468 intercessione
3089 2417 3288 2468 sancta
3309 2419 3367 2469 et
3383 2413 3749 2468 benediccio-

2143 2514 2214 2551 ne
2245 2497 2585 2552 sacerdotali
2615 2501 3030 2570 perpetualiter
3060 2502 3294 2558 muniri.

2216 2590 2298 2640 13.
2333 2585 2449 2655 μοι.
2489 2587 2880 2651 lO.)Qualiter
2911 2590 3239 2646 misericors
3254 2591 3750 2662 Deusprediclum

2095 2667 2104 2679 ’
2141 2691 2340 2746 regem
2367 2674 2425 2728 in
2449 2675 2650 2730 diebus
2675 2677 2788 2731 suis
2812 2679 3145 2750 respexerit,
3178 2680 3446 2752 quamvis
3476 2679 3553 2735 de
3567 2679 3752 2736 Pierio

2139 2761 2300 2816 fonte
2333 2763 2482 2835 (173)
2510 2763 2591 2818 nil
2619 2781 2895 2836 umquam
2927 2767 3434 2834 biberim,cunctis
3455 2771 3658 2822 tamen
3681 2777 3749 2810 ιω

2139 2850 2403 2905 fidelibus
2433 2849 2814 2907 innotescam.
2837 2853 2962 2908 Fuit
2981 2855 3041 2910 in
3071 2854 3325 2910 occiduis
3345 2856 3613 2927 partibus
3629 2857 3750 2928 qui-

2139 2937 2270 2992 dam
2288 2955 2404 3009 rex,
2429 2941 2500 2995 ab
2524 2941 2728 2996 incolis
2742 2943 2876 2998 Karl
2903 2942 3027 3010 Sot,
3045 2943 3100 2998 id
3127 2947 3212 2998 est
3227 2943 3495 3007 stolidus,
3521 2945 3737 3000 ironice

2137 3027 2320 3083 dictus
2351 3037 2441 3096 ιιι,
2465 3029 2562 3102 qui
2592 3031 2664 3085 ab
2692 3048 2806 3086 uno
2857 3032 3068 3087 suimet
3095 3032 3307 3088 ducum
3341 3034 3500 3106 (174)
3529 3039 3750 3108 captus,

2138 3118 2390 3172 tenebris
2409 3117 2722 3175 includitur
2745 3122 3144 3178 carceralibus.
3176 3123 3270 3177 Hic
3301 3123 3560 3178 Heinrici
3593 3126 3740 3196 regis

2139 3207 2340 3273 nostri,
2375 3209 2600 3279 nepotis
2631 3212 2826 3264 autem
2857 3210 2964 3278 sui,
3007 3210 3304 3281 inplorans
3344 3213 3629 3268 auxilium
3663 3222 3748 3282 ιιι,

2139 3295 2432 3351 dexteram
2458 3297 2665 3352 Christi
2693 3299 2949 3354 martiris
2969 3299 3228 3369 Dionisii,
3262 3305 3322 3356 et
3351 3318 3488 3356 cum
3524 3319 3595 3357 ea
3623 3319 3745 3358 om-

2140 3401 2212 3440 ne
2232 3401 2480 3456 regnum
2513 3387 2940 3456 Luthariorum,
2963 3389 3008 3444 si
3036 3389 3107 3444 ab
3138 3406 3206 3445 eo
3239 3389 3616 3461 liberaretur,
3646 3391 3750 3448 sibi

2140 3474 2490 3530 traditurum
2519 3477 2896 3532 sacramentis
2924 3478 3190 3549 promisit
3217 3483 3394 3548 (175).
3431 3481 3546 3536 Nec
3567 3499 3748 3547 mora,

2140 3561 2370 3618 inclitus
2389 3563 2554 3620 miles
2577 3565 2964 3622 invictricibus
2975 3585 3034 3622 se
3051 3568 3228 3624 armis
3246 3567 3735 3642 circumcingens,

2140 3651 2468 3724 proximum
2521 3653 2888 3710 laborantem
2948 3655 3156 3725 visitet,
3218 3661 3277 3712 et
3324 3659 3385 3713 in
3442 3659 3746 3730 erepcione

2139 3740 2262 3810 ejus
2305 3757 2370 3795 ac
2417 3742 2784 3798 restitucione
2833 3743 3042 3816 dignus
3094 3749 3368 3816 operator
3413 3747 3747 3802 mercedem

2139 3846 2302 3884 suam
2332 3831 2676 3902 promeruit,
2703 3837 2762 3888 et
2799 3833 3083 3889 honorem
3125 3835 3440 3907 pristinum
3467 3836 3583 3892 sibi
3614 3836 3750 3892 suis-

2139 3935 2250 3990 que
2278 3920 2692 3977 successoribus
2718 3921 2776 3976 in
2804 3925 3033 3979 tantum
3063 3925 3314 3980 adauxit.

2213 4009 2295 4064 14.
2330 4007 2443 4064 Sed
2469 4008 2605 4082 quia
2623 4010 2799 4066 homo
2827 4013 3213 4086 unusquisque
3239 4016 3560 4087 proclivior
3580 4013 3750 4072 estad

2137 4095 2474 4165 labendum,
2497 4115 2672 4171 quam
2703 4103 2911 4155 natura
2939 4102 3150 4157 suimet
3177 4105 3482 4160 muniatur
3502 4106 3580 4161 ad
3596 4109 3744 4162 stan-

2137 4183 2300 4252 dum,
2331 4202 2509 4258 quam
2531 4186 2938 4245 miserabiliter
2965 4189 3070 4246 iste
3099 4192 3279 4248 semel
3311 4192 3645 4266 deliquerit,
3672 4194 3743 4250 ad

2135 4275 2424 4330 terrorem
2451 4277 2509 4330 et
2538 4276 2612 4332 ad
2626 4277 3000 4334 devitandum
3018 4279 3126 4350 piis
3138 4297 3257 4336 non
3271 4285 3594 4339 taceam.ln
3607 4299 3746 4340 cena

2137 4362 2370 4418 Domini
2401 4363 2572 4420 nimis
2595 4365 2933 4435 inebriatus,
2971 4367 3032 4423 in
3071 4371 3334 4440 sequenti
3383 4377 3558 4428 nocte
3591 4373 3750 4428 uxori

2139 4469 2254 4508 suae
2284 4454 2532 4509 multum
2567 4455 2916 4528 repugnanti
2943 4456 3226 4516 diabolico
3246 4461 3748 4524 instinctuinlicite

1752 4619 1980 4676 VARLE
2017 4621 2310 4680 LECTION
2317 4624 2418 4680 ES.

501 4737 559 4806 fl,
588 4727 848 4806 etadm.
873 4725 1000 4806 add.
1037 4729 1064 4806 l_
1095 4725 1144 4779 ὸ.
1187 4733 1259 4806 ’σε
1297 4799 1307 4806 _
1321 4725 1584 4806 aliquem
1605 4725 1730 4806 add.
1777 4731 1872 4806 1ο.
1933 4736 1978 4771 ’⁷
2041 4731 2373 4806 machtildis
2406 4736 2425 4788 1
2463 4752 2516 4788 a.
2551 4736 2875 4792 mechtildis
2909 4743 2928 4794 l
2964 4756 3012 4798 c.
3073 4751 3120 4784 οδ
3181 4747 3247 4798 ut
3279 4749 3298 4800 1
3339 4765 3392 4802 α,
3436 4758 3484 4792 oo
3518 4753 3596 4806 ίια
3631 4755 3648 4804 ί
3688 4750 3740 4804 ι),

429 4801 692 4879 άεὼιυρι.
734 4807 804 4842 ιοο
844 4797 1067 4879 ostiasl
1100 4814 1158 4879 a._
1185 4795 1402 4879 hostias
1421 4795 1452 4850 'l
1495 4797 1542 4879 b_.
1569 4796 1806 4879 hestie‘l
1842 4817 1888 4854 c.
1932 4808 1999 4842 ιοί
2040 4801 2252 4879 habeo
2278 4807 2308 4879 1
2345 4819 2402 4858 α.
2447 4813 2515 4846 ιοι
2557 4805 2943 4864 otfererentur
2982 4795 3011 4866 1⁷
3045 4831 3098 4869 a.
3133 4795 3492 4876 offerrentur

431 4871 626 4930 offerri
663 4871 1160 4961 procurarentpnl
1196 4884 1244 4923 ε.
1285 4875 1356 4961 ξοδ
1393 4867 1800 4961 m‘ac‘htildisll;
1823 4888 1877 4952 αξ
1912 4871 2318 4961 mechtildis}.
2347 4891 2400 4961 ρ.
2431 4884 2501 4961 if“
2539 4893 2591 4931 e.
2637 4894 2848 4961 erasum
2879 4883 2955 4961 .1,
2995 4891 3062 4925 io:
3087 4867 3742 4961 ‘sﬁrﬁ'QEZﬁilhgiu;

429 4961 562 5027 νειῖε
591 4939 870 5036 “sum”
895 4945 946 4995 2-
988 4947 1058 5024 “‘3
1085 4939 1248 5036 ,δυειο
1281 4942 1300 4992 ί
1336 4955 1388 5036 α;
1715 4943 1743 5036 1
1771 4941 1819 5036 ’1-
2216 4946 2403 5036 *°°,9b.-
2437 4939 3340 5036 {trag-Wst"imlme
3364 4939 3746 5036 δῖτεῖάῑιςξιῑιῑ

429 5008 588 5072 ἱιηίετι
609 5014 760 5068 linea
785 5011 1139 5088 superscripta
1163 5010 1404 5088 fuerant.
1444 5017 1514 5051 ίοο
1551 5008 1678 5088 (ιάιίἒ
1714 5013 1735 5065 1
1775 5011 1824 5066 b.
1869 5021 1938 5055 11°
1968 5013 2030 5088 in_
2049 5031 2105 5086 g.
2135 5031 2192 5086 p.
2225 5015 2351 5088 add.
2383 5020 2403 5072 1
2435 5018 2484 5074 b.
2525 5026 2592 5062 ιιι
2633 5021 2709 5076 ita
2741 5025 2774 5078 2
2800 5023 2856 5074 in
2893 5008 3092 5080 codice”
3115 5008 3604 5088 ‘ifi'iiie'r'iéi'lzi
3619 5008 3742 5088 ἐἶιίῖ

429 5051 588 5072 αιιισσι
609 5051 756 5068 unum
785 5051 1139 5084 σαμε-ισνστυυ-
1163 5051 1404 5080 ,www-u-
1551 5051 1677 5064 νυν-νυ.
1717 5051 1735 5065 ι
1775 5051 1824 5066 νο
1869 5051 1932 5055 ---
1969 5051 2025 5068 ιιι
2049 5051 2105 5086 5.
2136 5051 2192 5086 γ.
2225 5051 2351 5070 ww.
2386 5051 2403 5072 ι
2435 5051 2484 5074 υ.
2526 5051 2592 5062 --ι
2633 5051 2709 5076 uu
2742 5051 2774 5078 ι.
2800 5051 2856 5074 ιιι
2893 5051 3069 5080 cumcos
3123 5051 3164 5082 ι.
3226 5051 3368 5084 "uer
3399 5051 3501 5087 rex
3547 5051 3597 5088 et
3683 5051 3742 5088 Ill

428 5093 570 5170 tam:
586 5101 737 5170 paene
760 5081 1048 5170 versiculus
1070 5087 1372 5170 erasus'es‘t,
1403 5097 1557 5170 quem
1579 5081 1762 5170 eadem
1785 5101 1909 5170 gite
1931 5085 2050 5170 cod:
2085 5090 2117 5142 2
2146 5087 2302 5170 verba
2331 5089 2681 5170 continuisse,
2737 5109 2801 5147 ex
2851 5098 3022 5164 spatio
3049 5100 3332 5158 verisimile
3365 5103 3452 5170 ﬁt.
3495 5051 3746 5161 νοσαῖιι-

429 5159 540 5214 lum
569 5151 642 5213 ab
673 5163 723 5212 et
749 5155 947 5214 ultima
969 5153 1241 5209 sententia:
1260 5151 1436 5208 littera
1465 5169 1492 5206 s
1508 5159 1718 5223 patent.
1782 5151 1853 5197 ﬁt

1926 5157 2000 5212 ita
2031 5159 2050 5211 1
2090 5173 2137 5212 c.
2172 5158 2390 5214 aulium
2425 5165 2443 5214 l
2480 5178 2532 5214 η.

1979 5278 2207 5336 ΝΟΤᾸΕ.

498 5392 646 5462 (171)
679 5393 740 5450 V.
773 5393 970 5448 Vitam
996 5389 1299 5462 Matbildjs,
1329 5405 1460 5462 cap.
1497 5392 1553 5462 4.

503 5460 653 5546 (172]
675 5463 1088 5546 Monasterium
1119 5461 1176 5516 S.
1209 5460 1452 5546 servat—ii
1495 5461 2029 5546 Quedlipburgi.nv.

429 5532 837 5606 [undationem
863 5532 1124 5606 ejusdem
1162 5535 1381 5606 a.__9_37,_
1395 5533 1556 5606 Sept.
1578 5536 1667 5606 13.
1695 5536 1823 5606 Ipsa
1837 5532 2034 5592 civitas

433 5603 828 5684 Quedlinburg
855 5601 968 5684 fuit
992 5601 1341 5684 in_d.otali‘tiq
1361 5601 1669 5684 Mathildis.
1681 5601 1920 5684 reginae.
1967 5608 2028 5684 γ.

435 5673 664 5730 chartas
679 5671 843 5744 regis
872 5671 1125 5730 Heinrici
1153 5688 1209 5732 a.
1241 5675 1368 5740 929,
1415 5673 1575 5748 Sept.
1606 5676 1693 5744 16,
1725 5671 1784 5732 et
1808 5677 2033 5734 Ottonis

2135 5396 2503 5468 imperatoris
2535 5416 2590 5455 a.
2635 5400 2757 5466 961,
2788 5402 2896 5461 Jul.
2927 5407 3010 5462 15.

2204 5469 2352 5593 ἓ173)
2383 5469 2580 5526 Fontes
2600 5472 2786 5554 [fiet-ii.
2821 5473 2986 5530 Statii
3009 5476 3198 5531 silvar.
3226 5479 3268 5545 Ι,
3299 5479 3652 5552 Epithalam.
3681 5499 3740 5540 ν.

2129 5541 2185 5593 6.
2245 5581 2260 5593 .
2295 5542 2381 5593 30.
2415 5541 2476 5593 G.
2514 5541 2687 5593 Waltz
2714 5545 3068 5593 Jahrbﬁcher
3097 5547 3168 5593 ad
3202 5564 3256 5593 η-
3299 5552 3395 5593 99!
3436 5558 3497 5593 ιη
3545 5556 3646 5593 09.1

2295 5542 2381 5594 30.
2415 5541 2476 5595 G.
2514 5541 2687 5598 Waitz
2714 5545 3068 5601 Jahrbﬁcher
3097 5547 3174 5602 ad
3202 5541 3263 5604 a.
3299 5541 3397 5607 9Ξ1
3436 5558 3500 5607 et
3545 5556 3668 5610 923.

2201 5610 2352 5755 (174;
2370 5611 2665 5694 Heriberto
2677 5613 3136 5674 Viromandiensi
3151 5620 3390 5680 comite.
3416 5623 3559 5681 Wet.
3576 5619 3741 5683 iduk.

2203 5681 2324 5752 (175
2373 5682 2602 5742 Widuk.
2633 5686 2675 5755 Ι,
2708 5687 2797 5742 33.

2203 5681 2350 5755 (175)
2373 5682 2602 5742 Widuk.
2633 5686 2675 5756 1,
2708 5687 2797 5742 33.
