3892 6214
170 409 293 462 1197
1425 395 1777 453 CHRONICO

1884 396 2098 454 --LIB.
2128 395 2171 452 ι.
3318 405 3455 461 1198

166 530 493 601 conjunctus
516 530 620 581 est.
643 524 772 580 Hoc
792 523 1009 579 factum
1041 526 1243 579 auctor
1268 524 1414 579 tanti
1445 524 1674 579 sceleris
1696 528 1754 578 et
1772 529 1826 588 Α
1858 523 1961 578 dit.
1987 523 2281 595 Culpaque
2307 522 2614 578 amborum
2639 521 2748 578 hoc
2767 521 3024 579 evenisse
3046 522 3457 596 ingemiscens:

166 621 423 674 humanas
470 613 662 669 salutis
718 613 995 678 irretitor,
1028 611 1295 678 Satanas,
1326 612 1558 668 cuidam
1581 629 1752 668 vene-
1854 612 2071 681 Nonne,
2098 611 2574 684 inﬂt,predixi,ne
2601 614 2679 669 sic
2691 612 2937 683 faceres?
2977 611 3140 681 Ecce,
3174 616 3255 668 ira
3277 614 3386 671 Dei
3410 631 3465 669 se

167 705 351 762 rando:
371 704 448 759 sic
469 701 721 776 prodidit
739 704 1023 757 matrona:
1049 717 1062 755 :
1087 699 1329 757 Malitild
1351 709 1419 743 “8
1450 703 1632 771 regina
1653 719 1757 755 nu—
1856 701 2002 756 nobis
2050 701 2387 771 manifestat,
2428 707 2480 754 et
2506 717 2573 755 ne
2599 703 2675 757 sic
2697 700 2922 756 ulterius
2945 719 3190 772 agamus,
3214 703 3467 759 atrociter

161 813 249 867 per
265 795 478 848 hortatu
500 808 609 845 meo
631 789 874 845 maritali
900 792 1227 843 consentiens
1251 798 1319 831 ιιι
1344 790 1757 862 coluptati,con-
1858 797 2031 860 rogat.
2070 790 2358 846 Peccatum
2415 788 2510 844 tibi
2556 806 2813 860 magnum
2866 797 2940 844 est
2978 798 3069 856 ω,
3098 792 3306 862 injusta
3335 790 3471 844 mihi

166 885 287 955 cepit
318 881 507 951 ﬁlium,
531 879 657 950 (fol.
686 880 774 951 11)
799 880 910 932 sine
935 879 1083 932 omni
1098 877 1262 935 dubio
1283 895 1456 933 meum
1480 906 1494 941 ,-
1525 886 1574 933 et
1595 885 1653 932 tu
1673 879 1758 934 υἰ-
1854 883 2150 951 precipere,
2180 885 2231 933 et
2259 877 2802 944 milu',obedienciam
2836 878 2933 933 tibi
2958 879 3161 935 exibere
3189 887 3281 938 "7.
3306 882 3470 936 Post-

167 973 243 1037 de,
271 977 332 1024 ut
357 975 565 1023 tantum
593 969 788 1039 optime
814 967 942 1021 celes
971 968 1328 1022 commissum.
1351 967 1492 1021 Haec
1508 966 1759 1021 multum
1862 985 2037 1040 quam
2068 970 2262 1023 autem
2296 966 2484 1021 infans
2506 966 2850 1038 baptizatur,
2892 968 3047 1023 inter
3068 967 3471 1025 innocentium

171 1061 238 1115 ob
267 1059 369 1112 hoc
399 1059 550 1111 clam
584 1055 763 1110 tristis
788 1055 994 1110 effecta
1026 1063 1117 1123 ιιι,
1150 1054 1421 1126 predictae
1463 1055 1573 1110 hoc
1613 1056 1763 1109 cele-
1864 1071 2077 1127 agmen
2109 1055 2181 1110 de
2205 1055 2315 1109 hoc
2346 1054 2515 1109 exilio
2543 1053 2864 1110 deducitur.
2900 1056 3051 1111 Bene
3072 1056 3238 1112 estin
3272 1072 3473 1130 perpe-

170 1152 297 1202 riter
324 1144 695 1201 adnunciavit
718 1142 960 1215 regium,
994 1159 1363 1206 ammonens,
1423 1147 1485 1197 ut
1534 1158 1764 1213 semper
1862 1148 2031 1199 tuum
2068 1144 2165 1199 illo
2196 1152 2288 1210 ηε,
2318 1142 2415 1214 qui
2449 1142 2549 1197 tali
2591 1142 2770 1198 utitur
2824 1145 3153 1212 contectali,
3207 1161 3335 1218 quas
3364 1161 3470 1217 pro

172 1236 453 1307 episcopos
477 1236 650 1305 atque
684 1232 1033 1305 presbiter-os
1081 1248 1277 1286 secum
1327 1231 1587 1293 haberet.
1616 1236 1674 1285 et
1703 1231 1761 1285 in
1866 1236 2103 1289 absente
2130 1231 2570 1304 infatigabiliter
2600 1234 2729 1286 orat
2758 1232 2993 1300 marito,
3025 1238 3083 1288 et
3115 1238 3469 1307 presentem,

171 1324 281 1395 ipsa
295 1321 455 1396 pueri
474 1321 772 1376 nativitate
786 1320 930 1375 sacri
958 1319 1319 1392 baptismatis
1336 1319 1765 1374 undaablueret
1867 1324 2049 1378 oblita
2080 1339 2264 1389 sexus,
2292 1326 2355 1376 ut
2382 1337 2441 1376 se
2466 1320 2594 1391 (fol.
2630 1322 2712 1390 l2)
2748 1321 3053 1392 custodiat,
3086 1327 3330 1380 artatur.

170 1411 585 1485 quicquidmin
614 1426 683 1465 eo
708 1408 818 1464 sibi
843 1409 1116 1463 dilectum
1164 1416 1230 1450 ίιτ
1259 1408 1531 1463 accidisse
1562 1416 1630 1450 ιη
1663 1409 1762 1463 de-
1944 1416 2026 1466 15.
2059 1412 2135 1466 Eo
2170 1419 2238 1453 m
2269 1414 2555 1481 tempore,
2580 1425 2694 1481 quo
2718 1425 2892 1481 supra
2913 1415 3274 1467 memoratus
3291 1420 3362 1455 m
3376 1428 3475 1467 rex

173 1516 295 1555 mon
321 1499 606 1554 infaustus
621 1499 888 1569 jactaret.
925 1498 993 1551 Et
1022 1497 1101 1551 sic
1131 1498 1245 1552 Deo
1277 1505 1344 1538 ιη
1377 1497 1592 1568 gratias
1622 1497 1762 1568 egit.
1870 1510 1939 1544 no
1960 1500 2213 1556 maxime
2232 1499 2483 1571 vigebat,
2504 1498 2613 1554 fuit
2644 1498 2702 1554 in
2730 1500 2983 1555 Bawaria
3003 1500 3241 1572 quidam
3266 1509 3336 1544 ίιο
3364 1500 3478 1556 dux

173 1587 362 1643 Videns
393 1591 593 1642 autem
617 1586 875 1652 daimon,
894 1585 952 1639 id
977 1590 1063 1640 est
1086 1585 1285 1640 omnia
1313 1585 1583 1652 sciens,se
1600 1601 1763 1657 pror-
1871 1600 1938 1634 uo
1957 1589 2228 1644 Arnulfus
2254 1598 2323 1631 ηο
2354 1588 2615 1655 nomine,
2647 1590 2915 1661 precluus
2940 1588 2998 1643 in
3029 1592 3229 1645 mente
3258 1588 3479 1661 pariter

172 1694 255 1731 sus
278 1692 393 1732 esse
416 1674 993 1741 delusum,domnam
1018 1673 1334 1746 increpavit
1354 1689 1523 1744 supra
1548 1689 1767 1728 memo-
1870 1685 1927 1736 et
1977 1695 2220 1750 corpore
2270 1686 2339 1720 ιιο
2384 1677 2481 1749 qui
2543 1685 2613 1719 ιιο
2647 1693 2853 1733 omnes
2880 1678 3245 1752 episcopatus
3275 1678 3334 1734 in
3366 1678 3478 1734 hiis

174 1769 365 1832 ratam,
396 1764 539 1819 talia
556 1764 899 1818 subnectens
924 1780 935 1817 :
960 1761 1038 1816 Et
1055 1765 1102 1817 si
1132 1780 1247 1817 mea
1272 1780 1409 1815 nunc
1428 1769 1497 1815 sit
1529 1761 1769 1816 voluntas
1796 1837 1835 1841 _
1869 1767 2128 1841 partibus
2154 1766 2498 1822 constitutos
2555 1782 2656 1820 sua
2710 1766 3052 1821 distribuere
3094 1775 3163 1810 180
3194 1783 3378 1823 manu
3408 1776 3478 1810 13°

175 1855 267 1907 tuis
287 1853 559 1923 frustrata
591 1861 660 1895 "0
693 1851 1007 1922 blasfemiis,
1057 1858 1232 1906 tamen
1281 1853 1337 1905 in
1392 1851 1488 1904 hoc
1535 1850 1768 1921 profeci,
1796 1837 2221 1927 Béingularem
2276 1852 2479 1908 habuit
2534 1855 2920 1923 potestatem;
2978 1854 3075 1909 sed
3108 1872 3241 1910 cum
3269 1855 3360 1910 hic
3408 1864 3479 1898 uo

174 1943 302 2014 quod
316 1959 379 1996 cz
397 1959 453 1997 eo
476 1948 537 1996 et
555 1959 618 1995 ex
640 1941 882 1996 omnibus
917 1941 981 1996 de
1022 1939 1214 1994 lumbis
1244 1939 1477 2011 ejusdem
1514 1955 1772 2010 umquam
1872 1947 2003 2015 post
2031 1952 2101 1986 130
2125 1942 2315 1997 varios
2342 1950 2412 1983 1³0
2436 1940 2717 1995 Virtutum
2748 1940 2959 1996 suimet
3006 1947 3247 1998 ornatus
3299 1942 3480 1999 vitam

165 2030 624 2101 progredientibus
644 2047 936 2102 numquam
973 2030 1137 2083 deerit
1160 2045 1276 2083 mea
1297 2046 1465 2082 comes
1485 2028 1768 2095 discordia,
1872 2034 2022 2088 hanc
2051 2032 2272 2087 ﬁnisset,
2296 2038 2387 2096 ιιο⁷
2420 2045 2540 2084 non
2563 2037 2630 2071 ιιι
2654 2028 3074 2084 successoribus
3099 2038 3169 2073 uo
3211 2030 3326 2086 suis
3355 2033 3482 2088 ιεη,

175 2137 257 2174 nec
273 2122 556 2191 proveniet
583 2121 654 2173 eis
674 2136 788 2191 pax
813 2121 990 2188 ﬁrma.
1030 2118 1267 2173 Mendax
1290 2118 1384 2172 ille
1436 2122 1493 2172 et
1523 2116 1773 2171 veritatis
1872 2126 1998 2176 tum
2028 2119 2261 2191 reliquit
2298 2119 2610 2173 honorem.
2668 2116 2817 2181 Quin
2851 2125 2920 2159 ιιο
2952 2118 3142 2189 potius
3195 2127 3265 2161 180
3313 2135 3484 2191 reges

174 2209 421 2264 inimicus
444 2211 579 2264 haec
606 2225 709 2282 pro
740 2210 1034 2263 voluntate
1064 2224 1165 2262 sua
1194 2207 1354 2274 dixit,
1384 2210 1462 2274 et,
1494 2210 1557 2261 ut
1578 2223 1770 2278 spero,
1874 2208 2055 2266 nostri
2076 2211 2135 2263 et
2162 2207 2562 2277 imperatores,
2595 2205 2808 2260 summi
2839 2206 3099 2261 Hectoris
3157 2215 3228 2250 ιιο
3272 2207 3393 2263 vice
3422 2208 3484 2263 in

175 2314 277 2353 non
306 2313 409 2368 pro
436 2296 1060 2368 adimplecione.Multi
1080 2299 1275 2351 autem
1306 2296 1691 2362 afﬁrmant,ut
1711 2294 1769 2349 in
1872 2299 1980 2353 hac
2012 2305 2083 2339 ιιο
2112 2293 2589 2368 peregrinacione
2614 2293 2910 2365 prepositi,
2933 2294 3043 2349 hoc
3073 2295 3178 2351 soli
3205 2296 3487 2353 ordinant

172 2386 412 2458 sequenti
445 2386 676 2441 dictatu
707 2388 971 2458 apparet,
998 2384 1154 2456 quod
1185 2385 1287 2439 sub
1321 2385 1442 2455 ejus
1470 2386 1529 2438 et
1544 2382 1778 2437 ﬁliisui-

174 2479 283 2530 met
315 2474 688 2547 temporibus
717 2474 918 2528 crebra
945 2474 1111 2528 fieret
1145 2474 1548 2539 commotio,et
1566 2470 1774 2544 quietis

180 2580 337 2634 parva
365 2561 680 2621 certitudo.
713 2563 777 2616 In
799 2561 1001 2617 diebus
1016 2578 1148 2617 vero
1169 2561 1513 2633 hiis,quibus
1527 2576 1773 2633 regnare

180 2653 315 2724 cepit
335 2654 547 2707 tercius
569 2651 630 2706 in
659 2667 902 2706 numero
931 2651 1141 2705 ducum
1166 2651 1480 2705 Heinricus:
1512 2653 1571 2704 et
1596 2648 1652 2703 in
1680 2666 1774 2704 or—

181 2741 301 2796 dine
316 2740 790 2814 sceptriferorum
813 2739 1114 2807 secundus,
1142 2742 1277 2793 tunc
1292 2738 1390 2793 illa
1410 2739 1545 2793 silex
1564 2738 1772 2810 iniqui-

183 2830 300 2885 tatis
327 2829 572 2897 exaruit,
608 2834 665 2883 et
693 2828 848 2899 pacis
876 2828 1046 2883 bona;
1061 2828 1166 2883 flos
1186 2826 1378 2881 virens
1399 2826 1626 2896 enituit;
1651 2833 1709 2883 et
1728 2826 1773 2882 si

182 2919 306 2989 quid
330 2928 395 2963 1H
419 2918 715 2991 prioribus
744 2916 874 2972 huic
902 2925 969 2959 ω
992 2916 1177 2971 simile
1200 2915 1255 2970 in
1284 2916 1476 2988 aliquo
1503 2933 1658 2970 nunc
1682 2932 1773 2971 ac-

184 3007 325 3076 cidit,
354 3009 461 3064 hoc
485 3024 611 3063 non
634 3007 801 3079 culpa
829 3005 935 3070 sui,
969 3005 1069 3060 sed
1091 3004 1445 3076 instigatoris
1460 3004 1569 3059 fuit
1590 3003 1774 3077 impii.

1877 2396 1967 2453 180,
2000 2385 2325 2456 meritoque
2358 2399 2460 2454 pre
2498 2382 2701 2437 ceteris
2722 2382 3046 2454 pastoribus
3076 2384 3190 2440 suis
3224 2389 3484 2458 presunt,

1876 2475 2012 2548 quia
2036 2482 2106 2517 180
2122 2473 2511 2543 incongruum
2542 2479 2612 2513 ίθο
2638 2471 2813 2526 nimis
2835 2474 2942 2541 est,
2965 2474 3028 2526 ut
3046 2471 3148 2541 hii,
3171 2490 3315 2546 quos
3329 2472 3488 2528 Chrio

1876 2568 1993 2618 stus
2023 2562 2415 2618 suimemores
2439 2560 2608 2631 huius
2638 2568 2709 2603 ηο
2738 2563 2908 2615 terra:
2940 2569 3010 2603 1³0
3035 2560 3325 2634 principes
3346 2578 3490 2617 con-

1876 2652 2058 2708 stituit
2082 2650 2186 2706 sub
2216 2649 2407 2722 aliquo
2438 2649 2554 2704 sint
2579 2648 2835 2705 dominio
2883 2658 2952 2692 1³⁸
2992 2649 3207 2722 absque
3238 2658 3310 2693 m
3335 2649 3492 2723 (176)

1878 2757 2103 2808 eorum,
2143 2739 2240 2812 qui
2273 2740 2538 2812 exemplo
2595 2737 2824 2795 Domini
2868 2737 3301 2795 benediccionis
3331 2743 3389 2795 et
3418 2748 3490 2783 18°

1878 2846 2107 2887 coronae
2140 2837 2211 2871 “0
2239 2828 2429 2900 gloria
2449 2827 2722 2883 mortales
2743 2829 2978 2883 cunctos
3009 2829 3352 2900 procellunt.
3375 2831 3488 2884 Au-

1879 2918 1989 2974 divi
2012 2926 2083 2961 180
2104 2920 2304 2973 tamen
2329 2925 2398 2959 ίοο
2429 2916 2740 2971 nonnullos
2766 2924 2836 2958 1³0
2864 2916 2968 2971 sub
3000 2916 3236 2980 ducum,
3264 2917 3490 2990 etquod

1878 3008 2004 3079 plus
2047 3006 2239 3073 doleo,
2269 3004 2374 3059 sub
2406 3002 2685 3059 comitum
2717 3012 2787 3046 18°
2806 3006 3090 3076 potestate
3120 3013 3190 3047 180
3209 3021 3490 3077 magnam

184 3096 452 3168 Legimus,
506 3095 669 3169 quod
701 3095 901 3150 omnia
950 3099 1215 3166 tempora
1268 3092 1386 3156 (fol.
1428 3095 1511 3163 11)
1549 3096 1777 3165 tempus
1802 3113 1850 3172 ο
1878 3095 2158 3150 sustinere
2189 3092 2567 3156 calumniam,
2589 3092 2795 3165 quibus
2826 3092 2905 3147 nil
2932 3101 3002 3136 ίθο
3022 3093 3242 3149 licitum
3279 3103 3349 3137 1³0
3379 3098 3487 3164 est,

180 3185 381 3241 habent
402 3185 607 3249 (Eccle.
641 3200 726 3253 ιιι,
762 3184 832 3254 1),
860 3182 960 3238 sed
1002 3199 1120 3238 non
1143 3182 1363 3250 omnia,
1398 3181 1456 3235 id
1476 3183 1560 3235 est
1595 3197 1629 3236 a
1657 3181 1775 3235 Deo

182 3276 385 3329 nullum
406 3292 530 3330 esse
557 3272 716 3327 viciis
736 3274 927 3328 locum
954 3272 1026 3327 ab
1060 3270 1231 3326 inicio
1266 3270 1642 3325 constitutum
1671 3287 1686 3338 ;
1720 3273 1779 3325 et

184 3365 303 3434 quia
325 3364 614 3437 fragilitas
642 3362 829 3418 carnis
874 3362 997 3417 sine
1029 3360 1222 3433 aliqua
1278 3358 1625 3432 contagione
1658 3376 1777 3414 non

181 3453 316 3507 valet
335 3470 477 3519 esse,
502 3470 538 3508 a
571 3451 910 3523 capitalibus
930 3467 987 3504 se
1017 3448 1359 3505 criminibus
1380 3447 1690 3514 abstineat,
1723 3449 1781 3502 et

183 3538 235 3593 iu
264 3539 791 3612 sollempnitatibus
816 3547 884 3581 ηδ
902 3537 1177 3593 universis
1194 3536 1548 3591 mundiciam
1570 3537 1775 3590 servet.

183 3627 235 3682 ln
260 3629 532 3701 legitimis
565 3626 1045 3698 conjuncionibus
1078 3643 1195 3681 non
1221 3642 1342 3680 esse
1373 3624 1648 3680 delictum
1675 3625 1777 3679 ali-

184 3719 346 3788 quod.
396 3719 689 3790 scriptura
732 3719 975 3771 testatur
1027 3714 1080 3786 (1
1129 3713 1253 3772 Cor.
1288 3731 1384 3777 vn,
1414 3715 1539 3785 28);
1585 3715 1642 3768 et
1668 3713 1781 3768 hoc

183 3822 302 3861 cum
317 3806 722 3862 observatione
746 3804 1122 3860 festivitatum
1148 3804 1490 3868 honoratur,
1532 3806 1590 3857 et
1624 3803 1780 3857 nulla

183 3896 407 3965 periculi
432 3893 779 3950 inminentis
803 3894 1053 3965 procella
1077 3892 1364 3948 turbatur.
1388 3891 1475 3947 Ad
1504 3892 1626 3947 haec
1651 3908 1781 3947 am-

184 3983 319 4053 plius
340 3982 726 4056 approbanda
764 3999 942 4037 unum
985 3981 1216 4053 profero
1262 3981 1613 4053 exemplum.
1644 3980 1779 4044 Qui-

185 4071 311 4127 dam
343 4073 446 4142 vir,
482 4071 610 4128 Uffo
644 4072 903 4138 nomine,
932 4070 1066 4127 civis
1110 4080 1178 4113 αι
1215 4068 1780 4143 Magadaburgensis,

185 4159 355 4216 nimia
383 4162 667 4217 ebrietate
699 4160 1113 4231 compulsus,in
1137 4162 1338 4215 sancta
1352 4158 1783 4231 sollempnitate

185 4256 249 4290 ηε
269 4252 675 4319 lnnocentum,
698 4250 1010 4322 conjugem
1040 4265 1204 4304 suam
1237 4249 1527 4304 Gelsusam
1550 4263 1785 4303 consen-

183 4336 283 4392 tire
311 4339 415 4394 sibi
446 4339 658 4412 coegit,
692 4355 819 4411 quin
847 4338 1051 4393 eadem
1082 4340 1251 4392 nocte
1294 4353 1328 4391 a
1378 4336 1498 4391 viro
1551 4336 1786 4407 alligata

1880 3183 1986 3238 nisi
2011 3182 2168 3254 quod
2199 3182 2371 3236 seculi
2394 3182 2752 3237 amatoribus
2772 3182 3219 3255 prodest.lmpia
3234 3200 3490 3257 namque

1877 3275 2130 3343 potestas
2167 3287 2299 3326 cum
2330 3273 2448 3327 Deo
2479 3270 2538 3325 id
2554 3270 2963 3326 consenciente
2994 3275 3150 3328 recte
3174 3272 3491 3329 dominan-

1882 3365 1964 3415 tes
1991 3360 2224 3433 premit,
2259 3359 2497 3415 dilatata
2526 3358 2865 3413 crudelitate
2895 3375 3029 3415 mox
3059 3360 3223 3418 furit.

1953 3449 2044 3504 16.
2074 3449 2196 3512 (fol.
2223 3448 2306 3509 13)
2331 3449 2392 3501 In
2422 3446 2642 3518 palacio
2664 3446 2910 3519 predicti
2963 3448 3120 3502 reﬂis
3157 3448 3365 3505 accidit
3399 3467 3494 3506 res

1881 3556 1996 3594 una
2026 3537 2328 3593 mirabilis.
2359 3538 2421 3591 In
2437 3539 2749 3609 conspectu
2781 3535 2963 3591 tocius
2992 3537 3190 3608 populi
3211 3541 3495 3610 presentis

1881 3626 2118 3699 quidam
2144 3624 2470 3693 cani5,dum
2489 3623 2718 3679 eminus
2736 3624 2963 3679 hostem
2986 3641 3154 3679 suum
3175 3626 3493 3682 conseden-

1880 3719 2001 3771 tem
2025 3716 2388 3787 agnosceret,
2418 3711 2657 3785 propius
2682 3711 2983 3780 accedens,
3016 3711 3313 3769 dexteram
3345 3715 3498 3786 ejus-

1883 3804 2015 3859 dem
2039 3802 2245 3876 rapido
2276 3818 2473 3858 morsu
2513 3817 2580 3856 ex
2607 3799 2897 3874 inproviso
2919 3801 3232 3872 abstraxit;
3264 3805 3496 3875 etquasi

1882 3893 2103 3964 optime
2142 3891 2393 3960 fecisset,
2449 3890 2633 3946 cauda
2683 3888 3092 3946 reverberante
3121 3907 3257 3946 mox
3299 3891 3494 3950 rediit.

1883 3980 2223 4036 Mirantibus
2252 3980 2361 4036 hoc
2374 3980 2593 4035 cunctis
2618 3983 2677 4034 et
2694 3979 3011 4034 admodum
3025 3980 3406 4053 stupentibus.
3423 3982 3496 4038 ab

1881 4071 1993 4126 hiis
2015 4071 2191 4127 miser
2219 4071 2285 4137 is,
2311 4072 2450 4143 quid
2466 4070 2694 4140 fecerit,
2717 4069 3496 4142 interrogatur.0uibusilico

1885 4160 2208 4231 respondit,
2255 4159 2448 4215 divina
2488 4159 2717 4215 ulcione
2743 4159 2802 4214 id
2829 4159 2935 4215 sibi
2967 4160 3178 4218 merito
3217 4162 3497 4232 evenisse,

1886 4252 1945 4304 et
1969 4247 2373 4321 prosequitur:
2397 4246 2609 4317 Inveni,
2630 4247 2921 4320 inquiens,
2937 4251 3136 4319 virum,
3163 4250 3324 4323 hujus
3347 4253 3500 4308 canis

1886 4338 2182 4404 dominum,
2216 4336 2354 4405 fesso
2379 4352 2593 4409 corpore
2630 4336 2997 4400 dormientem,
3033 4346 3081 4394 et
3112 4340 3304 4410 infelix
3327 4341 3501 4399 occidi

186 4443 301 4494 suo,
334 4428 539 4484 cumin
558 4444 814 4499 congruo
846 4431 1110 4500 tempore
1139 4428 1370 4498 pareret
1395 4424 1700 4492 infantem,
1728 4423 1787 4479 in
1889 4444 2031 4495 eum,
2056 4425 2251 4480 multas
2275 4431 2401 4480 tunc
2425 4424 2490 4480 ab
2522 4427 2639 4494 isto,
2666 4443 2755 4498 qui
2789 4443 2873 4481 me
2898 4427 3050 4482 modo
3086 4428 3225 4495 lesit,
3255 4445 3501 4499 persecu-

185 4516 415 4586 pedibns
461 4517 677 4589 digitos
727 4517 1041 4572 habentem
1073 4520 1342 4583 retortos,
1371 4515 1668 4587 obstupuit
1692 4523 1783 4584 ιη,
1816 4567 1869 4589 ἢ
1894 4522 2002 4570 tore
2019 4514 2451 4586 impugnaciones
2468 4530 2785 4585 perpessus,-
2814 4522 2865 4569 et
2892 4532 3047 4586 quem
3078 4521 3190 4570 tum
3227 4518 3324 4572 vix
3351 4520 3502 4577 evasi

187 4567 412 4586 ιτ--ηη
466 4567 674 4589 mom-
727 4567 1041 4572 ———v—-v-—-
1076 4567 1342 4583 -νη-ηη
1377 4567 1466 4571 νη-
1768 4567 1783 4584 ι
2084 4567 2103 4586 ι
2165 4567 2234 4584 υτ
2284 4567 2297 4570 ~
2411 4567 2414 4568 ν
2468 4567 2487 4585 ι
2522 4567 2530 4569 ν
2563 4567 2582 4585 ι
2728 4567 2783 4582 γι
2823 4567 2858 4569 κ-
3235 4567 3317 4572 η-
3354 4567 3497 4577 nm.

186 4607 519 4662 etaccersito
534 4605 798 4678 protinus
818 4605 890 4661 ad
903 4622 963 4661 se
980 4603 1574 4676 marito,miraculum
1592 4606 1789 4659 osten-
1816 4567 1870 4627 Β
1890 4618 2036 4661 nunc
2065 4606 2169 4660 ista
2198 4618 2412 4674 sperans
2436 4619 2652 4674 prorsus
2693 4602 2882 4670 oblita,
2935 4602 3213 4673 calcabilis
3268 4610 3497 4665 occurri.

1504 4709 1732 4765 νΑΒΙιΕ
1763 4708 2164 4767 LECTIONES.

254 4813 318 4847 ιη
350 4801 628 4859 mechtild
661 4806 678 4858 1
714 4820 756 4858 c.
796 4810 864 4844 ιη
892 4801 1154 4857 manitali
1186 4801 1437 4857 sentiens
1468 4804 1510 4873 1
1539 4815 1593 4855 a.
1631 4806 1700 4873 11f
1738 4798 2022 4873 effectum
2054 4802 2073 4854 1
2126 4816 2183 4855 a.
2215 4797 2305 4853 sed
2336 4814 2395 4853 m
2420 4814 2630 4853 erasum
2650 4803 2709 4855 et
2731 4799 3415 4873 litterwusuperscriptum
3442 4821 3498 4862 a.

190 4878 348 4958 {uita
444 4880 498 4929 2.
520 4891 597 4958 ne
625 4874 914 4958 quidcorr.
1057 4873 1217 4958 falso.
1258 4872 1642 4958 ii7‘delictum
1666 4869 1721 4958 2ἔ
1752 4870 2192 4958 u{accidisset}
2216 4888 2273 4958 ἐ.
2386 4878 2467 4958 ,ιη
2505 4872 2777 4958 populat
2804 4879 2959 4958 $1.110
2984 4869 3405 4958 frustata‘l.‘m
3438 4892 3500 4958 q.

192 4952 235 5003 1.
264 4948 473 5017 sapius.
516 4953 586 4986 ιη
625 4940 759 5001 add.
798 4950 819 5001 1
858 4946 906 5017 b.
950 4954 1018 5017 με
1057 4940 1298 5016 sollepn.
1331 4948 1380 5017 l_.
1426 4942 1672 5017 mcives
1698 4945 1718 4996 1
1744 4951 1900 5017 ξίφη
1915 4944 1972 4998 in
1987 4960 2032 4997 s.
2066 4960 2110 4997 s.
2148 4945 2180 5017 l_
2210 4942 2261 4998 b.
2292 4940 2635 5017 in'loco'raso
2668 4940 3045 5017 {gtobstipuit
3096 4946 3156 5017 Δ1.
3207 4940 3506 5017 obstupuit

189 5022 209 5071 1
244 5035 287 5073 c.
325 5012 399 5059 ἱετ
441 5033 562 5071 non
593 5034 624 5071 e
657 5020 752 5071 la.
790 5024 857 5058 1³⁸
886 5016 966 5071 illi
1003 5019 1019 5071 l
1051 5033 1098 5070 c.
1127 5017 1154 5071 ‘2
1200 5012 1289 5057 339
1330 5014 1397 5068 In
1419 5013 1600 5086 codice
1634 5018 1695 5086 l.
1722 5013 1848 5084 folii
1902 5018 1988 5083 l2,
2039 5012 2180 5086 quod
2227 5013 2383 5067 verba
2431 5031 2449 5066 :
2489 5012 2776 5086 custodiat
2823 5012 2986 5086 usque
3039 5012 3126 5086 ad
3173 5030 3308 5070 mox
3359 5012 3507 5075 furit

186 5088 536 5143 nocemdecim
566 5088 796 5142 versibus
823 5090 1073 5154 continet,
1111 5103 1288 5141 versus
1342 5085 1563 5139 sedecim
1605 5083 1812 5157 priores
1868 5083 2117 5139 truncdta
2174 5086 2420 5154 margine
2470 5083 2658 5157 mutili
2683 5089 2851 5157 sunt.
2883 5083 3015 5149 Quae
3067 5084 3299 5157 abscissa
3349 5095 3502 5157 sunt,

189 5101 536 5143 nocemaecim
566 5101 796 5142 versibus
823 5101 1073 5154 continet,
1111 5103 1288 5141 versus
1342 5101 1563 5139 seaeczm
1589 5101 1812 5207 (priores
1868 5101 2117 5139 truncata
2174 5101 2420 5154 margine
2470 5101 2655 5137 mutui
2683 5101 2831 5138 sunt.
2883 5101 3015 5149 qua:
3067 5101 3299 5141 abscissa
3349 5101 3502 5157 sunt,

189 5175 247 5213 ex
272 5159 444 5213 codice
474 5164 527 5213 2.
561 5158 932 5229 supplevimus.
975 5158 1108 5215 Post
1137 5158 1233 5212 hoc
1252 5163 1411 5226 caput
1442 5158 1496 5208 in
1527 5170 1585 5209 co
1634 5196 1643 5205 .
1682 5159 1702 5208 1
1728 5154 1857 5224 folii
1890 5160 1953 5210 l2
1984 5170 2141 5211 versa
2171 5161 2221 5209 et
2249 5156 2512 5229 sequentis
2543 5159 2687 5207 recta
2715 5156 2923 5223 pagina
2952 5171 3124 5229 vacua
3152 5156 3348 5229 rvlicta
3377 5167 3453 5214 est
3486 5177 3503 5227 ;

186 5230 270 5302 sed
292 5247 456 5302 neque
483 5224 631 5302 deesi
650 5224 957 5302 quicquam,
979 5245 1147 5302 neque
1174 5224 1648 5302 manusmutatur.
1692 5232 1763 5302 ξδο
1804 5230 1999 5302 oratus
2030 5242 2150 5302 rex,
2173 5224 2568 5302 dam‘duxar,
2603 5238 2847 5302 corpore
2907 5226 3038 5302 qui,
3061 5227 3345 5284 stribuere
3378 5224 3507 5299 ma,

189 5300 235 5371 ic
264 5293 391 5371 post
422 5299 568 5366 vari,
599 5293 798 5355 δέἰιοιὶ
824 5293 952 5367 suc,
975 5293 1073 5356 uin
1105 5299 1327 5371 potius,
1343 5295 1423 5371 ris
1454 5296 1572 5349 vice
1602 5294 1663 5371 in
1690 5293 1823 5371 hac,
1858 5295 2065 5371 dinant
2093 5294 2261 5359 meri,
2292 5294 2432 5371 quia
2461 5293 2770 5371 incongru,
2804 5293 2974 5371 huius
3024 5300 3241 5371 terras,
3281 5293 3508 5357 ominio

191 5362 418 5444 absque,
448 5373 507 5425 et
537 5362 789 5438 coronae,
820 5371 894 5425 ivi
922 5362 1122 5425 tamen
1143 5362 1461 5444 uomitum
1485 5380 1582 5436 po,
1624 5363 1659 5417 il
1688 5364 1727 5418 li
1760 5362 1827 5422 ea:
1854 5370 1907 5422 2.
1943 5373 2010 5408 ιιι
2043 5366 2120 5418 ita
2147 5362 2501 5434 supplendum
2528 5362 2803 5423 esse'locns
2831 5370 2861 5422 3
2882 5362 3086 5424 litteris
3114 5370 3391 5442 sufﬁciens
3424 5375 3510 5430 in-

193 5440 352 5512 dicat,
378 5457 776 5498 successorum
797 5458 1034 5498 suorum
1062 5440 1203 5497 nulli
1228 5443 1283 5497 2.

1755 5540 1984 5600 NOTAE.

265 5648 408 5723 (176)
434 5648 487 5719 1,
518 5666 566 5704 e.
597 5650 1012 5721 praeterquam.
1044 5649 1177 5707 Uns.
