3892 6214
447 445 570 504 1211

1413 437 1798 502 THIETMARI
1836 435 2450 502 MERSEBURGENSIS
2479 440 2792 503 EPISCOPI

3624 447 3760 500 1212

411 557 418 566 ’
449 569 639 622 morte
671 565 1002 621 turbaretur
1033 563 1131 620 ﬁlii
1164 563 1374 619 suimet
1400 574 1466 607 ω
1509 565 1740 620 illustris
1769 565 2045 637 Sigifridi,
2069 571 2122 628 Α
2144 567 2354 639 risque,
2388 565 2485 638 qui
2516 565 2574 620 in
2607 559 3085 636 Quidilingeburg
3133 561 3386 619 eundem
3419 571 3494 606 m
3522 566 3668 619 tunc
3705 565 3761 620 in

440 655 686 710 Romam
716 670 984 726 pergens,
1005 653 1280 708 emeritus
1292 654 1416 724 jam
1445 671 1638 721 senex,
1663 670 1857 709 coram
1879 655 2043 708 altari

407 763 414 770 -
437 741 711 815 principis
732 743 1124 813 apostolorum
1152 742 1303 796 Petri
1327 757 1491 795 arma
1519 741 2048 812 deposuitviclricia

440 842 534 901 υι,
557 837 615 888 et
644 833 792 904 apud
824 833 1108 886 domuum
1123 832 1499 903 apostolicum
1530 833 1708 886 sancti
1730 832 2050 902 impetrans

440 924 740 978 brachium
769 921 993 984 Ciriaci,
1023 922 1096 976 ad
1119 924 1295 976 Deum
1325 938 1453 978 cum
1474 922 1632 977 omni
1657 922 2045 977 suimethere-

442 1012 619 1067 ditate
649 1010 926 1082 confugit.
963 1010 1333 1082 Patriamque
1361 1010 1637 1077 revisens,
1696 1010 1813 1065 nati
1842 1011 2053 1065 suimet

437 1100 694 1164 viduam,
726 1100 882 1172 prius
908 1100 1176 1163 velatam,
1213 1099 1569 1154 monasterio
1594 1098 1649 1154 in
1677 1099 1740 1172 (f.
1775 1100 1861 1169 23)
1883 1100 2048 1166 saltu,

444 1189 598 1261 quod
628 1205 728 1244 suo
756 1189 1021 1259 signatur
1053 1187 1290 1242 nomine
1321 1196 1414 1256 ω,
1454 1190 1810 1255 constructo,
1843 1187 2050 1243 Hathui

439 1280 724 1343 vocatam,
754 1275 953 1330 statuit
978 1275 1351 1343 abbatissam,
1397 1293 1430 1330 a
1478 1275 1811 1330 Bernhardo
1851 1293 2051 1330 conse-

441 1367 664 1419 oratam
693 1365 981 1437 episcopo.
1019 1362 1396 1435 Firmatisque
1425 1363 1512 1418 his
1569 1364 1857 1432 omnibus,
1889 1363 2049 1418 'fclici

442 1453 548 1508 hos
565 1454 725 1508 obitu
753 1451 1024 1524 preccssit
1057 1456 1138 1508 13.
1172 1453 1294 1506 Kal.
1332 1453 1506 1518 Junii,

516 1543 601 1596 14.
631 1541 760 1605 (An.
793 1542 913 1611 965)
938 1543 1260 1612 Imperator
1287 1545 1480 1596 autem
1507 1543 2050 1614 compertalugubri

443 1629 644 1684 matris
673 1633 729 1684 et
760 1629 859 1684 ﬁlii
891 1632 1349 1702 casterorumqne
1369 1647 1505 1685 nece
1524 1631 1851 1704 principum
1877 1633 2049 1703 (273),

444 1718 605 1792 gravi
636 1719 896 1790 queritur
925 1735 1154 1774 merore
1177 1718 1504 1774 invincibile
1521 1719 1701 1774 tocius
1717 1721 1796 1774 rei
1811 1721 2050 1792 publicae

445 1807 747 1861 damnum.
783 1808 1074 1879 Urguebat
1105 1823 1238 1861 eum
1264 1807 1336 1860 ad
1360 1808 1466 1860 hoc
1491 1807 1668 1862 timor
1695 1809 1898 1864 mortis
1925 1826 2052 1880 pro-

443 1895 694 1967 pinquae,
728 1899 786 1950 et
815 1896 970 1968 quod
999 1896 1116 1950 Deo
1147 1895 1314 1950 rebus
1345 1895 1611 1966 promisit
1643 1897 1700 1951 in
1726 1898 1942 1951 ancxiis
1958 1907 2049 1967 213,

445 1985 734 2053 oportuno
753 1987 887 2038 tunc
899 1985 1191 2055 complere
1209 1983 1423 2039 studuit
1447 1993 1517 2027 ἰι
1540 1984 1597 2039 in
1621 1988 1904 2059 tempore.
1928 1987 2048 2040 Ele-

445 2072 599 2125 ctum
617 2089 868 2144 namque
882 2077 1130 2128 acuncto
1153 2077 1364 2128 sanctas
1378 2073 1850 2128 Halverstidensis
1862 2077 2051 2129 azccle-

439 2158 538 2213 siaa
563 2159 717 2215 clero
748 2163 806 2214 et
823 2162 1058 2233 populo.
1091 2162 1501 2226 Hilliwardum,
1535 2165 1669 2216 tunc
1691 2163 2048 2234 prepositum

443 2251 504 2302 et
523 2247 788 2304 adomno
821 2251 1030 2304 suimet
1058 2250 1389 2304 Bernhardo
1416 2250 1486 2304 ad
1511 2250 1616 2304 hoc
1631 2252 2048 2323 presignatum,

445 2339 692 2394 Romam
716 2339 910 2394 venire
943 2339 1217 2411 precepit.
1237 2339 1494 2411 Cumque
1517 2341 1746 2400 eodem.
1771 2342 1924 2414 quod
1953 2342 2048 2397 diu

442 2428 680 2494 latebat,
713 2431 997 2483 secretum
1021 2428 1232 2482 mentis
1252 2429 1510 2496 revolvit,
1535 2430 1747 2485 scilicet
1766 2431 2046 2487 facturam

443 2532 502 2570 se
530 2515 589 2570 in
616 2515 754 2570 urbe
771 2516 1240 2587 Parthenopolita
1251 2517 1802 2588 archiepiscopatum
1821 2536 2051 2592 semper

445 2603 726 2658 studuisse
755 2604 928 2675 (274),
961 2605 1035 2658 ob
1080 2622 1241 2677 spem
1293 2605 1786 2662 remuneracionis
1815 2613 2047 2664 maternae

443 2691 958 2764 defensionemque
979 2693 1304 2748 communis
1341 2693 1541 2767 patriae
1573 2695 1738 2766 (275),
1772 2713 1945 2769 seque
1975 2698 2047 2752 ad

445 2779 665 2848 omnia,
699 2795 1077 2852 quascumque
1109 2797 1386 2854 umquam
1420 2784 1492 2838 ab
1523 2800 1592 2838 eo
1623 2783 1926 2857 expetisset
1953 2795 2046 2858 ³η,

442 2867 712 2940 promisit
749 2873 1039 2939 paratum,
1072 2869 1116 2924 si
1147 2865 1500 2927 consentiret
1528 2872 1753 2929 sibihoc
1773 2873 2048 2946 perficere

438 2959 658 3013 votum.
691 2957 790 3012 Hic
814 2960 1030 3025 autem,
1061 2963 1122 3013 ut
1149 2963 1275 3014 erat
1303 2961 1549 3030 sapiens,
1603 2962 1711 3033 piae
1749 2963 2050 3018 conivebat

443 3054 516 3088 ἰο
549 3045 852 3118 peticioni;
895 3050 1236 3122 partemque
1285 3049 1625 3122 parrochiae,
1675 3068 1803 3125 quae
1832 3052 1939 3106 sita
1966 3057 2050 3108 est

443 3135 597 3190 inter
617 3151 781 3192 aram
802 3144 872 3178 ﬂ"
890 3141 948 3192 et
965 3137 1155 3193 Albim
1175 3142 1230 3192 et
1259 3139 1472 3194 Badam
1495 3148 1565 3182 m
1591 3141 1877 3206 ﬂuvios,et
1892 3143 2047 3197 insu-
2082 3165 2130 3224 ο

444 3239 550 3295 per
577 3232 646 3266 ω
680 3224 853 3292 viam,
886 3243 1013 3298 qua:
1046 3226 1339 3282 Fritherici
1367 3227 1595 3296 dicitur,
1630 3231 1746 3284 Deo
1770 3230 2050 3286 concessit

443 3316 758 3386 sanctoque
789 3314 1053 3370 Mauricio
1075 3332 1140 3371 ac
1165 3317 1607 3388 mimperatori.
1633 3321 1870 3391 Insuper
1891 3319 2044 3374 idem

443 3401 737 3458 caritative
787 3407 1022 3477 rogatus
1061 3422 1096 3460 a
1151 3421 1343 3461 cesare
1400 3411 1664 3478 augusto,
1714 3407 1870 3463 dedit
1927 3409 2045 3464 Deo

443 3493 759 3564 sanctoque
774 3493 1080 3549 Laurentio
1096 3495 1461 3567 parrochiam
1468 3495 1758 3566 jacentem
1773 3496 1926 3551 inter
1939 3497 2046 3552 flu-

442 3577 564 3634 vios
592 3579 896 3636 Willerbizi
922 3585 981 3637 et
1009 3583 1222 3637 salsum
1235 3599 1397 3638 mare
1419 3587 1476 3638 et
1493 3583 1684 3638 Salam
1704 3600 1772 3638 ac
1801 3584 2047 3638 Unstrcd

442 3669 502 3722 et
529 3667 808 3724 Helmana
837 3672 896 3724 et
921 3670 1171 3736 foveam,
1204 3687 1332 3743 quae
1379 3673 1463 3727 est
1503 3671 1664 3741 juxta
1699 3671 2046 3726 Valeshusun

444 3764 517 3799 πο
529 3759 698 3828 (276).
709 3757 829 3813 Tali
843 3775 1084 3815 munere
1096 3758 1416 3830 imperator
1427 3758 1708 3826 arridens,
1724 3775 1829 3830 per
1843 3776 2050 3815 manus

444 3845 693 3918 suscepit
729 3846 1004 3913 eundem,
1044 3862 1358 3918 curamque
1377 3845 1426 3900 ei
1451 3846 1652 3900 bacqu
1677 3847 2050 3904 committens

441 3935 826 4006 pastoralem:
896 3935 1116 4005 Accipe,
1193 3933 1340 3998 inﬁt,
1387 3936 1632 4006 precium
1683 3937 1825 4007 (277)
1869 3938 2049 4009 patris

444 4023 566 4076 tui!
589 4031 659 4064 ω
683 4022 842 4076 Hunc
872 4021 1052 4089 enim,
1073 4021 1300 4076 Ericum
1322 4022 1582 4091 nomine,
1607 4040 1738 4079 cum
1767 4026 2044 4094 Baccone,

445 4109 824 4176 Herimanno,
857 4107 1218 4179 Reinwardo,
1247 4110 1488 4180 Wirino,
1519 4113 1744 4168 Eserico
1784 4124 1856 4156 m
1877 4118 2044 4170 caete-

2147 656 2358 727 pascha
2373 655 2617 709 solemni
2636 654 2895 708 occidere
2927 654 3308 714 conabantur.
3337 653 3617 708 decollari
3642 671 3766 726 pre-

2147 743 2297 814 cepit
2325 743 2468 812 (278)
2511 743 2697 797 Avum
2713 747 2904 796 autem
2925 758 3121 797 meum
3135 741 3374 796 nomine
3397 741 3759 796 Liutharium

2154 833 2289 892 (279)
2328 831 2585 901 ejusdem
2622 831 2840 885 consilii
2873 829 3763 904 participem,1ibenterperdere

2150 921 2356 987 voluit;
2389 921 2488 975 sed
2516 920 2621 974 sibi
2646 919 3016 975 familiarium
3038 919 3293 974 devictus
3322 919 3566 974 consilio
3603 919 3760 992 prin-

2150 1009 2364 1078 cipum,
2389 1011 2624 1079 captum
2667 1009 2818 1062 hunc
2833 1008 3144 1062 misittunc
3157 1007 3474 1062 Bawariam
3487 1007 3565 1062 ad
3582 1009 3760 1063 comi-

2151 1101 2267 1152 tem
2303 1098 2656 1164 Bertoldum,
2685 1097 3118 1170 comprehensis
3143 1096 3251 1151 sibi
3267 1105 3339 1139 ﬁt
3358 1097 3639 1152 omnibus
3655 1097 3763 1150 sui-

2153 1190 2273 1240 met
2303 1187 2472 1240 rebus
2501 1203 2565 1241 ac
2600 1187 2713 1240 late
2753 1194 2819 1228 ηί
2855 1185 3188 1256 distributis,
3223 1201 3403 1256 usque
3441 1185 3502 1238 in
3543 1202 3762 1240 annum

2153 1275 2442 1346 integrum
2461 1293 2474 1343 ;
2493 1279 2744 1347 tuncque
2761 1275 3008 1345 gratiam
3031 1274 3182 1346 regis
3200 1278 3374 1329 etsua
3405 1275 3614 1329 omnia
3637 1291 3764 1329 cum

2154 1381 2366 1435 magna
2379 1364 2622 1436 pecunia
2643 1369 2700 1418 et
2722 1364 2919 1435 predio
2945 1363 3002 1418 in
3027 1363 3396 1418 Sonterslevo
3421 1366 3478 1416 et
3498 1363 3562 1417 in
3581 1363 3764 1418 Vodev

2153 1471 2394 1526 nesvege
2429 1453 2572 1525 (230)
2593 1452 2808 1524 jacenti
2839 1452 3152 1526 acquisivit.
3207 1452 3320 1506 Sed
3355 1454 3598 1522 ceptum
3659 1453 3766 1506 iter

2153 1559 2449 1615 peragam.
2482 1545 2804 1614 Imperator
2818 1541 3037 1597 vocavit
3050 1541 3120 1596 ad
3133 1558 3193 1596 se
3211 1539 3542 1595 Richarium
3555 1583 3570 1605 ,
3583 1541 3767 1612 Maga-

2152 1631 2773 1700 daburgensisecclesie
2786 1631 3054 1685 abbatem
3077 1629 3426 1699 tercium,—
3440 1645 3580 1682 nam
3600 1631 3765 1684 Anno

2151 1723 2209 1773 et
2237 1719 2505 1787 Otwinus,
2557 1723 2692 1774 tunc
2753 1718 3003 1790 episcopi
3038 1720 3204 1784 v28l),
3236 1718 3590 1789 prefuerunt
3619 1717 3672 1771 ei
3701 1747 3767 1756 —

2153 1809 2347 1862 volens
2366 1807 2516 1862 hunc
2537 1807 2820 1872 dignitate
2835 1805 3174 1861 sacerdotali
3193 1807 3471 1861 decorare
3517 1805 3641 1860 Sed
3655 1805 3768 1859 visa

2152 1896 2401 1966 quadam
2425 1895 2685 1967 epistola,
2703 1913 2829 1967 qum
2849 1895 3169 1949 clanculum
3187 1893 3289 1948 sibi
3304 1903 3374 1936 ἰι
3390 1893 3768 1949 deferebatur

2153 1984 2366 2049 omisit,
2398 1984 2456 2046 (f.
2491 1986 2604 2052 24.)
2634 1984 3171 2055 λἘῑῙΙΘΠἸΘΐῐυῐηίίυΘ
3201 1991 3294 2041 m.
3321 1982 3766 2051 Treverensem,

2153 2073 2509 2144 professione
2544 2073 2920 2138 monachum,
2954 2071 3054 2126 sed
3076 2070 3292 2126 Rusciaa
3323 2070 3482 2143 prius
3511 2079 3590 2114 ³³1
3612 2071 3765 2126 ordi-

2151 2167 2351 2217 natum
2377 2162 2660 2233 presulem
2685 2163 2824 2226 (282)
2839 2163 2895 2214 et
2912 2161 3045 2214 hinc
3061 2177 3094 2214 a
3115 2159 3430 2232 gentilibus
3459 2160 3762 2230 expulsum

2151 2261 2242 2319 ηι,
2273 2252 2345 2306 ad
2375 2250 2899 2322 archiepiscopatus
2927 2250 3174 2322 apicem,
3229 2249 3499 2304 inclitum
3532 2253 3762 2319 patrem

2151 2345 2208 2395 et
2237 2357 2339 2411 per
2363 2339 2560 2394 omnia
2591 2333 2898 2410 probatum
2943 2354 3099 2392 anno
3149 2337 3461 2420 dominicas
3492 2337 3760 2392 incarna-

2151 2429 2329 2484 cionis
2359 2430 2484 2492 9'70,
2538 2429 2680 2494 [968]
2773 2430 2834 2482 15
2892 2428 3013 2481 Kal.
3075 2426 3381 2480 Novembr.
3445 2426 3760 2498 apostolica

2151 2515 2490 2572 auctoritate
2515 2515 2804 2586 promovit
2864 2515 3021 2570 Tunc
3069 2515 3228 2570 misit
3269 2530 3405 2569 eum
3453 2514 3530 2569 ad
3565 2513 3758 2570 sedem

2150 2623 2312 2661 suam
2325 2622 2454 2660 cum
2473 2621 2687 2677 magno
2704 2603 3277 2676 honore,precipiens
3288 2602 3579 2658 universis
3590 2602 3759 2658 Saxo-

2149 2695 2260 2749 niie
2278 2693 2457 2768 princi
2466 2694 2717 2765 pibus,ut
2735 2693 3059 2766 proximum
3071 2693 3264 2748 natale
3279 2691 3514 2748 Domini
3530 2709 3668 2746 cum
3693 2708 3756 2746 eo

2150 2787 2342 2838 essent
2374 2783 2539 2850 (283).
2561 2782 3034 2854 Archiepiscopus
3065 2784 3258 2836 autem
3288 2797 3322 2835 a
3351 2782 3510 2835 clero
3537 2783 3602 2836 et
3630 2796 3759 2836 om-

2150 2873 2208 2928 ni
2237 2874 2448 2945 populo
2471 2871 2777 2943 magnifice
2795 2875 3106 2942 susceptus,
3129 2871 3184 2926 in
3209 2870 3298 2924 his
3311 2869 3538 2924 festivis
3563 2870 3756 2924 diebus

2150 2960 2499 3016 consecravit
2532 2961 2836 3026 Bosonem,
2867 2957 3349 3032 Merseburgensis
3387 2967 3464 3001 ἰο
3485 2957 3753 3014 ecclesia

2149 3052 2436 3123 pastorem
2470 3048 2723 3121 primum
2776 3056 2870 3116 ³³⁷,
2902 3047 3317 3114 Burchardum,
3349 3047 3661 3102 Misnensis
3691 3053 3756 3088 ω

2149 3138 2401 3194 mcclesie
2425 3138 2779 3209 provisorem
2793 3137 3049 3209 primum
3071 3145 3164 3204 υτ,
3186 3137 3534 3208 Hugonem,
3551 3136 3757 3209 episco-

2149 3244 2286 3300 pum
2313 3235 2382 3269 ἰι
2424 3227 2764 3282 Citicensem
2784 3235 2856 3268 ω
2878 3227 3133 3298 primum
3154 3233 3248 3284 υτ.
3282 3226 3758 3298 Havelbergensis

2149 3315 2422 3371 ecclesias
2435 3315 2733 3371 custodem
2758 3315 3012 3388 primum
3033 3321 3103 3357 υτ
3129 3314 3237 3369 hiis
3248 3313 3560 3369 Tudonem
3593 3331 3756 3388 coap-

2148 3405 2308 3471 tavit,
2342 3404 2499 3477 prius
2527 3407 2927 3460 consecratum
2953 3421 2966 3458 :
3017 3419 3218 3458 omnes
3274 3403 3381 3458 hos
3411 3411 3509 3471 ³³0,
3541 3405 3755 3475 subjec~

2148 3494 2372 3550 cionem
2431 3493 2535 3547 sibi
2593 3493 2821 3564 suisque
2869 3493 3274 3562 promittentes
3316 3492 3755 3556 successoribus,

2150 3582 2424 3654 disposita
2455 3581 2692 3653 singulis
2721 3580 3041 3653 quibusque
3073 3579 3378 3653 parrochia
3403 3581 3640 3652 speciali
3669 3589 3753 3634 ηε.

2151 3671 2390 3726 Additus
2409 3670 2591 3724 esthis
2607 3668 2990 3724 confratribus
3011 3667 3551 3740 Brandeburgensis
3577 3669 3755 3724 eccle-

2153 3760 2248 3815 sim
2276 3759 2496 3832 primus
2522 3767 2592 3802 ἰτ
2626 3761 2821 3830 pastor
2842 3756 3207 3812 Thietmarus
3223 3765 3293 3799 ιιι
3317 3759 3467 3830 (284)
3490 3761 3626 3813 ante
3657 3757 3755 3812 hoc

2151 3851 2356 3903 unctus
2384 3857 2476 3917 2³2,
2510 3850 2568 3902 et
2608 3847 2846 3915 Jordan,
2879 3845 3180 3918 episcopus
3207 3845 3622 3900 Posnaniensis
3649 3845 3752 3917 pri-

2153 3954 2283 3992 mus
2310 3944 2402 3990 υτ.

2221 4029 2305 4081 15.
2333 4025 2514 4098 Opere
2533 4023 2790 4096 precium
2821 4027 2926 4090 est,
2945 4023 3205 4096 quamvis
3220 4023 3353 4094 jure
3371 4029 3747 4096 preposterus

2149 4114 2628 4186 mihiimputetur
2647 4112 2809 4180 ordo,
2838 4113 2946 4167 hoc
2973 4111 3283 4166 adnectere
3311 4111 3751 4182 qualiterimpe-

1759 4195 1992 4248 VARIzE
2044 4193 2441 4250 LEC’I‘IONES.

437 4261 468 4338 Ἀ
515 4268 586 4302 ³η
607 4257 888 4338 Gerinrod
913 4260 1037 4338 add.
1072 4265 1091 4315 1
1126 4277 1174 4318 c.
1207 4271 1278 4305 m
1311 4278 1341 4317 e
1365 4281 1576 4320 erasum
1610 4267 1658 4338 1.
1688 4272 1758 4338 ’ξι
1788 4265 1967 4320 studit
1992 4269 2141 4338 is!"
2169 4265 2460 4338 expitisset
2490 4269 2542 4338 1.
2596 4272 2668 4307 m
2699 4264 3050 4338 co‘nniuebat
3083 4266 3240 4338 _t_c._
3265 4269 3338 4304 ειτ
3387 4277 3517 4319 corr
3597 4277 3748 4318 oram

452 4333 468 4404 _l
507 4344 556 4386 c.
583 4337 655 4372 ἰθ
685 4329 899 4404 bodam
932 4335 1032 4404 lc.
1059 4341 1130 4376 ἰο
1159 4338 1267 4389 etl
1303 4353 1356 4390 a.
1385 4344 1456 4378 πο
1496 4336 1896 4390 uualenhusun
1939 4341 1958 4391 1
1991 4352 2022 4392 c
2050 4337 2078 4391 ‘I
2131 4343 2200 4378 "1
2240 4329 2379 4394 'add.
2420 4339 2438 4390 1
2481 4335 2530 4390 b.
2593 4345 2664 4378 ω
2725 4333 2932 4391 Herim
2986 4335 3050 4388 R.
3083 4334 3163 4387 W.
3203 4333 3262 4388 Ε.
3315 4339 3364 4390 et
3410 4337 3600 4404 statim
3640 4339 3751 4404 post

444 4399 504 4477 in
530 4417 591 4477 _p.
619 4400 888 4477 sollemni
912 4402 1036 4458 add.
1065 4405 1175 4477 _lgb.
1207 4415 1277 4477 ω
1307 4407 1382 4460 ita
1427 4411 1446 4462 1
1479 4424 1506 4460 e
1534 4423 1708 4472 corn;
1735 4422 1936 4477 regem
1964 4407 2132 4476 fuisse
2157 4407 2382 4462 videtur.
2418 4416 2490 4448 ἐι
2523 4407 2639 4462 adh
2669 4409 2688 4460 1
2726 4423 2773 4460 c.
2809 4414 2881 4446 ηε
2907 4409 2966 4460 et
2985 4405 3044 4459 b.
3077 4422 3110 4459 a

3210 4444 3223 4457 .
3256 4419 3310 4460 θ.
3345 4403 3474 4458 add.
3533 4409 3552 4458 l
3591 4403 3654 4458 ὀί
3680 4410 3744 4444 ’³³

442 4471 485 4526 Ι.
520 4471 570 4530 1.
603 4479 675 4547 ξιτ
701 4471 748 4526 Ι.
766 4473 979 4547 Δρέὸἰᾳιιβ
1007 4475 1203 4531 additi
1246 4476 1294 4530 ὁ.
1336 4485 1407 4519 ³³³
1434 4477 1697 4532 misnesis
1726 4481 1774 4532 1.
1803 4471 1876 4520 ἶιο
1909 4477 1948 4531 ti
1964 4471 2057 4532 'era

2158 4485 2272 4532 mut
2294 4477 2358 4532 ab
2393 4480 2412 4531 1
2448 4492 2491 4532 ο.
2523 4477 2551 4532 ?
2601 4483 2653 4532 et
2677 4477 2753 4530 ita
2811 4477 2866 4529 in
2911 4477 3010 4532 hoc
3047 4471 3299 4532 vocabulo
3347 4491 3580 4547 semper.
3603 4483 3672 4517 ’³ο
3695 4489 3746 4544 p.

445 4558 495 4597 c.
529 4559 585 4600 ο.
617 4543 674 4598 h.
707 4543 836 4598 add.

941 4546 988 4602 ὁ.
1021 4555 1089 4589 ἰι
1115 4547 1431 4603 Dudelinus
1457 4549 1533 4603 A.
1557 4547 1620 4604 S.
1645 4567 1700 4602 a.
1729 4549 1856 4602 969.
1882 4557 1953 4590 ﬂ!
1975 4565 2028 4604 a.
2056 4549 2114 4604 h.
2147 4567 2202 4604 ιι.
2227 4549 2355 4606 add.
2390 4552 2408 4602 1
2441 4548 2488 4602 b.

2013 4637 2236 4694 NOTAE.

511 4712 640 4784 (273
677 4713 1032 4784 Widukind.,
1066 4735 1115 4772 c.
1143 4721 1211 4772 75
1239 4716 1373 4773 init.

511 4786 656 4858 (274)
696 4785 860 4842 Conf.
893 4791 1107 4858 statuta
1135 4788 1338 4858 synodi
1359 4789 1645 4842 Ravenna:
1663 4786 1967 4842 celebrata:
1992 4803 2046 4842 a.

440 4858 563 4929 967.
597 4856 902 4929 Chronogr
951 4857 1081 4913 Sax.
1115 4856 1174 4911 et
1199 4857 1410 4929 Chron.
1444 4857 1706 4929 Magdab.

531 4927 659 4998 275)
700 4927 921 4999 Eadem
951 4929 1073 4983 fere
1097 4928 1272 4983 verba
1301 4946 1352 4984 v.
1377 4930 1440 4999 ll,
1468 4932 1522 4983 2.

531 4997 668 5072 276)
697 4997 1024 5072 Wildbach.
1043 4999 1139 5072 qui
1183 5015 1302 5072 non
1333 4997 1533 5072 precul
1564 5000 1650 5072 ab;
1679 4998 1891 5072 oppido
1920 5001 2048 5072 Kel-

439 5069 544 5144 bra
573 5069 1087 5144 Ijelmamjntluit';
1111 5069 1534 5144 Salrseeprope
1562 5069 2052 5144 Seburgincomi-

433 5142 560 5196 tatu
587 5140 1012 5206 Mausfeldensi,
1045 5146 1102 5196 et
1151 5140 1370 5196 exinde
1399 5140 1694 5212 proﬂuens
1746 5140 1806 5197 fl.
1856 5142 2046 5210 Salza;

434 5212 570 5268 Sala
600 5215 660 5266 et
686 5212 922 5266 Unstrut
947 5212 1265 5279 notissimi;
1298 5213 1501 5268 Helma
1516 5213 1744 5268 modico
1777 5213 2048 5268 interval-

433 5285 492 5356 lo
522 5281 716 5356 vicum
746 5283 1110 5338 Wallhausen
1144 5283 1503 5356 praeterﬂuit.
1541 5284 1671 5339 Uns.
1712 5284 1792 5337 De
1815 5285 1904 5356 via
1931 5284 2051 5356 Fri-

434 5353 612 5426 derici
626 5370 678 5408 ν.
705 5369 936 5426 quoque
954 5353 1214 5410 chartam
1233 5354 1458 5410 Ottonis
1484 5354 1621 5426 imp.
1642 5371 1701 5426 7a.
1725 5357 1850 5421 965,
1867 5355 1972 5410 Jul.
1994 5359 2045 5411 9.

510 5423 660 5499 (277)
699 5423 742 5499 1⁷
777 5423 984 5499 efcom
995 5426 1364 5499 positionem.
1385 5423 1659 5499 ,Wergeld
1672 5467 1685 5481 .

531 5497 658 5558 278)
696 5497 848 5551 Ann.
885 5497 1171 5561 Quedlinb
1203 5537 1218 5564 ,
1246 5513 1300 5552 a.
1335 5498 1460 5554 941.

535 5566 656 5629 2Ἶ9)
683 5567 764 5621 De
793 5583 862 5622 eo
895 5569 953 5624 cf
1003 5568 1092 5634 Vl,
1127 5570 1212 5623 30.

535 5636 662 5710 28ολ
699 5635 1121 5710 Sandersleben
1151 5641 1212 5692 et
1239 5637 1651 5710 Gutenswegen
1701 5639 1762 5694 in
1793 5637 2053 5694 districta

439 5702 904 5778 Hagdeburgico.
939 5707 1072 5763 Uas.

2073 4724 2126 4782 D

2224 4717 2366 4784 (281)
2393 4717 2582 4782 Anno,
2614 4715 2916 4787 episcopus
2934 4712 3264 4769 Wormatiaa
3285 4714 3553 4768 950-978.
3573 4708 3746 4767 Adwi-

2154 4806 2261 4843 nus
2293 4786 2800 4842 Hildesheimensis
2829 4787 3093 4842 934984.

2219 4861 2370 4928 (282)
2396 4859 2520 4912 Non
2552 4857 2794 4926 Rusciaa,
2825 4857 2929 4911 sed
2959 4854 3134 4926 Rugis
3175 4854 3558 4928 Adalbertum
3582 4852 3746 4928 _ordi—

2153 4925 2359 4984 natum
2370 4929 2541 4983 fuisse
2559 4925 2886 4996 praesulem,
2909 4925 3194 4996 testantur
3205 4925 3556 4980 mandatum
3578 4926 3747 4994 impe-

2153 5000 2358 5055 ratoris
2383 5016 2515 5054 mox
2555 4995 2932 5054 laudandum.
2981 5001 3128 5051 Ann.
3172 4995 3303 5051 Sax.
3355 5012 3408 5050 a.
3440 4998 3567 5062 968,
3599 4996 3745 5050 chro-

2151 5072 2482 5148 nogr_Sa§.
2515 5087 2566 5148 a_.
2607 5071 2738 5148 Δ969,
2773 5067 2980 5148 βοοιίι]
3006 5067 3413 5148 ‘Reginonjsa.
3445 5070 3568 5147 991.

2225 5137 2366 5210 (283)
2397 5140 2726 5196 Mandatum
2775 5137 3143 5211 imperatoris
3165 5139 3240 5211 de
3273 5137 3746 5211 inthronizatione

2151 5213 2566 5286 archiepiscopi
2595 5209 3103 5283 Magdeburgensis
3127 5209 3255 5264 vide
3287 5209 3507 5280 Legum
3535 5213 3578 5262 t.
3607 5209 3671 5270 Il,
3693 5221 3743 5276 p.

2219 5353 2731 5422 (284)1)ουᾱθιίηιιδ
2752 5352 2845 5407 ille
2860 5353 3108 5422 vocatur
3129 5349 3185 5422 in
3206 5349 3488 5422 mandato
3511 5350 3742 5422 impera-

2149 5419 2291 5480 toris
2338 5439 2510 5495 supra
2539 5425 2793 5495 laudato,
2824 5421 2969 5495 sicut
3001 5421 3329 5495 apudAnn.
3365 5421 3498 5476 Sax.
3543 5419 3741 5495 a._969,

2151 5500 2208 5552 et
2239 5489 2549 5566 chronogr.
2583 5493 2714 5550 Sax.
2739 5489 2789 5548 ο.
2848 5493 2972 5566 9⁸70.
3007 5489 3349 5566 βὀόὶιοηθπι
3378 5495 3578 5547 noster
3605 5489 3744 5566 intra

2151 5571 2317 5623 vocat
2364 5561 2696 5638 episcopum
2740 5563 3384 5638 Brandenburgensem_
3416 5561 3739 5638 secundum.

2148 5632 2512 5720 Thietmarus
2553 5632 2772 5712 primus
2797 5635 2932 5718 _fuit
2989 5634 3290 5762 episcopus
3350 5632 3742 5720 Brandenbur-

2153 5725 2344 5762 censis
2373 5724 2527 5762 anno
2559 5710 2664 5762 949
2696 5708 2767 5762 ab
2790 5721 3018 5762 impera
3044 5720 3146 5761 ore
3177 5705 3543 5761 constitutus.

2153 5708 2344 5782 gensis
2373 5724 2527 5765 anno
2553 5705 2664 5766 '949
2696 5708 2767 5766 ab
2790 5705 3146 5780 imperatore
3177 5705 3543 5761 constitutus.
