3892 6214
188 434 337 492 1213

1490 430 1918 493 CHRONICON.
1955 464 2027 477 —
2057 433 2186 492 LIB.
2218 434 2283 491 ll.

3385 436 3520 497 1214

186 560 363 612 rator
383 553 554 611 fratri
600 554 833 622 suimet,
870 553 1088 610 domno
1139 553 1419 623 Brunoni,
1452 554 1753 610 nominato
1778 571 1812 609 a
1834 564 1886 623 Α
1913 555 2136 626 pollens
2174 552 2652 628 proﬂeuitatibus,
2679 552 2763 611 l3.
2793 555 3172 614 ordinationis
3194 573 3308 615 sum
3339 575 3518 628 anno,

188 644 415 699 suimet
432 647 639 716 patruo
661 644 803 699 duce
818 644 1082 697 Brunone
1101 673 1160 683 —
1195 642 1291 715 qui
1324 661 1357 697 a
1384 643 1710 715 Lutbuwigo
1740 652 1812 685 m

187 748 339 804 rege
357 733 415 786 in
433 730 860 803 expeditionem
882 731 955 785 ad
971 733 1159 785 Danos
1174 731 1397 798 missus,
1430 749 1559 786 eum
1595 732 1811 802 episco-

189 820 288 892 pis
301 821 530 876 duobus
559 829 629 862 ιιι
652 819 966 875 Thiaedrico
986 823 1044 873 et
1077 820 1450 892 Marequardo
1482 820 1814 892 caaterisque

190 908 486 964 militibus
502 909 871 964 4.Non.Febr
887 916 957 950 ω
971 907 1226 962 fluminis
1242 908 1620 963 inundatione
1643 911 1815 962 mter-

193 998 267 1052 iit
283 998 447 1070 (285)
477 1029 544 1037 -
574 1000 805 1052 mortuo
836 996 1126 1068 Agripinua
1158 996 1305 1051 sedis
1322 996 1615 1067 provisere
1661 996 1811 1068 Wig-

188 1087 376 1154 frido,
407 1086 798 1158 episcopatum
824 1084 1081 1155 ejusdem
1104 1084 1490 1152 ducatumque
1518 1084 1640 1156 regi
1660 1086 1812 1139 insu-

188 1192 308 1247 per
338 1174 509 1230 daret
544 1173 838 1228 Liutharii.
891 1172 988 1227 Hic
1016 1177 1147 1245 post
1174 1172 1528 1244 iniquorum,
1557 1172 1816 1244 quamvis

189 1262 665 1335 sapientissimus
686 1264 856 1328 esset,
878 1261 1114 1317 consilio
1140 1261 1500 1332 depravatus,
1529 1277 1633 1332 pro
1660 1261 1814 1315 bono

1913 659 2140 699 sommo
2168 644 2323 715 pacis
2351 646 2672 716 soporatus,
2712 648 2765 701 5.
2800 645 2929 700 ldus
2960 647 3220 703 Octobris
3250 656 3321 691 ³³³
3368 649 3523 722 (288)

1914 730 2152 785 fratrem
2205 731 2437 803 reliquit
2473 740 2546 774 ἰο
2564 732 2804 787 tristem.
2844 734 3005 789 Tales
3033 734 3418 791 insidaneium
3448 745 3515 780 ω

1914 817 2148 891 laqueos
2191 821 2628 893 compluresque
2659 821 2818 888 alios,
2850 822 2908 877 in
2936 823 3102 896 regni
3150 840 3217 879 ac
3270 825 3325 879 in
3383 841 3520 880 cura

1914 908 2139 979 imperii
2170 910 2239 964 49
2272 909 2454 963 ferme
2476 925 2659 964 annos
2681 916 3046 966 conversatus
3077 912 3210 968 Otto
3240 914 3517 985 prefatus,

1916 996 2139 1051 Christo
2193 1013 2251 1052 se
2306 997 2363 1051 in
2426 997 2698 1052 omnibus
2726 1008 2797 1040 ω
2846 999 2940 1070 (an
2968 1002 3090 1071 965)
3152 1005 3517 1074 protegente,

1914 1100 2145 1139 securus
2169 1086 2346 1139 evasit
2377 1086 2433 1155 (f.
2469 1086 2597 1153 23’).
2633 1088 2819 1140 Pauca
2850 1087 3067 1143 locutus
3093 1106 3217 1144 sum
3249 1091 3319 1145 de
3345 1091 3521 1146 innu-

1914 1173 2286 1228 merabilibus
2315 1178 2373 1229 et
2398 1174 2506 1229 isto
2537 1183 2608 1216 ει*
2651 1175 2800 1246 (289)
2848 1176 3180 1233 melioribus
3234 1181 3379 1233 tanti
3416 1180 3521 1235 viri

1913 1262 2183 1333 ingenuis
2202 1264 2439 1329 actibus,
2472 1262 2606 1334 quia
2630 1263 2778 1318 liber
2803 1281 2949 1319 unus
2971 1266 3043 1320 de
3064 1267 3321 1337 ejusdem
3341 1268 3522 1324 nobili

189 1353 425 1407 malum
436 1351 556 1423 regi
573 1350 781 1405 suimet
794 1365 1186 1421 germanoque
1200 1349 1495 1405 restituere
1509 1348 1818 1405 meditatur
1916 1352 2350 1406 conversatione
2375 1351 2624 1422 pleniler
2662 1352 2967 1425 inscriptus
2991 1355 3161 1427 (290),
3180 1373 3275 1411 me
3305 1357 3523 1430 aliquid

192 1443 291 1513 (an
314 1440 705 1512 953).Vocavit
735 1456 986 1512 namque
1016 1440 1087 1492 ad
1107 1455 1164 1492 se
1192 1439 1491 1509 Hugonem
1512 1456 1811 1510 generum,

188 1529 419 1600 regi,ut
435 1545 610 1601 supra
628 1527 1079 1583 memoravimus
1097 1527 1268 1599 (2R6),
1306 1526 1477 1580 nimis
1494 1527 1810 1594 infidelem,

1917 1441 2145 1512 proihet
2170 1440 2402 1495 addere.

1990 1532 2070 1583 16.
2116 1532 2438 1601 Imperator
2475 1533 2666 1584 autem
2726 1530 2986 1587 fraterna
3029 1535 3189 1589 clade
3240 1535 3521 1595 turbatus,

190 1618 275 1673 ad
300 1617 648 1683 convivium,
679 1619 737 1671 et
766 1634 896 1670 eum
929 1632 1143 1671 corona
1172 1615 1474 1670 artificiose
1516 1620 1813 1687 gemmata
1839 1605 2223 1684 B.Wolmero,
2252 1617 2511 1688 ejusdem
2542 1618 2809 1674 familiari
2828 1621 3126 1693 capellano
3143 1624 3326 1690 ω,οΒ
3357 1640 3519 1678 amo-

190 1723 457 1779 regnum
489 1706 609 1779 ipso
642 1714 715 1747 23°
770 1705 1157 1771 committere,
1191 1705 1704 1777 consanguinitatis
1756 1709 1813 1759 et

183 1794 519 1866 juramenti
549 1794 1101 1860 inmemor,studuit.
1133 1794 1237 1858 Qui
1261 1811 1389 1849 cum
1414 1794 1473 1848 in
1497 1797 1694 1849 sancto
1719 1794 1809 1848 die

192 1884 543 1955 sollempnis
569 1884 793 1955 paschae
825 1882 1037 1956 paratis
1086 1882 1355 1937 omnibus
1413 1882 1811 1937 instrumentis

190 1971 516 2042 regalibus,
550 1988 828 2043 generum
860 1970 1140 2042 promissa
1165 1969 1421 2025 femineo
1440 1974 1804 2042 expetentem

193 2060 491 2115 desiderio
518 2076 797 2115 coronare
818 2059 1102 2124 voluisset,
1129 2059 1287 2124 odio,
1325 2059 1531 2113 divinae
1577 2060 1808 2114 misera-

190 2148 381 2204 tionis
402 2148 588 2220 gratia
619 2148 1019 2219 sapiencieque
1066 2151 1269 2202 cuneta
1315 2148 1592 2202 volventis
1620 2148 1807 2216 freno,

191 2238 501 2311 paululum
522 2236 1244 2309 relaxato.puduitinccepti
1260 2239 1317 2289 et
1331 2235 1811 2308 penituit.Aceer-

193 2327 430 2398 sitoque
460 2327 603 2380 clam
635 2326 846 2380 suimet
877 2326 1203 2390 secretario,
1241 2341 1415 2396 quem
1458 2324 1811 2396 prediximus

194 2414 381 2487 (287),
406 2414 726 2468 Wolemere
757 2421 847 2480 237,
873 2413 1025 2484 quod
1066 2413 1123 2467 in
1149 2418 1342 2467 mente
1369 2413 1579 2467 latebat
1608 2415 1813 2468 vulnus

195 2502 452 2575 aperuit,
482 2501 841 2574 qualiterque
880 2504 1197 2567 curaretur,
1248 2500 1510 2572 diligenti
1571 2500 1810 2556 consilio

193 2590 467 2665 quesivit.
492 2589 602 2645 Sed
621 2589 907 2645 conversis
928 2590 1245 2662 quibusque
1271 2593 1500 2662 paratus
1515 2590 1587 2644 ad
1614 2590 1813 2645 omnia

194 2682 375 2743 Deus,
414 2679 544 2734 huic
597 2679 655 2733 in
716 2682 974 2733 mentem
1006 2678 1225 2734 caelitus
1257 2677 1434 2745 misit,
1467 2695 1581 2751 quo
1611 2695 1811 2734 curam

195 2771 282 2825 sui
303 2768 965 2840 seniorisrespondeudo
987 2768 1192 2822 talibus
1223 2767 1527 2838 mitigavit.
1559 2766 1810 2838 Sanctus,

190 2859 409 2931 inquit,
439 2857 681 2928 Spiritus
712 2858 812 2911 tibi
820 2859 1014 2923 ,senior
1040 2857 1339 2923 karissime,
1370 2858 1434 2925 (f.
1483 2859 1566 2921 25)
1601 2873 1813 2928 sugges-

190 2951 282 3016 sit,
317 2954 512 3001 utnon
569 2946 794 3018 amplius
852 2946 1127 2999 adversum
1183 2962 1292 2999 non
1331 2946 1631 3016 prevaleret
1676 2949 1816 3000 tanti

191 3042 389 3092 auctor
415 3034 622 3090 sceleris
648 3036 891 3089 inimicus
923 3063 938 3099 ,-
966 3050 1123 3106 quem
1152 3036 1228 3089 sic
1250 3033 1513 3103 confundi
1552 3040 1699 3105 teque
1719 3051 1811 3087 au-

190 3130 349 3182 tumo
385 3140 535 3196 posse
578 3125 847 3177 honorari.
902 3121 1189 3185 Coronam,
1250 3138 1413 3195 quam
1473 3139 1667 3191 genero
1720 3129 1809 3176 tuo

190 3231 313 3269 cras
348 3220 397 3269 te
451 3213 705 3268 daturum
734 3213 1050 3283 promisisti,
1084 3211 1229 3265 vobis
1259 3210 1655 3265 consedentibus
1689 3227 1811 3281 pre-

189 3303 436 3369 sentabo,
462 3308 521 3357 ut
544 3301 676 3373 ﬁdes
707 3308 799 3355 tua
822 3303 876 3353 in
909 3307 1181 3371 posterum
1225 3301 1464 3353 omnium
1515 3300 1808 3366 clarescat;

190 3401 242 3447 et
269 3393 474 3447 invitus
527 3408 775 3445 corruens
824 3389 1094 3460 disrumpo
1147 3387 1390 3454 eandem,
1430 3395 1491 3441 ut
1536 3389 1811 3458 fraternus

191 3498 351 3535 amor
378 3479 534 3535 modo
562 3477 806 3549 frigidus
844 3480 899 3530 in
949 3481 1219 3547 posterum
1267 3477 1562 3534 recalescat.
1592 3477 1813 3531 Placuit

191 3572 303 3625 hoc
336 3567 788 3639 archiepiscopo,
816 3569 875 3621 et
903 3565 981 3619 sic
1013 3565 1228 3636 expleri
1252 3565 1396 3619 votis
1426 3566 1811 3621 exultantibus

191 3658 422 3714 divinas
474 3654 719 3728 pulsavit
765 3654 1098 3727 suppliciter
1156 3644 1339 3709 aures.
1390 3654 1552 3709 Mane
1612 3657 1807 3710 autem

192 3748 371 3814 facto,
402 3745 555 3801 dicta
584 3746 705 3799 haec
737 3748 798 3798 ut
821 3744 983 3797 factis
1041 3746 1175 3797 sunt
1214 3742 1474 3814 impleta,
1529 3743 1811 3816 archiepi-

191 3852 402 3908 scopus
430 3849 709 3907 magnum
732 3834 1041 3887 simulabat
1062 3847 1350 3887 merorem
1379 3850 1391 3899 ;
1421 3832 1581 3905 Hugo
1613 3836 1807 3889 autem

193 3926 399 3998 suique
416 3927 578 3978 tanta
605 3940 703 3995 spe
732 3920 988 3976 frustrati
1033 3929 1104 3963 ³³⁸
1135 3921 1611 3976 inconsolabilem
1646 3924 1809 3977 susti-

192 4029 377 4069 nuere
426 4012 721 4078 dolorem;
756 4009 1282 4082 consummatisque
1331 4009 1530 4065 diebus
1574 4011 1805 4080 festivis,

193 4100 322 4158 aliis
359 4116 533 4174 quam
560 4102 716 4154 ratus
744 4098 816 4153 sit
848 4098 1013 4153 donis
1038 4099 1374 4165 honoratus,
1429 4097 1619 4154 rediit.
1674 4102 1809 4155 Post

192 4193 319 4246 haec
337 4188 785 4256 confratres,rex
800 4187 1035 4259 inquam
1058 4190 1114 4241 et
1131 4186 1805 4259 episcopusreconciliati,

194 4279 560 4349 invicemque
592 4276 821 4348 pietatis
848 4277 1034 4330 studio
1083 4279 1536 4348 perseverantes,
1565 4293 1804 4332 omnem

192 4367 521 4422 inimiciciaa
544 4368 874 4438 scrupulum
907 4366 1175 4437 deinceps
1205 4381 1473 4420 amovere
1505 4365 1801 4420 curabant.

1913 1721 2036 1758 rem
2053 1704 2576 1776 ejusepiseopatum
2594 1710 2651 1761 et
2670 1707 2863 1762 anime
2884 1725 3081 1764 curam
3100 1711 3350 1766 fideliter
3368 1728 3522 1767 com-

1913 1792 2226 1849 mendavit.
2258 1793 2380 1858 Quo
2408 1795 2641 1849 sedente
2671 1798 2900 1868 tempus
2932 1814 2965 1850 a
2996 1798 3111 1853 Deo
3143 1799 3251 1854 sibi
3276 1799 3521 1873 permis-

1912 1897 2036 1935 sum
2069 1890 2167 1948 m,
2193 1884 2250 1935 et
2280 1881 2336 1936 in
2371 1883 2640 1937 omnibus
2685 1884 2878 1953 egreie
2909 1888 3293 1955 conversanti,
3349 1892 3407 1943 et
3450 1888 3522 1944 de

1914 1970 2100 2025 medio
2134 1969 2219 2025 15,
2240 1971 2361 2024 Kal.
2395 1971 2632 2043 Augusti
2651 1973 2794 2041 (967)
2829 1972 3141 2027 discedenti
3171 1976 3310 2045 (291)
3351 1977 3519 2044 Gero,

1910 2058 2089 2112 frater
2111 2057 2425 2113 Thietmari
2444 2068 2514 2100 ἰο
2538 2059 2907 2127 marchionis,
2932 2063 3131 2117 aclero
3163 2066 3221 2117 et
3251 2064 3323 2117 ab
3356 2064 3520 2119 omni

1909 2147 2121 2218 populo
2154 2148 2367 2201 electus
2397 2149 2512 2213 est;
2537 2150 2595 2201 et
2620 2147 2725 2202 hoc
2757 2147 3097 2220 imperatori
3129 2166 3261 2205 mox
3289 2151 3515 2207 adnun-

1909 2236 2101 2290 tiatur.
2114 2235 2209 2289 Hie
2227 2235 2361 2307 quia
2378 2235 2602 2307 prefato
2619 2236 2781 2291 fratri
2797 2254 2897 2291 suo
2914 2237 2987 2291 ob
3000 2240 3210 2294 multas
3219 2255 3520 2295 causarum

1909 2323 2127 2395 species
2150 2323 2330 2378 iratus
2362 2323 2491 2399 fuit,
2527 2324 2663 2378 dare
2709 2324 2842 2379 huic
2890 2324 3281 2399 episcopatum
3310 2327 3517 2383 noluit.

1910 2412 2239 2478 lntereasis,
2264 2398 2752 2483 quia’eapellanus
2770 2416 2905 2467 tunc
2927 2414 3136 2481 erat,in
3155 2431 3271 2470 uno
3294 2416 3520 2471 dierum

1910 2500 2143 2556 missam
2193 2502 2490 2556 celebrans
2528 2502 2587 2556 in
2638 2501 2811 2574 Papia
2850 2502 3096 2565 civitate,
3154 2503 3296 2558 vidit
3368 2505 3522 2560 solus

1910 2592 2170 2645 sanctum
2203 2591 2438 2644 Petrum
2466 2593 2524 2645 et
2557 2590 2927 2645 Ambrosium
2966 2594 3162 2646 sancto
3192 2608 3252 2646 se
3281 2592 3520 2649 benedi-

1911 2682 2105 2733 centes
2135 2680 2294 2747 oleo;
2329 2680 2385 2733 et
2412 2680 2567 2734 nullo
2600 2687 2670 2721 υτ
2702 2682 2839 2735 tunc
2861 2679 3137 2751 prodidit,
3171 2681 3271 2736 sed
3292 2684 3521 2737 tantum

1913 2767 2121 2822 divinae
2137 2768 2368 2841 pietatis
2388 2785 2598 2823 munus
2627 2785 2775 2839 equa
2804 2773 3003 2824 mente
3033 2770 3300 2841 portavit.
3336 2772 3523 2847 Impe-

1911 2858 2091 2912 ratori
2116 2865 2187 2900 ἰο
2216 2860 2409 2911 autem
2437 2857 2496 2911 in
2528 2862 2725 2913 saneto
2759 2858 3047 2914 dominice
3081 2859 3524 2915 resurrectionis

1913 2946 2004 3001 die
2034 2945 2334 3017 evaginato
2389 2946 2655 3019 apparuit
2712 2947 2949 3019 angelus
2973 2948 3188 3019 gladio,
3223 2965 3354 3003 cum
3395 2948 3520 3019 jam

1910 3037 2251 3105 preparatus
2283 3039 2520 3106 excepta
2547 3051 2762 3090 corona
2789 3035 2862 3090 ad
2918 3036 3218 3092 ecclesiam
3279 3052 3523 3109 pergere

1909 3122 2177 3176 voluisset
2207 3139 2219 3176 :
2253 3122 2400 3189 Nisi,
2434 3122 2722 3194 inquiens,
2758 3125 2815 3178 in
2847 3122 3048 3178 Cerone
3070 3125 3226 3182 hodie
3280 3126 3510 3197 comple-

1909 3212 2048 3264 veris
2103 3210 2426 3277 electionem,
2484 3211 2549 3283 (f.
2586 3213 2676 3280 26)
2728 3228 2942 3266 securus
2992 3230 3099 3267 non
3157 3213 3341 3269 evadis
3386 3215 3526 3270 hanc

1907 3296 2077 3352 sedem
2120 3298 2506 3367 Expaveseens
2529 3299 2601 3353 ob
2634 3299 2743 3353 hoc
2772 3315 2931 3354 cesar
2968 3317 2981 3354 :
3033 3299 3331 3367 Damnum,
3376 3302 3527 3372 infit,

1909 3392 2088 3440 vocate
2116 3385 2395 3441 Geronem.
2428 3386 2605 3458 Eique
2635 3395 2706 3428 ω
2732 3386 3000 3458 protinus
3024 3389 3281 3445 venienti
3327 3408 3528 3447 curam

1908 3473 2111 3529 baculo
2126 3474 2471 3546 pastoralem
2495 3474 2871 3541 commisit,et
2890 3475 3311 3547 indulgentiam
3330 3480 3523 3534 humi-

1910 3561 2040 3617 liter
2065 3562 2420 3633 efllagitavit.
2448 3563 2589 3617 Hiea
2616 3561 2992 3634 suﬂ'raganeis
3021 3568 3220 3635 postea
3266 3566 3516 3621 benedi—

1910 3653 2051 3719 ctus,
2076 3655 2139 3706 ut
2157 3650 2333 3723 signis
2361 3652 2534 3706 hodie
2566 3651 2909 3718 declaratur,
2940 3668 3155 3706 nomen
3184 3656 3243 3707 et
3272 3653 3519 3709 ofﬂtium

1910 3741 2025 3795 Deo
2049 3741 2495 3815 hominibusque
2525 3743 2777 3811 accepte,
2810 3741 2949 3796 dum
2980 3740 3117 3795 vixit
3173 3743 3342 3813 (292),
3396 3745 3521 3800 tota

1909 3830 2120 3884 mentis
2149 3830 2454 3886 devotione
2510 3829 2778 3903 portavit.
2833 3829 3007 3900 Hujus
3050 3834 3250 3886 sancta
3306 3837 3515 3901 mater,

1909 3917 2094 3973 Hidda
2123 3927 2195 3961 πο
2210 3917 2449 3974 nomine
2486 3918 2664 3989 (293),
2699 3918 3013 3973 Jerusalem
3037 3918 3315 3974 orationis
3333 3920 3523 3992 gratia

1907 4009 2110 4078 petens
2139 4007 2368 4080 illieque
2385 4006 2699 4074 infirmata,
2725 4006 2872 4062 hanc
2899 4006 3013 4061 suis
3041 4007 3401 4079 legationem
3418 4024 3523 4081 pe-

1912 4097 2193 4169 dissequis
2226 4097 2698 4154 commendavit:
2728 4097 3048 4171 Egredienti
3083 4101 3279 4154 anime
3313 4101 3524 4154 meimet

1895 4185 2214 4256 prolongata
2244 4188 2405 4258 hujus
2428 4188 2577 4242 exilii
2597 4188 2852 4256 incolatu,
2886 4204 3078 4261 corpus
3133 4206 3310 4245 meum
3357 4190 3527 4245 matri

1908 4281 2042 4329 terre
2069 4276 2310 4331 celeriter
2337 4276 2548 4331 tradite.
2584 4283 2633 4331 et
2659 4293 2781 4331 mox
2836 4284 3035 4346 euntes,
3059 4279 3171 4334 haec
3219 4279 3330 4349 ﬁlio
3383 4297 3530 4333 mm-

1907 4367 2044 4420 ciate
2084 4363 2303 4435 Geroni,
2333 4382 2435 4437 quo
2451 4367 2749 4438 peregrinae
2793 4369 3044 4437 genitrici
3086 4385 3196 4424 suae
3250 4369 3407 4424 talem
3465 4370 3522 4423 in

193 4457 309 4512 Sed
327 4455 704 4528 archipresul,
729 4455 999 4510 divinitus
1028 4454 1085 4509 in
1106 4453 1325 4509 cunctis
1355 4454 1806 4526 humanitusque
1827 4440 1879 4497 D
1908 4456 2060 4509 terris
2083 4470 2191 4507 non
2209 4453 2425 4524 deneget
2453 4455 2722 4522 honorem,
2748 4457 2965 4528 qualem
2986 4459 3113 4526 pius
3144 4458 3199 4509 in
3229 4457 3366 4510 caelis
3393 4457 3525 4511 dare

1534 4572 1766 4628 VARIIE
1808 4572 2099 4628 LECTION
2105 4571 2206 4626 ES.

263 4682 337 4752 Ψ
366 4673 681 4752 luduuuico
714 4675 816 4752 to.
847 4672 1131 4752 at“tribus
1318 4678 1389 4752 εξε
1424 4673 1538 4728 llll.
1568 4690 1633 4752 n_._
1656 4672 1853 4752 fiadd.
1884 4676 1903 4725 1
1931 4672 1991 4752 _b.
2031 4670 2292 4752 m_ipsi_l
2333 4688 2395 4752 ι’.¹
2418 4679 2486 4752 ’ξιτ
2507 4674 2753 4752 primum
2784 4688 2819 4726 u
2848 4687 3063 4752 erasum
3123 4673 3426 4752 saepius.
3448 4682 3520 4715 m

192 4744 423 4799 fustrati
458 4748 506 4801 1.
540 4753 611 4786 ³³9
641 4744 700 4796 V.
745 4742 821 4796 id.
857 4744 1073 4815 octobr.
1104 4743 1232 4798 add.
1274 4747 1290 4797 l
1336 4744 1391 4800 b.
1433 4754 1503 4784 ²⁴ο
1528 4743 1726 4815 reliqit
1758 4746 1776 4815 1
1810 4745 2023 4813 sepius.
2057 4750 2127 4783 ω
2154 4742 2561 4815 iusiandiciufn
2597 4745 2644 4796 l.
2679 4751 2750 4784 ω
2780 4742 3009 4797 omibus
3038 4744 3086 4795 1.
3124 4749 3193 4815 Ξέδ
3224 4742 3374 4797 histo
3410 4748 3428 4797 1
3463 4763 3517 4798 a.

192 4824 262 4856 ἰι
303 4816 603 4887 capellana
638 4817 685 4867 1.
722 4823 793 4854 ’4⁵
832 4814 1171 4885 permissam
1208 4818 1227 4868 1
1268 4832 1321 4869 a.
1354 4822 1427 4856 3“
1458 4812 1767 4868 thiaatniari
1802 4818 1820 4869 1
1858 4812 1909 4870 ἁ.
1958 4822 2032 4857 N7
2082 4812 2223 4868 nulli
2278 4817 2296 4866 1
2359 4830 2408 4869 c.
2440 4821 2512 4854 Μ
2542 4814 2899 4886 lmperatore
2932 4815 2978 4867 1.
3023 4820 3093 4852 ω
3124 4812 3382 4883 Cumque
3415 4815 3434 4865 1
3464 4832 3518 4871 a.

192 4893 264 4928 uo
304 4885 405 4940 Ida
428 4901 572 4943 corr.
622 4902 788 4938 manu
822 4887 1045 4939 ince'ta.

1811 5013 2035 5072 NOTAE.

286 5124 407 5189 285)
441 5122 502 5176 ν.
530 5124 684 5176 Ann.
727 5122 967 5176 Fuldeus
998 5164 1011 5188 ,
1046 5119 1399 5188 Corbeieus.,
1432 5137 1484 5174 ει.
1512 5121 1632 5175 880.
1692 5118 1803 5172 Wi-
1976 5122 2130 5192 (290)
2169 5122 2258 5176 Sc.
2291 5120 2563 5192 Ruotgeri
2592 5120 2718 5192 Vita
2747 5117 3050 5192 Brunonis.

260 5124 407 5250 (285)
441 5123 502 5176 ν.
530 5124 684 5176 Ann.
727 5123 967 5176 b‘uldeiis
998 5164 1011 5188 ,
1046 5123 1399 5188 Corbeieus.,
1432 5137 1484 5174 a.
1512 5123 1632 5175 880.
1694 5123 1803 5172 Wi-
1976 5123 2130 5264 (290)
2169 5123 2258 5176 Sc.
2291 5123 2563 5247 Ruotgeri
2592 5123 2717 5174 Vita
2747 5123 3050 5172 Brunonis.
3210 5186 3238 5195 η

189 5195 265 5251 du
316 5194 415 5249 ind
440 5194 480 5259 Ι,
520 5197 606 5248 15.
1307 5261 1331 5264 Α
1516 5260 1526 5264 Α
1671 5263 1680 5264 7
1924 5263 1935 5264 ί
2006 5197 2123 5259 291)
2153 5193 2216 5246 V.
2251 5193 2429 5247 Kalen
2479 5235 2491 5246 .
2523 5190 2872 5264 merseburg.
2901 5188 2959 5264 h.
3007 5187 3078 5264 d._
3118 5184 3516 5264 ObutAaﬂ.__967.

261 5268 411 5337 (286)
443 5264 501 5317 V.
532 5279 707 5337 supra
729 5280 852 5337 cap.
889 5266 942 5332 3,
970 5266 1096 5318 not.
1137 5265 1259 5317 227.
1295 5261 1453 5315 Cuno
1485 5260 1601 5315 sive
1655 5263 1805 5317 Con-

185 5334 397 5403 radus,
416 5351 599 5407 gener
626 5334 865 5388 Ottonis.

258 5403 601 5480 (287)'Errat
633 5410 850 5480 auctor.
881 5404 1164 5460 Volcmeri
1206 5403 1567 5459 mentionem
1617 5403 1674 5458 in
1718 5403 1805 5459 his

186 5475 345 5536 libris
363 5475 541 5535 antea
565 5492 681 5530 non
709 5475 864 5532 fecit.

256 5552 403 5621 (288)
433 5549 497 5621 V.
544 5546 786 5621 Kalend.
832 5548 1180 5621 Merseburg.
1205 5548 1264 5603 h.
1311 5547 1367 5603 d.
1412 5544 1565 5603 Obiit
1592 5561 1648 5607 a.
1673 5547 1797 5614 965,

184 5640 236 5680 v.
263 5618 425 5681 eant.
458 5618 669 5691 Regia.

252 5694 398 5768 (289)
430 5695 473 5749 Ι.
510 5688 572 5746 εἴ
600 5689 1000 5761 eonjuralione
1022 5688 1197 5745 modo
1231 5691 1482 5746 narrata.

1907 5256 2072 5317 Conf.
2107 5256 2310 5335 Regin.
2372 5267 2524 5317 cont.
2570 5256 2861 5335 Lamberli
2896 5259 3160 5335 Annales-
3182 5274 3236 5311 a.
3272 5256 3394 5310 965.
3427 5257 3515 5310 In.

1906 5337 2058 5387 Ann.
2096 5328 2296 5390 Colon.
2322 5332 2613 5405 Pepponis
2644 5347 2859 5386 nomen
2889 5330 2939 5384 ei
2968 5328 3259 5385 tribuitur.

1976 5407 2120 5473 (292)
2152 5405 2297 5458 Gero
2322 5405 2468 5458 sedit
2489 5419 2666 5473 usque
2695 5405 2818 5457 975.

1976 5468 2126 5543 (293)
2156 5476 2233 5529 De
2266 5475 2371 5529 hac
2401 5468 2767 5529 ldaleidda
2793 5488 2851 5540 γ,
2886 5468 3152 5543 Chronic.
3181 5468 3383 5525 Montis
3412 5468 3513 5525 Se-

1901 5541 2295 5600 renia.’H7t.
2339 5544 2476 5600 Inde
2525 5544 2797 5600 discimus
2835 5559 2966 5599 eam
3024 5541 3195 5597 fuisse
3254 5555 3514 5597 sororem

1901 5615 2138 5689 Geronis
2152 5614 2498 5689 marchionis
2519 5620 2577 5674 et
2592 5615 2789 5673 Sifridi
2811 5613 3059 5682 comitis,
3073 5616 3247 5689 atque
3269 5613 3513 5685 nuptam

1903 5687 2224 5746 Christiano
2253 5687 2471 5745 comiti.
