3892 6214
450 421 583 474 1215
797 441 799 443 ί
1397 415 1778 472 ΤΗΙΕΤΜΒΙ
1813 416 1987 473 ΜΕΒΕ

2226 415 2430 473 ιΕΝειδ
2473 415 2787 475 EPISCOPI
3630 423 3763 478 1216

443 538 698 606 dignatus
715 533 1038 601 ἀποαιθεί
1079 535 1248 588 altare
1298 535 1437 588 mihi
1473 537 1529 588 in
1570 536 1799 590 ecclesia
1854 546 2051 591 sancta:
2068 549 2124 608 Α
2154 537 2538 608 quamdiuhic
2560 537 2962 608 peregrinatus
2979 538 3246 607 est.juxta
3263 537 3363 592 Dei
3402 539 3769 596 voluntatem

443 626 736 680 constituat
763 623 995 680 Ceciliae.
1020 623 1244 677 Talibus
1273 623 1556 695 preceptis
1576 625 1796 678 devota:
1824 625 2047 680 obtem-
2154 625 2273 679 ﬁeri
2311 625 2465 680 idem
2491 642 2719 697 semper
2741 625 2979 696 optavit.
3005 625 3112 678 Has
3143 626 3214 681 de
3237 626 3463 680 duobus
3485 628 3772 701 episcopis

444 714 1272 784 perantesfamule,dominam
1301 731 1461 767 suam
1494 718 1620 786 post
1648 715 1768 768 haec
1811 715 2052 770 feliciter
2151 713 2464 768 sententias
2495 714 2623 767 ideo
2663 714 2899 784 protuli,
2932 719 2992 767 ut
3017 713 3177 779 scias,
3205 715 3408 780 lector,
3471 717 3636 787 quod
3681 735 3772 774 ce-

444 803 828 873 exspirantem
853 802 1224 874 sepelierunt,
1256 804 1314 856 et
1338 803 1530 856 statim
1557 803 1912 868 recedentes,
1942 803 2051 858 mi-
2152 804 2306 857 lestis
2351 803 2537 873 gratia
2578 803 2911 874 imperatori
2950 819 3082 875 sepe
3108 805 3378 874 aperiret,
3409 806 3549 876 quid
3571 807 3683 861 sibi
3713 809 3769 862 in

443 891 654 945 seriam
686 899 753 933 ιει
786 890 977 944 inscite
1035 890 1383 960 effugierunt
1425 892 1856 945 subsecuturam
1907 893 2050 945 Nam
2152 891 2421 944 humanis
2446 890 2570 944 ﬁeri
2595 893 2865 962 placeret.
2889 891 2984 945 Hic
3007 892 3202 947 audito
3217 892 3377 947 obitu
3392 895 3540 948 tanti
3567 897 3768 966 patris,

446 978 715 1034 Saraceni
744 977 1144 1032 Jerusolimam
1197 982 1331 1032 tunc
1387 979 1717 1033 invadentes
1775 982 1921 1047 (294)
1974 980 2052 1034 nil
2152 979 2482 1032 Michaelem
2509 980 2640 1033 huic
2655 988 2721 1022 ὀι
2753 980 3057 1034 succedere
3077 979 3233 1036 fecit.
3267 981 3325 1051 (f.
3356 983 3610 1050 27'.)Qui
3638 1001 3767 1038 cum

447 1068 730 1138 reliquere
765 1066 941 1132 victis,
967 1065 1122 1136 quod
1149 1068 1344 1120 sancta
1371 1076 1441 1108 ’δ’
1470 1067 1550 1121 eis
1572 1069 1718 1122 clam
1749 1070 1883 1122 tunc
1923 1084 2051 1139 pre-
2153 1068 2460 1122 commissa
2488 1068 2593 1122 sibi
2619 1067 2836 1139 optime
2869 1068 2965 1122 diu
2998 1077 3068 1110 ιω
3090 1073 3339 1139 regeret,
3393 1086 3769 1127 commoven—

447 1157 668 1224 dixit(f.
704 1156 790 1226 26)
827 1159 1114 1220 matrona,
1152 1171 1283 1209 cum
1313 1172 1370 1210 se
1413 1161 1706 1211 mortuam
1725 1156 1893 1227 jussit
1919 1173 2054 1227 pro-
2151 1157 2302 1210 tibus
2324 1156 2532 1210 iterum
2563 1157 2870 1210 orientales
2897 1157 3122 1228 Ungris,
3155 1173 3285 1211 cum
3319 1159 3541 1213 caeteris
3575 1161 3767 1215 Bawa-

445 1261 582 1315 pere
609 1243 883 1298 tumulari
913 1246 970 1297 et
999 1260 1127 1297 suas
1157 1243 1648 1300 abire.Venientes
1703 1250 1896 1300 autem
1950 1247 2051 1299 hec
2153 1243 2371 1298 riorum
2391 1243 2746 1315 principibus
2769 1243 2854 1298 his
2884 1245 2958 1298 ad
2984 1245 3434 1300 succurrendum
3470 1248 3768 1302 venit.Sed

447 1332 766 1398 Coloniam,
798 1335 1004 1386 cuncta
1061 1332 1488 1404 archiepiscopo
1537 1335 1797 1404 pandunt
1825 1335 2049 1388 ordine.
2153 1335 2350 1386 exorto
2380 1341 2449 1373 963
2475 1349 2606 1386 mox
2629 1332 2780 1386 inter
2805 1349 2903 1386 eos
2919 1333 3109 1387 duello
3132 1342 3335 1404 m,pro
3357 1335 3526 1389 dolor
3550 1338 3562 1389 !
3587 1337 3769 1392 nostri

447 1423 596 1485 Quas
628 1421 780 1474 idem
809 1419 1057 1490 benigne
1089 1420 1422 1492 suscipiens,
1456 1423 1571 1476 Deo
1603 1423 1816 1493 gratias
1844 1423 1962 1493 egit
1997 1426 2055 1476 et
2155 1420 2284 1474 victi
2317 1421 2389 1474 ab
2418 1421 2674 1475 hostibus
2707 1425 2877 1491 atque
2911 1422 3180 1491 prostrati
3233 1427 3387 1476 sunt.
3450 1425 3762 1496 EpiscOpus

441 1509 612 1578 justm
642 1509 901 1578 ejusdem
943 1508 1210 1580 peticioni
1261 1509 1551 1563 satisfecit.
1602 1511 1667 1563 Et
1711 1511 1844 1582 quia
1876 1527 2055 1582 pauca
2159 1512 2375 1570 autem,
2409 1509 2627 1563 abscisa
2659 1509 2871 1563 suimet
2917 1509 3172 1564 auricula
3201 1515 3260 1564 et
3303 1513 3527 1567 caeteris
3548 1513 3769 1568 saucia-

452 1599 677 1652 locutus
705 1614 830 1650 sum
865 1597 934 1650 de
967 1597 1135 1651 laude
1166 1597 1364 1668 ignota
1388 1599 1529 1652 tanti
1595 1599 1868 1668 prmsulis,
1915 1601 2056 1657 libet
2157 1601 2246 1651 tus
2281 1597 2579 1658 membris,
2613 1613 2743 1651 cum
2776 1597 3091 1651 interfectis
3111 1599 3273 1669 quasi
3296 1604 3558 1655 mortuus
3581 1601 3768 1656 latuit.

454 1685 510 1740 in
544 1686 916 1758 sequentibus
947 1690 1138 1741 cetera
1183 1687 1480 1753 disserere,
1543 1690 1603 1740 ut
1650 1688 1708 1741 in
1750 1689 1834 1741 his
1881 1690 2055 1744 virtus
2157 1687 2321 1740 Juxta
2351 1701 2522 1756 quem
2549 1685 2814 1740 inimicus
2843 1686 3019 1740 homo
3049 1685 3240 1755 iacens
3271 1691 3331 1740 et
3373 1688 3528 1742 hunc
3580 1690 3770 1744 vivere

451 1775 708 1845 ejusdem
741 1776 926 1829 valeat
945 1775 1302 1829 enucleacius
1330 1792 1626 1847 apparere.
2158 1775 2344 1828 solum
2360 1774 2430 1827 ab
2455 1773 2848 1827 insidiantium
2873 1774 3090 1844 laqueis
3105 1779 3241 1828 tunc
3258 1791 3488 1830 securus
3502 1793 3769 1844 cernens,

527 1867 610 1919 17.
641 1864 1183 1933 lmperator,audita
1206 1865 1636 1919 Ratisbonensis
1660 1867 1910 1921 ecclesia:
1926 1885 2054 1938 pre-
2086 1869 2138 1926 B
2161 1864 2386 1917 hastam
2405 1864 2647 1934 sumpsit
2678 1867 2733 1916 et
2755 1879 2960 1917 necare
2975 1864 3225 1918 eundem
3253 1869 3492 1920 conatus
3504 1867 3772 1921 est.Tunc

453 1950 751 2020 sulis(295)
774 1954 982 2017 morte,
1015 1968 1084 2007 eo
1117 1953 1368 2023 perrexit
1401 1953 1508 2021 (an.
1541 1955 1686 2021 942),
1743 1959 1798 2008 et
1848 1959 1909 2009 ut
1934 1958 2059 2026 epi-
2162 1952 2266 2006 iste
2299 1953 2655 2006 confortatus
2695 1953 2753 2006 in
2809 1951 3074 2019 Domino,
3103 1956 3234 2023 post
3277 1953 3522 2025 longum
3577 1957 3763 2010 mutui

451 2043 747 2111 scopatum
778 2058 892 2094 non
920 2040 1031 2095 alio
1049 2049 1119 2082 ’⁵³
1151 2041 1336 2106 daret,
1362 2041 1469 2094 nisi
1500 2059 1568 2096 eo
1587 2051 1678 2104 2N,
1712 2044 1808 2114 qui
1842 2045 2060 2114 primus
2161 2041 2365 2111 agonis
2399 2043 2686 2095 luctamen
2720 2040 2898 2095 victor
2927 2041 3152 2095 hostem
3181 2044 3507 2112 prostravit,
3541 2047 3599 2098 et
3621 2045 3769 2100 inter

451 2129 559 2184 sibi
587 2131 920 2197 occurrerit,
944 2131 1002 2185 in
1034 2131 1254 2186 somnis
1283 2132 1636 2186 ammonitus
1672 2136 1774 2188 est.
1802 2134 1988 2188 Crasti

2227 2130 2370 2183 ultas
2401 2128 2621 2182 itineris
2652 2130 2987 2199 asperitates
3013 2116 3334 2196 incolomis,
3362 2135 3535 2186 notos
3564 2147 3763 2202 perve-

456 2223 650 2273 autem
679 2219 771 2274 die
803 2219 1066 2290 primitus
1098 2221 1502 2286 inlucescente,
1534 2238 1693 2275 cesar
1729 2222 1799 2275 ad
1854 2240 2058 2278 mona-
2162 2218 2246 2272 nit
2275 2218 2346 2271 ad
2378 2218 2540 2272 fines.
2572 2217 2708 2271 Inde
2740 2218 3014 2289 gaudium
3040 2218 3200 2289 gregi
3237 2237 3338 2274 suo
3383 2221 3662 2286 exoritur,
3718 2228 3772 2276 et

455 2306 691 2362 sterium
753 2307 959 2362 Christi
999 2309 1252 2362 martiris
1285 2309 1727 2376 Emmerammi,
1763 2311 2062 2366 monachis
2163 2307 2320 2360 omni
2357 2307 2644 2360 Christum
2675 2307 3066 2377 cognoscenti.
3098 2308 3384 2380 Excipitur
3406 2310 3479 2364 ab
3507 2311 3771 2366 omnibus

454 2396 562 2450 hoc
593 2395 998 2459 nescientibus.
1042 2414 1171 2450 cum
1215 2398 1406 2467 paucis
1459 2398 1632 2463 venit,
1667 2402 1725 2452 et
1785 2401 2059 2470 paulatim
2163 2397 2326 2449 miles
2356 2397 2542 2449 bonus
2576 2396 2632 2448 in
2661 2397 2835 2460 clero,
2871 2399 2928 2448 et
2957 2401 3216 2451 servatur
3272 2399 3526 2468 optimus
3580 2403 3768 2470 pastor

455 2484 664 2538 ostium
691 2486 942 2554 pulsans,
977 2501 1012 2538 a
1036 2485 1289 2555 quodam
1317 2486 1629 2539 Guntherio
1656 2496 1747 2552 ³⁵⁵,
1792 2488 2061 2542 aacclesiaa
2164 2486 2219 2539 in
2248 2486 2480 2556 populo,
2511 2487 2570 2538 et
2599 2485 2704 2538 fuit
2729 2485 2990 2553 ejusdem
3025 2485 3308 2539 mutilatio
3343 2503 3463 2541 non
3497 2489 3571 2542 ad
3602 2488 3768 2543 dede-

457 2572 718 2643 pervigili
773 2572 1007 2626 custode
1044 2576 1101 2626 et
1128 2590 1230 2644 per
1261 2573 1460 2627 omnia
1498 2575 1808 2629 venerabili
1876 2580 2058 2646 patre,
2164 2591 2282 2636 cus,
2303 2574 2402 2628 sed
2432 2573 2504 2627 ad
2535 2573 2817 2628 honorem
2844 2573 3045 2644 magis.
3111 2575 3177 2628 Et
3202 2591 3356 2628 nunc
3385 2580 3646 2630 revertar
3700 2577 3766 2633 ad

459 2660 821 2716 intromissus
849 2660 1488 2724 est.Quemintuens.ad
1507 2663 1854 2718 adorantum
1872 2666 2061 2735 primo
2163 2663 2587 2732 explanandam
2621 2662 2973 2718 narracionis
2999 2662 3228 2718 seriem.

454 2750 690 2820 supplex
721 2749 1015 2820 processit,
1067 2749 1391 2819 deindeque
1431 2751 1640 2805 talibus
1682 2753 2059 2824 aggreditur:
2243 2754 2322 2805 l8.
2363 2751 2756 2806 Romanorum
2791 2755 3103 2822 prepotens
3145 2752 3468 2822 imperator
3505 2758 3771 2825 angustus

458 2836 602 2902 Quid
630 2838 982 2902 mihi,frater,
1003 2854 1103 2907 pro
1126 2837 1463 2908 adipiscendo
1501 2842 1824 2910 episcopatus
1869 2842 2065 2896 honore
2163 2839 2542 2894 valentiorem
2560 2839 2664 2893 sibi
2686 2847 2752 2880 2M
2771 2839 2827 2892 in
2857 2839 3076 2894 Christo
3096 2840 3382 2895 domuum
3397 2843 3768 2913 apostolicum

453 2928 534 2980 vis
561 2925 688 2980 dare
719 2927 747 2978 ?
771 2924 976 2980 Senior
1013 2926 1085 2980 ad
1119 2927 1238 2980 haec
1277 2926 1615 2982 subridens:
1647 2926 1885 2994 Calceos,
1917 2929 2063 2996 infit,
2167 2928 2404 2982 nomine
2431 2929 2825 2992 Benedictum,
2859 2944 3034 3000 quem
3054 2937 3122 2970 εει
3157 2930 3348 2984 nullus
3405 2931 3624 3002 absque
3664 2935 3766 2987 Deo

455 3015 778 3071 meos.llunc
807 3018 1000 3068 autem
1015 3031 1145 3068 cum
1165 3015 1786 3071 ceterisconfratribus
1815 3018 1887 3072 ad
1917 3019 2062 3072 elec-
2161 3017 2421 3088 judicare
2443 3017 2649 3088 potuit,
2673 3017 2748 3087 inj
2761 3021 3546 3088 uste,utspero,accusatum,
3572 3021 3766 3093 deponi

461 3103 691 3158 cionem
725 3103 994 3158 antistitis
1035 3103 1106 3157 ad
1138 3107 1398 3158 sanctum
1435 3106 1665 3159 Petrum
1714 3108 2063 3174 venientem,
2167 3107 2458 3160 consensit
2483 3109 2571 3174 (an
2627 3108 2772 3174 964),
2804 3107 2882 3172 et,
2917 3106 3070 3178 quod
3103 3106 3328 3161 utinam
3366 3123 3485 3161 non
3534 3109 3764 3175 fecisset,

459 3191 517 3258 lf.
533 3192 624 3264 27)
655 3208 814 3247 cesar
843 3192 1120 3263 explicato
1151 3193 1366 3247 cunctis
1396 3202 1465 3235 Μ
1497 3195 1724 3250 somnio
1757 3200 2062 3267 ceteroque
2087 3213 2133 3276 ρ
2167 3194 2335 3249 exilio
2367 3195 2440 3249 ad
2473 3195 2901 3266 Hammabureg
2951 3195 3185 3266 religari
3229 3205 3298 3237 IN
3329 3198 3592 3267 precepit
3613 3199 3766 3269 (297),

457 3281 544 3336 rei
564 3284 792 3348 eventu,
816 3297 946 3336 cum
971 3289 1041 3323 ³⁸⁷
1072 3281 1310 3336 consilio
1355 3281 1491 3336 cleri
1522 3282 1814 3354 tociusque
1869 3285 2064 3356 papuli
2168 3286 2230 3337 ut
2258 3286 2386 3355 post
2411 3283 2648 3338 lucidius
2666 3284 2722 3350 (ἰ.
2739 3285 3379 3352 28)indicabo.lnterim
3410 3288 3768 3343 llirimannus

461 3370 532 3425 ad
555 3370 912 3425 sacerdotem
939 3370 1253 3425 constituit.
1285 3372 1332 3425 ls
1363 3388 1495 3426 vero
1525 3375 1759 3442 accepta
1797 3372 2069 3427 benedic-
2168 3372 2278 3426 dux
2310 3371 2619 3427 Saxoniam
2643 3373 2906 3443 regebat;
2934 3373 3232 3445 positaque
3256 3375 3330 3430 ad
3359 3376 3768 3448 Magathaburg

459 3458 626 3514 cione
652 3459 1124 3514 sedebattantum
1147 3463 1178 3513 6
1209 3460 2067 3532 menses(296),egritudineque
2167 3468 2238 3502 ηδ
2265 3460 2566 3525 concione,
2603 3465 2901 3530 susceptus
2917 3465 3002 3516 est
3020 3461 3091 3516 ab
3110 3462 3569 3535 archiepiscopo,
3587 3483 3771 3520 manu-

461 3564 822 3619 compressus
878 3548 1089 3614 valida,
1123 3549 1194 3602 ad
1237 3549 1530 3604 modicum
1566 3549 1776 3604 evaluit
1796 3557 1886 3614 ³⁵⁸,
1909 3566 2066 3604 sum-
2168 3565 2279 3620 que
2308 3549 2584 3604 deductus
2621 3550 2694 3603 ad
2724 3549 3046 3616 ecclesiam,
3078 3551 3331 3605 accensis
3384 3554 3761 3608 luminaribus

457 3640 672 3708 ptoque
703 3637 763 3692 in
795 3653 1002 3692 manus
1035 3645 1105 3678 ἰο
1135 3637 1350 3702 cinere,
1409 3638 1622 3703 locum,
1671 3653 1786 3708 quo
1842 3637 1912 3691 de
1959 3638 2067 3692 hoc
2169 3638 2499 3708 cunctisque
2525 3638 2862 3692 sonantibus
2884 3639 3194 3711 campanis.
3232 3640 3511 3698 lbiavum
3544 3643 3769 3697 meimet

459 3727 647 3782 seculo
665 3725 918 3797 migrare
947 3725 1143 3791 voluit,
1163 3725 1327 3795 signo
1356 3728 1566 3780 sanctae
1583 3725 1766 3780 crucis
1787 3711 1906 3797 ipse
1929 3742 2066 3781 con-
2169 3725 2497 3781 Heinricum
2523 3729 2686 3792 (298),
2720 3729 2895 3782 tantae
2925 3728 3289 3784 resistentem
3308 3731 3622 3800 superbiai,
3654 3732 3769 3786 dolo

455 3815 750 3886 surgendo
776 3813 1044 3885 signavit,
1075 3814 1484 3883 sololenusque
1507 3812 1888 3882 positus,illud
1916 3813 2069 3870 beati
2169 3831 2372 3886 capere
2400 3815 2511 3869 dux
2543 3815 2698 3869 nisus
2721 3832 2836 3870 non
2865 3816 3069 3885 potuit,
3101 3817 3236 3888 quia
3261 3818 3416 3873 hunc
3433 3827 3504 3861 ³91
3535 3821 3769 3874 militum

455 3904 561 3959 Job
590 3918 825 3958 carmen
857 3901 1058 3956 beatus
1095 3903 1153 3952 et
1202 3899 1321 3969 ipse
1366 3899 1571 3952 cecinit
1603 3917 1620 3953 :
1659 3900 1871 3955 Audita
1918 3907 2069 3958 auris
2170 3920 2386 3974 magna
2415 3905 2641 3957 caterva
2673 3905 2928 3958 vallavit.
2963 3906 3226 3978 Precepit
3255 3910 3457 3962 tamen
3475 3907 3550 3974 ei,
3584 3913 3646 3962 ut
3669 3909 3766 3963 Ro-

456 3991 644 4045 audivi
675 3998 744 4055 te,
769 3989 1020 4053 Domine,
1077 4002 1216 4040 nunc
1263 3994 1442 4041 autem
1503 3989 1686 4043 oculus
1737 4006 1884 4046 meus
1933 3993 2069 4046 videt
2169 4009 2327 4047 mam
2361 3991 2892 4064 postinperatorem
2910 3998 3200 4064 pergeret.
3228 3995 3768 4051 lluodlibentissime

457 4090 505 4133 te
521 4109 538 4146 ,-
567 4079 762 4133 idcirco
784 4079 890 4148 ipse
923 4093 1006 4130 me
1035 4075 1378 4147 reprehendo,
1434 4083 1484 4132 et
1503 4094 1604 4146 ago
1641 4082 1991 4149 penitentiam
2013 4081 2068 4132 in
2169 4081 2840 4152 complens,transcensis
2865 4081 3101 4153 Alpibus
3135 4087 3195 4138 ut
3224 4083 3484 4155 primum
3514 4085 3588 4140 ad
3606 4086 3768 4158 impe-

455 4167 651 4237 favilla
667 4173 716 4220 et
737 4167 912 4220 cinere
931 4165 1080 4235 (Job.
1097 4169 1306 4236 n.n,5).
1333 4167 1399 4221 Et
1413 4167 1689 4224 continuo
1709 4169 2067 4224 confessione
2169 4175 2424 4225 ratorem
2455 4170 2632 4236 venit,
2665 4170 2866 4225 videns
2893 4187 3027 4225 eum
3079 4188 3114 4226 a
3161 4173 3358 4244 longe,
3392 4175 3684 4228 solotenus
3717 4190 3767 4227 se

456 4271 590 4309 cum
617 4252 868 4309 lacrimis
886 4257 1121 4325 peracta
1138 4254 1331 4310 emisit
1344 4255 1611 4327 spiritum
1633 4257 2066 4329 ;inpletumque
2169 4258 2477 4331 prostravit
2500 4276 2513 4326 ;
2549 4258 3072 4329 interrogatusque,
3107 4259 3243 4331 quid
3271 4277 3457 4316 causa
3481 4263 3590 4318 hoc
3617 4265 3763 4321 esset.

457 4344 513 4398 in
543 4342 752 4399 eodem
778 4345 884 4410 est,
914 4342 1068 4414 quod
1089 4344 1579 4400 antecessorillius
1597 4345 1797 4400 similis
1839 4345 2069 4400 habitus
2171 4347 2324 4419 quod
2360 4349 2654 4401 accusatus
2705 4347 2856 4419 apud
2891 4364 3046 4414 eum,
3081 4349 3334 4419 gratiam
3393 4368 3558 4405 suam
3603 4352 3762 4423 pieta-

453 4432 587 4490 huic
613 4430 898 4503 prodixit:
932 4431 1016 4486 Tu
1045 4432 1219 4502 debes,
1253 4434 1448 4502 frater,
1503 4435 1760 4490 secundus
1804 4443 1931 4505 post
1987 4452 2068 4490 me
2091 4486 2143 4544 D
2170 4440 2404 4508 temque
2439 4436 2667 4491 solitam
2700 4435 3014 4508 perdidisse
3046 4437 3301 4506 timeret,
3353 4439 3766 4494 lacrimabiliter

455 4523 592 4579 hanc
639 4521 928 4576 ecclesiam
979 4539 1155 4593 regere
1179 4551 1195 4589 ,-
1254 4523 1342 4577 sed
1396 4541 1568 4594 parvo
1624 4531 1852 4595 tempore
1906 4527 2062 4593 vires,
2091 4521 2143 4544 ν
2173 4525 2680 4598 respondit.Quem
2706 4525 2968 4595 protinus
2986 4527 3613 4600 elevatumimperator
3632 4545 3764 4582 oscu-

453 4613 566 4668 Deo
599 4617 809 4665 tantum
834 4620 905 4653 ισο
967 4618 1016 4665 te
1070 4612 1479 4668 misericorditer
1538 4619 1844 4669 coronante.
1901 4615 2065 4678 Quod
2172 4615 2341 4679 latur,
2373 4614 2710 4686 singulaque
2742 4614 3024 4685 sagaciter
3053 4616 3418 4687 perquirens,
3445 4623 3502 4671 et
3546 4619 3614 4672 de
3661 4633 3760 4670 sus-

1782 4703 2016 4757 VARI/E
2068 4701 2467 4759 LECTIONES.

524 4797 593 4832 “1
627 4805 744 4844 non
771 4788 907 4845 add.
951 4793 969 4842 1
1009 4804 1056 4845 c.
1092 4793 1144 4844 2.
1180 4798 1250 4830 2⁸³
1279 4790 1462 4844 Hidda
1501 4789 1628 4846 add.
1665 4793 1718 4844 2.
1752 4799 1826 4831 353
1857 4792 1952 4846 alii
1989 4797 2006 4844 1
2042 4807 2090 4847 c.
2136 4800 2204 4832 ιιι
2237 4791 2332 4844 eil
2366 4810 2412 4846 c.
2455 4799 2526 4832 ’⁵⁵
2579 4791 2593 4844 i
2640 4809 2846 4844 erasum
2908 4798 3002 4857 est,
3043 4801 3114 4833 πο
3144 4792 3331 4847 cuntis
3375 4798 3426 4848 l.
3466 4803 3535 4835 257
3576 4793 3694 4847 cuni
3724 4796 3760 4843 l.

454 4859 820 4934 (communi?
849 4859 1099 4934 AtAnn.
1129 4861 1276 4934 Saxo
1309 4877 1362 4916 a.
1393 4864 1519 4934 952.
1553 4861 1708 4934 habet
1739 4878 1896 4934 cum.
1928 4871 1998 4906 ηε
2027 4863 2316 4918 convaluit
2344 4867 2361 4916 1
2400 4879 2447 4920 c.
2482 4863 2637 4916 Ann.
2661 4863 2798 4917 Sam.
2833 4871 2910 4934 ’δὴ
2937 4863 3127 4917 manis
3149 4867 3198 4920 1.
3249 4872 3321 4905 "0
3360 4868 3437 4918 ita
3465 4882 3511 4920 c.
3563 4874 3626 4906 ξεί
3653 4863 3760 4934 add.

456 4931 477 4986 1
507 4950 560 4987 a.
593 4940 665 5005 μοι
696 4931 834 5005 Cod.
871 4935 890 4984 1
916 4933 1097 5005 primo
1124 4933 1356 5005 habuit}
1394 4931 1499 4996 Qui
1539 4931 1790 5005 cumissa
1831 4933 1936 4987 sibi
1971 4935 2258 5005 optinere,
2320 4935 2464 5005 quod
2499 4935 2673 5005 scriba
2737 4941 2794 4986 ut
2824 4933 3035 4987 videtur
3061 4938 3169 5004 ipse
3182 4936 3302 5005 jam
3331 4939 3560 4989 mutavit
3590 4941 3639 4988 in
3676 4933 3764 4996 Qui

456 4951 477 4986 ι
507 4951 560 4987 a.
593 4951 665 4973 τοι
696 4951 834 4989 υοιι.
871 4951 889 4984 1
916 4951 1097 5002 primo
1124 4951 1312 4985 ηαοιιιι
1340 4951 1356 4984 :
1394 4951 1499 4996 uui
1539 4951 1790 4986 cumissa
1831 4951 1936 4987 sxm
1971 4951 2002 4987 o
2052 4951 2258 5000 unere,
2320 4951 2462 5005 quoa
2499 4951 2673 4987 scrwa
2737 4951 2794 4986 ut
2824 4951 3035 4987 t‘melul‘
3061 4951 3302 5005 apsejam
3331 4951 3560 4989 mutam:
3590 4953 3639 4988 ιη
3676 4951 3762 4996 um

456 5004 704 5078 cumissa
732 5002 836 5078 sibi
877 5002 1095 5074 optime
1127 5003 1244 5057 diu.
1268 5002 1444 5078 Hoc}
1470 5019 1530 5078 c._
1569 5004 1654 5058 ita
1683 5006 1925 5078 conecit
1955 5022 1978 5078 :_
2000 4951 2106 5069 δαί
2139 5023 2268 5060 cum
2301 5004 2610 5078 commissa
2680 5005 2784 5059 sibi
2826 5005 3046 5076 optime
3098 5005 3228 5076 diu;
3269 5008 3416 5078 quod
3445 5010 3602 5061 etiam
3634 5007 3762 5060 Ann.

455 5075 624 5129 Saxo.
656 5073 830 5129 habet.
863 5072 934 5116 ὀὗ
965 5078 1166 5130 exorta
1194 5105 1259 5115 —
1286 5074 1479 5128 duella
1514 5072 1538 5127 l
1566 5089 1620 5130 α.
1656 5083 1726 5116 ’σι
1761 5075 1984 5147 religiri
2012 5081 2030 5129 l
2072 5095 2124 5130 a.
2151 5085 2221 5118 ηε
2256 5075 2659 5147 magadaburg
2693 5081 2711 5130 1
2745 5092 2792 5131 c.

2006 5166 2049 5218 N
2058 5165 2142 5221 OT
2147 5165 2232 5220 ΑΞ.

525 5251 868 5335 (.294)_Quod
898 5252 1201 5335 ﬁebat‘sub
1227 5253 1292 5306 Al
1323 5251 1477 5332 Mpaz
1506 5251 1738 5333 ,chalifa
1793 5269 1858 5306 ex
1907 5256 2082 5335 gente
2186 5269 2324 5335 nem
2367 5253 2426 5335 in
2464 5253 2683 5335 italiam
2722 5252 3008 5335 (Mil-995;)
3039 5269 3170 5335 chum
3202 5255 3377 5335 tertia
3404 5254 3764 5335 (966-972,)hic

459 5323 872 5380 Fatimidarum
901 5342 944 5378 s.
969 5323 1676 5396 Alidarumgprimomirca
1702 5340 1922 5396 annum
1953 5328 2078 5379 970.
2188 5324 2510 5379 confudisse
2535 5323 2778 5379 videtur.
2823 5326 2882 5378 ln
2918 5323 3011 5396 illa
3058 5325 3430 5380 Benedictum
3478 5327 3766 5396 imperator

532 5399 674 5469 (295)
723 5396 812 5451 Sc.
858 5395 1160 5469 [sangrini,
1197 5394 1295 5465 qui
1318 5394 1463 5469 obiit
1491 5411 1542 5447 a.
1579 5397 1704 5459 942,
1738 5395 1798 5448 V.
1833 5397 2083 5450 Annales
2185 5396 2490 5469 deposuit;
2521 5397 2630 5469 hac
2649 5397 2902 5469 durante
2932 5395 3318 5450 {Ethelbertus
3339 5394 3760 5469 archiepiscopa-

462 5467 520 5522 S.
551 5467 972 5522 Emmerammi
995 5465 1322 5537 ’Ratispon.
1344 5465 1402 5520 h.
1437 5483 1504 5537 a.
2185 5465 2309 5521 tum
2341 5467 2592 5521 obtinuit
2617 5467 3193 5537 Magdeburgensem.

531 5540 672 5606 (296)
707 5537 1056 5608 Guntharius
1094 5539 1162 5608 39
1179 5536 1576 5591 hebdomadas
1607 5539 1735 5608 post
1765 5537 2082 5592 ordinatio-
2254 5539 2400 5608 (298)
2431 5539 2520 5593 Sc.
2553 5555 2619 5593 ex
2653 5542 2839 5594 matre
2871 5536 3217 5608 Cunigunde
3239 5538 3389 5594 ﬁlius
3421 5537 3656 5594 l-leinrici
3681 5551 3756 5588 co-

467 5622 607 5661 nem
633 5607 894 5674 obiitgv.
917 5609 1075 5662 Ann.
1107 5607 1164 5662 S.
1195 5607 1618 5664 Emmerammi
1653 5625 1709 5664 a.
1743 5611 1868 5664 942.
2186 5609 2341 5664 mitis
2360 5609 2672 5665 Stadensis.

537 5676 689 5747 (297)
718 5675 1085 5733 Thiet‘marus
1113 5676 1426 5732 secundam
1468 5677 1693 5733 Dttonis
1721 5679 1742 5732 l
1768 5678 2080 5751 expeditio-
