  <div class='ocr_page' id='page_1' title='image "/cluster/home/n/w/nwhite01/storage/ocr_20150623/139/uva.x000829787/620.png"; bbox 0 0 3892 6214; ppageno 0'>
   <div class='ocr_carea' id='block_1_1' title="bbox 167 428 308 481">
    <p class='ocr_par' dir='ltr' id='par_1_1' title="bbox 167 428 308 481">
     <span class='ocr_line' id='line_1_1' title="bbox 167 428 308 481; baseline -0.014 -1"><span class='ocrx_word' id='word_1_1' title='bbox 167 428 308 481; x_wconf 75' lang='grc'><strong>1225</strong></span> 
     </span>
    </p>
   </div>
   <div class='ocr_carea' id='block_1_2' title="bbox 1433 415 2220 476">
    <p class='ocr_par' dir='ltr' id='par_1_2' title="bbox 1433 415 2220 476">
     <span class='ocr_line' id='line_1_2' title="bbox 1433 415 2220 476; baseline -0.004 -2"><span class='ocrx_word' id='word_1_2' title='bbox 1433 415 1848 476; x_wconf 74' lang='lat' dir='ltr'><strong>CRRONICON.</strong></span> <span class='ocrx_word' id='word_1_3' title='bbox 1891 449 1961 458; x_wconf 98' lang='lat'><strong>—</strong></span> <span class='ocrx_word' id='word_1_4' title='bbox 1989 418 2118 476; x_wconf 82' lang='lat' dir='ltr'><strong>LIB.</strong></span> <span class='ocrx_word' id='word_1_5' title='bbox 2150 418 2220 474; x_wconf 82' lang='lat' dir='ltr'><strong>Ill</strong></span> 
     </span>
    </p>
   </div>
   <div class='ocr_carea' id='block_1_3' title="bbox 3355 417 3490 473">
    <p class='ocr_par' dir='ltr' id='par_1_3' title="bbox 3355 417 3490 473">
     <span class='ocr_line' id='line_1_3' title="bbox 3355 417 3490 473; baseline 0 -1"><span class='ocrx_word' id='word_1_6' title='bbox 3355 417 3490 473; x_wconf 74' lang='grc'><strong>1226</strong></span> 
     </span>
    </p>
   </div>
   <div class='ocr_carea' id='block_1_4' title="bbox 161 538 3494 612">
    <p class='ocr_par' dir='ltr' id='par_1_4' title="bbox 161 538 3494 612">
     <span class='ocr_line' id='line_1_4' title="bbox 161 538 3494 612; baseline -0.002 -12"><span class='ocrx_word' id='word_1_7' title='bbox 161 549 226 600; x_wconf 91' lang='lat' dir='ltr'><strong>et</strong></span> <span class='ocrx_word' id='word_1_8' title='bbox 265 543 555 599; x_wconf 81' lang='lat' dir='ltr'><strong>memoria</strong></span> <span class='ocrx_word' id='word_1_9' title='bbox 609 540 1005 605; x_wconf 72' lang='lat' dir='ltr'><strong>convenirent,</strong></span> <span class='ocrx_word' id='word_1_10' title='bbox 1069 539 1125 592; x_wconf 91' lang='lat' dir='ltr'><strong>in</strong></span> <span class='ocrx_word' id='word_1_11' title='bbox 1181 540 1520 612; x_wconf 87' lang='lat' dir='ltr'><strong>explicanda</strong></span> <span class='ocrx_word' id='word_1_12' title='bbox 1569 541 1780 595; x_wconf 87' lang='lat' dir='ltr'><strong>cesaris</strong></span> <span class='ocrx_word' id='word_1_13' title='bbox 1811 545 2096 606; x_wconf 64' lang='lat' dir='ltr'><strong>Aornum,</strong></span> <span class='ocrx_word' id='word_1_14' title='bbox 2118 547 2343 611; x_wconf 72' lang='lat' dir='ltr'><strong>postque</strong></span> <span class='ocrx_word' id='word_1_15' title='bbox 2388 539 2624 609; x_wconf 80' lang='lat' dir='ltr'><strong>ferreum</strong></span> <span class='ocrx_word' id='word_1_16' title='bbox 2667 541 2923 610; x_wconf 77' lang='lat' dir='ltr'><strong>sequitur.</strong></span> <span class='ocrx_word' id='word_1_17' title='bbox 2947 538 3154 593; x_wconf 78' lang='lat' dir='ltr'><strong>Audiat</strong></span> <span class='ocrx_word' id='word_1_18' title='bbox 3183 539 3494 611; x_wconf 86' lang='lat' dir='ltr'><strong>unusquis-</strong></span> 
     </span>
    </p>
   </div>
   <div class='ocr_carea' id='block_1_5' title="bbox 162 627 1785 700">
    <p class='ocr_par' dir='ltr' id='par_1_5' title="bbox 162 627 1785 700">
     <span class='ocr_line' id='line_1_5' title="bbox 162 627 1785 700; baseline -0.004 -12"><span class='ocrx_word' id='word_1_19' title='bbox 162 633 341 688; x_wconf 88' lang='lat' dir='ltr'><strong>laude</strong></span> <span class='ocrx_word' id='word_1_20' title='bbox 379 632 718 686; x_wconf 89' lang='lat' dir='ltr'><strong>deﬁcerent.</strong></span> <span class='ocrx_word' id='word_1_21' title='bbox 749 629 906 682; x_wconf 92' lang='lat' dir='ltr'><strong>Sicut</strong></span> <span class='ocrx_word' id='word_1_22' title='bbox 938 627 1230 693; x_wconf 89' lang='lat' dir='ltr'><strong>dominus,</strong></span> <span class='ocrx_word' id='word_1_23' title='bbox 1261 629 1337 682; x_wconf 91' lang='lat' dir='ltr'><strong>sic</strong></span> <span class='ocrx_word' id='word_1_24' title='bbox 1365 634 1420 683; x_wconf 88' lang='lat' dir='ltr'><strong>et</strong></span> <span class='ocrx_word' id='word_1_25' title='bbox 1459 638 1529 670; x_wconf 59' lang='grc' dir='ltr'><strong>δίε</strong></span> <span class='ocrx_word' id='word_1_26' title='bbox 1569 629 1785 700; x_wconf 89' lang='lat' dir='ltr'><strong>princi-</strong></span> 
     </span>
    </p>
   </div>
   <div class='ocr_carea' id='block_1_6' title="bbox 164 718 1784 794">
    <p class='ocr_par' dir='ltr' id='par_1_6' title="bbox 164 718 1784 794">
     <span class='ocr_line' id='line_1_6' title="bbox 164 718 1784 794; baseline -0.002 -18"><span class='ocrx_word' id='word_1_27' title='bbox 164 740 270 794; x_wconf 91' lang='lat' dir='ltr'><strong>pes</strong></span> <span class='ocrx_word' id='word_1_28' title='bbox 319 723 442 792; x_wconf 85' lang='lat' dir='ltr'><strong>ejus</strong></span> <span class='ocrx_word' id='word_1_29' title='bbox 487 722 740 775; x_wconf 87' lang='lat' dir='ltr'><strong>fuerunt.</strong></span> <span class='ocrx_word' id='word_1_30' title='bbox 790 718 914 771; x_wconf 86' lang='lat' dir='ltr'><strong>Non</strong></span> <span class='ocrx_word' id='word_1_31' title='bbox 964 733 1062 770; x_wconf 86' lang='lat' dir='ltr'><strong>eos</strong></span> <span class='ocrx_word' id='word_1_32' title='bbox 1096 718 1356 772; x_wconf 88' lang='lat' dir='ltr'><strong>ciborum</strong></span> <span class='ocrx_word' id='word_1_33' title='bbox 1395 737 1492 773; x_wconf 86' lang='lat' dir='ltr'><strong>seu</strong></span> <span class='ocrx_word' id='word_1_34' title='bbox 1542 719 1784 773; x_wconf 85' lang='lat' dir='ltr'><strong>aliarum</strong></span> 
     </span>
    </p>
   </div>
   <div class='ocr_carea' id='block_1_7' title="bbox 163 805 1788 879">
    <p class='ocr_par' dir='ltr' id='par_1_7' title="bbox 163 805 1788 879">
     <span class='ocr_line' id='line_1_7' title="bbox 163 805 1788 879; baseline -0.004 -15"><span class='ocrx_word' id='word_1_35' title='bbox 163 828 371 866; x_wconf 90' lang='lat' dir='ltr'><strong>rerum</strong></span> <span class='ocrx_word' id='word_1_36' title='bbox 403 809 693 879; x_wconf 83' lang='lat' dir='ltr'><strong>superflua</strong></span> <span class='ocrx_word' id='word_1_37' title='bbox 720 805 1088 871; x_wconf 89' lang='lat' dir='ltr'><strong>varietas,sed</strong></span> <span class='ocrx_word' id='word_1_38' title='bbox 1121 806 1176 859; x_wconf 90' lang='lat' dir='ltr'><strong>in</strong></span> <span class='ocrx_word' id='word_1_39' title='bbox 1204 807 1424 860; x_wconf 83' lang='lat' dir='ltr'><strong>cunctis</strong></span> <span class='ocrx_word' id='word_1_40' title='bbox 1468 807 1788 860; x_wconf 76' lang='lat' dir='ltr'><strong>delectabat</strong></span> 
     </span>
    </p>
   </div>
   <div class='ocr_carea' id='block_1_8' title="bbox 165 895 1786 965">
    <p class='ocr_par' dir='ltr' id='par_1_8' title="bbox 165 895 1786 965">
     <span class='ocr_line' id='line_1_8' title="bbox 165 895 1786 965; baseline -0.004 -11"><span class='ocrx_word' id='word_1_41' title='bbox 165 916 350 954; x_wconf 86' lang='lat' dir='ltr'><strong>aurea</strong></span> <span class='ocrx_word' id='word_1_42' title='bbox 382 896 770 952; x_wconf 88' lang='lat' dir='ltr'><strong>mediocritas.</strong></span> <span class='ocrx_word' id='word_1_43' title='bbox 806 895 1017 949; x_wconf 84' lang='lat' dir='ltr'><strong>Omnes</strong></span> <span class='ocrx_word' id='word_1_44' title='bbox 1041 909 1166 965; x_wconf 71' lang='lat' dir='ltr'><strong>quae</strong></span> <span class='ocrx_word' id='word_1_45' title='bbox 1207 896 1476 964; x_wconf 91' lang='lat' dir='ltr'><strong>leguntur</strong></span> <span class='ocrx_word' id='word_1_46' title='bbox 1529 895 1786 960; x_wconf 79' lang='lat' dir='ltr'><strong>virtutes,</strong></span> 
     </span>
    </p>
   </div>
   <div class='ocr_carea' id='block_1_9' title="bbox 162 982 1789 1057">
    <p class='ocr_par' dir='ltr' id='par_1_9' title="bbox 162 982 1789 1057">
     <span class='ocr_line' id='line_1_9' title="bbox 162 982 1789 1057; baseline -0.005 -15"><span class='ocrx_word' id='word_1_47' title='bbox 162 987 260 1042; x_wconf 86' lang='lat' dir='ltr'><strong>his</strong></span> <span class='ocrx_word' id='word_1_48' title='bbox 293 986 638 1057; x_wconf 76' lang='lat' dir='ltr'><strong>degentibus</strong></span> <span class='ocrx_word' id='word_1_49' title='bbox 683 986 974 1047; x_wconf 86' lang='lat' dir='ltr'><strong>ﬂorentes,</strong></span> <span class='ocrx_word' id='word_1_50' title='bbox 1022 982 1129 1036; x_wconf 83' lang='lat' dir='ltr'><strong>hiis</strong></span> <span class='ocrx_word' id='word_1_51' title='bbox 1155 983 1498 1037; x_wconf 88' lang='lat' dir='ltr'><strong>obeuntibus</strong></span> <span class='ocrx_word' id='word_1_52' title='bbox 1545 999 1789 1037; x_wconf 88' lang='lat' dir='ltr'><strong>marces—</strong></span> 
     </span>
    </p>
   </div>
   <div class='ocr_carea' id='block_1_10' title="bbox 163 1071 1791 1142">
    <p class='ocr_par' dir='ltr' id='par_1_10' title="bbox 163 1071 1791 1142">
     <span class='ocr_line' id='line_1_10' title="bbox 163 1071 1791 1142; baseline -0.004 -12"><span class='ocrx_word' id='word_1_53' title='bbox 163 1078 393 1130; x_wconf 89' lang='lat' dir='ltr'><strong>serunt.</strong></span> <span class='ocrx_word' id='word_1_54' title='bbox 425 1074 510 1128; x_wconf 82' lang='lat' dir='ltr'><strong>tlii</strong></span> <span class='ocrx_word' id='word_1_55' title='bbox 542 1073 643 1127; x_wconf 90' lang='lat' dir='ltr'><strong>etsi</strong></span> <span class='ocrx_word' id='word_1_56' title='bbox 670 1072 1048 1141; x_wconf 82' lang='lat' dir='ltr'><strong>corporaliter</strong></span> <span class='ocrx_word' id='word_1_57' title='bbox 1080 1088 1196 1124; x_wconf 89' lang='lat' dir='ltr'><strong>non</strong></span> <span class='ocrx_word' id='word_1_58' title='bbox 1238 1071 1453 1137; x_wconf 89' lang='lat' dir='ltr'><strong>vivunt,</strong></span> <span class='ocrx_word' id='word_1_59' title='bbox 1485 1074 1791 1142; x_wconf 85' lang='lat' dir='ltr'><strong>supersunt</strong></span> 
     </span>
    </p>
   </div>
   <div class='ocr_carea' id='block_1_11' title="bbox 162 1161 1790 1231">
    <p class='ocr_par' dir='ltr' id='par_1_11' title="bbox 162 1161 1790 1231">
     <span class='ocr_line' id='line_1_11' title="bbox 162 1161 1790 1231; baseline -0.003 -14"><span class='ocrx_word' id='word_1_60' title='bbox 162 1165 388 1217; x_wconf 64' lang='lat' dir='ltr'><strong>animae</strong></span> <span class='ocrx_word' id='word_1_61' title='bbox 441 1162 824 1225; x_wconf 87' lang='lat' dir='ltr'><strong>immortales,</strong></span> <span class='ocrx_word' id='word_1_62' title='bbox 881 1161 1171 1214; x_wconf 90' lang='lat' dir='ltr'><strong>bonorum</strong></span> <span class='ocrx_word' id='word_1_63' title='bbox 1219 1164 1493 1231; x_wconf 87' lang='lat' dir='ltr'><strong>provectu</strong></span> <span class='ocrx_word' id='word_1_64' title='bbox 1547 1176 1790 1230; x_wconf 91' lang='lat' dir='ltr'><strong>operum</strong></span> 
     </span>
    </p>
   </div>
   <div class='ocr_carea' id='block_1_12' title="bbox 164 1249 1790 1320">
    <p class='ocr_par' dir='ltr' id='par_1_12' title="bbox 164 1249 1790 1320">
     <span class='ocr_line' id='line_1_12' title="bbox 164 1249 1790 1320; baseline -0.004 -13"><span class='ocrx_word' id='word_1_65' title='bbox 164 1255 347 1307; x_wconf 90' lang='lat' dir='ltr'><strong>beata</strong></span> <span class='ocrx_word' id='word_1_66' title='bbox 378 1251 700 1306; x_wconf 66' lang='lat' dir='ltr'><strong>aeternitate</strong></span> <span class='ocrx_word' id='word_1_67' title='bbox 733 1249 1072 1320; x_wconf 82' lang='lat' dir='ltr'><strong>gaudentes.</strong></span> <span class='ocrx_word' id='word_1_68' title='bbox 1101 1249 1209 1304; x_wconf 91' lang='lat' dir='ltr'><strong>Sed</strong></span> <span class='ocrx_word' id='word_1_69' title='bbox 1255 1253 1316 1303; x_wconf 91' lang='lat' dir='ltr'><strong>ut</strong></span> <span class='ocrx_word' id='word_1_70' title='bbox 1347 1249 1690 1303; x_wconf 85' lang='lat' dir='ltr'><strong>concludam</strong></span> <span class='ocrx_word' id='word_1_71' title='bbox 1720 1256 1790 1290; x_wconf 69' lang='grc' dir='ltr'><strong>διδ</strong></span> 
     </span>
    </p>
   </div>
   <div class='ocr_carea' id='block_1_13' title="bbox 165 1337 1793 1409">
    <p class='ocr_par' dir='ltr' id='par_1_13' title="bbox 165 1337 1793 1409">
     <span class='ocr_line' id='line_1_13' title="bbox 165 1337 1793 1409; baseline -0.001 -15"><span class='ocrx_word' id='word_1_72' title='bbox 165 1357 530 1407; x_wconf 84' lang='lat' dir='ltr'><strong>sermonem,</strong></span> <span class='ocrx_word' id='word_1_73' title='bbox 555 1341 684 1409; x_wconf 90' lang='lat' dir='ltr'><strong>post</strong></span> <span class='ocrx_word' id='word_1_74' title='bbox 711 1338 980 1392; x_wconf 91' lang='lat' dir='ltr'><strong>Carolum</strong></span> <span class='ocrx_word' id='word_1_75' title='bbox 1013 1337 1284 1408; x_wconf 83' lang='lat' dir='ltr'><strong>Magnum</strong></span> <span class='ocrx_word' id='word_1_76' title='bbox 1318 1339 1575 1408; x_wconf 85' lang='lat' dir='ltr'><strong>regalem</strong></span> <span class='ocrx_word' id='word_1_77' title='bbox 1605 1339 1793 1392; x_wconf 89' lang='lat' dir='ltr'><strong>cathe-</strong></span> 
     </span>
    </p>
   </div>
   <div class='ocr_carea' id='block_1_14' title="bbox 164 1427 1791 1498">
    <p class='ocr_par' dir='ltr' id='par_1_14' title="bbox 164 1427 1791 1498">
     <span class='ocr_line' id='line_1_14' title="bbox 164 1427 1791 1498; baseline -0.001 -16"><span class='ocrx_word' id='word_1_78' title='bbox 164 1432 341 1483; x_wconf 85' lang='lat' dir='ltr'><strong>dram</strong></span> <span class='ocrx_word' id='word_1_79' title='bbox 374 1443 695 1498; x_wconf 80' lang='lat' dir='ltr'><strong>numquam</strong></span> <span class='ocrx_word' id='word_1_80' title='bbox 724 1430 917 1482; x_wconf 83' lang='lat' dir='ltr'><strong>tantus</strong></span> <span class='ocrx_word' id='word_1_81' title='bbox 943 1427 1146 1496; x_wconf 78' lang='lat' dir='ltr'><strong>patriae</strong></span> <span class='ocrx_word' id='word_1_82' title='bbox 1169 1431 1340 1498; x_wconf 87' lang='lat' dir='ltr'><strong>atque</strong></span> <span class='ocrx_word' id='word_1_83' title='bbox 1373 1427 1644 1480; x_wconf 88' lang='lat' dir='ltr'><strong>defensor</strong></span> <span class='ocrx_word' id='word_1_84' title='bbox 1662 1442 1791 1496; x_wconf 87' lang='lat' dir='ltr'><strong>pos-</strong></span> 
     </span>
    </p>
   </div>
   <div class='ocr_carea' id='block_1_15' title="bbox 167 1515 1793 1586">
    <p class='ocr_par' dir='ltr' id='par_1_15' title="bbox 167 1515 1793 1586">
     <span class='ocr_line' id='line_1_15' title="bbox 167 1515 1793 1586; baseline -0.002 -15"><span class='ocrx_word' id='word_1_85' title='bbox 167 1517 343 1571; x_wconf 88' lang='lat' dir='ltr'><strong>sedit.</strong></span> <span class='ocrx_word' id='word_1_86' title='bbox 379 1515 826 1571; x_wconf 88' lang='lat' dir='ltr'><strong>Precedentibus</strong></span> <span class='ocrx_word' id='word_1_87' title='bbox 841 1517 1092 1569; x_wconf 90' lang='lat' dir='ltr'><strong>mortem</strong></span> <span class='ocrx_word' id='word_1_88' title='bbox 1116 1517 1258 1586; x_wconf 86' lang='lat' dir='ltr'><strong>ejus,</strong></span> <span class='ocrx_word' id='word_1_89' title='bbox 1291 1519 1354 1569; x_wconf 91' lang='lat' dir='ltr'><strong>ut</strong></span> <span class='ocrx_word' id='word_1_90' title='bbox 1396 1515 1636 1586; x_wconf 85' lang='lat' dir='ltr'><strong>predixi,</strong></span> <span class='ocrx_word' id='word_1_91' title='bbox 1669 1517 1793 1585; x_wconf 92' lang='lat' dir='ltr'><strong>plu-</strong></span> 
     </span>
    </p>
   </div>
   <div class='ocr_carea' id='block_1_16' title="bbox 167 1603 1794 1675">
    <p class='ocr_par' dir='ltr' id='par_1_16' title="bbox 167 1603 1794 1675">
     <span class='ocr_line' id='line_1_16' title="bbox 167 1603 1794 1675; baseline -0.001 -17"><span class='ocrx_word' id='word_1_92' title='bbox 167 1605 348 1659; x_wconf 82' lang='lat' dir='ltr'><strong>rimis</strong></span> <span class='ocrx_word' id='word_1_93' title='bbox 373 1604 766 1675; x_wconf 83' lang='lat' dir='ltr'><strong>optimatibus,</strong></span> <span class='ocrx_word' id='word_1_94' title='bbox 801 1620 1006 1657; x_wconf 90' lang='lat' dir='ltr'><strong>omnes</strong></span> <span class='ocrx_word' id='word_1_95' title='bbox 1031 1603 1126 1674; x_wconf 89' lang='lat' dir='ltr'><strong>qui</strong></span> <span class='ocrx_word' id='word_1_96' title='bbox 1160 1604 1588 1674; x_wconf 78' lang='lat' dir='ltr'><strong>superfuerunt,</strong></span> <span class='ocrx_word' id='word_1_97' title='bbox 1617 1607 1794 1657; x_wconf 68' lang='lat' dir='ltr'><strong>tanta:</strong></span> 
     </span>
    </p>
   </div>
   <div class='ocr_carea' id='block_1_17' title="bbox 165 1691 1796 1764">
    <p class='ocr_par' dir='ltr' id='par_1_17' title="bbox 165 1691 1796 1764">
     <span class='ocr_line' id='line_1_17' title="bbox 165 1691 1796 1764; baseline -0.002 -15"><span class='ocrx_word' id='word_1_98' title='bbox 165 1693 558 1764; x_wconf 86' lang='lat' dir='ltr'><strong>jucunditatis</strong></span> <span class='ocrx_word' id='word_1_99' title='bbox 583 1693 733 1747; x_wconf 84' lang='lat' dir='ltr'><strong>haud</strong></span> <span class='ocrx_word' id='word_1_100' title='bbox 757 1700 827 1733; x_wconf 71' lang='grc' dir='ltr'>Μ</span> <span class='ocrx_word' id='word_1_101' title='bbox 859 1691 1235 1758; x_wconf 88' lang='lat' dir='ltr'><strong>inmemores,</strong></span> <span class='ocrx_word' id='word_1_102' title='bbox 1266 1709 1476 1746; x_wconf 91' lang='lat' dir='ltr'><strong>novam</strong></span> <span class='ocrx_word' id='word_1_103' title='bbox 1529 1694 1678 1747; x_wconf 86' lang='lat' dir='ltr'><strong>hanc</strong></span> <span class='ocrx_word' id='word_1_104' title='bbox 1727 1701 1796 1733; x_wconf 58' lang='grc'><strong>³4⁸</strong></span> 
     </span>
    </p>
   </div>
   <div class='ocr_carea' id='block_1_18' title="bbox 1885 627 3489 699">
    <p class='ocr_par' dir='ltr' id='par_1_18' title="bbox 1885 627 3489 699">
     <span class='ocr_line' id='line_1_18' title="bbox 1885 627 3489 699; baseline 0 -18"><span class='ocrx_word' id='word_1_105' title='bbox 1885 645 1994 699; x_wconf 89' lang='lat' dir='ltr'><strong>que</strong></span> <span class='ocrx_word' id='word_1_106' title='bbox 2021 628 2279 682; x_wconf 87' lang='lat' dir='ltr'><strong>ﬁdelium</strong></span> <span class='ocrx_word' id='word_1_107' title='bbox 2311 627 2570 682; x_wconf 88' lang='lat' dir='ltr'><strong>veredica</strong></span> <span class='ocrx_word' id='word_1_108' title='bbox 2618 636 2689 669; x_wconf 67' lang='grc' dir='ltr'><strong>διο</strong></span> <span class='ocrx_word' id='word_1_109' title='bbox 2722 627 2873 681; x_wconf 84' lang='lat' dir='ltr'><strong>beati</strong></span> <span class='ocrx_word' id='word_1_110' title='bbox 2901 627 3161 696; x_wconf 84' lang='lat' dir='ltr'><strong>Gregorii</strong></span> <span class='ocrx_word' id='word_1_111' title='bbox 3223 628 3447 682; x_wconf 86' lang='lat' dir='ltr'><strong>monita</strong></span> <span class='ocrx_word' id='word_1_112' title='bbox 3478 644 3489 681; x_wconf 92' lang='lat'>:</span> 
     </span>
    </p>
   </div>
   <div class='ocr_carea' id='block_1_19' title="bbox 1889 715 3499 784">
    <p class='ocr_par' dir='ltr' id='par_1_19' title="bbox 1889 715 3499 784">
     <span class='ocr_line' id='line_1_19' title="bbox 1889 715 3499 784; baseline 0 -14"><span class='ocrx_word' id='word_1_113' title='bbox 1889 715 2022 770; x_wconf 86' lang='lat' dir='ltr'><strong>Cum</strong></span> <span class='ocrx_word' id='word_1_114' title='bbox 2052 723 2315 784; x_wconf 71' lang='lat' dir='ltr'><strong>augentur</strong></span> <span class='ocrx_word' id='word_1_115' title='bbox 2358 717 2520 783; x_wconf 74' lang='lat' dir='ltr'><strong>dona,</strong></span> <span class='ocrx_word' id='word_1_116' title='bbox 2552 718 2786 770; x_wconf 70' lang='lat' dir='ltr'><strong>racz‘ones</strong></span> <span class='ocrx_word' id='word_1_117' title='bbox 2809 723 3048 770; x_wconf 82' lang='lat' dir='ltr'><strong>crescunt</strong></span> <span class='ocrx_word' id='word_1_118' title='bbox 3106 715 3386 782; x_wconf 71' lang='lat' dir='ltr'><strong>donorum,</strong></span> <span class='ocrx_word' id='word_1_119' title='bbox 3440 719 3499 770; x_wconf 89' lang='lat' dir='ltr'><strong>et</strong></span> 
     </span>
    </p>
   </div>
   <div class='ocr_carea' id='block_1_20' title="bbox 1887 806 3494 878">
    <p class='ocr_par' dir='ltr' id='par_1_20' title="bbox 1887 806 3494 878">
     <span class='ocr_line' id='line_1_20' title="bbox 1887 806 3494 878; baseline 0 -18"><span class='ocrx_word' id='word_1_120' title='bbox 1887 807 1948 860; x_wconf 92' lang='lat' dir='ltr'><strong>in</strong></span> <span class='ocrx_word' id='word_1_121' title='bbox 1979 807 2298 862; x_wconf 87' lang='lat' dir='ltr'><strong>commissis</strong></span> <span class='ocrx_word' id='word_1_122' title='bbox 2329 815 2401 848; x_wconf 72' lang='lat'><strong>350</strong></span> <span class='ocrx_word' id='word_1_123' title='bbox 2432 823 2490 860; x_wconf 91' lang='lat' dir='ltr'><strong>se</strong></span> <span class='ocrx_word' id='word_1_124' title='bbox 2531 806 2705 860; x_wconf 91' lang='lat' dir='ltr'><strong>nimis</strong></span> <span class='ocrx_word' id='word_1_125' title='bbox 2757 823 3018 876; x_wconf 87' lang='lat' dir='ltr'><strong>peccasse</strong></span> <span class='ocrx_word' id='word_1_126' title='bbox 3070 807 3494 878; x_wconf 80' lang='lat' dir='ltr'><strong>perhorrescat,</strong></span> 
     </span>
    </p>
   </div>
   <div class='ocr_carea' id='block_1_21' title="bbox 1889 895 3498 967">
    <p class='ocr_par' dir='ltr' id='par_1_21' title="bbox 1889 895 3498 967">
     <span class='ocr_line' id='line_1_21' title="bbox 1889 895 3498 967; baseline 0 -17"><span class='ocrx_word' id='word_1_127' title='bbox 1889 900 1946 950; x_wconf 90' lang='lat' dir='ltr'><strong>et</strong></span> <span class='ocrx_word' id='word_1_128' title='bbox 1975 912 2078 965; x_wconf 87' lang='lat' dir='ltr'><strong>pro</strong></span> <span class='ocrx_word' id='word_1_129' title='bbox 2134 896 2331 950; x_wconf 88' lang='lat' dir='ltr'><strong>anima</strong></span> <span class='ocrx_word' id='word_1_130' title='bbox 2378 895 2724 965; x_wconf 82' lang='lat' dir='ltr'><strong>inperatoris</strong></span> <span class='ocrx_word' id='word_1_131' title='bbox 2774 897 2957 950; x_wconf 89' lang='lat' dir='ltr'><strong>Deum</strong></span> <span class='ocrx_word' id='word_1_132' title='bbox 3009 895 3248 967; x_wconf 89' lang='lat' dir='ltr'><strong>supplici</strong></span> <span class='ocrx_word' id='word_1_133' title='bbox 3297 899 3498 950; x_wconf 87' lang='lat' dir='ltr'><strong>mente</strong></span> 
     </span>
    </p>
   </div>
   <div class='ocr_carea' id='block_1_22' title="bbox 1891 983 3496 1054">
    <p class='ocr_par' dir='ltr' id='par_1_22' title="bbox 1891 983 3496 1054">
     <span class='ocr_line' id='line_1_22' title="bbox 1891 983 3496 1054; baseline 0 -16"><span class='ocrx_word' id='word_1_134' title='bbox 1891 986 2250 1054; x_wconf 86' lang='lat' dir='ltr'><strong>deposcat,ut</strong></span> <span class='ocrx_word' id='word_1_135' title='bbox 2277 983 2502 1053; x_wconf 78' lang='lat' dir='ltr'><strong>tlugicia</strong></span> <span class='ocrx_word' id='word_1_136' title='bbox 2533 983 2677 1037; x_wconf 85' lang='lat' dir='ltr'><strong>servi</strong></span> <span class='ocrx_word' id='word_1_137' title='bbox 2712 985 3028 1054; x_wconf 87' lang='lat' dir='ltr'><strong>peccatoris</strong></span> <span class='ocrx_word' id='word_1_138' title='bbox 3051 984 3360 1039; x_wconf 91' lang='lat' dir='ltr'><strong>innumera</strong></span> <span class='ocrx_word' id='word_1_139' title='bbox 3399 992 3496 1050; x_wconf 70' lang='lat'><strong>85!,</strong></span> 
     </span>
    </p>
   </div>
   <div class='ocr_carea' id='block_1_23' title="bbox 1891 1067 3502 1144">
    <p class='ocr_par' dir='ltr' id='par_1_23' title="bbox 1891 1067 3502 1144">
     <span class='ocr_line' id='line_1_23' title="bbox 1891 1067 3502 1144; baseline -0.001 -18"><span class='ocrx_word' id='word_1_140' title='bbox 1891 1091 2019 1143; x_wconf 79' lang='lat' dir='ltr'><strong>quae</strong></span> <span class='ocrx_word' id='word_1_141' title='bbox 2069 1073 2127 1126; x_wconf 91' lang='lat' dir='ltr'><strong>in</strong></span> <span class='ocrx_word' id='word_1_142' title='bbox 2181 1076 2264 1126; x_wconf 87' lang='lat' dir='ltr'><strong>tot</strong></span> <span class='ocrx_word' id='word_1_143' title='bbox 2291 1072 2396 1126; x_wconf 85' lang='lat' dir='ltr'><strong>sibi</strong></span> <span class='ocrx_word' id='word_1_144' title='bbox 2453 1071 2691 1127; x_wconf 88' lang='lat' dir='ltr'><strong>subditis</strong></span> <span class='ocrx_word' id='word_1_145' title='bbox 2741 1072 2911 1126; x_wconf 87' lang='lat' dir='ltr'><strong>rebus</strong></span> <span class='ocrx_word' id='word_1_146' title='bbox 2959 1073 3248 1144; x_wconf 89' lang='lat' dir='ltr'><strong>precaveri</strong></span> <span class='ocrx_word' id='word_1_147' title='bbox 3281 1067 3502 1144; x_wconf 84' lang='lat' dir='ltr'><strong>nequi-</strong></span> 
     </span>
    </p>
   </div>
   <div class='ocr_carea' id='block_1_24' title="bbox 1893 1161 3498 1234">
    <p class='ocr_par' dir='ltr' id='par_1_24' title="bbox 1893 1161 3498 1234">
     <span class='ocr_line' id='line_1_24' title="bbox 1893 1161 3498 1234; baseline 0 -20"><span class='ocrx_word' id='word_1_148' title='bbox 1893 1165 2117 1221; x_wconf 77' lang='lat' dir='ltr'><strong>verant.</strong></span> <span class='ocrx_word' id='word_1_149' title='bbox 2151 1163 2468 1216; x_wconf 89' lang='lat' dir='ltr'><strong>clementer</strong></span> <span class='ocrx_word' id='word_1_150' title='bbox 2507 1161 2790 1232; x_wconf 87' lang='lat' dir='ltr'><strong>ignoscat,</strong></span> <span class='ocrx_word' id='word_1_151' title='bbox 2825 1178 3257 1234; x_wconf 86' lang='lat' dir='ltr'><strong>regnorumque</strong></span> <span class='ocrx_word' id='word_1_152' title='bbox 3310 1161 3498 1216; x_wconf 76' lang='lat' dir='ltr'><strong>demi-</strong></span> 
     </span>
    </p>
   </div>
   <div class='ocr_carea' id='block_1_25' title="bbox 1892 1245 3502 1323">
    <p class='ocr_par' dir='ltr' id='par_1_25' title="bbox 1892 1245 3502 1323">
     <span class='ocr_line' id='line_1_25' title="bbox 1892 1245 3502 1323; baseline -0.001 -19"><span class='ocrx_word' id='word_1_153' title='bbox 1892 1254 2063 1304; x_wconf 90' lang='lat' dir='ltr'><strong>nator</strong></span> <span class='ocrx_word' id='word_1_154' title='bbox 2093 1250 2358 1304; x_wconf 89' lang='lat' dir='ltr'><strong>omnium</strong></span> <span class='ocrx_word' id='word_1_155' title='bbox 2403 1249 2630 1321; x_wconf 88' lang='lat' dir='ltr'><strong>populis</strong></span> <span class='ocrx_word' id='word_1_156' title='bbox 2655 1249 3018 1322; x_wconf 88' lang='lat' dir='ltr'><strong>presentibus</strong></span> <span class='ocrx_word' id='word_1_157' title='bbox 3068 1256 3240 1323; x_wconf 81' lang='lat' dir='ltr'><strong>atque</strong></span> <span class='ocrx_word' id='word_1_158' title='bbox 3295 1245 3502 1306; x_wconf 81' lang='lat' dir='ltr'><strong>futuris</strong></span> 
     </span>
    </p>
   </div>
   <div class='ocr_carea' id='block_1_26' title="bbox 1893 1337 3501 1410">
    <p class='ocr_par' dir='ltr' id='par_1_26' title="bbox 1893 1337 3501 1410">
     <span class='ocr_line' id='line_1_26' title="bbox 1893 1337 3501 1410; baseline 0.001 -18"><span class='ocrx_word' id='word_1_159' title='bbox 1893 1338 2132 1410; x_wconf 87' lang='lat' dir='ltr'><strong>pervigil</strong></span> <span class='ocrx_word' id='word_1_160' title='bbox 2184 1338 2423 1410; x_wconf 89' lang='lat' dir='ltr'><strong>piusque</strong></span> <span class='ocrx_word' id='word_1_161' title='bbox 2455 1341 2644 1392; x_wconf 90' lang='lat' dir='ltr'><strong>custos</strong></span> <span class='ocrx_word' id='word_1_162' title='bbox 2687 1337 2940 1392; x_wconf 86' lang='lat' dir='ltr'><strong>assistat!</strong></span> <span class='ocrx_word' id='word_1_163' title='bbox 2973 1338 3042 1392; x_wconf 89' lang='lat' dir='ltr'><strong>Et</strong></span> <span class='ocrx_word' id='word_1_164' title='bbox 3105 1342 3186 1405; x_wconf 91' lang='lat' dir='ltr'><strong>tu,</strong></span> <span class='ocrx_word' id='word_1_165' title='bbox 3240 1339 3501 1410; x_wconf 81' lang='lat' dir='ltr'><strong>quicum-</strong></span> 
     </span>
    </p>
   </div>
   <div class='ocr_carea' id='block_1_27' title="bbox 1897 1423 3504 1498">
    <p class='ocr_par' dir='ltr' id='par_1_27' title="bbox 1897 1423 3504 1498">
     <span class='ocr_line' id='line_1_27' title="bbox 1897 1423 3504 1498; baseline -0.001 -17"><span class='ocrx_word' id='word_1_166' title='bbox 1897 1444 2006 1498; x_wconf 86' lang='lat' dir='ltr'><strong>que</strong></span> <span class='ocrx_word' id='word_1_167' title='bbox 2032 1427 2172 1481; x_wconf 89' lang='lat' dir='ltr'><strong>mihi</strong></span> <span class='ocrx_word' id='word_1_168' title='bbox 2206 1429 2494 1489; x_wconf 86' lang='lat' dir='ltr'><strong>succedas,</strong></span> <span class='ocrx_word' id='word_1_169' title='bbox 2528 1427 2674 1481; x_wconf 90' lang='lat' dir='ltr'><strong>tanti</strong></span> <span class='ocrx_word' id='word_1_170' title='bbox 2708 1443 2939 1482; x_wconf 89' lang='lat' dir='ltr'><strong>memor</strong></span> <span class='ocrx_word' id='word_1_171' title='bbox 2984 1424 3258 1494; x_wconf 87' lang='lat' dir='ltr'><strong>beniﬁcii,</strong></span> <span class='ocrx_word' id='word_1_172' title='bbox 3292 1423 3504 1481; x_wconf 66' lang='lat' dir='ltr'><strong>animus</strong></span> 
     </span>
    </p>
   </div>
   <div class='ocr_carea' id='block_1_28' title="bbox 1895 1514 3505 1584">
    <p class='ocr_par' dir='ltr' id='par_1_28' title="bbox 1895 1514 3505 1584">
     <span class='ocr_line' id='line_1_28' title="bbox 1895 1514 3505 1584; baseline -0.001 -16"><span class='ocrx_word' id='word_1_173' title='bbox 1895 1515 2018 1584; x_wconf 89' lang='lat' dir='ltr'><strong>ejus</strong></span> <span class='ocrx_word' id='word_1_174' title='bbox 2033 1515 2506 1570; x_wconf 87' lang='lat' dir='ltr'><strong>recordationem</strong></span> <span class='ocrx_word' id='word_1_175' title='bbox 2552 1515 2707 1569; x_wconf 85' lang='lat' dir='ltr'><strong>ﬁdeli</strong></span> <span class='ocrx_word' id='word_1_176' title='bbox 2739 1515 2948 1570; x_wconf 87' lang='lat' dir='ltr'><strong>mentis</strong></span> <span class='ocrx_word' id='word_1_177' title='bbox 2977 1514 3239 1570; x_wconf 88' lang='lat' dir='ltr'><strong>custodia</strong></span> <span class='ocrx_word' id='word_1_178' title='bbox 3293 1531 3505 1582; x_wconf 84' lang='lat' dir='ltr'><strong>serves,</strong></span> 
     </span>
    </p>
   </div>
   <div class='ocr_carea' id='block_1_29' title="bbox 1896 1602 3506 1673">
    <p class='ocr_par' dir='ltr' id='par_1_29' title="bbox 1896 1602 3506 1673">
     <span class='ocr_line' id='line_1_29' title="bbox 1896 1602 3506 1673; baseline 0 -17"><span class='ocrx_word' id='word_1_179' title='bbox 1896 1603 2265 1673; x_wconf 86' lang='lat' dir='ltr'><strong>maximeque</strong></span> <span class='ocrx_word' id='word_1_180' title='bbox 2291 1605 2350 1657; x_wconf 91' lang='lat' dir='ltr'><strong>lu</strong></span> <span class='ocrx_word' id='word_1_181' title='bbox 2377 1603 2684 1658; x_wconf 85' lang='lat' dir='ltr'><strong>festivitate</strong></span> <span class='ocrx_word' id='word_1_182' title='bbox 2718 1603 2926 1658; x_wconf 87' lang='lat' dir='ltr'><strong>Christi</strong></span> <span class='ocrx_word' id='word_1_183' title='bbox 2959 1603 3162 1658; x_wconf 69' lang='lat' dir='ltr'><strong>adletec</strong></span> <span class='ocrx_word' id='word_1_184' title='bbox 3193 1602 3506 1670; x_wconf 87' lang='lat' dir='ltr'><strong>Laurentii,</strong></span> 
     </span>
    </p>
   </div>
   <div class='ocr_carea' id='block_1_30' title="bbox 1897 1691 3508 1763">
    <p class='ocr_par' dir='ltr' id='par_1_30' title="bbox 1897 1691 3508 1763">
     <span class='ocr_line' id='line_1_30' title="bbox 1897 1691 3508 1763; baseline 0 -18"><span class='ocrx_word' id='word_1_185' title='bbox 1897 1692 2058 1762; x_wconf 85' lang='lat' dir='ltr'><strong>cujus</strong></span> <span class='ocrx_word' id='word_1_186' title='bbox 2087 1691 2562 1746; x_wconf 86' lang='lat' dir='ltr'><strong>intercessionem</strong></span> <span class='ocrx_word' id='word_1_187' title='bbox 2595 1692 2804 1746; x_wconf 82' lang='lat' dir='ltr'><strong>obnixe</strong></span> <span class='ocrx_word' id='word_1_188' title='bbox 2841 1692 3116 1763; x_wconf 88' lang='lat' dir='ltr'><strong>postules,</strong></span> <span class='ocrx_word' id='word_1_189' title='bbox 3149 1696 3212 1747; x_wconf 92' lang='lat' dir='ltr'><strong>ut</strong></span> <span class='ocrx_word' id='word_1_190' title='bbox 3246 1692 3392 1748; x_wconf 87' lang='lat' dir='ltr'><strong>sicut</strong></span> <span class='ocrx_word' id='word_1_191' title='bbox 3440 1708 3508 1746; x_wconf 92' lang='lat' dir='ltr'><strong>eo</strong></span> 
     </span>
    </p>
   </div>
   <div class='ocr_carea' id='block_1_31' title="bbox 171 1774 3513 1852">
    <p class='ocr_par' dir='ltr' id='par_1_31' title="bbox 171 1774 3513 1852">
     <span class='ocr_line' id='line_1_31' title="bbox 171 1774 3513 1852; baseline -0.001 -15"><span class='ocrx_word' id='word_1_192' title='bbox 171 1798 474 1844; x_wconf 89' lang='lat' dir='ltr'><strong>normam,</strong></span> <span class='ocrx_word' id='word_1_193' title='bbox 509 1798 635 1852; x_wconf 66' lang='lat' dir='ltr'><strong>qua:</strong></span> <span class='ocrx_word' id='word_1_194' title='bbox 683 1780 1048 1851; x_wconf 88' lang='lat' dir='ltr'><strong>sequebatur,</strong></span> <span class='ocrx_word' id='word_1_195' title='bbox 1078 1797 1184 1835; x_wconf 91' lang='lat' dir='ltr'><strong>nec</strong></span> <span class='ocrx_word' id='word_1_196' title='bbox 1234 1782 1557 1848; x_wconf 90' lang='lat' dir='ltr'><strong>voluerunt,</strong></span> <span class='ocrx_word' id='word_1_197' title='bbox 1611 1797 1799 1852; x_wconf 88' lang='lat' dir='ltr'><strong>neque</strong></span> <span class='ocrx_word' id='word_1_198' title='bbox 1833 1839 1877 1852; x_wconf 45' lang='lat' dir='ltr'>ﬁ</span> <span class='ocrx_word' id='word_1_199' title='bbox 1900 1779 1991 1834; x_wconf 91' lang='lat' dir='ltr'><strong>die</strong></span> <span class='ocrx_word' id='word_1_200' title='bbox 2025 1780 2247 1834; x_wconf 90' lang='lat' dir='ltr'><strong>meritis</strong></span> <span class='ocrx_word' id='word_1_201' title='bbox 2277 1780 2454 1851; x_wconf 87' lang='lat' dir='ltr'><strong>ipsius</strong></span> <span class='ocrx_word' id='word_1_202' title='bbox 2484 1781 2739 1834; x_wconf 88' lang='lat' dir='ltr'><strong>hostium</strong></span> <span class='ocrx_word' id='word_1_203' title='bbox 2768 1781 2899 1835; x_wconf 91' lang='lat' dir='ltr'><strong>huic</strong></span> <span class='ocrx_word' id='word_1_204' title='bbox 2917 1784 3285 1836; x_wconf 86' lang='lat' dir='ltr'><strong>concessaest</strong></span> <span class='ocrx_word' id='word_1_205' title='bbox 3311 1774 3513 1834; x_wconf 81' lang='lat' dir='ltr'><strong>divini-</strong></span> 
     </span>
    </p>
   </div>
   <div class='ocr_carea' id='block_1_32' title="bbox 173 1839 3512 1943">
    <p class='ocr_par' dir='ltr' id='par_1_32' title="bbox 173 1839 3512 1943">
     <span class='ocr_line' id='line_1_32' title="bbox 173 1839 3512 1943; baseline -0.001 -18"><span class='ocrx_word' id='word_1_206' title='bbox 173 1871 595 1943; x_wconf 87' lang='lat' dir='ltr'><strong>sequebantur,</strong></span> <span class='ocrx_word' id='word_1_207' title='bbox 629 1869 728 1924; x_wconf 91' lang='lat' dir='ltr'><strong>sed</strong></span> <span class='ocrx_word' id='word_1_208' title='bbox 753 1869 825 1923; x_wconf 91' lang='lat' dir='ltr'><strong>ad</strong></span> <span class='ocrx_word' id='word_1_209' title='bbox 847 1869 1061 1923; x_wconf 87' lang='lat' dir='ltr'><strong>exitum</strong></span> <span class='ocrx_word' id='word_1_210' title='bbox 1091 1870 1218 1924; x_wconf 67' lang='lat' dir='ltr'><strong>vitm</strong></span> <span class='ocrx_word' id='word_1_211' title='bbox 1265 1869 1474 1924; x_wconf 85' lang='lat' dir='ltr'><strong>suimet</strong></span> <span class='ocrx_word' id='word_1_212' title='bbox 1523 1871 1593 1924; x_wconf 92' lang='lat' dir='ltr'><strong>ab</strong></span> <span class='ocrx_word' id='word_1_213' title='bbox 1645 1873 1802 1924; x_wconf 89' lang='lat' dir='ltr'><strong>recta</strong></span> <span class='ocrx_word' id='word_1_214' title='bbox 1831 1839 1880 1897; x_wconf 81' lang='grc' dir='ltr'><strong>Β</strong></span> <span class='ocrx_word' id='word_1_215' title='bbox 1901 1871 1990 1922; x_wconf 90' lang='lat' dir='ltr'><strong>tus</strong></span> <span class='ocrx_word' id='word_1_216' title='bbox 2009 1867 2249 1923; x_wconf 90' lang='lat' dir='ltr'><strong>victoria</strong></span> <span class='ocrx_word' id='word_1_217' title='bbox 2277 1867 2612 1934; x_wconf 87' lang='lat' dir='ltr'><strong>visibilium,</strong></span> <span class='ocrx_word' id='word_1_218' title='bbox 2647 1868 2726 1922; x_wconf 90' lang='lat' dir='ltr'><strong>ita</strong></span> <span class='ocrx_word' id='word_1_219' title='bbox 2753 1868 2859 1923; x_wconf 87' lang='lat' dir='ltr'><strong>sibi</strong></span> <span class='ocrx_word' id='word_1_220' title='bbox 2883 1885 2917 1922; x_wconf 91' lang='lat' dir='ltr'><strong>a</strong></span> <span class='ocrx_word' id='word_1_221' title='bbox 2946 1871 3064 1923; x_wconf 89' lang='lat' dir='ltr'><strong>Deo</strong></span> <span class='ocrx_word' id='word_1_222' title='bbox 3088 1869 3512 1940; x_wconf 84' lang='lat' dir='ltr'><strong>donata,quam</strong></span> 
     </span>
    </p>
   </div>
   <div class='ocr_carea' id='block_1_33' title="bbox 168 1955 3511 2030">
    <p class='ocr_par' dir='ltr' id='par_1_33' title="bbox 168 1955 3511 2030">
     <span class='ocr_line' id='line_1_33' title="bbox 168 1955 3511 2030; baseline -0.002 -15"><span class='ocrx_word' id='word_1_223' title='bbox 168 1960 434 2030; x_wconf 82' lang='lat' dir='ltr'><strong>antiquae</strong></span> <span class='ocrx_word' id='word_1_224' title='bbox 483 1959 732 2013; x_wconf 85' lang='lat' dir='ltr'><strong>veritatis</strong></span> <span class='ocrx_word' id='word_1_225' title='bbox 763 1961 819 2012; x_wconf 91' lang='lat' dir='ltr'><strong>et</strong></span> <span class='ocrx_word' id='word_1_226' title='bbox 854 1959 1101 2027; x_wconf 87' lang='lat' dir='ltr'><strong>justicioe</strong></span> <span class='ocrx_word' id='word_1_227' title='bbox 1159 1959 1367 2013; x_wconf 85' lang='lat' dir='ltr'><strong>semita</strong></span> <span class='ocrx_word' id='word_1_228' title='bbox 1453 1975 1555 2012; x_wconf 88' lang='lat' dir='ltr'><strong>sua</strong></span> <span class='ocrx_word' id='word_1_229' title='bbox 1591 1961 1799 2028; x_wconf 90' lang='lat' dir='ltr'><strong>sponte</strong></span> <span class='ocrx_word' id='word_1_230' title='bbox 1902 1973 2134 2029; x_wconf 86' lang='lat' dir='ltr'><strong>semper</strong></span> <span class='ocrx_word' id='word_1_231' title='bbox 2164 1956 2401 2029; x_wconf 83' lang='lat' dir='ltr'><strong>Optavit,</strong></span> <span class='ocrx_word' id='word_1_232' title='bbox 2451 1955 2813 2023; x_wconf 89' lang='lat' dir='ltr'><strong>remissione,</strong></span> <span class='ocrx_word' id='word_1_233' title='bbox 2848 1957 3084 2028; x_wconf 88' lang='lat' dir='ltr'><strong>laqueos</strong></span> <span class='ocrx_word' id='word_1_234' title='bbox 3136 1955 3511 2011; x_wconf 89' lang='lat' dir='ltr'><strong>inimicorum</strong></span> 
     </span>
    </p>
   </div>
   <div class='ocr_carea' id='block_1_34' title="bbox 174 2044 3516 2119">
    <p class='ocr_par' dir='ltr' id='par_1_34' title="bbox 174 2044 3516 2119">
     <span class='ocr_line' id='line_1_34' title="bbox 174 2044 3516 2119; baseline -0.001 -19"><span class='ocrx_word' id='word_1_235' title='bbox 174 2065 299 2102; x_wconf 90' lang='lat' dir='ltr'><strong>non</strong></span> <span class='ocrx_word' id='word_1_236' title='bbox 335 2047 660 2102; x_wconf 85' lang='lat' dir='ltr'><strong>deviabant.</strong></span> <span class='ocrx_word' id='word_1_237' title='bbox 697 2046 899 2116; x_wconf 88' lang='lat' dir='ltr'><strong>lnpleri</strong></span> <span class='ocrx_word' id='word_1_238' title='bbox 921 2050 1056 2101; x_wconf 91' lang='lat' dir='ltr'><strong>tunc</strong></span> <span class='ocrx_word' id='word_1_239' title='bbox 1075 2065 1328 2119; x_wconf 87' lang='lat' dir='ltr'><strong>namque</strong></span> <span class='ocrx_word' id='word_1_240' title='bbox 1342 2047 1629 2112; x_wconf 86' lang='lat' dir='ltr'><strong>videbant,</strong></span> <span class='ocrx_word' id='word_1_241' title='bbox 1648 2047 1803 2118; x_wconf 90' lang='lat' dir='ltr'><strong>quod</strong></span> <span class='ocrx_word' id='word_1_242' title='bbox 1902 2049 2194 2101; x_wconf 90' lang='lat' dir='ltr'><strong>mereatur</strong></span> <span class='ocrx_word' id='word_1_243' title='bbox 2219 2044 2585 2099; x_wconf 89' lang='lat' dir='ltr'><strong>invisibilium</strong></span> <span class='ocrx_word' id='word_1_244' title='bbox 2609 2045 2849 2099; x_wconf 88' lang='lat' dir='ltr'><strong>evadere</strong></span> <span class='ocrx_word' id='word_1_245' title='bbox 2873 2062 2908 2100; x_wconf 91' lang='lat' dir='ltr'><strong>a</strong></span> <span class='ocrx_word' id='word_1_246' title='bbox 2939 2045 3296 2117; x_wconf 87' lang='lat' dir='ltr'><strong>sinistrisque</strong></span> <span class='ocrx_word' id='word_1_247' title='bbox 3325 2059 3516 2116; x_wconf 85' lang='lat' dir='ltr'><strong>segre-</strong></span> 
     </span>
    </p>
   </div>
   <div class='ocr_carea' id='block_1_35' title="bbox 175 2131 3519 2207">
    <p class='ocr_par' dir='ltr' id='par_1_35' title="bbox 175 2131 3519 2207">
     <span class='ocr_line' id='line_1_35' title="bbox 175 2131 3519 2207; baseline -0 -17"><span class='ocrx_word' id='word_1_248' title='bbox 175 2152 212 2190; x_wconf 87' lang='lat' dir='ltr'><strong>a</strong></span> <span class='ocrx_word' id='word_1_249' title='bbox 243 2136 503 2207; x_wconf 87' lang='lat' dir='ltr'><strong>quodam</strong></span> <span class='ocrx_word' id='word_1_250' title='bbox 547 2136 804 2207; x_wconf 89' lang='lat' dir='ltr'><strong>sapiente</strong></span> <span class='ocrx_word' id='word_1_251' title='bbox 863 2152 1102 2206; x_wconf 85' lang='lat' dir='ltr'><strong>presago</strong></span> <span class='ocrx_word' id='word_1_252' title='bbox 1144 2136 1469 2190; x_wconf 88' lang='lat' dir='ltr'><strong>futurorum</strong></span> <span class='ocrx_word' id='word_1_253' title='bbox 1520 2135 1798 2206; x_wconf 90' lang='lat' dir='ltr'><strong>scriptum</strong></span> <span class='ocrx_word' id='word_1_254' title='bbox 1904 2138 2089 2207; x_wconf 88' lang='lat' dir='ltr'><strong>gatus,</strong></span> <span class='ocrx_word' id='word_1_255' title='bbox 2119 2135 2177 2190; x_wconf 91' lang='lat' dir='ltr'><strong>in</strong></span> <span class='ocrx_word' id='word_1_256' title='bbox 2200 2135 2290 2189; x_wconf 91' lang='lat' dir='ltr'><strong>die</strong></span> <span class='ocrx_word' id='word_1_257' title='bbox 2314 2133 2515 2206; x_wconf 88' lang='lat' dir='ltr'><strong>judicii</strong></span> <span class='ocrx_word' id='word_1_258' title='bbox 2546 2134 2855 2190; x_wconf 87' lang='lat' dir='ltr'><strong>collocetur</strong></span> <span class='ocrx_word' id='word_1_259' title='bbox 2881 2152 2916 2190; x_wconf 92' lang='lat' dir='ltr'><strong>a</strong></span> <span class='ocrx_word' id='word_1_260' title='bbox 2944 2143 3015 2178; x_wconf 66' lang='grc' dir='ltr'><strong>εει</strong></span> <span class='ocrx_word' id='word_1_261' title='bbox 3043 2134 3255 2190; x_wconf 83' lang='lat' dir='ltr'><strong>dextris</strong></span> <span class='ocrx_word' id='word_1_262' title='bbox 3287 2131 3519 2189; x_wconf 85' lang='lat' dir='ltr'><strong>DeiPa-</strong></span> 
     </span>
    </p>
   </div>
   <div class='ocr_carea' id='block_1_36' title="bbox 171 2222 2027 2296">
    <p class='ocr_par' dir='ltr' id='par_1_36' title="bbox 171 2222 2027 2296">
     <span class='ocr_line' id='line_1_36' title="bbox 171 2222 2027 2296; baseline -0.001 -18"><span class='ocrx_word' id='word_1_263' title='bbox 171 2227 262 2278; x_wconf 89' lang='lat' dir='ltr'><strong>est</strong></span> <span class='ocrx_word' id='word_1_264' title='bbox 287 2241 301 2278; x_wconf 91' lang='lat'>:</span> <span class='ocrx_word' id='word_1_265' title='bbox 322 2224 578 2279; x_wconf 81' lang='lat' dir='ltr'><strong>Primum</strong></span> <span class='ocrx_word' id='word_1_266' title='bbox 609 2224 670 2295; x_wconf 80' lang='lat' dir='ltr'><strong>(f.</strong></span> <span class='ocrx_word' id='word_1_267' title='bbox 697 2223 787 2294; x_wconf 89' lang='lat'><strong>33)</strong></span> <span class='ocrx_word' id='word_1_268' title='bbox 815 2230 888 2278; x_wconf 80' lang='lat' dir='ltr'><strong>est</strong></span> <span class='ocrx_word' id='word_1_269' title='bbox 916 2241 1143 2279; x_wconf 73' lang='lat' dir='ltr'><strong>aureum</strong></span> <span class='ocrx_word' id='word_1_270' title='bbox 1172 2225 1426 2290; x_wconf 74' lang='lat' dir='ltr'><strong>secutum,</strong></span> <span class='ocrx_word' id='word_1_271' title='bbox 1473 2224 1624 2278; x_wconf 78' lang='lat' dir='ltr'><strong>deinc</strong></span> <span class='ocrx_word' id='word_1_272' title='bbox 1655 2222 1796 2296; x_wconf 59' lang='lat'><strong>[31“)</strong></span> <span class='ocrx_word' id='word_1_273' title='bbox 1905 2224 2027 2278; x_wconf 87' lang='lat' dir='ltr'><strong>tris.</strong></span> 
     </span>
    </p>
   </div>
   <div class='ocr_carea' id='block_1_37' title="bbox 1213 2333 1677 2460">
    <p class='ocr_par' dir='ltr' id='par_1_37' title="bbox 1213 2355 1648 2456">
     <span class='ocr_line' id='line_1_37' title="bbox 1213 2355 1648 2456; baseline 0.002 -1"><span class='ocrx_word' id='word_1_274' title='bbox 1213 2355 1648 2456; x_wconf 85' lang='lat' dir='ltr'><strong>LIBER</strong></span> 
     </span>
    </p>
   </div>
   <div class='ocr_carea' id='block_1_38' title="bbox 1891 2333 3522 2460">
    <p class='ocr_par' dir='ltr' id='par_1_38' title="bbox 1891 2333 3522 2460">
     <span class='ocr_line' id='line_1_38' title="bbox 1891 2333 3522 2460; baseline 0.001 -5"><span class='ocrx_word' id='word_1_275' title='bbox 1891 2352 2331 2460; x_wconf 69' lang='lat' dir='ltr'><strong>LRTIUS</strong></span> <span class='ocrx_word' id='word_1_276' title='bbox 2362 2350 2468 2456; x_wconf 79' lang='grc'><strong>³⁵³.</strong></span> <span class='ocrx_word' id='word_1_277' title='bbox 3499 2333 3522 2362; x_wconf 63' lang='grc'><strong><em>⁸</em></strong></span> 
     </span>
    </p>
   </div>
   <div class='ocr_carea' id='block_1_39' title="bbox 173 2515 1651 2590">
    <p class='ocr_par' dir='ltr' id='par_1_39' title="bbox 173 2515 1651 2590">
     <span class='ocr_line' id='line_1_39' title="bbox 173 2515 1651 2590; baseline -0.004 -14"><span class='ocrx_word' id='word_1_278' title='bbox 173 2519 404 2576; x_wconf 86' lang='lat' dir='ltr'><strong>Tertius</strong></span> <span class='ocrx_word' id='word_1_279' title='bbox 430 2519 489 2574; x_wconf 91' lang='lat' dir='ltr'><strong>in</strong></span> <span class='ocrx_word' id='word_1_280' title='bbox 521 2535 764 2575; x_wconf 90' lang='lat' dir='ltr'><strong>numero</strong></span> <span class='ocrx_word' id='word_1_281' title='bbox 809 2535 1034 2590; x_wconf 87' lang='lat' dir='ltr'><strong>regum,</strong></span> <span class='ocrx_word' id='word_1_282' title='bbox 1067 2518 1166 2573; x_wconf 91' lang='lat' dir='ltr'><strong>sed</strong></span> <span class='ocrx_word' id='word_1_283' title='bbox 1192 2517 1484 2588; x_wconf 89' lang='lat' dir='ltr'><strong>proximus</strong></span> <span class='ocrx_word' id='word_1_284' title='bbox 1518 2515 1651 2571; x_wconf 91' lang='lat' dir='ltr'><strong>Otto</strong></span> 
     </span>
    </p>
   </div>
   <div class='ocr_carea' id='block_1_40' title="bbox 1824 2515 3523 2597">
    <p class='ocr_par' dir='ltr' id='par_1_40' title="bbox 1824 2515 3523 2597">
     <span class='ocr_line' id='line_1_40' title="bbox 1824 2515 3523 2597; baseline 0.004 -27"><span class='ocrx_word' id='word_1_285' title='bbox 1824 2519 1871 2578; x_wconf 86' lang='lat' dir='ltr'><strong>C</strong></span> <span class='ocrx_word' id='word_1_286' title='bbox 1903 2515 2113 2572; x_wconf 86' lang='lat' dir='ltr'><strong>viribus</strong></span> <span class='ocrx_word' id='word_1_287' title='bbox 2143 2517 2400 2589; x_wconf 85' lang='lat' dir='ltr'><strong>corporis</strong></span> <span class='ocrx_word' id='word_1_288' title='bbox 2433 2519 2631 2574; x_wconf 89' lang='lat' dir='ltr'><strong>cluens</strong></span> <span class='ocrx_word' id='word_1_289' title='bbox 2681 2518 2923 2588; x_wconf 83' lang='lat' dir='ltr'><strong>eximiis,</strong></span> <span class='ocrx_word' id='word_1_290' title='bbox 2975 2538 3167 2594; x_wconf 83' lang='lat' dir='ltr'><strong>primo</strong></span> <span class='ocrx_word' id='word_1_291' title='bbox 3212 2540 3341 2597; x_wconf 56' lang='lat' dir='ltr'><strong>quas</strong></span> <span class='ocrx_word' id='word_1_292' title='bbox 3388 2525 3523 2578; x_wconf 87' lang='lat' dir='ltr'><strong>sunt</strong></span> 
     </span>
    </p>
   </div>
   <div class='ocr_carea' id='block_1_41' title="bbox 177 2601 3314 2678">
    <p class='ocr_par' dir='ltr' id='par_1_41' title="bbox 177 2601 3314 2678">
     <span class='ocr_line' id='line_1_41' title="bbox 177 2601 3314 2678; baseline 0.001 -14"><span class='ocrx_word' id='word_1_293' title='bbox 177 2609 452 2676; x_wconf 86' lang='lat' dir='ltr'><strong>Nomine,</strong></span> <span class='ocrx_word' id='word_1_294' title='bbox 487 2608 787 2674; x_wconf 88' lang='lat' dir='ltr'><strong>scribatur,</strong></span> <span class='ocrx_word' id='word_1_295' title='bbox 820 2612 877 2661; x_wconf 90' lang='lat' dir='ltr'><strong>et</strong></span> <span class='ocrx_word' id='word_1_296' title='bbox 896 2608 1071 2678; x_wconf 89' lang='lat' dir='ltr'><strong>digna</strong></span> <span class='ocrx_word' id='word_1_297' title='bbox 1097 2607 1266 2661; x_wconf 91' lang='lat' dir='ltr'><strong>laude</strong></span> <span class='ocrx_word' id='word_1_298' title='bbox 1297 2607 1517 2660; x_wconf 88' lang='lat' dir='ltr'><strong>locetur</strong></span> <span class='ocrx_word' id='word_1_299' title='bbox 1903 2616 2172 2676; x_wconf 82' lang='lat' dir='ltr'><strong>proterva</strong></span> <span class='ocrx_word' id='word_1_300' title='bbox 2226 2611 2494 2673; x_wconf 86' lang='lat' dir='ltr'><strong>sectatur,</strong></span> <span class='ocrx_word' id='word_1_301' title='bbox 2549 2607 2906 2678; x_wconf 88' lang='lat' dir='ltr'><strong>largitusque</strong></span> <span class='ocrx_word' id='word_1_302' title='bbox 2977 2609 3236 2678; x_wconf 90' lang='lat' dir='ltr'><strong>plurima</strong></span> 
     </span>
    </p>
   </div>
   <div class='ocr_carea' id='block_1_42' title="bbox 1903 2607 3524 2684">
    <p class='ocr_par' dir='ltr' id='par_1_42' title="bbox 1903 2607 3524 2684">
     <span class='ocr_line' id='line_1_42' title="bbox 1903 2607 3524 2684; baseline 0.004 -25"><span class='ocrx_word' id='word_1_303' title='bbox 1903 2616 2172 2676; x_wconf 82' lang='lat' dir='ltr'><strong>proterva</strong></span> <span class='ocrx_word' id='word_1_304' title='bbox 2226 2611 2494 2673; x_wconf 89' lang='lat' dir='ltr'><strong>sectatur,</strong></span> <span class='ocrx_word' id='word_1_305' title='bbox 2549 2607 2906 2680; x_wconf 86' lang='lat' dir='ltr'><strong>largitusque</strong></span> <span class='ocrx_word' id='word_1_306' title='bbox 2977 2609 3236 2681; x_wconf 90' lang='lat' dir='ltr'><strong>plurima</strong></span> <span class='ocrx_word' id='word_1_307' title='bbox 3292 2607 3524 2684; x_wconf 85' lang='lat' dir='ltr'><strong>pietatis</strong></span> 
     </span>
    </p>
   </div>
   <div class='ocr_carea' id='block_1_43' title="bbox 176 2695 1672 2768">
    <p class='ocr_par' dir='ltr' id='par_1_43' title="bbox 176 2695 1672 2768">
     <span class='ocr_line' id='line_1_43' title="bbox 176 2695 1672 2768; baseline -0.003 -15"><span class='ocrx_word' id='word_1_308' title='bbox 176 2698 332 2753; x_wconf 91' lang='lat' dir='ltr'><strong>Sede</strong></span> <span class='ocrx_word' id='word_1_309' title='bbox 358 2698 535 2768; x_wconf 90' lang='lat' dir='ltr'><strong>patris</strong></span> <span class='ocrx_word' id='word_1_310' title='bbox 558 2696 780 2767; x_wconf 89' lang='lat' dir='ltr'><strong>magni,</strong></span> <span class='ocrx_word' id='word_1_311' title='bbox 809 2697 997 2750; x_wconf 87' lang='lat' dir='ltr'><strong>vivens</strong></span> <span class='ocrx_word' id='word_1_312' title='bbox 1023 2712 1126 2767; x_wconf 89' lang='lat' dir='ltr'><strong>per</strong></span> <span class='ocrx_word' id='word_1_313' title='bbox 1155 2696 1304 2750; x_wconf 91' lang='lat' dir='ltr'><strong>secla</strong></span> <span class='ocrx_word' id='word_1_314' title='bbox 1325 2695 1576 2749; x_wconf 90' lang='lat' dir='ltr'><strong>secundo</strong></span> <span class='ocrx_word' id='word_1_315' title='bbox 1598 2703 1672 2737; x_wconf 58' lang='lat'><strong>35‘</strong></span> 
     </span>
    </p>
   </div>
   <div class='ocr_carea' id='block_1_44' title="bbox 179 2781 1806 2856">
    <p class='ocr_par' dir='ltr' id='par_1_44' title="bbox 179 2781 1806 2856">
     <span class='ocr_line' id='line_1_44' title="bbox 179 2781 1806 2856; baseline -0.002 -16"><span class='ocrx_word' id='word_1_316' title='bbox 179 2787 242 2854; x_wconf 81' lang='lat' dir='ltr'><strong>(f,</strong></span> <span class='ocrx_word' id='word_1_317' title='bbox 277 2787 387 2856; x_wconf 85' lang='lat'><strong>33‘)</strong></span> <span class='ocrx_word' id='word_1_318' title='bbox 420 2786 712 2851; x_wconf 89' lang='lat' dir='ltr'><strong>Successu,</strong></span> <span class='ocrx_word' id='word_1_319' title='bbox 737 2784 960 2838; x_wconf 89' lang='lat' dir='ltr'><strong>miseris</strong></span> <span class='ocrx_word' id='word_1_320' title='bbox 984 2785 1079 2855; x_wconf 83' lang='lat' dir='ltr'><strong>qui</strong></span> <span class='ocrx_word' id='word_1_321' title='bbox 1101 2784 1603 2856; x_wconf 87' lang='lat' dir='ltr'><strong>profuitomnibus</strong></span> <span class='ocrx_word' id='word_1_322' title='bbox 1641 2781 1806 2838; x_wconf 88' lang='lat' dir='ltr'><strong>boris</strong></span> 
     </span>
    </p>
   </div>
   <div class='ocr_carea' id='block_1_45' title="bbox 181 2873 1584 2946">
    <p class='ocr_par' dir='ltr' id='par_1_45' title="bbox 181 2873 1584 2946">
     <span class='ocr_line' id='line_1_45' title="bbox 181 2873 1584 2946; baseline -0.002 -18"><span class='ocrx_word' id='word_1_323' title='bbox 181 2875 364 2945; x_wconf 84' lang='lat' dir='ltr'><strong>Hujus</strong></span> <span class='ocrx_word' id='word_1_324' title='bbox 393 2874 582 2945; x_wconf 91' lang='lat' dir='ltr'><strong>prima</strong></span> <span class='ocrx_word' id='word_1_325' title='bbox 614 2873 776 2929; x_wconf 90' lang='lat' dir='ltr'><strong>bonis</strong></span> <span class='ocrx_word' id='word_1_326' title='bbox 801 2875 1090 2941; x_wconf 74' lang='lat' dir='ltr'><strong>laetantur,</strong></span> <span class='ocrx_word' id='word_1_327' title='bbox 1112 2874 1272 2928; x_wconf 87' lang='lat' dir='ltr'><strong>triste</strong></span> <span class='ocrx_word' id='word_1_328' title='bbox 1297 2873 1584 2946; x_wconf 90' lang='lat' dir='ltr'><strong>supremis</strong></span> 
     </span>
    </p>
   </div>
   <div class='ocr_carea' id='block_1_46' title="bbox 174 2962 1618 3033">
    <p class='ocr_par' dir='ltr' id='par_1_46' title="bbox 174 2962 1618 3033">
     <span class='ocr_line' id='line_1_46' title="bbox 174 2962 1618 3033; baseline 0 -17"><span class='ocrx_word' id='word_1_329' title='bbox 174 2962 449 3024; x_wconf 82' lang='lat' dir='ltr'><strong>Advenit,</strong></span> <span class='ocrx_word' id='word_1_330' title='bbox 483 2963 697 3017; x_wconf 89' lang='lat' dir='ltr'><strong>nostris</strong></span> <span class='ocrx_word' id='word_1_331' title='bbox 726 2962 1057 3016; x_wconf 86' lang='lat' dir='ltr'><strong>criminibus</strong></span> <span class='ocrx_word' id='word_1_332' title='bbox 1094 2963 1346 3033; x_wconf 91' lang='lat' dir='ltr'><strong>undique</strong></span> <span class='ocrx_word' id='word_1_333' title='bbox 1370 2962 1618 3032; x_wconf 85' lang='lat' dir='ltr'><strong>magnis.</strong></span> 
     </span>
    </p>
   </div>
   <div class='ocr_carea' id='block_1_47' title="bbox 173 3050 1802 3122">
    <p class='ocr_par' dir='ltr' id='par_1_47' title="bbox 173 3050 1802 3122">
     <span class='ocr_line' id='line_1_47' title="bbox 173 3050 1802 3122; baseline -0.001 -17"><span class='ocrx_word' id='word_1_334' title='bbox 173 3052 337 3106; x_wconf 88' lang='lat' dir='ltr'><strong>Tunc</strong></span> <span class='ocrx_word' id='word_1_335' title='bbox 362 3052 469 3105; x_wconf 84' lang='lat' dir='ltr'><strong>luit</strong></span> <span class='ocrx_word' id='word_1_336' title='bbox 501 3051 593 3105; x_wconf 90' lang='lat' dir='ltr'><strong>hic</strong></span> <span class='ocrx_word' id='word_1_337' title='bbox 615 3051 885 3118; x_wconf 89' lang='lat' dir='ltr'><strong>mundus,</strong></span> <span class='ocrx_word' id='word_1_338' title='bbox 911 3052 1064 3122; x_wconf 90' lang='lat' dir='ltr'><strong>quod</strong></span> <span class='ocrx_word' id='word_1_339' title='bbox 1082 3051 1294 3122; x_wconf 89' lang='lat' dir='ltr'><strong>sprevit</strong></span> <span class='ocrx_word' id='word_1_340' title='bbox 1311 3055 1468 3106; x_wconf 91' lang='lat' dir='ltr'><strong>recta</strong></span> <span class='ocrx_word' id='word_1_341' title='bbox 1491 3050 1802 3121; x_wconf 87' lang='lat' dir='ltr'><strong>malignus.</strong></span> 
     </span>
    </p>
   </div>
   <div class='ocr_carea' id='block_1_48' title="bbox 181 3140 1449 3213">
    <p class='ocr_par' dir='ltr' id='par_1_48' title="bbox 181 3140 1449 3213">
     <span class='ocr_line' id='line_1_48' title="bbox 181 3140 1449 3213; baseline 0 -18"><span class='ocrx_word' id='word_1_342' title='bbox 181 3140 384 3196; x_wconf 88' lang='lat' dir='ltr'><strong>Ultrici</strong></span> <span class='ocrx_word' id='word_1_343' title='bbox 415 3140 607 3211; x_wconf 89' lang='lat' dir='ltr'><strong>gladio</strong></span> <span class='ocrx_word' id='word_1_344' title='bbox 640 3141 935 3211; x_wconf 88' lang='lat' dir='ltr'><strong>perierunt</strong></span> <span class='ocrx_word' id='word_1_345' title='bbox 962 3141 1216 3212; x_wconf 88' lang='lat' dir='ltr'><strong>plurima</strong></span> <span class='ocrx_word' id='word_1_346' title='bbox 1241 3157 1449 3213; x_wconf 89' lang='lat' dir='ltr'><strong>regno.</strong></span> 
     </span>
    </p>
   </div>
   <div class='ocr_carea' id='block_1_49' title="bbox 184 3229 1532 3301">
    <p class='ocr_par' dir='ltr' id='par_1_49' title="bbox 184 3229 1532 3301">
     <span class='ocr_line' id='line_1_49' title="bbox 184 3229 1532 3301; baseline 0.001 -19"><span class='ocrx_word' id='word_1_347' title='bbox 184 3231 357 3283; x_wconf 74' lang='lat' dir='ltr'><strong>Nulla</strong></span> <span class='ocrx_word' id='word_1_348' title='bbox 381 3233 540 3301; x_wconf 88' lang='lat' dir='ltr'><strong>patet</strong></span> <span class='ocrx_word' id='word_1_349' title='bbox 570 3229 734 3283; x_wconf 90' lang='lat' dir='ltr'><strong>nobis</strong></span> <span class='ocrx_word' id='word_1_350' title='bbox 763 3229 1078 3284; x_wconf 91' lang='lat' dir='ltr'><strong>certissima</strong></span> <span class='ocrx_word' id='word_1_351' title='bbox 1108 3246 1300 3296; x_wconf 89' lang='lat' dir='ltr'><strong>causa,</strong></span> <span class='ocrx_word' id='word_1_352' title='bbox 1333 3229 1532 3301; x_wconf 91' lang='lat' dir='ltr'><strong>peritis</strong></span> 
     </span>
    </p>
   </div>
   <div class='ocr_carea' id='block_1_50' title="bbox 186 3317 1661 3391">
    <p class='ocr_par' dir='ltr' id='par_1_50' title="bbox 186 3317 1661 3391">
     <span class='ocr_line' id='line_1_50' title="bbox 186 3317 1661 3391; baseline 0 -19"><span class='ocrx_word' id='word_1_353' title='bbox 186 3317 424 3372; x_wconf 88' lang='lat' dir='ltr'><strong>Cunctis</strong></span> <span class='ocrx_word' id='word_1_354' title='bbox 461 3321 545 3372; x_wconf 90' lang='lat' dir='ltr'><strong>est</strong></span> <span class='ocrx_word' id='word_1_355' title='bbox 575 3318 779 3385; x_wconf 91' lang='lat' dir='ltr'><strong>visum,</strong></span> <span class='ocrx_word' id='word_1_356' title='bbox 807 3319 1121 3391; x_wconf 81' lang='lat' dir='ltr'><strong>Mersburgi</strong></span> <span class='ocrx_word' id='word_1_357' title='bbox 1153 3319 1344 3373; x_wconf 90' lang='lat' dir='ltr'><strong>ﬂebile</strong></span> <span class='ocrx_word' id='word_1_358' title='bbox 1379 3319 1661 3373; x_wconf 87' lang='lat' dir='ltr'><strong>damnum</strong></span> 
     </span>
    </p>
   </div>
   <div class='ocr_carea' id='block_1_51' title="bbox 179 3406 1611 3479">
    <p class='ocr_par' dir='ltr' id='par_1_51' title="bbox 179 3406 1611 3479">
     <span class='ocr_line' id='line_1_51' title="bbox 179 3406 1611 3479; baseline 0.001 -20"><span class='ocrx_word' id='word_1_359' title='bbox 179 3407 257 3460; x_wconf 86' lang='lat' dir='ltr'><strong>Ex</strong></span> <span class='ocrx_word' id='word_1_360' title='bbox 291 3423 405 3478; x_wconf 85' lang='lat' dir='ltr'><strong>quo</strong></span> <span class='ocrx_word' id='word_1_361' title='bbox 439 3406 723 3473; x_wconf 88' lang='lat' dir='ltr'><strong>sustinuit,</strong></span> <span class='ocrx_word' id='word_1_362' title='bbox 748 3407 900 3478; x_wconf 93' lang='lat' dir='ltr'><strong>quod</strong></span> <span class='ocrx_word' id='word_1_363' title='bbox 931 3424 1038 3479; x_wconf 78' lang='lat' dir='ltr'><strong>pax</strong></span> <span class='ocrx_word' id='word_1_364' title='bbox 1070 3407 1166 3478; x_wconf 92' lang='lat' dir='ltr'><strong>pia</strong></span> <span class='ocrx_word' id='word_1_365' title='bbox 1189 3409 1359 3479; x_wconf 91' lang='lat' dir='ltr'><strong>longe</strong></span> <span class='ocrx_word' id='word_1_366' title='bbox 1380 3407 1611 3462; x_wconf 87' lang='lat' dir='ltr'><strong>recessit</strong></span> 
     </span>
    </p>
   </div>
   <div class='ocr_carea' id='block_1_52' title="bbox 177 3495 1522 3566">
    <p class='ocr_par' dir='ltr' id='par_1_52' title="bbox 177 3495 1522 3566">
     <span class='ocr_line' id='line_1_52' title="bbox 177 3495 1522 3566; baseline 0.001 -17"><span class='ocrx_word' id='word_1_367' title='bbox 177 3496 417 3550; x_wconf 83' lang='lat' dir='ltr'><strong>Finibus</strong></span> <span class='ocrx_word' id='word_1_368' title='bbox 443 3511 473 3549; x_wconf 89' lang='lat' dir='ltr'><strong>e</strong></span> <span class='ocrx_word' id='word_1_369' title='bbox 506 3495 736 3562; x_wconf 88' lang='lat' dir='ltr'><strong>nostris,</strong></span> <span class='ocrx_word' id='word_1_370' title='bbox 768 3497 880 3550; x_wconf 91' lang='lat' dir='ltr'><strong>late</strong></span> <span class='ocrx_word' id='word_1_371' title='bbox 914 3496 1199 3566; x_wconf 87' lang='lat' dir='ltr'><strong>regnabat</strong></span> <span class='ocrx_word' id='word_1_372' title='bbox 1241 3499 1298 3551; x_wconf 92' lang='lat' dir='ltr'><strong>et</strong></span> <span class='ocrx_word' id='word_1_373' title='bbox 1323 3497 1522 3551; x_wconf 88' lang='lat' dir='ltr'><strong>hostis.</strong></span> 
     </span>
    </p>
   </div>
   <div class='ocr_carea' id='block_1_53' title="bbox 179 3582 1372 3648">
    <p class='ocr_par' dir='ltr' id='par_1_53' title="bbox 179 3582 1372 3648">
     <span class='ocr_line' id='line_1_53' title="bbox 179 3582 1372 3648; baseline 0 -10"><span class='ocrx_word' id='word_1_374' title='bbox 179 3583 321 3648; x_wconf 88' lang='lat' dir='ltr'><strong>Quis</strong></span> <span class='ocrx_word' id='word_1_375' title='bbox 342 3584 494 3638; x_wconf 88' lang='lat' dir='ltr'><strong>valet</strong></span> <span class='ocrx_word' id='word_1_376' title='bbox 520 3582 681 3637; x_wconf 80' lang='lat' dir='ltr'><strong>effari</strong></span> <span class='ocrx_word' id='word_1_377' title='bbox 705 3584 909 3638; x_wconf 86' lang='lat' dir='ltr'><strong>seviret</strong></span> <span class='ocrx_word' id='word_1_378' title='bbox 934 3587 997 3638; x_wconf 88' lang='lat' dir='ltr'><strong>ut</strong></span> <span class='ocrx_word' id='word_1_379' title='bbox 1030 3585 1134 3638; x_wconf 90' lang='lat' dir='ltr'><strong>iste</strong></span> <span class='ocrx_word' id='word_1_380' title='bbox 1155 3585 1372 3639; x_wconf 88' lang='lat' dir='ltr'><strong>crudeli</strong></span> 
     </span>
    </p>
   </div>
   <div class='ocr_carea' id='block_1_54' title="bbox 179 3671 1729 3744">
    <p class='ocr_par' dir='ltr' id='par_1_54' title="bbox 179 3671 1729 3744">
     <span class='ocr_line' id='line_1_54' title="bbox 179 3671 1729 3744; baseline 0 -18"><span class='ocrx_word' id='word_1_381' title='bbox 179 3672 433 3738; x_wconf 85' lang='lat' dir='ltr'><strong>Funere,</strong></span> <span class='ocrx_word' id='word_1_382' title='bbox 465 3689 598 3726; x_wconf 91' lang='lat' dir='ltr'><strong>cum</strong></span> <span class='ocrx_word' id='word_1_383' title='bbox 631 3672 836 3726; x_wconf 87' lang='lat' dir='ltr'><strong>Christi</strong></span> <span class='ocrx_word' id='word_1_384' title='bbox 866 3673 1096 3743; x_wconf 85' lang='lat' dir='ltr'><strong>templis</strong></span> <span class='ocrx_word' id='word_1_385' title='bbox 1126 3688 1232 3726; x_wconf 91' lang='lat' dir='ltr'><strong>nec</strong></span> <span class='ocrx_word' id='word_1_386' title='bbox 1252 3675 1517 3744; x_wconf 88' lang='lat' dir='ltr'><strong>parceret</strong></span> <span class='ocrx_word' id='word_1_387' title='bbox 1538 3671 1676 3727; x_wconf 91' lang='lat' dir='ltr'><strong>almi</strong></span> <span class='ocrx_word' id='word_1_388' title='bbox 1702 3673 1729 3726; x_wconf 58' lang='grc' dir='ltr'><strong>εἴ</strong></span> 
     </span>
    </p>
   </div>
   <div class='ocr_carea' id='block_1_55' title="bbox 181 3760 1512 3833">
    <p class='ocr_par' dir='ltr' id='par_1_55' title="bbox 181 3760 1512 3833">
     <span class='ocr_line' id='line_1_55' title="bbox 181 3760 1512 3833; baseline 0.001 -18"><span class='ocrx_word' id='word_1_389' title='bbox 181 3760 493 3831; x_wconf 87' lang='lat' dir='ltr'><strong>Congressi</strong></span> <span class='ocrx_word' id='word_1_390' title='bbox 516 3765 716 3815; x_wconf 91' lang='lat' dir='ltr'><strong>mutuo</strong></span> <span class='ocrx_word' id='word_1_391' title='bbox 740 3761 1068 3815; x_wconf 85' lang='lat' dir='ltr'><strong>ceciderunt</strong></span> <span class='ocrx_word' id='word_1_392' title='bbox 1099 3765 1270 3833; x_wconf 89' lang='lat' dir='ltr'><strong>atque</strong></span> <span class='ocrx_word' id='word_1_393' title='bbox 1298 3763 1512 3817; x_wconf 90' lang='lat' dir='ltr'><strong>duello.</strong></span> 
     </span>
    </p>
   </div>
   <div class='ocr_carea' id='block_1_56' title="bbox 177 3849 1419 3921">
    <p class='ocr_par' dir='ltr' id='par_1_56' title="bbox 177 3849 1419 3921">
     <span class='ocr_line' id='line_1_56' title="bbox 177 3849 1419 3921; baseline 0.002 -19"><span class='ocrx_word' id='word_1_394' title='bbox 177 3849 257 3903; x_wconf 85' lang='lat' dir='ltr'><strong>Ex</strong></span> <span class='ocrx_word' id='word_1_395' title='bbox 287 3849 499 3903; x_wconf 88' lang='lat' dir='ltr'><strong>nostris</strong></span> <span class='ocrx_word' id='word_1_396' title='bbox 530 3849 717 3915; x_wconf 91' lang='lat' dir='ltr'><strong>multi,</strong></span> <span class='ocrx_word' id='word_1_397' title='bbox 773 3849 1074 3904; x_wconf 89' lang='lat' dir='ltr'><strong>Saracenis</strong></span> <span class='ocrx_word' id='word_1_398' title='bbox 1100 3851 1419 3921; x_wconf 89' lang='lat' dir='ltr'><strong>exuperati.</strong></span> 
     </span>
    </p>
   </div>
   <div class='ocr_carea' id='block_1_57' title="bbox 179 3937 1585 4009">
    <p class='ocr_par' dir='ltr' id='par_1_57' title="bbox 179 3937 1585 4009">
     <span class='ocr_line' id='line_1_57' title="bbox 179 3937 1585 4009; baseline 0.001 -19"><span class='ocrx_word' id='word_1_399' title='bbox 179 3938 327 3992; x_wconf 79' lang='lat' dir='ltr'><strong>Vere</strong></span> <span class='ocrx_word' id='word_1_400' title='bbox 348 3938 563 4001; x_wconf 82' lang='lat' dir='ltr'><strong>felices,</strong></span> <span class='ocrx_word' id='word_1_401' title='bbox 598 3945 694 4009; x_wconf 83' lang='lat' dir='ltr'><strong>qui</strong></span> <span class='ocrx_word' id='word_1_402' title='bbox 727 3937 1014 3992; x_wconf 87' lang='lat' dir='ltr'><strong>Christum</strong></span> <span class='ocrx_word' id='word_1_403' title='bbox 1047 3955 1280 4009; x_wconf 90' lang='lat' dir='ltr'><strong>semper</strong></span> <span class='ocrx_word' id='word_1_404' title='bbox 1318 3942 1585 3994; x_wconf 87' lang='lat' dir='ltr'><strong>amantes</strong></span> 
     </span>
    </p>
   </div>
   <div class='ocr_carea' id='block_1_58' title="bbox 177 4025 1500 4097">
    <p class='ocr_par' dir='ltr' id='par_1_58' title="bbox 177 4025 1500 4097">
     <span class='ocr_line' id='line_1_58' title="bbox 177 4025 1500 4097; baseline 0.002 -18"><span class='ocrx_word' id='word_1_405' title='bbox 177 4025 530 4097; x_wconf 62' lang='lat' dir='ltr'><strong>Tranquillus</strong></span> <span class='ocrx_word' id='word_1_406' title='bbox 561 4026 716 4097; x_wconf 87' lang='lat' dir='ltr'><strong>pacis</strong></span> <span class='ocrx_word' id='word_1_407' title='bbox 742 4027 998 4080; x_wconf 88' lang='lat' dir='ltr'><strong>retinent</strong></span> <span class='ocrx_word' id='word_1_408' title='bbox 1027 4030 1246 4097; x_wconf 85' lang='lat' dir='ltr'><strong>optata,</strong></span> <span class='ocrx_word' id='word_1_409' title='bbox 1274 4027 1500 4082; x_wconf 89' lang='lat' dir='ltr'><strong>timoris</strong></span> 
     </span>
    </p>
   </div>
   <div class='ocr_carea' id='block_1_59' title="bbox 181 4115 1478 4187">
    <p class='ocr_par' dir='ltr' id='par_1_59' title="bbox 181 4115 1478 4187">
     <span class='ocr_line' id='line_1_59' title="bbox 181 4115 1478 4187; baseline 0.001 -20"><span class='ocrx_word' id='word_1_410' title='bbox 181 4115 462 4170; x_wconf 79' lang='lat' dir='ltr'><strong>Funditus</strong></span> <span class='ocrx_word' id='word_1_411' title='bbox 493 4115 679 4186; x_wconf 90' lang='lat' dir='ltr'><strong>ignari</strong></span> <span class='ocrx_word' id='word_1_412' title='bbox 701 4115 980 4185; x_wconf 91' lang='lat' dir='ltr'><strong>pulsantis</strong></span> <span class='ocrx_word' id='word_1_413' title='bbox 1010 4115 1187 4169; x_wconf 91' lang='lat' dir='ltr'><strong>corda</strong></span> <span class='ocrx_word' id='word_1_414' title='bbox 1213 4116 1478 4187; x_wconf 90' lang='lat' dir='ltr'><strong>maligni,</strong></span> 
     </span>
    </p>
   </div>
   <div class='ocr_carea' id='block_1_60' title="bbox 182 4203 1674 4276">
    <p class='ocr_par' dir='ltr' id='par_1_60' title="bbox 182 4203 1674 4276">
     <span class='ocr_line' id='line_1_60' title="bbox 182 4203 1674 4276; baseline 0.002 -20"><span class='ocrx_word' id='word_1_415' title='bbox 182 4204 317 4256; x_wconf 89' lang='lat' dir='ltr'><strong>Plus</strong></span> <span class='ocrx_word' id='word_1_416' title='bbox 350 4220 527 4276; x_wconf 83' lang='lat' dir='ltr'><strong>quam</strong></span> <span class='ocrx_word' id='word_1_417' title='bbox 555 4203 806 4258; x_wconf 88' lang='lat' dir='ltr'><strong>tricenos</strong></span> <span class='ocrx_word' id='word_1_418' title='bbox 833 4203 929 4275; x_wconf 93' lang='lat' dir='ltr'><strong>qui</strong></span> <span class='ocrx_word' id='word_1_419' title='bbox 947 4219 1099 4257; x_wconf 89' lang='lat' dir='ltr'><strong>nunc</strong></span> <span class='ocrx_word' id='word_1_420' title='bbox 1124 4204 1460 4258; x_wconf 89' lang='lat' dir='ltr'><strong>turbaverat</strong></span> <span class='ocrx_word' id='word_1_421' title='bbox 1491 4220 1674 4259; x_wconf 91' lang='lat' dir='ltr'><strong>annos</strong></span> 
     </span>
    </p>
   </div>
   <div class='ocr_carea' id='block_1_61' title="bbox 180 4291 1561 4361">
    <p class='ocr_par' dir='ltr' id='par_1_61' title="bbox 180 4291 1561 4361">
     <span class='ocr_line' id='line_1_61' title="bbox 180 4291 1561 4361; baseline 0.001 -17"><span class='ocrx_word' id='word_1_422' title='bbox 180 4293 596 4346; x_wconf 86' lang='lat' dir='ltr'><strong>Antecessores</strong></span> <span class='ocrx_word' id='word_1_423' title='bbox 623 4294 868 4358; x_wconf 90' lang='lat' dir='ltr'><strong>nostros,</strong></span> <span class='ocrx_word' id='word_1_424' title='bbox 902 4295 980 4358; x_wconf 90' lang='lat' dir='ltr'><strong>et,</strong></span> <span class='ocrx_word' id='word_1_425' title='bbox 1005 4307 1108 4361; x_wconf 92' lang='lat' dir='ltr'><strong>pro</strong></span> <span class='ocrx_word' id='word_1_426' title='bbox 1137 4291 1334 4346; x_wconf 90' lang='lat' dir='ltr'><strong>dolorl</strong></span> <span class='ocrx_word' id='word_1_427' title='bbox 1369 4293 1561 4346; x_wconf 89' lang='lat' dir='ltr'><strong>hostcs</strong></span> 
     </span>
    </p>
   </div>
   <div class='ocr_carea' id='block_1_62' title="bbox 179 4379 1798 4451">
    <p class='ocr_par' dir='ltr' id='par_1_62' title="bbox 179 4379 1798 4451">
     <span class='ocr_line' id='line_1_62' title="bbox 179 4379 1798 4451; baseline 0.001 -18"><span class='ocrx_word' id='word_1_428' title='bbox 179 4379 468 4448; x_wconf 84' lang='lat' dir='ltr'><strong>Armavit,</strong></span> <span class='ocrx_word' id='word_1_429' title='bbox 519 4383 743 4434; x_wconf 89' lang='lat' dir='ltr'><strong>nostras</strong></span> <span class='ocrx_word' id='word_1_430' title='bbox 771 4396 998 4451; x_wconf 88' lang='lat' dir='ltr'><strong>quoque</strong></span> <span class='ocrx_word' id='word_1_431' title='bbox 1027 4397 1179 4434; x_wconf 90' lang='lat' dir='ltr'><strong>nunc</strong></span> <span class='ocrx_word' id='word_1_432' title='bbox 1224 4380 1544 4450; x_wconf 81' lang='lat' dir='ltr'><strong>infringere</strong></span> <span class='ocrx_word' id='word_1_433' title='bbox 1594 4383 1798 4436; x_wconf 90' lang='lat' dir='ltr'><strong>terras.</strong></span> 
     </span>
    </p>
   </div>
   <div class='ocr_carea' id='block_1_63' title="bbox 183 4467 1586 4540">
    <p class='ocr_par' dir='ltr' id='par_1_63' title="bbox 183 4467 1586 4540">
     <span class='ocr_line' id='line_1_63' title="bbox 183 4467 1586 4540; baseline 0.001 -19"><span class='ocrx_word' id='word_1_434' title='bbox 183 4468 292 4532; x_wconf 87' lang='lat' dir='ltr'><strong>Qui</strong></span> <span class='ocrx_word' id='word_1_435' title='bbox 317 4470 488 4524; x_wconf 63' lang='lat' dir='ltr'><strong>caelos</strong></span> <span class='ocrx_word' id='word_1_436' title='bbox 511 4467 680 4522; x_wconf 87' lang='lat' dir='ltr'><strong>terris</strong></span> <span class='ocrx_word' id='word_1_437' title='bbox 707 4468 1006 4538; x_wconf 81' lang='lat' dir='ltr'><strong>conjunxit</strong></span> <span class='ocrx_word' id='word_1_438' title='bbox 1034 4476 1126 4536; x_wconf 68' lang='lat'><strong>355,</strong></span> <span class='ocrx_word' id='word_1_439' title='bbox 1161 4471 1339 4540; x_wconf 87' lang='lat' dir='ltr'><strong>ponat</strong></span> <span class='ocrx_word' id='word_1_440' title='bbox 1377 4473 1438 4522; x_wconf 91' lang='lat' dir='ltr'><strong>ut</strong></span> <span class='ocrx_word' id='word_1_441' title='bbox 1467 4469 1586 4523; x_wconf 89' lang='lat' dir='ltr'><strong>istis</strong></span> 
     </span>
    </p>
   </div>
   <div class='ocr_carea' id='block_1_64' title="bbox 178 4556 1612 4630">
    <p class='ocr_par' dir='ltr' id='par_1_64' title="bbox 178 4556 1612 4630">
     <span class='ocr_line' id='line_1_64' title="bbox 178 4556 1612 4630; baseline 0.001 -18"><span class='ocrx_word' id='word_1_442' title='bbox 178 4557 388 4613; x_wconf 88' lang='lat' dir='ltr'><strong>Finem</strong></span> <span class='ocrx_word' id='word_1_443' title='bbox 412 4556 724 4629; x_wconf 90' lang='lat' dir='ltr'><strong>suppliciis,</strong></span> <span class='ocrx_word' id='word_1_444' title='bbox 752 4560 914 4627; x_wconf 90' lang='lat' dir='ltr'><strong>optet</strong></span> <span class='ocrx_word' id='word_1_445' title='bbox 933 4557 1109 4612; x_wconf 91' lang='lat' dir='ltr'><strong>modo</strong></span> <span class='ocrx_word' id='word_1_446' title='bbox 1133 4557 1373 4630; x_wconf 88' lang='lat' dir='ltr'><strong>quisque</strong></span> <span class='ocrx_word' id='word_1_447' title='bbox 1404 4557 1612 4616; x_wconf 88' lang='lat' dir='ltr'><strong>ﬁdelis.</strong></span> 
     </span>
    </p>
   </div>
   <div class='ocr_carea' id='block_1_65' title="bbox 1905 2696 3524 2770">
    <p class='ocr_par' dir='ltr' id='par_1_65' title="bbox 1905 2696 3524 2770">
     <span class='ocr_line' id='line_1_65' title="bbox 1905 2696 3524 2770; baseline 0.003 -23"><span class='ocrx_word' id='word_1_448' title='bbox 1905 2710 2078 2764; x_wconf 89' lang='lat' dir='ltr'><strong>opere</strong></span> <span class='ocrx_word' id='word_1_449' title='bbox 2112 2696 2287 2766; x_wconf 66' lang='lat'><strong>(342),</strong></span> <span class='ocrx_word' id='word_1_450' title='bbox 2319 2696 2536 2768; x_wconf 89' lang='lat' dir='ltr'><strong>absque</strong></span> <span class='ocrx_word' id='word_1_451' title='bbox 2566 2699 3064 2770; x_wconf 90' lang='lat' dir='ltr'><strong>temperamento,</strong></span> <span class='ocrx_word' id='word_1_452' title='bbox 3121 2701 3352 2755; x_wconf 89' lang='lat' dir='ltr'><strong>matura</strong></span> <span class='ocrx_word' id='word_1_453' title='bbox 3401 2696 3524 2770; x_wconf 84' lang='lat' dir='ltr'><strong>fugi</strong></span> 
     </span>
    </p>
   </div>
   <div class='ocr_carea' id='block_1_66' title="bbox 1906 2781 3530 2860">
    <p class='ocr_par' dir='ltr' id='par_1_66' title="bbox 1906 2781 3530 2860">
     <span class='ocr_line' id='line_1_66' title="bbox 1906 2781 3530 2860; baseline 0.004 -24"><span class='ocrx_word' id='word_1_454' title='bbox 1906 2783 2143 2837; x_wconf 90' lang='lat' dir='ltr'><strong>consilia</strong></span> <span class='ocrx_word' id='word_1_455' title='bbox 2170 2801 2184 2851; x_wconf 90' lang='lat'><strong>;</strong></span> <span class='ocrx_word' id='word_1_456' title='bbox 2215 2783 2540 2857; x_wconf 88' lang='lat' dir='ltr'><strong>deindeque</strong></span> <span class='ocrx_word' id='word_1_457' title='bbox 2573 2785 2883 2858; x_wconf 85' lang='lat' dir='ltr'><strong>castigatus</strong></span> <span class='ocrx_word' id='word_1_458' title='bbox 2919 2805 2954 2843; x_wconf 92' lang='lat' dir='ltr'><strong>a</strong></span> <span class='ocrx_word' id='word_1_459' title='bbox 2983 2788 3204 2855; x_wconf 89' lang='lat' dir='ltr'><strong>multis,</strong></span> <span class='ocrx_word' id='word_1_460' title='bbox 3252 2781 3530 2860; x_wconf 81' lang='lat' dir='ltr'><strong>imposito</strong></span> 
     </span>
    </p>
   </div>
   <div class='ocr_carea' id='block_1_67' title="bbox 1904 2870 3532 2942">
    <p class='ocr_par' dir='ltr' id='par_1_67' title="bbox 1904 2870 3532 2942">
     <span class='ocr_line' id='line_1_67' title="bbox 1904 2870 3532 2942; baseline 0.005 -18"><span class='ocrx_word' id='word_1_461' title='bbox 1904 2870 2010 2924; x_wconf 90' lang='lat' dir='ltr'><strong>sibi</strong></span> <span class='ocrx_word' id='word_1_462' title='bbox 2039 2871 2346 2926; x_wconf 58' lang='lat' dir='ltr'><strong>laudandae</strong></span> <span class='ocrx_word' id='word_1_463' title='bbox 2380 2873 2606 2927; x_wconf 88' lang='lat' dir='ltr'><strong>virtutis</strong></span> <span class='ocrx_word' id='word_1_464' title='bbox 2653 2874 2842 2942; x_wconf 84' lang='lat' dir='ltr'><strong>freno,</strong></span> <span class='ocrx_word' id='word_1_465' title='bbox 2907 2875 3182 2932; x_wconf 86' lang='lat' dir='ltr'><strong>nobiliter</strong></span> <span class='ocrx_word' id='word_1_466' title='bbox 3231 2875 3292 2931; x_wconf 90' lang='lat' dir='ltr'><strong>in</strong></span> <span class='ocrx_word' id='word_1_467' title='bbox 3327 2874 3532 2932; x_wconf 82' lang='lat' dir='ltr'><strong>diebus</strong></span> 
     </span>
    </p>
   </div>
   <div class='ocr_carea' id='block_1_68' title="bbox 1906 2958 3530 3038">
    <p class='ocr_par' dir='ltr' id='par_1_68' title="bbox 1906 2958 3530 3038">
     <span class='ocr_line' id='line_1_68' title="bbox 1906 2958 3530 3038; baseline 0.006 -27"><span class='ocrx_word' id='word_1_468' title='bbox 1906 2958 2021 3012; x_wconf 91' lang='lat' dir='ltr'><strong>suis</strong></span> <span class='ocrx_word' id='word_1_469' title='bbox 2045 2964 2413 3015; x_wconf 83' lang='lat' dir='ltr'><strong>conversatus</strong></span> <span class='ocrx_word' id='word_1_470' title='bbox 2444 2966 2529 3017; x_wconf 92' lang='lat' dir='ltr'><strong>est</strong></span> <span class='ocrx_word' id='word_1_471' title='bbox 2557 2979 2570 3030; x_wconf 91' lang='lat'><strong>;</strong></span> <span class='ocrx_word' id='word_1_472' title='bbox 2635 2963 2779 3017; x_wconf 90' lang='lat' dir='ltr'><strong>sicut</strong></span> <span class='ocrx_word' id='word_1_473' title='bbox 2803 2964 2864 3018; x_wconf 90' lang='lat' dir='ltr'><strong>in</strong></span> <span class='ocrx_word' id='word_1_474' title='bbox 2921 2963 3297 3038; x_wconf 89' lang='lat' dir='ltr'><strong>sequentibus</strong></span> <span class='ocrx_word' id='word_1_475' title='bbox 3334 2965 3530 3037; x_wconf 85' lang='lat' dir='ltr'><strong>expla-</strong></span> 
     </span>
    </p>
   </div>
   <div class='ocr_carea' id='block_1_69' title="bbox 1907 3047 3529 3125">
    <p class='ocr_par' dir='ltr' id='par_1_69' title="bbox 1907 3047 3529 3125">
     <span class='ocr_line' id='line_1_69' title="bbox 1907 3047 3529 3125; baseline 0.006 -25"><span class='ocrx_word' id='word_1_476' title='bbox 1907 3048 2079 3101; x_wconf 89' lang='lat' dir='ltr'><strong>nabo.</strong></span> <span class='ocrx_word' id='word_1_477' title='bbox 2115 3047 2227 3102; x_wconf 65' lang='lat' dir='ltr'><strong>Plu:</strong></span> <span class='ocrx_word' id='word_1_478' title='bbox 2257 3049 2550 3119; x_wconf 86' lang='lat' dir='ltr'><strong>genitricis</strong></span> <span class='ocrx_word' id='word_1_479' title='bbox 2589 3068 2705 3106; x_wconf 66' lang='lat' dir='ltr'><strong>sua:</strong></span> <span class='ocrx_word' id='word_1_480' title='bbox 2735 3051 3032 3122; x_wconf 91' lang='lat' dir='ltr'><strong>instinctu,</strong></span> <span class='ocrx_word' id='word_1_481' title='bbox 3059 3054 3219 3125; x_wconf 90' lang='lat' dir='ltr'><strong>cujus</strong></span> <span class='ocrx_word' id='word_1_482' title='bbox 3239 3053 3529 3125; x_wconf 87' lang='lat' dir='ltr'><strong>guberna-</strong></span> 
     </span>
    </p>
   </div>
   <div class='ocr_carea' id='block_1_70' title="bbox 1906 3135 3528 3214">
    <p class='ocr_par' dir='ltr' id='par_1_70' title="bbox 1906 3135 3528 3214">
     <span class='ocr_line' id='line_1_70' title="bbox 1906 3135 3528 3214; baseline 0.005 -27"><span class='ocrx_word' id='word_1_483' title='bbox 1906 3136 2033 3189; x_wconf 89' lang='lat' dir='ltr'><strong>cula</strong></span> <span class='ocrx_word' id='word_1_484' title='bbox 2061 3135 2311 3206; x_wconf 87' lang='lat' dir='ltr'><strong>vigebat,</strong></span> <span class='ocrx_word' id='word_1_485' title='bbox 2353 3138 2677 3194; x_wconf 88' lang='lat' dir='ltr'><strong>Miminlevo</strong></span> <span class='ocrx_word' id='word_1_486' title='bbox 2710 3148 2804 3208; x_wconf 74' lang='grc'><strong>³⁵6,</strong></span> <span class='ocrx_word' id='word_1_487' title='bbox 2839 3141 2935 3196; x_wconf 91' lang='lat' dir='ltr'><strong>ubi</strong></span> <span class='ocrx_word' id='word_1_488' title='bbox 2963 3145 3130 3214; x_wconf 90' lang='lat' dir='ltr'><strong>pater</strong></span> <span class='ocrx_word' id='word_1_489' title='bbox 3183 3159 3315 3197; x_wconf 88' lang='lat' dir='ltr'><strong>suus</strong></span> <span class='ocrx_word' id='word_1_490' title='bbox 3361 3141 3528 3210; x_wconf 89' lang='lat' dir='ltr'><strong>obiit,</strong></span> 
     </span>
    </p>
   </div>
   <div class='ocr_carea' id='block_1_71' title="bbox 1897 3223 3531 3304">
    <p class='ocr_par' dir='ltr' id='par_1_71' title="bbox 1897 3223 3531 3304">
     <span class='ocr_line' id='line_1_71' title="bbox 1897 3223 3531 3304; baseline 0.007 -28"><span class='ocrx_word' id='word_1_491' title='bbox 1897 3223 2055 3293; x_wconf 89' lang='lat' dir='ltr'><strong>justo</strong></span> <span class='ocrx_word' id='word_1_492' title='bbox 2100 3224 2397 3295; x_wconf 82' lang='lat' dir='ltr'><strong>acquiswit</strong></span> <span class='ocrx_word' id='word_1_493' title='bbox 2454 3227 2800 3295; x_wconf 90' lang='lat' dir='ltr'><strong>concanbio,</strong></span> <span class='ocrx_word' id='word_1_494' title='bbox 2850 3228 3223 3302; x_wconf 89' lang='lat' dir='ltr'><strong>decimasque</strong></span> <span class='ocrx_word' id='word_1_495' title='bbox 3274 3248 3404 3304; x_wconf 76' lang='lat' dir='ltr'><strong>quae</strong></span> <span class='ocrx_word' id='word_1_496' title='bbox 3455 3229 3531 3286; x_wconf 87' lang='lat' dir='ltr'><strong>ad</strong></span> 
     </span>
    </p>
   </div>
   <div class='ocr_carea' id='block_1_72' title="bbox 1907 3311 3532 3390">
    <p class='ocr_par' dir='ltr' id='par_1_72' title="bbox 1907 3311 3532 3390">
     <span class='ocr_line' id='line_1_72' title="bbox 1907 3311 3532 3390; baseline 0.007 -26"><span class='ocrx_word' id='word_1_497' title='bbox 1907 3311 2270 3366; x_wconf 86' lang='lat' dir='ltr'><strong>Herevesfeld</strong></span> <span class='ocrx_word' id='word_1_498' title='bbox 2317 3321 2386 3354; x_wconf 68' lang='lat'><strong>357</strong></span> <span class='ocrx_word' id='word_1_499' title='bbox 2434 3313 2846 3386; x_wconf 87' lang='lat' dir='ltr'><strong>pertinebant;</strong></span> <span class='ocrx_word' id='word_1_500' title='bbox 2874 3319 2932 3370; x_wconf 94' lang='lat' dir='ltr'><strong>et</strong></span> <span class='ocrx_word' id='word_1_501' title='bbox 3008 3319 3383 3390; x_wconf 87' lang='lat' dir='ltr'><strong>congregatis</strong></span> <span class='ocrx_word' id='word_1_502' title='bbox 3449 3318 3532 3374; x_wconf 86' lang='lat' dir='ltr'><strong>ibi</strong></span> 
     </span>
    </p>
   </div>
   <div class='ocr_carea' id='block_1_73' title="bbox 1907 3401 3530 3480">
    <p class='ocr_par' dir='ltr' id='par_1_73' title="bbox 1907 3401 3530 3480">
     <span class='ocr_line' id='line_1_73' title="bbox 1907 3401 3530 3480; baseline 0.005 -25"><span class='ocrx_word' id='word_1_503' title='bbox 1907 3401 2226 3469; x_wconf 89' lang='lat' dir='ltr'><strong>monachis,</strong></span> <span class='ocrx_word' id='word_1_504' title='bbox 2251 3401 2494 3456; x_wconf 90' lang='lat' dir='ltr'><strong>liberam</strong></span> <span class='ocrx_word' id='word_1_505' title='bbox 2526 3403 2666 3458; x_wconf 85' lang='lat' dir='ltr'><strong>fecit</strong></span> <span class='ocrx_word' id='word_1_506' title='bbox 2713 3404 3046 3474; x_wconf 89' lang='lat' dir='ltr'><strong>abbaciam,</strong></span> <span class='ocrx_word' id='word_1_507' title='bbox 3105 3407 3371 3480; x_wconf 89' lang='lat' dir='ltr'><strong>datisque</strong></span> <span class='ocrx_word' id='word_1_508' title='bbox 3421 3407 3530 3464; x_wconf 88' lang='lat' dir='ltr'><strong>sibi</strong></span> 
     </span>
    </p>
   </div>
   <div class='ocr_carea' id='block_1_74' title="bbox 1904 3491 3532 3568">
    <p class='ocr_par' dir='ltr' id='par_1_74' title="bbox 1904 3491 3532 3568">
     <span class='ocr_line' id='line_1_74' title="bbox 1904 3491 3532 3568; baseline 0.004 -24"><span class='ocrx_word' id='word_1_509' title='bbox 1904 3491 2076 3545; x_wconf 89' lang='lat' dir='ltr'><strong>rebus</strong></span> <span class='ocrx_word' id='word_1_510' title='bbox 2108 3491 2458 3559; x_wconf 89' lang='lat' dir='ltr'><strong>necessariis,</strong></span> <span class='ocrx_word' id='word_1_511' title='bbox 2506 3492 2818 3564; x_wconf 89' lang='lat' dir='ltr'><strong>apostolico</strong></span> <span class='ocrx_word' id='word_1_512' title='bbox 2869 3493 3247 3549; x_wconf 86' lang='lat' dir='ltr'><strong>confirmavit</strong></span> <span class='ocrx_word' id='word_1_513' title='bbox 3297 3491 3532 3568; x_wconf 88' lang='lat' dir='ltr'><strong>privile-</strong></span> 
     </span>
    </p>
   </div>
   <div class='ocr_carea' id='block_1_75' title="bbox 1903 3579 3529 3655">
    <p class='ocr_par' dir='ltr' id='par_1_75' title="bbox 1903 3579 3529 3655">
     <span class='ocr_line' id='line_1_75' title="bbox 1903 3579 3529 3655; baseline 0.004 -22"><span class='ocrx_word' id='word_1_514' title='bbox 1903 3579 1998 3650; x_wconf 88' lang='lat' dir='ltr'><strong>gio</strong></span> <span class='ocrx_word' id='word_1_515' title='bbox 2016 3588 2087 3621; x_wconf 70' lang='grc'><strong>³⁵³</strong></span> <span class='ocrx_word' id='word_1_516' title='bbox 2112 3580 2530 3651; x_wconf 63' lang='lat' dir='ltr'><strong>(343).lnsuper</strong></span> <span class='ocrx_word' id='word_1_517' title='bbox 2562 3579 2860 3636; x_wconf 88' lang='lat' dir='ltr'><strong>licentiam</strong></span> <span class='ocrx_word' id='word_1_518' title='bbox 2891 3581 3395 3655; x_wconf 90' lang='lat' dir='ltr'><strong>archiepiscopum</strong></span> <span class='ocrx_word' id='word_1_519' title='bbox 3413 3584 3529 3639; x_wconf 92' lang='lat' dir='ltr'><strong>eli-</strong></span> 
     </span>
    </p>
   </div>
   <div class='ocr_carea' id='block_1_76' title="bbox 1903 3667 3527 3746">
    <p class='ocr_par' dir='ltr' id='par_1_76' title="bbox 1903 3667 3527 3746">
     <span class='ocr_line' id='line_1_76' title="bbox 1903 3667 3527 3746; baseline 0.003 -24"><span class='ocrx_word' id='word_1_520' title='bbox 1903 3667 2079 3740; x_wconf 88' lang='lat' dir='ltr'><strong>gendi</strong></span> <span class='ocrx_word' id='word_1_521' title='bbox 2100 3668 2484 3724; x_wconf 89' lang='lat' dir='ltr'><strong>confratribus</strong></span> <span class='ocrx_word' id='word_1_522' title='bbox 2496 3671 2614 3725; x_wconf 94' lang='lat' dir='ltr'><strong>Deo</strong></span> <span class='ocrx_word' id='word_1_523' title='bbox 2634 3669 3052 3726; x_wconf 82' lang='lat' dir='ltr'><strong>famulantibus</strong></span> <span class='ocrx_word' id='word_1_524' title='bbox 3068 3669 3425 3746; x_wconf 86' lang='lat' dir='ltr'><strong>Magdaburg</strong></span> <span class='ocrx_word' id='word_1_525' title='bbox 3453 3682 3527 3717; x_wconf 78' lang='lat' dir='ltr'><strong>m</strong></span> 
     </span>
    </p>
   </div>
   <div class='ocr_carea' id='block_1_77' title="bbox 1901 3757 3528 3834">
    <p class='ocr_par' dir='ltr' id='par_1_77' title="bbox 1901 3757 3528 3834">
     <span class='ocr_line' id='line_1_77' title="bbox 1901 3757 3528 3834; baseline 0.004 -23"><span class='ocrx_word' id='word_1_526' title='bbox 1901 3760 2174 3831; x_wconf 90' lang='lat' dir='ltr'><strong>precepto</strong></span> <span class='ocrx_word' id='word_1_527' title='bbox 2229 3757 2497 3831; x_wconf 90' lang='lat' dir='ltr'><strong>inperiali</strong></span> <span class='ocrx_word' id='word_1_528' title='bbox 2535 3760 2805 3831; x_wconf 87' lang='lat' dir='ltr'><strong>presente</strong></span> <span class='ocrx_word' id='word_1_529' title='bbox 2870 3759 3301 3834; x_wconf 87' lang='lat' dir='ltr'><strong>archiepiscopo</strong></span> <span class='ocrx_word' id='word_1_530' title='bbox 3366 3757 3528 3817; x_wconf 89' lang='lat' dir='ltr'><strong>dedit</strong></span> 
     </span>
    </p>
   </div>
   <div class='ocr_carea' id='block_1_78' title="bbox 1820 3845 3524 3922">
    <p class='ocr_par' dir='ltr' id='par_1_78' title="bbox 1820 3845 3524 3922">
     <span class='ocr_line' id='line_1_78' title="bbox 1820 3845 3524 3922; baseline 0.001 -21"><span class='ocrx_word' id='word_1_531' title='bbox 1820 3855 1871 3912; x_wconf 88' lang='lat' dir='ltr'>D</span> <span class='ocrx_word' id='word_1_532' title='bbox 1901 3845 2258 3902; x_wconf 63' lang='lat' dir='ltr'><strong>Ethelberto</strong></span> <span class='ocrx_word' id='word_1_533' title='bbox 2307 3855 2400 3916; x_wconf 69' lang='grc' dir='ltr'><strong>πο,</strong></span> <span class='ocrx_word' id='word_1_534' title='bbox 2435 3851 2493 3902; x_wconf 91' lang='lat' dir='ltr'><strong>et</strong></span> <span class='ocrx_word' id='word_1_535' title='bbox 2535 3847 2678 3920; x_wconf 77' lang='grc'>(344)</span> <span class='ocrx_word' id='word_1_536' title='bbox 2729 3863 2862 3903; x_wconf 90' lang='lat' dir='ltr'><strong>cum</strong></span> <span class='ocrx_word' id='word_1_537' title='bbox 2918 3866 3034 3905; x_wconf 91' lang='lat' dir='ltr'><strong>uno</strong></span> <span class='ocrx_word' id='word_1_538' title='bbox 3083 3848 3252 3917; x_wconf 90' lang='lat' dir='ltr'><strong>libro,</strong></span> <span class='ocrx_word' id='word_1_539' title='bbox 3307 3849 3405 3922; x_wconf 88' lang='lat' dir='ltr'><strong>qui</strong></span> <span class='ocrx_word' id='word_1_540' title='bbox 3454 3858 3524 3894; x_wconf 69' lang='grc' dir='ltr'><strong>θοι</strong></span> 
     </span>
    </p>
   </div>
   <div class='ocr_carea' id='block_1_79' title="bbox 1899 3933 3523 4012">
    <p class='ocr_par' dir='ltr' id='par_1_79' title="bbox 1899 3933 3523 4012">
     <span class='ocr_line' id='line_1_79' title="bbox 1899 3933 3523 4012; baseline 0.004 -24"><span class='ocrx_word' id='word_1_541' title='bbox 1899 3933 2074 3989; x_wconf 90' lang='lat' dir='ltr'><strong>hodie</strong></span> <span class='ocrx_word' id='word_1_542' title='bbox 2106 3935 2322 3991; x_wconf 90' lang='lat' dir='ltr'><strong>ibidem</strong></span> <span class='ocrx_word' id='word_1_543' title='bbox 2343 3936 2515 4004; x_wconf 89' lang='lat' dir='ltr'><strong>est,in</strong></span> <span class='ocrx_word' id='word_1_544' title='bbox 2546 3954 2660 4009; x_wconf 90' lang='lat' dir='ltr'><strong>quo</strong></span> <span class='ocrx_word' id='word_1_545' title='bbox 2690 3954 2794 3992; x_wconf 89' lang='lat' dir='ltr'><strong>sua</strong></span> <span class='ocrx_word' id='word_1_546' title='bbox 2816 3937 3301 4012; x_wconf 89' lang='lat' dir='ltr'><strong>inperatricisque</strong></span> <span class='ocrx_word' id='word_1_547' title='bbox 3331 3939 3523 3994; x_wconf 87' lang='lat' dir='ltr'><strong>Theu-</strong></span> 
     </span>
    </p>
   </div>
   <div class='ocr_carea' id='block_1_80' title="bbox 1901 4024 3527 4097">
    <p class='ocr_par' dir='ltr' id='par_1_80' title="bbox 1901 4024 3527 4097">
     <span class='ocr_line' id='line_1_80' title="bbox 1901 4024 3527 4097; baseline 0.004 -20"><span class='ocrx_word' id='word_1_548' title='bbox 1901 4024 2095 4094; x_wconf 89' lang='lat' dir='ltr'><strong>phanu</strong></span> <span class='ocrx_word' id='word_1_549' title='bbox 2113 4024 2305 4096; x_wconf 89' lang='lat' dir='ltr'><strong>imago</strong></span> <span class='ocrx_word' id='word_1_550' title='bbox 2321 4042 2460 4080; x_wconf 92' lang='lat' dir='ltr'><strong>auro</strong></span> <span class='ocrx_word' id='word_1_551' title='bbox 2474 4025 2739 4097; x_wconf 87' lang='lat' dir='ltr'><strong>splendet</strong></span> <span class='ocrx_word' id='word_1_552' title='bbox 2758 4027 3250 4097; x_wconf 86' lang='lat' dir='ltr'><strong>formata,munus</strong></span> <span class='ocrx_word' id='word_1_553' title='bbox 3268 4027 3527 4084; x_wconf 84' lang='lat' dir='ltr'><strong>afﬁrma-</strong></span> 
     </span>
    </p>
   </div>
   <div class='ocr_carea' id='block_1_81' title="bbox 1898 4112 3514 4189">
    <p class='ocr_par' dir='ltr' id='par_1_81' title="bbox 1898 4112 3514 4189">
     <span class='ocr_line' id='line_1_81' title="bbox 1898 4112 3514 4189; baseline 0.004 -24"><span class='ocrx_word' id='word_1_554' title='bbox 1898 4112 1996 4168; x_wconf 90' lang='lat' dir='ltr'><strong>vit.</strong></span> <span class='ocrx_word' id='word_1_555' title='bbox 2026 4112 2190 4175; x_wconf 91' lang='lat' dir='ltr'><strong>Quod</strong></span> <span class='ocrx_word' id='word_1_556' title='bbox 2215 4113 2401 4183; x_wconf 89' lang='lat' dir='ltr'><strong>gratia</strong></span> <span class='ocrx_word' id='word_1_557' title='bbox 2430 4115 2639 4170; x_wconf 89' lang='lat' dir='ltr'><strong>cesaris</strong></span> <span class='ocrx_word' id='word_1_558' title='bbox 2664 4119 2724 4170; x_wconf 88' lang='lat' dir='ltr'><strong>et</strong></span> <span class='ocrx_word' id='word_1_559' title='bbox 2755 4116 2814 4171; x_wconf 90' lang='lat' dir='ltr'><strong>in</strong></span> <span class='ocrx_word' id='word_1_560' title='bbox 2847 4118 3139 4189; x_wconf 89' lang='lat' dir='ltr'><strong>presentia</strong></span> <span class='ocrx_word' id='word_1_561' title='bbox 3167 4117 3290 4189; x_wconf 89' lang='lat' dir='ltr'><strong>ejus</strong></span> <span class='ocrx_word' id='word_1_562' title='bbox 3316 4115 3514 4175; x_wconf 80' lang='lat' dir='ltr'><strong>archi-</strong></span> 
     </span>
    </p>
   </div>
   <div class='ocr_carea' id='block_1_82' title="bbox 1901 4200 3518 4281">
    <p class='ocr_par' dir='ltr' id='par_1_82' title="bbox 1901 4200 3518 4281">
     <span class='ocr_line' id='line_1_82' title="bbox 1901 4200 3518 4281; baseline 0.007 -28"><span class='ocrx_word' id='word_1_563' title='bbox 1901 4200 2220 4272; x_wconf 89' lang='lat' dir='ltr'><strong>cpiscopus,</strong></span> <span class='ocrx_word' id='word_1_564' title='bbox 2261 4207 2600 4273; x_wconf 88' lang='lat' dir='ltr'><strong>preparatus</strong></span> <span class='ocrx_word' id='word_1_565' title='bbox 2655 4205 2728 4260; x_wconf 91' lang='lat' dir='ltr'><strong>ad</strong></span> <span class='ocrx_word' id='word_1_566' title='bbox 2759 4205 3021 4276; x_wconf 90' lang='lat' dir='ltr'><strong>missam,</strong></span> <span class='ocrx_word' id='word_1_567' title='bbox 3076 4224 3210 4263; x_wconf 89' lang='lat' dir='ltr'><strong>cum</strong></span> <span class='ocrx_word' id='word_1_568' title='bbox 3257 4208 3518 4281; x_wconf 78' lang='lat' dir='ltr'><strong>perlecta</strong></span> 
     </span>
    </p>
   </div>
   <div class='ocr_carea' id='block_1_83' title="bbox 1900 4282 3518 4368">
    <p class='ocr_par' dir='ltr' id='par_1_83' title="bbox 1900 4282 3518 4368">
     <span class='ocr_line' id='line_1_83' title="bbox 1900 4282 3518 4368; baseline 0.005 -24"><span class='ocrx_word' id='word_1_569' title='bbox 1900 4290 2199 4360; x_wconf 88' lang='lat' dir='ltr'><strong>evangelio</strong></span> <span class='ocrx_word' id='word_1_570' title='bbox 2234 4306 2397 4344; x_wconf 91' lang='lat' dir='ltr'><strong>more</strong></span> <span class='ocrx_word' id='word_1_571' title='bbox 2423 4293 2590 4347; x_wconf 88' lang='lat' dir='ltr'><strong>solito</strong></span> <span class='ocrx_word' id='word_1_572' title='bbox 2624 4295 2842 4364; x_wconf 83' lang='lat' dir='ltr'><strong>Optime</strong></span> <span class='ocrx_word' id='word_1_573' title='bbox 2873 4297 3244 4368; x_wconf 88' lang='lat' dir='ltr'><strong>predicasset,</strong></span> <span class='ocrx_word' id='word_1_574' title='bbox 3276 4282 3518 4353; x_wconf 86' lang='lat' dir='ltr'><strong>recitato</strong></span> 
     </span>
    </p>
   </div>
   <div class='ocr_carea' id='block_1_84' title="bbox 1900 4379 3522 4457">
    <p class='ocr_par' dir='ltr' id='par_1_84' title="bbox 1900 4379 3522 4457">
     <span class='ocr_line' id='line_1_84' title="bbox 1900 4379 3522 4457; baseline 0.007 -26"><span class='ocrx_word' id='word_1_575' title='bbox 1900 4394 2096 4433; x_wconf 91' lang='lat' dir='ltr'><strong>coram</strong></span> <span class='ocrx_word' id='word_1_576' title='bbox 2125 4382 2399 4450; x_wconf 89' lang='lat' dir='ltr'><strong>precepto</strong></span> <span class='ocrx_word' id='word_1_577' title='bbox 2427 4379 2740 4450; x_wconf 90' lang='lat' dir='ltr'><strong>imperiali,</strong></span> <span class='ocrx_word' id='word_1_578' title='bbox 2773 4384 2840 4456; x_wconf 84' lang='lat' dir='ltr'><strong>(f.</strong></span> <span class='ocrx_word' id='word_1_579' title='bbox 2863 4384 2968 4455; x_wconf 71' lang='lat'><strong>34’)</strong></span> <span class='ocrx_word' id='word_1_580' title='bbox 3003 4402 3116 4457; x_wconf 92' lang='lat' dir='ltr'><strong>quo</strong></span> <span class='ocrx_word' id='word_1_581' title='bbox 3144 4385 3353 4441; x_wconf 88' lang='lat' dir='ltr'><strong>eleccio</strong></span> <span class='ocrx_word' id='word_1_582' title='bbox 3381 4402 3522 4442; x_wconf 87' lang='lat' dir='ltr'><strong>con-</strong></span> 
     </span>
    </p>
   </div>
   <div class='ocr_carea' id='block_1_85' title="bbox 1900 4466 3518 4548">
    <p class='ocr_par' dir='ltr' id='par_1_85' title="bbox 1900 4466 3518 4548">
     <span class='ocr_line' id='line_1_85' title="bbox 1900 4466 3518 4548; baseline 0.006 -26"><span class='ocrx_word' id='word_1_583' title='bbox 1900 4466 2210 4535; x_wconf 83' lang='lat' dir='ltr'><strong>tinebatur,</strong></span> <span class='ocrx_word' id='word_1_584' title='bbox 2245 4468 2518 4536; x_wconf 89' lang='lat' dir='ltr'><strong>ostendit,</strong></span> <span class='ocrx_word' id='word_1_585' title='bbox 2539 4471 2949 4544; x_wconf 89' lang='lat' dir='ltr'><strong>eumdemque,</strong></span> <span class='ocrx_word' id='word_1_586' title='bbox 2965 4473 3312 4548; x_wconf 88' lang='lat' dir='ltr'><strong>quicumque</strong></span> <span class='ocrx_word' id='word_1_587' title='bbox 3330 4478 3518 4531; x_wconf 87' lang='lat' dir='ltr'><strong>teme-</strong></span> 
     </span>
    </p>
   </div>
   <div class='ocr_carea' id='block_1_86' title="bbox 1895 4555 3511 4633">
    <p class='ocr_par' dir='ltr' id='par_1_86' title="bbox 1895 4555 3511 4633">
     <span class='ocr_line' id='line_1_86' title="bbox 1895 4555 3511 4633; baseline 0.006 -22"><span class='ocrx_word' id='word_1_588' title='bbox 1895 4555 2079 4611; x_wconf 88' lang='lat' dir='ltr'><strong>rarius</strong></span> <span class='ocrx_word' id='word_1_589' title='bbox 2106 4557 2216 4612; x_wconf 91' lang='lat' dir='ltr'><strong>hoc</strong></span> <span class='ocrx_word' id='word_1_590' title='bbox 2274 4572 2556 4629; x_wconf 88' lang='lat' dir='ltr'><strong>umquam</strong></span> <span class='ocrx_word' id='word_1_591' title='bbox 2610 4560 2853 4615; x_wconf 89' lang='lat' dir='ltr'><strong>auderet</strong></span> <span class='ocrx_word' id='word_1_592' title='bbox 2881 4560 3227 4633; x_wconf 86' lang='lat' dir='ltr'><strong>infringere,</strong></span> <span class='ocrx_word' id='word_1_593' title='bbox 3255 4564 3511 4620; x_wconf 88' lang='lat' dir='ltr'><strong>terribili</strong></span> 
     </span>
    </p>
   </div>
   <div class='ocr_carea' id='block_1_87' title="bbox 259 4645 3566 4723">
    <p class='ocr_par' dir='ltr' id='par_1_87' title="bbox 259 4645 3566 4723">
     <span class='ocr_line' id='line_1_87' title="bbox 259 4645 3566 4723; baseline 0.002 -22"><span class='ocrx_word' id='word_1_594' title='bbox 259 4651 310 4703; x_wconf 90' lang='grc'><strong>1.</strong></span> <span class='ocrx_word' id='word_1_595' title='bbox 338 4647 402 4706; x_wconf 86' lang='lat' dir='ltr'><strong>(f.</strong></span> <span class='ocrx_word' id='word_1_596' title='bbox 436 4649 523 4712; x_wconf 68' lang='lat' dir='ltr'><strong>3t)</strong></span> <span class='ocrx_word' id='word_1_597' title='bbox 561 4645 790 4700; x_wconf 87' lang='lat' dir='ltr'><strong>Tercius</strong></span> <span class='ocrx_word' id='word_1_598' title='bbox 819 4645 987 4716; x_wconf 89' lang='lat' dir='ltr'><strong>regni</strong></span> <span class='ocrx_word' id='word_1_599' title='bbox 1032 4649 1373 4716; x_wconf 88' lang='lat' dir='ltr'><strong>procurator</strong></span> <span class='ocrx_word' id='word_1_600' title='bbox 1418 4647 1627 4716; x_wconf 83' lang='lat' dir='ltr'><strong>nostri,</strong></span> <span class='ocrx_word' id='word_1_601' title='bbox 1662 4646 1794 4702; x_wconf 91' lang='lat' dir='ltr'><strong>Otto</strong></span> <span class='ocrx_word' id='word_1_602' title='bbox 1897 4645 2500 4702; x_wconf 81' lang='lat' dir='ltr'><strong>excommunicatione</strong></span> <span class='ocrx_word' id='word_1_603' title='bbox 2530 4646 2855 4720; x_wconf 88' lang='lat' dir='ltr'><strong>damnavit,</strong></span> <span class='ocrx_word' id='word_1_604' title='bbox 2888 4650 3105 4705; x_wconf 90' lang='lat' dir='ltr'><strong>cunctis</strong></span> <span class='ocrx_word' id='word_1_605' title='bbox 3150 4666 3517 4723; x_wconf 86' lang='lat' dir='ltr'><strong>prosequen-</strong></span> <span class='ocrx_word' id='word_1_606' title='bbox 3551 4653 3566 4666; x_wconf 74' lang='grc'><strong><em>“</em></strong></span> 
     </span>
    </p>
   </div>
   <div class='ocr_carea' id='block_1_88' title="bbox 181 4733 3517 4812">
    <p class='ocr_par' dir='ltr' id='par_1_88' title="bbox 181 4733 3517 4812">
     <span class='ocr_line' id='line_1_88' title="bbox 181 4733 3517 4812; baseline 0.002 -21"><span class='ocrx_word' id='word_1_607' title='bbox 181 4735 489 4803; x_wconf 89' lang='lat' dir='ltr'><strong>secundus,</strong></span> <span class='ocrx_word' id='word_1_608' title='bbox 526 4734 598 4788; x_wconf 88' lang='lat' dir='ltr'><strong>sit</strong></span> <span class='ocrx_word' id='word_1_609' title='bbox 625 4733 882 4790; x_wconf 90' lang='lat' dir='ltr'><strong>codicelli</strong></span> <span class='ocrx_word' id='word_1_610' title='bbox 922 4733 1196 4789; x_wconf 86' lang='lat' dir='ltr'><strong>materies</strong></span> <span class='ocrx_word' id='word_1_611' title='bbox 1247 4735 1397 4805; x_wconf 89' lang='lat' dir='ltr'><strong>mei;</strong></span> <span class='ocrx_word' id='word_1_612' title='bbox 1426 4735 1524 4808; x_wconf 89' lang='lat' dir='ltr'><strong>qui</strong></span> <span class='ocrx_word' id='word_1_613' title='bbox 1569 4736 1795 4807; x_wconf 87' lang='lat' dir='ltr'><strong>juvenis</strong></span> <span class='ocrx_word' id='word_1_614' title='bbox 1896 4734 2046 4790; x_wconf 88' lang='lat' dir='ltr'><strong>tibus</strong></span> <span class='ocrx_word' id='word_1_615' title='bbox 2073 4735 2295 4790; x_wconf 74' lang='lat' dir='ltr'><strong>Amen!</strong></span> <span class='ocrx_word' id='word_1_616' title='bbox 2336 4733 2473 4807; x_wconf 82' lang='lat' dir='ltr'><strong>ﬁat!</strong></span> <span class='ocrx_word' id='word_1_617' title='bbox 2518 4735 2657 4808; x_wconf 84' lang='lat' dir='ltr'><strong>ﬁat!</strong></span> <span class='ocrx_word' id='word_1_618' title='bbox 2714 4738 3113 4796; x_wconf 88' lang='lat' dir='ltr'><strong>consolidavit.</strong></span> <span class='ocrx_word' id='word_1_619' title='bbox 3191 4739 3517 4812; x_wconf 88' lang='lat' dir='ltr'><strong>Pauperem</strong></span> 
     </span>
    </p>
   </div>
   <div class='ocr_carea' id='block_1_89' title="bbox 1513 4835 2180 4912">
    <p class='ocr_par' dir='ltr' id='par_1_89' title="bbox 1513 4835 2180 4912">
     <span class='ocr_line' id='line_1_89' title="bbox 1513 4835 2180 4912; baseline 0.006 -4"><span class='ocrx_word' id='word_1_620' title='bbox 1513 4854 1743 4909; x_wconf 59' lang='lat' dir='ltr'><strong>nam</strong></span> <span class='ocrx_word' id='word_1_621' title='bbox 1780 4835 2180 4912; x_wconf 83' lang='lat' dir='ltr'><strong>LECTIONES.</strong></span> 
     </span>
    </p>
   </div>
   <div class='ocr_carea' id='block_1_90' title="bbox 252 4952 3515 5026">
    <p class='ocr_par' dir='ltr' id='par_1_90' title="bbox 252 4952 3515 5026">
     <span class='ocr_line' id='line_1_90' title="bbox 252 4952 3515 5026; baseline 0.001 -18"><span class='ocrx_word' id='word_1_622' title='bbox 252 4964 326 4998; x_wconf 67' lang='grc' dir='ltr'><strong>διε</strong></span> <span class='ocrx_word' id='word_1_623' title='bbox 349 4957 426 5009; x_wconf 89' lang='lat' dir='ltr'><strong>et.</strong></span> <span class='ocrx_word' id='word_1_624' title='bbox 451 4955 510 5008; x_wconf 92' lang='lat' dir='ltr'><strong>et</strong></span> <span class='ocrx_word' id='word_1_625' title='bbox 542 4957 626 5008; x_wconf 81' lang='lat' dir='ltr'><strong>la.</strong></span> <span class='ocrx_word' id='word_1_626' title='bbox 705 4961 777 4995; x_wconf 69' lang='lat'><strong>848</strong></span> <span class='ocrx_word' id='word_1_627' title='bbox 809 4952 1187 5026; x_wconf 89' lang='lat' dir='ltr'><strong>conclaudam</strong></span> <span class='ocrx_word' id='word_1_628' title='bbox 1224 4958 1307 5026; x_wconf 88' lang='grc' dir='ltr'><strong>1α.</strong></span> <span class='ocrx_word' id='word_1_629' title='bbox 1383 4961 1452 4995; x_wconf 74' lang='grc' dir='ltr'><strong>διτ</strong></span> <span class='ocrx_word' id='word_1_630' title='bbox 1500 4952 1616 5026; x_wconf 63' lang='grc' dir='ltr'><strong>νοχ</strong></span> <span class='ocrx_word' id='word_1_631' title='bbox 1646 4952 1802 5007; x_wconf 85' lang='lat' dir='ltr'><strong>haud</strong></span> <span class='ocrx_word' id='word_1_632' title='bbox 1827 4969 1978 5026; x_wconf 77' lang='lat' dir='ltr'><strong>erasa</strong></span> <span class='ocrx_word' id='word_1_633' title='bbox 2007 4955 2063 5006; x_wconf 77' lang='lat' dir='ltr'><strong>in</strong></span> <span class='ocrx_word' id='word_1_634' title='bbox 2089 4954 2206 5012; x_wconf 78' lang='lat' dir='ltr'><strong>cod.</strong></span> <span class='ocrx_word' id='word_1_635' title='bbox 2238 4957 2289 5008; x_wconf 88' lang='grc'><strong>1.</strong></span> <span class='ocrx_word' id='word_1_636' title='bbox 2317 4959 2488 5009; x_wconf 76' lang='lat' dir='ltr'><strong>exstat</strong></span> <span class='ocrx_word' id='word_1_637' title='bbox 2516 4955 2663 5026; x_wconf 74' lang='lat' dir='ltr'><strong>apud</strong></span> <span class='ocrx_word' id='word_1_638' title='bbox 2684 4954 2761 5010; x_wconf 89' lang='grc' dir='ltr'><strong>Α.</strong></span> <span class='ocrx_word' id='word_1_639' title='bbox 2801 4953 2866 5010; x_wconf 90' lang='lat' dir='ltr'><strong>S.</strong></span> <span class='ocrx_word' id='word_1_640' title='bbox 2944 4963 3016 4997; x_wconf 73' lang='grc' dir='ltr'><strong>διε</strong></span> <span class='ocrx_word' id='word_1_641' title='bbox 3046 4955 3154 5010; x_wconf 89' lang='lat' dir='ltr'><strong>hac</strong></span> <span class='ocrx_word' id='word_1_642' title='bbox 3188 4960 3237 5012; x_wconf 91' lang='grc'><strong>1.</strong></span> <span class='ocrx_word' id='word_1_643' title='bbox 3314 4965 3386 5001; x_wconf 74' lang='grc' dir='ltr'><strong>διο</strong></span> <span class='ocrx_word' id='word_1_644' title='bbox 3413 4976 3515 5015; x_wconf 78' lang='lat' dir='ltr'><strong>ve-</strong></span> 
     </span>
    </p>
   </div>
   <div class='ocr_carea' id='block_1_91' title="bbox 180 5025 3508 5103">
    <p class='ocr_par' dir='ltr' id='par_1_91' title="bbox 180 5025 3508 5103">
     <span class='ocr_line' id='line_1_91' title="bbox 180 5025 3508 5103; baseline 0 -22"><span class='ocrx_word' id='word_1_645' title='bbox 180 5027 363 5103; x_wconf 80' lang='lat' dir='ltr'><strong>ridica</strong></span> <span class='ocrx_word' id='word_1_646' title='bbox 381 5029 474 5103; x_wconf 61' lang='grc' dir='ltr'><strong>μζ.</strong></span> <span class='ocrx_word' id='word_1_647' title='bbox 549 5025 1048 5103; x_wconf 28' lang='lat' dir='ltr'><strong>850_comn_1_i_ssi_s‘l.</strong></span> <span class='ocrx_word' id='word_1_648' title='bbox 1070 5033 1196 5103; x_wconf 33' lang='lat' dir='ltr'><strong>“fit</strong></span> <span class='ocrx_word' id='word_1_649' title='bbox 1225 5025 1466 5103; x_wconf 80' lang='lat' dir='ltr'><strong>innuma</strong></span> <span class='ocrx_word' id='word_1_650' title='bbox 1494 5028 1544 5078; x_wconf 94' lang='grc'><strong>1.</strong></span> <span class='ocrx_word' id='word_1_651' title='bbox 1586 5025 1725 5103; x_wconf 66' lang='lat' dir='ltr'><strong>linea</strong></span> <span class='ocrx_word' id='word_1_652' title='bbox 1753 5025 1908 5103; x_wconf 67' lang='lat' dir='ltr'><strong>suder</strong></span> <span class='ocrx_word' id='word_1_653' title='bbox 1939 5041 2173 5103; x_wconf 62' lang='lat' dir='ltr'><strong>derasa.</strong></span> <span class='ocrx_word' id='word_1_654' title='bbox 2250 5032 2322 5067; x_wconf 61' lang='lat'><strong>353</strong></span> <span class='ocrx_word' id='word_1_655' title='bbox 2353 5027 2508 5103; x_wconf 79' lang='lat' dir='ltr'><strong>adt.</strong></span> <span class='ocrx_word' id='word_1_656' title='bbox 2543 5025 2710 5103; x_wconf 53' lang='lat' dir='ltr'><strong>(paces</strong></span> <span class='ocrx_word' id='word_1_657' title='bbox 2756 5026 2877 5103; x_wconf 89' lang='lat' dir='ltr'><strong>Dei_</strong></span> <span class='ocrx_word' id='word_1_658' title='bbox 2907 5027 3104 5103; x_wconf 89' lang='lat' dir='ltr'><strong>Patris_</strong></span> <span class='ocrx_word' id='word_1_659' title='bbox 3140 5044 3308 5103; x_wconf 56' lang='lat' dir='ltr'><strong>erasa»</strong></span> <span class='ocrx_word' id='word_1_660' title='bbox 3337 5034 3508 5103; x_wconf 81' lang='lat' dir='ltr'><strong>sunt).</strong></span> 
     </span>
    </p>
   </div>
   <div class='ocr_carea' id='block_1_92' title="bbox 178 5096 2027 5167">
    <p class='ocr_par' dir='ltr' id='par_1_92' title="bbox 178 5096 2027 5167">
     <span class='ocr_line' id='line_1_92' title="bbox 178 5096 2027 5167; baseline -0.002 -16"><span class='ocrx_word' id='word_1_661' title='bbox 178 5108 252 5141; x_wconf 66' lang='lat'><strong>853</strong></span> <span class='ocrx_word' id='word_1_662' title='bbox 278 5097 486 5167; x_wconf 81' lang='lat' dir='ltr'><strong>Incipit</strong></span> <span class='ocrx_word' id='word_1_663' title='bbox 513 5097 786 5167; x_wconf 87' lang='lat' dir='ltr'><strong>prologus</strong></span> <span class='ocrx_word' id='word_1_664' title='bbox 813 5097 946 5150; x_wconf 90' lang='lat' dir='ltr'><strong>libri</strong></span> <span class='ocrx_word' id='word_1_665' title='bbox 974 5096 1130 5151; x_wconf 89' lang='lat' dir='ltr'><strong>tertii</strong></span> <span class='ocrx_word' id='word_1_666' title='bbox 1151 5097 1223 5151; x_wconf 89' lang='lat' dir='ltr'><strong>de</strong></span> <span class='ocrx_word' id='word_1_667' title='bbox 1256 5098 1462 5151; x_wconf 85' lang='lat' dir='ltr'><strong>Ottone</strong></span> <span class='ocrx_word' id='word_1_668' title='bbox 1493 5096 1744 5150; x_wconf 87' lang='lat' dir='ltr'><strong>secundo</strong></span> <span class='ocrx_word' id='word_1_669' title='bbox 1782 5101 1833 5151; x_wconf 82' lang='lat'><strong>&#39;2.</strong></span> <span class='ocrx_word' id='word_1_670' title='bbox 1863 5102 1933 5167; x_wconf 14' lang='lat' dir='ltr'><strong>ret</strong></span> <span class='ocrx_word' id='word_1_671' title='bbox 1971 5098 2027 5149; x_wconf 76' lang='lat' dir='ltr'><strong>in</strong></span> 
     </span>
    </p>
   </div>
   <div class='ocr_carea' id='block_1_93' title="bbox 2062 5097 3508 5169">
    <p class='ocr_par' dir='ltr' id='par_1_93' title="bbox 2062 5097 3508 5169">
     <span class='ocr_line' id='line_1_93' title="bbox 2062 5097 3508 5169; baseline 0.005 -18"><span class='ocrx_word' id='word_1_672' title='bbox 2062 5097 2170 5166; x_wconf 74' lang='lat' dir='ltr'><strong>ﬁne</strong></span> <span class='ocrx_word' id='word_1_673' title='bbox 2209 5099 2465 5153; x_wconf 72' lang='lat' dir='ltr'><strong>Carminis</strong></span> <span class='ocrx_word' id='word_1_674' title='bbox 2496 5109 2510 5155; x_wconf 89' lang='lat'><strong>:</strong></span> <span class='ocrx_word' id='word_1_675' title='bbox 2547 5097 2709 5169; x_wconf 85' lang='lat' dir='ltr'><strong>Expl.</strong></span> <span class='ocrx_word' id='word_1_676' title='bbox 2753 5098 3051 5169; x_wconf 89' lang='lat' dir='ltr'><strong>prologus.</strong></span> <span class='ocrx_word' id='word_1_677' title='bbox 3084 5099 3203 5154; x_wconf 85' lang='lat' dir='ltr'><strong>Inc.</strong></span> <span class='ocrx_word' id='word_1_678' title='bbox 3233 5099 3333 5154; x_wconf 91' lang='lat' dir='ltr'><strong>lib.</strong></span> <span class='ocrx_word' id='word_1_679' title='bbox 3367 5097 3508 5159; x_wconf 74' lang='lat' dir='ltr'><strong>tere.</strong></span> 
     </span>
    </p>
   </div>
   <div class='ocr_carea' id='block_1_94' title="bbox 179 5166 3507 5243">
    <p class='ocr_par' dir='ltr' id='par_1_94' title="bbox 179 5166 3507 5243">
     <span class='ocr_line' id='line_1_94' title="bbox 179 5166 3507 5243; baseline 0.001 -20"><span class='ocrx_word' id='word_1_680' title='bbox 179 5178 251 5243; x_wconf 48' lang='grc' dir='ltr'><strong>ἓν</strong></span> <span class='ocrx_word' id='word_1_681' title='bbox 280 5166 434 5243; x_wconf 77' lang='lat' dir='ltr'><strong>felici</strong></span> <span class='ocrx_word' id='word_1_682' title='bbox 448 5172 488 5243; x_wconf 75' lang='lat' dir='ltr'><strong>_i</strong></span> <span class='ocrx_word' id='word_1_683' title='bbox 502 5166 633 5222; x_wconf 59' lang='lat' dir='ltr'><strong>[sed</strong></span> <span class='ocrx_word' id='word_1_684' title='bbox 658 5170 762 5238; x_wconf 63' lang='grc' dir='ltr'><strong>ψεε</strong></span> <span class='ocrx_word' id='word_1_685' title='bbox 790 5169 1034 5243; x_wconf 71' lang='lat' dir='ltr'><strong>cqrrexz‘t.</strong></span> <span class='ocrx_word' id='word_1_686' title='bbox 1113 5176 1184 5209; x_wconf 66' lang='grc'><strong>³⁵⁵</strong></span> <span class='ocrx_word' id='word_1_687' title='bbox 1207 5184 1255 5222; x_wconf 93' lang='lat' dir='ltr'><strong>c.</strong></span> <span class='ocrx_word' id='word_1_688' title='bbox 1289 5184 1520 5243; x_wconf 61' lang='lat' dir='ltr'><strong>erasum.</strong></span> <span class='ocrx_word' id='word_1_689' title='bbox 1597 5174 1668 5208; x_wconf 70' lang='grc'><strong>³⁵⁸</strong></span> <span class='ocrx_word' id='word_1_690' title='bbox 1708 5166 2046 5243; x_wconf 66' lang='lat' dir='ltr'><strong>mimihleue</strong></span> <span class='ocrx_word' id='word_1_691' title='bbox 2084 5172 2161 5223; x_wconf 82' lang='lat' dir='ltr'><strong>lc.</strong></span> <span class='ocrx_word' id='word_1_692' title='bbox 2239 5175 2310 5209; x_wconf 74' lang='grc'><strong>³⁵⁷</strong></span> <span class='ocrx_word' id='word_1_693' title='bbox 2351 5169 2601 5243; x_wconf 76' lang='lat' dir='ltr'><strong>Hereues</strong></span> <span class='ocrx_word' id='word_1_694' title='bbox 2630 5166 2728 5224; x_wconf 71' lang='lat' dir='ltr'><strong>fel.</strong></span> <span class='ocrx_word' id='word_1_695' title='bbox 2757 5166 2966 5243; x_wconf 59' lang='lat' dir='ltr'><strong>scripsit</strong></span> <span class='ocrx_word' id='word_1_696' title='bbox 2999 5175 3020 5226; x_wconf 89' lang='grc'><strong>1</strong></span> <span class='ocrx_word' id='word_1_697' title='bbox 3049 5187 3064 5240; x_wconf 85' lang='grc'>;</span> <span class='ocrx_word' id='word_1_698' title='bbox 3114 5170 3201 5226; x_wconf 84' lang='lat' dir='ltr'><strong>sed</strong></span> <span class='ocrx_word' id='word_1_699' title='bbox 3238 5187 3388 5232; x_wconf 87' lang='lat' dir='ltr'><strong>corr.</strong></span> <span class='ocrx_word' id='word_1_700' title='bbox 3424 5175 3507 5233; x_wconf 79' lang='grc' dir='ltr'><strong>1ο.</strong></span> 
     </span>
    </p>
   </div>
   <div class='ocr_carea' id='block_1_95' title="bbox 176 5236 2622 5312">
    <p class='ocr_par' dir='ltr' id='par_1_95' title="bbox 176 5236 2622 5312">
     <span class='ocr_line' id='line_1_95' title="bbox 176 5236 2622 5312; baseline -0.001 -16"><span class='ocrx_word' id='word_1_701' title='bbox 176 5239 492 5299; x_wconf 84' lang='lat' dir='ltr'><strong>heresfeld.</strong></span> <span class='ocrx_word' id='word_1_702' title='bbox 568 5246 640 5282; x_wconf 70' lang='grc'><strong>³⁵8</strong></span> <span class='ocrx_word' id='word_1_703' title='bbox 667 5236 965 5312; x_wconf 75' lang='lat' dir='ltr'><strong>praecepto</strong></span> <span class='ocrx_word' id='word_1_704' title='bbox 1000 5244 1086 5296; x_wconf 79' lang='lat' dir='ltr'><strong>la.</strong></span> <span class='ocrx_word' id='word_1_705' title='bbox 1163 5247 1235 5282; x_wconf 71' lang='grc'><strong>⁸⁵9</strong></span> <span class='ocrx_word' id='word_1_706' title='bbox 1266 5237 1394 5298; x_wconf 84' lang='lat' dir='ltr'><strong>add.</strong></span> <span class='ocrx_word' id='word_1_707' title='bbox 1426 5237 1511 5293; x_wconf 80' lang='lat' dir='ltr'><strong>lb.</strong></span> <span class='ocrx_word' id='word_1_708' title='bbox 1587 5245 1658 5280; x_wconf 68' lang='lat'><strong>86°</strong></span> <span class='ocrx_word' id='word_1_709' title='bbox 1691 5236 2031 5293; x_wconf 88' lang='lat' dir='ltr'><strong>adhelberto</strong></span> <span class='ocrx_word' id='word_1_710' title='bbox 2075 5243 2155 5294; x_wconf 73' lang='lat' dir='ltr'><strong>1c.</strong></span> <span class='ocrx_word' id='word_1_711' title='bbox 2233 5247 2303 5281; x_wconf 74' lang='grc' dir='ltr'><strong>θοι</strong></span> <span class='ocrx_word' id='word_1_712' title='bbox 2339 5239 2495 5311; x_wconf 89' lang='lat' dir='ltr'><strong>quod</strong></span> <span class='ocrx_word' id='word_1_713' title='bbox 2532 5243 2622 5300; x_wconf 79' lang='lat' dir='ltr'><strong>ia.</strong></span> 
     </span>
    </p>
   </div>
   <div class='ocr_carea' id='block_1_96' title="bbox 1741 5354 1965 5414">
    <p class='ocr_par' dir='ltr' id='par_1_96' title="bbox 1741 5354 1965 5414">
     <span class='ocr_line' id='line_1_96' title="bbox 1741 5354 1965 5414; baseline 0.018 -4"><span class='ocrx_word' id='word_1_714' title='bbox 1741 5354 1965 5414; x_wconf 68' lang='grc' dir='ltr'><strong>ΝΟΤᾸΕ.</strong></span> 
     </span>
    </p>
   </div>
   <div class='ocr_carea' id='block_1_97' title="bbox 254 5457 812 5531">
    <p class='ocr_par' dir='ltr' id='par_1_97' title="bbox 254 5457 812 5531">
     <span class='ocr_line' id='line_1_97' title="bbox 254 5457 812 5531; baseline 0 -17"><span class='ocrx_word' id='word_1_715' title='bbox 254 5460 403 5531; x_wconf 79' lang='grc'><strong>(341)</strong></span> <span class='ocrx_word' id='word_1_716' title='bbox 436 5461 484 5531; x_wconf 73' lang='lat' dir='ltr'><strong>l.</strong></span> <span class='ocrx_word' id='word_1_717' title='bbox 503 5474 556 5531; x_wconf 66' lang='lat' dir='ltr'><strong>e2</strong></span> <span class='ocrx_word' id='word_1_718' title='bbox 575 5457 812 5531; x_wconf 69' lang='lat' dir='ltr'><strong>dehinc.</strong></span> 
     </span>
    </p>
   </div>
   <div class='ocr_carea' id='block_1_98' title="bbox 279 5599 1797 5674">
    <p class='ocr_par' dir='ltr' id='par_1_98' title="bbox 279 5599 1797 5674">
     <span class='ocr_line' id='line_1_98' title="bbox 279 5599 1797 5674; baseline -0.003 -14"><span class='ocrx_word' id='word_1_719' title='bbox 279 5607 410 5660; x_wconf 87' lang='lat' dir='ltr'><strong>etur</strong></span> <span class='ocrx_word' id='word_1_720' title='bbox 437 5617 562 5660; x_wconf 81' lang='lat' dir='ltr'><strong>esse</strong></span> <span class='ocrx_word' id='word_1_721' title='bbox 593 5617 607 5657; x_wconf 89' lang='lat'><strong>:</strong></span> <span class='ocrx_word' id='word_1_722' title='bbox 644 5599 898 5674; x_wconf 82' lang='lat' dir='ltr'><strong>plurima</strong></span> <span class='ocrx_word' id='word_1_723' title='bbox 922 5602 976 5658; x_wconf 85' lang='lat' dir='ltr'><strong>ei</strong></span> <span class='ocrx_word' id='word_1_724' title='bbox 1021 5601 1238 5658; x_wconf 86' lang='lat' dir='ltr'><strong>donata</strong></span> <span class='ocrx_word' id='word_1_725' title='bbox 1272 5599 1406 5659; x_wconf 73' lang='lat' dir='ltr'><strong>sunt</strong></span> <span class='ocrx_word' id='word_1_726' title='bbox 1458 5617 1494 5660; x_wconf 90' lang='lat' dir='ltr'><strong>a</strong></span> <span class='ocrx_word' id='word_1_727' title='bbox 1538 5599 1797 5674; x_wconf 88' lang='lat' dir='ltr'><strong>parenti-</strong></span> 
     </span>
    </p>
   </div>
   <div class='ocr_carea' id='block_1_99' title="bbox 183 5618 1008 5757">
    <p class='ocr_par' dir='ltr' id='par_1_99' title="bbox 183 5618 976 5736">
     <span class='ocr_line' id='line_1_99' title="bbox 183 5618 976 5732; baseline -0.003 -74"><span class='ocrx_word' id='word_1_728' title='bbox 183 5618 410 5732; x_wconf 51' lang='lat' dir='ltr'><strong>;metur</strong></span> <span class='ocrx_word' id='word_1_729' title='bbox 437 5618 562 5660; x_wconf 80' lang='lat' dir='ltr'><strong>esse</strong></span> <span class='ocrx_word' id='word_1_730' title='bbox 593 5618 607 5657; x_wconf 88' lang='lat'><strong>:</strong></span> <span class='ocrx_word' id='word_1_731' title='bbox 644 5618 898 5674; x_wconf 73' lang='lat' dir='ltr'><strong>plurima</strong></span> <span class='ocrx_word' id='word_1_732' title='bbox 922 5619 976 5658; x_wconf 78' lang='lat' dir='ltr'><strong>ei</strong></span> 
     </span>
     <span class='ocr_line' id='line_1_100' title="bbox 226 5691 314 5736; baseline 0.034 -3"><span class='ocrx_word' id='word_1_733' title='bbox 226 5691 314 5736; x_wconf 83' lang='lat' dir='ltr'><strong>us.</strong></span> 
     </span>
    </p>
   </div>
   <div class='ocr_carea' id='block_1_100' title="bbox 618 5761 1142 5830">
    <p class='ocr_par' dir='ltr' id='par_1_100' title="bbox 618 5761 1142 5830">
     <span class='ocr_line' id='line_1_101' title="bbox 618 5761 1142 5830; baseline -0.004 -8"><span class='ocrx_word' id='word_1_734' title='bbox 618 5765 858 5830; x_wconf 63' lang='lat' dir='ltr'><strong>Punon.</strong></span> <span class='ocrx_word' id='word_1_735' title='bbox 887 5761 1142 5822; x_wconf 81' lang='lat' dir='ltr'><strong>CXXXIX.</strong></span> 
     </span>
    </p>
   </div>
   <div class='ocr_carea' id='block_1_101' title="bbox 1967 5454 3513 5540">
    <p class='ocr_par' dir='ltr' id='par_1_101' title="bbox 1967 5454 3513 5540">
     <span class='ocr_line' id='line_1_102' title="bbox 1967 5454 3513 5540; baseline 0.01 -32"><span class='ocrx_word' id='word_1_736' title='bbox 1967 5454 2216 5540; x_wconf 58' lang='lat' dir='ltr'><strong>g343)_pe</strong></span> <span class='ocrx_word' id='word_1_737' title='bbox 2246 5454 2352 5510; x_wconf 87' lang='lat' dir='ltr'><strong>hac</strong></span> <span class='ocrx_word' id='word_1_738' title='bbox 2381 5455 2582 5513; x_wconf 87' lang='lat' dir='ltr'><strong>charta</strong></span> <span class='ocrx_word' id='word_1_739' title='bbox 2606 5472 2660 5514; x_wconf 88' lang='lat' dir='ltr'><strong>a.</strong></span> <span class='ocrx_word' id='word_1_740' title='bbox 2695 5460 2821 5530; x_wconf 85' lang='lat'><strong>979,</strong></span> <span class='ocrx_word' id='word_1_741' title='bbox 2849 5460 2913 5519; x_wconf 83' lang='lat' dir='ltr'><strong>V.</strong></span> <span class='ocrx_word' id='word_1_742' title='bbox 2941 5461 3216 5519; x_wconf 88' lang='lat' dir='ltr'><strong>Bohmeri</strong></span> <span class='ocrx_word' id='word_1_743' title='bbox 3265 5463 3513 5540; x_wconf 87' lang='lat' dir='ltr'><strong>Regesta</strong></span> 
     </span>
    </p>
   </div>
   <div class='ocr_carea' id='block_1_102' title="bbox 217 5525 2241 5658">
    <p class='ocr_par' dir='ltr' id='par_1_102' title="bbox 217 5525 2241 5658">
     <span class='ocr_line' id='line_1_103' title="bbox 219 5525 2241 5658; baseline -0.001 -73"><span class='ocrx_word' id='word_1_744' title='bbox 219 5525 404 5658; x_wconf 44' lang='lat'><strong>.33”)</strong></span> <span class='ocrx_word' id='word_1_745' title='bbox 430 5529 506 5587; x_wconf 87' lang='lat' dir='ltr'><strong>cf.</strong></span> <span class='ocrx_word' id='word_1_746' title='bbox 540 5529 605 5596; x_wconf 89' lang='lat' dir='ltr'><strong>V,</strong></span> <span class='ocrx_word' id='word_1_747' title='bbox 639 5535 724 5585; x_wconf 77' lang='lat'><strong>26.</strong></span> <span class='ocrx_word' id='word_1_748' title='bbox 756 5528 1012 5612; x_wconf 57' lang='lat' dir='ltr'><strong>Largium</strong></span> <span class='ocrx_word' id='word_1_749' title='bbox 1063 5546 1232 5586; x_wconf 88' lang='lat' dir='ltr'><strong>sensu</strong></span> <span class='ocrx_word' id='word_1_750' title='bbox 1277 5528 1520 5602; x_wconf 85' lang='lat' dir='ltr'><strong>passivo.</strong></span> <span class='ocrx_word' id='word_1_751' title='bbox 1575 5526 1796 5609; x_wconf 76' lang='lat' dir='ltr'><strong>Sensus</strong></span> <span class='ocrx_word' id='word_1_752' title='bbox 1897 5525 2001 5582; x_wconf 86' lang='lat' dir='ltr'><strong>sub</strong></span> <span class='ocrx_word' id='word_1_753' title='bbox 2027 5525 2241 5582; x_wconf 65' lang='lat' dir='ltr'><strong>n.544.</strong></span> 
     </span>
     <span class='ocr_line' id='line_1_104' title="bbox 217 5598 2241 5658; baseline -0.001 0"><span class='ocrx_word' id='word_1_754' title='bbox 217 5619 236 5658; x_wconf 83' lang='lat'>1</span> <span class='ocrx_word' id='word_1_755' title='bbox 279 5607 410 5658; x_wconf 89' lang='lat' dir='ltr'><strong>etur</strong></span> <span class='ocrx_word' id='word_1_756' title='bbox 437 5617 562 5658; x_wconf 81' lang='lat' dir='ltr'><strong>esse</strong></span> <span class='ocrx_word' id='word_1_757' title='bbox 593 5617 607 5657; x_wconf 88' lang='lat'><strong>:</strong></span> <span class='ocrx_word' id='word_1_758' title='bbox 647 5601 898 5658; x_wconf 78' lang='lat' dir='ltr'><strong>plurima</strong></span> <span class='ocrx_word' id='word_1_759' title='bbox 922 5619 976 5658; x_wconf 79' lang='lat' dir='ltr'><strong>ei</strong></span> <span class='ocrx_word' id='word_1_760' title='bbox 1021 5601 1238 5658; x_wconf 86' lang='lat' dir='ltr'><strong>donata</strong></span> <span class='ocrx_word' id='word_1_761' title='bbox 1272 5605 1406 5658; x_wconf 88' lang='lat' dir='ltr'><strong>sunt</strong></span> <span class='ocrx_word' id='word_1_762' title='bbox 1458 5617 1494 5658; x_wconf 89' lang='lat' dir='ltr'><strong>a</strong></span> <span class='ocrx_word' id='word_1_763' title='bbox 1539 5603 1797 5658; x_wconf 76' lang='lat' dir='ltr'><strong>narenti-</strong></span> <span class='ocrx_word' id='word_1_764' title='bbox 1968 5598 2241 5658; x_wconf 69' lang='grc' dir='ltr'><strong>(344)(111ε</strong></span> 
     </span>
    </p>
   </div>
   <div class='ocr_carea' id='block_1_103' title="bbox 1968 5598 3512 5679">
    <p class='ocr_par' dir='ltr' id='par_1_103' title="bbox 1968 5598 3512 5679">
     <span class='ocr_line' id='line_1_105' title="bbox 1968 5598 3512 5679; baseline 0.006 -22"><span class='ocrx_word' id='word_1_765' title='bbox 1968 5599 2120 5673; x_wconf 80' lang='grc'>(344)</span> <span class='ocrx_word' id='word_1_766' title='bbox 2148 5598 2358 5657; x_wconf 84' lang='lat' dir='ltr'><strong>Charta</strong></span> <span class='ocrx_word' id='word_1_767' title='bbox 2379 5599 2517 5660; x_wconf 85' lang='lat' dir='ltr'><strong>data</strong></span> <span class='ocrx_word' id='word_1_768' title='bbox 2565 5601 2858 5664; x_wconf 83' lang='lat' dir='ltr'><strong>Walbecki</strong></span> <span class='ocrx_word' id='word_1_769' title='bbox 2908 5622 2962 5667; x_wconf 86' lang='lat' dir='ltr'><strong>a.</strong></span> <span class='ocrx_word' id='word_1_770' title='bbox 3011 5607 3138 5679; x_wconf 86' lang='lat'><strong>979,</strong></span> <span class='ocrx_word' id='word_1_771' title='bbox 3191 5608 3369 5670; x_wconf 86' lang='lat' dir='ltr'><strong>Decb.</strong></span> <span class='ocrx_word' id='word_1_772' title='bbox 3446 5612 3512 5667; x_wconf 80' lang='grc'><strong>19</strong></span> 
     </span>
    </p>
   </div>
   <div class='ocr_carea' id='block_1_104' title="bbox 3193 5775 3262 5830">
    <p class='ocr_par' dir='ltr' id='par_1_104' title="bbox 3193 5775 3262 5830">
     <span class='ocr_line' id='line_1_106' title="bbox 3193 5775 3262 5830; baseline 0 0"><span class='ocrx_word' id='word_1_773' title='bbox 3193 5775 3262 5830; x_wconf 80' lang='lat'><strong>39</strong></span> 
     </span>
    </p>
   </div>
  </div>
