3892 6214
154 352 169 405 l
184 352 293 409 2-1-5

1408 348 1826 407 CHRONICON.
1853 377 1927 393 —
1952 348 2092 407 LIB.
2142 350 2232 407 lV.

3339 351 3477 412 1246

147 471 239 526 nis
272 474 417 526 tunc
469 468 530 525 in
575 470 907 541 Merseburg
958 469 1377 527 commorantis
1426 469 1678 525 amicum
1717 471 1776 524 et
1794 469 1851 538 Α
1876 485 2078 555 regem
2112 485 2283 526 suum
2312 472 2370 526 et
2390 469 2693 527 dominum
2706 469 2969 539 reddere,
2991 471 3186 546 nilque
3212 469 3283 528 de
3310 474 3482 530 rebus

146 560 496 626 satellitem,
517 559 590 614 ad
602 559 917 614 aecclesiam
941 561 1102 613 extra
1132 559 1335 613 urbem
1361 558 1603 629 positam
1625 558 1773 624 (442)

146 648 355 703 venire
391 664 455 702 ac
486 664 617 702 cum
645 664 714 703 eo
737 647 892 718 loqui
920 663 1025 717 per
1055 646 1477 700 internuntium
1500 646 1766 717 postulat.

148 737 252 789 Hic
270 740 336 789 ut
359 736 677 806 egreditur,
700 739 865 806 porta
882 738 1011 808 post
1030 752 1160 789 eum
1176 735 1479 801 clauditur,
1500 739 1556 790 et
1570 735 1771 790 Ricda—

144 842 278 894 gus,
312 824 578 893 ejusdem
610 823 849 877 civitatis
871 823 1220 891 custos(443)
1249 821 1551 877 etinclitus
1581 821 1766 887 miles,

142 914 314 979 iuxta
342 912 603 979 ﬂuvium,
639 912 736 982 qui
763 912 982 966 Tribisa
1028 911 1253 975 dicitur,
1296 911 1367 965 ab
1422 911 1531 965 hiis
1575 911 1769 964 dolose

144 1001 460 1056 occiditur.
496 1000 640 1055 Urbs
664 1002 860 1055 autem
894 998 1172 1070 predicta,
1204 999 1464 1054 Bolizlavi
1492 1016 1623 1054 mox
1638 1015 1769 1070 pre-

142 1089 303 1144 sidio
340 1088 588 1155 monita,
621 1089 872 1143 eundem
906 1089 1016 1142 cito
1052 1088 1359 1144 dominum
1398 1091 1455 1143 et
1481 1087 1770 1143 habitato-

142 1194 279 1232 rem
311 1176 579 1247 suscepit.

339 1267 387 1319 Α
435 1282 547 1336 quo
580 1262 904 1319 Wolcoldus
934 1274 1003 1307 (οε
1035 1264 1272 1319 antistes
1313 1265 1466 1335 vulgi
1498 1264 1770 1320 instinctu

141 1353 292 1409 varii
323 1355 647 1425 expellitur,
682 1358 737 1407 et
761 1354 835 1408 ad
889 1363 959 1395 ιοο
999 1353 1341 1425 Willigisum
1388 1354 1770 1409 archiantisti-

144 1448 271 1497 tem
298 1443 559 1508 veniens,
583 1443 834 1513 benigne
859 1443 929 1497 ab
951 1443 1160 1498 eodem
1180 1443 1590 1514 succipiturm.
1611 1444 1770 1498 Hunc

144 1531 314 1586 enim
345 1548 450 1603 pro
484 1532 601 1586 filio
633 1531 935 1602 episcopus
958 1532 1160 1596 nutrit,
1186 1536 1243 1586 et
1264 1549 1393 1587 cum
1423 1533 1494 1587 ad
1528 1550 1659 1587 eoas
1676 1549 1768 1586 or-

144 1620 461 1673 dinaretur
473 1617 1018 1689 regiones,secundo
1035 1619 1419 1682 Ottonim,cui
1438 1619 1767 1690 magisterio

143 1708 392 1779 prefuit,
427 1708 735 1779 diligenter
767 1708 884 1762 vice
912 1707 995 1761 sui
1022 1708 1359 1764 habendum
1392 1710 1771 1763 commenda-

1871 559 1984 614 suis
2014 562 2210 631 preter
2238 561 2583 633 Merseburg,
2611 561 3005 632 Walbiziflﬂ)
3047 566 3104 617 et
3132 563 3304 617 Frasu
3335 561 3478 634 (ΜΒ)

1871 648 1943 701 ad
1969 652 2539 719 supramemoratum
2572 649 2725 705 diem
2760 650 2865 705 sibi
2895 651 3154 707 detinere
3193 649 3477 719 voluisset,

1868 736 2039 808 idque
2071 738 2448 792 sacramentis
2495 738 2870 793 credibilibus
2913 740 3282 812 approbaret,
3325 739 3480 811 quod

1868 826 2001 877 tunc
2019 840 2149 878 cum
2164 824 2470 880 securitate
2495 843 2697 881 eorum
2720 844 2784 881 ex
2806 830 2967 898 parte
2982 826 3480 883 consolidatahuic

1868 912 2025 966 abire
2050 912 2273 981 liceret;
2293 913 2378 968 sin
2398 919 2614 981 autem,
2639 916 2791 985 quod
2812 915 2986 971 eundi
3000 915 3394 987 redeundique
3407 923 3477 958 ιοο

1870 1001 2057 1055 nullus
2085 1000 2208 1056 vivo
2233 1006 2550 1075 patesceret
2584 1004 2761 1060 locus.
2800 1002 2947 1066 Quid
2973 1004 3176 1075 plura?
3206 1002 3476 1076 quicquid

1868 1092 2200 1160 exposcunt,
2234 1091 2484 1146 crastino
2517 1091 2857 1164 impetrant,
2892 1110 3140 1165 eumque
3172 1092 3244 1147 ad
3270 1093 3478 1148 Merse-

1869 1178 2036 1247 burg,
2072 1179 2165 1233 ubi
2207 1180 2430 1234 ductrix
2472 1180 2621 1235 Gisla
2646 1181 2794 1245 (“9)
2848 1180 2913 1247 (f.
2956 1182 3062 1250 33’)
3091 1182 3267 1252 longo
3298 1180 3475 1237 tristis

1868 1267 2103 1321 sedebat
2132 1267 2387 1334 abcessu,
2414 1268 2494 1322 hii
2526 1268 2883 1323 discedentes
2920 1269 3003 1324 ire
3031 1270 3396 1342 permittunt.
3426 1272 3476 1324 Is

1867 1371 2001 1409 vero
2031 1372 2163 1409 cum
2192 1356 2452 1410 fidelibus
2482 1356 2597 1410 suis
2618 1356 2845 1428 singula
2870 1374 3112 1429 quasque
3144 1357 3473 1422 discutiens,

1868 1459 2041 1514 seque
2073 1444 2145 1498 ob
2172 1443 2272 1499 Dei
2302 1444 2573 1498 timorem
2593 1445 2908 1517 patrimque
2934 1447 3179 1500 salutem
3207 1463 3241 1500 a
3269 1461 3477 1516 propo-

1853 1528 1975 1585 sito
2003 1540 2073 1574 διο
2105 1548 2461 1586 recessurum
2509 1550 2610 1587 suo
2650 1532 2927 1587 veraciter
2974 1533 3253 1601 indicans,
3284 1535 3477 1603 grates

1869 1619 2059 1673 auxilii
2084 1619 2295 1675 suimet
2318 1637 2383 1674 ac
2406 1621 2573 1674 bona:
2606 1620 2913 1676 voluntatis
2938 1620 3255 1692 condignas
3275 1619 3473 1688 refert,

1868 1711 1926 1761 et
1951 1710 2012 1761 ut
2038 1724 2168 1762 cum
2195 1708 2293 1762 illo
2318 1708 2391 1762 ad
2418 1708 2716 1762 conditum
2743 1713 3054 1781 pergerent
3070 1709 3248 1776 diem,
3274 1725 3478 1763 omnes

142 1798 248 1851 vit.
276 1797 399 1851 Hoc
431 1812 660 1868 semper
686 1799 789 1849 iste
821 1796 881 1849 in
918 1796 1112 1851 animo
1163 1796 1370 1864 tenuit,
1408 1812 1474 1851 ac
1516 1797 1769 1853 maximo
1791 1803 1841 1862 Β
1869 1795 2160 1850 caritative
2192 1797 2460 1865 postulat.
2487 1796 2736 1850 Ventum
2753 1797 2925 1851 estad
2954 1798 3102 1852 Rara
3123 1798 3193 1851 ab
3223 1796 3475 1870 impera-

142 1884 382 1939 honore
415 1884 706 1955 cognovit,
734 1887 790 1937 et
836 1886 973 1938 tunc
1022 1884 1307 1955 adprime,
1349 1902 1481 1940 cum
1532 1886 1637 1939 sibi
1665 1886 1773 1942 fuit

144 1987 425 2037 necesse;
453 1975 511 2025 et
535 1972 593 2025 in
620 1971 951 2043 Erpesfordi
979 1981 1071 2038 m,
1105 1989 1217 2042 quo
1244 1972 1363 2043 ipse
1404 1972 1768 2041 desideravit,

144 2058 454 2131 procurari
482 2066 552 2099 τοο
582 2059 834 2112 eundem
854 2075 1160 2130 sumopere
1181 2060 1369 2129 jubet.
1407 2060 1486 2115 lbi
1516 2060 1613 2114 diu
1633 2078 1773 2115 con-

144 2151 433 2212 versatus,
480 2150 611 2219 post
660 2150 912 2201 mortem
972 2147 1208 2218 Ricdagi
1265 2148 1618 2202 marchionis
1684 2148 1771 2203 in~

143 2236 271 2290 cliti
301 2234 453 2305 (ut)
480 2234 814 2289 Ekkihardo
860 2236 1201 2290 succedente
1260 2238 1317 2289 et
1372 2237 1647 2291 Bolizlavo
1703 2236 1775 2292 ad

149 2312 393 2396 propria
408 2327 728 2387 remeante,
750 2324 944 2377 sedem
964 2323 1259 2395 propriam
1278 2324 1471 2378 revisit
1487 2328 1602 2395 (an.
1626 2327 1772 2391 με),

150 2416 480 2483 Posteaque
512 2412 771 2466 Bolizlavi
801 2412 1125 2467 amiciciam
1174 2412 1420 2466 firmiter
1453 2412 1772 2484 acquirens,

150 2518 287 2557 cum
325 2501 383 2555 in
399 2503 587 2572 Pragu
600 2509 667 2543 δοι
684 2518 886 2555 cenam
908 2501 1141 2556 Domini
1161 2502 1497 2568 celebraret,
1519 2504 1773 2572 postera-

150 2608 266 2662 que
296 2590 413 2656 die,
446 2606 574 2660 quae
605 2593 689 2643 est
720 2605 1040 2660 parasceve,
1068 2591 1129 2656 (f.
1161 2591 1247 2662 53)
1272 2606 1402 2645 cum
1428 2588 1773 2645 memoriam

157 2679 372 2733 divina:
396 2686 467 2718 5°!
497 2677 777 2749 passionis
794 2686 862 2719 ⁵0³
894 2678 1000 2733 rite
1034 2682 1360 2750 perageret,
1394 2679 1622 2751 paralisi
1642 2695 1774 2750 per-

152 2768 347 2822 culsus
378 2769 725 2837 asportatur,
759 2770 813 2820 et
843 2765 902 2821 in
932 2768 1039 2821 hac
1090 2766 1427 2822 infirmitate
1474 2784 1650 2838 usque
1699 2766 1773 2821 ad

150 2856 336 2910 finem
363 2854 535 2924 hujus
560 2853 709 2922 vita},
741 2855 999 2924 quamvis
1030 2854 1101 2909 ad
1149 2857 1376 2925 tempus
1406 2856 1769 2921 evalesceret,

155 2942 506 3015 permansit.
542 2940 881 2997 Sedchatm
912 2946 978 2995 23
1011 2960 1215 3009 annos,
1252 2947 1317 2997 10
1347 2942 1468 2996 Kal.
1505 2943 1771 3013 Septem-

153 3032 277 3087 bris
308 3029 463 3101 (ηδ)
496 3046 561 3085 ex
594 3030 760 3099 hujus
789 3030 975 3085 carnis
1002 3031 1290 3103 ergastulo
1322 3030 1557 3085 eductus
1586 3038 1677 3085 ⁵0³.
1709 3031 1769 3083 In

1867 1882 2123 1945 tricibus,
2148 1883 2206 1936 in
2220 1883 2395 1955 Papia
2417 1884 2716 1937 humiliter
2743 1883 2995 1938 divinam
3022 1884 3479 1939 consolationem

1870 1973 1978 2026 huc
2009 1988 2185 2043 usque
2223 1972 2686 2043 prestolantibus,
2744 1976 2803 2028 et
2831 1974 2903 2027 ab
2944 1972 3221 2027 universis
3250 1972 3479 2043 imperii

1871 2076 1935 2113 ac
1964 2060 2129 2129 regni
2184 2059 2565 2132 principibus;
2610 2061 2909 2133 fidelisqne
2969 2060 3273 2131 promissio
3321 2060 3482 2114 ducis

1872 2148 2209 2218 completur,
2226 2148 2359 2202 data
2374 2148 2611 2215 cunctis,
2629 2148 2725 2220 qui
2738 2149 2811 2203 ad
2822 2165 3069 2219 regnum
3083 2147 3476 2220 pertinebant,

1873 2235 2058 2306 gratia
2079 2236 2163 2289 sui
2186 2236 2551 2307 abeundique
2584 2236 2835 2291 licentia.
2862 2237 3037 2291 Stella
3066 2253 3100 2291 a
3125 2238 3242 2292 Deo
3270 2235 3481 2307 prede-

1874 2323 2066 2377 stinati
2126 2324 2359 2379 rectoris
2420 2325 2611 2379 media
2654 2325 2747 2379 die
2791 2324 3157 2380 cernentibus
3196 2324 3479 2380 universis

1873 2413 2026 2466 clara
2049 2412 2269 2466 refulsit
2298 2414 2458 2480 (480).
2490 2413 2574 2468 Fit
2624 2431 2771 2468 unus
2794 2412 3073 2468 laicorum
3103 2417 3276 2485 atque
3304 2414 3476 2468 cleri-

1873 2516 2071 2555 corum
2112 2500 2171 2555 in
2219 2501 2423 2556 Christi
2466 2502 2636 2556 laude
2666 2506 2995 2569 concentus,
3026 2518 3091 2556 ac
3120 2502 3277 2573 prius
3303 2518 3476 2573 repu-

1873 2588 2177 2660 gnantium
2209 2590 2443 2661 supplex
2470 2590 2725 2657 affectus,
2770 2590 3151 2662 convenitque
3206 2589 3263 2643 in
3292 2608 3473 2644 unum

1872 2677 2282 2732 dissonaturba
2297 2677 2637 2732 dominium.
2650 2679 2764 2733 Rex
2777 2687 2846 2721 ιιι
2860 2679 3115 2734 asuimet
3128 2680 3312 2733 matre
3326 2678 3479 2733 avia-

1871 2782 1982 2837 que
2001 2764 2311 2836 diligenter
2325 2770 2642 2839 succeptus,
2662 2767 2931 2823 Hoiconis
2951 2766 3285 2840 magisterio
3299 2766 3478 2822 comi-

1869 2853 1941 2908 tis
1957 2856 2388 2909 conmissusest.
2419 2858 2577 2911 inter
2602 2873 2802 2929 regem
2833 2860 2891 2911 et
2909 2855 3115 2911 ducem
3148 2872 3255 2927 pax
3278 2856 3480 2911 firma-

1870 2943 1983 3005 tur,
2044 2958 2219 3014 usque
2272 2944 2346 2998 ad
2398 2948 2900 3015 supramemorata
2952 2943 3235 2999 Bisinstidi
3286 2947 3475 3016 prata,

1872 3030 2125 3100 utrisque
2146 3048 2245 3084 sua
2263 3032 2608 3103 petentibus.
2633 3031 3117 3088 Convenientibus
3150 3035 3343 3087 autem
3364 3031 3475 3094 his,

154 3121 328 3191 hujus
356 3119 478 3173 vice
506 3117 608 3172 Eid
635 3126 704 3159 505
733 3123 943 3173 nostra:
971 3117 1435 3190 congregationis
1464 3118 1663 3181 frater,
1688 3117 1772 3172 vir
1804 3122 1850 3182 C
1873 3118 2159 3171 malorum
2202 3119 2474 3173 instinctu
2531 3120 2588 3174 in
2634 3121 2788 3175 malo
2840 3120 3241 3188 discesserunt,
3284 3119 3480 3193 sicque

149 3210 342 3280 justus
371 3210 432 3261 et
456 3222 665 3277 magne
690 3207 1089 3277 simplicitatis,
1109 3206 1409 3261 ordinatur
1430 3208 1621 3261 ortatu
1638 3205 1772 3260 Gisi-

153 3296 262 3351 leri
281 3294 712 3365 archipresulis,
734 3296 803 3349 de
827 3296 988 3369 cujus
1013 3295 1209 3349 inclita
1227 3303 1295 3336 δοσ
1329 3293 1771 3349 conversacione

156 3385 346 3440 multa
372 3384 447 3439 ad
476 3383 900 3438 ediﬂcationem
951 3387 1208 3439 nostram
1245 3383 1426 3449 utilia,
1463 3398 1593 3436 cum
1624 3385 1773 3436 tem-

153 3489 263 3544 pus
295 3471 498 3536 fuerit,
532 3472 803 3538 narrabo,
832 3489 983 3526 nunc
1018 3471 1258 3542 inceptis
1289 3469 1616 3541 persistens.

227 3567 286 3616 ϐ.
320 3561 563 3615 interim
596 3561 848 3614 fautores
876 3562 1029 3633 regis
1050 3559 1474 3615 Willehelmum
1499 3558 1771 3613 comitem

155 3648 411 3718 “induci
424 3648 596 3704 nimis
610 3648 1047 3716 familiarem,in
1065 3648 1377 3703 Wimeri'08
1394 3647 1771 3717 possidentes,

152 3740 469 3810 comperto
499 3738 760 3809 ejusdem
791 3739 1059 3805 adventu,
1084 3738 1180 3793 illo
1208 3736 1508 3801 festinant,
1531 3752 1596 3791 ac
1612 3735 1776 3807 juxta

150 3828 353 3883 villam
386 3843 516 3897 quas
536 3827 671 3882 lteri
703 3826 909 3883 dicitur
943 3829 1086 3899 (446)
1118 3825 1546 3892 convenientes,
1591 3828 1778 3879 castra

152 3915 370 3971 metati
385 3917 540 3977 sunt,
552 3915 797 3969 crastino
820 3919 1023 3975 contra
1037 3932 1169 3969 eum
1202 3913 1463 3969 bellaturi
1489 3918 1601 3976 (an.
1627 3917 1774 3977 98b).

154 4004 332 4069 Quod
352 4019 486 4057 cum
518 4003 723 4057 ducem
750 4004 1013 4075 protinus
1045 4021 1163 4058 non
1198 4004 1424 4069 lateret,
1477 3988 1777 4056 Gisilerum

154 4094 277 4147 huc
309 4091 471 4147 misit
498 4092 1013 4164 archiepiscopum,
1045 4093 1142 4166 qui
1171 4094 1529 4148 voluntatem
1576 4106 1777 4146 eorum

166 4180 564 4253 perquireret,
593 4196 932 4253 pacemque,
966 4182 1013 4237 si
1057 4181 1331 4255 potuisset
1387 4181 1502 4235 ulla
1531 4178 1655 4233 fieri
1688 4194 1777 4233 ra-

154 4271 360 4336 cione,
390 4269 671 4324 ﬁrmaret.
688 4270 930 4325 Hiccum
945 4270 1265 4325 senioribus
1286 4266 1651 4340 congregatis
1662 4283 1777 4321 suae

154 4356 473 4429 legationis
501 4356 753 4428 aperiret
772 4363 1080 4424 secretum,
1113 4359 1331 4414 dictum
1362 4360 1447 4411 est
1477 4357 1549 4411 ab
1577 4355 1689 4409 his:
1722 4353 1768 4408 si

1874 3205 2120 3258 multum
2143 3207 2419 3277 temporis
2449 3208 2608 3262 stetit
2634 3208 2997 3262 intervallum
3030 3217 3121 3261 ⁸η.
3157 3207 3349 3263 Oritur
3378 3225 3481 3263 au-

1869 3296 1990 3346 tem
2017 3292 2167 3347 inter
2194 3295 2345 3348 hunc
2375 3306 2434 3349 et
2463 3295 2752 3366 prefatum
2785 3297 3138 3360 Heiuricum,
3161 3297 3259 3368 qui
3281 3296 3476 3352 minor

1872 3380 2188 3444 dicebatur,
2223 3395 2437 3451 magna
2457 3383 2665 3438 sedicio
2693 3401 2820 3455 quin
2840 3385 3174 3440 Herimanni
3200 3392 3272 3427 ⁸η
3298 3385 3478 3440 comi-

1874 3469 1943 3523 tis
1956 3469 2191 3524 consilio
2208 3472 2580 3541 postmodum
2599 3472 2949 3543 finita,'regis
2960 3472 3209 3543 gratiam
3228 3473 3287 3526 in
3306 3474 3479 3528 Fran-

1871 3557 2167 3613 canafordi
2190 3567 2259 3601 ιίι
2285 3563 2343 3614 et
2374 3561 2645 3615 ducatum
2678 3560 2933 3616 dedicius
2962 3560 3478 3632 promeruituﬁl).

1945 3649 1995 3700 7.
2031 3646 2327 3703 Celebrata
2360 3653 2444 3703 est
2488 3649 2750 3719 proxima
2787 3649 3069 3720 paschalis
3118 3649 3479 3704 sollemnitas

1872 3735 1933 3804 (f.
1968 3740 2056 3799 54)
2086 3736 2143 3790 in
2176 3737 2667 3810 Quidelingeburg
2691 3756 2725 3794 a
2752 3752 2912 3811 rege,
2956 3738 3053 3794 ubi
3102 3740 3375 3811 quattuor
3404 3747 3477 3781 δη

1875 3823 2283 3881 ministrabant
2313 3826 2504 3895 duces,
2528 3826 2823 3881 Heinricus
2839 3826 2913 3882 ad
2939 3842 3224 3893 mensam,
3251 3825 3479 3881 Conrad

1876 3911 1950 3966 ad
1979 3928 2295 3981 cameram,
2323 3915 2478 3969 Hecil
2507 3915 2580 3970 ad
2596 3914 2914 3982 cellarium,
2935 3914 3298 3969 Bernhardus
3319 3915 3482 3987 equis

1877 4002 2108 4071 prefuit.
2140 4003 2254 4057 Huc
2286 4005 2460 4058 etiam
2494 4004 2801 4059 Bolizlavus
2848 4006 2906 4059 et
2948 4004 3148 4059 Miseco
3190 4019 3322 4057 cum
3365 4003 3482 4058 suis

1875 4090 2248 4155 conveniunt,
2280 4093 2660 4165 omnibusque
2699 4092 2807 4147 rite
2839 4092 3101 4167 peractis,
3145 4090 3482 4147 muneribus

1876 4178 2207 4249 locupletati
2231 4179 2630 4237 discesserunt.
2664 4184 2727 4236 In
2770 4181 2971 4237 diebus
3001 4180 3108 4237 illis
3152 4180 3352 4237 Miseco
3391 4198 3479 4236 se-

1877 4268 1998 4321 met
2020 4265 2209 4339 ipsum
2233 4269 2357 4340 regi
2381 4270 2561 4337 dedit,
2593 4273 2651 4325 et
2681 4286 2812 4325 cum
2859 4270 3198 4326 muneribus
3234 4268 3359 4325 aliis
3386 4286 3481 4327 ca-

1870 4356 2087 4410 melum
2118 4355 2171 4409 ei
2201 4358 2571 4428 presentavit,
2589 4362 2644 4413 et
2672 4359 2812 4414 duas
2826 4359 3229 4430 expediciones
3257 4374 3390 4414 cum
3411 4375 3480 4415 eo

1483 4452 1717 4507 VARl/E
1773 4451 2171 4511 LECTIONES.

941 4554 1010 4586 ιοϐ
1064 4549 1122 4598 et
1176 4544 1249 4599 ad
1306 4543 1427 4596 add.
1491 4542 1570 4596 lb.

232 4551 307 4585 tu
370 4544 664 4598 uolcoldus
726 4544 829 4600 lc?

1684 4548 1752 4582 ‘97
1782 4556 1923 4595 susc.
1960 4544 2036 4595 lc.

3244 4551 3315 4586 ιω
3348 4561 3484 4603 nro-

2152 4549 2221 4583 m
2252 4512 2451 4597 οιιόηθ
2486 4547 2569 4599 ια,
2684 4552 2756 4588 m
2779 4542 3031 4599 erfordia
3056 4547 3134 4598 le.

154 4613 386 4669 currari
419 4617 503 4668 la.
581 4623 649 4657 κοί
678 4632 857 4686 praga
893 4615 972 4670 lb.
1006 4617 1113 4669 sive
1147 4620 1223 4686 lc.
1300 4611 1704 4686 ‘Oﬁrdominicae
1734 4613 1786 4665 2.
1814 4611 1883 4686 ΑΖ
1907 4611 1952 4665 S
2027 4619 2118 4686 _503
2149 4613 2279 4686 add.
2307 4614 2407 4686 Alb.
2486 4622 2554 4656 θοι
2604 4614 2685 4670 ita
2733 4620 2792 4671 lc
2833 4613 3007 4669 Sebat
3040 4616 3123 4668 la.
3203 4621 3274 4656 ⁸0³
3306 4611 3364 4672 id
3393 4620 3478 4673 la.

154 4695 230 4728 ⁸0⁸
262 4702 474 4739 erasum
504 4690 576 4740 est
612 4690 657 4741 l.

153 4757 268 4811 sito
308 4760 398 4811 la.
503 4765 570 4799 ⁸η
604 4757 980 4813 ab::::suimet
1010 4775 1076 4811 ex
1106 4760 1289 4812 matre
1316 4762 1403 4812 la.

145 4829 401 4898 primum
434 4828 455 4880 t
483 4844 710 4884 erasum.

736 4680 814 4727 ὅθί
840 4687 909 4741 de
940 4685 1253 4757 Thuringia
1280 4685 1405 4739 add.
1439 4686 1512 4739 Α.
1552 4685 1614 4757 S.
1694 4690 1761 4724 ωδ
1792 4680 2040 4757 uuimari
2072 4686 2148 4741 lc.
2176 4684 2253 4739 Λ.
2286 4684 2349 4757 S.

1507 4764 1576 4796 ιη
1599 4754 2008 4808 interuuallum
2041 4758 2123 4809 tu.
2201 4763 2272 4797 διδ
2306 4756 2551 4812 ierasum
2584 4760 2631 4813 l.

2427 4693 2498 4727 509
2526 4686 2925 4761 reundique_l.
3003 4687 3293 4761 fio‘z'tanlc.
3334 4705 3482 4761 ppo-

2737 4753 2807 4800 ίιι
2837 4753 3216 4812 francinfordi
3256 4753 3355 4811 te?
3375 4753 3481 4804 ’διε

1711 4910 1937 4968 NOTIE.

232 5010 380 5083 (“2)
419 5014 665 5068 Ecclesia
696 5014 751 5069 S.
810 5014 1020 5069 Nicolai
1054 5015 1110 5069 in
1153 5016 1278 5071 foro
1318 5033 1467 5072 novo
1512 5010 1767 5071 suburbii
1796 5010 2074 5070 Dconire.

158 5081 449 5139 Misniensi
474 5086 638 5154 juxta
672 5085 904 5139 fluvium
938 5087 1265 5140 Trubische.

234 5157 389 5220 (M3)
447 5153 536 5211 Sic.
600 5157 980 5225 Burg‘gravius
1025 5158 1354 5212 Misniensis.
1412 5158 1669 5211 Fortasse
1726 5153 1771 5209 is

166 5240 339 5298 quem
370 5228 622 5282 occisum
666 5243 785 5280 esse
810 5226 1011 5281 Octob.
1051 5235 1104 5282 Η
1157 5228 1559 5298 Necrologium
1588 5228 1774 5279 Lune-

165 5294 452 5370 burgense
476 5302 924 5353 commemorat.

240 5368 388 5439 (In)
418 5370 754 5438 Ricdargus,
796 5368 1051 5424 marchio
1082 5368 1413 5430 Misniensis,
1448 5368 1590 5423 obiit
1618 5384 1769 5422 anno

164 5445 290 5498 989.
322 5442 382 5495 V.
407 5444 561 5495 Ann.
600 5440 801 5503 Quedl.
833 5443 890 5493 et
919 5440 1216 5509 Necrolog.
1248 5439 1544 5494 Fuldense.

231 5515 379 5584 (Me)
411 5513 575 5584 Hunc
608 5511 760 5564 diem
799 5512 1179 5584 emortualem
1212 5511 1387 5565 etiam
1416 5510 1631 5564 habent
1661 5510 1769 5562 Ne-

159 5581 307 5663 crol._
329 5582 687 5663 gerseburg.
715 5585 783 5663 et
810 5581 1131 5663 Luneburg.

226 5658 375 5730 (L56)
411 5651 683 5710 Castrum
712 5653 888 5715 lttern
919 5652 977 5707 in
1002 5651 1493 5709 ﬂnibusSaxonim
1515 5655 1573 5707 et
1592 5651 1770 5707 Fran-

1943 5083 2098 5153 (tt7)
2130 5086 2397 5142 Walbeck
2430 5086 2486 5140 in
2518 5084 2793 5141 comitatu
2823 5082 3243 5138 Mansfeldensi.

1943 5156 2094 5227 (448)
2154 5159 2345 5225 Frosa,
2407 5158 2540 5211 urbs
2592 5156 2663 5210 ad
2720 5156 2903 5227 ripam
2957 5154 3113 5209 Albis
3162 5154 3268 5208 sita
3326 5157 3475 5211 ultra

1871 5226 2343 5299 Magdeburgum.

1942 5294 2086 5367 (ιω)
2120 5294 2367 5353 Heinrici
2394 5295 2551 5351 ducis
2600 5295 2846 5352 Bavarite
2888 5312 3048 5363 uxor,
3081 5294 3198 5367 filia
3224 5295 3475 5352 Conradi

1871 5367 2021 5436 regis
2052 5369 2416 5439 Burgundite,
2470 5367 2566 5439 qui
2614 5371 2738 5423 erat
2784 5368 2962 5423 frater
3009 5366 3474 5423 Adelheidasim-

1870 5438 2185 5510 peratricis’
2228 5440 2357 5494 Uns.

1944 5508 2091 5578 (ιδο)
2123 5509 2291 5565 Stella
2315 5539 2386 5550 —
2413 5508 2621 5579 refulsit
2638 5527 2705 5565 ex
2734 5512 2885 5568 Ann.
2912 5509 3243 5579 Quedliub.,
3265 5528 3317 5567 a.
3346 5511 3470 5570 98‘.

1944 5579 2086 5653 ius!)
2118 5582 2396 5637 Ducatum
2426 5580 2637 5636 scilicet
2667 5582 2918 5640 Bavarite
2944 5582 3180 5657 recepit.
