3892 6214
421 509 549 564 1251

1369 504 1740 561 THIETMARI
1785 503 2396 561 MEBSEBURGENSIS
2442 503 2758 564 EPISCOPl

3603 513 3731 566 I252

416 625 698 680 visitando
729 626 1076 692 consolatur,
1111 641 1175 680 ac
1204 624 1326 682 vice
1356 625 1558 680 matris
1588 641 1785 680 secum
1814 625 2016 680 tandiu
2038 629 2092 688 Α
2116 609 2442 696 qui'papam
2464 625 2841 682 Benedictum
2855 627 3082 682 exulem
3105 643 3138 682 a
3161 627 3351 698 patria
3366 627 3730 700 suimet,quae

415 713 619 768 habuit
643 714 834 786 quoad
880 715 1000 787 ipse
1039 718 1445 784 protervorum
1475 714 1714 769 consilio
1739 713 2016 785 juvenum

415 802 760 874 depravatus
789 801 1010 857 tristem
1042 801 1200 856 illam
1228 801 1462 858 dimisit.

488 895 574 947 11.
606 890 744 946 Huic
773 891 920 946 bene
948 893 1086 945 nata
1111 890 1204 962 (cf.
1241 891 1374 945 Hou.
1413 907 1487 957 ιν,
1507 893 1563 956 4,
1587 891 1678 962 36)
1709 889 2016 945 virtutibus

414 980 642 1036 ornanti
671 984 836 1052 pater
856 995 1020 1034 meus
1039 995 1234 1034 comes
1249 978 1552 1050 Sigifridus
1575 978 1736 1033 domi
1764 979 2016 1034 miliciaa-

413 1085 526 1142 que
551 1067 796 1124 fideliter
842 1067 1093 1133 servivit,
1133 1071 1192 1122 et
1235 1067 1295 1122 in
1328 1067 1701 1139 expedicione
1735 1067 1808 1122 ad
1838 1067 2013 1122 Bran-

413 1157 699 1230 danburg,
728 1173 842 1230 qua
899 1157 1100 1211 ultime
1155 1155 1439 1224 militavit,
1473 1157 1546 1211 ab
1577 1173 1726 1228 equo
1779 1156 2012 1222 cadens,

409 1245 597 1300 valido
621 1243 876 1318 corporis
897 1244 1094 1299 dolore
1117 1244 1346 1315 fatigari
1376 1245 1544 1316 cepit.
1580 1243 2016 1314 Sensitinsuper

411 1337 676 1389 octavum
709 1331 813 1387 sibi
842 1332 1041 1386 adesse
1069 1349 1309 1399 annum,
1329 1331 1406 1385 sic
1423 1333 1474 1386 ei
1501 1332 1561 1386 in
1595 1331 1812 1386 somnis
1837 1331 2018 1403 presi-

411 1420 988 1493 gnatum.Dormiens
1001 1436 1253 1492 namque
1271 1421 1330 1474 in
1349 1419 1588 1475 Colonia
1608 1419 1697 1474 his
1716 1420 2019 1474 suscitatur

411 1509 602 1564 denuo
647 1507 834 1563 verbis
865 1526 882 1561 :
925 1507 1214 1578 Sigi/ride,
1243 1507 1430 1579 vigila.
1465 1515 1516 1564 et
1559 1509 1626 1562 ab
1669 1511 1766 1563 isto
1790 1508 1876 1562 die
1895 1515 2017 1578 post

409 1605 525 1652 octo
553 1611 815 1653 annorum
841 1596 1107 1654 Curricztla
1156 1599 1326 1651 vitam
1359 1604 1407 1651 te
1453 1597 1590 1650 hanc
1618 1595 1776 1669 ﬁnire
1798 1614 2018 1668 presen-

413 1693 515 1741 tem
535 1703 640 1757 pro
664 1691 802 1741 certo
821 1689 972 1739 scias.
1013 1685 1171 1739 Hunc
1197 1685 1532 1756 preﬁnitum
1567 1685 1720 1740 diem
1755 1685 2017 1756 vigilanti

411 1790 643 1847 semper
663 1775 859 1830 animo
891 1773 1158 1844 previdit,
1187 1791 1252 1827 ac
1283 1773 1720 1846 quibuscunque
1741 1774 2015 1828 virtutum

409 1862 686 1917 fructibus
715 1861 908 1929 valuit,
941 1877 1331 1934 preoccupare
1376 1877 1495 1917 non
1529 1862 1770 1917 desistit.
1798 1863 1882 1916 Me
1913 1879 2018 1916 au-

2115 713 2222 767 sita
2238 713 2399 768 estin
2431 711 2684 768 confinio
2705 714 2938 785 Alpium
2967 719 3027 769 et
3053 716 3398 782 Suevorum,
3421 715 3540 769 huc
3577 731 3732 769 secu-

2117 804 2227 864 tus,
2241 818 2381 871 erga
2394 801 2582 855 Deum
2597 805 2656 856 et
2675 817 2874 873 regem
2906 803 2980 858 ad
3003 804 3156 857 hunc
3172 804 3466 858 honorem
3500 818 3729 874 prome-

2113 889 2232 942 ruit
2256 889 2474 944 venire.
2507 888 2686 944 Sclavi
2719 889 2930 945 iterum
2956 891 3195 963 appetiti
3227 892 3568 946 subduntur
3595 891 3730 962 regi,

2112 977 2400 1032 renovatis
2422 977 2588 1048 juxta
2616 977 2810 1032 Albim
2842 979 3107 1046 castellis,
3142 983 3199 1034 et
3251 979 3310 1034 in
3345 978 3551 1034 hieme
3593 995 3733 1052 aqua

2116 1065 2404 1120 inundans
2447 1068 2504 1119 et
2557 1068 2759 1121 ventus
2789 1067 2998 1138 ingens
3034 1069 3284 1122 multum
3337 1068 3546 1122 nocuit
3573 1066 3730 1136 (£73).

2116 1153 2297 1208 xEstas
2324 1153 2504 1208 nimia
2523 1154 2803 1226 frugibus,
2819 1161 2877 1210 et
2897 1172 3028 1210 seva
3047 1156 3374 1210 mortalitas
3392 1155 3729 1210 hominibus

2116 1243 2290 1297 nimis
2307 1242 2506 1297 nocuit
2522 1243 2694 1316 (ιτικ.
2711 1246 2876 1298 Anno
2891 1243 3206 1298 Dominicae
3236 1245 3292 1314 (ἶ.
3314 1247 3430 1316 58’)
3451 1245 3720 1298 lncarna-

2117 1331 2288 1385 tionis
2335 1335 2434 1386 991
2477 1339 2566 1382 561.
2603 1331 2980 1398 Ililliwardus,
3007 1336 3220 1386 sancta:
3252 1332 3732 1387 Halverstidensis

2117 1419 2382 1473 mcclcsim
2412 1419 2752 1475 venerabilis
2778 1421 3036 1486 antistes,
3061 1420 3159 1491 qui
3192 1437 3286 1474 me
3316 1421 3642 1492 baptizavit
3669 1427 3732 1462 κε

2117 1510 2288 1578 atque
2302 1507 2669 1562 conﬁrmavit
2690 1510 2806 1580 (an,
2830 1512 2972 1575 992),
2994 1510 3279 1580 templum
3303 1508 3732 1580 Domini,quod

2117 1595 2238 1666 ipse
2255 1614 2287 1650 a
2313 1596 2697 1652 fundamento
2721 1597 2992 1652 ediﬁcans
3015 1600 3154 1652 tunc
3172 1597 3246 1651 ad
3269 1613 3534 1669 unguem
3563 1614 3735 1668 usque

2114 1683 2401 1755 perduxit,
2441 1687 2501 1737 12
2554 1685 2842 1740 Kalendas
2872 1685 3208 1740 Novembris
3241 1685 3540 1740 dedicavit
3567 1687 3733 1756 (ΗΞ).

2115 1772 2313 1827 Adfuit
2341 1773 2418 1828 ibi
2433 1777 2569 1828 tunc
2583 1790 2679 1827 rex
2693 1790 2825 1828 cum
2851 1773 3202 1845 inperatrice
3217 1774 3529 1846 Ethelgida
3543 1777 3605 1828 et
3621 1775 3738 1828 avia

2118 1877 2260 1930 ejus,
2318 1861 2606 1916 abbatissa
2645 1862 2949 1927 Mahtildis,
2983 1865 3040 1916 et
3093 1862 3551 1917 archiantistites
3605 1863 3730 1916 hii:

409 1953 530 2006 tem
549 1951 788 2021 (£7l),in
803 1949 1444 2022 Quidilingeburgapud
1463 1967 1626 2005 suam
1641 1954 2014 2005 materteram
2044 1934 2096 1993 Β
2118 1949 2440 2020 Willigisus,
2470 1949 2738 2004 Gisilerus
2765 1951 2823 2004 et
2867 1950 3134 2017 Liewizo,
3167 1967 3295 2004 cum
3332 1951 3452 2005 suis
3510 1951 3736 2005 confra-

408 2037 648 2094 nomine
667 2038 1014 2106 Emnildam,
1042 2055 1169 2110 qua:
1192 2038 1421 2109 paralisi
1446 2041 1622 2110 longo
1651 2043 1915 2110 tempore
1933 2039 2014 2092 la-
2059 2079 2062 2082 .

405 2126 652 2195 boravit,
667 2127 858 2199 primo
879 2127 1083 2182 litteris
1103 2127 1253 2182 bene
1270 2127 1458 2182 adhuc
1485 2127 2015 2189 instructum,sum-

407 2216 519 2289 psit
531 2219 590 2270 et
608 2215 860 2288 Ricdago
890 2215 1084 2271 abbati
1104 2215 1352 2271 secundo
1369 2223 1440 2257 ⁵³⁸
1461 2215 1528 2270 de
1539 2220 1737 2270 sancto
1754 2215 2016 2270 Iohanne

405 2303 467 2360 in
497 2305 889 2376 Magadaburg
934 2303 1386 2362 commendavit.
1419 2304 1501 2359 lbi
1534 2307 1648 2358 tres
1697 2320 1880 2358 annos
1908 2319 2016 2374 ego

405 2395 792 2460 conversatus,
825 2392 884 2447 in
917 2392 1181 2447 omnium
1215 2391 1520 2446 festivitate
1575 2395 1910 2446 sanctorum
1941 2391 2015 2446 ad

405 2485 670 2538 sanctum
696 2480 1050 2547 Mauricium,
1081 2479 1214 2552 quia
1243 2479 1316 2534 ad
1347 2481 1530 2535 altare
1558 2480 1615 2548 (f.
1645 2480 1887 2548 57’)hoc
1917 2495 2012 2534 me

409 2571 560 2638 dare,
570 2586 688 2624 non
701 2568 908 2641 potuit,
921 2567 1300 2623 fraternitatis
1311 2567 1598 2622 consortio
1613 2567 1686 2622 ab
1705 2583 1772 2622 eo
1783 2567 2016 2638 junctus

407 2675 557 2726 sum,
576 2657 957 2728 proximaque
983 2655 1164 2710 sancti
1193 2654 1438 2710 Andreae
1458 2655 1633 2710 natali
1656 2672 1934 2726 magnum
1960 2659 2018 2710 et

404 2745 571 2801 valde
601 2744 820 2800 cunctis
849 2743 1197 2814 acceptabile
1227 2743 1551 2798 convivium
1573 2743 1716 2800 duos
1738 2744 1859 2799 dies
1885 2761 2016 2816 per-

407 2837 601 2891 actum
617 2832 864 2889 est.[nde
879 2847 1137 2902 egressus
1147 2835 1206 2886 et
1217 2830 1563 2886 imminente
1577 2831 2018 2905 quadragesima

405 2923 468 2980 in
499 2923 724 2978 civitate
775 2920 1056 2976 Wallibizi
1113 2919 1264 2976 dicta
1314 2920 1662 2990 inﬁrmatus,
1700 2921 1782 2980 Id.
1823 2921 2014 2977 Marcii

409 3012 679 3068 defensor
692 3009 894 3082 patriae
923 3025 989 3064 ac
1010 3009 1186 3064 homo
1215 3025 1404 3078 verus,
1435 3009 1730 3082 utriusque
1753 3009 2014 3064 debitum

405 3099 679 3174 persolvit
706 3100 948 3153 naturae.
966 3097 1150 3162 Quem
1176 3101 1366 3153 mater
1383 3114 1503 3165 sua,
1527 3098 1870 3153 venerabilis
1887 3115 2016 3154 om-

408 3189 470 3245 ni
498 3186 784 3262 probitate
812 3186 1116 3275 Mahtildis‘,
1147 3187 1411 3242 celeriter
1437 3187 1593 3242 hunc
1617 3189 2010 3257 prosecutura,
2036 3215 2084 3275 Ο

410 3294 542 3334 cum
556 3276 680 3348 conj
691 3273 1146 3348 ugeCunigunda
1158 3275 1619 3346 deﬂet.Namque
1633 3278 1796 3330 tanto
1812 3275 2018 3330 orbata

412 3366 639 3437 solatio,
659 3381 790 3420 cum
822 3364 1112 3420 immenso
1142 3380 1370 3420 merore
1390 3363 1544 3418 diem
1575 3363 1890 3434 expectavit
1919 3380 2016 3418 ex-

409 3459 661 3512 tremum
675 3496 689 3522 ,
712 3471 778 3510 ac
800 3454 862 3509 in
880 3453 1088 3508 eodem
1117 3469 1271 3508 anno
1291 3452 1468 3508 tercia
1483 3453 1672 3508 Nonas
1682 3451 2015 3507 Decembris

408 3544 656 3600 fideliter
683 3542 954 3615 migravit
981 3543 1056 3597 ad
1086 3541 1400 3596 Christum.
1438 3543 1540 3595 996
1570 3539 1888 3596 Dominica:
1917 3543 2014 3596 In-

407 3632 763 3690 carnacionis
789 3647 944 3688 anno
967 3639 1038 3672 558
1068 3633 1306 3703 patruus
1335 3632 1530 3684 autem
1564 3644 1744 3696 meus,
1774 3629 2014 3684 nomine

407 3721 752 3788 Liutharius,
785 3721 875 3775 cui
921 3719 1198 3792 equalitcr
1224 3717 1522 3774 nobiscum
1552 3717 1676 3771 haec
1721 3717 2014 3772 hereditas

406 3810 671 3884 contigit,
701 3808 876 3866 matri
907 3823 1055 3863 mea;
1087 3807 1392 3878 antiquum
1437 3820 1724 3860 renovans
1749 3805 2011 3860 dolorem

405 3900 503 3974 (cf.
525 3901 710 3963 γωδ..
731 3896 884 3953 (En.
904 3912 964 3962 ιι,
990 3893 1046 3966 3)
1075 3895 1258 3948 multa
1285 3893 1481 3948 intulit
1508 3893 1684 3962 mala,
1716 3896 1775 3948 et
1803 3909 2008 3966 quam-

404 3988 487 4044 vis
511 3989 635 4044 haec
658 3985 827 4040 firme
857 3990 928 4025 ⁸⁵³
957 3982 1169 4037 suimet
1191 3979 1326 4036 ﬁdei
1359 3987 1428 4024 "7
1460 3997 1495 4036 a
1523 3985 1711 4036 matre
1752 3998 1854 4038 sua
1903 3984 2010 4039 sibi

403 4076 580 4132 fuerit
608 4071 934 4138 commissa,
965 4072 1164 4125 tamen
1209 4069 1482 4125 omnibus
1535 4069 1794 4140 ejusdem
1840 4071 2008 4128 bonis

405 4179 535 4219 eam
562 4161 789 4234 privare
819 4157 1140 4214 contendit.
1157 4157 1305 4222 Quid
1330 4158 1526 4214 multis
1548 4159 1791 4216 moror?
1814 4161 2008 4234 Impe-

405 4249 616 4308 ratoris
636 4245 845 4302 auxilio
873 4248 1079 4302 cuncta
1109 4255 1180 4290 ηε
1211 4247 1263 4302 ei
1291 4247 1671 4303 restituuntur
1698 4257 1792 4306 ⁵⁸³.

482 4345 566 4396 12.
599 4337 834 4394 Interea
861 4342 933 4378 ιω
963 4335 1336 4408 Atheldagus,
1367 4336 1832 4410 archiepiscopus
1868 4339 2007 4394 Bre-

403 4427 643 4497 mensis,
676 4423 818 4483 obiit
849 4425 996 4500 (L72)
1025 4423 1119 4488 [an
1161 4427 1309 4499 988].
1343 4429 1400 4483 et
1449 4425 1682 4484 Lizeviso
1715 4427 2002 4493 successit,

2117 2037 2301 2091 tribus
2326 2043 2386 2090 16
2416 2038 2582 2108 (476),
2603 2038 2896 2092 Festivitas
2920 2043 3115 2094 autem
3138 2042 3264 2093 erat
3283 2039 3500 2093 eadem
3530 2038 3736 2094 Christi

2116 2125 2462 2180 confessoris
2479 2125 2640 2192 Galli,
2663 2126 2722 2180 in
2743 2127 2904 2198 cujus
2921 2127 3275 2182 monasterio
3294 2126 3599 2198 predictus
3616 2143 3737 2198 pre-

2118 2213 2202 2268 sul
2225 2213 2458 2268 edoctus
2479 2217 2584 2281 est,
2617 2218 2675 2269 et
2699 2214 2829 2270 ideo
2860 2231 3092 2288 semper
3119 2215 3338 2270 studuit
3361 2217 3422 2270 in
3455 2215 3565 2270 hac
3596 2217 3736 2270 cele-

2115 2300 2324 2356 britate
2355 2318 2524 2356 suum
2565 2302 2842 2373 perficere
2871 2303 3243 2370 desiderium,
3275 2306 3335 2357 et
3364 2307 3510 2358 tunc
3547 2303 3740 2358 inerat

2119 2391 2184 2444 2h
2199 2393 2286 2443 tus
2305 2388 2688 2446 ordinationis
2700 2409 2816 2446 suae
2837 2409 2909 2446 an
2918 2409 3042 2447 nus.
3059 2391 3220 2446 Hunc
3235 2391 3461 2462 adjuvit
3472 2391 3534 2447 in
3553 2392 3739 2447 omni-

2117 2475 2222 2532 bus
2235 2477 2418 2532 ﬁdelis
2437 2478 2649 2534 suimet
2659 2481 2917 2552 capellan
2927 2497 2989 2535 us
3005 2480 3190 2547 Hildo,
3205 2484 3264 2534 et
3275 2479 3736 2551 prudentissime

2117 2567 2324 2620 cuncta
2339 2565 2638 2638 disposuit.
2659 2567 2873 2623 Omnes
2895 2566 3463 2640 Saxonizeprimates
3492 2567 3586 2622 hic
3603 2573 3738 2622 tunc

2117 2653 2526 2710 convenientes
2583 2655 2878 2711 caritative
2935 2657 3350 2730 succipiuntur.
3401 2657 3736 2728 Numquam

2115 2741 2224 2796 fuit
2241 2749 2310 2784 ⁵⁸³
2336 2746 2472 2798 ante
2491 2760 2597 2799 nec
2635 2749 2785 2816 post,
2807 2747 2870 2800 ut
2889 2761 3118 2800 veraces
3141 2745 3466 2813 affirmant,
3499 2745 3560 2800 in
3595 2745 3738 2800 divi-

2117 2829 2206 2885 nis
2222 2831 2486 2888 laudibus
2506 2833 2639 2888 etin
2654 2833 2903 2906 negotiis
2923 2833 3272 2888 secularibus
3287 2832 3494 2888 omnia
3507 2832 3732 2905 plenius

2115 2921 2447 2992 cunctisque
2467 2922 2754 2993 acceptius
2775 2925 3024 2994 peracta.
3043 2923 3105 2976 lu
3125 2922 3392 2994 sequenti
3414 2938 3570 2977 anno
3587 2924 3738 2992 (993)

2116 3007 2174 3062 in
2199 3009 2336 3080 galli
2371 3013 2544 3065 cantu
2576 3010 2767 3083 primo
2802 3011 2898 3065 lux
2922 3014 2986 3065 ut
3015 3011 3137 3064 dies
3165 3027 3233 3064 ex
3263 3011 3539 3082 aquilone
3568 3009 3735 3065 efful-

2114 3096 2206 3164 sit,
2239 3100 2298 3152 et
2328 3114 2504 3152 unam
2529 3097 2607 3152 sic
2634 3114 2878 3153 manens
2895 3099 3125 3160 horam,
3147 3097 3404 3170 undique
3426 3099 3546 3153 celo
3581 3099 3728 3153 inte-

2113 3184 2228 3240 rim
2256 3185 2522 3253 rubente,
2554 3185 2784 3241 evanuit
2809 3190 2974 3256 (477).
2995 3187 3172 3241 Fuere
3201 3186 3472 3242 nonnulli
3501 3186 3598 3258 qui
3647 3186 3736 3241 di-

2115 3278 2314 3328 cerent
2339 3274 2546 3330 eodem
2573 3291 2728 3330 anno
2777 3275 2983 3331 vidisse
3023 3285 3094 3318 m
3139 3279 3257 3331 tres
3297 3277 3448 3332 soles
3473 3279 3531 3331 et
3557 3276 3729 3331 lunas

2115 3365 2232 3418 tres
2260 3379 2326 3418 ac
2353 3364 2544 3418 stellas
2581 3364 2827 3419 invicem
2858 3381 3165 3438 pugnasse.
3199 3365 3267 3418 Et
3300 3369 3433 3436 post
3455 3365 3577 3420 hinc
3607 3365 3728 3427 (an.

2117 3455 2238 3524 995)
2294 3452 2579 3509 Ekbertus
2631 3453 2992 3514 Treverensis
3043 3454 3537 3526 archiepiscopus,
3566 3454 3733 3526 cujus

2117 3557 2409 3597 successor
2433 3541 2753 3596 Liutdulfus
2781 3541 2888 3596 fuit
2919 3542 3083 3611 (478),
3117 3547 3176 3598 et
3198 3541 3362 3598 Dodo
3389 3541 3726 3615 Mirmigen-

2115 3630 2328 3697 densis,
2371 3636 2502 3702 post
2531 3647 2706 3702 quem
2735 3630 3040 3702 Suitgerus
3086 3631 3389 3686 ordinatus
3429 3634 3516 3686 est
3555 3633 3730 3702 (ΠΩ),

2115 3719 2266 3792 Erpo
2288 3737 2519 3792 quoque
2555 3719 3348 3789 Ferdensis,cuiBernharius
3372 3720 3437 3792 (ε.
3468 3720 3571 3790 58’)
3591 3723 3730 3776 tunc

2111 3807 2188 3862 ibi
2223 3808 2548 3880 prepositus
2563 3809 2906 3881 subponitur
2925 3809 3098 3881 (L80),
3119 3809 3337 3864 obiere.
3357 3809 3566 3864 Fames
3577 3825 3723 3880 quo-

2110 3911 2224 3968 que
2253 3895 2450 3952 valida
2478 3901 2703 3952 nostras
2729 3897 3012 3971 Oppressit
3042 3905 3112 3940 5"
3142 3897 3417 3968 regiones
3443 3897 3626 3970 (£81).
3659 3899 3724 3952 In

2108 3984 2286 4040 tercio
2318 3993 2388 4027 m
2417 3985 2688 4058 predictus
2711 3985 3085 4042 dedicationis
3113 4001 3266 4041 anno
3302 3985 3570 4042 avunculi
3599 3987 3724 4040 mei

2108 4089 2142 4130 a
2169 4073 2372 4144 piratis
2400 4074 2551 4146 capti
2581 4077 2714 4130 sunt
2741 4075 2892 4147 (£82)
2925 4075 3034 4146 [an.
3066 4075 3212 4147 995],
3246 4077 3310 4130 ut
3335 4075 3398 4129 in
3430 4075 3725 4148 sequenti-

2105 4162 2211 4218 bus
2241 4165 2420 4235 patet.
2453 4165 2517 4218 In
2575 4168 2782 4236 quarto
2813 4163 3149 4237 pestilencia
3201 4171 3273 4206 εστ
3307 4180 3444 4220 cum
3477 4163 3636 4219 fame
3669 4168 3728 4218 et

2105 4251 2258 4306 bello
2292 4251 2666 4308 orientalibus
2693 4252 2930 4325 ingruit,
2953 4257 3012 4309 et
3031 4269 3132 4308 rex
3152 4252 3472 4324 Apodritos
3501 4253 3648 4326 petit
3669 4258 3728 4308 et

2105 4339 2324 4395 Wiltios
2356 4340 2592 4396 vastavit
2617 4341 2789 4414 (483).

2180 4433 2268 4483 13.
2301 4430 2436 4484 Post
2464 4431 2586 4486 haec
2615 4447 2716 4486 rex
2743 4430 2806 4487 in
2833 4429 3226 4504 Magadaburg
3247 4446 3383 4488 cum
3415 4430 3530 4487 suis
3558 4428 3726 4502 prin-

1722 4548 1953 4604 VARIE
1995 4546 2398 4607 LECTIONES.

475 4682 545 4718 ιη
575 4674 680 4730 996
727 4704 774 4714 -
803 4689 957 4729 anno
987 4671 1114 4732 add.
1151 4671 1236 4726 Ib.
1333 4678 1405 4713 ⁸⁸⁷
1431 4671 1507 4726 ita
1544 4673 1622 4726 lc.
1655 4686 1684 4725 e
1711 4686 1850 4726 corr.

399 4745 633 4820 Alpium
652 4745 848 4820 intch
876 4761 1002 4800 raso
1037 4747 1115 4820 l._
1162 4749 1231 4820 ⁸91
1258 4741 1392 4798 Post
1415 4740 1466 4796 Ι.
1486 4740 1958 4820 fortassea‘liquid
1984 4741 2150 4820 (item
2173 4759 2402 4820 erasum.
2431 4745 2578 4801 Puto
2605 4741 2658 4820 I_,
2681 4750 2742 4798 ut
2770 4745 3041 4820 unumst?
3067 4745 3193 4820 982,

1955 4679 2026 4714 ⁸⁵8
2054 4687 2164 4728 cuu
2193 4675 2254 4727 ta
2286 4675 2337 4728 1.
2415 4680 2485 4715 διο
2511 4679 2589 4730 ιτα
2631 4674 2709 4728 lc.
2757 4670 3102 4728 resistuntur
3132 4674 3216 4728 ia.

3324 4680 3400 4716 ιω
3425 4674 3728 4758 παίεται-τ-

3277 4761 3337 4799 ιιι
3383 4761 3634 4803 numerus
3668 4764 3724 4800 tn

397 4811 554 4878 Ain.
587 4815 1062 4886 Quedlinburgens.
1089 4813 1308 4886 legitur.
1384 4821 1456 4856 m
1486 4811 1748 4886 bapzavit
1771 4811 1852 4868 l.‘
1899 4814 2235 4886 mgfuerunt
2257 4818 2338 4872 1ο.
2414 4823 2486 4859 ιιι
2524 4831 2584 4872 se
2617 4811 2704 4874 4a.
2734 4813 2880 4871 vidis
2903 4813 3050 4874 addi.
3087 4813 3149 4870 ib
3167 4811 3188 4884 ,4
3226 4811 3467 4885 fortasse
3513 4816 3720 4874 vidisse

394 4905 454 4950 se
486 4883 672 4947 voluit.
747 4895 816 4930 τοι
847 4883 1211 4960 oppressi“.
1291 4891 1364 4927 τοο
1389 4883 1577 4940 tertia
1602 4887 1652 4940 1.
1729 4890 1800 4926 εστ
1827 4885 2125 4957 pestilecia
2155 4889 2208 4942 1.

1959 5003 2182 5062 ΝΟΤᾸΕ.

469 5099 610 5168 (171)
643 5098 730 5156 Cf.
759 5054 1052 5172 praefatio,
1083 5113 1149 5172 p._
1170 5095 1306 5172 124.

466 5173 622 5242 (ιη)
648 5172 746 5242 Ille
760 5167 914 5224 bbiit
944 5167 1257 5242 anno:_98_8.

469 5234 614 5312 (‘73;
641 5241 908 5312 Eprﬁnn.
943 5237 1282 5306 Qucdlinb.,
1316 5253 1370 5292 a.
1403 5234 1536 5293 987.

473 5311 617 5386 tm)
647 5311 863 5386 Indid.,
881 5328 944 5386 Aa.
969 5313 1093 5366 988.

469 5376 616 5450 (L75)
645 5385 731 5438 Ita
782 5376 934 5438 male
964 5397 1070 5453 pro
1103 5395 1233 5453 xm.
1266 5378 1390 5433 Kal.
1423 5376 1728 5453 Novembr.
1772 5379 1922 5453 scrip
1936 5382 2009 5438 sit

389 5448 777 5520 Thtetmarus,
832 5448 1072 5508 fortasse
1117 5450 1253 5523 quia
1286 5448 1904 5523 nonuanimadvertit'
1945 5453 2006 5508 in

390 5531 543 5602 Ann.
563 5519 869 5602 guedlinb.
889 5523 968 5602 ad
999 5539 1053 5602 a,
1083 5519 1296 5602 987,331:
1326 5519 1534 5602 quibus
1559 5520 1682 5574 huic
1713 5521 1785 5602 de
1809 5525 2004 5602 eccle-

390 5599 515 5653 asiae
573 5592 1065 5666 Halberstadensis
1117 5591 1480 5666 dedicatione
1511 5592 2006 5666 _sumpsit,_plane

389 5668 504 5722 alia
532 5664 802 5746 quaedam
827 5663 898 5718 de
923 5677 1300 5733 prmnomeno
1329 5679 1405 5717 xu
1425 5663 1550 5716 Kal.
1576 5662 1901 5722 Novemb.v
1918 5666 2002 5722 iso

388 5751 617 5874 “(1361;
621 5774 901 5868 .Quorum
919 5797 1164 5856 nomina
1185 5798 1315 5858 vide
1341 5800 1405 5860 in
1421 5800 1575 5862 Ann.
1588 5799 1874 5868 Quedlinb
1901 5846 1920 5868 .
1945 5809 2008 5868 et

2029 5095 2083 5156 D
2106 5093 2321 5151 Chron.
2347 5093 2535 5161 Halb.,
2568 5112 2621 5152 a.
2654 5097 2778 5152 991.

2203 5170 2326 5230 477)
2357 5167 2435 5220 Ex
2461 5167 2612 5222 Ann.
2649 5165 2982 5233 Qucdlinb.,
3014 5183 3066 5222 a.
3103 5169 3234 5228 993.

2202 5237 2323 5307 us)
2353 5237 2564 5307 Indid.,
2596 5255 2652 5292 a.
2684 5241 2790 5292 993
2819 5239 2877 5292 et
2909 5240 3038 5293 99s.

2202 5311 2326 5374 ιτο)
2347 5308 2560 5377 Indid.,
2588 5326 2642 5365 a.
2675 5312 2803 5365 990.

2179 5379 2329 5451 (s80)
2355 5379 2570 5451 Indid.,
2603 5397 2657 5440 ει.
2689 5383 2824 5436 991.

2179 5382 2329 5511 (18οἒ
2355 5382 2499 5434 Indi:

2179 5453 2297 5523 (λεί
2353 5450 2499 5523 ibid.

2177 5521 2323 5590 (582)
2355 5521 2506 5576 Ibid.

2175 5593 2319 5668 (483)
2347 5592 2518 5668 Ibid,
2541 5596 2750 5668 a._995.
2771 5593 2993 5668 Regem
3015 5591 3076 5646 in
3102 5608 3309 5668 mense
3340 5591 3706 5668 Septembris

2103 5663 2466 5793 Ξξὲίέἕὶοὺινὶε
2488 5664 2550 5722 in
2597 5665 2706 5722 hac
2733 5663 3101 5738 expeditione
3128 5664 3308 5722 fuisse
3341 5663 3556 5724 charta:
3589 5663 3706 5738 ejus

2145 5750 2336 5794 οοοηι.
