3892 6214
134 438 290 495 1261

1410 433 1826 493 CHRONICON.
1854 465 1926 478 —
1953 435 2082 492 LIB.
2114 435 2200 494 IV.

3341 449 3478 506 £262

131 565 203 618 et
222 561 439 616 mundi
461 561 764 616 dominam
787 560 1041 616 exoravit
1061 562 1144 627 ut,
1168 559 1211 614 si
1233 563 1426 616 esseta
1443 563 1578 628 Deo,
1595 577 1768 616 cano-
1789 564 1844 624 Α
1869 560 2004 616 tissa
2026 577 2085 616 se
2112 560 2171 616 in
2194 562 2388 618 medio
2411 578 2614 619 eorum
2641 566 2971 634 prostravit,
3005 571 3066 622 et
3093 568 3240 623 adeo
3268 585 3475 641 pacem

138 650 287 704 nice
319 649 719 722 perficeretur,
745 649 791 703 si
823 665 961 714 non,
981 648 1766 704 misericorditeraunullare-

137 743 272 796 tur.
310 739 427 793 Sed
479 754 757 810 posquam
807 737 1140 807 Evergerus,
1193 736 1546 791 Coloniensis
1585 736 1767 791 archi-

138 826 987 900 episcopus,sutfraganeorum
1003 829 1279 880 consentu
1293 825 1627 896 imperatori
1641 824 1770 879 sibi-

141 934 275 990 que
294 917 356 971 in
375 925 447 958 ω
473 915 729 970 medium
753 914 1060 980 consuluit,
1085 915 1254 969 vellet
1269 915 1445 969 nollet
1461 914 1533 968 ad
1556 913 1770 986 episco-

143 1023 306 1079 pum
365 1005 716 1060 acclamatur
759 1002 930 1075 (524).
963 1003 1087 1058 Non
1143 1004 1324 1057 multo
1357 1007 1485 1075 post
1513 1003 1767 1074 quinque

139 1099 356 1149 curtes
381 1093 451 1148 de
482 1109 584 1147 sua
633 1091 984 1164 proprietate
1016 1091 1185 1146 beato
1232 1091 1474 1146 Martino
1511 1090 1766 1156 tradidit,

144 1181 321 1236 ﬁdeli
336 1181 574 1253 inquam
594 1180 722 1250 iidej
735 1179 911 1234 ussori
931 1179 1160 1234 talionis
1171 1181 1461 1234 earum.ln
1475 1181 1770 1234 senectute

146 1286 310 1342 ergo
343 1287 464 1336 sua,
498 1268 874 1338 caligantibus
902 1267 1027 1338 jam
1055 1267 1231 1322 oculis
1255 1267 1448 1338 ipsius,
1481 1267 1663 1322 factus
1687 1269 1773 1322 est

150 1356 894 1428 monachus.Septuaginta
905 1356 1048 1410 duos
1059 1373 1337 1428 pauperes
1350 1357 1582 1428 propria
1594 1373 1770 1411 manu

150 1446 403 1501 cottidie
420 1445 832 1517 pavit.lllorum
850 1443 1061 1515 quippe
1081 1443 1776 1506 infirmioribus,camera-

151 1537 249 1590 rio
276 1535 650 1606 precedente,
673 1549 835 1587 cecus
854 1533 975 1604 ipse
1006 1533 1078 1586 ab
1110 1532 1228 1587 imo
1256 1533 1419 1588 vallis
1449 1532 1523 1586 ad
1547 1549 1775 1587 summa

152 1624 385 1678 montis
418 1622 689 1678 balneum
735 1624 974 1692 portans
1032 1621 1359 1693 preparavit
1405 1621 1463 1675 in
1497 1624 1688 1688 nocte,
1719 1624 1777 1674 et

157 1711 488 1767 mutatoria
534 1713 839 1780 ceteraque
893 1708 1211 1764 necessaria
1241 1708 1496 1781 corporis
1525 1708 1773 1781 prebuit,

147 1800 378 1871 jubens
396 1816 493 1854 eos
520 1799 577 1853 in
607 1815 746 1869 pace
776 1798 1067 1864 recedere,
1090 1802 1149 1852 ut
1174 1797 1252 1852 sic
1271 1814 1373 1852 sua
1400 1813 1576 1868 opera
1599 1797 1778 1852 obnu-

1871 649 2023 704 inter
2047 649 2169 705 illos
2199 652 2285 706 vel
2315 650 2387 706 ad
2419 655 2786 708 momentum
2815 654 3291 725 rogavit.lnterea
3321 658 3479 714 vide-

1872 738 2042 794 batur
2085 739 2382 806 militibus,
2417 743 2572 814 quod
2621 759 2687 796 ex
2740 742 2836 797 illa
2865 747 3051 814 parte,
3085 761 3200 817 qua
3228 746 3477 804 fratrum

1872 828 2101 882 fuerant
2131 829 2396 895 officinas,
2418 830 2488 883 ab
2519 846 2670 900 aqua
2701 831 2842 885 Ema
2873 832 3174 888 nominata
3203 834 3278 888 ad
3308 851 3479 890 mon-

1871 914 1943 968 tis
1954 915 2321 986 supercilium
2339 915 2822 988 ipsiustraherent
2835 926 2902 961 ου
2923 921 3479 992 sarcofagum.Quod

1871 1003 2012 1058 dum
2064 1004 2406 1071 niterentur,
2433 1021 2640 1076 corpus
2681 1021 2715 1060 a
2741 1007 3196 1077 Trajectensibus
3225 1010 3480 1067 sustolli-

1871 1095 1984 1160 tur,
2031 1096 2088 1147 et
2137 1093 2442 1160 levissime,
2470 1093 2615 1148 sicut
2662 1093 2770 1166 ipsi
2813 1094 3018 1164 jurant
3075 1097 3283 1166 adhuc,
3329 1100 3480 1156 ultra

1872 1197 2083 1252 aquam
2114 1181 2358 1236 ducitur.
2405 1181 2496 1236 Sic
2528 1184 2672 1236 nutu
2703 1182 2933 1238 Domini
2965 1184 3172 1240 fortior
3214 1202 3349 1258 pars
3377 1187 3476 1243 de-

1872 1270 1995 1323 lusa
2015 1273 2100 1323 est
2129 1269 2402 1326 militum.
2431 1271 2566 1325 Post
2589 1271 3028 1327 translationem
3049 1275 3306 1345 corporis
3331 1276 3476 1332 sacri

1873 1357 2200 1428 fragrancia
2226 1357 2358 1412 miri
2390 1357 2585 1413 odoris
2606 1362 2881 1429 percepta
2905 1363 2991 1414 est
3010 1361 3069 1416 in
3101 1362 3211 1429 via,
3237 1379 3366 1436 qua:
3399 1365 3478 1420 ul-

1874 1449 1965 1500 tra
1993 1444 2104 1498 tria
2155 1443 2409 1499 miliaria
2435 1445 2935 1501 veracissimorum
2975 1447 3302 1518 hominum,
3335 1450 3479 1506 sicut

1875 1531 1981 1603 ipsi
2007 1536 2310 1600 testantur,
2345 1550 2513 1588 nares
2542 1533 2795 1606 perfudit
2824 1539 2883 1590 et
2909 1539 3166 1606 pectora.

1947 1625 2036 1676 25.
2053 1622 2404 1677 Revocemus
2419 1622 2492 1676 ad
2511 1623 2881 1691 memoriam,
2902 1624 3058 1696 quod
3072 1625 3480 1682 miserabiliter

1876 1708 2111 1764 Gisilero
2145 1709 2537 1782 arcbipresuli]
2570 1710 2634 1779 (f.
2659 1711 2744 1781 63)
2778 1711 2999 1767 incuria
3027 1721 3099 1756 σει
3117 1713 3203 1769 sui
3239 1713 3482 1787 contigit

1877 1796 2181 1852 damnum.
2210 1799 2229 1851 l
2238 1801 2532 1869 mperator
2543 1798 2616 1854 ob
2641 1799 3035 1855 defensionem
3050 1801 3252 1874 patria;
3271 1803 3482 1859 Barna-

157 1889 664 1945 bilarevaleret.ln
683 1887 888 1943 eodem
902 1890 1098 1942 monte
1112 1889 1528 1942 monachorum
1541 1880 1847 1958 congre-B
1876 1884 2026 1955 burg
2053 1882 2341 1938 civitatem
2387 1901 2564 1955 opere
2595 1887 2862 1942 muniens
2915 1889 3255 1958 necessario,
3285 1907 3416 1947 eam
3447 1893 3482 1948 4

156 1978 470 2049 gationem
489 1975 776 2031 ordinavit
789 1977 962 2048 (525),
976 1992 1270 2047 aquorum
1292 1975 1580 2048 prioribus
1591 1975 1772 2048 scopis

158 2071 254 2122 est
282 2067 472 2138 sepius
496 2065 824 2136 castigatus,
847 2064 986 2118 dum
1015 2064 1254 2118 auderet
1277 2065 1539 2119 resistere
1569 2080 1772 2118 eorum

149 2155 534 2227 jussionibus.
555 2153 838 2224 Quicquid
862 2152 935 2207 ad
959 2151 1226 2207 ultimum
1249 2152 1544 2224 acquirere
1565 2151 1770 2224 potuit,

158 2260 492 2318 pauperum
519 2243 786 2297 manibus
804 2242 1022 2297 tribuit.
1047 2241 1290 2296 Aviculis
1315 2241 1488 2296 etiam
1507 2241 1564 2294 in
1581 2241 1774 2294 hieme

161 2333 498 2404 manipulos
522 2348 693 2403 super
717 2332 952 2385 arbores
975 2330 1050 2385 ad
1069 2329 1538 2385 manducandum
1562 2328 1774 2383 intuitu

161 2421 472 2494 pietatisin
501 2423 701 2474 monte
719 2436 820 2473 suo
842 2434 1065 2490 ponere
1087 2427 1158 2460 080
1180 2417 1334 2472 fecit.
1371 2416 1486 2472 Sub
1513 2417 1776 2472 clamidis

163 2509 450 2564 absconso
480 2507 753 2562 continue
783 2506 1130 2561 vestiebatur
1157 2505 1360 2561 cilicio.
1393 2507 1442 2559 Α
1472 2505 1649 2559 natali
1671 2507 1777 2560 Do-

163 2598 313 2652 mini
342 2613 521 2669 usque
553 2597 625 2650 ad
653 2599 862 2650 sanctas
887 2595 1066 2649 crucis
1088 2594 1483 2649 inventionem
1515 2593 1775 2648 infirma-

167 2687 365 2753 batur,
415 2701 528 2757 quo
559 2684 838 2756 temporis
866 2683 1053 2756 spatio
1087 2684 1238 2737 ultra
1276 2677 1619 2753 tres'panes
1657 2698 1776 2737 non

167 2773 546 2830 manducavit
562 2772 1080 2844 Appr0pinquante
1102 2771 1228 2842 jam
1251 2770 1436 2825 carnis
1463 2771 1584 2842 ejus
1607 2771 1781 2825 disso-

163 2864 411 2926 lutione,
435 2878 665 2917 crucem
693 2861 752 2916 in
777 2861 1051 2926 fenestra,
1071 2877 1198 2931 quae
1223 2859 1302 2914 ibi
1330 2863 1458 2930 post
1482 2859 1776 2930 caligatio-

162 2967 306 3006 nem
330 2951 631 3006 oculorum
654 2949 700 3020 ej
714 2966 776 3002 us
798 2934 1095 3014 facta'fuit,
1123 2945 1262 3000 vidit
1286 2950 1344 3000 et
1365 2945 1781 3000 circumstanti-

159 3043 268 3096 bus
284 3056 343 3094 se
365 3039 558 3093 videre
582 3036 993 3102 manifestavit,
1016 3035 1256 3089 laudans
1278 3037 1460 3089 Deum
1479 3034 1772 3090 etdicens:

158 3129 232 3185 In
257 3130 490 3185 circuitu
537 3134 650 3192 tuo,
700 3127 949 3191 Domine,
979 3124 1162 3180 lumen
1206 3130 1301 3189 est,
1332 3122 1471 3195 quod
1505 3140 1778 3195 nunquam

1877 1971 2314 2027 ebdomadasad
2346 1973 2626 2029 tuendum
2657 1974 2788 2029 huic
2807 1977 3118 2032 commisit.
3145 1977 3252 2042 Qui
3277 1979 3480 2035 fraude

1876 2059 2077 2131 ignota
2105 2060 2175 2115 ad
2217 2061 2493 2132 placitum
2545 2079 2578 2117 a
2610 2063 2820 2119 Sclavis
2857 2067 3110 2132 vocatus,
3141 2081 3273 2121 cum
3305 2083 3481 2140 parva

1877 2147 2245 2203 multitudine
2293 2149 2450 2206 exiit.
2483 2149 2600 2205 Alii
2657 2167 2910 2224 namque
2962 2157 3382 2224 processerunt,
3423 2159 3483 2210 et

1875 2236 2158 2308 quosdam
2179 2238 2237 2292 in
2256 2237 2395 2293 urbe
2417 2238 2667 2310 reliquit.
2687 2240 2827 2294 Ecce
2846 2243 3039 2295 autem
3067 2259 3213 2297 unus
3229 2259 3260 2298 e
3276 2259 3480 2299 conso-

1876 2323 1976 2378 ciis
1996 2324 2256 2395 ejusdem
2283 2342 2318 2380 a
2336 2324 2474 2380 silva
2499 2342 2807 2398 erumpere
2834 2327 3028 2383 hostes
3054 2328 3484 2401 prodidit.Con-

1877 2409 2274 2481 gredientibus
2292 2427 2428 2466 vero
2459 2416 2597 2467 tunc
2626 2429 2693 2468 ex
2711 2417 2956 2487 utraque
2983 2419 3148 2488 parte
3178 2418 3480 2488 militibus,

1879 2497 2300 2567 archiantistes,
2333 2499 2432 2572 qui
2491 2516 2661 2556 curru
2713 2502 2889 2570 venit,
2931 2520 3079 2576 equo
3132 2505 3281 2579 fugit
3331 2508 3484 2565 alato

1877 2584 2266 2658 (Ovm.,Fast.
2298 2604 2385 2655 ιιι,
2417 2589 2570 2660 416),
2600 2605 2668 2644 ex
2693 2589 2808 2646 suis
2838 2595 3084 2648 mortem
3115 2594 3488 2652 evadentibus

1879 2673 2092 2746 paucis.
2119 2674 2300 2729 Sclavi
2329 2675 2575 2730 victores
2600 2677 2782 2747 preda
2799 2677 3282 2737 interfectorum6
3301 2683 3490 2739 Nonas

1877 2761 2009 2816 Julii
2038 2771 2110 2805 m
2141 2762 2264 2817 sine
2293 2763 2550 2835 periculo
2578 2765 2887 2836 pociuntur
2916 2767 3088 2838 (526),
3119 2773 3178 2825 et
3207 2771 3490 2843 archiepi-

1879 2865 2119 2923 scopum
2135 2849 2212 2904 sic
2229 2851 2468 2906 elabisse
2482 2855 3489 2928 conqueruntur.Custodivittamen,

1881 2938 2142 3009 quamvis
2162 2938 2239 2993 sic
2268 2939 2592 3010 lugubriter
2610 2942 2929 3011 mutilatus,
2949 2945 3156 3001 urbem
3168 2946 3240 3001 ad
3268 2946 3487 3004 dictum

1881 3026 2040 3081 diem
2076 3027 2365 3096 Gisilerus,
2391 3028 2680 3102 tristisque
2710 3047 2990 3101 reversus,
3022 3033 3250 3090 obviam
3288 3035 3492 3092 habuit

1879 3118 2152 3185 patruum
2203 3115 2446 3171 meimet
2488 3118 2886 3176 marchionem
2918 3120 3299 3192 Liutharium,
3329 3124 3490 3196 cujus

159 3219 388 3287 deﬁciet.
440 3215 700 3270 Tandem
756 3213 1098 3268 sacrosancti
1157 3211 1344 3266 viatici
1407 3211 1777 3282 perceptione
1799 3197 1846 3256 C
1879 3220 2080 3259 curam
2101 3202 2296 3257 civitas
2316 3203 2576 3274 predicta
2594 3209 2729 3261 tunc
2748 3207 3494 3286 respiciebatzfirmiterque

164 3306 446 3372 munitus,
462 3305 662 3359 doctus
684 3306 805 3358 tota
828 3301 1227 3372 expectatione
1234 3299 1496 3372 judicem
1513 3299 1774 3370 diligere,

161 3399 362 3466 atque,
383 3398 445 3448 ut
473 3394 553 3447 ita
580 3392 850 3457 dixerim,
886 3390 1146 3444 timendo
1181 3388 1618 3460 presencialiter
1642 3403 1778 3441 ren-

161 3484 293 3538 nuit
345 3483 551 3536 timere
582 3479 1014 3553 perpetualiter.
1045 3479 1287 3533 Multum
1320 3477 1380 3531 in
1426 3480 1640 3532 sancta:
1677 3476 1779 3531 Dei

162 3569 464 3644 genitricis
485 3569 924 3636 intercessione,
941 3566 1031 3621 cui
1051 3583 1110 3621 se
1121 3582 1338 3637 suaque
1366 3565 1627 3631 dederat,
1649 3580 1780 3619 con-

163 3658 562 3726 fisus,tamdiu
588 3658 878 3729 signaculo
912 3659 1123 3710 sanctae
1157 3654 1338 3708 crucis
1358 3669 1480 3708 sese
1511 3653 1778 3724 signavit,

162 3748 544 3820 quoadusque
594 3745 968 3800 obdormiens
1000 3745 1060 3797 in
1120 3759 1257 3810 pace
1290 3758 1471 3796 manu
1523 3741 1694 3795 simul
1723 3745 1783 3795 et

163 3839 365 3890 mente
386 3835 764 3907 quievit.Post
777 3835 938 3904 cujus
956 3831 1181 3886 obitum
1203 3830 1597 3901 Trajectenses
1612 3828 1779 3884 nudis

164 3924 411 3997 pedibus
423 3923 727 3978 etarmatis
741 3921 1778 3987 manibusvenerunt,flentes,orantes

163 4018 224 4069 et
254 4012 587 4068 domesticis
622 4012 877 4066 dicentes
910 4027 923 4064 :
958 4011 1067 4066 Pro
1097 4009 1203 4063 Dei
1226 4011 1443 4064 nomine
1478 4009 1602 4062 date
1629 4008 1778 4063 nobis

147 4109 422 4173 pastorem
441 4109 818 4172 uostrum,qua
839 4105 1082 4170 portetur
1099 4098 1289 4166 adsum
1299 4098 1456 4154 sedit:
1482 4096 1773 4151 tumulum.

164 4191 290 4255 Quo
312 4193 517 4246 contra
544 4189 876 4243 reverendae
904 4189 1034 4243 vita:
1069 4188 1378 4254 abbatissa,
1412 4186 1535 4256 ejus
1565 4186 1778 4240 scilicet

161 4280 283 4334 filia
302 4279 826 4345 sanctissima,cum
844 4277 1152 4350 capellanis
1173 4280 1232 4330 et
1246 4274 1526 4330 militibus
1537 4290 1776 4346 respon-

161 4370 249 4425 dit
275 4385 288 4424 :
322 4369 397 4426 1n
447 4367 625 4422 eodem
651 4367 760 4422 loco
789 4366 937 4422 debet
969 4365 1204 4438 sepeliri,
1232 4364 1328 4418 ubi
1346 4381 1372 4418 e
1404 4364 1520 4420 vita
1540 4364 1781 4434 presenti

1879 3291 1933 3348 ei
1959 3307 2087 3346 eam
2111 3291 2485 3346 committens
2510 3293 2938 3350 abiit.Accessit
2961 3301 3158 3354 autem
3187 3315 3403 3369 comes,
3433 3304 3496 3357 et

1881 3384 1944 3435 ut
1964 3381 2168 3436 urbem
2189 3379 2332 3434 vidit
2357 3379 2626 3436 incendio
2658 3381 3067 3454 fumigantem,
3100 3387 3490 3459 archiepisco-

1880 3487 2022 3543 pum
2046 3484 2310 3524 remeare
2339 3484 2443 3540 per
2463 3468 2889 3526 internuntium
2920 3473 3132 3529 frustra
3158 3476 3344 3546 petiit.
3367 3479 3491 3551 Ipse

1881 3562 2078 3614 autem
2100 3557 2298 3630 ignem
2318 3557 2376 3610 in
2395 3557 2619 3612 duobus
2636 3558 2774 3613 locis
2787 3559 2916 3630 jam
2940 3562 3054 3616 alte
3081 3563 3492 3623 ascendentem

1882 3647 2217 3719 extinguere
2243 3649 2557 3718 temptans,
2607 3662 2739 3701 cum
2769 3647 2852 3702 nil
2881 3649 3123 3705 omnino
3155 3651 3488 3725 proﬁceret,

1881 3739 2112 3808 portam
2142 3735 2404 3791 hostibus
2433 3738 2730 3807 patentem
2775 3735 3205 3810 derelinquens,
3245 3741 3491 3800 domum

1881 3831 2099 3883 mestus
2127 3826 2354 3894 revisit;
2386 3827 2444 3879 et
2471 3829 2764 3880 accusatus
2794 3830 2924 3897 post
2974 3828 3130 3899 apud
3172 3829 3490 3902 imperato-

1879 3933 2028 3984 rem,
2049 3916 2397 3988 imputatam
2413 3925 2776 3970 sacramento
2802 3917 3069 3987 purgavit
3093 3919 3484 3990 culpam.Post

1881 4009 1912 4061 9
1945 4005 2064 4061 dies
2089 4005 2363 4076 predictie
2396 4003 2549 4058 cedis
2578 4007 2764 4058 mater
2787 4021 2938 4073 mea,
2958 4004 3263 4078 Cunigund
3293 4015 3364 4051 0M
3383 4025 3492 4066 no-

1879 4093 2062 4160 mine,
2083 4092 2262 4148 tercia
2281 4093 2413 4147 ldus
2435 4092 2567 4147 Julii
2594 4091 2656 4146 in
2680 4092 2905 4150 civitate
2934 4093 3362 4154 Germeresleva
3389 4113 3487 4153 ex-

1880 4181 2088 4254 piravit
2111 4184 2282 4246 (527).

1953 4272 2041 4327 26.
2065 4268 2248 4342 (f.63’)
2270 4267 2631 4324 Ekkihardus
2651 4277 2722 4311 ⁸³⁸
2747 4287 2816 4326 ex
2838 4271 3215 4330 nobilissimis
3242 4273 3493 4332 Thurin-

1880 4359 1990 4432 giae
2003 4357 2264 4413 australis
2280 4357 2566 4412 natalibus
2577 4357 2673 4429 huj
2683 4375 2747 4414 us
2765 4359 2907 4432 (528)
2921 4363 3281 4436 genealogiaa
3293 4366 3492 4422 ortum

162 4477 195 4514 a
221 4459 337 4512 Deo
367 4464 443 4512 est
456 4459 744 4529 permissus
773 4459 914 4511 exui.
945 4458 1291 4511 Perventum
1323 4457 1408 4507 est
1444 4453 1518 4507 ad
1549 4453 1683 4515 hoc,
1716 4454 1778 4506 ut
1797 4477 1853 4538 Β
1881 4448 2116 4514 ducens,
2147 4444 2591 4538 cum-gradatim
2607 4446 2684 4538 ad
2709 4447 2935 4503 virilem
2963 4451 3326 4524 pertingeret
3348 4456 3490 4510 teta-

163 4549 378 4606 armati
393 4565 460 4603 ex
473 4552 713 4621 utraque
725 4549 888 4617 parte
904 4543 1382 4618 periculosissime
1401 4541 1708 4596 convenire
1721 4543 1779 4596 et
1797 4533 1840 4538 ’
1878 4543 2022 4604 tem,
2040 4533 2402 4608 parentelam
2415 4534 2626 4589 suimet
2653 4551 2893 4591 omnem
2916 4538 3035 4593 tam
3060 4556 3295 4596 morum
3312 4557 3490 4614 quam

165 4641 360 4714 plures
380 4637 496 4693 vita
510 4637 791 4692 deberent
813 4649 1030 4701 carere,
1053 4632 1159 4687 nisi
1183 4630 1340 4703 quod
1360 4631 1432 4686 do
1442 4646 1579 4686 mna
1594 4629 1775 4685 abba-

1880 4629 2114 4684 actuum
2143 4622 2424 4696 gravitate
2454 4629 2524 4666 ⁸³⁸
2555 4621 2887 4679 inclitarum
2918 4631 2989 4667 “7
3016 4627 3298 4700 honorat;
3331 4630 3490 4704 quia,

1478 4783 1707 4841 VARUE
1747 4777 2144 4840 LECTIONES.

237 4907 309 4941 ω
339 4915 385 4952 s.
417 4913 435 4951 ι
465 4895 525 4950 in
554 4897 608 4951 2.
686 4900 758 4934 σεο
784 4887 921 4962 poni
956 4886 1039 4962 Α.
1079 4885 1146 4962 _S.
1222 4891 1291 4926 ⁸³1
1323 4885 1399 4938 ita
1427 4883 1502 4962 Α..
1534 4881 1606 4962 _S.
1649 4899 1702 4962 εξ.
1734 4883 1891 4962 tth.
1941 4878 2201 4962 traheret
2381 4882 2452 4917 m
2475 4873 2590 4962 “HIC.
2606 4875 2785 4962 pergit
2810 4873 2928 4962 cogi.
3093 4883 3167 4919 σεο
3187 4875 3271 4962 ,νι
3298 4893 3484 4962 nonas

164 4970 294 5025 Julii
322 4945 607 5024 edd-.le
651 4972 722 5006 οδε
744 4945 1156 5034 εἶιίιιειιιιᾱίία.
1231 4964 1302 4999 ⁸³⁵
1328 4954 1585 5012 marchio
1605 4952 1909 5010 misnensis
1924 4950 2051 5008 add.
2077 4953 2159 5007 lc.
2233 4955 2305 4990 0“
2325 4947 2551 5020 grauite
2572 4945 2624 5002 1.
2697 4945 2768 4990 σιτ
2791 4951 2885 5000 aut
2898 4945 3157 5005 inclitam
3179 4947 3480 5018 legendum.

167 5041 331 5113 Conf.
362 5039 515 5110 infra
545 5037 610 5106 ν,
646 5039 730 5091 16.
752 5033 1024 5090 inclitum
1047 5033 1098 5086 1.

1689 5179 1914 5236 NOTAE.

235 5301 374 5373 (524)
408 5291 711 5373 Αηετςίέιξε
747 5287 1056 5373 Episcopus
1077 5281 1752 5373 ,oriiPﬁluf.f§E.E-_E’9§:

170 5349 519 5430 oﬁﬁi'tiﬁo
555 5365 711 5419 1010.
744 5349 822 5415 De
853 5375 921 5414 eo
944 5349 1312 5430 'videetiam
1351 5351 1652 5422 Alpertum
1684 5349 1756 5404 de

165 5429 490 5516 tempoer
522 5433 936 5516 diversitateal,
967 5429 1149 5516 “~18.
1174 5493 1334 5516 AL“

393 5491 727 5584 wHocusiille,
746 5491 868 5583 quo.
883 5491 1030 5584 hanc
1048 5491 1757 5584 Benedilctinorumjzabba:

1899 5274 2102 5342 uravit,
2129 5273 2296 5346 eique
2359 5285 2574 5327 novum
2633 5283 2849 5323 nomen
2905 5267 3099 5324 Sancti
3150 5267 3317 5339 (Heili
3363 5287 3470 5327 en-

1857 5294 2024 5403 ἔθη)
2055 5344 2346 5403 imposuit.
2387 5343 2449 5396 V.
2475 5344 2618 5396 Acta
2641 5341 2905 5395 Sanctor.
2943 5343 2985 5396 t.
3011 5341 3054 5403 ι,
3083 5356 3284 5396 mense
3310 5286 3462 5403 iisti.

1900 5347 2024 5417 erg)
2055 5341 2346 5417 impdsuit.
2387 5343 2449 5396 V.
2475 5344 2618 5396 Acta
2641 5341 2905 5395 Sanctor.
2943 5343 2985 5396 t.
3011 5341 3054 5408 ι,
3083 5356 3284 5396 mense
3310 5341 3462 5414 Maii,

1857 5435 1915 5490 Ρο
1947 5419 2074 5490 4³0»
2108 5419 2237 5490 υὲξη

1927 5481 2091 5560 (525).
2147 5483 2390 5560 Plurimi
2442 5481 2656 5538 mortui
2712 5482 3066 5541 adnotantur
3118 5481 3179 5539 in
3234 5484 3458 5545 Necrol.

167 5557 1110 5646 tiai‘nwéohvdidit,induimabatur
1148 5568 1432 5646 _Ho_horst,
1491 5563 1758 5646 adjacens
1854 5557 2352 5646 Μειζιςξιζιὲξιὶιιςβ.ιιιξιι)ἒ
2372 5559 2426 5646 ‘2;

165 5635 577 5727 mrsfordio.
606 5635 770 5727 illam
796 5647 916 5727 ipse
945 5659 1036 5724 xxv
1064 5641 1185 5723 K_al.
1217 5640 1367 5727 Dee.
1390 5650 1575 5727 Enna

165 5711 439 5811 ﬁliam
457 5720 704 5782 Henrico
725 5719 794 5788 ιι,
811 5711 1043 5788 imperii
1061 5714 1185 5786 ejus
1206 5723 1361 5766 anno
1381 5711 1581 5782 quinto
1598 5711 1760 5764 inau-

1929 5631 2083 5699 (527)
2111 5624 2177 5687 V.
2209 5627 2374 5682 Necr.
2405 5625 2668 5699 Merseb.,
2702 5624 2813 5684 Jul.
2849 5629 2914 5686 l2
2939 5631 2998 5687 et
3028 5628 3120 5692 l3.

1929 5633 2056 5699 (527
2111 5631 2177 5687 V.
2209 5631 2374 5682 Necr.
2405 5631 2605 5682 Mersel

1926 5631 2083 5781 (523;
2113 5699 2303 5776 Hujus
2333 5714 2441 5776 pro
2467 5715 2605 5759 suae.
