3892 6214
430 397 566 455 £263

1381 387 1764 446 THIETMARI
1803 383 2414 443 MERSEBURGENSIS
2454 384 2774 444 EPISCOPI

3622 392 3754 452 ωδε

426 522 489 575 ut
507 516 752 590 legimus
780 532 793 572 :
826 515 1139 571 dedecorant
1161 513 1286 570 bene
1309 519 1440 567 nata
1475 520 1546 555 ⁸³⁸
1575 511 1742 581 culpae
1773 520 1842 554 m
1869 510 2024 578 (Hos.
2049 513 2106 572 A
2131 509 2274 564 meis
2296 508 2581 576 Heinrico,
2605 509 2919 565 Fritherico
2951 508 3272 584 ceterisque
3293 511 3589 568 militibus
3602 515 3753 587 opti-

427 605 697 676 11,4,36).
716 606 771 660 Is
795 607 923 676 post
950 605 1160 658 multas
1188 603 1475 656 bellorum
1507 600 1864 672 asperitates,
1884 616 2028 672 quas

425 710 557 750 cum
589 696 752 766 patre
805 710 906 748 suo
960 689 1273 746 Gunthcrio
1299 698 1392 757 διο,
1425 689 1498 745 ab
1530 689 1752 745 honore
1783 705 1884 742 suo
1930 687 2027 742 diu

426 798 722 854 suspenso,
744 796 1046 853 perpessus
1065 782 1169 846 est,
1193 779 1265 834 ad
1287 777 1536 849 gratiam
1555 775 1924 850 imperatoris
1946 791 2029 829 se-

426 869 599 925 cundi
621 869 865 940 [Ottonis
885 874 979 936 0H]
1007 871 1066 924 et
1086 867 1159 923 ad
1179 867 1430 940 patriam
1450 865 1769 920 honorifice
1792 880 1925 919 cum
1941 879 2029 918 re-

428 961 670 1026 mearet,
696 956 1010 1012 Thietmari
1067 955 1295 1010 comitis
1323 955 1556 1009 viduam
1599 957 1657 1008 et
1710 953 2029 1008 Bernhardi

427 1047 585 1102 ducis
613 1055 684 1090 ω
714 1061 998 1112 sororem,
1031 1043 1271 1099 nomine
1326 1042 1743 1098 Suonehildam
1778 1042 1941 1112 (529),
1970 1042 2030 1096 in

426 1134 866 1192 matrimonium
879 1134 984 1188 sibi
996 1131 1373 1204 copulavit,ex
1385 1147 1566 1202 eaque
1580 1129 2032 1202 primogenitam

425 1224 664 1280 nomine
697 1222 1083 1294 Liudgerdam
1123 1220 1420 1292 acquisivit
1473 1219 1674 1274 ﬁliam.
1709 1217 2032 1273 Liutharius

423 1317 622 1368 autem
653 1329 722 1368 ex
750 1313 904 1366 clara
921 1309 1250 1381 Thuringise
1279 1307 1746 1380 septentrionalis
1763 1305 2032 1378 prosapia

425 1400 632 1467 editus,
660 1415 794 1454 cum
820 1398 907 1453 vir
955 1397 1139 1452 factus
1176 1401 1410 1452 aetatem
1462 1394 1766 1450 virtutibus
1795 1410 2029 1466 supera-

425 1490 515 1543 ret
531 1495 622 1555 m;
652 1503 899 1558 cumque
910 1485 1162 1540 secundo
1187 1486 1433 1540 multum
1454 1484 1627 1538 karus
1646 1485 1794 1536 esset
1811 1481 2028 1550 Ottoni,

426 1576 548 1646 ejus
565 1575 771 1630 auxilio
790 1574 1082 1647 quandam
1099 1573 1537 1628 matrimonium
1552 1570 1910 1637 6H,Godilam
1931 1586 2032 1625 no-

424 1663 608 1731 mine,
631 1680 699 1718 ex
718 1662 1056 1718 occidentali
1082 1663 1321 1734 regione
1344 1661 1616 1716 nobiliter
1637 1664 1835 1716 natam
1852 1659 2028 1732 (530),

424 1769 558 1808 cum
586 1752 818 1808 licentia
840 1751 1234 1808 Wirdunensis
1263 1750 1524 1822 Wigfridi
1557 1751 1797 1821 presulis
1825 1766 2029 1805 conso-

2138 597 2247 652 mis
2264 598 2467 652 urbem
2490 598 2776 670 prefatam
2799 598 3078 666 ascendit,
3093 615 3489 674 sponsamque
3507 619 3679 659 suam
3698 607 3752 659 et

2137 688 2517 742 reluctantem
2544 691 2602 741 et
2621 689 2966 743 clamantem
2993 688 3046 743 vi
3067 688 3354 757 auferens,
3382 707 3522 746 cum
3541 693 3663 747 suis
3680 695 3749 750 ad

2137 775 2421 830 Wallibiki
2452 777 2598 830 letus
2651 780 2709 830 et
2761 777 3062 832 incolomis
3098 779 3360 849 pervenit
3415 780 3594 844 Quod
3620 799 3753 838 cum

2135 865 2422 919 abbatissa
2443 865 2512 920 ab
2536 870 2691 920 certo
2706 883 2832 921 com
2841 866 3055 939 periret
3071 868 3284 939 legato,
3301 870 3569 940 graviter
3589 887 3757 926 com-

2136 957 2295 1006 mota
2313 953 2537 1008 cunctis
2558 953 2618 1018 (f.
2641 954 2751 1020 64’)
2777 955 2885 1010 hoc
2907 956 3538 1029 principibuslacrimis
3561 960 3757 1032 queri-

2134 1043 2227 1094 tur
2249 1041 2486 1110 obortis,
2513 1058 2727 1113 rogans
2752 1060 2816 1098 ac
2844 1045 3185 1116 precipiens,
3217 1051 3280 1100 ut
3297 1048 3518 1102 armati
3547 1065 3755 1105 omnes

2132 1128 2393 1198 publicos
2436 1130 2630 1185 hostes
2685 1131 2949 1186 celeriter
2983 1133 3453 1205 insequerentur,
3489 1153 3558 1190 ac
3592 1146 3666 1180 σιι
3697 1143 3757 1193 ut

2132 1217 2315 1289 captis
2339 1234 2439 1272 seu
2468 1219 2665 1273 occisis
2693 1219 2976 1292 virginem
3007 1220 3116 1276 sibi
3147 1221 3426 1278 reducere
3460 1241 3754 1282 conaren-

2133 1308 2245 1359 tur.
2271 1306 2384 1360 Nec
2407 1324 2590 1375 mora,
2613 1308 2774 1379 jussa
2795 1310 2916 1364 haec
2938 1310 3103 1365 miles
3123 1316 3384 1366 armatus
3416 1316 3754 1371 accelerare

2132 1395 2450 1461 contendit,
2484 1398 2542 1449 et
2568 1396 2902 1468 priusquam
2931 1398 3132 1453 urbem
3160 1400 3452 1456 munitam
3485 1403 3756 1476 adtinge-

2131 1487 2281 1550 rent,
2310 1486 2543 1540 eosdem
2567 1503 2672 1558 per
2687 1488 3750 1565 compendiosaitinerisinterruptos,

2131 1572 2183 1625 vi
2213 1589 2416 1643 capere
2442 1575 2527 1642 vel
2555 1574 2818 1629 occidere
2847 1592 2944 1631 seu
2968 1575 3223 1648 eﬁ‘ugare
3249 1579 3754 1638 anhelavit.Com-

2130 1664 2360 1733 pertum
2389 1665 2471 1716 est
2492 1666 2687 1718 autem
2713 1680 2747 1718 a
2775 1664 3108 1733 viatoribus,
3133 1667 3290 1738 quod
3314 1668 3396 1733 hi,
3413 1686 3566 1740 quos
3599 1671 3750 1725 inse-

2133 1751 2476 1821 quebantur,
2491 1753 2679 1806 valida
2701 1769 2877 1808 manu
2894 1755 3212 1826 clausisque
3231 1757 3434 1828 portis,
3459 1760 3620 1813 notis
3625 1761 3753 1831 jam

425 1842 578 1898 brini
604 1843 748 1913 ejus,
769 1842 877 1896 sibi
898 1840 954 1895 in
981 1841 1292 1912 conjugem
1314 1821 1683 1912 desponsavit
1703 1843 1761 1893 et
1785 1839 2027 1910 acquisi-
2058 1821 2113 1882 Β
2133 1839 2453 1910 gauderent
2483 1841 2774 1912 presidiis;
2807 1843 2948 1898 nulli
2996 1821 3196 1916 patere
3231 1821 3584 1918 ingressum
3599 1821 3752 1914 {aut

422 1929 526 1998 vit,
543 1946 672 2002 qua:
697 1929 923 2001 peperit
944 1933 1003 1984 et
1018 1930 1076 1984 in
1104 1929 1276 1984 tertio
1295 1928 1521 1984 decimo
1541 1927 1728 1983 etatis
1743 1944 1861 1982 suae
1875 1943 2028 1982 anno

421 2019 904 2091 primogenitum,
941 2019 1119 2090 patris
1149 2019 1235 2074 sui
1268 2017 1509 2074 nomine
1535 2018 1831 2088 appellans
1859 2015 2031 2072 Wiri-

425 2107 694 2162 nharium
722 2115 814 2161 ω.
849 2107 962 2163 Sed
1003 2124 1136 2162 cum
1164 2107 1291 2162 dum
1321 2106 1669 2178 propagines
1715 2107 1856 2173 istae,
1889 2123 2032 2178 puer

424 2195 664 2268 inquam
706 2199 764 2251 et
791 2197 1002 2269 puella,
1036 2213 1102 2250 ex
1143 2198 1265 2250 tam
1296 2195 1649 2250 nobilissime
1677 2195 1802 2249 vitis
1837 2195 2031 2249 radice

425 2283 1071 2355 emersissent,jamjam
1101 2283 1379 2356 paulatim
1403 2283 1476 2337 ad
1494 2283 1889 2337 maturitatem
1917 2283 2033 2336 fru-

424 2376 548 2429 ctus
575 2374 907 2445 pertingere
937 2372 1147 2428 inclitis
1175 2371 1451 2426 virtutum
1480 2372 1640 2425 scalis
1673 2371 2026 2426 nitebantur.

424 2461 538 2518 Sed
569 2461 891 2517 Liutharius
916 2477 1130 2527 comes,
1162 2464 1226 2514 ut
1254 2460 1459 2532 puella;
1494 2459 1644 2513 illius
1689 2459 1942 2514 formam
1973 2463 2030 2514 et

422 2547 1885 2620 conversationembonamprimopersensit,qualiter
1896 2563 2028 2602 eam

420 2637 599 2707 (1264)
621 2637 982 2692 consociaret
1008 2637 1126 2691 lilio
1156 2652 1279 2703 suo,
1301 2635 1514 2690 mentis
1543 2638 1764 2690 secreto
1796 2651 2028 2706 semper

419 2725 612 2781 volvit.
644 2727 714 2779 Et
735 2725 811 2780 ad
840 2725 1110 2779 ultimum
1136 2740 1473 2796 erumpens,
1492 2739 1596 2795 per
1618 2723 1817 2777 fideles
1846 2723 2023 2778 inter-

419 2815 654 2869 nuntios
683 2813 1012 2868 Ekkihardo
1033 2817 1171 2868 tunc
1196 2813 1520 2868 marchioni
1551 2812 1900 2867 desiderium
1925 2813 2024 2868 diu

418 2904 602 2958 latens
617 2911 689 2946 δια
704 2901 931 2974 aperuit
946 2918 1012 2957 ac
1029 2902 1293 2956 celeriter
1311 2902 1391 2956 im
1398 2901 2028 2972 petravit.Convenien-

417 2991 570 3048 tibus
599 2995 732 3046 tunc
760 2991 822 3046 in
841 3007 1024 3046 unum
1045 2990 1426 3046 familiaribus
1449 2990 1791 3056 eorundem,
1809 2988 2025 3062 promi-

417 3079 490 3134 sit
519 3079 777 3151 legitime
809 3078 1177 3134 Ekkihardus
1203 3078 1516 3147 Liuthario,
1544 3079 1794 3134 eandem
1824 3094 1882 3132 se
1905 3077 2019 3131 ﬁlio

2135 1929 2275 1981 velle
2306 1929 2477 1996 mori,
2508 1933 2606 1984 aut
2635 1946 2694 1983 se
2734 1931 2811 1985 ibi
2842 1939 2912 1972 6³1
2947 1931 3283 2000 defendere,
3323 1938 3384 1989 et
3415 1952 3748 2008 numquam

2135 2015 2231 2070 ulli
2253 2024 2322 2058 οδε
2345 2033 2613 2086 sponsam
2637 2017 3032 2083 reddere.Quo
3055 2020 3251 2076 audito
3272 2021 3604 2079 admodum
3629 2026 3750 2080 tris-

2133 2103 2204 2158 tis
2235 2103 2490 2172 effectus,
2524 2105 2845 2160 revertitur.
2882 2106 3206 2162 Liutharius
3255 2113 3478 2177 autem,
3513 2117 3576 2166 et
3616 2130 3751 2169 cum

2133 2208 2201 2246 eo
2250 2193 2498 2248 Alfricus
2550 2194 2761 2260 senior,
2804 2194 3085 2267 milesque
3143 2197 3370 2252 comitis
3425 2200 3750 2256 Ekkihardi

2129 2281 2490 2336 Thietmarus
2519 2282 3339 2353 proﬁciscentes,voluntatem
3358 2304 3591 2358 sponsae
3613 2306 3747 2360 per-

2134 2371 2387 2442 quirunt,
2421 2388 2593 2442 seque
2626 2371 2841 2426 ibidem
2875 2376 3012 2427 tunc
3050 2389 3291 2429 manere
3329 2377 3507 2431 malle
3563 2395 3744 2450 quam

2131 2458 2360 2527 reverti,
2392 2460 2526 2514 satis
2550 2460 2689 2514 certi
2723 2460 2794 2515 ab
2825 2461 3030 2515 eadem
3062 2462 3273 2528 eﬂ‘ecti,
3295 2464 3530 2520 domnae
3562 2467 3743 2522 abba-

2129 2548 2279 2602 tissae
2301 2557 2370 2590 αδδ
2392 2548 2724 2620 caeterisque
2743 2550 2866 2604 haec
2894 2567 3169 2622 responsa
3188 2552 3561 2609 intimabant.
3590 2555 3742 2610 Con-

2129 2636 2337 2691 sulenti
2364 2640 2500 2691 tunc
2528 2638 2599 2691 de
2628 2637 2833 2692 talibus
2861 2638 3142 2710 primates
3168 2641 3499 2709 abbatissae,
3519 2643 3741 2700 dictum

2131 2729 2214 2779 est
2242 2725 2313 2779 ab
2338 2725 2446 2791 his,
2474 2725 2630 2797 quod
2659 2725 2763 2779 sibi
2793 2725 3085 2781 videretur
3115 2728 3423 2798 optimum,
3454 2730 3516 2785 in
3545 2732 3738 2804 Maga-

2129 2812 2352 2884 daburg
2380 2812 2505 2867 fieri
2535 2816 2910 2882 conventum,
2934 2814 3043 2868 huc
3062 2831 3340 2886 sponsum
3370 2834 3503 2873 cum
3535 2824 3736 2875 conte-

2127 2902 2257 2957 ctali
2277 2903 2492 2968 venire,
2515 2900 2879 2956 auxiliatores
2904 2912 3136 2975 quoque
3161 2921 3368 2960 omnes
3398 2911 3498 2962 aut
3527 2925 3588 2962 se
3608 2925 3738 2964 reos

2125 2989 2200 3044 ibi
2227 2993 2580 3058 presentare,
2604 2992 2704 3043 aut
2719 2989 3026 3044 damnatos
3051 2991 3491 3066 fugere.Sicque
3519 2996 3736 3051 factum

2124 3081 2209 3132 est
2228 3079 2338 3151 (an.
2359 3077 2854 3151 999).Conﬂuente
2885 3079 3142 3134 maxima
3171 3080 3306 3136 illuc
3335 3085 3733 3152 multitudine,

414 3183 518 3224 suo
541 3168 813 3223 daturum
837 3167 896 3222 in
919 3183 1180 3236 uxorem,
1207 3184 1370 3223 more
1392 3183 1493 3222 suo
1522 3170 1581 3222 et
1589 3167 1720 3238 jure
1741 3167 2021 3239 presenti-
2050 3167 2100 3229 C
2124 3166 2497 3222 Wirinharius
2526 3181 2659 3221 cum
2682 3165 2794 3221 suis
2826 3167 3298 3240 coeperatoribus
3323 3171 3493 3227 nudis
3505 3174 3737 3244 provol-

414 3257 520 3313 bus
539 3258 758 3313 cunctis
777 3257 1154 3328 optimatibus
1173 3256 1490 3312 afﬁrmans.
1518 3255 1625 3320 Qui
1651 3264 1722 3298 σιτ
1749 3273 1880 3311 cum
1902 3259 2020 3310 ter-

413 3347 502 3402 cio
523 3346 718 3402 Ottoni
745 3347 992 3401 multum
1015 3347 1286 3418 placeret,
1318 3350 1376 3401 et
1406 3345 1560 3416 apud
1586 3345 1838 3399 eundem
1869 3344 2021 3400 inter

413 3435 556 3490 alios
572 3435 852 3507 primates
882 3434 1199 3508 plurimum
1227 3435 1463 3502 valeret,
1489 3433 1680 3489 nescio
1708 3450 1822 3506 qua
1851 3449 2021 3488 causa

411 3525 775 3595 depravatus,
789 3527 1022 3596 pactum
1035 3524 1364 3579 ﬁrmissime
1379 3522 1694 3578 stabilitum
1709 3522 2018 3576 interrum-

413 3629 550 3686 pere
572 3629 748 3687 quam
770 3611 1022 3669 maxime
1041 3617 1304 3669 conatur.
1329 3611 1494 3677 Quod
1509 3627 1643 3666 mox
1661 3609 2018 3665 Liutharium

413 3718 533 3760 non
559 3703 746 3772 latuit,
778 3707 836 3758 et
859 3705 922 3756 ut
949 3703 1057 3757 hoc
1083 3719 1156 3758 ne
1187 3702 1374 3768 fieret,
1403 3700 1575 3756 anxia
1602 3703 1800 3754 mente
1830 3698 2019 3752 volve-

414 3793 894 3865 batJmperatore
910 3795 968 3846 et
989 3790 1319 3846 Ekkihardo
1336 3789 1552 3861 pariter
1572 3791 1709 3842 tunc
1730 3787 1790 3841 in
1813 3787 2020 3841 Roma-

415 3880 514 3935 nia
548 3883 950 3936 commorante
999 3880 1110 3950 (an.
1144 3880 1289 3947 998),
1323 3876 1632 3931 commissa
1687 3879 1813 3930 erat
1848 3875 2018 3947 regni

413 3969 576 4024 istius
604 3984 743 4024 cura
766 3966 1080 4022 venerabili
1107 3965 1406 4020 abbatissa:
1422 3964 1699 4031 Mathildi,
1715 3965 1786 4020 de
1812 3981 1926 4037 qua
1946 3972 2018 4006 θη

415 4057 673 4127 superius
705 4055 1049 4122 memoravi,
1101 4054 1159 4109 in
1203 4053 1363 4124 cujus
1396 4053 1624 4108 civitate
1659 4053 2019 4126 Quidilinga-

415 4146 564 4215 burg
583 4153 653 4186 οη
683 4146 1015 4214 nuncupata
1043 4144 1236 4214 puella
1260 4143 1382 4198 haec
1412 4143 1782 4198 educabatur.
1797 4143 1886 4198 Fit
1911 4160 2020 4214 pu-

412 4232 595 4287 blicus
611 4231 670 4288 in
688 4231 1018 4304 Darniburg
1042 4232 1190 4304 (531)
1217 4232 1518 4287 abbatissae
1538 4232 1823 4305 totiusque
1851 4248 2020 4287 sena-

409 4325 504 4376 tus
533 4322 592 4377 in
645 4337 827 4377 unum
881 4324 1212 4377 conventus.
1241 4321 1479 4376 Interim
1521 4321 1914 4389 Wirinharius,
1957 4325 2020 4376 ut

411 4413 681 4481 arbitror,
709 4429 828 4468 non
857 4411 1096 4467 consilio
1127 4411 1326 4483 patris,
1347 4411 1447 4466 sed
1473 4427 1673 4467 amore
1700 4411 1946 4482 virginis
1961 4414 2020 4466 et

408 4501 485 4558 ob
498 4505 720 4558 metum
754 4501 1043 4557 manifesti
1059 4509 1130 4544 ⁸⁸0
1147 4500 1615 4573 ἀθάθοοινίε,;οιιιη
1628 4499 2013 4555 confratribus

2120 3254 2270 3309 vitur
2280 3255 2540 3325 pedibus,
2557 3272 2795 3310 uxorem
2811 3256 3021 3311 reddit.
3040 3257 3281 3313 Veniam
3300 3259 3372 3314 de
3385 3261 3734 3316 commissis-

2119 3344 2226 3400 sibi
2246 3345 2474 3416 suisque
2505 3343 2711 3399 auxilio
2740 3345 3070 3419 principum
3113 3356 3183 3390 σει
3214 3350 3504 3420 promissa
3533 3367 3733 3406 emen-

2121 3432 2353 3488 datione
2409 3433 2748 3505 promeruit.
2800 3434 2914 3490 Sed
2967 3437 3310 3492 venerabilis
3339 3437 3402 3494 in
3459 3440 3729 3496 omnibus

2119 3521 2397 3576 Mahtildis
2409 3522 2571 3578 ﬁnito
2589 3522 2872 3594 colloquio
2894 3522 3238 3579 Liuderdam
3251 3534 3323 3568 ³⁸⁵
3337 3543 3537 3582 secum
3553 3529 3730 3596 duxit,

2120 3626 2238 3665 non
2269 3627 2375 3681 pro
2402 3611 2748 3680 retentione,
2771 3611 2872 3667 sed
2896 3628 3001 3684 pro
3022 3613 3249 3669 timoris
3273 3623 3347 3658 ⁸⁸⁸
3367 3617 3572 3689 magni
3592 3633 3728 3672 con-

2119 3697 2473 3754 firmatione.

2189 3793 2243 3844 2.
2275 3788 2340 3860 (f.
2360 3791 2450 3860 65)
2483 3789 2654 3844 Bonae
2683 3793 2880 3844 autem
2911 3798 2981 3832 6⁵⁷
3012 3790 3226 3847 suimet
3251 3794 3568 3850 voluntatis
3596 3811 3732 3867 pro-

2120 3877 2370 3948 positum
2399 3880 2680 3948 preventu
2719 3877 3032 3934 subitaneaa
3079 3881 3283 3936 mortis
3336 3882 3730 3955 interruptum

2119 3969 2224 4021 est.
2238 3967 2498 4038 Namque
2519 3969 2650 4038 post
2668 3983 2882 4039 paucos
2908 3968 3052 4036 dies,
3073 3986 3204 4024 cum
3227 3970 3354 4026 haec
3379 3971 3456 4026 ad
3485 3974 3678 4028 locum
3698 3991 3731 4029 a

2119 4055 2238 4110 Deo
2259 4053 2364 4109 sibi
2385 4057 2656 4126 paratum
2680 4054 2920 4122 veniret,
2943 4057 3221 4113 continuo
3248 4058 3572 4127 infirmata,
3597 4063 3729 4117 Ber-

2119 4143 2419 4198 nwardum
2450 4151 2541 4210 658,
2574 4146 2787 4198 sanctae
2815 4143 3335 4201 Hillinessemensis
3358 4155 3435 4190 σεο
3459 4151 3727 4204 aecclesia

2120 4235 2256 4286 tunc
2303 4236 2618 4302 pastorem,
2649 4233 2886 4299 vocavit,
2919 4236 2978 4286 et
3032 4236 3266 4306 accepta
3313 4235 3384 4289 ab
3435 4253 3504 4291 eo
3555 4254 3727 4308 quam

2118 4320 2423 4391 postulavit
2451 4319 2832 4391 indulgentia,
2861 4322 2892 4375 8
2925 4320 3057 4375 ldus
3099 4321 3392 4377 Februarii
3423 4325 3724 4380 hominem

2118 4409 2273 4464 exuit
2297 4409 2634 4464 interiorem
2659 4417 2752 4477 66°,
2779 4410 3114 4481 sepultaque
3149 4413 3236 4466 est
3278 4412 3340 4466 in
3368 4414 3628 4469 aecclesia
3657 4414 3726 4469 ad

2117 4501 2290 4570 caput
2318 4496 2406 4552 avi
2445 4497 2656 4553 suimet
2698 4497 2849 4569 regis
2879 4497 3128 4553 Heinrici
3160 4499 3334 4572 (532).
3363 4501 3482 4557 Hoc
3525 4503 3724 4558 funere

1714 4625 1943 4679 VARUE
2002 4622 2400 4680 LECTIONES.

477 4723 547 4758 ⁸³³
605 4718 681 4770 ita
736 4719 815 4770 lc.
874 4714 1086 4769 benata
1142 4717 1226 4771 la.
1338 4722 1408 4786 099
1464 4711 1737 4786 legimus:
1790 4713 1965 4786 valde
2020 4713 2160 4768 mali
2214 4728 2409 4786 mores
2452 4713 2776 4786 ideturpant
2812 4711 3137 4786 _nobiliores
3188 4716 3242 4770 2.
3320 4722 3393 4756 σω
3445 4715 3466 4769 i
3519 4733 3721 4770 erasnm

409 4790 458 4842 1.
533 4795 602 4830 σιι
645 4785 869 4843 Ottonis
897 4786 1024 4840 add.
1065 4789 1140 4840 lc.
1198 4793 1288 4857 rm
1339 4785 1410 4840 de
1461 4783 1749 4857 Lvhiburg
1792 4785 1922 4841 add.
1979 4788 2057 4839 lc.
2135 4792 2206 4826 σω
2239 4785 2314 4838 ita
2346 4785 2595 4857 _videtur__
2636 4783 2941 4853 legendum.
2999 4789 3419 4857 superaregia.
3477 4803 3530 4842 c.
3585 4805 3638 4843 v.
3679 4787 3718 4842 f.

403 4863 568 4928 esset,
603 4873 657 4930 'a.
689 4876 741 4930 v.
768 4872 1040 4930 superare
1073 4856 1362 4930 nitebatur
1396 4860 1471 4910 lc.
1506 4873 1640 4930 c._v_.
1674 4853 1898 4930 f.'_esset
1926 4873 1980 4912 a.
2010 4873 2062 4912 v.
2097 4854 2508 4930 superavitAA.
2549 4853 2613 4930 θ’.
2638 4925 2650 4930 _
2690 4864 2761 4930 ψ
2788 4853 3126 4930 matronam
3155 4858 3230 4930 Αἶ
3259 4853 3340 4930 _S.
3388 4857 3427 4911 ι.
3451 4857 3524 4930 _l.
3569 4866 3715 4930 recte.

402 4938 473 4972 “5
498 4925 938 4985 uuurinhari‘hm
970 4934 1029 4982 ut
1057 4928 1267 4983 videtur
1301 4931 1383 4981 ia.
1414 4927 1850 4982 uuerinharium
1879 4931 1957 4982 lc.
2034 4935 2106 4970 διδ
2137 4925 2224 4982 Ila
2261 4927 2340 4998 Α.
2362 4925 2447 4998 ης.
2484 4927 2520 4980 Ζ.
2569 4926 2604 4980 ι.
2637 4925 2832 4998 lateris
2864 4927 2915 4985 l.
2992 4934 3060 4968 δεῖ
3091 4926 3108 4980 i
3134 4943 3164 4981 e
3193 4926 3562 4998 (kkibapdus)
3595 4929 3716 4984 αάά,

404 5005 483 5056 lc.
561 5010 774 5074 mAquo
810 5003 1006 5074 LLW
1033 4998 1462 5074 quidi_li_ngabur
1495 5001 1544 5052 1.
1621 5006 1692 5040 σιο
1719 4998 2014 5074 manifesti
2043 5002 2100 5074 1.Δ
2169 5006 2239 5074 θξι
2264 4997 2512 5074 add_._l_b.
2591 5005 2662 5038 ⁸⁵³
2679 4996 2759 5074 illi
2778 5014 2916 5052 corr.
2941 4998 3038 5052 ulli
3074 5001 3140 5074 l._
3204 4996 3307 5074 ’σεξ
3340 4999 3603 5074 abbatise
3637 5004 3715 5057 la.

399 5081 470 5115 συί
500 5074 576 5128 ita
604 5068 700 5129 ib.-
765 5078 836 5114 ⁸⁵⁸
864 5069 961 5127 Sic
988 5068 1156 5141 1.]υνο
1185 5068 1554 5142 Liukerdam.
1631 5077 1703 5111 ⁸⁵⁸
1735 5069 1952 5142 amoris
1979 5073 2030 5124 2.
2061 5069 2139 5124 Α.
2169 5069 2232 5125 S.
2272 5085 2324 5124 a.
2362 5071 2486 5142 999.
2563 5075 2633 5109 057
2661 5072 2855 5142 autem
2886 5083 3096 5124 erasum
3119 5071 3174 5122 in
3203 5068 3326 5125 cod.
3357 5073 3376 5124 1
3402 5088 3416 5136 ;
3450 5080 3715 5142 exstatap.

467 5145 545 5202 A.
574 5144 639 5202 S.
717 5151 788 5186 οη
809 5159 868 5198 n.
903 5139 1112 5198 erasnm
1146 5145 1195 5196 1.
1273 5148 1344 5182 “9
1371 5140 1881 5196 hillinessemensis
1914 5145 2000 5195 la.
2039 5142 2248 5212 sepius.
2327 5148 2397 5181 σεο
2435 5139 2602 5209 Lege:
2644 5139 3009 5198 exteriorem.

1924 5265 2152 5326 NOTIE.

2091 5373 2312 5430 duobus
2336 5373 2508 5428 leucis
2530 5390 2564 5428 a
2595 5373 2993 5444 Quedlinburg
3013 5371 3251 5427 distans.
3286 5373 3428 5430 Uns.

2159 5449 2307 5515 (532)
2339 5445 2502 5500 Conf.
2551 5447 2702 5500 Ann.
2734 5445 3065 5511 Quedlinb.,
3097 5460 3130 5498 a
3160 5447 3286 5510 999,
3323 5445 3420 5499 ubi
3463 5444 3584 5500 dies
3615 5447 3698 5500 ta-

2089 5533 2223 5572 men
2251 5516 2584 5572 emortualis
2613 5517 2893 5571 Mathildis
2925 5516 3132 5570 dicitur
3162 5515 3335 5570 fuisse
3368 5531 3444 5571 vn
3475 5517 3558 5572 ld.
3597 5517 3693 5571 Fe-

2082 5588 2320 5644 bruarii.
2356 5590 2441 5647 Ita
2469 5592 2526 5660 et
2553 5588 2778 5660 Necrol.
2812 5586 3166 5660 Luneburg.;
3197 5602 3252 5644 vr
3273 5586 3358 5646 Id.
3393 5587 3561 5646 Febr.
3592 5589 3691 5645 ha-

2085 5660 2186 5717 bet
2210 5660 2438 5720 Necrol.
2470 5658 2634 5716 Fuld.

485 5377 608 5439 529)
637 5373 776 5447 Filia
807 5373 913 5447 fuit
941 5375 1278 5447 llerimanni
1308 5375 1533 5447 Billung
1562 5374 1738 5430 ducis.

430 5445 776 5524 _(530)__Fi_l_ia
803 5446 912 5500 fuit
957 5445 1316 5507 Werinharii.
1347 5445 1776 5503 Conf.‘Meibom
1807 5447 1988 5502 Chro-

384 5516 555 5569 nicon
591 5516 867 5571 Walbecc.

452 5588 604 5660 $531)
631 5588 988 5660 l_)_enenburg,
1029 5588 1372 5660 oppidulum
1420 5589 1494 5644 ad
1523 5590 1583 5644 ﬂ.
1618 5590 1976 5658 Holtemme,

383 5653 553 5709 urbes
563 5653 1022 5715 Halberstadiiim
1036 5653 1094 5714 e't.
1107 5653 1585 5732 Wernigerodam
1601 5653 1970 5733 interiacens,
