3892 6214
129 513 153 567 1
165 507 269 566 2G5

1403 501 1822 562 CHRONICON.
1853 535 1921 546 —
1950 504 2076 562 LIB.
2110 502 2206 562 Ν.

3313 516 3334 573 Ι
3347 513 3452 574 266

136 625 461 702 inperatrix
487 624 866 684 Ethelheidis
881 632 949 668 αι
969 627 1158 680 mater
1177 623 1435 694 ejusdem
1449 639 1620 697 supra
1631 640 1752 680 mo-
1772 628 1827 688 Α
1849 624 2025 698 pitur.
2063 625 2326 681 Decursis
2351 628 2489 684 tunc
2518 627 2724 685 Milcini
2751 630 3038 700 terminis,
3067 631 3201 688 huic
3227 632 3300 690 ad
3329 634 3456 691 Die-

137 721 280 776 dum
295 717 553 783 turbata,
571 717 643 770 ad
667 716 1082 786 imperatorem
1107 713 1373 768 nuntium
1395 713 1670 785 misit,qui
1691 716 1750 769 et

133 808 361 863 obitum
407 805 532 876 ejus
589 804 721 859 huic
775 804 1160 858 innotesceret
1189 810 1281 868 σοι,
1315 805 1372 856 et
1410 802 1744 873 equivocam

135 912 303 952 suam
331 909 595 950 sororem
629 894 752 965 ejus
779 891 909 947 huic
939 891 1243 946 succedere
1272 891 1606 962 postularet.
1643 890 1745 945 Ce-

135 1001 234 1040 sar
269 984 378 1059 piis
399 997 693 1040 assensum
713 981 961 1052 prebens
983 978 1299 1045 desideriis,
1322 979 1512 1033 amitae
1534 979 1747 1034 suimet

137 1089 354 1129 necem
376 1071 639 1139 deﬂet,et
653 1071 956 1126 abbaciam
971 1069 1190 1124 dilecta:
1214 1066 1424 1124 suimet
1449 1083 1742 1139 germanae

131 1178 242 1237 per
267 1159 603 1217 Becelinum
633 1158 976 1230 portitorem
1007 1165 1078 1199 σοι
1117 1158 1263 1227 (533)
1304 1156 1465 1228 virga
1501 1173 1535 1210 a
1570 1156 1742 1227 longe

129 1248 434 1306 commisit
464 1264 658 1313 aurea,
689 1251 747 1301 et
779 1249 844 1300 ut
872 1245 944 1300 ab
993 1244 1260 1316 episcopo
1306 1243 1746 1299 benediceretur

129 1339 406 1400 Arnulfo,
427 1336 709 1410 precepit.
727 1334 1102 1390 Ethelheidis
1124 1342 1194 1376 σοι
1214 1336 1408 1388 autem
1428 1332 1744 1405 inperatrix

129 1429 372 1494 urbem,
406 1441 534 1499 quas
565 1425 726 1480 Celsa
751 1423 895 1495 (534)
923 1425 1178 1489 vocatur,
1203 1421 1434 1476 interim
1467 1430 1539 1464 θοι
1582 1421 1744 1477 edifi-

128 1533 302 1582 cans,
333 1514 584 1570 collectis
613 1511 830 1568 ibidem
856 1510 1176 1576 monachis,
1209 1509 1591 1581 omnibusque
1621 1525 1746 1582 per-

127 1604 327 1669 fectis,
358 1603 417 1657 in
458 1602 666 1657 eodem
708 1615 862 1654 anno
912 1600 976 1654 16
1021 1600 1144 1653 Kal.
1189 1597 1441 1652 Januarii
1486 1598 1744 1668 gaudens

128 1691 413 1766 appeciit,
443 1690 514 1745 de
538 1688 743 1762 quibus
763 1690 890 1742 orta
913 1685 1022 1742 fuit
1041 1688 1192 1758 (535)
1216 1703 1230 1754 ;
1264 1687 1424 1757 cujus
1448 1685 1602 1740 ﬁdeli
1631 1702 1745 1740 ser-

125 1782 274 1838 vitio
289 1781 449 1852 justa
475 1793 924 1849 recompensans
949 1776 1170 1848 premia
1198 1778 1366 1842 Deus,
1382 1776 1455 1829 ad
1478 1775 1742 1829 tumbam

129 1871 260 1942 ejus
289 1869 542 1942 plurima
560 1868 734 1923 hodie
755 1869 1027 1938 operatur
1038 1865 1498 1936 miracula.Papa
1514 1877 1743 1935 quoque

1770 1917 1822 1979 B

1850 713 2015 769 desisi
2043 732 2253 787 pagum
2276 717 2422 788 (538)
2442 717 2629 789 primo
2652 718 2901 775 venienti
2923 722 3231 778 Bolizlavus
3253 753 3327 765 -
3354 723 3453 796 qui

1849 803 2039 874 major
2063 805 2184 858 laus
2207 820 2324 859 non
2348 805 2579 874 merito,
2601 807 2701 862 sed
2726 824 2888 864 more
2915 810 3452 885 antiquointerpre-

1844 893 2296 962 tatur—parato
2342 895 2399 948 in
2444 895 2591 965 loco,
2621 895 2718 966 qui
2749 897 2868 952 llua
2911 899 3055 970 (539)
3077 899 3305 969 dicitur,
3337 901 3454 956 sui-

1844 981 1965 1033 met
1993 979 2272 1053 hospicio,
2291 982 2353 1042 (f.
2393 982 2485 1048 66)
2512 984 2760 1038 multum
2784 984 2979 1041 hilaris
3007 989 3276 1044 occurrit.
3299 989 3450 1055 Qua-

1843 1067 1975 1122 liter
2013 1071 2208 1123 autem
2240 1085 2404 1124 cesar
2434 1070 2506 1125 ab
2537 1059 2745 1125 eodem
2783 1075 2920 1127 tunc
2968 1075 3369 1148 susciperetur,
3394 1080 3454 1134 et

1844 1171 1948 1227 per
1977 1172 2082 1211 sua
2111 1173 2290 1229 usque
2337 1159 2410 1212 ad
2455 1158 2664 1213 Gnesin
2714 1167 2784 1202 667
2840 1161 3239 1233 deduceretur,
3296 1165 3452 1222 dictu

1845 1243 2186 1299 incredibile
2217 1260 2281 1299 ac
2315 1244 2609 1301 ineffabile
2639 1249 2725 1301 est
2757 1248 2923 1320 (540).
2955 1249 3164 1307 Videns
3202 1270 3236 1308 a
3277 1253 3451 1326 longe

1846 1331 2049 1386 urbem
2071 1332 2480 1400 desideratam,
2495 1334 2664 1389 nudis
2676 1335 2918 1407 pedibus
2938 1339 3271 1411 suppliciter
3281 1342 3451 1397 adve-

1845 1421 1952 1487 nit,
1969 1423 2027 1474 et
2052 1422 2124 1477 ab
2145 1421 2412 1493 episcopo
2435 1423 2694 1493 ejusdem
2709 1433 2780 1466 σου
2797 1425 3026 1498 Ungero
3046 1429 3453 1486 venerabiliter

1845 1513 2157 1581 susceptus,
2190 1511 2508 1566 escclesiam
2545 1512 2952 1582 introducitur,
3006 1519 3064 1570 et
3113 1517 3187 1571 ad
3244 1517 3452 1573 Christi

1845 1598 2096 1670 gratiam
2116 1597 2222 1653 sibi
2237 1599 2645 1672 inpetrandam
2661 1603 2930 1675 martyris
2946 1603 3156 1660 Christi
3176 1604 3450 1662 interces-

1842 1685 1925 1740 sio
1957 1685 2204 1757 profusis
2229 1687 2481 1742 lacrimis
2512 1687 2804 1748 invitatur.
2835 1691 2947 1746 Nec
2985 1692 3161 1760 Mora,
3193 1693 3330 1749 fecit
3371 1694 3451 1750 ibi

1844 1773 2422 1844 archiepiscopatum,
2449 1779 2512 1830 ut
2534 1793 2698 1848 spero
2727 1779 3010 1850 legitime,
3032 1780 3156 1836 sine
3172 1798 3454 1840 consensu

1843 1864 2040 1918 tamen
2073 1863 2282 1934 prefati
2331 1863 2596 1936 presulis,
2643 1868 2802 1937 cujus
2845 1868 3055 1924 diocesi
3095 1871 3286 1926 omnis
3329 1873 3453 1929 haec

127 1959 626 2030 Gregorius,bene
647 1955 932 2028 dispositis
955 1955 1154 2009 Romae
1185 1952 1472 2018 omnibus,
1496 1956 1530 2006 2
1553 1952 1742 2006 Nonas
1770 1951 1822 1979 ”
1845 1951 2008 2023 regio
2039 1951 2298 2022 subjecta
2329 1955 2414 2006 est
2440 1970 2454 2020 ;
2478 1953 2852 2010 committens
2900 1957 3154 2013 eundem
3207 1959 3452 2031 predicti

134 2046 441 2102 Februarii
467 2045 631 2112 obiit,
649 2044 924 2099 Gerberto
957 2042 1061 2098 sibi
1102 2058 1236 2096 mox
1267 2041 1606 2096 succedente
1646 2047 1738 2092 θαι.

202 2137 297 2190 28.
335 2136 470 2189 Post
497 2135 620 2188 haec
651 2133 970 2204 imperator
1015 2129 1315 2186 Gisilerum
1363 2127 1741 2200 archiepisco-

126 2239 301 2297 pum,
334 2239 403 2278 eo
435 2222 592 2295 quod
620 2221 763 2276 duas
802 2223 1029 2274 teneret
1068 2217 1390 2290 parochias,
1441 2216 1500 2270 in
1537 2216 1740 2271 sinodo

128 2327 413 2367 accusans
433 2311 717 2376 Romana,
726 2307 988 2380 judiciali
1015 2307 1070 2377 (f.
1104 2307 1207 2377 65')
1219 2323 1353 2362 eum
1366 2305 1653 2360 sententia
1669 2304 1740 2359 ab

128 2399 321 2456 ofﬂtio
351 2399 622 2470 suspendi
649 2414 713 2452 ac
743 2413 846 2468 per
869 2395 1258 2451 internuntios
1312 2394 1384 2449 ab
1426 2392 1741 2465 apostolico

128 2489 392 2545 eundem
420 2487 518 2542 illo
541 2487 728 2542 vocari
753 2486 1010 2557 precepit
1032 2485 1195 2554 (536).
1226 2482 1332 2548 Qui
1355 2486 1491 2537 tunc
1512 2479 1743 2554 paralisi

130 2594 461 2651 percussus,
493 2592 627 2632 cum
660 2576 771 2630 huc
799 2573 993 2629 venire
1027 2573 1311 2646 nequiret,
1346 2573 1743 2627 Rotmannum

127 2668 295 2722 misit
323 2665 618 2732 clericum,
647 2665 742 2737 qui
766 2664 1126 2735 juramento,
1158 2661 1205 2717 si
1233 2662 1399 2717 aliter
1414 2677 1531 2717 non
1547 2659 1743 2715 crede-

134 2758 326 2822 retur,
354 2771 414 2808 se
445 2757 758 2809 excusaret.
791 2751 950 2806 Datis
998 2753 1122 2805 tum
1165 2749 1407 2805 induciis
1456 2749 1740 2815 differtur,

127 2861 314 2918 usque
355 2844 494 2899 dum
523 2843 821 2915 inperator
847 2856 979 2894 cum
1010 2837 1586 2911 comprovincialibus
1623 2835 1743 2907 epi-

126 2933 321 3005 scopis
345 2932 458 2987 hoc
487 2931 770 2987 discutere
797 2928 1080 2985 valuisset.
1106 2930 1312 2985 Postea
1333 2943 1511 2994 cesar,
1535 2924 1747 2981 auditis

131 3020 529 3088 mirabilibus,
553 3036 681 3091 qua:
708 3035 810 3091 per
825 3019 1098 3073 dilectum
1122 3017 1227 3072 sibi
1249 3019 1569 3088 martyrem
1595 3018 1746 3073 Deus

126 3111 270 3166 fecit
293 3109 742 3171 lEthelbertum,
761 3105 1042 3162 orationis
1053 3105 1239 3177 gratia
1251 3121 1319 3160 eo
1340 3121 1582 3176 pergere
1595 3106 1746 3163 festi-

1845 2039 2116 2111 martyris
2146 2039 2309 2094 fratri
2361 2040 2606 2096 Radimo
2651 2049 2746 2111 σω,
2794 2041 3100 2116 eidemque
3143 2045 3453 2117 subjiciens

1845 2128 2266 2196 Reinbernum,
2297 2129 2469 2185 Salsee
2499 2130 2644 2202 (541)
2673 2131 3132 2204 Cholbergiensis
3180 2135 3450 2193 (ecclesias

1845 2217 2178 2290 episcopum
2191 2260 2204 2285 ,
2220 2219 2555 2291 Popponem
2582 2219 3001 2276 Cracuaensem
3015 2229 3108 2292 '70,
3121 2224 3448 2282 Iohannem

1842 2303 2681 2380 WrotizlaensemmNungero
2701 2310 3077 2366 Posnaniensi
3100 2319 3171 2354 στί
3192 2317 3450 2386 excepto;

1841 2393 2200 2465 factoqueibi
2225 2394 2413 2461 altari,
2430 2399 2654 2450 sanctas
2678 2396 2739 2451 in
2762 2413 2828 2451 eo
2851 2398 3167 2454 honoriﬁce
3189 2401 3450 2459 condidit

1844 2483 2136 2555 reliquias.
2164 2484 2439 2538 Perfectis
2460 2488 2595 2539 tunc
2617 2486 2907 2554 omnibus,
2932 2486 3252 2561 imperator
3272 2506 3306 2544 a
3327 2506 3453 2562 pre-

1842 2571 1963 2626 fato
1996 2571 2139 2626 duce
2168 2572 2398 2644 magnis
2439 2573 2794 2629 muneribus
2826 2575 3151 2645 decoratur,
3201 2589 3257 2632 et
3294 2579 3452 2651 quod

1846 2659 2098 2715 maxime
2114 2660 2220 2715 sibi
2237 2661 2749 2732 placuit,trecentis
2763 2663 3452 2740 militi_busloricatis(542)

1845 2750 2005 2804 Hunc
2020 2749 2332 2804 abeuntem
2350 2750 2657 2806 Bolizlavus
2671 2753 2949 2807 comitatu
2962 2770 3139 2826 usque
3170 2753 3244 2809 ad
3260 2754 3452 2826 Maga-

1847 2838 2072 2909 dahurg
2103 2838 2334 2893 deducit
2364 2839 2582 2911 egrejo,
2615 2840 2711 2895 ubi
2767 2842 3096 2914 palmarum
3148 2843 3454 2899 sollemnia

1847 2925 2076 2981 celebre
2106 2929 2341 2998 peracta
2367 2931 2516 2982 sunt.
2545 2928 2808 2984 Secunda
2826 2928 2970 2984 feria
2993 2929 3454 3004 archiepiscopus

1847 3013 2110 3084 ejusdem
2135 3013 2245 3069 loci
2276 3015 2642 3087 imperatoris
2672 3016 2864 3073 edictu
2886 3017 3143 3089 priorem
3163 3019 3450 3093 suscipere

1846 3101 2044 3156 sedem
2077 3106 2335 3174 rogatus,
2367 3104 2502 3158 data
2535 3103 2908 3160 internuntiis
2937 3123 3154 3178 magna
3183 3107 3451 3179 pecunia,

127 3198 313 3256 navit.
341 3197 456 3253 Sed
475 3211 610 3252 cum
639 3196 1012 3251 Ratisbonam
1039 3193 1280 3260 veniret,
1309 3210 1343 3248 a
1383 3194 1742 3265 Gebehardo,
1771 3213 1817 3272 ο
1844 3190 2104 3245 inducias
2124 3207 2299 3262 usque
2317 3191 2884 3265 adQuidilingeburg
2897 3194 2987 3249 vix
3010 3195 3456 3268 impetravit.Fit

129 3287 399 3359 ejusdem
429 3284 701 3340 ecclesiae
732 3283 1008 3350 antistite,
1030 3282 1340 3354 magniﬁco
1369 3283 1592 3338 honore
1623 3301 1743 3340 sus-

127 3380 334 3449 ceptus
360 3377 446 3430 est
473 3381 587 3439 (an.
626 3375 802 3442 1000),
836 3372 1242 3428 comitantibus
1279 3388 1472 3427 secum
1503 3373 1744 3430 Ziazone

124 3469 264 3520 tunc
286 3463 528 3536 patricio
573 3466 713 3533 (537)
745 3466 802 3517 et
831 3463 1123 3517 Robberto
1175 3461 1565 3517 oblacionario
1611 3478 1742 3517 cum

123 3553 540 3609 cardinalibus.
563 3553 756 3605 Nullus
776 3551 1097 3624 imperator
1117 3549 1327 3621 majori
1347 3567 1602 3622 unquam
1625 3552 1745 3622 glo-

122 3642 211 3697 ria
242 3659 279 3696 a
311 3642 500 3695 Roma
528 3639 824 3711 egreditur
845 3655 1033 3710 neque
1054 3637 1378 3693 revertitur.
1401 3639 1538 3692 Huic
1555 3638 1744 3692 Gisile-

118 3747 220 3785 rus
245 3729 483 3786 obviam
507 3744 776 3800 pergens,
797 3728 1047 3800 gratiam
1069 3728 1191 3798 ejus
1213 3727 1474 3799 quamvis
1493 3744 1610 3782 non
1642 3727 1738 3782 fir-

123 3834 290 3876 mam
310 3817 661 3892 promeruit,
679 3821 738 3872 et
759 3817 1086 3872 comitatur.
1114 3816 1286 3872 Cesar
1305 3818 1496 3870 autem
1521 3817 1594 3871 ad
1611 3815 1743 3871 Citi-

127 3923 371 3963 censem
431 3905 772 3978 perveniens
825 3907 1054 3967 urbem,
1093 3921 1126 3959 a
1179 3905 1430 3960 secundo
1476 3905 1738 3976 Hugone,

123 3997 395 4066 ejusdem
409 3994 561 4049 sedis
579 3994 858 4065 provisori
873 3993 1074 4060 tercio,
1095 3997 1156 4048 ut
1174 3995 1363 4049 decuit
1380 3993 1739 4065 imperatori,

123 4084 458 4156 suscipitur.
490 4082 826 4155 Deindeque
845 4087 1003 4138 recto
1026 4083 1234 4138 itinere
1255 4084 1595 4138 Misnensem
1613 4087 1740 4138 ten-

124 4174 273 4228 dens
293 4173 369 4227 ad
396 4171 713 4239 civitatem,
730 4188 764 4226 a
786 4171 1098 4226 venerabili
1122 4172 1336 4244 Egedo,
1363 4172 1531 4242 bujus
1545 4173 1741 4226 aaccle-

123 4262 222 4316 sia
247 4260 545 4333 episcopo,
571 4263 630 4314 et
654 4276 686 4314 a
708 4260 1042 4314 marchione
1079 4260 1430 4326 Ekkihardo,
1463 4260 1561 4332 qui
1591 4259 1746 4332 apud

123 4365 263 4404 eum
292 4348 448 4403 inter
474 4348 627 4419 preci
637 4364 781 4420 puos
801 4348 1146 4416 habebatur,
1170 4347 1590 4404 honorabiliter
1606 4347 1747 4402 acci-

1845 3279 1978 3334 illuc
2004 3295 2251 3352 magnus
2263 3282 2598 3335 senatorum
2615 3298 2944 3350 concursus;
2963 3283 3251 3353 paschalia
3267 3283 3452 3340 eciam

1844 3367 1924 3423 ibi
1954 3370 2314 3441 peraguntur
2330 3368 2541 3440 gaudia
2564 3397 2581 3435 ,-
2604 3372 2662 3424 et
2683 3369 2880 3424 habito
2903 3369 2962 3425 in
2990 3373 3023 3424 2
3052 3371 3199 3426 feria
3223 3371 3451 3441 sinodo,

1843 3455 2056 3511 iterum
2110 3457 2168 3527 (f.
2215 3457 2326 3528 66’)
2369 3456 2635 3512 Gisilerus
2673 3461 2929 3512 vocatur.
2978 3457 3072 3513 Hic
3112 3458 3452 3516 inﬁrmitate

1844 3561 2148 3616 oppressus
2168 3545 2375 3611 valida,
2399 3563 2433 3600 a
2449 3546 2706 3616 predicto
2721 3552 3023 3602 excusatur
3035 3548 3453 3613 Rotmanno,et

1841 3632 1903 3688 in
1937 3634 2134 3690 multis
2163 3652 2197 3690 a
2225 3633 2534 3691 Watherdo
2585 3639 2719 3691 tunc
2755 3635 3050 3709 preposito
3096 3635 3449 3692 defenditur.

1842 3723 2123 3780 Indicitur
2143 3724 2274 3780 huic
2289 3724 2592 3780 concilium
2619 3725 2676 3780 in
2700 3725 3154 3798 Aquisgranim,
3188 3743 3300 3798 quo
3331 3726 3452 3798 ipse

1841 3828 1972 3868 cum
1991 3813 2104 3868 suis
2126 3813 2382 3880 veniens,
2398 3813 2609 3869 iterum
2632 3815 2704 3870 ab
2731 3814 3141 3872 archidiacono
3172 3817 3451 3872 Romanae

1843 3901 1992 3956 sedis
2039 3903 2371 3974 alloquitur.
2411 3903 2516 3967 Qui
2547 3903 2793 3976 sapienti
2825 3904 3062 3960 consilio
3090 3922 3241 3973 usus,
3272 3921 3452 3978 gene-

1841 3993 1962 4046 rale
1984 3993 2089 4046 sibi
2108 3995 2360 4063 postulat
2399 3993 2521 4048 dari
2544 3994 2856 4049 concilium
2880 4013 2895 4064 ;
2923 3995 3117 4068 sicque
3139 3996 3452 4052 indiscussa

1845 4080 2020 4135 dilata
2036 4083 2310 4137 sunthaec
2341 4082 2560 4149 omnia,
2585 4101 2762 4156 usque
2782 4083 2921 4139 dum
2943 4085 3065 4140 hinc
3108 4087 3258 4141 Deus
3285 4084 3452 4142 finire

1845 4170 2116 4242 dignatus
2146 4174 2231 4226 est
2259 4173 2472 4227 nostris
2501 4173 2790 4244 propicius
2815 4175 3200 4247 temporibus.

1915 4263 2006 4315 29.
2036 4263 2362 4330 Imperator
2391 4261 2689 4333 antiquam
2725 4264 3122 4320 Romanorum
3146 4266 3451 4321 consuetu-

1847 4347 2044 4403 dinem
2059 4348 2186 4420 jam
2208 4364 2277 4402 ex
2298 4351 2460 4421 parte
2479 4366 2698 4422 magna
2717 4359 2786 4393 στι
2804 4351 3054 4407 deletam
3082 4352 3197 4408 suis
3221 4352 3456 4424 cupiens

1461 4467 1690 4522 VARIE
1736 4465 1906 4522 LECT
1911 4467 2026 4522 ION
2033 4465 2133 4522 ES.

200 4577 275 4611 θοι
301 4565 656 4623 aehelheidis
691 4568 773 4619 1a.
809 4563 1164 4620 adhelheidis
1198 4568 1275 4620 1c.

1387 4571 1458 4606 σω
1486 4567 1561 4620 ita
1593 4568 1670 4620 1c.
1703 4564 2003 4621 inuocaret
2041 4568 2127 4620 1a.
2161 4571 2230 4606 ⁸⁸³
2281 4581 2342 4636 p.
2393 4565 2453 4619 B.

2486 4581 2541 4636 p.
2577 4566 2706 4623 add.
2741 4567 2826 4625 1b.
2938 4576 3008 4610 σε(
3039 4569 3318 4626 aetheldis
3371 4573 3458 4626 1a.

127 4638 514 4718 aethelheidis
545 4637 615 4691 ib.
646 4635 1006 4718 adhelheidis
1025 4639 1102 4691 1c.
1164 4635 1388 4718 ffﬁgdd.
1415 4636 1503 4717 1b.
1549 4644 1628 4718 ϐω.
1651 4636 2211 4718 ρειρρτδυοςςᾷεξηὶρ
2231 4635 2550 4718 sci-21132111}.
2577 4640 2814 4718 ιἠρρᾳρἰο
2840 4655 3007 4718 vocuo
3021 4639 3198 4718 relicto
3212 4659 3245 4694 a
3263 4641 3458 4718 scriba:

127 4720 200 4754 se?
261 4709 496 4784 genesim
530 4723 682 4763 eraso
701 4710 884 4778 priore
921 4723 953 4760 c

1158 4714 1230 4748 068
1257 4707 1630 4762 Posnaniensi
1654 4707 1787 4760 add.
1826 4711 1876 4761 2.

1985 4715 2053 4748 σω
2084 4705 2247 4760 fratri
2277 4705 2373 4777 qui
2405 4711 2462 4761 et
2491 4705 2839 4764 Gaudentius
2865 4709 3019 4764 Ann.
3052 4708 3188 4765 Sax.
3222 4729 3275 4766 a.
3321 4713 3462 4765 1000

129 4791 202 4825 ατο
240 4777 460 4837 erasum
490 4787 567 4836 est
595 4784 643 4833 1.
704 4777 790 4820 ίοτι
824 4777 1304 4833 uuratizlaensem
1334 4782 1411 4833 1c.
1489 4786 1559 4821 οτι
1590 4795 1744 4850 posn:

1856 4794 2036 4832 msem
2070 4781 2154 4835 1a.
2231 4784 2302 4820 οτι
2332 4778 2626 4851 aqisgrani
2660 4785 2708 4836 1.
2786 4788 2855 4823 οτι
2886 4788 2978 4823 ⁸⁷⁵·
3003 4780 3127 4836 add.
3165 4781 3247 4836 lb.

1711 4875 1937 4932 ΝΟΤιΈ.

208 4976 360 5050 (533)
394 4975 605 5050 Comes
633 4975 942 5050 Becelinus
969 4973 1070 5050 (in
1091 4991 1240 5050 pago
1287 4973 1524 5050 Chutizi)
1553 4973 1770 5050 occurit
1789 4977 1842 5036 D
1869 4974 2125 5050 cabatur.

132 5045 446 5103 in'charta
476 5047 700 5102 Ottonis
729 5046 875 5116 imp.
912 5046 983 5101 de
1016 5048 1141 5117 991,
1171 5045 1329 5118 Sept.
1361 5048 1447 5113 18,
1478 5046 1630 5118 apud
1657 5045 1770 5099 Ho-

134 5121 230 5174 fer
262 5120 299 5173 l.
338 5120 376 5172 l.
416 5122 458 5171 t.
492 5120 532 5174 l.
567 5134 700 5242 pag.
726 5119 849 5199 531.

221 5191 378 5242 (534)
408 5188 538 5242 Selz
566 5206 621 5242 in
689 5189 849 5242 lsatia

138 5261 148 5271 .
221 5188 701 5271 (539921.299

137 5259 924 5400 'mg%5§)6§$§’”é'uégiinb..
957 5347 1009 5384 a.
1049 5331 1169 5383 999.

224 5397 371 5470 (536)
404 5401 547 5455 Vide
578 5403 791 5454 statuta
825 5399 994 5470 hujus
1024 5397 1251 5455 concilii
1284 5413 1440 5452 anno
1480 5399 1582 5454 998
1622 5399 1772 5452 cele-

137 5472 304 5549 brati
327 5472 492 5549 apud
529 5471 811 5549 d’Ac_hery
843 5470 1110 5542 Spicileg.
1143 5474 1181 5549 tl.
1218 5471 1261 5549 l,
1279 5485 1340 5549 p.
1375 5470 1498 5549 603.

710 5189 853 5242 satia
885 5187 1021 5242 data
1048 5186 1367 5241 Adelheida
1395 5187 1466 5241 ab
1494 5187 1702 5241 Ottone
1721 5187 1762 5240 Ι.
1845 5199 1858 5208 ·

1944 5046 2088 5119 (538)
2120 5048 2306 5119 Pagus
2335 5046 2487 5103 inter
2532 5046 2730 5103 ﬂuvios
2782 5045 3055 5115 Oderam,
3097 5045 3380 5104 Boberam
3411 5051 3470 5104 et

1867 5117 2171 5174 Katzbach.
2209 5117 2224 5119 ἡ

1937 5189 2079 5260 (539)
2111 5190 2328 5244 Halbau
2359 5189 2475 5260 sive
2507 5188 2663 5242 Eilau
2681 5189 2845 5260 juxta
2874 5190 3179 5244 Boberam.

1937 5258 2092 5338 (540)
2123 5261 2384 5338 Cl._Ann.
2421 5258 2753 5327 Quedlinb.,
2786 5275 2838 5315 a.
2865 5262 3023 5315 1000.
3064 5261 3248 5314 Vitam
3294 5258 3472 5315 Mein-

1873 5335 2039 5385 wcrci
2075 5345 2123 5385 c.
2165 5335 2249 5384 11.

1943 5401 2092 5469 (541)
2122 5401 2217 5454 An
2248 5400 2396 5455 mari
2424 5399 2626 5454 vicinas
2647 5401 2674 5456 ?
2701 5403 2762 5456 P.

1945 5470 2094 5541 (542)
2129 5470 2405 5545 Videntur
2431 5471 2601 5525 fuisse
2631 5471 2712 5526 illi
2745 5488 2888 5545 quos
2911 5471 3064 5528 infra
3103 5475 3159 5539 (1.
3190 5490 3268 5539 v1,
3301 5489 3352 5529 c.
3387 5476 3477 5542 55,

215 5539 385 5622 (538)
414 5544 617 5622 Zazgo,
644 5539 1688 5622 Romanorum'patricius,.laudigur
1716 5539 1774 5594 in
1874 5539 1972 5622 v11,
2023 5539 2087 5621 .c.’
2117 5543 2216 5608 41;
2271 5542 2479 5622 l.._v1_n,
2527 5558 2574 5600 c.
2628 5545 2714 5622 16)
2739 5539 2903 5622 v'ocat
2928 5545 3182 5616 hospites
3212 5545 3430 5622 S_l_avice
3463 5539 3478 5602 Ξ

147 5611 648 5702 ρδεηθςεψθέὲεξιξ
689 5611 920 5702 σερίξυεί
955 5611 1775 5702 aereaersessizaaoataee
1876 5611 2222 5702 eam
2243 5612 2462 5702 .ueata
2492 5630 2608 5702 ιξοη
2635 5617 2820 5702 ερὲξξεη
2849 5617 2918 5670 de
2937 5611 3361 5702 .me'rsstorihus
3387 5634 3485 5691 ρε-

145 5685 293 5811 imp.
335 5681 478 5738 data
497 5681 853 5754 Radespohaa
873 5699 926 5736 a.
953 5685 1168 5749 1000,ιι
1192 5681 1313 5736 Kal.
1338 5681 1608 5764 Februar.
1626 5683 1778 5752 apud
1879 5682 2263 5766 regrinis,sed
2292 5685 2468 5740 etiam
2496 5686 2566 5741 de
2591 5687 2886 5757 militibus,
2906 5689 3027 5744 sine
3050 5681 3484 5764 stipendioser-

149 5755 229 5811 tio
260 5771 326 5811 er
354 5757 400 5808 t.
432 5754 478 5811 l.
519 5770 573 5811 D.
616 5756 737 5808 157.
778 5753 943 5808 Conf.
975 5769 1148 5811 supra
1178 5769 1227 5811 c.
1259 5757 1314 5811 2.
1362 5753 1451 5808 ubi
1488 5753 1652 5808 Ciazo
1683 5771 1777 5810 vo-
1883 5756 2186 5811 vnentibus.
2220 5757 2432 5811 praedas
2458 5761 2684 5811 tantum
2723 5776 2824 5811 sne
2855 5760 3091 5811 allectis.
3125 5767 3128 5772 ‘

354 5757 400 5808 t.
432 5754 478 5820 Ι,
518 5770 573 5826 p.
616 5753 737 5808 157.
778 5753 943 5808 Conf.
975 5769 1148 5826 supra
1178 5769 1227 5812 c.
1259 5757 1314 5817 2,
1362 5753 1451 5808 ubi
1488 5753 1652 5808 Ciazo
1683 5771 1777 5810 vo-

1883 5755 2186 5826 vientibus,
2220 5757 2432 5833 praedae
2458 5761 2684 5815 tantum
2723 5776 2824 5834 spe
2855 5755 3091 5817 allectis.
3123 5755 3128 5772 ¹
