3892 6214
490 478 627 544 1261

489 615 773 662 renovare
801 595 1186 674 temporibus,
1217 595 1401 652 multa
1437 595 1703 662 faciebat,
1732 613 1859 669 que
1889 594 2092 652 diversi

490 691 712 748 diverse
736 688 1085 746 sentiebant.
1119 686 1282 742 Solus
1312 684 1386 740 ad
1437 701 1703 740 mensam
1729 685 1887 757 quasi
1919 685 2092 740 semi-

489 781 734 837 circulus
746 779 957 834 factam
975 777 1099 830 loco
1113 773 1334 828 ceteris
1349 781 1420 815 οτι
1435 773 1812 828 eminenciori
1831 774 2088 828 sedebat.

491 869 690 927 Karoli
713 865 918 923 cesaris
947 879 1093 930 ossa,
1117 861 1214 917 ubi
1245 861 1690 934 requiescerent,
1713 878 1843 916 cum
1867 861 2094 916 dubita-

491 961 603 1026 ret,
644 961 814 1029 rupto
861 955 1012 1010 clam
1059 949 1411 1024 pavimento,
1446 950 1542 1004 ubi
1593 967 1662 1005 ea
1701 967 1820 1004 esse
1851 949 2092 1022 putavit,

489 1048 691 1105 fodere
729 1059 1026 1118 quousque
1057 1043 1179 1097 hec
1209 1040 1267 1096 in
1301 1039 1442 1095 solio
1471 1039 1704 1095 inventa
1749 1043 1882 1094 sunt
1910 1041 2094 1111 regio,

483 1135 673 1207 jussit.
697 1134 938 1190 Crucem
955 1147 1217 1196 auream,
1242 1146 1370 1202 que
1393 1127 1452 1184 in
1479 1129 1622 1184 collo
1645 1129 1768 1199 ejus
1798 1128 2094 1200 pependit,

494 1240 626 1279 cum
645 1221 1121 1278 vestimentorum
1142 1221 1305 1289 parte
1328 1216 1514 1272 adhuc
1536 1216 1984 1288 imputribilium
2003 1234 2095 1271 su-

495 1313 899 1378 mens,cetera
911 1323 1041 1362 cum
1056 1305 1428 1360 veneratione
1443 1320 1657 1376 magna
1669 1304 2095 1375 reposuit(543).

493 1399 607 1454 Sed
633 1397 770 1470 quid
795 1411 1122 1452 memorem
1149 1393 1404 1465 singulos
1449 1393 1707 1464 ejusdem
1749 1409 2004 1446 accessus
2041 1394 2100 1446 et

494 1503 752 1544 recessus
788 1501 894 1557 per
925 1501 1132 1540 omnes
1148 1483 1359 1538 suimet
1386 1481 1746 1554 episcopatus
1775 1485 1832 1536 et
1855 1480 2096 1536 comita-

494 1579 585 1632 tus
605 1576 634 1631 ?
659 1577 850 1646 (Pavo.
889 1576 946 1629 in
967 1573 1182 1644 Symm.
1210 1589 1272 1638 ιι,
1298 1571 1446 1641 766.)
1469 1571 1697 1625 Cunctis
1717 1570 1869 1642 apud
1899 1571 2099 1624 Trans-

496 1663 724 1737 alpinos
748 1663 898 1718 bene
931 1660 1240 1732 dispositis,
1274 1659 1600 1714 Romanum
1632 1657 1892 1713 visitabat
1920 1657 2101 1730 impe-

495 1751 672 1820 rium,
698 1752 1119 1822 Romuleasque
1151 1748 1412 1820 pervenit
1441 1747 1516 1802 ad
1550 1763 1744 1815 arces;
1777 1746 1872 1801 ubi
1899 1747 1971 1802 ab
2000 1749 2096 1788 στι·

495 1839 809 1913 apostolico
849 1838 1188 1910 ceterisque
1213 1835 1569 1908 coepiscopis
1583 1834 1812 1907 magnis
1837 1835 2098 1890 laudibus

493 1927 819 2000 suscipitur.

565 2019 654 2073 30.
688 2018 823 2072 Post
857 2016 980 2071 hec
1027 2013 1142 2087 (an.
1212 2016 1366 2084 1001)
1418 2013 1746 2084 Gregorius,
1779 2011 1878 2085 qui
1917 2009 2096 2066 cesari

492 2105 658 2160 valde
707 2121 872 2160 carus
902 2107 1047 2168 erat,
1075 2103 1208 2158 dolo
1241 2119 1375 2158 eum
1406 2118 1612 2174 capere
1645 2101 1818 2168 nisus,
1847 2102 2096 2156 occultas

492 2193 773 2249 tendebat
798 2191 1055 2248 insidias.
1083 2191 1300 2255 Quibus
1328 2191 1580 2246 collectis
1612 2193 1669 2244 et
1700 2206 1766 2244 ex
1807 2188 2095 2260 inproviso

491 2282 761 2337 adversus
781 2297 913 2336 eum
921 2281 1046 2351 jam
1067 2278 1820 2350 insurgentibus,inperator
1835 2277 1906 2332 de
1929 2281 2098 2349 porta

490 2387 622 2426 cum
646 2369 841 2444 paucis
863 2369 1068 2436 evasit,
1092 2368 1347 2422 maxima
1367 2383 1604 2422 suorum
1643 2370 1872 2420 caterva
1911 2365 2096 2420 socio-

490 2475 624 2514 rum
658 2458 908 2525 inclusa;
951 2460 1010 2511 et
1037 2457 1239 2527 vulgus
1271 2471 1592 2527 numquam
1619 2454 1735 2508 suis
1757 2457 2097 2508 contentum

493 2545 744 2602 dominis
773 2546 995 2600 malum
1021 2543 1154 2599 huic
1197 2560 1300 2615 pro
1354 2542 1628 2598 inetl'abili
1683 2541 1893 2614 pietate
1934 2541 2100 2595 resti-

492 2632 606 2688 tuit
623 2635 796 2703 (544).
824 2632 1004 2687 Deinc
1021 2631 1226 2686 nuntio
1249 2631 1458 2686 suimet
1480 2646 1682 2685 omnes
1709 2645 1871 2684 cesar
1883 2629 1990 2684 sibi
2020 2629 2100 2683 fa-

492 2719 750 2775 miliares
777 2719 1086 2775 convenire
1117 2719 1250 2774 illuc
1274 2722 1442 2791 rogat
1465 2721 1524 2774 et
1551 2718 1830 2790 precepit,
1863 2717 2099 2772 deman-

494 2809 640 2864 daus
667 2807 906 2880 singulis
930 2807 1272 2880 quibusque,
1292 2808 1338 2862 si
1361 2822 1639 2880 umquam
1671 2807 1741 2861 de
1772 2807 1994 2861 honore
2014 2806 2099 2861 sui

491 2897 581 2952 vel
619 2896 1021 2952 incolumitate
1051 2899 1342 2963 curarent,
1367 2895 1443 2950 ad
1468 2894 1859 2950 ulciscendum
1877 2911 2012 2949 eum
2034 2911 2098 2950 ac

493 2984 741 3058 amplius
770 2984 1054 3039 tuendum
1070 2987 1293 3039 armato
1313 2984 1388 3039 ad
1413 3001 1470 3039 se
1490 2983 1670 3040 milite
1694 2987 2096 3055 properarent.

493 3073 742 3130 Romani
773 3075 991 3140 autem,
1026 3072 1378 3128 manifestati
1408 3076 1548 3128 tunc
1576 3072 1804 3128 sceleris
1833 3073 2000 3144 culpa
2027 3081 2098 3116 οτι

493 3161 916 3236 erubescentes,
951 3177 1125 3233 seque
1154 3160 1398 3216 invicem
1428 3177 1599 3234 supra
1624 3161 1866 3216 modum
1896 3160 2098 3216 redar-

495 3253 757 3322 guentes,
781 3265 978 3305 omnes
1007 3249 1254 3304 inclusos
1284 3249 1529 3304 emisere
1555 3265 1808 3316 securos,
1847 3249 2097 3321 gratiam

493 3337 860 3410 imperatoris
888 3341 946 3393 et
975 3353 1179 3410 pacem
1211 3338 1400 3394 modis
1449 3338 1719 3394 omnibus
1767 3338 2100 3409 suppliciter

495 3431 850 3500 expetentes.
909 3425 1062 3492 Quos
1101 3426 1449 3500 ubicumque
1490 3429 1577 3483 vel
1621 3427 1681 3482 in
1729 3427 1864 3499 ipsis
1900 3428 1985 3481 vel
2038 3426 2098 3482 in

496 3516 668 3572 rebus
697 3517 813 3572 suis
841 3531 1002 3572 cesar
1029 3517 1224 3572 ledere
1285 3516 1492 3588 potuit,
1541 3515 1728 3571 verbis
1777 3515 2099 3570 eorundem

493 3605 868 3660 mendacibus
893 3605 1182 3673 diffidens,
1209 3621 1418 3660 nocere
1451 3621 1567 3659 non
1602 3603 1864 3658 tardavit.
1889 3604 2101 3658 Omnes

495 3693 766 3766 regiones
790 3711 920 3767 que
959 3695 1253 3750 Romanos
1277 3696 1335 3748 et
1380 3692 1792 3764 Langobardos
1832 3691 2100 3763 respicie-

496 3781 659 3850 bant,
690 3800 806 3838 sue
834 3781 1231 3838 dominacioni
1261 3789 1331 3823 αττ
1349 3781 1598 3836 fideliter
1617 3779 1894 3848 subditas,
1919 3781 2104 3837 Roma

493 3871 702 3937 solum,
733 3887 910 3944 quam
949 3886 1052 3940 pre
1082 3869 1305 3925 ceteris
1338 3868 1618 3940 diligebat
1640 3884 1705 3922 ac
1744 3885 1975 3941 semper
2005 3887 2102 3926 ex-

492 3958 740 4026 colebat,
771 3960 1029 4029 excepta,
1060 3955 1348 4012 habebat.’
1367 3955 1760 4012 Conveniente
1792 3961 1917 4012 tum
1969 3975 2100 4015 cum

494 4045 1044 4112 Heriberto,sancte
1065 4053 1136 4087 στι
1162 4043 1458 4116 Agripine
1485 4045 1942 4120 archiepiscOpo,
1975 4049 2100 4120 plu-

493 4131 642 4186 rima
662 4131 921 4186 ﬁdelium
941 4133 1132 4199 turba,
1157 4133 1454 4206 inperator
1471 4135 1732 4203 letatur;
1762 4138 1820 4191 et
1841 4137 2102 4209 quamvis

492 4217 740 4274 exterius
769 4221 928 4274 vultu
964 4237 1195 4295 semper
1221 4222 1391 4278 hilari
1443 4239 1504 4279 se
1545 4223 1866 4292 simularet,
1896 4228 2097 4281 tamen

489 4307 858 4364 conscientie
885 4314 1103 4366 secreto
1126 4311 1379 4383 plurima
1399 4311 1788 4384 ingemiscens
1818 4313 2097 4380 facinora,

488 4395 670 4452 noctis
698 4396 930 4454 silentio
960 4398 1144 4471 vigilis
1191 4401 1672 4474 oracionibusque
1720 4403 1978 4470 intentis,
2016 4404 2097 4458 la-

485 4485 798 4543 crimarum
821 4504 1051 4560 quoque
1073 4488 1205 4544 rivis
1235 4490 1468 4545 abluere
1497 4507 1616 4546 non
1639 4490 1706 4556 (f.
1735 4495 1823 4558 67)
1855 4491 2094 4546 desistit.

485 4575 882 4647 Sepenumero
922 4593 1160 4634 omnem
1187 4578 1600 4647 ebdomadam,
1626 4582 1862 4651 excepta
1888 4585 1919 4635 5
1952 4581 2098 4636 feria

471 4664 709 4737 jejunus
760 4666 1102 4740 perducens,
1161 4667 1221 4722 in
1277 4667 1605 4724 elemosinis
1671 4669 1836 4724 valde
1902 4670 2096 4741 largus

477 4752 711 4813 exstitit.
727 4753 1322 4827 Appropinquantem
1352 4757 1476 4827 ejus
1501 4756 1726 4812 obitum
1755 4757 1938 4812 multa
1961 4773 2093 4829 pre-

1434 474 1806 533 ἸἮῙΕΤΜΑΒῙ
1840 472 2459 533 MERSEBURGENSIS
2497 473 2810 533 EPISCOPI

3643 480 3744 536 1288

2118 599 2172 658 Α
2201 613 2415 652 venere
2445 596 2782 670 importuna
2811 604 2902 650 ατο.
2923 595 3183 669 Namque
3210 595 3395 654 nostri
3419 597 3583 655 duces
3607 603 3746 657 etco-

2192 685 2382 751 mites,
2416 702 2533 740 non
2565 687 2687 742 sine
2707 685 3060 742 conscientia
3080 694 3152 728 “0
3176 686 3747 758 episcoporum,multa

2199 778 2400 829 contra
2429 791 2562 829 eum
2592 775 2922 847 conspirare
2946 774 3208 829 nituntur
3221 783 3315 840 σαι,
3345 775 3580 831 Heinriri
3605 778 3742 845 ducis,

2195 867 2393 934 postea
2421 863 2756 918 successoris
2781 863 2886 930 sui,
2921 864 2995 918 ad
3035 865 3144 919 hoc
3181 864 3458 918 auxilium
3501 868 3743 935 postulan-

2193 954 2296 1005 tes.
2335 951 2429 1006 Hic
2457 952 2661 1006 ultima
2687 952 2866 1022 patris
2895 952 3106 1006 suimet
3132 956 3190 1008 et
3218 952 3478 1024 equivoci
3507 961 3572 995 σοι
3599 955 3745 1010 moni-

2195 1043 2274 1106 ta,
2309 1039 2404 1110 qui
2449 1039 2508 1093 in
2535 1039 2899 1095 Gonneshem
2930 1049 3002 1083 ⁸8³
3030 1041 3174 1096 obiit
3213 1057 3280 1095 ac
3322 1041 3630 1112 requiescit,
3656 1060 3744 1098 me-

2197 1127 2344 1182 mori
2373 1145 2604 1183 servans
2624 1128 2681 1183 in
2707 1133 2959 1202 pectore,
2979 1133 3038 1184 et
3058 1130 3164 1184 sibi
3195 1130 3476 1184 hactenus
3498 1130 3550 1184 in
3574 1133 3744 1187 cunctis

2196 1215 2398 1281 fidelis,
2424 1217 2644 1271 nullum
2670 1217 2759 1273 his
2776 1217 3338 1290 prebuitassensum.
3362 1219 3643 1290 Inperator
3666 1221 3746 1274 hoc

2198 1304 2392 1358 statim
2439 1305 2806 1376 comperiens
2848 1309 2908 1360 et
2953 1305 3195 1377 patienti
3243 1306 3442 1362 ferens
3486 1306 3677 1374 animo,
3702 1309 3744 1363 in

2198 1393 2446 1447 Paterna
2478 1401 2547 1435 σει
2582 1394 2724 1449 urbe
2751 1394 3005 1466 pustellis
3025 1394 3309 1449 interiora
3326 1396 3686 1465 prementibus
3705 1400 3746 1450 et

2198 1479 2490 1536 interdum
2506 1482 2780 1552 paulatim
2803 1482 3241 1553 erumpentibus
3270 1483 3588 1538 infirmatur
3611 1483 3744 1553 (545).

2200 1567 2306 1632 Qui
2332 1569 2476 1624 facie
2507 1571 2694 1625 clarus
2721 1587 2786 1625 ac
2830 1570 2943 1625 ﬁde
2974 1570 3302 1641 precipuus,
3331 1573 3364 1623 9
3397 1571 3512 1625 Kal.
3547 1572 3744 1626 Februa-

2199 1656 2267 1710 rii
2294 1658 2438 1727 (546)
2469 1659 2716 1714 Romani
2747 1675 2964 1714 corona
2983 1658 3214 1730 imperii
3247 1657 3422 1713 exivit
3461 1659 3529 1713 ab
3557 1659 3650 1714 hoc
3681 1677 3745 1714 se-

2199 1747 2326 1801 culo
2361 1748 2468 1817 (an.
2515 1749 2692 1818 1002),
2720 1747 2834 1802 suis
2855 1747 3308 1820 insuperabilem
3328 1747 3635 1820 relinquens
3659 1765 3747 1802 me-

2197 1851 2415 1902 rorem,
2449 1835 2584 1906 quia
2615 1839 2878 1906 tempore
2910 1852 2978 1891 eo
3010 1852 3128 1890 non
3168 1836 3284 1891 fuit
3316 1837 3461 1891 ullus
3489 1836 3678 1907 largior
3698 1851 3744 1890 ac

2123 1921 2176 1981 B
2197 1937 2300 1986 per
2325 1924 2524 1978 omnia
2553 1924 2895 1979 clementior
2917 1924 3034 1979 illo.
3085 1923 3216 1978 Alfa
3264 1927 3324 1978 et
3372 1924 3415 1980 Ο
3445 1923 3621 1995 (Apoc.
3650 1941 3681 1990 ι,
3706 1925 3743 1992 8)

2196 2011 2537 2066 misereatur
2566 2028 2634 2067 eo
2663 2020 2756 2079 σει,
2782 2013 3041 2067 tribuens
3065 2028 3169 2084 pro
3201 2011 3395 2085 parvis
3425 2029 3639 2084 magna,
3667 2027 3744 2084 pro

2195 2101 2612 2172 temporalibus
2642 2101 3015 2172 sempiterna.

2269 2193 2354 2244 31.
2390 2189 2474 2244 Hii
2499 2195 2716 2258 autem,
2735 2191 2832 2262 qui
2863 2191 3138 2246 extremis
3163 2193 3292 2264 ejus
3320 2193 3638 2257 intererant,
3654 2191 3745 2245 hec

2197 2281 2319 2334 tam
2351 2279 2448 2333 diu
2503 2281 2788 2343 celebant,
2825 2282 3018 2352 quoad
3059 2283 3346 2337 exercitus
3384 2281 3616 2354 undique
3651 2284 3742 2334 tum

2199 2367 2488 2439 dispersus
2509 2385 2612 2440 per
2633 2369 3022 2424 internuntios
3041 2370 3436 2442 colligeretur.
3455 2373 3595 2426 Tunc
3613 2368 3744 2424 tristis

2200 2457 2369 2512 turba
2409 2457 2599 2512 dilecti
2653 2458 2898 2514 senioris
2950 2475 3157 2530 corpus
3205 2462 3503 2522 comitata,
3553 2475 3743 2530 magnas

2199 2545 2490 2601 bellorum
2522 2549 2858 2618 asperitates
2887 2553 2918 2602 7
2953 2549 3072 2604 dies
3093 2551 3375 2605 continue
3404 2565 3644 2621 perpessa
3665 2553 3741 2612 est;

2201 2635 2470 2705 nullaque
2501 2636 2820 2691 securitatis
2849 2637 3130 2693 certitudo
3153 2639 3228 2693 ab
3255 2639 3510 2694 hostibus
3533 2652 3742 2692 concessa

2199 2724 2306 2786 est,
2330 2721 2436 2781 nisi
2460 2726 2583 2776 tum
2608 2723 2926 2791 dumtaxat,
2951 2726 3183 2796 quando
3205 2726 3284 2781 ad
3333 2727 3562 2780 Bernam
3591 2740 3741 2796 perve-

2201 2808 2688 2865 niuntcivitatem.
2711 2811 2849 2866 Exin
2869 2828 3000 2866 cum
3025 2814 3097 2867 ad
3116 2814 3173 2884 (f.
3189 2816 3288 2880 68)
3312 2815 3595 2884 Pollinguu
3610 2809 3738 2880 (547),

2199 2901 2420 2952 curtem
2462 2898 2716 2970 Sigifridi
2757 2901 2997 2972 presulis
3033 2903 3391 2973 Augustane
3421 2903 3665 2965 venirent,
3689 2899 3738 2953 ah

2201 2985 2465 3043 Heinrico
2490 2988 2632 3042 duce
2659 2989 2925 3059 suscepti,
2948 2990 3200 3044 lacrimis
3217 2991 3478 3062 ejusdem
3497 2991 3740 3044 vehemen-

2199 3077 2288 3129 ter
2311 3075 2518 3130 iterum
2536 3076 2816 3132 commoti
2839 3081 2992 3135 sunt.
3018 3077 3170 3142 Quos
3185 3078 3536 3150 singulatim,
3558 3081 3609 3132 ut
3629 3092 3674 3129 se
3696 3074 3737 3128 in

2199 3164 2504 3218 dominum
2533 3164 2638 3218 sibi
2669 3169 2727 3219 et
2749 3181 2950 3237 regem
2991 3166 3207 3238 eligere
3251 3167 3566 3232 voluissent,
3593 3161 3738 3218 multis

2119 3262 2166 3326 ο
2198 3251 2680 3322 promissionibus
2699 3253 2981 3321 hortatur;
2998 3257 3281 3326 etcorpus
3294 3253 3632 3328 imperatoris
3641 3265 3737 3304 cum

2199 3343 2481 3410 apparatu
2494 3340 3015 3412 imperiali,lancea
3033 3342 3348 3398 dumtaxat
3367 3346 3737 3414 excepta,quam

2201 3425 2530 3482 Heribertus
2542 3429 2893 3501 archipresul
2917 3432 3066 3484 clam
3096 3433 3610 3502 premittens,suam
3628 3442 3739 3481 sum-

2199 3518 2312 3586 psit
2330 3525 2400 3558 m
2423 3515 2480 3570 in
2507 3518 3368 3592 potestatem.ArchiepiscOpus
3396 3523 3573 3575 autem
3597 3519 3738 3570 custo-

2202 3607 2297 3662 dia
2327 3622 2642 3679 parumper
2673 3606 2956 3673 detentus,
2989 3607 3190 3662 relicto
3222 3607 3308 3663 ibi
3339 3624 3441 3680 pro
3470 3600 3735 3661 vadimonio

2200 3696 2411 3750 suimet
2440 3695 2640 3758 fratre,
2673 3707 2814 3750 cum
2846 3695 3078 3751 licentia
3107 3695 3274 3762 abiit,
3304 3713 3370 3752 ac
3416 3711 3612 3750 sacram
3640 3705 3736 3744 m0!

2201 3785 2461 3838 lanceam
2490 3783 2730 3838 remisit.
2760 3785 2810 3838 ls
2839 3801 2969 3838 cum
3002 3784 3298 3852 omnibus,
3323 3785 3417 3858 qui
3436 3785 3536 3839 huc
3562 3782 3736 3852 inpera-

2202 3871 2342 3927 toris
2359 3873 2531 3927 funus
2557 3872 3208 3944 sequebantur,excepto
3231 3873 3484 3928 antistite
3507 3867 3738 3940 Sigifrido,

2203 3959 2330 4014 duci
2357 3962 2492 4014 tunc
2524 3975 2643 4015 non
2674 3959 3100 4026 consenciebat,
3123 3977 3317 4032 neque
3346 3959 3572 4017 omnino
3587 3965 3644 4000 “7
3667 3955 3738 4009 de-

2204 4049 2476 4120 negabat,
2506 4048 2607 4104 sed
2639 4065 2754 4120 quo
2782 4057 2853 4091 688
2880 4048 3087 4104 melior
3107 4052 3165 4104 et
3191 4050 3386 4120 major
3413 4045 3736 4120 populitocius

2201 4153 2333 4210 pars
2357 4155 2416 4192 se
2441 4137 2766 4203 inclinaret,
2781 4137 3029 4192 libenter
3049 4153 3419 4194 assensurum
3451 4132 3732 4208 pronuncia-

2198 4227 2316 4281 bat.
2349 4227 2470 4280 Dux
2491 4242 2626 4281 vero
2658 4243 2792 4281 cum
2823 4225 2912 4280 his
2939 4229 3340 4296 Augustanam
3379 4225 3637 4296 attingens
3662 4236 3736 4274 ur-

2197 4314 2353 4383 bem,
2383 4314 2572 4370 dilecti
2612 4315 2854 4370 senioris
2905 4313 3180 4369 intestina
3219 4315 3440 4370 duabus
3483 4307 3734 4384 lagunculis

2199 4403 2357 4476 prius
2376 4403 2685 4475 diligenter
2707 4402 2978 4474 reposita,
2997 4401 3057 4456 in
3083 4403 3339 4458 oratorio
3370 4401 3536 4457 sancti
3550 4394 3733 4472 presulis

2199 4492 2488 4558 Othelrici,
2511 4491 2666 4564 quod
2694 4491 3050 4546 inhonorem
3067 4490 3190 4560 eius
3217 4491 3517 4554 Liudullus,
3533 4485 3729 4558 ejusdem

2195 4580 2465 4635 ecclesie
2520 4579 2838 4651 episcopus,
2884 4578 3223 4645 construxit,
3271 4579 3329 4634 in
3371 4575 3582 4633 australi
3610 4573 3729 4645 parte

2196 4667 2536 4724 monasterii
2553 4672 2762 4722 sancte
2777 4667 3050 4739 martyris
3061 4666 3213 4721 Afre
3235 4683 3295 4722 se
3300 4669 3530 4738 pultare
3542 4665 3731 4717 honora-

2197 4755 2296 4812 bili
2327 4755 2589 4824 tradidit,
2616 4760 2675 4811 et
2713 4756 2785 4810 ob
2816 4755 3072 4810 annime
3103 4755 3428 4810 remedium
3451 4769 3555 4807 sue
3584 4750 3662 4804 100
3681 4753 3730 4788 ⁸³*

2118 4542 2170 4600 D

1795 4893 2022 4948 VARLE
2063 4891 2462 4949 LECTIONES.

465 5021 539 5058 στι
568 5015 806 5096 ceteris
828 5030 968 5096 corr.
999 5014 1202 5096 ceteris
1229 5017 1284 5096 _1_.
1318 5014 1412 5096 σξη·
1609 5032 1726 5071 υαν.
1755 5015 1873 5096 lect.
1899 5023 1992 5096 07f.
2047 5016 2321 5096 miculpa
2334 5031 2392 5069 se
2413 5019 2496 5070 1a.
2522 5014 2750 5096 culpam
2773 5014 2850 5096 A_.
2881 5014 2944 5070 S.
2966 5031 3026 5096 a.
3066 5013 3222 5096 1001.
3260 5020 3351 5096 _677
3383 5014 3455 5096 ita
3487 5001 3724 5096 1ξβ9ξξξς

465 5086 736 5143 nacihoni
778 5089 864 5144 1a.
898 5094 970 5129 ⁸⁷³
993 5085 1145 5142 sedis
1171 5085 1296 5141 add.
1331 5090 1408 5143 1c.
1457 5093 1528 5128 οπο
1557 5085 1913 5157 importunia
1944 5091 2029 5142 1a.
2087 5095 2159 5128 σεο
2189 5083 2265 5140 ita
2302 5089 2382 5140 1c.
2425 5083 2777 5141 conscientia
2815 5089 2900 5140 1a.
2963 5093 3035 5157 θείῃ
3073 5087 3347 5140 netuntur
3381 5087 3399 5136 1
3437 5085 3573 5157 a.__“_'
3596 5083 3725 5157 equa-

465 5157 516 5212 ci
537 5161 588 5214 1.
616 5166 688 5201 σοι
712 5157 1118 5214 Gandenshem
1148 5160 1225 5211 1c.

461 5245 581 5286 non
609 5231 811 5286 inserit.
844 5231 896 5285 2.
925 5228 1370 5285 consentiebant
1395 5228 1455 5284 n.
1490 5245 1548 5286 ο.
1577 5228 1950 5302 denegabant
1973 5228 2070 5285 1a.

1328 5164 1399 5200 θοι
1426 5155 1668 5230 paterno
1693 5159 1922 5230 fortasse
1953 5160 2064 5230 ipse
2085 5157 2264 5213 scriba
2291 5160 2707 5230 corr._paterna
2739 5160 2788 5211 1.
2865 5165 2936 5199 σοι
2989 5155 3042 5212 ei
3075 5160 3152 5214 1c.

3255 5163 3326 5198 σεο
3358 5151 3525 5225 supsit
3548 5151 3612 5202 1e.
3669 5142 3720 5180 “7

2148 5237 2218 5272 6⁸³
2249 5237 2320 5272 ⁶⁹⁴
2348 5227 2477 5284 add.
2511 5229 2595 5284 ib.

2019 5351 2245 5408 NOTAE.

529 5443 680 5510 (543)
708 5441 876 5501 Conf.
907 5443 1062 5500 Ann.
1093 5441 1428 5498 Hildeshem
1461 5483 1476 5509 ,
1518 5458 1570 5500 a.
1608 5442 1766 5497 1000.

527 5513 676 5586 (544)
697 5513 875 5586 Ῠῼοῐιῖ.
897 5512 1140 5586 omnino
1161 5513 1446 5586 Balderici
1468 5515 1681 5569 Chron.
1706 5513 1933 5570 Camer.
1959 5515 2000 5569 Ι.
2027 5531 2064 5582 r,

449 5599 501 5638 c.
532 5583 668 5657 11$.
695 5585 884 5657 Vitam
917 5584 1265 5657 Bernwardi,
1299 5583 1476 5657 c._23,
1517 5603 1602 5657 sq.

521 5654 673 5723 (545)
703 5655 827 5708 Alia
857 5659 1100 5720 narrant
1128 5655 1442 5711 Landulfus
1474 5654 1603 5711 seri.
1633 5657 1698 5719 ll,
1728 5673 1777 5710 c.
1826 5659 1908 5721 18,
1975 5660 2056 5712 19.

446 5721 785 5793 Sigebertus
805 5727 864 5777 et
883 5723 1102 5779 Chron.
1131 5741 1255 5797 reg.
1278 5726 1337 5780 S.
1355 5726 1692 5782 Pantaleon.
1715 5726 2058 5784 Conf.Adel-

2171 5442 2329 5499 boldi
2361 5441 2552 5497 Vitam
2584 5441 2728 5512 imp.
2762 5439 3106 5512 Heinricill.

2189 5487 2738 5594 ζνέξέθδῑξξέιίῖίξέ
2758 5487 3317 5582 eameam...
3341 5507 3401 5564 ίη
3431 5487 3714 5562 Ausona-

2165 5585 2332 5647 linb.,
2359 5603 2414 5640 a.
2452 5587 2610 5640 1002.
3416 5649 3426 5659 ἱ
3655 5633 3662 5641 _

2160 5658 2384 5782 11823:?)
2413 5655 2643 5727 Polling
2664 5655 2831 5725 juxta
2860 5653 3100 5709 ﬂuvium
3125 5655 3380 5714 Ammer,
3413 5645 3550 5704 infra
3567 5634 3702 5688 We”-

2200 5744 2335 5782 erm.
