3892 6214
204 406 345 464 1269

1462 400 1886 458 CHRONICON.
1914 430 1987 442 —
2015 399 2142 456 LIB.
2171 399 2272 458 IV.

3400 401 3538 461 T270

215 540 456 582 mansos
493 521 746 596 propriae
793 520 1130 577 hereditatis
1165 521 1460 576 concessit.
1494 519 1826 592 Deindeque
1851 518 2167 592 Asupplici
2211 517 2592 592 impenditur.
2627 519 2659 572 6
2688 517 2835 574 feria
2870 517 3234 574 illucescente
3264 527 3336 561 τοο
3363 521 3540 578 funus

209 613 455 669 dimissa
476 629 609 666 cum
634 628 772 682 pace
796 628 1012 682 magna
1026 611 1414 678 multitudine,
1439 611 1512 666 ad
1537 610 1825 664 civitatem

207 717 551 772 suam,qua3
580 701 734 754 Nova
763 704 996 754 vocatur
1016 701 1185 768 (548),
1212 716 1419 772 corpus
1456 698 1660 753 cesaris
1680 715 1825 769 pro-

205 789 495 861 sequitur.
523 790 843 860 Posteaque
874 789 945 842 ab
983 787 1262 860 equivoco
1299 788 1509 842 suimet
1540 787 1824 854 Heinrico,

206 879 376 949 cujus
436 894 698 932 sororem
744 877 967 931 vivente
996 877 1061 947 (ἰ.
1106 877 1214 944 68’)
1246 877 1576 948 inperatore
1608 884 1678 916 690
1701 876 1826 945 jam

209 966 397 1032 duxit,
429 965 764 1036 suppliciter
794 968 1080 1032 exoratus,
1103 965 1343 1019 tandem
1374 980 1602 1034 corpus,
1622 962 1828 1018 valedi-

208 1071 354 1110 cens
383 1054 644 1126 singulis,
679 1053 751 1108 ad
780 1055 906 1108 loca
931 1053 1216 1109 destinata
1247 1054 1389 1125 (549)
1426 1053 1659 1108 dimisit.

289 1146 383 1199 32.
408 1143 646 1198 Interim
669 1142 956 1215 principes
974 1143 1258 1210 Saxonica,
1273 1146 1571 1214 comperta
1589 1140 1831 1196 senioris

211 1233 301 1288 sui
328 1248 469 1286 nece
491 1231 802 1298 inmatura,
827 1231 899 1285 ad
919 1231 1148 1286 Frasam
1170 1235 1389 1286 curtem
1405 1231 1827 1303 regiam,quam

209 1325 358 1376 tunc
373 1320 646 1376 Guncelin
657 1337 718 1374 us
735 1335 928 1374 comes
943 1337 1008 1374 ex
1022 1323 1185 1391 parte
1208 1319 1639 1391 iniperatorisin
1661 1319 1832 1373 bene-

209 1411 410 1465 ﬁtium
444 1409 648 1476 tenuit,
682 1408 872 1464 tristes
929 1408 1300 1476 conveniunt,
1333 1408 1597 1464 Gisilerus
1647 1407 1829 1462 archi-

210 1500 522 1573 episcopus
553 1497 1092 1570 Magadaburgensis
1124 1514 1254 1551 cum
1294 1497 1666 1569 coepiscopis,
1696 1497 1828 1550 Ber-

214 1587 479 1644 nbardus
537 1588 671 1655 dux,
703 1586 1023 1640 Liutbarius
1064 1589 1119 1640 et
1167 1585 1526 1640 Ekkiliardus
1578 1602 1641 1639 ac
1684 1586 1828 1641 Gero

215 1674 609 1740 marchiones,
637 1691 768 1729 cum
823 1673 1198 1745 optimatibus
1236 1674 1425 1744 regni,
1458 1673 1528 1727 de
1559 1676 1708 1727 statu
1747 1674 1829 1728 rei

216 1763 454 1836 publice
485 1767 813 1818 tractantes.
837 1764 1042 1818 Comes
1064 1766 1257 1816 autem
1276 1761 1596 1816 Liutharius
1617 1764 1678 1815 ut
1699 1777 1828 1832 per-

1926 609 2234 674 elevatum,
2256 609 2327 662 ad
2350 605 2710 679 Aquasgrani
2740 609 2940 661 sancto
2969 607 3301 680 perducitur
3322 607 3382 662 in
3403 609 3536 664 sab-

1925 697 2080 760 bato;
2108 696 2199 751 die
2222 713 2356 751 vero
2387 695 2678 751 dominica
2709 694 2768 749 in
2802 697 3056 751 (ecclesia
3086 700 3298 752 sancta:
3345 698 3534 754 Mariae

1925 801 2154 857 semper
2187 784 2424 856 virginis
2450 785 2505 839 in
2539 784 2733 839 medio
2760 784 3033 856 sepelitur
3061 786 3258 840 choro.
3292 788 3540 858 Inpensa

1925 873 1997 928 ab
2029 890 2097 928 eo
2157 873 2372 927 cunctis
2420 873 2600 945 pietas
2651 873 2857 928 obnixe
2915 873 3215 928 oraciones
3255 877 3537 948 ﬂetusque

1927 962 2102 1016 suasit
2128 963 2442 1034 perducere
2465 966 2899 1033 concrepantes.
2935 962 3249 1018 Dominicaz
3280 981 3537 1020 resurre-

1926 1049 2132 1104 ctionis
2153 1050 2318 1118 festa,
2345 1051 2688 1122 angelorum
2715 1066 2778 1104 ac
2806 1051 3111 1106 hominum
3134 1052 3347 1123 gaudia
3377 1069 3537 1109 com-

1926 1138 2182 1192 muniter
2206 1139 2900 1210 gratulabunda,propter
2916 1139 3289 1211 fragilitatem
3309 1149 3378 1185 τοι
3399 1158 3538 1199 con-

1928 1226 2282 1282 venientium
2311 1244 2429 1282 non
2454 1229 2757 1283 valuerunt
2780 1228 2955 1298 digna
2977 1231 3356 1287 veneracione
3377 1249 3536 1287 com-

1930 1317 2092 1389 pleri,
2109 1316 2244 1389 quia
2261 1317 2509 1387 peccatis
2527 1318 2635 1373 hoc
2657 1318 3126 1390 promerentibus
3147 1320 3261 1375 suis
3283 1338 3535 1393 agnove-

1928 1410 2064 1461 runt
2089 1407 2306 1477 pariter
2329 1406 2643 1462 vindictam
2672 1407 2795 1462 Dei.
2827 1407 3101 1478 Acquirat
3130 1409 3342 1464 anima:
3375 1410 3538 1464 istius

1928 1496 2154 1551 veniam
2183 1512 2315 1550 cum
2341 1496 2611 1562 lacrimis,
2641 1496 2990 1570 quicumque
3011 1497 3082 1552 sit
3101 1498 3458 1568 professione
3481 1499 3542 1553 ﬁ-

1931 1584 2071 1638 delis
2092 1593 2163 1626 7°!
2194 1587 2334 1651 Deo,
2368 1586 2524 1657 quod
2548 1586 2594 1639 is
2624 1594 2693 1628 699
2722 1590 2984 1640 nostram
3013 1602 3293 1642 renovare
3325 1586 3544 1642 studuit

1930 1674 2244 1728 (ecclesiam
2269 1679 2481 1729 conatu
2505 1675 2716 1729 mentis
2737 1676 3282 1749 summ0.Percipiat
3305 1676 3365 1730 in
3388 1679 3546 1730 terra

1930 1762 2244 1817 viventium
2295 1778 2525 1833 semper
2572 1764 2907 1834 adoptatam
2937 1764 3002 1833 (f.
3037 1764 3142 1835 69')
3177 1764 3545 1820 communio-

219 1853 420 1925 primo
447 1852 750 1924 persensit,
778 1851 1172 1906 Ekkihardum
1200 1868 1258 1904 se
1289 1852 1432 1905 velle
1459 1853 1708 1906 exaltare
1738 1868 1829 1905 su-
1850 1856 1901 1915 Β
1931 1867 2067 1904 nem
2127 1851 2355 1921 piorum
2389 1867 2522 1905 cum
2576 1851 2742 1906 bonis
2773 1853 3004 1907 Domini
3044 1853 3420 1922 indefectivis,
3448 1852 3547 1926 qui

222 1957 333 2012 per
352 1957 434 2008 se,
455 1940 948 2011 archiepiscopum
969 1939 1293 2012 predictum
1306 1943 1363 1993 et
1378 1939 1680 1995 meliorem
1705 1955 1834 2008 pro-

221 2045 426 2084 cerum
444 2031 669 2102 partem
687 2027 743 2082 in
758 2030 1040 2082 secretum
1062 2027 1087 2080 f
1088 2044 1215 2082 oras
1225 2027 1444 2082 vocavit
1457 2026 1830 2098 colloquium,

220 2119 337 2174 hoc
369 2117 638 2172 omnibus
667 2117 810 2172 dans
835 2115 1160 2182 consilium,
1187 2119 1250 2169 ut
1270 2115 1604 2186 juramento
1637 2115 1834 2169 firma-

221 2211 380 2272 rent,
407 2223 464 2261 se
490 2207 712 2260 nullum
733 2205 838 2260 sibi
862 2204 1164 2260 dominum
1186 2205 1272 2258 vel
1293 2220 1496 2276 regem
1511 2204 1837 2259 communi-

220 2300 316 2350 ter
355 2296 443 2350 vel
492 2293 860 2367 singulariter
889 2295 1170 2348 electuros
1201 2296 1334 2348 ante
1365 2293 1742 2348 constitutum
1775 2294 1833 2347 in

222 2385 418 2440 Werlo
475 2383 847 2451 colloquium.
885 2382 1049 2447 Quod
1088 2382 1158 2437 ab
1213 2381 1481 2437 omnibus
1513 2382 1833 2450 laudatum,

224 2475 467 2544 excepto
503 2471 854 2538 Ekkihardo,
871 2475 927 2526 et
947 2471 1333 2526 collaudatum
1361 2474 1465 2525 est.
1491 2471 1588 2525 Hic
1613 2488 1672 2525 se
1702 2488 1838 2543 pau-

220 2563 409 2617 Iulum
442 2579 476 2616 a
505 2560 671 2632 regni
697 2559 924 2631 fastigio
955 2559 1201 2614 dilatum
1224 2559 1476 2632 graviter
1500 2559 1692 2615 ferens
1708 2577 1835 2615 eru-

221 2653 313 2723 pit.
342 2669 355 2706 :
395 2651 442 2706 0
467 2649 722 2703 Liui/cari
744 2666 932 2715 comes,
981 2648 1250 2720 inquiens
1280 2657 1371 2715 θοι,
1397 2649 1527 2720 quid
1550 2658 1621 2690 092
1651 2649 1836 2703 adver-

226 2743 366 2795 saris
385 2741 414 2794 Σ)
447 2740 514 2794 Et
541 2739 633 2792 ille
660 2755 672 2792 :
704 2737 878 2804 Num,
914 2736 1136 2809 inquid,
1166 2739 1350 2792 currui
1373 2746 1442 2780 693
1473 2745 1562 2792 tuo
1592 2745 1842 2810 quartam

231 2831 408 2886 deesse
435 2845 540 2882 non
564 2829 726 2883 sentis
756 2829 970 2882 rotam?
1002 2829 1143 2895 (550)
1174 2825 1264 2880 Sic
1295 2835 1363 2868 σοι
1395 2826 1722 2897 interrupta
1754 2829 1839 2881 est

224 2918 528 2984 eleccio,et
541 2917 751 2971 ﬁtvera
763 2914 1135 2986 antiquorum
1150 2917 1245 2956 θυι·
1261 2914 1659 2986 relacio,quod
1675 2913 1841 2969 unius

226 3007 416 3064 noctis
457 3003 806 3060 intermissio
847 3004 949 3058 fiat
985 3003 1154 3058 unius
1208 3003 1346 3057 anni
1379 3003 1607 3070 dilacio,
1649 3007 1706 3057 et
1744 3003 1841 3057 illa

228 3111 410 3168 usque
464 3094 524 3148 in
559 3093 737 3147 ﬁnem
770 3091 898 3147 vitae
931 3092 1099 3188 hujus
1130 3091 1840 3188 prolongacio._Tempore
1866 3129 1913 3188 Ο

226 3183 472 3257 predicti
531 3182 737 3237 cesaris
786 3180 1208 3236 monasterium
1267 3180 1324 3234 in
1365 3180 1664 3234 Hilleslevo
1711 3188 1780 3220 συθ
1808 3196 1842 3234 a

227 3272 443 3329 Sclavis
471 3271 842 3326 combustum
875 3273 961 3324 est
991 3269 1100 3339 (an.
1140 3271 1327 3336 1002),
1362 3267 1580 3325 eductis
1632 3267 1842 3323 sancti-

227 3360 614 3427 monialibus;
649 3362 706 3412 et
760 3359 967 3413 eodem
1019 3357 1112 3413 die
1166 3357 1334 3412 multi
1363 3374 1430 3412 ex
1472 3356 1681 3412 nostris
1709 3360 1843 3412 sunt

226 3448 523 3506 interfecti
556 3457 648 3502 οῦδ.

298 3541 389 3594 33.
410 3539 473 3599 (f.
499 3536 618 3608 69.)
655 3535 932 3608 Equidem
956 3535 1027 3590 ab
1051 3535 1283 3605 incepto
1308 3536 1557 3590 multum
1586 3534 1840 3602 devians,

225 3628 468 3684 tandem
500 3628 774 3691 revertar,
794 3624 1060 3696 exequias
1081 3623 1447 3695 imperatoris
1468 3623 1752 3679 succincte
1771 3632 1841 3666 697

225 3713 825 3790 perstringens.Cujus
851 3729 1059 3784 corpus
1084 3728 1215 3766 cum
1245 3712 1319 3766 ad
1353 3712 1650 3768 Coloniam
1681 3711 1839 3767 veni-

226 3809 336 3868 ret,
355 3805 547 3876 primo
572 3806 894 3873 susceptum
917 3804 1000 3855 est
1024 3802 1094 3855 ab
1117 3801 1548 3873 archiepiscopo
1585 3801 1842 3872 ejusdem

228 3893 475 3949 civitatis
497 3892 815 3946 Heriberto.
841 3890 926 3943 Ad
951 3889 1366 3944 monasterium
1391 3889 1570 3944 sancti
1589 3889 1846 3946 Severini

232 3988 360 4056 post
383 3984 608 4054 palmas
640 3985 671 4035 2
697 3979 953 4046 feria,ad
975 3982 1240 4033 sanctum
1277 3981 1691 4036 Pantaleonem
1714 3987 1784 4022 698
1816 3982 1846 4034 3

232 4072 493 4128 defertur
517 4070 680 4135 feria,
698 4068 770 4122 ad
793 4073 1057 4123 sanctum
1076 4067 1398 4122 Gereonem
1421 4071 1455 4122 4
1484 4069 1595 4123 die.
1618 4070 1678 4122 ln
1706 4084 1850 4123 cena

233 4159 468 4217 Domini
497 4157 570 4212 ad
591 4163 853 4212 sanctum
883 4158 1116 4211 Petrum
1145 4159 1427 4228 portatur,
1456 4157 1550 4210 ubi
1584 4157 1849 4228 peniten-

1930 1954 2161 2009 semper
2187 1947 2257 1980 συθ
2291 1939 2507 1993 studuit
2536 1939 2796 1993 misereri
2826 1939 3048 1995 miseris

2005 2029 2091 2084 34.
2128 2027 2371 2082 Maxima
2395 2044 2528 2099 pars
2553 2045 2880 2101 procerum,
2901 2029 3128 2100 quihiis
3158 2030 3549 2086 interfuerunt

1933 2114 2203 2188 exequiis,
2225 2115 2579 2170 Herimanno
2597 2116 2726 2170 duci
2741 2117 3178 2188 (55l)auxilium
3199 2119 3549 2189 promittunt

1933 2204 2006 2258 ad
2035 2220 2285 2275 regnum
2329 2205 2748 2276 acquirendum
2782 2210 2840 2261 et
2873 2206 3178 2271 tuendum,
3213 2207 3548 2264 Heinricum

1935 2292 2291 2347 mencientes
2305 2293 2378 2346 ad
2397 2293 2504 2346 hoc
2521 2309 2640 2348 non
2655 2310 2775 2348 esse
2791 2294 3069 2349 idoneum
3087 2297 3326 2367 propter
3338 2297 3551 2352 multas

1935 2397 2237 2436 causarum
2262 2381 2585 2452 qualitates.
2616 2383 2982 2453 Longabardi
3009 2388 3225 2452 autem,
3251 2386 3446 2441 audito
3477 2393 3550 2428 τοι

1937 2469 2302 2541 imperatoris
2333 2469 2600 2537 discessu,
2637 2471 2708 2525 de
2733 2471 2940 2526 futuris
2971 2473 3048 2526 nil
3075 2473 3323 2542 solliciti,
3357 2491 3548 2546 neque

1938 2558 2008 2613 de
2039 2557 2226 2628 dignis
2256 2557 2591 2629 pauitantia:
2625 2559 2903 2614 fructibus
2926 2561 3139 2632 cupidi,
3176 2561 3547 2635 Hardwigum

1936 2649 2078 2716 (552)
2111 2645 2217 2700 sibi
2272 2645 2331 2700 in
2381 2663 2584 2718 regem
2637 2648 2956 2720 elegerunt,
2991 2649 3325 2704 destruendi
3355 2650 3553 2722 pocius

1941 2750 2191 2806 gnarum
2239 2735 2378 2789 artis
2421 2752 2597 2806 quam
2628 2736 2892 2808 regendi,
2917 2740 2978 2791 ut
3023 2737 3078 2792 in
3118 2737 3309 2792 divino
3332 2737 3550 2809 judicio

1937 2822 2072 2894 ipsis
2117 2826 2247 2894 post
2298 2823 2503 2878 claruit
2549 2825 2720 2896 hujus
2757 2826 2840 2880 rei
2893 2825 3242 2883 auctoribus.
3280 2826 3393 2881 Sed
3423 2827 3546 2882 llth

1939 2911 2222 2984 posterius
2245 2913 2589 2983 exponenda
2610 2921 2680 2955 τοι
2711 2913 3062 2986 relinquens,
3088 2915 3159 2970 ab
3183 2932 3252 2970 eo
3279 2915 3554 2986 incipiam

1939 2998 2208 3067 scribere,
2233 3000 2330 3072 qui
2358 3001 2572 3072 pietate
2595 3001 2790 3056 divina
2815 3005 2873 3056 et
2897 3001 3103 3058 virtute
3126 3019 3228 3058 sua
3258 3020 3461 3059 omnes
3481 3011 3554 3046 τοι

1941 3087 2245 3143 adversum
2278 3105 2336 3144 se
2365 3106 2644 3162 umquam
2672 3091 2962 3162 erigentes
2991 3091 3332 3158 humiliavit,
3362 3095 3420 3148 et
3444 3108 3552 3148 cer-

1939 3176 2058 3230 vice
2101 3177 2249 3231 ilexa
2299 3177 2404 3231 sibi
2438 3179 2726 3233 honorem
2765 3178 3083 3252 inpendere
3114 3181 3317 3254 coegit.
3353 3183 3421 3236 Et
3459 3181 3554 3237 hic

1939 3264 2171 3337 quintus
2187 3265 2242 3318 in
2274 3266 2498 3333 ordine,
2516 3267 2796 3322 secundus
2816 3268 2874 3322 in
2895 3268 3155 3336 nomine,
3177 3273 3342 3326 notet
3363 3270 3554 3343 quinti

1939 3362 2010 3396 ἰοσ
2039 3355 2270 3408 titulum
2304 3354 2458 3410 libri.

2011 3445 2098 3497 35.
2151 3444 2218 3496 Et
2246 3451 2316 3484 707
2366 3443 2500 3515 quia
2530 3460 2728 3514 omne,
2760 3445 2916 3517 quod
2971 3445 3031 3500 in
3081 3446 3250 3517 hujus
3307 3446 3557 3518 planicie

1943 3529 2130 3602 operis
2156 3531 2591 3586 asscribendum
2610 3535 2714 3600 est,
2734 3533 3046 3587 ordinatim
3069 3549 3287 3604 ponere
3304 3551 3552 3606 nequeo,

1942 3618 2001 3672 in
2029 3619 2516 3691 consequentibus
2537 3620 2751 3674 sensim
2770 3621 3110 3693 recolligere
3133 3621 3402 3693 equidem
3437 3638 3554 3678 non

1943 3709 2237 3763 erubesco.
2293 3707 2558 3764 lterantis
2615 3717 2687 3751 708
2733 3709 2893 3763 enim
2958 3709 3114 3764 varia
3166 3709 3557 3767 vicissitudine

1943 3796 2226 3870 fruor,qui
2252 3800 2421 3853 rectae
2449 3797 2667 3852 semitis
2692 3807 2763 3840 τοο
2797 3799 3032 3852 ductum
3062 3815 3213 3853 nunc
3242 3799 3315 3854 ob
3339 3799 3554 3870 asperi-

1945 3887 2446 3954 tatem,interdum
2463 3891 2657 3942 autem
2679 3892 2916 3960 propter
2937 3887 3330 3957 ignorantiam
3347 3888 3561 3943 ﬂexuo-

1947 3992 2008 4029 sa
2026 3976 2257 4031 callium
2274 3977 2549 4030 varietate
2574 3977 3268 4044 mutat.UndeMiseconis,
3292 3977 3561 4032 Polenio-

1950 4081 2077 4118 rum
2101 4065 2279 4119 incliti
2303 4065 2458 4120 ducis
2487 4065 2624 4120 etin
2650 4065 3038 4137 superioribus
3069 4066 3230 4120 libris
3247 4082 3314 4121 ex
3345 4082 3564 4136 magna

1950 4155 2114 4221 parte
2145 4153 2376 4224 signati,
2405 4154 2699 4208 residuum
2724 4154 2943 4225 explico
2970 4155 3036 4218 (f.
3061 4154 3171 4226 70.)
3201 4155 3438 4211 factum.
3463 4154 3562 4208 Hic

237 4249 391 4304 tibus
421 4263 585 4302 more
611 4245 1005 4300 aecclesiastico
1036 4245 1378 4299 introductis
1403 4246 1459 4299 et
1492 4245 1853 4315 indulgentia
1955 4257 1987 4294 a
2011 4240 2244 4295 Boemia
2266 4242 2503 4312 regione
2526 4242 2780 4297 nobilem
2810 4243 2916 4297 sibi
2946 4260 3183 4298 uxorem
3201 4242 3442 4298 senioris
3464 4243 3566 4296 Bo-

239 4336 753 4400 resolutis,animas
771 4333 1056 4407 presentis
1085 4332 1341 4403 corporis
1368 4332 1438 4387 ab
1471 4332 1854 4403 archipresule
1957 4329 2139 4385 lizlavi
2171 4331 2411 4385 duxerat
2461 4347 2744 4399 sororem,
2776 4349 2902 4404 quac
2933 4334 3079 4388 sicut
3131 4333 3323 4388 sonuit
3353 4332 3412 4387 in
3460 4348 3563 4386 no-

239 4424 505 4480 remissio
539 4424 727 4485 datur,
760 4441 793 4477 a
841 4421 1350 4477 consacerdotibus
1403 4423 1599 4475 autem
1631 4429 1702 4463 69°
1733 4435 1856 4475 me-

1962 4419 2139 4486 minc,
2157 4419 2421 4491 apparuit
2445 4420 2723 4474 veraciter
2744 4419 2803 4474 in
2828 4437 2908 4474 re.
2932 4423 3210 4476 Dobrawa
3224 4421 3381 4478 enim
3408 4420 3567 4476 Scla-

243 4513 435 4569 moria
485 4513 827 4584 exposcitur,
861 4510 1294 4566 lacrimabiliter
1342 4512 1536 4564 autem
1578 4526 1610 4564 a
1651 4505 1937 4582 populoD
1962 4509 2161 4564 vonice
2213 4508 2531 4578 dicebatur,
2573 4508 2728 4580 quod
2757 4509 3071 4564 Teutonico
3112 4527 3380 4566 sermone
3410 4511 3569 4566 Bona

1587 4628 1819 4682 VARI/E
1857 4627 2146 4682 LECTION
2155 4626 2254 4680 ES.

318 4711 394 4746 σου
427 4702 839 4772 imperatorem
873 4705 958 4756 la.
1026 4707 1094 4742 σοι
1126 4699 1251 4754 add.
1291 4700 1372 4753 lb.
1406 4699 1494 4753 sed
1513 4707 1633 4771 post
1664 4717 1892 4753 erasum.
1945 4707 2014 4740 ωε
2041 4699 2132 4772 qd
2153 4703 2202 4753 1.
2261 4706 2330 4772 σοξι
2360 4700 2433 4750 ita
2463 4702 2543 4772 lc.
2576 4701 2863 4772 currula.
2929 4705 2999 4772 θέε
3034 4697 3165 4772 Υιίἰ.
3201 4715 3302 4772 ear
3331 4700 3448 4758 lect.
3476 4707 3568 4753 θεν.

242 4780 342 4817 σοι’
421 4776 499 4827 ita
565 4777 641 4827 lc.
697 4788 1023 4843 anquorum
1085 4774 1168 4828 la.

244 4855 316 4888 m
359 4845 611 4900 succinte
665 4847 712 4899 l.
763 4851 833 4886 σοῦ
935 4843 1207 4897 albanum
1270 4845 1353 4900 ta.

246 4927 319 4960 τοὶ
353 4919 430 4970 ita
464 4915 542 4970 1ὑ.
579 4931 774 4970 coram
810 4918 893 4969 la.
1008 4920 1078 4954 703
1107 4913 1302 4968 audita
1333 4917 1418 4969 la.

1270 4779 1339 4811 ⁸9⁵
1385 4768 1638 4826 hillileuo
1692 4775 1775 4826 la.
1854 4779 1924 4813 090
1970 4773 2028 4823 et
2057 4768 2177 4824 _illa
2208 4768 2595 4823 -—interfecti
2660 4771 2865 4839 scripsit
2925 4769 3009 4825 lb.
3068 4770 3124 4822 in
3181 4770 3287 4837 ﬁne
3333 4772 3569 4838 paginae.

1458 4851 1528 4885 69°
1594 4842 1718 4896 add.
1784 4841 1868 4896 lb.
1979 4849 2050 4882 τσο

1459 4983 1469 4985 ᾉ
1530 4913 2068 4985 7°‘exponendola.

1979 4849 2050 4882 τεο
2098 4842 2450 4896 illusessente
2502 4844 2585 4894 la.

2698 4848 2766 4882 τοι
2825 4843 2900 4893 ita
2961 4843 3037 4892 lc.
3094 4839 3426 4911 iragitatem
3483 4843 3572 4911 la.

2220 4920 2290 4954 705
2324 4912 2451 4967 add.
2497 4928 2555 4966 se
2590 4915 2666 4964 lc.

2815 4918 2885 4952 τοο
2917 4909 3106 4980 quarti
3142 4909 3224 4968 la.
3339 4917 3421 4980 7°77
3462 4909 3574 4964 alia

242 4987 625 5064 manapergjt
659 4989 706 5064 l_,
740 4984 807 5064 1_n
831 4991 863 5042 2
899 5001 1018 5064 vero
1047 4987 1314 5064 sequentia
1344 4987 1417 5064 ita
1450 4979 1733 5064 leguntar':
1767 4984 2042 5064 Prologus
2069 4984 2226 5064 libri1
2275 4981 2670 5064 Quianomnia
2718 4979 3059 5062 —.residua
3086 4985 3249 5064 gesta
3279 4979 3574 5064 explicabo

245 5058 400 5130 (ίια.)
427 5054 1056 5130 Libellusinterpositus
1073 5054 1142 5110 de
1163 5055 1508 5128 quibusdam
1531 5055 1934 5127 pretermissis.
1965 5055 2164 5111 Miseco
2195 5056 2304 5112 dux
2327 5055 2597 5111 iuclitusa
2620 5054 2851 5107 Boemia
2876 5054 3142 5123 regione,
3158 5060 3259 5110 etc.
3312 5060 3384 5095 τοι
3411 5054 3578 5107 itine-

247 5127 433 5186 rantis
466 5133 544 5184 lc.
693 5135 764 5168 τοο
794 5127 997 5182 semita
1022 5131 1099 5182 lc.

1803 5197 2030 5257 NOTIE.

324 5297 468 5370 (548)
499 5295 774 5370 Neuburg
795 5295 961 5370 juxta
987 5294 1344 5370 Danubium:

322 5363 474 5441 (549)
507 5367 620 5441 _Sc.
679 5363 1044 5439 Aqu'isgrani.
1080 5367 1145 5421 V.
1177 5363 1563 5420 Adelboldum
1622 5365 1680 5419 et
1717 5364 1869 5418 Ann.

253 5438 564 5506 Quedlinb.

329 5511 478 5582 (550)
506 5509 882 5582 Nobilitatem
913 5507 1143 5582 generis
1172 5510 1228 5562 et
1246 5505 1634 5582 propinquam
1661 5521 1878 5582 cogna-

1971 5296 2458 5374 (ΙυὲἓΑάθΞδοῙάμβ
2486 5309 2612 5366 cal"
2651 5296 2701 5374 ¹.·
2726 5293 2890 5374 K1131."
2951 5361 2962 5374 .
3043 5363 3054 5374 .
3137 5362 3149 5373 .
3210 5361 3352 5374 μ-.
3423 5361 3461 5374 ..
3507 5358 3542 5374 ..

1987 5359 2009 5368 ’
2045 5367 2198 5438 (551)
2228 5370 2348 5422 Dux
2376 5359 2759 5434 Alamanniae,
2778 5361 2994 5419 Udonis
3023 5362 3182 5420 ducis
3208 5363 3313 5419 982
3337 5361 3396 5417 in
3423 5359 3584 5416 Italia

1976 5437 2146 5491 occisi
2180 5438 2346 5492 filius.

2049 5511 2199 5578 (552)
2239 5507 2554 5579 Arduinus,
2581 5507 2848 5579 imarchio
2882 5506 3073 5564 Yvreae
3112 5509 3170 5562 et
3199 5522 3396 5564 comes
3426 5504 3586 5579 pala-

255 5577 480 5659 tio‘nem
499 5577 1008 5659 cum__regia_gerite
1030 5577 1262 5659 videtur
1267 5577 1377 5659 per
1397 5580 1663 5659 quartam
1688 5577 1876 5659 rotam
1978 5578 2132 5634 tinus
2163 5579 2220 5635 in
2253 5577 2678 5650 Langobardia.

260 5648 750 5726 intelligereﬂteé
762 5648 951 5707 saltim
970 5648 1352 5724 prmrogativa
1372 5648 1498 5704 erat
1515 5648 1786 5718 Heinrici,
1808 5650 1880 5706 de
