3892 6214
54 5636 57 5649 γ
152 5564 266 5618 seb.

170 456 307 514 1273

1413 450 1831 510 CHRONlCON.
1860 482 1932 494 -
1956 451 2083 509 LIB.
2126 453 2212 509 Ν.

3348 460 3487 522 1274

178 579 524 653 suppliciter
550 579 624 635 ab
647 578 758 634 hiis
776 593 911 651 sepe
932 576 1118 650 rogati
1145 577 1436 634 discedere
1456 578 1785 634 noluerunt.
1814 583 1865 643 Α
1890 576 2045 650 apud
2076 579 2256 633 Deum
2297 578 2762 651 omnipotentem
2806 579 3183 638 recordentur
3215 589 3290 627 ἰιι
3341 584 3480 641 mei.

169 672 241 726 Et
267 669 548 724 continuo
574 666 1532 733 nubesvariazascennluntﬂulmina
1547 666 1783 733 micant,

171 764 457 814 terrorem
486 756 843 812 dominicum
876 759 1295 823 monstrantes;
1352 754 1593 809 tonitrus
1621 754 1785 809 terri-

169 848 303 903 bilis
319 846 979 919 protinussubsequitur,
1013 861 1077 900 ac
1100 862 1165 899 ex
1194 861 1396 899 eorum
1428 861 1671 899 numero
1689 859 1787 915 op-

170 936 349 991 timos
387 938 637 1007 quatuor
662 934 948 1001 occidens,
980 938 1332 1005 casterosque
1380 933 1608 1003 fugans,
1644 950 1784 1005 pau-

168 1041 342 1097 peres
358 1023 565 1079 Christi
581 1023 640 1077 in
654 1023 1061 1077 hocmmundo
1087 1039 1204 1077 non
1222 1038 1343 1077 esse
1375 1020 1785 1094 contemptibi-

168 1114 254 1168 les
272 1112 543 1167 ostendit.
583 1113 885 1167 Protector
926 1112 1084 1165 enim
1114 1114 1199 1165 est
1233 1110 1435 1165 talium
1464 1109 1786 1165 misericors

161 1200 236 1270 (ἰ.
268 1203 355 1270 72)
394 1200 566 1266 Deus,
603 1200 785 1254 ethos
804 1200 1242 1254 honorantesm
1265 1213 1331 1253 ac
1361 1199 1418 1253 in
1451 1197 1785 1252 necessitate

165 1306 276 1344 sua
298 1288 872 1357 exaudientes,digna
892 1288 1277 1343 retrihucione
1294 1287 1784 1358 provehit,eorum

170 1397 291 1452 que
322 1382 722 1452 persecutores
755 1382 852 1433 aut
880 1379 993 1445 hic,
1027 1378 1180 1450 quod
1206 1378 1380 1432 levius
1400 1378 1664 1442 habetur,
1688 1377 1786 1431 aut

171 1469 236 1522 in
268 1468 491 1529 futuro,
520 1467 675 1538 quod
693 1471 777 1522 est
792 1467 1039 1539 gravius,
1064 1466 1250 1538 punit.
1286 1465 1505 1520 Cesaris
1526 1464 1782 1536 ejusdem

170 1556 605 1621 soror,Mahtild
637 1556 897 1622 nomine,
923 1555 1259 1610 Herimanni
1286 1554 1513 1609 comitis
1544 1553 1783 1627 palatini

169 1645 294 1700 ﬁlio
312 1644 487 1699 Ezoni
509 1652 582 1686 τεο
600 1644 813 1715 nupsit.
850 1645 917 1697 Et
963 1645 1072 1699 hoc
1102 1643 1296 1698 multis
1335 1642 1657 1713 displicuit;
1684 1641 1784 1696 sed

170 1733 310 1805 quia
340 1732 400 1786 id
430 1749 548 1788 non
576 1732 753 1787 valuit
782 1732 1094 1786 emendare
1118 1731 1397 1801 legaliter,
1426 1730 1652 1785 sustulit
1676 1730 1784 1784 hoc

168 1821 377 1876 unicus
410 1821 589 1875 frater
610 1820 761 1875 illius
774 1820 1240 1892 pacienter,dans
1253 1819 1303 1873 ei
1320 1835 1494 1891 quam
1514 1818 1781 1891 plurima,

1885 668 2147 738 Agnosco
2178 676 2249 710 ἰιι
2272 667 2429 723 enim
2452 672 2671 725 memet
2686 670 2962 742 ipsum,et
2976 670 3171 727 minus
3191 688 3367 744 quam
3381 672 3482 728 de-

1885 755 1994 810 beo
2012 772 2077 811 ac
2097 756 2155 810 in
2174 757 2357 812 baculi
2375 757 2686 828 fragilitate
2698 759 3045 815 harundinei
3066 767 3138 804 ⁷³⁸
3159 760 3237 816 nil
3251 776 3488 833 prorsus

1885 844 2200 911 conﬁdens,
2251 845 2423 916 justis
2452 847 2925 919 suffragatoribus
2979 864 3074 904 me
3117 852 3481 920 peccatorem

1884 933 2117 1005 supplex
2133 934 2646 989 committo.Voluit
2662 952 2890 1008 quoque
2902 936 3481 1010 imperatorcapella-

1885 1037 1990 1076 nos
2014 1021 2225 1076 suimet
2250 1023 2577 1094 Herponem
2629 1024 2699 1079 de
2731 1025 3066 1080 Halverstidi
3095 1041 3161 1081 ac
3190 1028 3481 1084 Raconem

1884 1109 1955 1164 de
1988 1110 2234 1164 Brumen
2260 1110 2569 1183 episcopali
2596 1112 2780 1183 gradu
2812 1113 3164 1180 sublimare;
3203 1118 3261 1170 et
3287 1115 3398 1171 hiis
3421 1115 3485 1171 in

1884 1199 2032 1253 lecto
2054 1198 2128 1253 ob
2158 1197 2555 1254 infirmitatem
2595 1199 2843 1255 validam
2858 1200 3203 1272 jacentibus,
3223 1205 3486 1275 pastora-

1884 1286 2000 1340 lem
2030 1286 2297 1340 baculum
2330 1286 2521 1355 dedit;
2553 1288 2653 1342 sed
2684 1292 2925 1361 uterque
2974 1289 3096 1346 sine
3145 1293 3484 1350 sacerdotali

1882 1374 2163 1429 unccione
2187 1374 2467 1430 discescit.
2509 1376 2655 1441 Quid
2672 1393 2805 1431 vero
2827 1377 2900 1432 de
2914 1378 3021 1433 hoc
3036 1378 3226 1435 dicere
3247 1381 3484 1453 possim,

1884 1462 2113 1535 ignoro,
2144 1479 2275 1517 cum
2324 1481 2644 1535 numquam
2677 1465 2747 1520 de
2780 1464 2987 1521 talibus
3016 1467 3232 1539 aliquid
3256 1469 3370 1541 legi
3396 1471 3484 1526 vel

1884 1552 2060 1607 etiam
2084 1552 2583 1624 audivi.Cognitor
2598 1570 2692 1609 om
2703 1554 3017 1610 niumDeus
3034 1556 3154 1611 haec
3171 1558 3321 1613 solus
3337 1558 3488 1615 ordi-

1884 1639 2043 1695 navit
2070 1644 2128 1695 et
2157 1640 2301 1695 scire
2323 1643 2532 1711 potest.

1952 1731 2043 1786 4ο.
2068 1729 2130 1790 (f.
2153 1729 2241 1799 73)
2285 1728 2371 1782 Hii
2401 1728 2536 1795 duo,
2568 1730 2828 1801 quamvis
2849 1731 2948 1803 pii,
2970 1734 3168 1788 tamen
3192 1732 3345 1790 inter
3371 1735 3489 1808 epi-

1883 1834 2084 1891 scopos
2115 1834 2231 1872 non
2263 1818 2478 1873 debent
2505 1818 2760 1882 asscribi,
2791 1820 2928 1891 quia
2979 1822 3038 1875 in
3081 1822 3487 1881 benedictione

170 1925 246 1963 ne
270 1909 570 1964 vilesceret
599 1908 799 1963 innata
826 1909 931 1963 sibi
960 1925 993 1963 a
1022 1907 1361 1979 parentibus
1390 1906 1629 1962 summis
1667 1907 1786 1978 glo-
1809 1900 1861 1959 B
1882 1906 1991 1960 hiis
2014 1909 2308 1961 consortes
2339 1921 2456 1961 non
2489 1908 2793 1961 valuerunt
2820 1908 3148 1964 efﬂei.Ruzo
3162 1911 3484 1982 autemjus-

167 1999 258 2053 ria
278 2000 515 2069 (563).ln
531 1997 885 2069 temporibus
898 1997 1011 2051 suis
1025 1995 1663 2062 Conradus,Suevorum
1678 1994 1784 2047 du-

167 2090 299 2141 ctor
310 2086 753 2158 egrejius(564),
773 2102 836 2138 ac
850 2085 1105 2155 ejusdem
1123 2085 1300 2139 frater
1324 2083 1651 2137 Heribertus
1688 2099 1782 2137 co-

168 2191 320 2242 mes,
347 2191 578 2229 necnon
612 2175 782 2229 Hodo
813 2174 1039 2229 inclitus
1064 2173 1321 2228 marchio
1357 2174 1530 2244 (565),
1555 2188 1659 2243 pro
1680 2172 1782 2226 do-

167 2265 293 2319 lor!
326 2266 519 2318 morte
546 2266 962 2319 momentanea
989 2262 1241 2334 depressi
1274 2270 1343 2304 ⁷³1
1372 2263 1524 2315 sunt.
1558 2257 1783 2330 Sigifri-

169 2353 279 2408 dus
306 2355 526 2418 autem,
550 2351 791 2424 predicti
824 2351 1175 2406 marchionis
1205 2351 1374 2413 ﬁlius,
1420 2349 1477 2404 in
1509 2351 1663 2404 Nova
1686 2364 1781 2402 ur-

176 2441 251 2495 be
276 2443 457 2509 (566),
491 2440 586 2494 ubi
617 2445 781 2512 pater
799 2439 1264 2511 suusrequiescit,
1286 2440 1439 2493 inter
1468 2437 1785 2493 monachos

168 2528 268 2583 diu
303 2529 365 2583 in
394 2529 599 2583 eodem
632 2529 830 2583 habitu
862 2531 1246 2591 conversatus,
1277 2528 1559 2581 cucullam
1591 2525 1782 2596 proje-

168 2618 267 2677 cit.
298 2617 564 2671 laicalem
593 2616 904 2687 suscipiens
934 2620 1170 2670 vestem.
1217 2615 1322 2679 Qui
1354 2616 1425 2669 ab
1454 2613 1782 2669 Ekkihardo

167 2706 387 2760 abbate
410 2722 512 2760 suo
539 2708 597 2759 et
624 2705 858 2759 Gisilero
890 2704 1277 2775 archipresule
1309 2706 1539 2759 vocatus
1594 2704 1666 2758 ad
1709 2702 1785 2757 si-

168 2796 421 2861 nodum,
448 2794 916 2864 Parthenopolim
946 2802 1017 2835 ⁷³³
1043 2792 1219 2860 venit,
1254 2797 1311 2846 et
1346 2793 1605 2864 quamvis
1633 2791 1785 2847 invi-

161 2891 278 2951 tus,
310 2884 558 2955 pristino
607 2884 804 2938 habitu
854 2883 1106 2945 indutus,
1162 2882 1419 2953 judiciali
1471 2881 1778 2948 sententia,

161 2973 554 3029 duodecimus
594 2972 738 3043 ipse,
779 2971 1153 3025 sacramentis
1206 2970 1459 3037 exsolvit,
1517 2971 1779 3040 exemplo

160 3062 364 3127 unius,
400 3060 497 3132 qui
530 3061 733 3115 Romae
758 3060 930 3114 simili
964 3058 1249 3113 sententia
1290 3075 1349 3111 se
1380 3057 1438 3112 in
1470 3059 1780 3128 conspectu
1840 3110 1845 3115 .

1883 2012 1946 2049 su
1978 1994 2166 2049 dilecti
2194 1994 2437 2049 senioris
2456 1993 2541 2048 sui
2564 2012 2687 2049 ossa
2707 2012 2881 2068 supra
2900 1996 3036 2051 dicti
3064 2013 3228 2070 papa
3249 1999 3488 2054 Benedi-

1883 2082 2131 2149 cti,sicut
2151 2082 2271 2155 ipse
2287 2083 2615 2153 prelocutus
2626 2083 2809 2150 est,de
2829 2085 3225 2157 Hammaburg
3236 2087 3484 2143 Romam

1882 2173 2126 2228 reduxit.
2151 2174 2411 2244 Namque
2432 2176 2597 2243 pater
2613 2175 2973 2242 venerabilis,
2987 2175 3235 2231 domnus
3245 2176 3485 2249 inquam

1883 2260 2245 2331 apostolicus,
2273 2261 2409 2316 dum
2443 2262 2502 2316 in
2534 2260 2702 2318 exilio
2731 2267 2897 2329 esset,
2930 2263 2989 2318 in
3025 2263 3229 2320 Christi
3257 2265 3483 2323 servitio

1883 2350 2186 2417 studiosus,
2210 2366 2455 2421 cumque
2479 2350 2664 2405 adhuc
2695 2351 3046 2424 aquilonaris
3068 2353 3192 2408 haec
3217 2369 3351 2425 pars
3374 2370 3483 2428 op-

1882 2442 2005 2494 tata
2058 2454 2197 2510 pace
2237 2440 2517 2511 gauderet
2565 2456 2579 2494 :
2640 2440 2775 2507 Hic,
2832 2440 3040 2513 inquit,
3071 2442 3270 2513 fragile
3297 2460 3484 2514 corpus

1881 2544 2057 2581 meum
2082 2526 2229 2582 debet
2254 2529 2480 2596 resolvi;
2511 2535 2561 2582 et
2578 2535 2702 2600 post
2736 2529 2845 2583 haec
2862 2532 3032 2584 omnis
3062 2532 3162 2585 ista
3191 2533 3332 2601 regio
3359 2549 3485 2603 gen-

1884 2617 1971 2672 tili
1990 2616 2171 2687 gladio
2195 2616 2477 2672 desolanda
2504 2618 2740 2691 ferisque
2760 2618 3114 2673 inltubitanda
3134 2618 3480 2693 relinquitur,

1881 2711 1931 2759 et
1973 2712 2097 2759 ante
2138 2706 2537 2760 translationem
2566 2722 2739 2761 meam
2779 2723 2885 2761 non
2911 2706 3110 2763 videbit
3135 2714 3208 2750 ⁷⁸⁸
3232 2707 3485 2779 indigna

1870 2810 2062 2865 pacem
2113 2795 2348 2863 ﬁrmam.
2408 2793 2865 2868 Quandocumque
2916 2812 3038 2851 vero
3083 2796 3232 2851 domi
3264 2798 3483 2865 resideo,

1881 2884 2171 2954 apostolica
2256 2885 2620 2939 intercessione
2696 2902 2946 2957 paganos
3023 2901 3289 2958 quiescere
3376 2902 3487 2959 spe-

1881 2988 1959 3026 νο.

1950 3062 2039 3116 41.
2072 3063 2134 3115 In
2160 3068 2424 3132 tempore
2475 3062 2683 3134 prefati
2732 3062 2939 3119 cesaris
2968 3063 3136 3119 multi
3163 3062 3358 3119 obiere
3382 3062 3486 3135 pii,

159 3149 382 3222 prefati
402 3149 749 3221 inperatoris
768 3148 1050 3219 purgavit.
1074 3149 1268 3202 Patres
1288 3162 1489 3200 eorum
1512 3145 1778 3215 spiritua-
1810 3180 1856 3242 Ο
1880 3165 2130 3221 quorum
2160 3150 2336 3205 vitam
2368 3149 2596 3220 ignoro,
2628 3167 2693 3206 ac
2723 3155 3037 3223 propterea
3065 3151 3138 3207 de
3179 3152 3289 3208 hiis
3320 3152 3483 3209 sileo.

159 3242 252 3295 les
272 3240 516 3310 plenum
544 3254 716 3308 super
732 3254 791 3291 se
814 3236 1209 3291 testimonium
1243 3235 1525 3302 habuere;
1560 3234 1660 3288 sed
1684 3234 1776 3304 ju-

162 3328 419 3394 dicibus,
453 3329 515 3380 ut
542 3342 764 3391 vereor,
797 3325 1101 3396 corruptis,
1134 3324 1348 3395 absque
1380 3321 1540 3377 omni
1569 3323 1779 3377 suimet

153 3418 337 3488 culpa
364 3415 602 3470 eosdem
629 3414 953 3486 perdidere.

231 3508 327 3559 39.
364 3506 678 3558 Memorare
706 3504 769 3573 (f.
803 3503 905 3573 72')
941 3503 1115 3556 etiam
1134 3501 1436 3556 mihilibet
1462 3501 1774 3557 Franconis

154 3593 422 3667 episc0pi
439 3594 629 3647 Worm
640 3593 857 3647 accnsis
879 3594 1112 3646 brevem
1136 3591 1334 3657 vitam,
1354 3590 1448 3662 qui
1460 3591 1690 3661 juvenis
1710 3606 1775 3645 ac

153 3682 329 3738 omni
354 3681 644 3754 probitate
674 3682 867 3735 clucns
897 3680 1077 3735 ccsari
1122 3683 1365 3750 augusto
1407 3679 1621 3749 placuit
1654 3696 1668 3747 ;
1719 3683 1776 3734 et

153 3787 295 3826 eum
311 3769 566 3825 eundem
579 3786 696 3825 sua:
710 3770 835 3840 conj
848 3772 1083 3823 unctum
1101 3767 1478 3822 familiaritati
1493 3768 1550 3821 in
1572 3766 1777 3822 divinis

154 3861 388 3931 pollere
417 3858 615 3913 sedulo
649 3858 897 3921 vidisset,
928 3860 1158 3912 mortuo
1206 3856 1478 3927 predictaa
1537 3855 1777 3910 civitatis

154 3946 421 4002 antistite
444 3946 746 4001 Hillibaldo
768 3948 939 4015 (567),
958 3945 1146 3999 cidem
1170 3944 1474 3999 succedere
1488 3944 1641 3999 fecit.
1668 3943 1773 4008 Qui

154 4053 348 4092 unum
372 4036 675 4090 dumtaxat
711 4051 931 4088 annum
976 4032 1267 4099 sedens,in
1290 4033 1452 4087 Italia
1477 4032 1637 4099 obiit,
1667 4031 1773 4087 ibi-

154 4125 292 4179 dem
316 4124 573 4195 sepultus
594 4125 760 4187 (568).
783 4123 999 4176 Vellem
1018 4120 1471 4188 libentissime,si
1493 4136 1772 4191 umquam

154 4212 285 4267 fieri
328 4211 696 4282 potuisset,ut
713 4210 1067 4283 optimorum
1083 4209 1477 4280 quorumlibet
1492 4208 1777 4263 memoria

152 4317 264 4373 per
282 4298 577 4353 inutilium
596 4315 773 4370 opera
784 4299 1317 4353 meimetmanuum
1338 4296 1698 4369 presentibus
1709 4313 1776 4352 ac

150 4388 408 4461 posteris
431 4388 685 4459 quadam
714 4387 965 4442 novitate
984 4390 1219 4458 accepta
1256 4386 1579 4452 ﬂoruisset;
1608 4390 1672 4441 ut
1695 4386 1774 4441 hii

152 4493 390 4544 omnes,
408 4475 516 4532 etsi
532 4478 644 4532 hoc
667 4493 783 4531 non
797 4476 1089 4543 delectati,
1114 4492 1217 4547 pro
1231 4475 1442 4548 pietate
1467 4479 1661 4531 tamen
1675 4492 1777 4531 sua

1879 3238 1960 3292 De
1986 3254 2233 3309 quorum
2269 3254 2511 3293 numero
2546 3239 2815 3310 quaedam
2864 3240 3191 3308 cometissa,
3248 3240 3488 3297 nomine

1877 3325 2200 3380 Christiana
2215 3333 2311 3391 787,
2344 3326 2527 3397 predii
2549 3327 2942 3397 suimet,quod
2969 3328 3027 3382 in
3047 3328 3222 3384 Stuwi
3241 3336 3314 3372 m
3342 3330 3485 3401 (569)

1874 3413 2103 3468 civitate
2144 3414 2365 3480 habuit,
2424 3429 2700 3485 magnam
2730 3417 2957 3485 partem
3004 3419 3201 3471 sancto
3249 3417 3490 3473 tradidit

1872 3501 2136 3556 Mauricio
2159 3501 2218 3556 in
2239 3501 2649 3573 Magadaburg.
2702 3503 2831 3556 Haec
2864 3502 2994 3557 vita:
3028 3502 3198 3574 hujus
3236 3499 3502 3561 celerem

1874 3605 2103 3644 cursum
2135 3606 2267 3644 cum
2298 3589 2358 3644 in
2398 3589 2621 3645 Christo
2644 3589 2838 3645 vivens
2870 3591 3265 3663 pertransiret.
3296 3595 3327 3648 8
3356 3593 3487 3648 ldus

1871 3677 2062 3733 Marcii
2085 3678 2157 3732 ad
2173 3677 2270 3733 diu
2288 3678 2468 3750 optati
2484 3679 2805 3733 thalamum
2826 3678 3016 3751 sponsi
3032 3678 3289 3750 gaudens
3304 3680 3483 3748 venit;

1874 3766 2029 3838 quod
2044 3767 2278 3822 Gisilero
2294 3766 2674 3837 archipresuli
2692 3775 2765 3809 τοο
2790 3771 2926 3823 tunc
2946 3775 3020 3810 τω
3042 3768 3486 3841 Parthenopoli-

1874 3856 2214 3926 tano(f.73’)
2235 3856 2292 3911 in
2316 3855 2801 3929 Quidilingeburg
2817 3860 2952 3912 tunc
2981 3856 3235 3912 moranti
3249 3856 3327 3912 sic
3357 3873 3483 3913 ma-

1877 3944 2213 4000 nifestatum
2236 3949 2340 4000 est.
2373 3946 2657 4017 Apparuit
2686 3946 2738 4001 ei
2755 3946 2993 4017 quidam
3019 3945 3123 4013 vir,
3157 3945 3351 4001 dicens
3379 3945 3432 4001 ei
3467 3961 3482 4001 :

1877 4032 2087 4100 Scisne,
2115 4035 2255 4107 quod
2283 4036 2459 4089 omnis
2488 4035 2701 4091 milicia
2750 4034 2979 4092 celestis
3010 4041 3263 4091 exercitus
3285 4051 3340 4091 se
3355 4051 3487 4107 pre-

1865 4129 2035 4194 parat
2063 4124 2134 4177 ad
2157 4123 2443 4177 adventum
2479 4122 2700 4179 Christo
2724 4124 2894 4194 ﬁdelis
2946 4141 3141 4179 animae
3168 4140 3232 4179 ac
3270 4124 3340 4179 ad
3368 4140 3488 4180 con-

1872 4210 2096 4280 dignam
2120 4212 2504 4282 susceptionem
2525 4213 2647 4268 talis
2662 4212 2905 4284 sponsae?
2928 4213 3058 4269 Jam
3083 4215 3225 4270 enim
3252 4215 3395 4269 venit
3414 4212 3487 4268 ad

1878 4303 2361 4355 remunerationem
2412 4309 2572 4373 atque
2607 4300 2678 4354 ad
2704 4308 2920 4357 eterna:
2958 4305 3249 4359 mansionis
3273 4303 3485 4359 beatam

1873 4388 2150 4460 spem.Qui
2174 4404 2305 4443 cum
2329 4389 2646 4461 evigilaret,
2674 4390 3007 4448 Waltherdo
3028 4396 3167 4448 tunc
3191 4392 3484 4464 proposito

1878 4476 2142 4548 primitus
2158 4476 2440 4546 innotuit;
2461 4481 2659 4534 etcum
2678 4478 2726 4534 is
2744 4479 3136 4535 venerabilem
3149 4482 3483 4534 matronam

1489 4649 1722 4705 VARUE
1759 4649 2155 4707 LECTIONES.

223 4774 320 4817 ἰη’
342 4774 469 4829 add.
508 4775 590 4829 1b.
668 4781 739 4815 τεν
761 4774 1112 4829 honorantes
1144 4777 1230 4831 la.
1304 4726 1377 4816 :180
1409 4790 1585 4829 ezone
1614 4778 1699 4829 la.
1776 4782 1846 4817 ἰιι
1879 4777 1957 4829 ita
1988 4778 2063 4829 lc.
2093 4774 2315 4845 depresi
2352 4762 2436 4833 ta.
2512 4783 2584 4818 ⁷³³
2616 4774 3089 4846 parthepoliml.

150 4847 438 4901 darentur
473 4850 551 4902 ta.
630 4853 700 4886 73‘
731 4848 990 4916 Agnosco
1013 4876 1049 4884 —
1100 4848 1290 4917 potest
1322 4846 1429 4899 alia
1458 4864 1619 4899 manu
1656 4848 1871 4917 scripta.
1947 4854 2019 4888 ⁷³⁸
2046 4846 2325 4901 harundei
2361 4850 2412 4902 l.

3194 4780 3267 4815 ⁷³³
3294 4787 3485 4829 recor-

2521 4854 2592 4889 m
2617 4842 2678 4900 'n.
2715 4864 2767 4904 v.
2802 4842 2925 4901 ddd.
2964 4844 3047 4899 1b.
3158 4850 3229 4886 'm
3263 4844 3340 4898 ita
3373 4842 3483 4898 ib?

150 4918 414 4989 (cristiua
457 4922 540 4973 la.
576 4934 718 4971 nunc
742 4913 935 4972 rasura
973 4913 1113 4971 corr;
1143 4916 1395 4987 eris-tina)
1426 4918 1579 4971 Ann.
1610 4913 1764 4973 Sari
1821 4925 1892 4960 ἠε
1917 4917 2067 4972 stuui
2098 4921 2182 4973 ta.
2259 4926 2330 4961 τεο
2361 4917 2746 4991 archipresule
2778 4920 2860 4974 ta.
2937 4923 3010 4958 πο
3038 4913 3166 4971 add.
3197 4913 3282 4972 lb.

1704 5090 1925 5148 ΝΟΤΛΕ.

218 5209 377 5278 (563)
415 5208 494 5262 De
517 5207 606 5263 his
632 5208 833 5278 confer
860 5209 1211 5263 monachum
1234 5208 1771 5264 Brunwillarensem

151 5277 309 5351 apud
360 5277 617 5334 'Leibnit.
672 5277 770 5332 SS.
825 5296 937 5333 rer.
1000 5278 1286 5333 Brunsvic.
1352 5282 1393 5333 t.
1443 5281 1484 5346 l,
1546 5297 1602 5351 p.
1640 5283 1763 5348 313,

151 5365 374 5490 sql564)
415 5418 569 5474 Obiit
627 5436 779 5473 anno
831 5424 963 5487 907;
1019 5436 1072 5474 v.
1121 5420 1437 5473 Hermann.
1474 5419 1762 5475 Contract-

153 5490 375 5547 Necrol.
409 5491 574 5544 Fuld.
612 5491 678 5544 Et
707 5491 941 5562 quidem
975 5492 1145 5545 Decb.
1186 5494 1268 5555 l5,
1312 5506 1361 5542 v.
1393 5491 1761 5545 NecrolMcr-

217 5634 371 5704 (565)
426 5631 586 5686 Obiit
625 5647 783 5704 anno
814 5634 941 5693 993.
997 5633 1155 5689 Mart.
1213 5635 1295 5691 l3.
1340 5635 1481 5687 teste
1536 5632 1759 5687 Necrol.

151 5700 483 5776 Luncburg.
521 5704 686 5757 Conf.
715 5703 951 5758 Lcutsch
976 5704 1264 5775 Markgraf
1280 5705 1446 5773 Gero,
1472 5720 1534 5777 Ρ.
1577 5707 1674 5761 136
1706 5706 1765 5759 et

1915 5227 2107 5267 assim.

2129 5279 2744 5351 Munchen-Nienburg
2772 5278 2830 5334 in
2877 5278 3087 5351 ducatu
3116 5276 3471 5351 7An_haltino.

1965 5347 2092 5423 567)
2119 5351 2273 5407 Obiit
2304 5370 2357 5406 a.
2392 5354 2518 5418 998,
2546 5353 2691 5423 Aug.
2706 5347 2781 5423 ί4.
2831 5351 2895 5423 γ.
2930 5350 3153 5406 Necrol.
3211 5347 3369 5403 Fuld.
3417 5350 3477 5404 et

1868 5422 2140 5487 Merseb.,
2166 5424 2313 5492 Aug.
2345 5426 2405 5492 3;
2439 5422 2660 5477 Necrol;
2694 5422 2913 5478 Luneb.

1865 5491 2085 5618 “$368)
2128 5490 2284 5547 Obiit
2320 5490 2399 5547 δέ
2436 5496 2561 5560 999,
2606 5495 2843 5566 August.
2906 5494 2997 5561 28,
3044 5493 3188 5546 teste
3236 5490 3463 5548 Necrol.

1907 5579 2024 5617 Illa.

1932 5634 2075 5708 (569)
2109 5634 2363 5710 S_tc_eb_en,
2392 5633 2879 5710 villa'l‘huringica
2900 5651 3019 5691 non
3038 5635 3235 5708 procul
3258 5650 3292 5690 a
3308 5632 3473 5690 Cam-

1864 5694 2153 5780 bu'rgo'ad
2180 5694 2545 5763 SalanLUas.
