3892 6214
416 425 552 488 ηπ.

1403 422 1771 480 THIETMARI
1806 421 2415 481 MERSEBURGENSIS
2453 424 2768 483 EPISCOPI

3599 435 3735 493 1276

422 570 488 610 ex
516 554 624 609 hac
649 553 774 609 luce
805 552 1010 608 eadem
1041 552 1230 618 nocte,
1252 567 1367 623 qua
1395 551 1516 605 haec
1560 550 1678 605 visa
1712 552 1862 615 sunt,
1898 549 2007 604 mi-
2035 555 2090 613 Α
2109 550 2268 616 ret,si
2308 550 2387 606 sic
2421 552 2678 607 humana
2709 552 3020 625 fragilitate
3041 555 3164 613 ﬂeri
3196 561 3408 630 posset.
3445 560 3730 618 Predicta

421 659 612 714 grasse
669 659 805 697 mox
860 641 1103 706 audiret,
1144 639 1354 694 seniori
1402 639 1597 705 refert,
1637 643 1694 692 et
1733 638 2011 692 visionem

417 746 580 784 suam
607 729 745 785 dixit
765 746 888 785 esse
905 730 1276 801 completam.
1295 729 1423 782 Haec
1439 728 1592 782 bona
1609 743 1852 798 qumque
1875 743 2010 780 con-

421 819 670 874 scientim
689 822 891 888 tegens
906 826 974 861 ἰιι
998 821 1217 872 secreto
1230 835 1366 882 suae,
1384 816 1491 871 fuit
1509 816 1727 872 czeteris
1743 816 2016 870 matroni-

423 908 530 964 bus
556 916 651 973 ⁷η,
681 924 805 979 quae
839 906 991 978 apud
1023 905 1334 960 modernos
1354 913 1425 947 τη
1450 909 1604 970 sunt,
1654 906 1825 975 longe
1854 904 2014 958 dissi-

420 996 592 1062 milis,
625 1012 865 1068 quarum
883 1011 1095 1065 magna
1113 1011 1247 1066 pars
1272 995 1625 1048 menbratim
1673 994 1879 1063 injuste
1906 994 2015 1046 cir-

423 1086 763 1153 cumcincta,
797 1086 952 1158 quod
979 1085 1175 1140 venale
1223 1085 1400 1139 habet
1452 1084 1512 1138 in
1571 1101 1651 1151 se,
1701 1083 1919 1138 cunctis
1948 1091 2018 1125 ἰιι

422 1174 777 1230 amatoribus
831 1174 1080 1230 ostendit
1134 1177 1350 1245 aperte.
1413 1173 1670 1244 Cumque
1725 1171 1795 1226 sit
1823 1172 1883 1226 in
1912 1172 2022 1226 hiis

424 1263 820 1318 abhominatio
863 1261 963 1317 Dei
989 1264 1046 1316 et
1085 1261 1332 1316 dedecus
1361 1260 1557 1323 seculi,
1616 1260 1829 1331 absque
1861 1259 2020 1313 omni

417 1351 634 1422 pudore
663 1365 860 1405 coram
888 1347 1148 1419 procedit
1173 1349 1467 1419 speculum
1494 1348 1677 1402 tocius
1712 1346 2017 1418 populim.

419 1439 607 1509 Turpe
633 1441 718 1492 est
743 1454 807 1492 ac
842 1437 1014 1492 nimis
1041 1436 1367 1491 miserabile
1392 1436 1483 1506 (cf.
1503 1439 1662 1490 PERS.
1688 1453 1727 1502 1,
1761 1435 2023 1507 3.),quod

423 1528 692 1598 peccator
739 1523 1127 1596 unusquisque
1153 1541 1272 1579 non
1291 1525 1409 1578 vult
1439 1525 1771 1579 delitescere
1793 1532 1884 1591 τη,
1925 1524 2024 1578 sed

426 1615 497 1670 ad
529 1614 853 1669 irrisionem
882 1613 1049 1669 bonis
1081 1615 1137 1667 et
1167 1612 1240 1666 ad
1271 1613 1602 1682 exemplum
1630 1612 1796 1666 malis
1827 1627 2022 1684 presu-

424 1702 534 1758 mit
562 1703 895 1776 procedere.

497 1794 586 1848 42.
609 1791 674 1846 In
699 1791 898 1846 diebus
926 1789 1034 1845 illis
1064 1789 1259 1860 nupsit
1286 1789 1521 1845 Mahtild
1551 1789 2024 1858 sanctimonialis,

426 1880 542 1936 filia
559 1879 876 1936 Thiederici
892 1887 962 1920 7‘7
979 1877 1350 1944 marchionis,
1367 1877 2027 1945 cuidamSclawo,nomi-

427 1986 499 2024 ne
527 1967 873 2024 Prebizlavo.
909 1967 1045 2032 Quae
1085 1971 1216 2037 post
1244 1974 1315 2008 ἠε
1347 1984 1379 2020 a
1410 1965 2026 2037 Brennebrugensism

429 2057 642 2128 injuste
675 2056 967 2127 provisore
997 2056 1058 2127 (f.
1087 2057 1173 2125 74)
1206 2055 1447 2110 civitatis
1479 2055 1739 2109 Bolibuto
1764 2063 1856 2110 τεο.
1882 2055 2028 2126 (£310)

427 2148 614 2218 capta,
647 2145 705 2200 in
738 2147 967 2200 tantum
994 2144 1299 2199 constricta
1329 2147 1432 2207 est,
1461 2146 1524 2197 ut
1551 2159 1736 2216 neque
1767 2142 2029 2197 Domini-

432 2251 560 2290 cam
584 2233 964 2299 nativitatem,
998 2250 1100 2288 nec
1131 2233 1303 2287 aliam
1335 2232 1826 2303 sollempnitatem
1852 2231 2035 2302 velje-

434 2323 599 2394 junio
656 2321 997 2394 congruenti
1037 2321 1337 2393 prevenire
1382 2322 1470 2374 vel
1503 2319 1713 2374 festivis
1739 2320 2030 2375 celebrare

431 2412 657 2484 gaudiis
709 2412 1003 2484 potuisset.
1057 2410 1161 2464 Ubi
1205 2409 1497 2481 quendam
1530 2425 1774 2480 puerum
1808 2409 2027 2480 genuit,

436 2517 611 2572 quem
637 2499 956 2570 lugubriter
983 2498 1264 2564 educavit,
1296 2501 1608 2569 posteaque
1640 2500 1814 2550 tanta:
1873 2498 2032 2552 solu-

433 2589 653 2644 tionem
667 2588 913 2643 miseriaa
933 2591 989 2642 et
1003 2587 1301 2642 abbaciam
1321 2587 1378 2640 in
1399 2586 1864 2656 Magadaburgm
1885 2586 2032 2657 (571)

438 2675 682 2747 indigna
715 2676 993 2746 percepit.
1018 2675 1188 2743 Cujus
1209 2674 1294 2727 vir
1315 2677 1570 2728 anteam
1593 2691 1627 2728 a
1649 2673 2033 2729 confratribus

436 2763 677 2836 geminis
704 2764 926 2834 Ugione
943 2779 1007 2819 ac
1024 2763 1280 2817 Ufficone
1297 2767 1326 2817 5
1347 2762 1630 2816 Kalendas
1653 2762 1907 2817 Januarii
1938 2780 2034 2818 oc-

434 2854 628 2908 cubuit
652 2853 818 2922 (572).
838 2853 1014 2924 Hujus
1044 2852 1244 2918 frater,
1274 2851 1565 2906 Liudulfus
1581 2851 1840 2918 nomine,
1862 2852 2036 2923 depo-

432 2941 540 2996 sito
555 2941 825 2997 clericatu
845 2957 1009 2996 arma
1034 2957 1267 2996 sumens
1289 2940 1533 3006 ultricia,
1567 2941 1813 2994 multum
1840 2943 2035 2996 nocuit

438 3030 874 3102 nostris,captus
887 3032 1080 3084 autem
1099 3046 1132 3084 a
1147 3046 1360 3096 cesare,
1389 3029 1600 3084 iterum
1625 3029 1919 3084 restitutus
1951 3033 2036 3085 est

435 3119 638 3190 gradui
664 3117 926 3190 pristino.

505 3208 596 3262 43.
625 3209 685 3261 ln
713 3205 1072 3277 temporibus
1117 3204 1353 3278 predicti
1389 3205 1613 3260 caesaris
1663 3205 1770 3260 fuit
1807 3205 1868 3260 in
1895 3207 2037 3262 urbe

437 3294 986 3366 Parthenopolitaua
1016 3294 1252 3366 quidam
1282 3294 1552 3360 decanus,
1585 3294 1741 3365 Hepo
1772 3295 2035 3360 nomine,

433 3383 631 3438 hilaris
661 3385 833 3439 homo
853 3387 910 3438 et
939 3384 1101 3439 valde
1132 3383 1350 3438 utilisin
1372 3383 1747 3450 monasterio,
1777 3387 1834 3437 et
1856 3384 2036 3438 maxi-

438 3489 533 3526 me
552 3471 611 3526 in
629 3471 940 3536 choro.Qui
957 3472 1217 3542 cumjam
1237 3489 1407 3527 senex
1432 3471 1561 3527 etin
1583 3472 1802 3527 cunctis
1821 3471 2040 3527 actibus

435 3559 548 3615 suis
575 3564 836 3615 maturus
863 3563 1030 3628 esset,
1064 3560 1294 3632 paralisi
1325 3561 1510 3615 subito
1527 3576 1824 3631 percussus
1837 3561 2039 3615 obmu-

437 3650 582 3719 tuit;
644 3651 742 3705 sed
785 3651 999 3706 summi
1044 3649 1260 3705 auxilio
1290 3649 1497 3704 medici
1528 3650 1782 3718 psalmos
1821 3649 2043 3721 Optime

436 3739 624 3810 potuit
651 3756 783 3794 cum
799 3738 1188 3794 confratribus
1208 3753 1445 3804 canere;
1481 3737 1550 3791 ad
1568 3740 1777 3790 caetera
1794 3753 1925 3792 vero
1950 3755 2045 3810 pa-

434 3843 565 3882 rum
595 3827 772 3881 valuit
793 3826 1065 3898 aspirare.
1099 3827 1166 3880 Et
1196 3825 1252 3880 in
1279 3825 1386 3878 hac
1408 3824 1732 3879 mirabilire
1755 3825 2045 3882 laudanda

434 3915 613 3971 virtus
656 3914 861 3969 Christi
911 3913 1298 3985 cognoscitur,
1355 3928 1483 3982 quae
1541 3912 1808 3967 servienti
1835 3921 1907 3956 ⁷⁸³
1937 3914 2043 3969 sibi

435 4003 683 4058 ﬁdeliter
707 4003 854 4056 vires
875 4016 1185 4072 suggerere
1214 3999 1271 4052 in
1306 3999 1500 4053 multis
1525 4000 1897 4071 approbatur.
1931 4001 2044 4057 Sed

433 4105 566 4143 cum
593 4088 935 4142 venerabilis
967 4089 1155 4158 pater,
1188 4087 1246 4140 in
1278 4087 1478 4141 relicto
1512 4087 1711 4142 habitu
1747 4089 2042 4144 monachi-

436 4190 502 4229 co
517 4191 577 4228 se
604 4173 778 4228 nimis
793 4174 1236 4244 peccasse,facta
1258 4173 1619 4231 confessione
1641 4179 1775 4232 tunc
1789 4185 1860 4219 ἰιι
1886 4177 2045 4249 inge-

436 4261 694 4328 muisset,
727 4263 793 4334 (f.
825 4263 934 4335 74³)
965 4263 1139 4336 idque
1161 4267 1350 4318 ortatu
1373 4264 1616 4320 fratrum
1638 4265 1695 4320 in
1713 4267 2043 4339 receptione

438 4349 698 4422 ejusdem
713 4351 1327 4424 emendarevoluisset,
1364 4355 1670 4426 nonlonge
1701 4358 1828 4425 post
1856 4357 2045 4410 Nonas

2050 1850 2099 1907 B

2113 642 2305 693 autem
2326 643 2511 694 custos
2527 641 2778 696 ecclesia!
2794 643 3734 718 Ekkihardus,cognomineRufus,

2115 731 2236 780 arte
2259 728 2674 796 grammaticus
2697 733 2754 782 et
2774 732 2912 783 tunc
2937 731 3214 802 magister
3243 734 3480 801 schola,
3512 753 3648 791 cum
3679 737 3734 793 in

2115 832 2230 869 una
2254 815 2480 870 dierum
2512 818 2693 871 altare
2727 835 3008 890 magnum
3027 824 3339 876 etaureum
3367 825 3736 897 gemmisque

2116 904 2449 974 optimoque
2467 910 2735 959 ornatum
2755 907 2990 972 electro,
3007 908 3051 962 si
3067 909 3280 981 aliquid
3307 911 3364 964 in
3396 928 3466 966 eo
3492 913 3733 980 deesset,

2117 992 2479 1046 considerare
2496 994 3168 1067 voluisset,exinproviso
3197 999 3269 1052 ab
3301 999 3518 1054 eodem
3553 1001 3736 1073 depri-

2118 1081 2330 1145 mitur;
2360 1084 2417 1134 et
2443 1097 2508 1135 ex
2542 1082 2648 1136 hac
2677 1083 2970 1139 collisione
2999 1085 3278 1154 tardatus,
3303 1089 3620 1158 pecuniam
3635 1089 3739 1144 sui-

2120 1174 2241 1223 met
2269 1168 2366 1223 diu
2395 1173 2834 1242 congregatam,
2864 1173 3024 1244 larga
3059 1190 3238 1228 manu
3275 1175 3740 1233 distribuendam

2121 1255 2454 1311 Waltherdo
2481 1259 2773 1313 commisit
2805 1261 3119 1331 preposito,
3155 1265 3212 1316 et
3232 1267 3364 1334 post
3383 1280 3607 1334 paucos
3629 1266 3742 1321 dies

2122 1349 2156 1400 2
2175 1346 2362 1400 Nonas
2392 1346 2747 1418 Septembris
2765 1348 3032 1419 spiritum
3053 1350 3284 1406 fidelem
3305 1354 3560 1407 exalavit
3582 1354 3740 1418 (573).

2125 1433 2306 1496 Quem
2334 1451 2449 1488 non
2482 1434 2540 1488 in
2574 1435 2768 1507 aliqua
2794 1453 2858 1490 re
2883 1453 3086 1492 accuso
3121 1457 3138 1503 ;
3180 1440 3280 1494 sed
3324 1440 3437 1494 hoc
3466 1443 3745 1498 veraciter

2123 1521 2260 1587 scio,
2315 1522 2470 1593 quod
2515 1523 2561 1577 si
2609 1524 2734 1594 quis
2775 1529 3037 1580 sanctum
3093 1526 3336 1582 offendit
3383 1529 3742 1597 Mauricium,

2126 1608 2362 1680 dampni
2378 1611 2779 1684 subsequentis
2803 1630 2920 1667 non
2945 1613 3174 1684 ignoret
3191 1616 3539 1687 periculum.
3577 1619 3747 1690 Hujus

2125 1704 2197 1738 ἠδ
2230 1698 2563 1753 thesaurum
2592 1699 2826 1771 quidam
2871 1701 3100 1771 juvenis
3148 1702 3427 1759 instinctu
3460 1706 3746 1762 diabolica

2130 1801 2260 1839 cum
2283 1790 2451 1840 nocte
2481 1788 2790 1842 tenebrosa
2820 1788 3000 1844 furari
3027 1792 3316 1857 voluisset,
3340 1793 3401 1846 in
3435 1793 3747 1867 primoque

2129 1874 2285 1928 aditu
2327 1875 2614 1945 trepidare
2658 1876 2938 1948 incipiens
2970 1878 3242 1934 desistere
3259 1881 3388 1950 jam
3414 1882 3748 1951 studuisset,

2130 1967 2190 2016 ut
2204 1963 2322 2033 ipse
2345 1966 2474 2035 post
2491 1964 2914 2031 retulit,vocem
2929 1967 3224 2038 quandam
3239 1968 3311 2022 ad
3327 1969 3452 2024 haec
3471 1971 3748 2027 audacter

2130 2059 2201 2093 737
2253 2053 2482 2123 agenda
2537 2057 2897 2108 exortantem
2951 2055 3189 2109 audivit.
3249 2057 3362 2112 Sed
3417 2058 3517 2113 ille
3579 2061 3752 2116 miser

2134 2143 2366 2209 sumpta
2392 2140 2609 2194 ibidem
2643 2157 2879 2209 corona,
2911 2144 3176 2198 celeriter
3195 2145 3254 2198 in
3281 2145 3405 2217 ipsa
3431 2150 3521 2202 est
3551 2152 3746 2222 captus

2131 2235 2222 2294 πθ,
2257 2227 2572 2300 fractisque
2597 2229 2858 2284 cruribus
2888 2234 3031 2286 rotae
3055 2234 3472 2304 superpositus.

2204 2318 2292 2372 4t.
2319 2317 2469 2386 (£75)
2493 2319 2606 2372 Nec
2638 2319 2815 2373 lateat
2839 2323 2894 2374 te
2924 2321 3201 2375 lectorem
3229 2322 3541 2392 cujusdam
3565 2324 3755 2382 fratris

2136 2404 2252 2458 mei
2282 2407 2606 2460 constantia
2640 2407 2962 2470 Huswardi;
2993 2407 3066 2462 ad
3097 2425 3272 2480 quem
3296 2411 3467 2480 juxta
3502 2428 3597 2468 me
3621 2418 3750 2468 tunc

2133 2501 2205 2534 τεο
2229 2493 2620 2548 dormientem
2675 2511 2806 2548 cum
2853 2495 3139 2566 diabolus,
3193 2497 3505 2554 insidiator
3567 2506 3756 2557 noster

2133 2581 2390 2648 callidus,
2417 2581 2474 2634 in
2489 2599 2526 2636 n
2538 2586 2664 2637 octe
2679 2583 2880 2638 crebro
2895 2585 3213 2653 accederet,
3227 2602 3292 2640 ac
3308 2604 3498 2658 prope
3520 2605 3658 2644 eum
3671 2590 3754 2661 ja-

2136 2670 2302 2724 cendi
2333 2671 2521 2724 locum
2557 2671 2769 2725 frustra
2803 2675 3048 2742 peteret,
3107 2673 3180 2728 ad
3220 2675 3520 2742 ultimum,
3571 2681 3632 2731 ut
3660 2678 3756 2732 sibi

2135 2774 2239 2828 pro
2270 2757 2604 2829 accipienda
2633 2760 2898 2814 mercede
2929 2760 3200 2816 voluisset
3226 2762 3469 2830 servire,
3493 2765 3751 2837 supplici-

2136 2850 2224 2900 ter
2242 2847 2484 2917 rogavit.
2517 2847 2702 2901 Atille
2724 2847 2850 2918 pius
2871 2849 3103 2920 votique
3121 2866 3239 2906 non
3258 2851 3564 2908 inmemor
3576 2855 3757 2910 domi-

2141 2934 2272 3002 nici,
2293 2936 2622 3006 utpromiss
2637 2953 2735 2989 um
2757 2936 2862 2990 sibi
2884 2937 3177 3009 premium
3198 2938 3473 3010 inprimis
3495 2944 3757 2998 ostende-

2136 3027 2228 3078 ret
2246 3027 2558 3096 posteaque
2580 3042 2919 3096 responsum
2939 3027 3148 3082 suimet
3163 3029 3756 3103 perciperet,postula-

2110 3140 2112 3143 -
2138 3111 2395 3166 vit.Tunc
2411 3112 2454 3166 is
2474 3129 2486 3166 :
2505 3111 2964 3180 Consimili,inﬁt,
2985 3115 3164 3170 bravio
3184 3118 3467 3188 \574),quo
3489 3136 3668 3174 meum
3704 3122 3755 3173 in

2142 3200 2406 3255 occidente
2422 3218 2589 3272 nuper
2609 3201 2784 3256 ditan
2823 3203 3210 3264 1nim'strum.te
3228 3205 3369 3259 mihi
3381 3222 3755 3264 consensui-um

2140 3290 2508 3344 remunerabo.
2541 3289 2765 3345 Auditis
2799 3291 3008 3346 talibus
3039 3292 3324 3364 alloquiis,
3358 3297 3652 3365 presbiter
3675 3298 3756 3353 hic

2141 3378 2594 3445 venerandus,ut
2607 3395 2740 3449 sepe
2759 3383 2929 3434 antea
2946 3386 3341 3448 consueverat,
3371 3383 3544 3455 signo
3559 3389 3755 3442 sanctae

2142 3466 2323 3520 crucis
2358 3470 2415 3520 et
2442 3466 2948 3538 increpacionibus
3003 3469 3217 3539 asperis
3246 3471 3403 3524 hunc
3453 3472 3753 3545 effugavit;

2143 3571 2392 3625 cumque
2420 3554 2480 3608 in
2511 3555 2760 3610 occiduis
2783 3556 3044 3626 partibus
3064 3557 3358 3629 quendam
3384 3560 3663 3617 clericum
3689 3563 3754 3617 ob

2143 3643 2402 3697 criminis
2435 3643 2518 3697 sui
2551 3643 3016 3715 magnitudinem
3046 3647 3249 3718 laqueo
3273 3665 3625 3718 suspensum
3647 3667 3752 3706 esse

2144 3732 2688 3802 comperiret,nobis
2701 3734 2969 3788 omnibus
2988 3737 3046 3789 et
3066 3737 3419 3792 antecedens
3443 3755 3511 3793 ac
3540 3747 3612 3782 τσο
3635 3755 3753 3794 con-

2144 3837 2388 3893 sequens
2421 3821 2731 3876 intimavit.
2753 3822 2821 3875 Et
2843 3823 3055 3878 mirum
3084 3828 3190 3891 est,
3225 3842 3357 3880 cum
3391 3828 3558 3883 omni
3585 3828 3754 3884 domi-

2146 3909 2274 3964 nica
2303 3908 2395 3963 die
2426 3909 2499 3964 ad
2533 3909 2942 3965 dormitorium
2972 3911 3110 3968 illud
3141 3921 3212 3955 τσο
3240 3913 3453 3969 Christi
3479 3932 3615 3971 crux
3635 3932 3754 3971 vera

2143 4000 2494 4070 portaretur,
2555 3998 2650 4052 ille
2704 3999 2992 4069 malignus
3043 4001 3182 4056 talia
3233 4001 3427 4059 facere
3462 4008 3552 4059 est
3578 4022 3750 4060 ausus.

2144 4085 2210 4157 (f.
2236 4086 2346 4157 75’)
2361 4087 2421 4140 In
2438 4086 2531 4141 illo
2550 4087 2744 4158 itaque
2767 4103 2920 4142 anno
2944 4088 3238 4159 predictus
3254 4090 3462 4158 frater,
3500 4093 3673 4147 victor
3696 4096 3752 4146 ut

2143 4191 2310 4246 spero
2331 4175 2590 4243 effectus,
2621 4192 2686 4230 ac
2708 4177 2778 4231 de
2799 4178 3117 4258 commissis
3139 4179 3469 4250 penitentia
3481 4182 3691 4247 ductus,
3720 4187 3749 4236 7

2146 4265 2432 4318 Kalendas
2456 4264 2635 4320 Martii
2668 4266 2925 4320 seculare
2956 4267 3278 4338 periculum
3331 4270 3536 4324 evasit.
3583 4270 3750 4334 Quem

2145 4352 2554 4424 agonizantem
2584 4358 2773 4408 mater
2803 4357 3145 4420 sua,Berhta
3164 4357 3642 4429 nomine.jamm
3660 4359 3747 4412 de-

432 4438 685 4495 Januarii
731 4439 891 4507 obiit,
926 4441 1182 4513 sepultus
1212 4441 1287 4496 ad
1315 4447 1582 4498 sanctum
1613 4451 1685 4485 ⁷⁸⁵
1714 4444 2042 4498 Iohannem
2069 4510 2110 4517 _
2145 4443 2365 4514 crepita
2390 4446 2738 4510 consolatur,
2755 4445 3054 4515 geminum
3081 4446 3372 4517 patienter
3394 4448 3587 4502 ferens
3602 4447 3746 4502 dolo-

433 4545 565 4584 cum
597 4529 818 4585 caeteris
845 4530 1252 4599 confratribus,
1281 4547 1413 4588 cum
1435 4532 1642 4603 quibus
1662 4531 1850 4587 vivere
1876 4531 2046 4586 debe-
2069 4510 2122 4570 D
2146 4533 2560 4605 rem.Namque
2585 4536 2722 4588 tunc
2743 4536 2867 4588 erat
2887 4549 3082 4589 annua
3094 4533 3214 4589 dies
3234 4534 3336 4590 ﬁlii
3357 4537 3572 4592 suimet
3588 4538 3744 4592 Bevo-

1751 4668 1986 4724 VARIIE
2041 4670 2331 4725 LECTION
2339 4669 2442 4726 ES.

497 4791 796 4864 mplegens
821 4796 878 4848 2.
973 4801 1046 4835 τω
1072 4794 1354 4848 matronis
1386 4798 1464 4849 lc.

1564 4802 1636 4837 ἰιι
1666 4795 2088 4870 modernasla.
2125 4869 2129 4870 ί
2167 4803 2238 4837 7“
2262 4795 2572 4870 inhonesta
2593 4793 3002 4870 circumcincta
3031 4794 3575 4870 turpitudinemque
3602 4812 3744 4851 suam

427 4862 590 4937 quasi
619 4862 748 4937 eam
767 4865 1032 4937 venalem
1056 4865 1267 4937 habeat
1289 4865 1507 4920 cunctis
1535 4870 1568 4921 2
1667 4874 1739 4908 ἰιι
1769 4867 2031 4937 procedit
2082 4869 2140 4921 et
2164 4867 2316 4922 unde
2346 4867 2720 4922 verecundari
2753 4867 3012 4932 deberet,
3035 4862 3424 4937 irreverenter
3456 4862 3514 4923 in
3546 4872 3744 4937 specta-

430 4935 623 5016 culum
645 4935 817 5016 totius
843 4936 1037 5016 populi
1067 4935 1352 5016 ponit}...
1380 4939 1549 5016 “fita
1583 4940 1660 4991 lc.
1691 4935 2017 5016 delitiscere
2052 4941 2138 4992 ia.
2215 4946 2285 4981 “H7
2319 4941 2563 5016 primam
2603 4954 2638 5016 e_
2661 4953 2949 5016 erasum.“
2992 4944 3064 5016 πίε
3239 4955 3296 5010 p.
3343 4939 3480 5016 add.
3535 4935 3614 4994 ib.
3685 4945 3745 5016 ω

430 5004 951 5078 brandeburgensis
985 5004 1084 5064 1σὶ
1139 5015 1212 5050 πο
1239 5006 1497 5063 boliuuto
1527 5025 1668 5062 corr.
1691 5008 1948 5063 bolibuto
1981 5013 2030 5064 l.
2105 5017 2174 5051 ἰιι
2203 5027 2255 5065 e.
2298 5004 2352 5064 εἰ.
2389 5009 2425 5066 i.
2460 5009 2528 5064 M.
2567 5008 2698 5064 add.
2739 5010 2824 5066 lb.
2908 5015 2979 5050 75!
3005 5010 3078 5061 ita
3112 5009 3194 5063 lb.

2106 5088 2181 5155 ξηο
2226 5081 2402 5151 Hujus
2451 5110 2538 5155 —_
2563 5080 2955 5155 superpositus
2993 5094 3162 5155 maga
3190 5080 3301 5155 alia
3334 5082 3592 5155 inscripta
3619 5083 3744 5136 sunt.

434 5076 809 5132 servientibus
847 5081 927 5133 la.
1074 5085 1144 5120 7“
1176 5078 1298 5133 add.
1334 5079 1414 5133 lb.

1523 5087 1596 5122 ⁷⁸⁸
1617 5083 1876 5134 sanctam
1910 5083 1994 5134 la.

3272 5013 3363 5064 ost
3401 5012 3506 5066 hec
3541 5017 3620 5069 ta.
3687 5015 3745 5050 7“

435 5155 506 5189 7"
526 5149 610 5203 ita
637 5147 719 5204 lb.
749 5147 1088 5205 fiducialiter
1121 5153 1202 5205 la.
1278 5157 1351 5192 "8
1373 5150 1610 5207 ecclesia
1635 5149 1762 5206 add.
1793 5150 1870 5206 A.
1907 5150 1971 5210 S.
2006 5167 2058 5208 a.
2093 5154 2216 5209 999.
2293 5147 2364 5194 ἰἰθ
2400 5167 2494 5206 me
2526 5153 2566 5205 t.
2600 5147 2838 5206 addflb.
2914 5157 2987 5192 τοο
3023 5149 3150 5206 add.
3188 5150 3278 5209 ib.

2000 5275 2043 5329 N
2051 5274 2225 5331 OTIE.

514 5391 666 5473 (.5392
697 5391 793 5473 βξο.
814 5407 994 5473 septa
1017 5409 1092 5473 ιῖν
1129 5397 1212 5449 15-

514 5408 646 5465 te'zu
697 5408 780 5446 ur.
814 5408 988 5473 supra
1017 5409 1092 5462 ιν,
1129 5408 1212 5449 15.

511 5408 666 5536 (571;
689 5463 938 5537 Abbatia
963 5465 1020 5521 S.
1056 5463 1364 5537 Laurentii
1391 5464 1451 5520 in
1484 5481 1633 5521 nova
1661 5465 1802 5521 urbe
1823 5465 2054 5537 Magda-

2150 5393 2402 5452 Januarii
2434 5392 2779 5449 Prebeszlaus
2799 5393 2974 5462 frater
3002 5398 3198 5465 noster.
3235 5391 3381 5447 Cum
3415 5408 3591 5465 gener
3614 5390 3741 5446 esset

2157 5466 2441 5533 Dieterici,
2492 5464 3371 5538 marcbionis_§eptentrionalis,
3396 5464 3738 5538 Billingorum

444 5533 614 5610 burg,
647 5533 760 5610 'cui
813 5538 991 5610 antea
1048 5536 1298 5606 Brigida,
1332 5536 1479 5593 libro
1511 5537 1701 5610 primo
1730 5533 2058 5594 memorata
2157 5538 2348 5594 affinis
2365 5537 2684 5610 censendus
2706 5539 2824 5610 est.
2851 5533 3015 5610 ννέρ.

443 5606 776 5673 ρνῳὶαρτειι.
813 5606 974 5660 Kmn.

530 5665 679 5744 (572')
709 5675 772 5728 In
820 5675 1157 5748 Necrologio
1191 5675 1517 5751 Luneburg.
1559 5681 1645 5735 est
1676 5693 1690 5735 :
1723 5695 1806 5740 in.
1839 5679 2060 5736 Kalend

2232 5609 2379 5680 (573)
2409 5609 2472 5680 Υ.
2507 5606 2746 5680 Kalend.
2779 5606 3134 5680 Merseburg.

2234 5675 2286 5752 (5
2299 5675 2456 5752 74’)1.
2480 5695 2526 5735 c.
2559 5679 2797 5745 brabeo,
2828 5675 3088 5750 pramiol
