3892 6214
139 403 160 455 1
173 397 273 452 281
1444 388 1763 446 CHRONICt

1893 420 1962 434 -
1993 389 2119 447 LIB.
2143 391 2208 447 ν.
3345 396 3483 460 1282

138 518 228 572 50.
262 514 438 570 Nunc
477 512 552 583 (f.
599 512 704 579 79‘)
735 513 931 567 autem
965 511 1037 566 de
1072 510 1326 584 quodam
1356 509 1647 566 confratre
1693 517 1765 552 803
1786 514 1839 574 Α
1865 515 1978 579 tus,
2010 511 2164 583 quia,
2198 509 2302 565 etsi
2324 510 2382 565 in
2423 510 2532 566 hoc
2561 510 2750 566 seculo
2793 527 3000 583 parum
3033 510 3174 566 boni
3205 517 3477 583 operatus

137 621 296 672 meo,
346 602 611 657 nomine
663 601 949 668 Conrado,
992 617 1172 673 pauca
1208 601 1437 671 loquar,
1469 615 1542 653 ne
1584 607 1654 641 θοι
1696 599 1769 653 sit
1869 617 2017 666 sum,
2063 603 2259 655 tamen
2283 599 2678 655 defunctorum
2695 614 2928 673 semper
2947 617 3175 656 memor
3191 617 3338 657 sum.
3362 602 3477 658 Vo-

139 691 295 764 apud
327 707 430 745 me
464 690 528 744 in
558 690 749 761 aliqua
780 689 1089 756 oblivione,
1114 687 1209 760 qui
1238 687 1532 759 proximos
1559 690 1772 742 suimet
1870 691 2059 745 luntas
2075 707 2207 745 mea
2225 690 2514 745 interdum
2537 691 2690 744 bona
2709 695 2821 757 est;
2845 691 2945 745 sed
2971 691 3107 762 quia
3125 690 3316 746 eidem
3335 690 3480 747 vires

141 781 327 836 dilixit
359 779 574 833 divina
605 778 882 849 jussione.
929 778 1026 832 Hic
1077 775 1492 848 archiepiscopi
1537 775 1774 830 Geronis

141 867 470 922 avunculus
519 866 649 932 fuit,
700 869 758 920 et
797 866 870 920 ad
900 863 1294 936 peragendam
1331 864 1533 935 jugem
1566 863 1776 918 Christi

141 955 495 1010 servitutem
528 962 625 1020 805,
659 958 721 1008 ut
749 953 809 1008 in
837 953 1074 1008 homine
1104 955 1293 1024 potest
1323 953 1469 1019 fieri,
1515 953 1777 1007 voluntas

143 1048 317 1116 atque
345 1043 624 1099 efﬁcacia
653 1043 713 1097 in
746 1060 814 1098 eo
845 1043 1061 1114 pariter
1081 1041 1368 1096 convenit.
1386 1041 1589 1099 Audivi
1615 1057 1774 1094 nam-

146 1149 255 1204 que
287 1133 364 1187 ab
399 1131 624 1187 eodem
664 1131 941 1202 sepissine
975 1131 1152 1202 quod,
1201 1133 1510 1202 postquam
1561 1129 1778 1200 aliquid

145 1220 442 1275 cantando
483 1222 577 1274 vel
609 1219 855 1291 legendo
903 1219 1128 1291 publice
1177 1219 1504 1289 complevit,
1564 1218 1777 1272 iterum

147 1327 204 1363 se
233 1309 292 1363 id
324 1309 631 1363 facturum
687 1309 973 1362 studiosus
1015 1308 1254 1379 optavit.
1291 1309 1618 1378 Numquam
1651 1307 1779 1362 ino-

148 1397 392 1451 bediens
424 1396 751 1469 propositis
786 1396 994 1450 suimet
1029 1399 1176 1462 erat,
1221 1395 1320 1450 sed
1362 1411 1460 1450 eos
1499 1395 1778 1450 charitate

149 1485 429 1540 continua
463 1493 542 1526 806
575 1502 708 1539 cum
726 1484 926 1540 ceteris
947 1484 1331 1539 confratribus
1347 1484 1776 1554 subjugaverat.

152 1572 260 1628 Sed
305 1579 433 1628 tam
485 1573 838 1628 venerabilis
871 1589 1120 1644 persona
1167 1572 1364 1626 cagsari
1395 1572 1651 1644 predicto
1682 1572 1779 1627 ubi

153 1662 338 1732 primo
354 1661 422 1715 ﬁt
448 1666 622 1728 uota,
649 1678 780 1716 mox
813 1661 886 1715 ab
916 1661 1011 1714 illo
1043 1660 1302 1715 efficetur
1333 1664 1528 1714 amata
1546 1660 1780 1732 pr0pin-

158 1751 480 1821 quitatique
515 1750 735 1804 suimet
764 1749 1093 1820 conjuncta.
1128 1748 1318 1815 Hunc,
1344 1764 1415 1802 ne
1434 1747 1777 1819 dignitatem

1873 781 2037 850 aptas
2068 794 2376 850 suggerere
2427 786 2496 819 809
2533 794 2648 833 non
2692 778 2917 840 studeo,
2967 795 3172 849 parum
3223 779 3480 850 prodest.

1877 866 2120 938 Semper
2150 883 2244 921 me
2283 883 2508 933 accuso,
2557 867 2657 921 sed
2692 865 2835 922 sicut
2873 867 3044 921 debui
3089 872 3318 922 reatum
3363 884 3484 924 non

1875 957 2030 1010 solvo
2057 973 2071 1024 ;
2101 972 2343 1028 sumque
2367 955 2494 1010 ideo
2519 955 2577 1009 in
2596 955 2865 1012 omnibus
2885 956 3229 1027 corrigibilis
3247 957 3486 1028 810,quia

1877 1059 1972 1097 me
2002 1060 2118 1098 non
2145 1046 2418 1099 converto
2447 1043 2518 1096 ad
2545 1059 2678 1097 eum
2711 1044 2808 1114 qui
2831 1047 2917 1098 est
2941 1061 3113 1117 super
3137 1044 3338 1099 omnia
3361 1045 3482 1100 lau-

1877 1131 2100 1186 dabilis.
2135 1136 2391 1204 Agnosce
2416 1130 2583 1201 (583),
2614 1132 2812 1198 lector,
2838 1149 3135 1204 procerem
3182 1141 3274 1200 8H,
3310 1135 3368 1188 et
3402 1133 3482 1188 vi-

1878 1218 2037 1273 debis
2063 1218 2121 1272 in
2152 1235 2246 1274 me
2273 1235 2512 1291 parvum
2545 1219 3014 1286 homuntionem,
3040 1221 3272 1276 maxilla
3291 1221 3482 1275 defor-

1876 1323 2030 1361 mem
2058 1309 2201 1369 leva,
2227 1311 2285 1361 et
2315 1309 2490 1362 latere
2522 1308 2752 1370 eodem,
2782 1307 2918 1379 quia
2946 1307 3079 1362 hinc
3108 1309 3249 1364 olim
3291 1309 3483 1380 erupit

1877 1412 2106 1468 semper
2128 1400 2460 1468 turgescens
2476 1397 2766 1450 tmfistula.
2790 1396 2968 1450 Nasus
2989 1397 3045 1450 in
3082 1397 3334 1468 puericia
3357 1399 3482 1453 fra-

1877 1487 2000 1538 ctus
2021 1484 2323 1539 ridiculum
2357 1485 2427 1539 de
2451 1501 2544 1539 me
2573 1484 2728 1538 facit.
2745 1483 2922 1556 quue
2944 1488 3132 1540 totum
3155 1484 3234 1540 nil
3256 1490 3488 1556 questus

1877 1589 2083 1640 essem,
2098 1573 2142 1627 si
2161 1573 2402 1628 interius
2417 1571 2632 1645 aliquid
2648 1572 3134 1643 splendescerem.
3172 1573 3332 1627 Nunc
3362 1590 3490 1628 sum

1877 1659 2073 1728 miser,
2097 1661 2269 1715 nimis
2298 1662 2628 1727 iracundus,
2657 1665 2715 1714 et
2745 1661 2817 1715 ad
2861 1661 3108 1716 meliora
3135 1659 3488 1725 inﬂexibilis,

1879 1747 2121 1814 invidus,
2171 1749 2532 1804 subsannans
2579 1749 2740 1814 alios,
2785 1750 2904 1820 ipse
2941 1749 3315 1818 deridendus,
3349 1749 3490 1821 nulli

159 1841 415 1908 optatam
447 1842 509 1891 et
537 1839 614 1892 ab
647 1841 886 1908 augusto
914 1837 1020 1892 sibi
1052 1837 1405 1908 propositam
1434 1836 1779 1907 perciperet,
1806 1841 1857 1898 B
1879 1854 1983 1910 pro
2009 1837 2202 1892 debito
2226 1837 2680 1910 parcens,glutto
2704 1837 2855 1908 (584)
2877 1837 3270 1904 etsimulator,
3287 1854 3490 1892 avarus

161 1941 312 1980 mors
341 1925 652 1980 inmatura
681 1924 924 1996 inpedit,
952 1925 1320 1995 eundemque
1341 1925 1413 1979 ab
1440 1925 1544 1978 hac
1568 1926 1692 1979 luce
1711 1933 1780 1967 ⁸0⁷

160 2018 188 2067 5
219 2015 514 2069 Kalendas
544 2013 905 2084 Septembris
929 2014 1184 2068 abstulit.
1211 2013 1309 2066 Hic
1331 2012 1560 2084 genitus
1586 2012 1644 2066 in
1678 2012 1778 2068 Sa-

163 2103 348 2172 xonia,
382 2107 602 2174 pausat
627 2103 684 2156 in
727 2102 908 2169 Italia,
957 2118 1130 2173 quem
1182 2101 1363 2156 filium
1424 2101 1780 2174 spiritualem

165 2191 260 2245 ﬂet
291 2191 751 2263 Parthenopolis
777 2191 994 2245 inclita.

231 2283 318 2334 51.
356 2280 549 2344 Quam
565 2278 794 2351 egreios
813 2295 1082 2351 proceres
1103 2278 1161 2333 in
1193 2279 1300 2333 hac
1322 2279 1462 2334 urbe
1481 2278 1616 2344 vidi,
1636 2295 1780 2351 quo-

165 2383 288 2422 rum
309 2369 679 2424 laudabilem
702 2368 874 2423 vitam
892 2385 998 2439 pro
1026 2367 1218 2422 debito
1238 2385 1343 2422 nec
1361 2367 1487 2422 sum
1501 2367 1776 2436 imitatus,

169 2472 348 2528 neque
391 2457 752 2512 memoriam
797 2473 998 2511 eorum
1050 2459 1176 2526 post
1203 2457 1549 2512 solutionem
1586 2456 1778 2510 carnis

167 2545 222 2614 (f.
239 2548 324 2613 80)
343 2549 714 2618 assequutus.
738 2545 868 2600 Heu
891 2561 984 2599 me
1001 2544 1213 2600 misero
1239 2552 1308 2586 808
1327 2543 1339 2597 !
1360 2545 1558 2616 quitot
1580 2544 1779 2599 tantis-

168 2650 270 2704 que
294 2633 602 2689 immerito
639 2650 763 2688 sum
795 2634 1135 2704 conjunctus
1165 2632 1223 2686 in
1254 2632 1640 2700 fraternitate,
1671 2633 1772 2688 sed

167 2722 328 2794 longe
361 2723 664 2778 dissimilis
695 2722 872 2776 existo
900 2721 960 2776 in
987 2721 1278 2792 condigna
1307 2721 1772 2777 conversacione.

168 2809 276 2880 Ego
298 2810 355 2864 in
389 2810 648 2883 peccatis
659 2810 783 2881 jam
817 2826 966 2882 pene
984 2814 1268 2878 mortuus,
1294 2813 1357 2864 ut
1380 2826 1570 2880 spero,
1590 2811 1777 2864 vivam

170 2895 226 2951 in
253 2899 439 2955 lucido
470 2901 792 2970 conspectu
818 2897 922 2954 Dei
948 2897 1266 2953 eorundem
1289 2897 1511 2952 meritis
1523 2899 1780 2953 refocila-

1881 1929 1937 1979 et
1971 1924 2280 1992 detractor,
2310 1929 2368 1978 et
2393 1929 2455 1979 ut
2478 1925 2600 1978 haec
2632 1925 2693 1985 (f.
2717 1924 2819 1994 80⁸)
2839 1925 3493 1980 conviciameritoillata

1881 2013 2244 2080 concludam,
2286 2013 2450 2084 pejor
2495 2028 2621 2066 sum
2654 2029 2830 2083 quam
2861 2013 3040 2084 possit
3081 2011 3192 2066 dici
3225 2013 3311 2066 vel
3343 2013 3485 2067 ulla-

1879 2105 2046 2157 tenus
2070 2101 2326 2156 estimari
2373 2110 2464 2154 818.
2516 2101 2830 2172 Unicuique
2881 2100 2955 2155 sit
2999 2101 3085 2155 fas
3139 2117 3258 2155 non
3303 2101 3493 2156 solum

1881 2190 2115 2244 muttire
2146 2197 2238 2256 8N,
2265 2189 2404 2262 quin
2435 2189 2631 2260 pocius
2661 2189 2721 2243 in
2752 2193 2952 2260 aperto
2985 2196 3077 2256 818,
3117 2188 3253 2261 quia
3289 2203 3491 2258 pecca-

1878 2281 1971 2334 tor
1997 2295 2143 2344 sum,
2177 2277 2387 2344 dicere,
2435 2280 2492 2332 et
2538 2280 2665 2350 post
2704 2277 3134 2348 correptionem
3165 2277 3491 2332 fraternam

1880 2367 2146 2438 congruit
2173 2367 2505 2439 suppliciter
2535 2383 2722 2422 orare.
2747 2365 2903 2420 Multi
2933 2383 2968 2421 a
2992 2367 3206 2438 populo
3243 2365 3491 2420 laudan-

1878 2459 1992 2524 tur,
2021 2456 2128 2510 nisi
2155 2472 2337 2527 pauca
2379 2472 2471 2510 res
2501 2456 2583 2510 eis
2629 2456 2904 2522 obstaret,
2955 2454 3111 2527 quod
3139 2455 3292 2508 inter
3341 2453 3491 2526 opti-

1877 2561 2004 2600 mos
2029 2545 2407 2610 haberentur,
2438 2545 2496 2598 et
2525 2544 2660 2616 quia
2691 2560 2891 2599 verum
2916 2547 3021 2611 est,
3052 2542 3389 2598 hominibus
3419 2541 3491 2597 de

1875 2633 2230 2706 perfectione
2253 2633 2419 2703 juxta
2445 2632 2622 2687 nimis
2652 2633 2870 2700 deesse,
2905 2631 3039 2704 quid
3067 2639 3136 2674 διο
3162 2631 3398 2702 prodest
3421 2630 3492 2684 de

1876 2721 2245 2777 inferioribus
2274 2721 2383 2776 hiis
2412 2722 2527 2776 tale
2560 2721 2699 2793 quid
2727 2729 2798 2763 δίο
2826 2721 3202 2793 promulgare
3232 2720 3259 2774 ‘I
3293 2717 3494 2774 Omnis

1879 2811 1999 2865 laus
2037 2810 2095 2864 iu
2138 2810 2253 2865 fine
2301 2810 2550 2878 canitur,
2584 2813 2641 2865 et
2681 2809 2917 2866 moralis
2959 2807 3323 2866 conversacio
3355 2806 3491 2879 igne

1880 2899 2160 2970 probatur
2180 2906 2272 2958 817.

1341 3021 1688 3107 LIBER
1745 3021 2349 3120 QUINTUS”.

171 3170 234 3242 (f.
264 3173 354 3244 81)
383 3173 704 3230 Heinricus
738 3172 980 3236 scandit,
1009 3177 1318 3244 postquam
1347 3173 1590 3245 puerilia
1614 3173 1768 3228 vicit.
1796 3177 1842 3236 C
1878 3173 2172 3229 Fructibus
2207 3191 2273 3229 ac
2303 3173 2494 3246 dignis
2523 3174 2762 3230 curabat
2783 3177 3021 3232 vulnera
3053 3174 3244 3232 carnis

173 3261 356 3316 Ardua
385 3263 668 3318 virtutum
701 3266 887 3318 cretus
917 3270 986 3304 81°
1018 3262 1088 3317 de
1119 3265 1425 3317 stemmate
1452 3279 1686 3333 regum.

176 3348 315 3404 Huic
344 3358 510 3422 pater
546 3352 854 3408 Heinricus
883 3353 1016 3419 dux,
1049 3354 1106 3406 et
1135 3351 1384 3423 genitrix
1410 3355 1534 3406 erat
1565 3352 1688 3422 ejus

177 3436 333 3506 Gisia,
363 3441 480 3496 suis
511 3440 738 3496 meritis
769 3458 1003 3512 aequans
1038 3440 1275 3511 vestigia
1303 3440 1458 3511 regis

179 3523 435 3597 Conradi,
478 3529 684 3603 patris,
719 3529 1048 3600 Burgundia
1070 3546 1252 3600 regna
1291 3528 1562 3583 tenentis.

180 3612 355 3670 Nutrit
366 3620 700 3687 preclarum
719 3617 1429 3690 Wolfgangus(585}presul
1449 3618 1748 3672 alumnum
1764 3656 1778 3683 ,

184 3699 287 3764 Qui
317 3706 580 3777 sequitur
620 3705 927 3760 dominum
961 3709 1081 3760 toto
1127 3705 1434 3760 conamine
1466 3705 1778 3760 Christum.

182 3791 415 3865 Postque
436 3812 646 3851 necem
668 3795 846 3866 patris
869 3795 1074 3850 ductor
1089 3795 1354 3850 successit
1381 3795 1574 3850 herilis
1591 3797 1744 3866 (586)

183 3878 306 3948 Ejus
318 3886 374 3937 et
392 3884 712 3957 imperium
725 3885 896 3955 longe
911 3887 1130 3956 spectat
1144 3899 1372 3956 quoque
1387 3885 1779 3957 clavum(587).

183 3967 412 4028 Maxima
443 3990 578 4045 pars
606 3972 794 4044 regni,
823 3972 1019 4027 Sclavo
1043 3975 1265 4027 vastata
1293 3973 1532 4040 crudeli,

185 4055 409 4116 Multum
437 4063 692 4128 laetatur,
725 4065 880 4134 quod
909 4061 980 4115 ab
1012 4061 1181 4132 hujus
1201 4077 1340 4133 pace
1365 4062 1586 4133 potitur

188 4142 417 4204 Sedibus
429 4151 646 4222 optatis
657 4150 928 4222 justeque
951 4151 1124 4220 (588),
1142 4150 1444 4220 rapacibus
1476 4150 1607 4205 altis
1629 4149 1686 4223 (5
1697 4151 1786 4223 89)

189 4232 414 4293 Prorsus
438 4240 694 4312 depulsis
732 4255 795 4293 ac
823 4239 948 4294 dira
973 4241 1100 4311 lege
1124 4239 1360 4294 sedatis.

189 4323 410 4382 lnﬂatos
436 4345 644 4384 omnes
672 4332 875 4383 contra
899 4344 959 4382 se
991 4327 1266 4399 deprimit
1290 4328 1503 4395 hostes,

190 4409 521 4472 Demulcens
548 4417 732 4471 socios
755 4417 1012 4487 jocundo
1045 4417 1262 4470 famine
1295 4420 1550 4472 cunctos.

191 4498 243 4554 Si
268 4519 376 4575 quo
408 4507 652 4580 deliquit
675 4507 991 4575 modicum,
1018 4507 1216 4562 statim
1242 4507 1548 4578 resipiscit,

1879 3263 2038 3319 Utilis
2067 3263 2338 3318 mcclesiaa
2370 3262 2589 3316 cunctis
2621 3265 2929 3318 miseratur
2968 3264 3203 3335 ubique.

1877 3351 2192 3422 Mersburg,
2224 3351 2269 3405 si
2293 3349 2466 3405 scires
2499 3351 2669 3421 hujus
2695 3351 2790 3422 pia
2819 3355 2971 3418 vota,
3005 3351 3191 3407 sitires

1877 3439 2200 3494 Adventum
2229 3439 2376 3494 tanti
2410 3440 2673 3502 rectoris,
2704 3443 2762 3494 et
2782 3439 2980 3494 inclita
3004 3439 3210 3494 Christi

1880 3529 2112 3584 Munera
2150 3529 2431 3595 laudares,
2463 3528 2867 3600 condignaque
2895 3527 3121 3599 premia
3149 3529 3349 3583 ferres.

1957 3620 2005 3671 1.
2035 3617 2095 3688 (1⁸.
2130 3616 2572 3689 81’)Largiﬂuus
2588 3615 2794 3671 divinae
2826 3615 3056 3687 pietatis
3080 3616 3503 3687 respectus,hu-

1883 3722 2075 3762 mante
2107 3705 2578 3769 necessitati,non
2602 3705 2787 3760 nostri
2822 3703 3161 3771 merito,sed
3179 3721 3294 3760 suae
3325 3705 3498 3761 mise-

1883 3795 2376 3850 rationismunere
2396 3794 2648 3866 gratuito
2673 3793 3208 3866 superhabundans,
3232 3793 3492 3849 fidelium

1885 3884 2062 3940 corda
2097 3900 2333 3939 suorum
2381 3884 2455 3939 ad
2490 3883 2674 3938 laudis
2716 3899 2979 3938 amorem
3010 3900 3127 3938 suae
3157 3886 3216 3937 et
3244 3882 3318 3937 ad
3348 3882 3500 3938 refe-

1888 3972 2096 4028 rendas
2124 3972 2176 4028 ei
2206 3976 2399 4044 grates
2428 3971 2710 4039 accendit,
2735 3988 2799 4027 ac
2828 3987 2950 4040 me,
2971 3971 3209 4027 stultum
3236 3970 3498 4042 ingenio,

1888 4061 2254 4134 prepeditum
2296 4061 2524 4134 eloquio
2572 4077 2636 4115 ac
2667 4060 2728 4115 in
2777 4061 3045 4116 omnibus
3091 4060 3503 4132 neglegentem

1891 4157 1961 4191 θιο
1983 4153 2040 4204 et
2057 4149 2229 4204 nimis
2245 4149 2522 4217 ociosum,
2536 4149 2723 4204 bonos
2744 4148 2803 4203 in
2819 4149 2926 4204 hoc
2951 4148 3165 4204 imitari
3182 4148 3498 4219 compellit.

1888 4237 2128 4308 Magnus
2165 4245 2233 4279 8H
2257 4244 2331 4292 est
2351 4240 2490 4292 enim
2521 4237 2689 4305 Deus,
2724 4242 2786 4292 ut
2807 4238 2985 4293 David
3008 4242 3270 4307 testatur,
3302 4243 3352 4293 et
3380 4235 3505 4294 lau-

1889 4327 2082 4384 dabilis
2112 4326 2267 4381 valde
2300 4325 2470 4396 (Psal.
2495 4343 2616 4394 xcv,
2649 4329 2738 4396 4);
2769 4328 2922 4398 cujus
2951 4330 3229 4398 sapz'enciae
3257 4341 3508 4384 numerus

1891 4433 1999 4472 non
2020 4415 2305 4471 invenitur
2329 4414 2489 4482 ullus,
2529 4430 2636 4486 qua
2661 4418 2840 4470 omnia
2872 4432 2934 4470 ex
2964 4416 3129 4470 m'lu'lo
3166 4417 3385 4479 creavit,
3411 4415 3508 4470 ho-

1816 4501 1868 4560 D
1893 4508 2192 4577 mine-mque
2240 4504 2412 4559 solum
2467 4504 2755 4561 dumtaxat
2793 4505 3153 4575 con/armavit
3199 4501 3281 4574 (II
3317 4502 3504 4562 Mach.

1514 4605 1740 4660 VARIE
1779 4603 2070 4659 LECTION
2078 4603 2180 4658 ES.

254 4690 321 4727 ³0³
349 4688 545 4744 confre
580 4691 665 4743 la.
777 4695 848 4729 θοι
879 4685 936 4740 ni
967 4685 1020 4743 1.

1131 4693 1202 4728 808
1233 4687 1307 4738 ita
1352 4689 1428 4740 lc.
1458 4686 1726 4741 servitem
1778 4689 1862 4740 la.

1975 4692 2045 4726 806
2085 4682 2360 4739 continuo
2409 4685 2495 4739 1α.
2607 4691 2676 4727 807
2715 4683 2904 4739 lucem
2956 4686 3007 4738 1.
3121 4689 3191 4725 ⁸0³
3222 4683 3501 4740 miserum

193 4753 279 4829 lc._
336 4764 405 4829 βου
433 4761 516 4815 ita
552 4761 628 4814 lc.
664 4774 908 4829 suggere
943 4761 1025 4811 la.
1102 4765 1172 4799 διο
1210 4757 1618 4829 incorrigibilis
1647 4762 1700 4829 2.
1777 4765 1844 4798 8H
1869 4755 2278 4829 proceritatem
2314 4759 2389 4811 lc.
2423 4825 2435 4829 _
2468 4762 2538 4797 ⁸1³
2568 4757 2645 4829 tta
2679 4759 2758 4829 lc.
2791 4758 3138 4829 turgencens
3169 4757 3251 4807 la.
3330 4763 3400 4796 818
3429 4755 3499 4809 In

192 4824 297 4898 σρᾴ.
331 4827 378 4882 1.
400 4838 522 4898 post
554 4824 855 4885 simulator
893 4831 1031 4882 ει·αεί
1066 4835 1189 4882 sunt
1241 4844 1416 4882 versus
1430 4824 1604 4898 'paene
1644 4828 1749 4884 duo
1779 4824 1899 4882 cum
1927 4828 2152 4882 dimidio
2178 4844 2340 4898 usque
2365 4825 2436 4880 ad
2478 4825 2754 4881 estimari.
2796 4824 3069 4898 Vocabula
3104 4840 3305 4898 avarus
3338 4841 3502 4898 usque

195 4896 251 4946 ιιι
269 4896 515 4972 hac—non
546 4903 674 4956 satis
697 4901 886 4972 dispz'ci
905 4905 1127 4972 possunt
1139 4928 1155 4965 ,-
1195 4906 1403 4956 exstant
1442 4896 1632 4972 tamen
1680 4902 1737 4955 in
1775 4899 1892 4955 rod.
1925 4903 1980 4966 2,
2022 4899 2112 4972 ubi
2155 4900 2228 4955 ad

2266 4898 2427 4966 ﬁnem
2476 4898 2699 4968 tegitur;
2730 4913 2787 4968 q.
2823 4895 2878 4952 d.
2914 4914 2970 4968 p.
3014 4913 3064 4951 v.
3096 4893 3353 4968 estimari
3403 4893 3497 4938 ’8η

197 4970 435 5026 mutture
469 4973 553 5028 1a.
631 4979 702 5013 διδ
727 4966 807 5026 ἱτὶι
833 4966 1076 5043 icfapto
1104 4970 1186 5026 la.
1255 4978 1337 5043 781°
1358 4970 1496 5043 quid
1530 4974 1577 5043 1.
1655 4978 1724 5012 είϐ
1755 4973 1884 5030 Post
1925 4971 2202 5041 probatur
2232 4987 2418 5024 manus
2457 4966 2618 5043 ipsius
2652 4966 2954 5043 Thietmafi
2981 4968 3098 5043 [uec
3134 4966 3350 5043 adjecit,
3382 4983 3500 5037 quae

196 5049 425 5114 rasuram
437 5061 602 5114 passa
630 5050 751 5096 sunt
779 5037 1191 5114 omniaEVVirgo
1222 5037 1727 5114 singularisginter,
1746 5037 1947 5096 omnes
1979 5043 2158 5105 mitis,
2188 5059 2293 5098 nos
2323 5037 2501 5114 culpis
2532 5039 2748 5114 solutos
2768 5039 2949 5114 mites
2974 5038 3062 5092 fac
3093 5041 3152 5114 et
3179 5037 3500 5114 justos._81§

196 5100 385 5187 incipit
408 5100 679 5186 p‘rologus
703 5114 802 5170 lib.
831 5113 1016 5187 quinti
1046 5121 1094 5169 et
1118 5100 1180 5168 ἶη
1199 5100 1344 5183 ﬁne?
1361 5115 1480 5168 Inc.
1511 5111 1606 5168 lib.
1637 5113 1869 5186 quintus
1900 5117 1952 5170 2.
2014 5121 2084 5156 διο
2113 5100 2198 5170 ita
2222 5115 2304 5169 ib.
2339 5100 2432 5168 υθῖ
2447 5117 2522 5168 lc.
2558 5113 2726 5165 natus
2761 5113 2823 5164 la
2879 5118 2951 5151 82°
2976 5100 3372 5180 negligentem
3397 5111 3453 5163 ic
3472 5110 3501 5163 ?

199 5179 261 5217 ³²ί
287 5179 548 5254 Magnum
577 5179 667 5240 Ῑα.

1719 5273 1946 5329 NOTE.

266 5357 402 5420 (583)
461 5362 784 5434 Desumpsit
841 5380 872 5417 e
919 5363 1177 5419 Juvenali
1233 5363 1351 5418 Sat.
1423 5378 1545 5429 vni,
1613 5379 1646 5415 ν
1698 5364 1786 5418 26.

200 5420 436 5556 ἔξξηῖπῦ
451 5420 742 5503 procerem,
773 5437 830 5489 et
858 5452 961 5507 per
992 5435 1240 5490 ironiam
1275 5435 1350 5489 ad
1372 5451 1431 5490 se
1457 5420 1790 5488 accommo-

274 5511 319 5550 Vl
353 5540 363 5553 .
444 5521 522 5556 as.

274 5511 363 5553 Vit.
399 5511 522 5560 Uns.

286 5571 402 5649 ἓξὲξ)
422 5575 613 5649 gluto,
644 5593 748 5632 vox
780 5577 1330 5649 desumptaaPersii
1363 5581 1471 5636 sat.
1502 5593 1558 5648 v,
1582 5578 1782 5634 ν.112.

286 5640 399 5717 585)
421 5644 726 5722 Episcopus
753 5640 1208 5723 Ratispohensis.

1963 5363 2110 5433 (586)
2143 5365 2204 5417 In
2239 5363 2446 5417 ducatu
2472 5359 2746 5428 Bavariaa,
2775 5377 2852 5417 se.
2881 5375 3036 5433 anno
3069 5360 3195 5415 995.

1960 5435 2108 5573 (587)
2135 5434 2178 5486 Ι.
2209 5450 2260 5487 e.
2293 5433 2750 5502 gubernaculum
2781 5432 2973 5504 regni.

1961 5505 2087 5573 (588
2142 5505 2181 5557 Ι.
2214 5521 2265 5557 e.
2291 5501 2535 5572 justitia.
2605 5572 2612 5573 ί

1961 5505 2108 5574 (588)
2142 5505 2181 5557 Ι.
2214 5521 2265 5557 e.
2287 5505 2535 5574 justitia.

1957 5572 2101 5649 (589)
2130 5573 2404 5631 Homines
2429 5572 2659 5648 superbi
2689 5579 2747 5633 et
2775 5591 3038 5652 rapaces.
