  <div class='ocr_page' id='page_1' title='image "/cluster/home/n/w/nwhite01/storage/ocr_20150623/139/uva.x000829787/651.png"; bbox 0 0 3892 6214; ppageno 0'>
   <div class='ocr_carea' id='block_1_1' title="bbox 394 387 532 446">
    <p class='ocr_par' dir='ltr' id='par_1_1' title="bbox 394 387 532 446">
     <span class='ocr_line' id='line_1_1' title="bbox 394 387 532 446; baseline -0.014 0"><span class='ocrx_word' id='word_1_1' title='bbox 394 387 532 446; x_wconf 72' lang='grc'><strong>1287</strong></span> 
     </span>
    </p>
   </div>
   <div class='ocr_carea' id='block_1_2' title="bbox 1340 371 2708 433">
    <p class='ocr_par' dir='ltr' id='par_1_2' title="bbox 1340 371 2708 433">
     <span class='ocr_line' id='line_1_2' title="bbox 1340 371 2708 433; baseline -0.002 -1"><span class='ocrx_word' id='word_1_2' title='bbox 1340 375 1713 432; x_wconf 70' lang='grc' dir='ltr'><strong>ΤΗΙΕΤΜΑΗῙ</strong></span> <span class='ocrx_word' id='word_1_3' title='bbox 1746 371 2356 433; x_wconf 72' lang='lat' dir='ltr'><strong>HERSEBURGENSIS</strong></span> <span class='ocrx_word' id='word_1_4' title='bbox 2387 373 2708 431; x_wconf 80' lang='lat' dir='ltr'><strong>.EPISCOPI</strong></span> 
     </span>
    </p>
   </div>
   <div class='ocr_carea' id='block_1_3' title="bbox 3579 375 3710 432">
    <p class='ocr_par' dir='ltr' id='par_1_3' title="bbox 3579 375 3710 432">
     <span class='ocr_line' id='line_1_3' title="bbox 3579 375 3710 432; baseline 0 0"><span class='ocrx_word' id='word_1_5' title='bbox 3579 375 3710 432; x_wconf 78' lang='grc'><strong>1288</strong></span> 
     </span>
    </p>
   </div>
   <div class='ocr_carea' id='block_1_4' title="bbox 400 495 3710 582">
    <p class='ocr_par' dir='ltr' id='par_1_4' title="bbox 400 495 3710 582">
     <span class='ocr_line' id='line_1_4' title="bbox 400 495 3710 582; baseline -0.003 -19"><span class='ocrx_word' id='word_1_6' title='bbox 400 507 547 582; x_wconf 83' lang='lat'><strong>(607)</strong></span> <span class='ocrx_word' id='word_1_7' title='bbox 575 501 890 562; x_wconf 83' lang='lat' dir='ltr'><strong>Guncelino</strong></span> <span class='ocrx_word' id='word_1_8' title='bbox 915 500 991 558; x_wconf 84' lang='lat' dir='ltr'><strong>ad</strong></span> <span class='ocrx_word' id='word_1_9' title='bbox 1012 499 1122 556; x_wconf 93' lang='lat' dir='ltr'><strong>hoc</strong></span> <span class='ocrx_word' id='word_1_10' title='bbox 1147 498 1291 554; x_wconf 91' lang='lat' dir='ltr'><strong>duce</strong></span> <span class='ocrx_word' id='word_1_11' title='bbox 1317 498 1562 565; x_wconf 82' lang='lat' dir='ltr'><strong>irruunt,</strong></span> <span class='ocrx_word' id='word_1_12' title='bbox 1602 497 2004 552; x_wconf 82' lang='lat' dir='ltr'><strong>Bececionem-</strong></span> <span class='ocrx_word' id='word_1_13' title='bbox 2025 501 2080 560; x_wconf 78' lang='grc' dir='ltr'><strong>Α</strong></span> <span class='ocrx_word' id='word_1_14' title='bbox 2105 499 2366 570; x_wconf 88' lang='lat' dir='ltr'><strong>simoque</strong></span> <span class='ocrx_word' id='word_1_15' title='bbox 2412 496 2655 568; x_wconf 90' lang='lat' dir='ltr'><strong>pecunie</strong></span> <span class='ocrx_word' id='word_1_16' title='bbox 2685 496 3036 552; x_wconf 80' lang='lat' dir='ltr'><strong>transeuntis</strong></span> <span class='ocrx_word' id='word_1_17' title='bbox 3064 495 3349 553; x_wconf 80' lang='lat' dir='ltr'><strong>inescatos</strong></span> <span class='ocrx_word' id='word_1_18' title='bbox 3377 513 3519 554; x_wconf 90' lang='lat' dir='ltr'><strong>amo</strong></span> <span class='ocrx_word' id='word_1_19' title='bbox 3552 503 3626 540; x_wconf 69' lang='grc'>⁸⁷⁸</span> <span class='ocrx_word' id='word_1_20' title='bbox 3655 497 3710 554; x_wconf 89' lang='lat' dir='ltr'><strong>in</strong></span> 
     </span>
    </p>
   </div>
   <div class='ocr_carea' id='block_1_5' title="bbox 397 585 2007 670">
    <p class='ocr_par' dir='ltr' id='par_1_5' title="bbox 397 585 2007 670">
     <span class='ocr_line' id='line_1_5' title="bbox 397 585 2007 670; baseline -0.009 -17"><span class='ocrx_word' id='word_1_21' title='bbox 397 613 512 670; x_wconf 88' lang='lat' dir='ltr'><strong>que</strong></span> <span class='ocrx_word' id='word_1_22' title='bbox 524 589 960 662; x_wconf 73' lang='lat' dir='ltr'><strong>m,Herimanni</strong></span> <span class='ocrx_word' id='word_1_23' title='bbox 973 586 1200 645; x_wconf 90' lang='lat' dir='ltr'><strong>comitis</strong></span> <span class='ocrx_word' id='word_1_24' title='bbox 1210 586 1512 642; x_wconf 78' lang='lat' dir='ltr'><strong>satellitem</strong></span> <span class='ocrx_word' id='word_1_25' title='bbox 1523 585 1733 658; x_wconf 86' lang='lat' dir='ltr'><strong>.primo</strong></span> <span class='ocrx_word' id='word_1_26' title='bbox 1748 586 2007 642; x_wconf 89' lang='lat' dir='ltr'><strong>occiden-</strong></span> 
     </span>
    </p>
   </div>
   <div class='ocr_carea' id='block_1_6' title="bbox 394 674 2006 754">
    <p class='ocr_par' dir='ltr' id='par_1_6' title="bbox 394 674 2006 754">
     <span class='ocr_line' id='line_1_6' title="bbox 394 674 2006 754; baseline -0.009 -12"><span class='ocrx_word' id='word_1_27' title='bbox 394 685 583 754; x_wconf 80' lang='lat' dir='ltr'><strong>tes,ad</strong></span> <span class='ocrx_word' id='word_1_28' title='bbox 594 681 946 739; x_wconf 87' lang='lat' dir='ltr'><strong>caminatam</strong></span> <span class='ocrx_word' id='word_1_29' title='bbox 959 677 1424 750; x_wconf 89' lang='lat' dir='ltr'><strong>ejusdemomnes</strong></span> <span class='ocrx_word' id='word_1_30' title='bbox 1437 674 2006 730; x_wconf 87' lang='lat' dir='ltr'><strong>armaticonveniunt</strong></span> 
     </span>
    </p>
   </div>
   <div class='ocr_carea' id='block_1_7' title="bbox 392 763 2004 842">
    <p class='ocr_par' dir='ltr' id='par_1_7' title="bbox 392 763 2004 842">
     <span class='ocr_line' id='line_1_7' title="bbox 392 763 2004 842; baseline -0.009 -11"><span class='ocrx_word' id='word_1_31' title='bbox 392 775 711 830; x_wconf 78' lang='lat' dir='ltr'><strong>fenestram</strong></span> <span class='ocrx_word' id='word_1_32' title='bbox 761 769 1044 842; x_wconf 83' lang='lat' dir='ltr'><strong>lapidibus</strong></span> <span class='ocrx_word' id='word_1_33' title='bbox 1070 767 1420 838; x_wconf 90' lang='lat' dir='ltr'><strong>impugnant</strong></span> <span class='ocrx_word' id='word_1_34' title='bbox 1443 765 1782 836; x_wconf 86' lang='lat' dir='ltr'><strong>grandibus,</strong></span> <span class='ocrx_word' id='word_1_35' title='bbox 1815 763 2004 818; x_wconf 90' lang='lat' dir='ltr'><strong>domi-</strong></span> 
     </span>
    </p>
   </div>
   <div class='ocr_carea' id='block_1_8' title="bbox 395 852 2003 922">
    <p class='ocr_par' dir='ltr' id='par_1_8' title="bbox 395 852 2003 922">
     <span class='ocr_line' id='line_1_8' title="bbox 395 852 2003 922; baseline -0.009 -2"><span class='ocrx_word' id='word_1_36' title='bbox 395 879 538 920; x_wconf 89' lang='lat' dir='ltr'><strong>num</strong></span> <span class='ocrx_word' id='word_1_37' title='bbox 571 860 728 917; x_wconf 94' lang='lat' dir='ltr'><strong>urbis</strong></span> <span class='ocrx_word' id='word_1_38' title='bbox 757 859 918 919; x_wconf 79' lang='lat' dir='ltr'><strong>l608).</strong></span> <span class='ocrx_word' id='word_1_39' title='bbox 950 855 1194 912; x_wconf 89' lang='lat' dir='ltr'><strong>Ozerum</strong></span> <span class='ocrx_word' id='word_1_40' title='bbox 1215 854 1476 922; x_wconf 89' lang='lat' dir='ltr'><strong>nomine,</strong></span> <span class='ocrx_word' id='word_1_41' title='bbox 1499 853 1607 908; x_wconf 85' lang='lat' dir='ltr'><strong>sibi</strong></span> <span class='ocrx_word' id='word_1_42' title='bbox 1636 853 1709 908; x_wconf 90' lang='lat' dir='ltr'><strong>ad</strong></span> <span class='ocrx_word' id='word_1_43' title='bbox 1739 852 2003 908; x_wconf 88' lang='lat' dir='ltr'><strong>occiden-</strong></span> 
     </span>
    </p>
   </div>
   <div class='ocr_carea' id='block_1_9' title="bbox 395 941 2004 1008">
    <p class='ocr_par' dir='ltr' id='par_1_9' title="bbox 395 941 2004 1008">
     <span class='ocr_line' id='line_1_9' title="bbox 395 941 2004 1008; baseline -0.01 1"><span class='ocrx_word' id='word_1_44' title='bbox 395 953 536 1008; x_wconf 89' lang='lat' dir='ltr'><strong>dum</strong></span> <span class='ocrx_word' id='word_1_45' title='bbox 566 949 732 1006; x_wconf 80' lang='lat' dir='ltr'><strong>reddi</strong></span> <span class='ocrx_word' id='word_1_46' title='bbox 752 947 1151 1004; x_wconf 77' lang='lat' dir='ltr'><strong>vociferantes.</strong></span> <span class='ocrx_word' id='word_1_47' title='bbox 1201 943 1314 999; x_wconf 91' lang='lat' dir='ltr'><strong>Sed</strong></span> <span class='ocrx_word' id='word_1_48' title='bbox 1357 942 1720 997; x_wconf 90' lang='lat' dir='ltr'><strong>Thietmarus</strong></span> <span class='ocrx_word' id='word_1_49' title='bbox 1747 941 1912 995; x_wconf 90' lang='lat' dir='ltr'><strong>miles</strong></span> <span class='ocrx_word' id='word_1_50' title='bbox 1938 957 2004 994; x_wconf 78' lang='lat' dir='ltr'><strong>ex</strong></span> 
     </span>
    </p>
   </div>
   <div class='ocr_carea' id='block_1_10' title="bbox 392 1029 2006 1100">
    <p class='ocr_par' dir='ltr' id='par_1_10' title="bbox 392 1029 2006 1100">
     <span class='ocr_line' id='line_1_10' title="bbox 392 1029 2006 1100; baseline -0.008 -4"><span class='ocrx_word' id='word_1_51' title='bbox 392 1039 640 1096; x_wconf 83' lang='lat' dir='ltr'><strong>cubiculi</strong></span> <span class='ocrx_word' id='word_1_52' title='bbox 663 1038 785 1094; x_wconf 86' lang='lat' dir='ltr'><strong>sola</strong></span> <span class='ocrx_word' id='word_1_53' title='bbox 811 1034 1148 1092; x_wconf 89' lang='lat' dir='ltr'><strong>municione</strong></span> <span class='ocrx_word' id='word_1_54' title='bbox 1171 1049 1184 1087; x_wconf 94' lang='lat'>:</span> <span class='ocrx_word' id='word_1_55' title='bbox 1217 1031 1400 1098; x_wconf 83' lang='lat' dir='ltr'><strong>Quare</strong></span> <span class='ocrx_word' id='word_1_56' title='bbox 1419 1029 1870 1100; x_wconf 77' lang='lat' dir='ltr'><strong>sic,infit,agitis?</strong></span> <span class='ocrx_word' id='word_1_57' title='bbox 1887 1029 2006 1100; x_wconf 87' lang='lat' dir='ltr'><strong>quis</strong></span> 
     </span>
    </p>
   </div>
   <div class='ocr_carea' id='block_1_11' title="bbox 391 1118 2007 1198">
    <p class='ocr_par' dir='ltr' id='par_1_11' title="bbox 391 1118 2007 1198">
     <span class='ocr_line' id='line_1_11' title="bbox 391 1118 2007 1198; baseline -0.009 -14"><span class='ocrx_word' id='word_1_58' title='bbox 391 1137 463 1172; x_wconf 71' lang='grc' dir='ltr'><strong>ιιι</strong></span> <span class='ocrx_word' id='word_1_59' title='bbox 485 1129 646 1198; x_wconf 78' lang='lat' dir='ltr'><strong>furor</strong></span> <span class='ocrx_word' id='word_1_60' title='bbox 664 1143 752 1182; x_wconf 84' lang='lat' dir='ltr'><strong>vos</strong></span> <span class='ocrx_word' id='word_1_61' title='bbox 780 1127 864 1182; x_wconf 86' lang='lat' dir='ltr'><strong>ita</strong></span> <span class='ocrx_word' id='word_1_62' title='bbox 893 1123 1126 1190; x_wconf 71' lang='lat' dir='ltr'><strong>seduxit,</strong></span> <span class='ocrx_word' id='word_1_63' title='bbox 1152 1128 1214 1176; x_wconf 85' lang='lat' dir='ltr'><strong>ut</strong></span> <span class='ocrx_word' id='word_1_64' title='bbox 1241 1120 1394 1175; x_wconf 87' lang='lat' dir='ltr'><strong>obliti</strong></span> <span class='ocrx_word' id='word_1_65' title='bbox 1413 1119 1782 1188; x_wconf 83' lang='lat' dir='ltr'><strong>beneﬁciorum</strong></span> <span class='ocrx_word' id='word_1_66' title='bbox 1803 1118 2007 1170; x_wconf 86' lang='lat' dir='ltr'><strong>comitis</strong></span> 
     </span>
    </p>
   </div>
   <div class='ocr_carea' id='block_1_12' title="bbox 392 1207 2008 1287">
    <p class='ocr_par' dir='ltr' id='par_1_12' title="bbox 392 1207 2008 1287">
     <span class='ocr_line' id='line_1_12' title="bbox 392 1207 2008 1287; baseline -0.009 -15"><span class='ocrx_word' id='word_1_67' title='bbox 392 1215 706 1272; x_wconf 78' lang='lat' dir='ltr'><strong>Eklcihardi</strong></span> <span class='ocrx_word' id='word_1_68' title='bbox 729 1220 1130 1287; x_wconf 63' lang='lat' dir='ltr'><strong>spontaneeque</strong></span> <span class='ocrx_word' id='word_1_69' title='bbox 1158 1211 1518 1274; x_wconf 80' lang='lat' dir='ltr'><strong>invitationis,</strong></span> <span class='ocrx_word' id='word_1_70' title='bbox 1554 1210 1632 1263; x_wconf 91' lang='lat' dir='ltr'><strong>sic</strong></span> <span class='ocrx_word' id='word_1_71' title='bbox 1651 1207 1934 1276; x_wconf 87' lang='lat' dir='ltr'><strong>assurgitis</strong></span> <span class='ocrx_word' id='word_1_72' title='bbox 1952 1207 2008 1258; x_wconf 88' lang='lat' dir='ltr'><strong>in</strong></span> 
     </span>
    </p>
   </div>
   <div class='ocr_carea' id='block_1_13' title="bbox 382 1297 2008 1378">
    <p class='ocr_par' dir='ltr' id='par_1_13' title="bbox 382 1297 2008 1378">
     <span class='ocr_line' id='line_1_13' title="bbox 382 1297 2008 1378; baseline -0.009 -17"><span class='ocrx_word' id='word_1_73' title='bbox 382 1307 678 1378; x_wconf 74' lang='lat' dir='ltr'><strong>perniciem</strong></span> <span class='ocrx_word' id='word_1_74' title='bbox 706 1303 816 1374; x_wconf 82' lang='lat' dir='ltr'><strong>ﬁlii</strong></span> <span class='ocrx_word' id='word_1_75' title='bbox 825 1303 852 1357; x_wconf 79' lang='lat' dir='ltr'><strong>‘l</strong></span> <span class='ocrx_word' id='word_1_76' title='bbox 879 1301 948 1356; x_wconf 89' lang='lat' dir='ltr'><strong>Si</strong></span> <span class='ocrx_word' id='word_1_77' title='bbox 958 1315 1181 1356; x_wconf 80' lang='lat' dir='ltr'><strong>causam</strong></span> <span class='ocrx_word' id='word_1_78' title='bbox 1211 1299 1351 1352; x_wconf 74' lang='lat' dir='ltr'><strong>tanti</strong></span> <span class='ocrx_word' id='word_1_79' title='bbox 1392 1297 1652 1367; x_wconf 84' lang='lat' dir='ltr'><strong>facinoris</strong></span> <span class='ocrx_word' id='word_1_80' title='bbox 1699 1312 1792 1350; x_wconf 82' lang='lat' dir='ltr'><strong>seu</strong></span> <span class='ocrx_word' id='word_1_81' title='bbox 1816 1303 1888 1336; x_wconf 71' lang='grc'><strong>86⁸</strong></span> <span class='ocrx_word' id='word_1_82' title='bbox 1905 1307 2008 1364; x_wconf 78' lang='lat' dir='ltr'><strong>pu‘</strong></span> 
     </span>
    </p>
   </div>
   <div class='ocr_carea' id='block_1_14' title="bbox 391 1384 2008 1462">
    <p class='ocr_par' dir='ltr' id='par_1_14' title="bbox 391 1384 2008 1462">
     <span class='ocr_line' id='line_1_14' title="bbox 391 1384 2008 1462; baseline -0.011 -12"><span class='ocrx_word' id='word_1_83' title='bbox 391 1394 523 1452; x_wconf 84' lang='lat' dir='ltr'><strong>blice</strong></span> <span class='ocrx_word' id='word_1_84' title='bbox 547 1410 640 1448; x_wconf 85' lang='lat' dir='ltr'><strong>seu</strong></span> <span class='ocrx_word' id='word_1_85' title='bbox 662 1391 803 1448; x_wconf 80' lang='lat' dir='ltr'><strong>clam</strong></span> <span class='ocrx_word' id='word_1_86' title='bbox 829 1391 1082 1462; x_wconf 84' lang='lat' dir='ltr'><strong>cuiquam</strong></span> <span class='ocrx_word' id='word_1_87' title='bbox 1129 1392 1377 1441; x_wconf 70' lang='lat' dir='ltr'><strong>nostrum</strong></span> <span class='ocrx_word' id='word_1_88' title='bbox 1406 1384 1574 1440; x_wconf 78' lang='lat' dir='ltr'><strong>vultis</strong></span> <span class='ocrx_word' id='word_1_89' title='bbox 1603 1385 1830 1454; x_wconf 87' lang='lat' dir='ltr'><strong>aperire,</strong></span> <span class='ocrx_word' id='word_1_90' title='bbox 1857 1397 2008 1439; x_wconf 91' lang='lat' dir='ltr'><strong>com-</strong></span> 
     </span>
    </p>
   </div>
   <div class='ocr_carea' id='block_1_15' title="bbox 391 1472 2007 1545">
    <p class='ocr_par' dir='ltr' id='par_1_15' title="bbox 391 1472 2007 1545">
     <span class='ocr_line' id='line_1_15' title="bbox 391 1472 2007 1545; baseline -0.009 -8"><span class='ocrx_word' id='word_1_91' title='bbox 391 1483 540 1537; x_wconf 85' lang='lat' dir='ltr'><strong>missi</strong></span> <span class='ocrx_word' id='word_1_92' title='bbox 564 1479 990 1536; x_wconf 74' lang='lat' dir='ltr'><strong>mendacionem</strong></span> <span class='ocrx_word' id='word_1_93' title='bbox 1023 1475 1164 1530; x_wconf 89' lang='lat' dir='ltr'><strong>vobis</strong></span> <span class='ocrx_word' id='word_1_94' title='bbox 1193 1475 1591 1545; x_wconf 86' lang='lat' dir='ltr'><strong>complacitum,</strong></span> <span class='ocrx_word' id='word_1_95' title='bbox 1617 1473 1904 1543; x_wconf 78' lang='lat' dir='ltr'><strong>futurique</strong></span> <span class='ocrx_word' id='word_1_96' title='bbox 1936 1472 2007 1524; x_wconf 87' lang='lat' dir='ltr'><strong>ti-</strong></span> 
     </span>
    </p>
   </div>
   <div class='ocr_carea' id='block_1_16' title="bbox 391 1563 2004 1625">
    <p class='ocr_par' dir='ltr' id='par_1_16' title="bbox 391 1563 2004 1625">
     <span class='ocr_line' id='line_1_16' title="bbox 391 1563 2004 1625; baseline -0.009 0"><span class='ocrx_word' id='word_1_97' title='bbox 391 1571 554 1625; x_wconf 86' lang='lat' dir='ltr'><strong>moris</strong></span> <span class='ocrx_word' id='word_1_98' title='bbox 576 1570 842 1623; x_wconf 84' lang='lat' dir='ltr'><strong>vestrimet</strong></span> <span class='ocrx_word' id='word_1_99' title='bbox 865 1566 1210 1623; x_wconf 79' lang='lat' dir='ltr'><strong>securitatem</strong></span> <span class='ocrx_word' id='word_1_100' title='bbox 1229 1581 1294 1618; x_wconf 77' lang='lat' dir='ltr'><strong>ex</strong></span> <span class='ocrx_word' id='word_1_101' title='bbox 1312 1565 1418 1616; x_wconf 87' lang='lat' dir='ltr'><strong>mei</strong></span> <span class='ocrx_word' id='word_1_102' title='bbox 1427 1563 1644 1617; x_wconf 85' lang='lat' dir='ltr'><strong>senioris</strong></span> <span class='ocrx_word' id='word_1_103' title='bbox 1673 1567 2004 1614; x_wconf 78' lang='lat' dir='ltr'><strong>nostrorum-</strong></span> 
     </span>
    </p>
   </div>
   <div class='ocr_carea' id='block_1_17' title="bbox 389 1647 2004 1731">
    <p class='ocr_par' dir='ltr' id='par_1_17' title="bbox 389 1647 2004 1731">
     <span class='ocr_line' id='line_1_17' title="bbox 389 1647 2004 1731; baseline -0.007 -18"><span class='ocrx_word' id='word_1_104' title='bbox 389 1673 494 1731; x_wconf 84' lang='lat' dir='ltr'><strong>que</strong></span> <span class='ocrx_word' id='word_1_105' title='bbox 521 1657 766 1712; x_wconf 80' lang='lat' dir='ltr'><strong>omnium</strong></span> <span class='ocrx_word' id='word_1_106' title='bbox 785 1661 945 1726; x_wconf 81' lang='lat' dir='ltr'><strong>parte</strong></span> <span class='ocrx_word' id='word_1_107' title='bbox 962 1651 1672 1726; x_wconf 82' lang='lat' dir='ltr'><strong>ﬁrmiter,qualilercumque</strong></span> <span class='ocrx_word' id='word_1_108' title='bbox 1693 1647 2004 1718; x_wconf 78' lang='lat' dir='ltr'><strong>vultis,pro-</strong></span> 
     </span>
    </p>
   </div>
   <div class='ocr_carea' id='block_1_18' title="bbox 392 1736 2006 1816">
    <p class='ocr_par' dir='ltr' id='par_1_18' title="bbox 392 1736 2006 1816">
     <span class='ocr_line' id='line_1_18' title="bbox 392 1736 2006 1816; baseline -0.009 -13"><span class='ocrx_word' id='word_1_109' title='bbox 392 1748 570 1803; x_wconf 69' lang='lat' dir='ltr'><strong>mitto.</strong></span> <span class='ocrx_word' id='word_1_110' title='bbox 595 1743 765 1800; x_wconf 81' lang='lat' dir='ltr'><strong>Hunc</strong></span> <span class='ocrx_word' id='word_1_111' title='bbox 791 1759 949 1816; x_wconf 87' lang='lat' dir='ltr'><strong>quem</strong></span> <span class='ocrx_word' id='word_1_112' title='bbox 977 1744 1032 1797; x_wconf 92' lang='lat' dir='ltr'><strong>in</strong></span> <span class='ocrx_word' id='word_1_113' title='bbox 1063 1748 1285 1798; x_wconf 89' lang='lat' dir='ltr'><strong>mortem</strong></span> <span class='ocrx_word' id='word_1_114' title='bbox 1313 1740 1461 1796; x_wconf 77' lang='lat' dir='ltr'><strong>vobis</strong></span> <span class='ocrx_word' id='word_1_115' title='bbox 1506 1737 1632 1792; x_wconf 87' lang='lat' dir='ltr'><strong>dari</strong></span> <span class='ocrx_word' id='word_1_116' title='bbox 1656 1736 2006 1792; x_wconf 75' lang='lat' dir='ltr'><strong>inclementer</strong></span> 
     </span>
    </p>
   </div>
   <div class='ocr_carea' id='block_1_19' title="bbox 2105 585 3499 658">
    <p class='ocr_par' dir='ltr' id='par_1_19' title="bbox 2105 585 3499 658">
     <span class='ocr_line' id='line_1_19' title="bbox 2105 585 3499 658; baseline 0.001 -17"><span class='ocrx_word' id='word_1_117' title='bbox 2105 585 2386 642; x_wconf 82' lang='lat' dir='ltr'><strong>servitutis</strong></span> <span class='ocrx_word' id='word_1_118' title='bbox 2415 585 2786 656; x_wconf 81' lang='lat' dir='ltr'><strong>liberatisque</strong></span> <span class='ocrx_word' id='word_1_119' title='bbox 2815 585 3230 640; x_wconf 84' lang='lat' dir='ltr'><strong>detrimentum</strong></span> <span class='ocrx_word' id='word_1_120' title='bbox 3263 602 3499 658; x_wconf 80' lang='lat' dir='ltr'><strong>capere.</strong></span> 
     </span>
    </p>
   </div>
   <div class='ocr_carea' id='block_1_20' title="bbox 2176 673 3711 746">
    <p class='ocr_par' dir='ltr' id='par_1_20' title="bbox 2176 673 3711 746">
     <span class='ocr_line' id='line_1_20' title="bbox 2176 673 3711 746; baseline 0.002 -16"><span class='ocrx_word' id='word_1_121' title='bbox 2176 681 2225 730; x_wconf 90' lang='lat'><strong>7.</strong></span> <span class='ocrx_word' id='word_1_122' title='bbox 2245 675 2410 730; x_wconf 79' lang='lat' dir='ltr'><strong>Alter</strong></span> <span class='ocrx_word' id='word_1_123' title='bbox 2429 678 2626 728; x_wconf 87' lang='lat' dir='ltr'><strong>autem</strong></span> <span class='ocrx_word' id='word_1_124' title='bbox 2650 673 2980 734; x_wconf 78' lang='lat' dir='ltr'><strong>Bolizlavus.</strong></span> <span class='ocrx_word' id='word_1_125' title='bbox 3026 674 3398 731; x_wconf 88' lang='lat' dir='ltr'><strong>Boemiorum</strong></span> <span class='ocrx_word' id='word_1_126' title='bbox 3431 677 3711 746; x_wconf 83' lang='lat' dir='ltr'><strong>provisor,</strong></span> 
     </span>
    </p>
   </div>
   <div class='ocr_carea' id='block_1_21' title="bbox 2107 763 3710 835">
    <p class='ocr_par' dir='ltr' id='par_1_21' title="bbox 2107 763 3710 835">
     <span class='ocr_line' id='line_1_21' title="bbox 2107 763 3710 835; baseline 0.001 -16"><span class='ocrx_word' id='word_1_127' title='bbox 2107 767 2496 835; x_wconf 88' lang='lat' dir='ltr'><strong>cognomento</strong></span> <span class='ocrx_word' id='word_1_128' title='bbox 2521 763 2715 826; x_wconf 82' lang='lat' dir='ltr'><strong>Rufus.</strong></span> <span class='ocrx_word' id='word_1_129' title='bbox 2745 768 2803 818; x_wconf 91' lang='lat' dir='ltr'><strong>et</strong></span> <span class='ocrx_word' id='word_1_130' title='bbox 2833 764 3142 834; x_wconf 88' lang='lat' dir='ltr'><strong>impietatis</strong></span> <span class='ocrx_word' id='word_1_131' title='bbox 3155 768 3355 819; x_wconf 89' lang='lat' dir='ltr'><strong>auctor</strong></span> <span class='ocrx_word' id='word_1_132' title='bbox 3384 765 3710 833; x_wconf 65' lang='lat' dir='ltr'><strong>immensa,</strong></span> 
     </span>
    </p>
   </div>
   <div class='ocr_carea' id='block_1_22' title="bbox 2107 851 3713 925">
    <p class='ocr_par' dir='ltr' id='par_1_22' title="bbox 2107 851 3713 925">
     <span class='ocr_line' id='line_1_22' title="bbox 2107 851 3713 925; baseline 0.002 -19"><span class='ocrx_word' id='word_1_133' title='bbox 2107 853 2343 924; x_wconf 89' lang='lat' dir='ltr'><strong>antiquo</strong></span> <span class='ocrx_word' id='word_1_134' title='bbox 2361 868 2526 907; x_wconf 91' lang='lat' dir='ltr'><strong>more</strong></span> <span class='ocrx_word' id='word_1_135' title='bbox 2540 851 2665 924; x_wconf 90' lang='lat' dir='ltr'><strong>jam</strong></span> <span class='ocrx_word' id='word_1_136' title='bbox 2679 853 2974 924; x_wconf 85' lang='lat' dir='ltr'><strong>paululum</strong></span> <span class='ocrx_word' id='word_1_137' title='bbox 3004 853 3316 920; x_wconf 87' lang='lat' dir='ltr'><strong>refrenato,</strong></span> <span class='ocrx_word' id='word_1_138' title='bbox 3349 853 3484 908; x_wconf 91' lang='lat' dir='ltr'><strong>duci</strong></span> <span class='ocrx_word' id='word_1_139' title='bbox 3503 855 3713 925; x_wconf 88' lang='lat' dir='ltr'><strong>aspira-</strong></span> 
     </span>
    </p>
   </div>
   <div class='ocr_carea' id='block_1_23' title="bbox 2105 940 3713 1014">
    <p class='ocr_par' dir='ltr' id='par_1_23' title="bbox 2105 940 3713 1014">
     <span class='ocr_line' id='line_1_23' title="bbox 2105 940 3713 1014; baseline 0.002 -20"><span class='ocrx_word' id='word_1_140' title='bbox 2105 941 2182 994; x_wconf 86' lang='lat' dir='ltr'><strong>vit</strong></span> <span class='ocrx_word' id='word_1_141' title='bbox 2213 941 2508 1008; x_wconf 84' lang='lat' dir='ltr'><strong>Heinrico;</strong></span> <span class='ocrx_word' id='word_1_142' title='bbox 2548 940 2647 1012; x_wconf 86' lang='lat' dir='ltr'><strong>qui</strong></span> <span class='ocrx_word' id='word_1_143' title='bbox 2689 940 2860 996; x_wconf 91' lang='lat' dir='ltr'><strong>inicio</strong></span> <span class='ocrx_word' id='word_1_144' title='bbox 2915 941 3131 996; x_wconf 85' lang='lat' dir='ltr'><strong>mensis</strong></span> <span class='ocrx_word' id='word_1_145' title='bbox 3177 942 3321 1010; x_wconf 82' lang='lat' dir='ltr'><strong>junii</strong></span> <span class='ocrx_word' id='word_1_146' title='bbox 3349 959 3487 997; x_wconf 90' lang='lat' dir='ltr'><strong>cum</strong></span> <span class='ocrx_word' id='word_1_147' title='bbox 3512 943 3713 1014; x_wconf 83' lang='lat' dir='ltr'><strong>primis</strong></span> 
     </span>
    </p>
   </div>
   <div class='ocr_carea' id='block_1_24' title="bbox 2106 1029 3709 1087">
    <p class='ocr_par' dir='ltr' id='par_1_24' title="bbox 2106 1029 3709 1087">
     <span class='ocr_line' id='line_1_24' title="bbox 2106 1029 3709 1087; baseline 0.002 -3"><span class='ocrx_word' id='word_1_148' title='bbox 2106 1029 2493 1085; x_wconf 84' lang='lat' dir='ltr'><strong>Bawariorum</strong></span> <span class='ocrx_word' id='word_1_149' title='bbox 2545 1033 2604 1084; x_wconf 91' lang='lat' dir='ltr'><strong>et</strong></span> <span class='ocrx_word' id='word_1_150' title='bbox 2644 1030 3016 1086; x_wconf 85' lang='lat' dir='ltr'><strong>orientalium</strong></span> <span class='ocrx_word' id='word_1_151' title='bbox 3066 1032 3419 1086; x_wconf 82' lang='lat' dir='ltr'><strong>Francorum</strong></span> <span class='ocrx_word' id='word_1_152' title='bbox 3451 1040 3527 1074; x_wconf 71' lang='grc' dir='ltr'><strong>⁸⁸η</strong></span> <span class='ocrx_word' id='word_1_153' title='bbox 3557 1033 3709 1087; x_wconf 79' lang='lat' dir='ltr'><strong>Wor-</strong></span> 
     </span>
    </p>
   </div>
   <div class='ocr_carea' id='block_1_25' title="bbox 2105 1119 3709 1188">
    <p class='ocr_par' dir='ltr' id='par_1_25' title="bbox 2105 1119 3709 1188">
     <span class='ocr_line' id='line_1_25' title="bbox 2105 1119 3709 1188; baseline 0.002 -16"><span class='ocrx_word' id='word_1_154' title='bbox 2105 1120 2346 1173; x_wconf 90' lang='lat' dir='ltr'><strong>matiam</strong></span> <span class='ocrx_word' id='word_1_155' title='bbox 2379 1119 2557 1181; x_wconf 89' lang='lat' dir='ltr'><strong>venit,</strong></span> <span class='ocrx_word' id='word_1_156' title='bbox 2609 1135 2779 1174; x_wconf 90' lang='lat' dir='ltr'><strong>causa</strong></span> <span class='ocrx_word' id='word_1_157' title='bbox 2813 1120 3034 1174; x_wconf 81' lang='lat' dir='ltr'><strong>Renum</strong></span> <span class='ocrx_word' id='word_1_158' title='bbox 3089 1120 3310 1175; x_wconf 88' lang='lat' dir='ltr'><strong>ibidem</strong></span> <span class='ocrx_word' id='word_1_159' title='bbox 3351 1121 3709 1188; x_wconf 76' lang='lat' dir='ltr'><strong>transeundi,</strong></span> 
     </span>
    </p>
   </div>
   <div class='ocr_carea' id='block_1_26' title="bbox 2103 1208 3712 1281">
    <p class='ocr_par' dir='ltr' id='par_1_26' title="bbox 2103 1208 3712 1281">
     <span class='ocr_line' id='line_1_26' title="bbox 2103 1208 3712 1281; baseline 0.002 -20"><span class='ocrx_word' id='word_1_160' title='bbox 2103 1208 2504 1279; x_wconf 78' lang='lat' dir='ltr'><strong>Magontiaque</strong></span> <span class='ocrx_word' id='word_1_161' title='bbox 2536 1208 3010 1264; x_wconf 89' lang='lat' dir='ltr'><strong>benediccionem</strong></span> <span class='ocrx_word' id='word_1_162' title='bbox 3042 1209 3571 1280; x_wconf 66' lang='lat' dir='ltr'><strong>accipiendiﬂuod</strong></span> <span class='ocrx_word' id='word_1_163' title='bbox 3587 1227 3712 1281; x_wconf 87' lang='lat' dir='ltr'><strong>pro-</strong></span> 
     </span>
    </p>
   </div>
   <div class='ocr_carea' id='block_1_27' title="bbox 2101 1293 3716 1370">
    <p class='ocr_par' dir='ltr' id='par_1_27' title="bbox 2101 1293 3716 1370">
     <span class='ocr_line' id='line_1_27' title="bbox 2101 1293 3716 1370; baseline 0.002 -21"><span class='ocrx_word' id='word_1_164' title='bbox 2101 1293 2303 1350; x_wconf 87' lang='lat' dir='ltr'><strong>hibere</strong></span> <span class='ocrx_word' id='word_1_165' title='bbox 2328 1296 2712 1351; x_wconf 85' lang='lat' dir='ltr'><strong>Herimannus</strong></span> <span class='ocrx_word' id='word_1_166' title='bbox 2741 1297 2854 1351; x_wconf 86' lang='lat' dir='ltr'><strong>dux</strong></span> <span class='ocrx_word' id='word_1_167' title='bbox 2880 1297 3102 1364; x_wconf 89' lang='lat' dir='ltr'><strong>nititur,</strong></span> <span class='ocrx_word' id='word_1_168' title='bbox 3134 1299 3479 1370; x_wconf 89' lang='lat' dir='ltr'><strong>nullumque</strong></span> <span class='ocrx_word' id='word_1_169' title='bbox 3510 1299 3595 1353; x_wconf 90' lang='lat' dir='ltr'><strong>eis</strong></span> <span class='ocrx_word' id='word_1_170' title='bbox 3617 1316 3716 1370; x_wconf 78' lang='lat' dir='ltr'><strong>pa-</strong></span> 
     </span>
    </p>
   </div>
   <div class='ocr_carea' id='block_1_28' title="bbox 2105 1384 3714 1455">
    <p class='ocr_par' dir='ltr' id='par_1_28' title="bbox 2105 1384 3714 1455">
     <span class='ocr_line' id='line_1_28' title="bbox 2105 1384 3714 1455; baseline 0.002 -17"><span class='ocrx_word' id='word_1_171' title='bbox 2105 1384 2300 1438; x_wconf 86' lang='lat' dir='ltr'><strong>tefecit</strong></span> <span class='ocrx_word' id='word_1_172' title='bbox 2329 1385 2488 1440; x_wconf 85' lang='lat' dir='ltr'><strong>Reno</strong></span> <span class='ocrx_word' id='word_1_173' title='bbox 2512 1385 2742 1439; x_wconf 81' lang='lat' dir='ltr'><strong>favente</strong></span> <span class='ocrx_word' id='word_1_174' title='bbox 2773 1385 3128 1455; x_wconf 86' lang='lat' dir='ltr'><strong>ingressum.</strong></span> <span class='ocrx_word' id='word_1_175' title='bbox 3158 1387 3277 1440; x_wconf 83' lang='lat' dir='ltr'><strong>Dux</strong></span> <span class='ocrx_word' id='word_1_176' title='bbox 3307 1391 3511 1442; x_wconf 88' lang='lat' dir='ltr'><strong>autem</strong></span> <span class='ocrx_word' id='word_1_177' title='bbox 3546 1387 3714 1442; x_wconf 83' lang='lat' dir='ltr'><strong>Hein-</strong></span> 
     </span>
    </p>
   </div>
   <div class='ocr_carea' id='block_1_29' title="bbox 2105 1473 3711 1543">
    <p class='ocr_par' dir='ltr' id='par_1_29' title="bbox 2105 1473 3711 1543">
     <span class='ocr_line' id='line_1_29' title="bbox 2105 1473 3711 1543; baseline 0.002 -15"><span class='ocrx_word' id='word_1_178' title='bbox 2105 1473 2254 1528; x_wconf 92' lang='lat' dir='ltr'><strong>ricus</strong></span> <span class='ocrx_word' id='word_1_179' title='bbox 2272 1474 2470 1529; x_wconf 85' lang='lat' dir='ltr'><strong>habito</strong></span> <span class='ocrx_word' id='word_1_180' title='bbox 2502 1474 2573 1529; x_wconf 89' lang='lat' dir='ltr'><strong>de</strong></span> <span class='ocrx_word' id='word_1_181' title='bbox 2602 1473 2710 1528; x_wconf 85' lang='lat' dir='ltr'><strong>hiis</strong></span> <span class='ocrx_word' id='word_1_182' title='bbox 2738 1475 2910 1528; x_wconf 86' lang='lat' dir='ltr'><strong>rebus</strong></span> <span class='ocrx_word' id='word_1_183' title='bbox 2939 1491 3070 1529; x_wconf 91' lang='lat' dir='ltr'><strong>cum</strong></span> <span class='ocrx_word' id='word_1_184' title='bbox 3103 1474 3216 1529; x_wconf 88' lang='lat' dir='ltr'><strong>suis</strong></span> <span class='ocrx_word' id='word_1_185' title='bbox 3237 1475 3508 1543; x_wconf 86' lang='lat' dir='ltr'><strong>consilio,</strong></span> <span class='ocrx_word' id='word_1_186' title='bbox 3537 1476 3711 1532; x_wconf 87' lang='lat' dir='ltr'><strong>simu-</strong></span> 
     </span>
    </p>
   </div>
   <div class='ocr_carea' id='block_1_30' title="bbox 2104 1561 3712 1636">
    <p class='ocr_par' dir='ltr' id='par_1_30' title="bbox 2104 1561 3712 1636">
     <span class='ocr_line' id='line_1_30' title="bbox 2104 1561 3712 1636; baseline 0.002 -19"><span class='ocrx_word' id='word_1_187' title='bbox 2104 1565 2222 1618; x_wconf 91' lang='lat' dir='ltr'><strong>lato</strong></span> <span class='ocrx_word' id='word_1_188' title='bbox 2251 1563 2310 1618; x_wconf 90' lang='lat' dir='ltr'><strong>in</strong></span> <span class='ocrx_word' id='word_1_189' title='bbox 2350 1562 2660 1619; x_wconf 87' lang='lat' dir='ltr'><strong>Bawariam</strong></span> <span class='ocrx_word' id='word_1_190' title='bbox 2690 1561 2881 1618; x_wconf 90' lang='lat' dir='ltr'><strong>reditu</strong></span> <span class='ocrx_word' id='word_1_191' title='bbox 2907 1563 3265 1635; x_wconf 85' lang='lat' dir='ltr'><strong>transituque</strong></span> <span class='ocrx_word' id='word_1_192' title='bbox 3296 1564 3467 1636; x_wconf 90' lang='lat' dir='ltr'><strong>quasi</strong></span> <span class='ocrx_word' id='word_1_193' title='bbox 3509 1565 3712 1636; x_wconf 88' lang='lat' dir='ltr'><strong>despe-</strong></span> 
     </span>
    </p>
   </div>
   <div class='ocr_carea' id='block_1_31' title="bbox 2105 1651 3709 1726">
    <p class='ocr_par' dir='ltr' id='par_1_31' title="bbox 2105 1651 3709 1726">
     <span class='ocr_line' id='line_1_31' title="bbox 2105 1651 3709 1726; baseline 0.001 -20"><span class='ocrx_word' id='word_1_194' title='bbox 2105 1655 2252 1718; x_wconf 89' lang='lat' dir='ltr'><strong>rato,</strong></span> <span class='ocrx_word' id='word_1_195' title='bbox 2285 1651 2358 1706; x_wconf 90' lang='lat' dir='ltr'><strong>ad</strong></span> <span class='ocrx_word' id='word_1_196' title='bbox 2388 1651 2592 1708; x_wconf 89' lang='lat' dir='ltr'><strong>urbem</strong></span> <span class='ocrx_word' id='word_1_197' title='bbox 2619 1651 2852 1707; x_wconf 82' lang='lat' dir='ltr'><strong>Larsem</strong></span> <span class='ocrx_word' id='word_1_198' title='bbox 2885 1652 3024 1715; x_wconf 85' lang='grc'><strong>(611)</strong></span> <span class='ocrx_word' id='word_1_199' title='bbox 3061 1651 3158 1707; x_wconf 90' lang='lat' dir='ltr'><strong>ubi</strong></span> <span class='ocrx_word' id='word_1_200' title='bbox 3188 1656 3419 1708; x_wconf 89' lang='lat' dir='ltr'><strong>sanctus</strong></span> <span class='ocrx_word' id='word_1_201' title='bbox 3450 1654 3709 1726; x_wconf 86' lang='lat' dir='ltr'><strong>requies-</strong></span> 
     </span>
    </p>
   </div>
   <div class='ocr_carea' id='block_1_32' title="bbox 2103 1739 3714 1813">
    <p class='ocr_par' dir='ltr' id='par_1_32' title="bbox 2103 1739 3714 1813">
     <span class='ocr_line' id='line_1_32' title="bbox 2103 1739 3714 1813; baseline 0.002 -19"><span class='ocrx_word' id='word_1_202' title='bbox 2103 1740 2181 1794; x_wconf 90' lang='lat' dir='ltr'><strong>cit</strong></span> <span class='ocrx_word' id='word_1_203' title='bbox 2210 1740 2494 1808; x_wconf 86' lang='lat' dir='ltr'><strong>Nazarius,</strong></span> <span class='ocrx_word' id='word_1_204' title='bbox 2527 1739 2702 1796; x_wconf 87' lang='lat' dir='ltr'><strong>venit.</strong></span> <span class='ocrx_word' id='word_1_205' title='bbox 2738 1740 3075 1813; x_wconf 91' lang='lat' dir='ltr'><strong>Deindeque</strong></span> <span class='ocrx_word' id='word_1_206' title='bbox 3131 1741 3205 1796; x_wconf 91' lang='lat' dir='ltr'><strong>ad</strong></span> <span class='ocrx_word' id='word_1_207' title='bbox 3231 1741 3594 1812; x_wconf 80' lang='lat' dir='ltr'><strong>Magontiam</strong></span> <span class='ocrx_word' id='word_1_208' title='bbox 3623 1759 3714 1797; x_wconf 86' lang='lat' dir='ltr'><strong>ce-</strong></span> 
     </span>
    </p>
   </div>
   <div class='ocr_carea' id='block_1_33' title="bbox 389 1811 3718 1907">
    <p class='ocr_par' dir='ltr' id='par_1_33' title="bbox 389 1811 3718 1907">
     <span class='ocr_line' id='line_1_33' title="bbox 389 1811 3718 1907; baseline -0.001 -17"><span class='ocrx_word' id='word_1_209' title='bbox 389 1835 688 1907; x_wconf 67' lang='lat' dir='ltr'><strong>exposeitis,</strong></span> <span class='ocrx_word' id='word_1_210' title='bbox 737 1811 884 1888; x_wconf 77' lang='lat' dir='ltr'><strong>nobis</strong></span> <span class='ocrx_word' id='word_1_211' title='bbox 921 1831 1212 1886; x_wconf 83' lang='lat' dir='ltr'><strong>viventibus</strong></span> <span class='ocrx_word' id='word_1_212' title='bbox 1261 1837 1332 1871; x_wconf 70' lang='grc' dir='ltr'><strong>οδε</strong></span> <span class='ocrx_word' id='word_1_213' title='bbox 1387 1827 1444 1898; x_wconf 87' lang='lat' dir='ltr'><strong>(f.</strong></span> <span class='ocrx_word' id='word_1_214' title='bbox 1468 1826 1556 1896; x_wconf 85' lang='lat'><strong>86)</strong></span> <span class='ocrx_word' id='word_1_215' title='bbox 1607 1843 1715 1881; x_wconf 74' lang='lat' dir='ltr'><strong>non</strong></span> <span class='ocrx_word' id='word_1_216' title='bbox 1739 1827 2002 1896; x_wconf 79' lang='lat' dir='ltr'><strong>accipitis.</strong></span> <span class='ocrx_word' id='word_1_217' title='bbox 2037 1811 2300 1883; x_wconf 84' lang='lat' dir='ltr'><strong>Bleriter</strong></span> <span class='ocrx_word' id='word_1_218' title='bbox 2323 1828 2387 1899; x_wconf 87' lang='lat' dir='ltr'><strong>(f.</strong></span> <span class='ocrx_word' id='word_1_219' title='bbox 2419 1830 2506 1899; x_wconf 88' lang='lat'><strong>87)</strong></span> <span class='ocrx_word' id='word_1_220' title='bbox 2536 1829 2928 1900; x_wconf 90' lang='lat' dir='ltr'><strong>properando,</strong></span> <span class='ocrx_word' id='word_1_221' title='bbox 2980 1811 3208 1886; x_wconf 59' lang='lat' dir='ltr'><strong>Renum</strong></span> <span class='ocrx_word' id='word_1_222' title='bbox 3244 1811 3484 1887; x_wconf 81' lang='lat' dir='ltr'><strong>securus</strong></span> <span class='ocrx_word' id='word_1_223' title='bbox 3517 1833 3718 1888; x_wconf 86' lang='lat' dir='ltr'><strong>enavi-</strong></span> 
     </span>
    </p>
   </div>
   <div class='ocr_carea' id='block_1_34' title="bbox 389 1915 2006 1987">
    <p class='ocr_par' dir='ltr' id='par_1_34' title="bbox 389 1915 2006 1987">
     <span class='ocr_line' id='line_1_34' title="bbox 389 1915 2006 1987; baseline -0.007 -7"><span class='ocrx_word' id='word_1_224' title='bbox 389 1923 573 1980; x_wconf 88' lang='lat' dir='ltr'><strong>Pauci</strong></span> <span class='ocrx_word' id='word_1_225' title='bbox 587 1937 802 1987; x_wconf 78' lang='lat' dir='ltr'><strong>sumus,-</strong></span> <span class='ocrx_word' id='word_1_226' title='bbox 857 1927 954 1976; x_wconf 90' lang='lat' dir='ltr'><strong>aut</strong></span> <span class='ocrx_word' id='word_1_227' title='bbox 996 1920 1345 1976; x_wconf 82' lang='lat' dir='ltr'><strong>communiter</strong></span> <span class='ocrx_word' id='word_1_228' title='bbox 1391 1919 1548 1984; x_wconf 90' lang='lat' dir='ltr'><strong>mori,</strong></span> <span class='ocrx_word' id='word_1_229' title='bbox 1586 1923 1682 1972; x_wconf 87' lang='lat' dir='ltr'><strong>aut</strong></span> <span class='ocrx_word' id='word_1_230' title='bbox 1711 1915 2006 1970; x_wconf 84' lang='lat' dir='ltr'><strong>incolumes</strong></span> 
     </span>
    </p>
   </div>
   <div class='ocr_carea' id='block_1_35' title="bbox 392 2001 2006 2080">
    <p class='ocr_par' dir='ltr' id='par_1_35' title="bbox 392 2001 2006 2080">
     <span class='ocr_line' id='line_1_35' title="bbox 392 2001 2006 2080; baseline -0.004 -16"><span class='ocrx_word' id='word_1_231' title='bbox 392 2010 520 2066; x_wconf 84' lang='lat' dir='ltr'><strong>urbe</strong></span> <span class='ocrx_word' id='word_1_232' title='bbox 550 2011 648 2067; x_wconf 71' lang='lat' dir='ltr'><strong>hac</strong></span> <span class='ocrx_word' id='word_1_233' title='bbox 679 2026 772 2064; x_wconf 88' lang='lat' dir='ltr'><strong>nos</strong></span> <span class='ocrx_word' id='word_1_234' title='bbox 803 2012 945 2064; x_wconf 66' lang='lat' dir='ltr'><strong>exire</strong></span> <span class='ocrx_word' id='word_1_235' title='bbox 962 2025 1066 2080; x_wconf 85' lang='lat' dir='ltr'><strong>pro</strong></span> <span class='ocrx_word' id='word_1_236' title='bbox 1087 2013 1232 2063; x_wconf 82' lang='lat' dir='ltr'><strong>certo</strong></span> <span class='ocrx_word' id='word_1_237' title='bbox 1251 2009 1447 2062; x_wconf 81' lang='lat' dir='ltr'><strong>sciatis.</strong></span> <span class='ocrx_word' id='word_1_238' title='bbox 1488 2006 1645 2060; x_wconf 88' lang='lat' dir='ltr'><strong>Tunc</strong></span> <span class='ocrx_word' id='word_1_239' title='bbox 1677 2005 1758 2058; x_wconf 92' lang='lat' dir='ltr'><strong>illi</strong></span> <span class='ocrx_word' id='word_1_240' title='bbox 1797 2001 2006 2058; x_wconf 86' lang='lat' dir='ltr'><strong>auditis</strong></span> 
     </span>
    </p>
   </div>
   <div class='ocr_carea' id='block_1_36' title="bbox 393 2091 2003 2169">
    <p class='ocr_par' dir='ltr' id='par_1_36' title="bbox 393 2091 2003 2169">
     <span class='ocr_line' id='line_1_36' title="bbox 393 2091 2003 2169; baseline -0.007 -13"><span class='ocrx_word' id='word_1_241' title='bbox 393 2099 777 2166; x_wconf 84' lang='lat' dir='ltr'><strong>sermonibus,</strong></span> <span class='ocrx_word' id='word_1_242' title='bbox 819 2098 908 2152; x_wconf 88' lang='lat' dir='ltr'><strong>his</strong></span> <span class='ocrx_word' id='word_1_243' title='bbox 939 2099 1350 2169; x_wconf 92' lang='lat' dir='ltr'><strong>colloquuntur</strong></span> <span class='ocrx_word' id='word_1_244' title='bbox 1396 2102 1489 2162; x_wconf 72' lang='grc'><strong>⁸⁸⁷,</strong></span> <span class='ocrx_word' id='word_1_245' title='bbox 1538 2092 1906 2164; x_wconf 90' lang='lat' dir='ltr'><strong>abeundique</strong></span> <span class='ocrx_word' id='word_1_246' title='bbox 1933 2091 2003 2146; x_wconf 84' lang='lat' dir='ltr'><strong>li-</strong></span> 
     </span>
    </p>
   </div>
   <div class='ocr_carea' id='block_1_37' title="bbox 391 2181 2006 2258">
    <p class='ocr_par' dir='ltr' id='par_1_37' title="bbox 391 2181 2006 2258">
     <span class='ocr_line' id='line_1_37' title="bbox 391 2181 2006 2258; baseline -0.007 -13"><span class='ocrx_word' id='word_1_247' title='bbox 391 2188 655 2245; x_wconf 85' lang='lat' dir='ltr'><strong>conciam</strong></span> <span class='ocrx_word' id='word_1_248' title='bbox 703 2186 818 2243; x_wconf 86' lang='lat' dir='ltr'><strong>hiis</strong></span> <span class='ocrx_word' id='word_1_249' title='bbox 856 2189 1200 2258; x_wconf 87' lang='lat' dir='ltr'><strong>prestantes,</strong></span> <span class='ocrx_word' id='word_1_250' title='bbox 1259 2184 1466 2238; x_wconf 92' lang='lat' dir='ltr'><strong>ducem</strong></span> <span class='ocrx_word' id='word_1_251' title='bbox 1523 2181 1869 2236; x_wconf 87' lang='lat' dir='ltr'><strong>Bolizlavum</strong></span> <span class='ocrx_word' id='word_1_252' title='bbox 1901 2196 2006 2252; x_wconf 92' lang='lat' dir='ltr'><strong>per</strong></span> 
     </span>
    </p>
   </div>
   <div class='ocr_carea' id='block_1_38' title="bbox 393 2267 2003 2346">
    <p class='ocr_par' dir='ltr' id='par_1_38' title="bbox 393 2267 2003 2346">
     <span class='ocr_line' id='line_1_38' title="bbox 393 2267 2003 2346; baseline -0.008 -12"><span class='ocrx_word' id='word_1_253' title='bbox 393 2276 793 2334; x_wconf 89' lang='lat' dir='ltr'><strong>internuncios</strong></span> <span class='ocrx_word' id='word_1_254' title='bbox 818 2275 1090 2344; x_wconf 89' lang='lat' dir='ltr'><strong>invitant,</strong></span> <span class='ocrx_word' id='word_1_255' title='bbox 1120 2272 1417 2346; x_wconf 89' lang='lat' dir='ltr'><strong>portisque</strong></span> <span class='ocrx_word' id='word_1_256' title='bbox 1448 2270 1701 2327; x_wconf 89' lang='lat' dir='ltr'><strong>eundem</strong></span> <span class='ocrx_word' id='word_1_257' title='bbox 1729 2278 1800 2311; x_wconf 67' lang='grc' dir='ltr'><strong>διε</strong></span> <span class='ocrx_word' id='word_1_258' title='bbox 1829 2267 2003 2323; x_wconf 88' lang='lat' dir='ltr'><strong>susci-</strong></span> 
     </span>
    </p>
   </div>
   <div class='ocr_carea' id='block_1_39' title="bbox 394 2359 2001 2439">
    <p class='ocr_par' dir='ltr' id='par_1_39' title="bbox 394 2359 2001 2439">
     <span class='ocr_line' id='line_1_39' title="bbox 394 2359 2001 2439; baseline -0.006 -19"><span class='ocrx_word' id='word_1_259' title='bbox 394 2365 564 2439; x_wconf 86' lang='lat' dir='ltr'><strong>piunt</strong></span> <span class='ocrx_word' id='word_1_260' title='bbox 591 2363 842 2438; x_wconf 86' lang='lat' dir='ltr'><strong>apertis;</strong></span> <span class='ocrx_word' id='word_1_261' title='bbox 871 2365 1314 2436; x_wconf 90' lang='lat' dir='ltr'><strong>completurque</strong></span> <span class='ocrx_word' id='word_1_262' title='bbox 1345 2361 1501 2434; x_wconf 92' lang='lat' dir='ltr'><strong>quod</strong></span> <span class='ocrx_word' id='word_1_263' title='bbox 1559 2359 1838 2431; x_wconf 91' lang='lat' dir='ltr'><strong>scriptum</strong></span> <span class='ocrx_word' id='word_1_264' title='bbox 1870 2360 1956 2412; x_wconf 88' lang='lat' dir='ltr'><strong>est</strong></span> <span class='ocrx_word' id='word_1_265' title='bbox 1987 2371 2001 2410; x_wconf 89' lang='lat'><strong>:</strong></span> 
     </span>
    </p>
   </div>
   <div class='ocr_carea' id='block_1_40' title="bbox 392 2444 2004 2522">
    <p class='ocr_par' dir='ltr' id='par_1_40' title="bbox 392 2444 2004 2522">
     <span class='ocr_line' id='line_1_40' title="bbox 392 2444 2004 2522; baseline -0.008 -12"><span class='ocrx_word' id='word_1_266' title='bbox 392 2453 696 2522; x_wconf 68' lang='lat' dir='ltr'><strong>Lartantur,</strong></span> <span class='ocrx_word' id='word_1_267' title='bbox 754 2470 877 2508; x_wconf 85' lang='lat' dir='ltr'><strong>cum</strong></span> <span class='ocrx_word' id='word_1_268' title='bbox 925 2451 1064 2508; x_wconf 88' lang='lat' dir='ltr'><strong>male</strong></span> <span class='ocrx_word' id='word_1_269' title='bbox 1091 2451 1342 2521; x_wconf 67' lang='lat' dir='ltr'><strong>fecerint,</strong></span> <span class='ocrx_word' id='word_1_270' title='bbox 1370 2467 1433 2503; x_wconf 93' lang='lat' dir='ltr'><strong>ac</strong></span> <span class='ocrx_word' id='word_1_271' title='bbox 1462 2447 1733 2502; x_wconf 75' lang='lat' dir='ltr'><strong>exsultant</strong></span> <span class='ocrx_word' id='word_1_272' title='bbox 1762 2449 1817 2500; x_wconf 89' lang='lat' dir='ltr'><strong>in</strong></span> <span class='ocrx_word' id='word_1_273' title='bbox 1850 2444 2004 2499; x_wconf 85' lang='lat' dir='ltr'><strong>rebus</strong></span> 
     </span>
    </p>
   </div>
   <div class='ocr_carea' id='block_1_41' title="bbox 389 2537 2004 2616">
    <p class='ocr_par' dir='ltr' id='par_1_41' title="bbox 389 2537 2004 2616">
     <span class='ocr_line' id='line_1_41' title="bbox 389 2537 2004 2616; baseline -0.006 -17"><span class='ocrx_word' id='word_1_274' title='bbox 389 2545 623 2616; x_wconf 64' lang='lat' dir='ltr'><strong>pessimis</strong></span> <span class='ocrx_word' id='word_1_275' title='bbox 647 2543 840 2614; x_wconf 87' lang='lat' dir='ltr'><strong>(Prov.</strong></span> <span class='ocrx_word' id='word_1_276' title='bbox 873 2558 933 2609; x_wconf 85' lang='grc' dir='ltr'><strong>ιι,</strong></span> <span class='ocrx_word' id='word_1_277' title='bbox 961 2541 1067 2610; x_wconf 77' lang='grc'><strong>14),</strong></span> <span class='ocrx_word' id='word_1_278' title='bbox 1095 2544 1154 2595; x_wconf 89' lang='lat' dir='ltr'><strong>et</strong></span> <span class='ocrx_word' id='word_1_279' title='bbox 1183 2541 1397 2595; x_wconf 90' lang='lat' dir='ltr'><strong>iterum</strong></span> <span class='ocrx_word' id='word_1_280' title='bbox 1432 2547 1503 2581; x_wconf 72' lang='lat'><strong>“9</strong></span> <span class='ocrx_word' id='word_1_281' title='bbox 1525 2555 1538 2594; x_wconf 91' lang='lat'><strong>:</strong></span> <span class='ocrx_word' id='word_1_282' title='bbox 1557 2537 1700 2592; x_wconf 89' lang='lat' dir='ltr'><strong>Sunt</strong></span> <span class='ocrx_word' id='word_1_283' title='bbox 1729 2537 2004 2606; x_wconf 69' lang='lat' dir='ltr'><strong>principia</strong></span> 
     </span>
    </p>
   </div>
   <div class='ocr_carea' id='block_1_42' title="bbox 392 2624 2001 2701">
    <p class='ocr_par' dir='ltr' id='par_1_42' title="bbox 392 2624 2001 2701">
     <span class='ocr_line' id='line_1_42' title="bbox 392 2624 2001 2701; baseline -0.006 -15"><span class='ocrx_word' id='word_1_284' title='bbox 392 2647 574 2686; x_wconf 87' lang='lat' dir='ltr'><strong>eorum</strong></span> <span class='ocrx_word' id='word_1_285' title='bbox 603 2639 664 2684; x_wconf 88' lang='lat' dir='ltr'><strong>ut</strong></span> <span class='ocrx_word' id='word_1_286' title='bbox 684 2629 863 2695; x_wconf 70' lang='lat' dir='ltr'><strong>mel,et</strong></span> <span class='ocrx_word' id='word_1_287' title='bbox 876 2630 1160 2684; x_wconf 87' lang='lat' dir='ltr'><strong>novissima</strong></span> <span class='ocrx_word' id='word_1_288' title='bbox 1171 2630 1328 2701; x_wconf 84' lang='lat' dir='ltr'><strong>quasi</strong></span> <span class='ocrx_word' id='word_1_289' title='bbox 1337 2627 1689 2683; x_wconf 82' lang='lat' dir='ltr'><strong>abscinthium</strong></span> <span class='ocrx_word' id='word_1_290' title='bbox 1712 2633 1783 2668; x_wconf 75' lang='lat'><strong>87°</strong></span> <span class='ocrx_word' id='word_1_291' title='bbox 1811 2624 2001 2680; x_wconf 61' lang='lat' dir='ltr'><strong>lProv.</strong></span> 
     </span>
    </p>
   </div>
   <div class='ocr_carea' id='block_1_43' title="bbox 392 2715 2002 2790">
    <p class='ocr_par' dir='ltr' id='par_1_43' title="bbox 392 2715 2002 2790">
     <span class='ocr_line' id='line_1_43' title="bbox 392 2715 2002 2790; baseline -0.005 -16"><span class='ocrx_word' id='word_1_292' title='bbox 392 2735 446 2787; x_wconf 87' lang='lat' dir='ltr'><strong>v,</strong></span> <span class='ocrx_word' id='word_1_293' title='bbox 473 2718 553 2790; x_wconf 70' lang='grc'><strong>4.)</strong></span> <span class='ocrx_word' id='word_1_294' title='bbox 585 2719 699 2774; x_wconf 84' lang='lat' dir='ltr'><strong>Hac</strong></span> <span class='ocrx_word' id='word_1_295' title='bbox 724 2719 908 2773; x_wconf 88' lang='lat' dir='ltr'><strong>elatus</strong></span> <span class='ocrx_word' id='word_1_296' title='bbox 936 2717 1318 2790; x_wconf 88' lang='lat' dir='ltr'><strong>prosperitate</strong></span> <span class='ocrx_word' id='word_1_297' title='bbox 1353 2715 1658 2770; x_wconf 86' lang='lat' dir='ltr'><strong>Bolizlavus</strong></span> <span class='ocrx_word' id='word_1_298' title='bbox 1685 2722 1776 2782; x_wconf 75' lang='grc'><strong>8⁷1,</strong></span> <span class='ocrx_word' id='word_1_299' title='bbox 1795 2729 2002 2769; x_wconf 89' lang='lat' dir='ltr'><strong>omnes</strong></span> 
     </span>
    </p>
   </div>
   <div class='ocr_carea' id='block_1_44' title="bbox 393 2801 2004 2880">
    <p class='ocr_par' dir='ltr' id='par_1_44' title="bbox 393 2801 2004 2880">
     <span class='ocr_line' id='line_1_44' title="bbox 393 2801 2004 2880; baseline -0.002 -16"><span class='ocrx_word' id='word_1_300' title='bbox 393 2807 647 2880; x_wconf 79' lang='lat' dir='ltr'><strong>regionis</strong></span> <span class='ocrx_word' id='word_1_301' title='bbox 675 2807 827 2863; x_wconf 88' lang='lat' dir='ltr'><strong>illius</strong></span> <span class='ocrx_word' id='word_1_302' title='bbox 859 2806 1142 2862; x_wconf 84' lang='lat' dir='ltr'><strong>terminos</strong></span> <span class='ocrx_word' id='word_1_303' title='bbox 1170 2821 1349 2878; x_wconf 89' lang='lat' dir='ltr'><strong>usque</strong></span> <span class='ocrx_word' id='word_1_304' title='bbox 1385 2805 1458 2860; x_wconf 91' lang='lat' dir='ltr'><strong>ad</strong></span> <span class='ocrx_word' id='word_1_305' title='bbox 1489 2806 1732 2859; x_wconf 85' lang='lat' dir='ltr'><strong>Elstram</strong></span> <span class='ocrx_word' id='word_1_306' title='bbox 1764 2801 2004 2861; x_wconf 88' lang='lat' dir='ltr'><strong>ﬂuvium</strong></span> 
     </span>
    </p>
   </div>
   <div class='ocr_carea' id='block_1_45' title="bbox 394 2893 2004 2970">
    <p class='ocr_par' dir='ltr' id='par_1_45' title="bbox 394 2893 2004 2970">
     <span class='ocr_line' id='line_1_45' title="bbox 394 2893 2004 2970; baseline -0.002 -18"><span class='ocrx_word' id='word_1_307' title='bbox 394 2895 819 2970; x_wconf 88' lang='lat' dir='ltr'><strong>preoccupavit,</strong></span> <span class='ocrx_word' id='word_1_308' title='bbox 853 2893 1228 2967; x_wconf 89' lang='lat' dir='ltr'><strong>presidiisque</strong></span> <span class='ocrx_word' id='word_1_309' title='bbox 1259 2894 1472 2949; x_wconf 86' lang='lat' dir='ltr'><strong>suimet</strong></span> <span class='ocrx_word' id='word_1_310' title='bbox 1495 2893 1703 2948; x_wconf 90' lang='lat' dir='ltr'><strong>munit.</strong></span> <span class='ocrx_word' id='word_1_311' title='bbox 1738 2894 2004 2966; x_wconf 89' lang='lat' dir='ltr'><strong>Congre-</strong></span> 
     </span>
    </p>
   </div>
   <div class='ocr_carea' id='block_1_46' title="bbox 397 2982 2004 3056">
    <p class='ocr_par' dir='ltr' id='par_1_46' title="bbox 397 2982 2004 3056">
     <span class='ocr_line' id='line_1_46' title="bbox 397 2982 2004 3056; baseline -0.001 -16"><span class='ocrx_word' id='word_1_312' title='bbox 397 2983 667 3056; x_wconf 88' lang='lat' dir='ltr'><strong>gantibus</strong></span> <span class='ocrx_word' id='word_1_313' title='bbox 712 2999 774 3039; x_wconf 88' lang='lat' dir='ltr'><strong>se</strong></span> <span class='ocrx_word' id='word_1_314' title='bbox 802 2987 941 3038; x_wconf 89' lang='lat' dir='ltr'><strong>tunc</strong></span> <span class='ocrx_word' id='word_1_315' title='bbox 971 2982 1330 3038; x_wconf 82' lang='lat' dir='ltr'><strong>unanimiter</strong></span> <span class='ocrx_word' id='word_1_316' title='bbox 1358 2983 1432 3038; x_wconf 90' lang='lat' dir='ltr'><strong>ad</strong></span> <span class='ocrx_word' id='word_1_317' title='bbox 1483 2983 1608 3037; x_wconf 66' lang='lat' dir='ltr'><strong>hinc</strong></span> <span class='ocrx_word' id='word_1_318' title='bbox 1639 2982 2004 3055; x_wconf 89' lang='lat' dir='ltr'><strong>prohibenda</strong></span> 
     </span>
    </p>
   </div>
   <div class='ocr_carea' id='block_1_47' title="bbox 394 3070 2002 3143">
    <p class='ocr_par' dir='ltr' id='par_1_47' title="bbox 394 3070 2002 3143">
     <span class='ocr_line' id='line_1_47' title="bbox 394 3070 2002 3143; baseline -0.001 -15"><span class='ocrx_word' id='word_1_319' title='bbox 394 3071 630 3141; x_wconf 89' lang='lat' dir='ltr'><strong>nostris,</strong></span> <span class='ocrx_word' id='word_1_320' title='bbox 662 3071 893 3128; x_wconf 84' lang='lat' dir='ltr'><strong>dolosus</strong></span> <span class='ocrx_word' id='word_1_321' title='bbox 923 3071 1018 3126; x_wconf 90' lang='lat' dir='ltr'><strong>ille</strong></span> <span class='ocrx_word' id='word_1_322' title='bbox 1048 3071 1306 3142; x_wconf 89' lang='lat' dir='ltr'><strong>legatum</strong></span> <span class='ocrx_word' id='word_1_323' title='bbox 1339 3071 1568 3127; x_wconf 84' lang='lat' dir='ltr'><strong>obviam</strong></span> <span class='ocrx_word' id='word_1_324' title='bbox 1610 3071 1786 3139; x_wconf 86' lang='lat' dir='ltr'><strong>misit,</strong></span> <span class='ocrx_word' id='word_1_325' title='bbox 1819 3070 1916 3143; x_wconf 88' lang='lat' dir='ltr'><strong>qui</strong></span> <span class='ocrx_word' id='word_1_326' title='bbox 1941 3087 2002 3126; x_wconf 89' lang='lat' dir='ltr'><strong>se</strong></span> 
     </span>
    </p>
   </div>
   <div class='ocr_carea' id='block_1_48' title="bbox 393 3159 2003 3234">
    <p class='ocr_par' dir='ltr' id='par_1_48' title="bbox 393 3159 2003 3234">
     <span class='ocr_line' id='line_1_48' title="bbox 393 3159 2003 3234; baseline 0 -18"><span class='ocrx_word' id='word_1_327' title='bbox 393 3163 812 3234; x_wconf 89' lang='lat' dir='ltr'><strong>protestaretur</strong></span> <span class='ocrx_word' id='word_1_328' title='bbox 834 3176 968 3216; x_wconf 89' lang='lat' dir='ltr'><strong>cum</strong></span> <span class='ocrx_word' id='word_1_329' title='bbox 995 3161 1183 3234; x_wconf 89' lang='lat' dir='ltr'><strong>gratia</strong></span> <span class='ocrx_word' id='word_1_330' title='bbox 1211 3159 1458 3216; x_wconf 82' lang='lat' dir='ltr'><strong>Heinrici</strong></span> <span class='ocrx_word' id='word_1_331' title='bbox 1487 3160 1643 3215; x_wconf 88' lang='lat' dir='ltr'><strong>ducis</strong></span> <span class='ocrx_word' id='word_1_332' title='bbox 1674 3177 1739 3214; x_wconf 91' lang='lat' dir='ltr'><strong>ac</strong></span> <span class='ocrx_word' id='word_1_333' title='bbox 1763 3159 2003 3216; x_wconf 87' lang='lat' dir='ltr'><strong>licencia</strong></span> 
     </span>
    </p>
   </div>
   <div class='ocr_carea' id='block_1_49' title="bbox 399 3247 2000 3322">
    <p class='ocr_par' dir='ltr' id='par_1_49' title="bbox 399 3247 2000 3322">
     <span class='ocr_line' id='line_1_49' title="bbox 399 3247 2000 3322; baseline -0.003 -15"><span class='ocrx_word' id='word_1_334' title='bbox 399 3251 524 3307; x_wconf 67' lang='lat' dir='ltr'><strong>haec</strong></span> <span class='ocrx_word' id='word_1_335' title='bbox 551 3249 831 3322; x_wconf 85' lang='lat' dir='ltr'><strong>incepisse</strong></span> <span class='ocrx_word' id='word_1_336' title='bbox 857 3268 871 3319; x_wconf 89' lang='lat'><strong>;</strong></span> <span class='ocrx_word' id='word_1_337' title='bbox 897 3248 958 3304; x_wconf 91' lang='lat' dir='ltr'><strong>in</strong></span> <span class='ocrx_word' id='word_1_338' title='bbox 996 3250 1153 3305; x_wconf 89' lang='lat' dir='ltr'><strong>nullo</strong></span> <span class='ocrx_word' id='word_1_339' title='bbox 1185 3265 1244 3304; x_wconf 89' lang='lat' dir='ltr'><strong>se</strong></span> <span class='ocrx_word' id='word_1_340' title='bbox 1272 3247 1476 3304; x_wconf 88' lang='lat' dir='ltr'><strong>incolis</strong></span> <span class='ocrx_word' id='word_1_341' title='bbox 1495 3248 1847 3316; x_wconf 88' lang='lat' dir='ltr'><strong>nociturum,</strong></span> <span class='ocrx_word' id='word_1_342' title='bbox 1870 3253 1930 3304; x_wconf 90' lang='lat' dir='ltr'><strong>et</strong></span> <span class='ocrx_word' id='word_1_343' title='bbox 1953 3248 2000 3303; x_wconf 89' lang='lat' dir='ltr'><strong>si</strong></span> 
     </span>
    </p>
   </div>
   <div class='ocr_carea' id='block_1_50' title="bbox 394 3336 2000 3412">
    <p class='ocr_par' dir='ltr' id='par_1_50' title="bbox 394 3336 2000 3412">
     <span class='ocr_line' id='line_1_50' title="bbox 394 3336 2000 3412; baseline -0.002 -16"><span class='ocrx_word' id='word_1_344' title='bbox 394 3339 630 3412; x_wconf 85' lang='lat' dir='ltr'><strong>quando</strong></span> <span class='ocrx_word' id='word_1_345' title='bbox 659 3339 708 3395; x_wconf 89' lang='lat' dir='ltr'><strong>is</strong></span> <span class='ocrx_word' id='word_1_346' title='bbox 735 3339 795 3394; x_wconf 91' lang='lat' dir='ltr'><strong>in</strong></span> <span class='ocrx_word' id='word_1_347' title='bbox 824 3355 1009 3412; x_wconf 92' lang='lat' dir='ltr'><strong>regno</strong></span> <span class='ocrx_word' id='word_1_348' title='bbox 1053 3338 1294 3411; x_wconf 84' lang='lat' dir='ltr'><strong>vigeret,</strong></span> <span class='ocrx_word' id='word_1_349' title='bbox 1328 3339 1610 3394; x_wconf 85' lang='lat' dir='ltr'><strong>voluntati</strong></span> <span class='ocrx_word' id='word_1_350' title='bbox 1639 3338 1908 3409; x_wconf 87' lang='lat' dir='ltr'><strong>ejusdem</strong></span> <span class='ocrx_word' id='word_1_351' title='bbox 1938 3336 2000 3392; x_wconf 90' lang='lat' dir='ltr'><strong>in</strong></span> 
     </span>
    </p>
   </div>
   <div class='ocr_carea' id='block_1_51' title="bbox 392 3425 2000 3498">
    <p class='ocr_par' dir='ltr' id='par_1_51' title="bbox 392 3425 2000 3498">
     <span class='ocr_line' id='line_1_51' title="bbox 392 3425 2000 3498; baseline -0.002 -14"><span class='ocrx_word' id='word_1_352' title='bbox 392 3427 665 3484; x_wconf 88' lang='lat' dir='ltr'><strong>omnibus</strong></span> <span class='ocrx_word' id='word_1_353' title='bbox 714 3443 1126 3497; x_wconf 87' lang='lat' dir='ltr'><strong>assensurum;</strong></span> <span class='ocrx_word' id='word_1_354' title='bbox 1187 3427 1276 3483; x_wconf 92' lang='lat' dir='ltr'><strong>sin</strong></span> <span class='ocrx_word' id='word_1_355' title='bbox 1323 3430 1543 3494; x_wconf 90' lang='lat' dir='ltr'><strong>autem,</strong></span> <span class='ocrx_word' id='word_1_356' title='bbox 1575 3426 1732 3498; x_wconf 91' lang='lat' dir='ltr'><strong>quod</strong></span> <span class='ocrx_word' id='word_1_357' title='bbox 1761 3425 2000 3481; x_wconf 90' lang='lat' dir='ltr'><strong>histum</strong></span> 
     </span>
    </p>
   </div>
   <div class='ocr_carea' id='block_1_52' title="bbox 391 3514 2001 3590">
    <p class='ocr_par' dir='ltr' id='par_1_52' title="bbox 391 3514 2001 3590">
     <span class='ocr_line' id='line_1_52' title="bbox 391 3514 2001 3590; baseline -0.004 -17"><span class='ocrx_word' id='word_1_358' title='bbox 391 3519 667 3590; x_wconf 87' lang='lat' dir='ltr'><strong>placeret,</strong></span> <span class='ocrx_word' id='word_1_359' title='bbox 697 3517 947 3573; x_wconf 87' lang='lat' dir='ltr'><strong>libenter</strong></span> <span class='ocrx_word' id='word_1_360' title='bbox 972 3517 1281 3572; x_wconf 84' lang='lat' dir='ltr'><strong>facturum.</strong></span> <span class='ocrx_word' id='word_1_361' title='bbox 1316 3516 1432 3570; x_wconf 81' lang='lat' dir='ltr'><strong>Hoc</strong></span> <span class='ocrx_word' id='word_1_362' title='bbox 1473 3514 2001 3570; x_wconf 87' lang='lat' dir='ltr'><strong>animadvertentes</strong></span> 
     </span>
    </p>
   </div>
   <div class='ocr_carea' id='block_1_53' title="bbox 389 3601 2003 3677">
    <p class='ocr_par' dir='ltr' id='par_1_53' title="bbox 389 3601 2003 3677">
     <span class='ocr_line' id='line_1_53' title="bbox 389 3601 2003 3677; baseline -0.004 -15"><span class='ocrx_word' id='word_1_363' title='bbox 389 3606 594 3674; x_wconf 90' lang='lat' dir='ltr'><strong>nostri,</strong></span> <span class='ocrx_word' id='word_1_364' title='bbox 615 3605 802 3662; x_wconf 89' lang='lat' dir='ltr'><strong>verbis</strong></span> <span class='ocrx_word' id='word_1_365' title='bbox 817 3605 1118 3662; x_wconf 86' lang='lat' dir='ltr'><strong>credidere</strong></span> <span class='ocrx_word' id='word_1_366' title='bbox 1140 3603 1454 3677; x_wconf 86' lang='lat' dir='ltr'><strong>phaleratis</strong></span> <span class='ocrx_word' id='word_1_367' title='bbox 1478 3603 1643 3672; x_wconf 80' lang='grc'><strong>(609),</strong></span> <span class='ocrx_word' id='word_1_368' title='bbox 1675 3605 1734 3657; x_wconf 87' lang='lat' dir='ltr'><strong>et</strong></span> <span class='ocrx_word' id='word_1_369' title='bbox 1754 3601 2003 3656; x_wconf 90' lang='lat' dir='ltr'><strong>inhone-</strong></span> 
     </span>
    </p>
   </div>
   <div class='ocr_carea' id='block_1_54' title="bbox 392 3690 2000 3768">
    <p class='ocr_par' dir='ltr' id='par_1_54' title="bbox 392 3690 2000 3768">
     <span class='ocr_line' id='line_1_54' title="bbox 392 3690 2000 3768; baseline -0.005 -16"><span class='ocrx_word' id='word_1_370' title='bbox 392 3697 500 3765; x_wconf 88' lang='lat' dir='ltr'><strong>ste,</strong></span> <span class='ocrx_word' id='word_1_371' title='bbox 530 3695 693 3768; x_wconf 85' lang='lat' dir='ltr'><strong>quasi</strong></span> <span class='ocrx_word' id='word_1_372' title='bbox 721 3694 799 3750; x_wconf 88' lang='lat' dir='ltr'><strong>ad</strong></span> <span class='ocrx_word' id='word_1_373' title='bbox 829 3693 1160 3761; x_wconf 90' lang='lat' dir='ltr'><strong>dominum,</strong></span> <span class='ocrx_word' id='word_1_374' title='bbox 1189 3693 1264 3748; x_wconf 91' lang='lat' dir='ltr'><strong>ad</strong></span> <span class='ocrx_word' id='word_1_375' title='bbox 1293 3692 1546 3748; x_wconf 90' lang='lat' dir='ltr'><strong>eundem</strong></span> <span class='ocrx_word' id='word_1_376' title='bbox 1599 3690 1843 3761; x_wconf 84' lang='lat' dir='ltr'><strong>profecti</strong></span> <span class='ocrx_word' id='word_1_377' title='bbox 1895 3691 2000 3745; x_wconf 91' lang='lat' dir='ltr'><strong>ho-</strong></span> 
     </span>
    </p>
   </div>
   <div class='ocr_carea' id='block_1_55' title="bbox 391 3778 2000 3854">
    <p class='ocr_par' dir='ltr' id='par_1_55' title="bbox 391 3778 2000 3854">
     <span class='ocr_line' id='line_1_55' title="bbox 391 3778 2000 3854; baseline -0.004 -13"><span class='ocrx_word' id='word_1_378' title='bbox 391 3800 599 3841; x_wconf 88' lang='lat' dir='ltr'><strong>norem</strong></span> <span class='ocrx_word' id='word_1_379' title='bbox 631 3783 900 3839; x_wconf 91' lang='lat' dir='ltr'><strong>innatum</strong></span> <span class='ocrx_word' id='word_1_380' title='bbox 926 3781 1342 3854; x_wconf 90' lang='lat' dir='ltr'><strong>supplicatione</strong></span> <span class='ocrx_word' id='word_1_381' title='bbox 1393 3782 1452 3834; x_wconf 89' lang='lat' dir='ltr'><strong>et</strong></span> <span class='ocrx_word' id='word_1_382' title='bbox 1489 3779 1701 3850; x_wconf 88' lang='lat' dir='ltr'><strong>injusta</strong></span> <span class='ocrx_word' id='word_1_383' title='bbox 1729 3778 2000 3835; x_wconf 90' lang='lat' dir='ltr'><strong>servitute</strong></span> 
     </span>
    </p>
   </div>
   <div class='ocr_carea' id='block_1_56' title="bbox 393 3867 2002 3941">
    <p class='ocr_par' dir='ltr' id='par_1_56' title="bbox 393 3867 2002 3941">
     <span class='ocr_line' id='line_1_56' title="bbox 393 3867 2002 3941; baseline -0.003 -12"><span class='ocrx_word' id='word_1_384' title='bbox 393 3881 467 3917; x_wconf 73' lang='grc'><strong>⁸⁷³</strong></span> <span class='ocrx_word' id='word_1_385' title='bbox 496 3873 827 3930; x_wconf 85' lang='lat' dir='ltr'><strong>mutabant.</strong></span> <span class='ocrx_word' id='word_1_386' title='bbox 858 3871 1046 3936; x_wconf 88' lang='lat' dir='ltr'><strong>Quam</strong></span> <span class='ocrx_word' id='word_1_387' title='bbox 1075 3869 1275 3941; x_wconf 88' lang='lat' dir='ltr'><strong>inique</strong></span> <span class='ocrx_word' id='word_1_388' title='bbox 1317 3867 1693 3940; x_wconf 87' lang='lat' dir='ltr'><strong>comparandi</strong></span> <span class='ocrx_word' id='word_1_389' title='bbox 1724 3871 1858 3922; x_wconf 90' lang='lat' dir='ltr'><strong>sunt</strong></span> <span class='ocrx_word' id='word_1_390' title='bbox 1895 3885 2002 3924; x_wconf 89' lang='lat' dir='ltr'><strong>an-</strong></span> 
     </span>
    </p>
   </div>
   <div class='ocr_carea' id='block_1_57' title="bbox 389 3955 2002 4029">
    <p class='ocr_par' dir='ltr' id='par_1_57' title="bbox 389 3955 2002 4029">
     <span class='ocr_line' id='line_1_57' title="bbox 389 3955 2002 4029; baseline -0.004 -10"><span class='ocrx_word' id='word_1_391' title='bbox 389 3965 705 4019; x_wconf 86' lang='lat' dir='ltr'><strong>tecessores</strong></span> <span class='ocrx_word' id='word_1_392' title='bbox 733 3959 916 4016; x_wconf 88' lang='lat' dir='ltr'><strong>nostri</strong></span> <span class='ocrx_word' id='word_1_393' title='bbox 944 3961 1004 4014; x_wconf 91' lang='lat' dir='ltr'><strong>et</strong></span> <span class='ocrx_word' id='word_1_394' title='bbox 1034 3959 1104 4029; x_wconf 87' lang='lat' dir='ltr'><strong>(f.</strong></span> <span class='ocrx_word' id='word_1_395' title='bbox 1142 3957 1248 4024; x_wconf 86' lang='lat'><strong>86’)</strong></span> <span class='ocrx_word' id='word_1_396' title='bbox 1286 3955 1774 4028; x_wconf 87' lang='lat' dir='ltr'><strong>contemporalesl</strong></span> <span class='ocrx_word' id='word_1_397' title='bbox 1805 3956 2002 4012; x_wconf 88' lang='lat' dir='ltr'><strong>Viven-</strong></span> 
     </span>
    </p>
   </div>
   <div class='ocr_carea' id='block_1_58' title="bbox 389 4045 1998 4122">
    <p class='ocr_par' dir='ltr' id='par_1_58' title="bbox 389 4045 1998 4122">
     <span class='ocr_line' id='line_1_58' title="bbox 389 4045 1998 4122; baseline -0.004 -14"><span class='ocrx_word' id='word_1_398' title='bbox 389 4056 448 4108; x_wconf 90' lang='lat' dir='ltr'><strong>te</strong></span> <span class='ocrx_word' id='word_1_399' title='bbox 473 4049 712 4122; x_wconf 88' lang='lat' dir='ltr'><strong>egregio</strong></span> <span class='ocrx_word' id='word_1_400' title='bbox 736 4048 978 4102; x_wconf 86' lang='lat' dir='ltr'><strong>Hodone</strong></span> <span class='ocrx_word' id='word_1_401' title='bbox 1008 4053 1102 4116; x_wconf 71' lang='grc' dir='ltr'><strong>οτι,</strong></span> <span class='ocrx_word' id='word_1_402' title='bbox 1133 4048 1298 4119; x_wconf 90' lang='lat' dir='ltr'><strong>pater</strong></span> <span class='ocrx_word' id='word_1_403' title='bbox 1328 4045 1486 4101; x_wconf 88' lang='lat' dir='ltr'><strong>istius</strong></span> <span class='ocrx_word' id='word_1_404' title='bbox 1502 4045 1706 4102; x_wconf 86' lang='lat' dir='ltr'><strong>Miseco</strong></span> <span class='ocrx_word' id='word_1_405' title='bbox 1733 4047 1998 4116; x_wconf 89' lang='lat' dir='ltr'><strong>domum,</strong></span> 
     </span>
    </p>
   </div>
   <div class='ocr_carea' id='block_1_59' title="bbox 389 4133 2000 4214">
    <p class='ocr_par' dir='ltr' id='par_1_59' title="bbox 389 4133 2000 4214">
     <span class='ocr_line' id='line_1_59' title="bbox 389 4133 2000 4214; baseline -0.003 -19"><span class='ocrx_word' id='word_1_406' title='bbox 389 4155 505 4214; x_wconf 90' lang='lat' dir='ltr'><strong>qua</strong></span> <span class='ocrx_word' id='word_1_407' title='bbox 532 4153 667 4192; x_wconf 91' lang='lat' dir='ltr'><strong>eum</strong></span> <span class='ocrx_word' id='word_1_408' title='bbox 695 4151 818 4192; x_wconf 87' lang='lat' dir='ltr'><strong>esse</strong></span> <span class='ocrx_word' id='word_1_409' title='bbox 841 4133 1081 4198; x_wconf 86' lang='lat' dir='ltr'><strong>sciebat,</strong></span> <span class='ocrx_word' id='word_1_410' title='bbox 1112 4133 1432 4190; x_wconf 88' lang='lat' dir='ltr'><strong>crusinatus</strong></span> <span class='ocrx_word' id='word_1_411' title='bbox 1455 4137 1604 4207; x_wconf 90' lang='grc'><strong>(610)</strong></span> <span class='ocrx_word' id='word_1_412' title='bbox 1631 4133 1871 4204; x_wconf 89' lang='lat' dir='ltr'><strong>intrare,</strong></span> <span class='ocrx_word' id='word_1_413' title='bbox 1911 4136 2000 4190; x_wconf 91' lang='lat' dir='ltr'><strong>vel</strong></span> 
     </span>
    </p>
   </div>
   <div class='ocr_carea' id='block_1_60' title="bbox 367 4224 2000 4298">
    <p class='ocr_par' dir='ltr' id='par_1_60' title="bbox 367 4224 2000 4298">
     <span class='ocr_line' id='line_1_60' title="bbox 367 4224 2000 4298; baseline -0.002 -14"><span class='ocrx_word' id='word_1_414' title='bbox 367 4242 460 4285; x_wconf 77' lang='lat' dir='ltr'><strong>,eo</strong></span> <span class='ocrx_word' id='word_1_415' title='bbox 480 4225 818 4296; x_wconf 85' lang='lat' dir='ltr'><strong>assurgente</strong></span> <span class='ocrx_word' id='word_1_416' title='bbox 863 4239 1186 4296; x_wconf 87' lang='lat' dir='ltr'><strong>numquam</strong></span> <span class='ocrx_word' id='word_1_417' title='bbox 1214 4224 1562 4298; x_wconf 86' lang='lat' dir='ltr'><strong>presumpsit</strong></span> <span class='ocrx_word' id='word_1_418' title='bbox 1596 4225 1818 4282; x_wconf 90' lang='lat' dir='ltr'><strong>sedere.</strong></span> <span class='ocrx_word' id='word_1_419' title='bbox 1852 4227 2000 4280; x_wconf 87' lang='lat' dir='ltr'><strong>Deus</strong></span> 
     </span>
    </p>
   </div>
   <div class='ocr_carea' id='block_1_61' title="bbox 2024 3130 2072 3190">
    <p class='ocr_par' dir='ltr' id='par_1_61' title="bbox 2024 3130 2072 3190">
     <span class='ocr_line' id='line_1_61' title="bbox 2024 3130 2072 3190; baseline 0 0"><span class='ocrx_word' id='word_1_420' title='bbox 2024 3130 2072 3190; x_wconf 90' lang='lat' dir='ltr'>C</span> 
     </span>
    </p>
   </div>
   <div class='ocr_carea' id='block_1_62' title="bbox 2103 1917 3719 1987">
    <p class='ocr_par' dir='ltr' id='par_1_62' title="bbox 2103 1917 3719 1987">
     <span class='ocr_line' id='line_1_62' title="bbox 2103 1917 3719 1987; baseline 0.003 -17"><span class='ocrx_word' id='word_1_421' title='bbox 2103 1921 2226 1987; x_wconf 89' lang='lat' dir='ltr'><strong>gat.</strong></span> <span class='ocrx_word' id='word_1_422' title='bbox 2271 1917 2378 1972; x_wconf 84' lang='lat' dir='ltr'><strong>Hic</strong></span> <span class='ocrx_word' id='word_1_423' title='bbox 2405 1919 2435 1972; x_wconf 92' lang='lat'>8</span> <span class='ocrx_word' id='word_1_424' title='bbox 2465 1917 2594 1972; x_wconf 90' lang='lat' dir='ltr'><strong>Idus</strong></span> <span class='ocrx_word' id='word_1_425' title='bbox 2627 1917 2781 1972; x_wconf 81' lang='lat' dir='ltr'><strong>Junii</strong></span> <span class='ocrx_word' id='word_1_426' title='bbox 2814 1917 3033 1974; x_wconf 90' lang='lat' dir='ltr'><strong>ibidem</strong></span> <span class='ocrx_word' id='word_1_427' title='bbox 3066 1919 3366 1974; x_wconf 92' lang='lat' dir='ltr'><strong>communi</strong></span> <span class='ocrx_word' id='word_1_428' title='bbox 3404 1920 3719 1976; x_wconf 83' lang='lat' dir='ltr'><strong>devotione</strong></span> 
     </span>
    </p>
   </div>
   <div class='ocr_carea' id='block_1_63' title="bbox 2103 2003 3718 2078">
    <p class='ocr_par' dir='ltr' id='par_1_63' title="bbox 2103 2003 3718 2078">
     <span class='ocr_line' id='line_1_63' title="bbox 2103 2003 3718 2078; baseline 0.004 -20"><span class='ocrx_word' id='word_1_429' title='bbox 2103 2003 2162 2058; x_wconf 90' lang='lat' dir='ltr'><strong>in</strong></span> <span class='ocrx_word' id='word_1_430' title='bbox 2193 2021 2392 2076; x_wconf 83' lang='lat' dir='ltr'><strong>regem</strong></span> <span class='ocrx_word' id='word_1_431' title='bbox 2425 2006 2660 2075; x_wconf 87' lang='lat' dir='ltr'><strong>electus,</strong></span> <span class='ocrx_word' id='word_1_432' title='bbox 2699 2023 2734 2062; x_wconf 90' lang='lat' dir='ltr'><strong>a</strong></span> <span class='ocrx_word' id='word_1_433' title='bbox 2781 2005 3058 2078; x_wconf 84' lang='lat' dir='ltr'><strong>Wiligiso,</strong></span> <span class='ocrx_word' id='word_1_434' title='bbox 3114 2007 3375 2078; x_wconf 86' lang='lat' dir='ltr'><strong>ejusdem</strong></span> <span class='ocrx_word' id='word_1_435' title='bbox 3433 2009 3592 2064; x_wconf 88' lang='lat' dir='ltr'><strong>sedis</strong></span> <span class='ocrx_word' id='word_1_436' title='bbox 3627 2026 3718 2064; x_wconf 83' lang='lat' dir='ltr'><strong>ar-</strong></span> 
     </span>
    </p>
   </div>
   <div class='ocr_carea' id='block_1_64' title="bbox 2102 2093 3719 2170">
    <p class='ocr_par' dir='ltr' id='par_1_64' title="bbox 2102 2093 3719 2170">
     <span class='ocr_line' id='line_1_64' title="bbox 2102 2093 3719 2170; baseline 0.004 -22"><span class='ocrx_word' id='word_1_437' title='bbox 2102 2093 2486 2166; x_wconf 86' lang='lat' dir='ltr'><strong>chiepiscopo,</strong></span> <span class='ocrx_word' id='word_1_438' title='bbox 2515 2096 3125 2170; x_wconf 69' lang='lat' dir='ltr'><strong>suﬁ‘raganeorumque</strong></span> <span class='ocrx_word' id='word_1_439' title='bbox 3149 2099 3360 2152; x_wconf 89' lang='lat' dir='ltr'><strong>suimet</strong></span> <span class='ocrx_word' id='word_1_440' title='bbox 3381 2099 3601 2154; x_wconf 82' lang='lat' dir='ltr'><strong>auxilio</strong></span> <span class='ocrx_word' id='word_1_441' title='bbox 3625 2115 3719 2154; x_wconf 87' lang='lat' dir='ltr'><strong>ac-</strong></span> 
     </span>
    </p>
   </div>
   <div class='ocr_carea' id='block_1_65' title="bbox 2103 2186 3718 2260">
    <p class='ocr_par' dir='ltr' id='par_1_65' title="bbox 2103 2186 3718 2260">
     <span class='ocr_line' id='line_1_65' title="bbox 2103 2186 3718 2260; baseline 0.004 -22"><span class='ocrx_word' id='word_1_442' title='bbox 2103 2187 2271 2254; x_wconf 92' lang='lat' dir='ltr'><strong>cepta</strong></span> <span class='ocrx_word' id='word_1_443' title='bbox 2295 2186 2476 2257; x_wconf 83' lang='lat' dir='ltr'><strong>regali</strong></span> <span class='ocrx_word' id='word_1_444' title='bbox 2504 2187 2806 2252; x_wconf 90' lang='lat' dir='ltr'><strong>unccione,</strong></span> <span class='ocrx_word' id='word_1_445' title='bbox 2856 2189 3077 2241; x_wconf 87' lang='lat' dir='ltr'><strong>cunctis</strong></span> <span class='ocrx_word' id='word_1_446' title='bbox 3130 2188 3503 2260; x_wconf 88' lang='lat' dir='ltr'><strong>presentibus</strong></span> <span class='ocrx_word' id='word_1_447' title='bbox 3533 2190 3718 2244; x_wconf 87' lang='lat' dir='ltr'><strong>Deum</strong></span> 
     </span>
    </p>
   </div>
   <div class='ocr_carea' id='block_1_66' title="bbox 2103 2274 3717 2346">
    <p class='ocr_par' dir='ltr' id='par_1_66' title="bbox 2103 2274 3717 2346">
     <span class='ocr_line' id='line_1_66' title="bbox 2103 2274 3717 2346; baseline 0.004 -20"><span class='ocrx_word' id='word_1_448' title='bbox 2103 2274 2584 2341; x_wconf 83' lang='lat' dir='ltr'><strong>collaudantibus,</strong></span> <span class='ocrx_word' id='word_1_449' title='bbox 2607 2280 2920 2331; x_wconf 88' lang='lat' dir='ltr'><strong>coronatur</strong></span> <span class='ocrx_word' id='word_1_450' title='bbox 2941 2277 3106 2346; x_wconf 88' lang='grc'><strong>(612).</strong></span> <span class='ocrx_word' id='word_1_451' title='bbox 3133 2277 3491 2332; x_wconf 87' lang='lat' dir='ltr'><strong>Francorum</strong></span> <span class='ocrx_word' id='word_1_452' title='bbox 3519 2281 3581 2332; x_wconf 90' lang='lat' dir='ltr'><strong>et</strong></span> <span class='ocrx_word' id='word_1_453' title='bbox 3602 2278 3717 2332; x_wconf 75' lang='lat' dir='ltr'><strong>Mu-</strong></span> 
     </span>
    </p>
   </div>
   <div class='ocr_carea' id='block_1_67' title="bbox 2104 2363 3716 2438">
    <p class='ocr_par' dir='ltr' id='par_1_67' title="bbox 2104 2363 3716 2438">
     <span class='ocr_line' id='line_1_67' title="bbox 2104 2363 3716 2438; baseline 0.003 -21"><span class='ocrx_word' id='word_1_454' title='bbox 2104 2363 2489 2418; x_wconf 89' lang='lat' dir='ltr'><strong>selenensium</strong></span> <span class='ocrx_word' id='word_1_455' title='bbox 2522 2372 2590 2406; x_wconf 72' lang='lat'><strong>877</strong></span> <span class='ocrx_word' id='word_1_456' title='bbox 2623 2365 2924 2434; x_wconf 91' lang='lat' dir='ltr'><strong>primatus,</strong></span> <span class='ocrx_word' id='word_1_457' title='bbox 2952 2366 3075 2438; x_wconf 88' lang='lat' dir='ltr'><strong>regi</strong></span> <span class='ocrx_word' id='word_1_458' title='bbox 3107 2383 3316 2422; x_wconf 89' lang='lat' dir='ltr'><strong>manus</strong></span> <span class='ocrx_word' id='word_1_459' title='bbox 3361 2370 3505 2421; x_wconf 91' lang='lat' dir='ltr'><strong>tunc</strong></span> <span class='ocrx_word' id='word_1_460' title='bbox 3534 2367 3716 2438; x_wconf 87' lang='lat' dir='ltr'><strong>appli-</strong></span> 
     </span>
    </p>
   </div>
   <div class='ocr_carea' id='block_1_68' title="bbox 2103 2453 3718 2523">
    <p class='ocr_par' dir='ltr' id='par_1_68' title="bbox 2103 2453 3718 2523">
     <span class='ocr_line' id='line_1_68' title="bbox 2103 2453 3718 2523; baseline 0.003 -17"><span class='ocrx_word' id='word_1_461' title='bbox 2103 2467 2240 2506; x_wconf 89' lang='lat' dir='ltr'><strong>cans</strong></span> <span class='ocrx_word' id='word_1_462' title='bbox 2271 2460 2360 2516; x_wconf 71' lang='grc' dir='ltr'><strong>εῖα,</strong></span> <span class='ocrx_word' id='word_1_463' title='bbox 2393 2453 2642 2523; x_wconf 84' lang='lat' dir='ltr'><strong>gratiam</strong></span> <span class='ocrx_word' id='word_1_464' title='bbox 2668 2453 2928 2522; x_wconf 84' lang='lat' dir='ltr'><strong>ejusdem</strong></span> <span class='ocrx_word' id='word_1_465' title='bbox 2985 2455 3215 2512; x_wconf 89' lang='lat' dir='ltr'><strong>meruit.</strong></span> <span class='ocrx_word' id='word_1_466' title='bbox 3260 2455 3555 2512; x_wconf 87' lang='lat' dir='ltr'><strong>Omnibus</strong></span> <span class='ocrx_word' id='word_1_467' title='bbox 3609 2457 3718 2512; x_wconf 88' lang='lat' dir='ltr'><strong>huc</strong></span> 
     </span>
    </p>
   </div>
   <div class='ocr_carea' id='block_1_69' title="bbox 2103 2539 3716 2616">
    <p class='ocr_par' dir='ltr' id='par_1_69' title="bbox 2103 2539 3716 2616">
     <span class='ocr_line' id='line_1_69' title="bbox 2103 2539 3716 2616; baseline 0.004 -23"><span class='ocrx_word' id='word_1_468' title='bbox 2103 2539 2341 2612; x_wconf 90' lang='lat' dir='ltr'><strong>indique</strong></span> <span class='ocrx_word' id='word_1_469' title='bbox 2370 2541 2795 2597; x_wconf 88' lang='lat' dir='ltr'><strong>conﬂuentibus</strong></span> <span class='ocrx_word' id='word_1_470' title='bbox 2825 2541 2884 2597; x_wconf 89' lang='lat' dir='ltr'><strong>in</strong></span> <span class='ocrx_word' id='word_1_471' title='bbox 2915 2543 3273 2598; x_wconf 76' lang='lat' dir='ltr'><strong>879miliciam</strong></span> <span class='ocrx_word' id='word_1_472' title='bbox 3301 2561 3336 2598; x_wconf 93' lang='lat' dir='ltr'><strong>a</strong></span> <span class='ocrx_word' id='word_1_473' title='bbox 3361 2561 3507 2616; x_wconf 86' lang='lat' dir='ltr'><strong>rege</strong></span> <span class='ocrx_word' id='word_1_474' title='bbox 3530 2561 3716 2600; x_wconf 88' lang='lat' dir='ltr'><strong>susce-</strong></span> 
     </span>
    </p>
   </div>
   <div class='ocr_carea' id='block_1_70' title="bbox 2104 2627 3720 2700">
    <p class='ocr_par' dir='ltr' id='par_1_70' title="bbox 2104 2627 3720 2700">
     <span class='ocr_line' id='line_1_70' title="bbox 2104 2627 3720 2700; baseline 0.004 -18"><span class='ocrx_word' id='word_1_475' title='bbox 2104 2627 2236 2700; x_wconf 87' lang='lat' dir='ltr'><strong>ptis,</strong></span> <span class='ocrx_word' id='word_1_476' title='bbox 2265 2645 2456 2683; x_wconf 90' lang='lat' dir='ltr'><strong>rursus</strong></span> <span class='ocrx_word' id='word_1_477' title='bbox 2487 2630 2710 2685; x_wconf 80' lang='lat' dir='ltr'><strong>Renum</strong></span> <span class='ocrx_word' id='word_1_478' title='bbox 2738 2630 3123 2686; x_wconf 88' lang='lat' dir='ltr'><strong>inundantem</strong></span> <span class='ocrx_word' id='word_1_479' title='bbox 3143 2648 3241 2686; x_wconf 84' lang='lat' dir='ltr'><strong>rex</strong></span> <span class='ocrx_word' id='word_1_480' title='bbox 3269 2641 3542 2688; x_wconf 67' lang='lat' dir='ltr'><strong>novusm</strong></span> <span class='ocrx_word' id='word_1_481' title='bbox 3568 2637 3720 2688; x_wconf 82' lang='lat' dir='ltr'><strong>tran-</strong></span> 
     </span>
    </p>
   </div>
   <div class='ocr_carea' id='block_1_71' title="bbox 2103 2717 3716 2795">
    <p class='ocr_par' dir='ltr' id='par_1_71' title="bbox 2103 2717 3716 2795">
     <span class='ocr_line' id='line_1_71' title="bbox 2103 2717 3716 2795; baseline 0.004 -23"><span class='ocrx_word' id='word_1_482' title='bbox 2103 2717 2273 2784; x_wconf 89' lang='lat' dir='ltr'><strong>siens,</strong></span> <span class='ocrx_word' id='word_1_483' title='bbox 2302 2735 2407 2789; x_wconf 93' lang='lat' dir='ltr'><strong>per</strong></span> <span class='ocrx_word' id='word_1_484' title='bbox 2434 2719 2778 2774; x_wconf 87' lang='lat' dir='ltr'><strong>orientalem</strong></span> <span class='ocrx_word' id='word_1_485' title='bbox 2796 2720 3094 2776; x_wconf 88' lang='lat' dir='ltr'><strong>Franciam</strong></span> <span class='ocrx_word' id='word_1_486' title='bbox 3120 2729 3188 2764; x_wconf 69' lang='grc' dir='ltr'><strong>εει</strong></span> <span class='ocrx_word' id='word_1_487' title='bbox 3219 2721 3326 2777; x_wconf 91' lang='lat' dir='ltr'><strong>sibi</strong></span> <span class='ocrx_word' id='word_1_488' title='bbox 3355 2739 3541 2795; x_wconf 89' lang='lat' dir='ltr'><strong>quam</strong></span> <span class='ocrx_word' id='word_1_489' title='bbox 3574 2723 3716 2778; x_wconf 79' lang='lat' dir='ltr'><strong>tide-</strong></span> 
     </span>
    </p>
   </div>
   <div class='ocr_carea' id='block_1_72' title="bbox 2101 2807 3714 2884">
    <p class='ocr_par' dir='ltr' id='par_1_72' title="bbox 2101 2807 3714 2884">
     <span class='ocr_line' id='line_1_72' title="bbox 2101 2807 3714 2884; baseline 0.004 -24"><span class='ocrx_word' id='word_1_490' title='bbox 2101 2807 2238 2874; x_wconf 90' lang='lat' dir='ltr'><strong>lem,</strong></span> <span class='ocrx_word' id='word_1_491' title='bbox 2269 2807 2679 2863; x_wconf 83' lang='lat' dir='ltr'><strong>Alemanniam</strong></span> <span class='ocrx_word' id='word_1_492' title='bbox 2709 2809 2982 2864; x_wconf 88' lang='lat' dir='ltr'><strong>invadere</strong></span> <span class='ocrx_word' id='word_1_493' title='bbox 3010 2814 3220 2865; x_wconf 85' lang='lat' dir='ltr'><strong>etcum</strong></span> <span class='ocrx_word' id='word_1_494' title='bbox 3253 2811 3714 2884; x_wconf 87' lang='lat' dir='ltr'><strong>depopulatione</strong></span> 
     </span>
    </p>
   </div>
   <div class='ocr_carea' id='block_1_73' title="bbox 2102 2895 3714 2970">
    <p class='ocr_par' dir='ltr' id='par_1_73' title="bbox 2102 2895 3714 2970">
     <span class='ocr_line' id='line_1_73' title="bbox 2102 2895 3714 2970; baseline 0.005 -21"><span class='ocrx_word' id='word_1_495' title='bbox 2102 2895 2250 2950; x_wconf 90' lang='lat' dir='ltr'><strong>illius</strong></span> <span class='ocrx_word' id='word_1_496' title='bbox 2298 2899 2468 2952; x_wconf 62' lang='lat' dir='ltr'><strong>terrae</strong></span> <span class='ocrx_word' id='word_1_497' title='bbox 2508 2898 2578 2952; x_wconf 91' lang='lat' dir='ltr'><strong>ab</strong></span> <span class='ocrx_word' id='word_1_498' title='bbox 2617 2897 2860 2970; x_wconf 91' lang='lat' dir='ltr'><strong>inceptis</strong></span> <span class='ocrx_word' id='word_1_499' title='bbox 2891 2899 3311 2955; x_wconf 88' lang='lat' dir='ltr'><strong>Herimannum</strong></span> <span class='ocrx_word' id='word_1_500' title='bbox 3340 2901 3714 2956; x_wconf 87' lang='lat' dir='ltr'><strong>resistentem</strong></span> 
     </span>
    </p>
   </div>
   <div class='ocr_carea' id='block_1_74' title="bbox 2102 2987 3714 3062">
    <p class='ocr_par' dir='ltr' id='par_1_74' title="bbox 2102 2987 3714 3062">
     <span class='ocr_line' id='line_1_74' title="bbox 2102 2987 3714 3062; baseline 0.004 -24"><span class='ocrx_word' id='word_1_501' title='bbox 2102 2988 2345 3040; x_wconf 89' lang='lat' dir='ltr'><strong>conatur</strong></span> <span class='ocrx_word' id='word_1_502' title='bbox 2373 2989 2652 3040; x_wconf 87' lang='lat' dir='ltr'><strong>avertere.</strong></span> <span class='ocrx_word' id='word_1_503' title='bbox 2688 2987 2808 3042; x_wconf 83' lang='lat' dir='ltr'><strong>Dux</strong></span> <span class='ocrx_word' id='word_1_504' title='bbox 2839 2995 3036 3044; x_wconf 88' lang='lat' dir='ltr'><strong>autem</strong></span> <span class='ocrx_word' id='word_1_505' title='bbox 3059 2991 3122 3042; x_wconf 93' lang='lat' dir='ltr'><strong>ut</strong></span> <span class='ocrx_word' id='word_1_506' title='bbox 3141 2987 3360 3042; x_wconf 89' lang='lat' dir='ltr'><strong>audivit</strong></span> <span class='ocrx_word' id='word_1_507' title='bbox 3377 3005 3486 3043; x_wconf 86' lang='lat' dir='ltr'><strong>sua</strong></span> <span class='ocrx_word' id='word_1_508' title='bbox 3515 3007 3552 3044; x_wconf 88' lang='lat' dir='ltr'><strong>a</strong></span> <span class='ocrx_word' id='word_1_509' title='bbox 3577 3006 3714 3062; x_wconf 89' lang='lat' dir='ltr'><strong>rege</strong></span> 
     </span>
    </p>
   </div>
   <div class='ocr_carea' id='block_1_75' title="bbox 2101 3073 3712 3149">
    <p class='ocr_par' dir='ltr' id='par_1_75' title="bbox 2101 3073 3712 3149">
     <span class='ocr_line' id='line_1_75' title="bbox 2101 3073 3712 3149; baseline 0.003 -22"><span class='ocrx_word' id='word_1_510' title='bbox 2101 3073 2360 3144; x_wconf 89' lang='lat' dir='ltr'><strong>predata.</strong></span> <span class='ocrx_word' id='word_1_511' title='bbox 2411 3074 2673 3129; x_wconf 91' lang='lat' dir='ltr'><strong>nondum</strong></span> <span class='ocrx_word' id='word_1_512' title='bbox 2731 3077 2929 3131; x_wconf 88' lang='lat' dir='ltr'><strong>volens</strong></span> <span class='ocrx_word' id='word_1_513' title='bbox 2969 3075 3257 3131; x_wconf 88' lang='lat' dir='ltr'><strong>humiliari</strong></span> <span class='ocrx_word' id='word_1_514' title='bbox 3309 3084 3402 3144; x_wconf 71' lang='grc'>8⁸³,</span> <span class='ocrx_word' id='word_1_515' title='bbox 3453 3078 3562 3133; x_wconf 87' lang='lat' dir='ltr'><strong>sed</strong></span> <span class='ocrx_word' id='word_1_516' title='bbox 3611 3093 3712 3149; x_wconf 91' lang='lat' dir='ltr'><strong>pro</strong></span> 
     </span>
    </p>
   </div>
   <div class='ocr_carea' id='block_1_76' title="bbox 2103 3160 3710 3235">
    <p class='ocr_par' dir='ltr' id='par_1_76' title="bbox 2103 3160 3710 3235">
     <span class='ocr_line' id='line_1_76' title="bbox 2103 3160 3710 3235; baseline 0.004 -20"><span class='ocrx_word' id='word_1_517' title='bbox 2103 3160 2294 3216; x_wconf 84' lang='lat' dir='ltr'><strong>dolor!</strong></span> <span class='ocrx_word' id='word_1_518' title='bbox 2329 3167 2532 3217; x_wconf 88' lang='lat' dir='ltr'><strong>contra</strong></span> <span class='ocrx_word' id='word_1_519' title='bbox 2565 3163 2868 3219; x_wconf 91' lang='lat' dir='ltr'><strong>dominum</strong></span> <span class='ocrx_word' id='word_1_520' title='bbox 2908 3168 2967 3218; x_wconf 87' lang='lat' dir='ltr'><strong>et</strong></span> <span class='ocrx_word' id='word_1_521' title='bbox 2987 3181 3189 3235; x_wconf 82' lang='lat' dir='ltr'><strong>regem</strong></span> <span class='ocrx_word' id='word_1_522' title='bbox 3204 3166 3472 3220; x_wconf 78' lang='lat' dir='ltr'><strong>exaltans</strong></span> <span class='ocrx_word' id='word_1_523' title='bbox 3501 3182 3587 3232; x_wconf 88' lang='lat' dir='ltr'><strong>se,</strong></span> <span class='ocrx_word' id='word_1_524' title='bbox 3619 3181 3710 3221; x_wconf 88' lang='lat' dir='ltr'><strong>ca-</strong></span> 
     </span>
    </p>
   </div>
   <div class='ocr_carea' id='block_1_77' title="bbox 2099 3250 3715 3325">
    <p class='ocr_par' dir='ltr' id='par_1_77' title="bbox 2099 3250 3715 3325">
     <span class='ocr_line' id='line_1_77' title="bbox 2099 3250 3715 3325; baseline 0.004 -21"><span class='ocrx_word' id='word_1_525' title='bbox 2099 3253 2204 3321; x_wconf 90' lang='lat' dir='ltr'><strong>put</strong></span> <span class='ocrx_word' id='word_1_526' title='bbox 2227 3250 2465 3306; x_wconf 90' lang='lat' dir='ltr'><strong>ducatus</strong></span> <span class='ocrx_word' id='word_1_527' title='bbox 2491 3251 2575 3306; x_wconf 92' lang='lat' dir='ltr'><strong>sui</strong></span> <span class='ocrx_word' id='word_1_528' title='bbox 2605 3252 2985 3324; x_wconf 80' lang='lat' dir='ltr'><strong>Argentinam</strong></span> <span class='ocrx_word' id='word_1_529' title='bbox 3012 3253 3174 3323; x_wconf 83' lang='lat' dir='ltr'><strong>(6l3),</strong></span> <span class='ocrx_word' id='word_1_530' title='bbox 3225 3269 3339 3324; x_wconf 90' lang='lat' dir='ltr'><strong>que</strong></span> <span class='ocrx_word' id='word_1_531' title='bbox 3399 3253 3715 3325; x_wconf 80' lang='lat' dir='ltr'><strong>Strazburg</strong></span> 
     </span>
    </p>
   </div>
   <div class='ocr_carea' id='block_1_78' title="bbox 2101 3338 3713 3412">
    <p class='ocr_par' dir='ltr' id='par_1_78' title="bbox 2101 3338 3713 3412">
     <span class='ocr_line' id='line_1_78' title="bbox 2101 3338 3713 3412; baseline 0.004 -20"><span class='ocrx_word' id='word_1_532' title='bbox 2101 3338 2328 3406; x_wconf 88' lang='lat' dir='ltr'><strong>dicitur,</strong></span> <span class='ocrx_word' id='word_1_533' title='bbox 2381 3340 2520 3412; x_wconf 90' lang='lat' dir='ltr'><strong>quia</strong></span> <span class='ocrx_word' id='word_1_534' title='bbox 2548 3340 2848 3412; x_wconf 88' lang='lat' dir='ltr'><strong>episcopus</strong></span> <span class='ocrx_word' id='word_1_535' title='bbox 2885 3342 3146 3412; x_wconf 90' lang='lat' dir='ltr'><strong>ejusdem</strong></span> <span class='ocrx_word' id='word_1_536' title='bbox 3191 3341 3350 3396; x_wconf 85' lang='lat' dir='ltr'><strong>urbis</strong></span> <span class='ocrx_word' id='word_1_537' title='bbox 3403 3343 3713 3398; x_wconf 81' lang='lat' dir='ltr'><strong>Wicclinus</strong></span> 
     </span>
    </p>
   </div>
   <div class='ocr_carea' id='block_1_79' title="bbox 2099 3425 3713 3501">
    <p class='ocr_par' dir='ltr' id='par_1_79' title="bbox 2099 3425 3713 3501">
     <span class='ocr_line' id='line_1_79' title="bbox 2099 3425 3713 3501; baseline 0.003 -20"><span class='ocrx_word' id='word_1_538' title='bbox 2099 3425 2205 3482; x_wconf 92' lang='lat' dir='ltr'><strong>sibi</strong></span> <span class='ocrx_word' id='word_1_539' title='bbox 2238 3428 2502 3483; x_wconf 91' lang='lat' dir='ltr'><strong>resistere</strong></span> <span class='ocrx_word' id='word_1_540' title='bbox 2556 3431 2992 3501; x_wconf 87' lang='lat' dir='ltr'><strong>presumpserit,</strong></span> <span class='ocrx_word' id='word_1_541' title='bbox 3046 3446 3177 3486; x_wconf 91' lang='lat' dir='ltr'><strong>cum</strong></span> <span class='ocrx_word' id='word_1_542' title='bbox 3226 3431 3454 3487; x_wconf 85' lang='lat' dir='ltr'><strong>Corado</strong></span> <span class='ocrx_word' id='word_1_543' title='bbox 3501 3432 3713 3487; x_wconf 88' lang='lat' dir='ltr'><strong>suimet</strong></span> 
     </span>
    </p>
   </div>
   <div class='ocr_carea' id='block_1_80' title="bbox 2099 3517 3708 3592">
    <p class='ocr_par' dir='ltr' id='par_1_80' title="bbox 2099 3517 3708 3592">
     <span class='ocr_line' id='line_1_80' title="bbox 2099 3517 3708 3592; baseline 0.004 -23"><span class='ocrx_word' id='word_1_544' title='bbox 2099 3531 2316 3585; x_wconf 90' lang='lat' dir='ltr'><strong>genero</strong></span> <span class='ocrx_word' id='word_1_545' title='bbox 2343 3525 2435 3584; x_wconf 73' lang='lat'><strong>888,</strong></span> <span class='ocrx_word' id='word_1_546' title='bbox 2465 3517 2645 3572; x_wconf 88' lang='lat' dir='ltr'><strong>milite</strong></span> <span class='ocrx_word' id='word_1_547' title='bbox 2698 3519 2844 3589; x_wconf 80' lang='lat' dir='ltr'><strong>petit</strong></span> <span class='ocrx_word' id='word_1_548' title='bbox 2887 3521 3114 3574; x_wconf 89' lang='lat' dir='ltr'><strong>armato</strong></span> <span class='ocrx_word' id='word_1_549' title='bbox 3162 3536 3482 3592; x_wconf 89' lang='lat' dir='ltr'><strong>murosque</strong></span> <span class='ocrx_word' id='word_1_550' title='bbox 3513 3537 3708 3576; x_wconf 86' lang='lat' dir='ltr'><strong>ascen-</strong></span> 
     </span>
    </p>
   </div>
   <div class='ocr_carea' id='block_1_81' title="bbox 2101 3606 3712 3680">
    <p class='ocr_par' dir='ltr' id='par_1_81' title="bbox 2101 3606 3712 3680">
     <span class='ocr_line' id='line_1_81' title="bbox 2101 3606 3712 3680; baseline 0.004 -20"><span class='ocrx_word' id='word_1_551' title='bbox 2101 3606 2263 3672; x_wconf 90' lang='lat' dir='ltr'><strong>dens,</strong></span> <span class='ocrx_word' id='word_1_552' title='bbox 2297 3606 2377 3661; x_wconf 92' lang='lat' dir='ltr'><strong>nil</strong></span> <span class='ocrx_word' id='word_1_553' title='bbox 2422 3607 2580 3662; x_wconf 91' lang='lat' dir='ltr'><strong>victis</strong></span> <span class='ocrx_word' id='word_1_554' title='bbox 2632 3608 2880 3680; x_wconf 91' lang='lat' dir='ltr'><strong>reliquid</strong></span> <span class='ocrx_word' id='word_1_555' title='bbox 2936 3616 3006 3650; x_wconf 73' lang='grc' dir='ltr'><strong>εει</strong></span> <span class='ocrx_word' id='word_1_556' title='bbox 3057 3611 3220 3677; x_wconf 56' lang='grc'><strong>(614),</strong></span> <span class='ocrx_word' id='word_1_557' title='bbox 3277 3610 3394 3665; x_wconf 86' lang='lat' dir='ltr'><strong>Sed</strong></span> <span class='ocrx_word' id='word_1_558' title='bbox 3447 3615 3712 3667; x_wconf 78' lang='lat' dir='ltr'><strong>execrata</strong></span> 
     </span>
    </p>
   </div>
   <div class='ocr_carea' id='block_1_82' title="bbox 2099 3696 3706 3772">
    <p class='ocr_par' dir='ltr' id='par_1_82' title="bbox 2099 3696 3706 3772">
     <span class='ocr_line' id='line_1_82' title="bbox 2099 3696 3706 3772; baseline 0.004 -22"><span class='ocrx_word' id='word_1_559' title='bbox 2099 3696 2555 3752; x_wconf 84' lang='lat' dir='ltr'><strong>Alemannorum</strong></span> <span class='ocrx_word' id='word_1_560' title='bbox 2583 3698 2753 3752; x_wconf 91' lang='lat' dir='ltr'><strong>turba</strong></span> <span class='ocrx_word' id='word_1_561' title='bbox 2775 3698 2848 3752; x_wconf 92' lang='lat' dir='ltr'><strong>ad</strong></span> <span class='ocrx_word' id='word_1_562' title='bbox 2877 3699 3224 3769; x_wconf 90' lang='lat' dir='ltr'><strong>rapiendum</strong></span> <span class='ocrx_word' id='word_1_563' title='bbox 3251 3701 3706 3772; x_wconf 86' lang='lat' dir='ltr'><strong>promptissima,</strong></span> 
     </span>
    </p>
   </div>
   <div class='ocr_carea' id='block_1_83' title="bbox 2099 3783 3710 3862">
    <p class='ocr_par' dir='ltr' id='par_1_83' title="bbox 2099 3783 3710 3862">
     <span class='ocr_line' id='line_1_83' title="bbox 2099 3783 3710 3862; baseline 0.004 -24"><span class='ocrx_word' id='word_1_564' title='bbox 2099 3783 2278 3839; x_wconf 80' lang='lat' dir='ltr'><strong>inscio</strong></span> <span class='ocrx_word' id='word_1_565' title='bbox 2306 3785 2470 3853; x_wconf 92' lang='lat' dir='ltr'><strong>duce,</strong></span> <span class='ocrx_word' id='word_1_566' title='bbox 2500 3787 2784 3856; x_wconf 88' lang='lat' dir='ltr'><strong>majorem</strong></span> <span class='ocrx_word' id='word_1_567' title='bbox 2817 3787 3116 3842; x_wconf 90' lang='lat' dir='ltr'><strong>ecclesiam</strong></span> <span class='ocrx_word' id='word_1_568' title='bbox 3147 3791 3362 3843; x_wconf 64' lang='lat' dir='ltr'><strong>sancte</strong></span> <span class='ocrx_word' id='word_1_569' title='bbox 3401 3789 3508 3844; x_wconf 89' lang='lat' dir='ltr'><strong>Dei</strong></span> <span class='ocrx_word' id='word_1_570' title='bbox 3557 3790 3710 3862; x_wconf 85' lang='lat' dir='ltr'><strong>geni-</strong></span> 
     </span>
    </p>
   </div>
   <div class='ocr_carea' id='block_1_84' title="bbox 2099 3873 3708 3948">
    <p class='ocr_par' dir='ltr' id='par_1_84' title="bbox 2099 3873 3708 3948">
     <span class='ocr_line' id='line_1_84' title="bbox 2099 3873 3708 3948; baseline 0.004 -21"><span class='ocrx_word' id='word_1_571' title='bbox 2099 3873 2256 3928; x_wconf 90' lang='lat' dir='ltr'><strong>tricis</strong></span> <span class='ocrx_word' id='word_1_572' title='bbox 2285 3873 2576 3947; x_wconf 90' lang='lat' dir='ltr'><strong>intrepida</strong></span> <span class='ocrx_word' id='word_1_573' title='bbox 2604 3876 2668 3948; x_wconf 86' lang='lat' dir='ltr'><strong>(f.</strong></span> <span class='ocrx_word' id='word_1_574' title='bbox 2693 3877 2797 3948; x_wconf 89' lang='lat'><strong>87’)</strong></span> <span class='ocrx_word' id='word_1_575' title='bbox 2829 3877 3052 3932; x_wconf 89' lang='lat' dir='ltr'><strong>intrans</strong></span> <span class='ocrx_word' id='word_1_576' title='bbox 3095 3893 3336 3932; x_wconf 91' lang='lat' dir='ltr'><strong>omnem</strong></span> <span class='ocrx_word' id='word_1_577' title='bbox 3366 3878 3708 3934; x_wconf 88' lang='lat' dir='ltr'><strong>thesaurum</strong></span> 
     </span>
    </p>
   </div>
   <div class='ocr_carea' id='block_1_85' title="bbox 2101 3961 3709 4040">
    <p class='ocr_par' dir='ltr' id='par_1_85' title="bbox 2101 3961 3709 4040">
     <span class='ocr_line' id='line_1_85' title="bbox 2101 3961 3709 4040; baseline 0.006 -24"><span class='ocrx_word' id='word_1_578' title='bbox 2101 3961 2319 4034; x_wconf 87' lang='lat' dir='ltr'><strong>diripit,</strong></span> <span class='ocrx_word' id='word_1_579' title='bbox 2341 3966 2400 4019; x_wconf 90' lang='lat' dir='ltr'><strong>et</strong></span> <span class='ocrx_word' id='word_1_580' title='bbox 2428 3964 2583 4036; x_wconf 91' lang='lat' dir='ltr'><strong>quod</strong></span> <span class='ocrx_word' id='word_1_581' title='bbox 2611 3965 2934 4021; x_wconf 81' lang='lat' dir='ltr'><strong>maximum</strong></span> <span class='ocrx_word' id='word_1_582' title='bbox 2991 3969 3116 4021; x_wconf 90' lang='lat' dir='ltr'><strong>erat</strong></span> <span class='ocrx_word' id='word_1_583' title='bbox 3166 3966 3412 4034; x_wconf 81' lang='lat' dir='ltr'><strong>facinus,</strong></span> <span class='ocrx_word' id='word_1_584' title='bbox 3447 3967 3585 4040; x_wconf 89' lang='lat' dir='ltr'><strong>igne</strong></span> <span class='ocrx_word' id='word_1_585' title='bbox 3610 3968 3709 4024; x_wconf 85' lang='lat' dir='ltr'><strong>do-</strong></span> 
     </span>
    </p>
   </div>
   <div class='ocr_carea' id='block_1_86' title="bbox 2099 4053 3709 4126">
    <p class='ocr_par' dir='ltr' id='par_1_86' title="bbox 2099 4053 3709 4126">
     <span class='ocr_line' id='line_1_86' title="bbox 2099 4053 3709 4126; baseline 0.004 -20"><span class='ocrx_word' id='word_1_586' title='bbox 2099 4067 2264 4106; x_wconf 89' lang='lat' dir='ltr'><strong>mum</strong></span> <span class='ocrx_word' id='word_1_587' title='bbox 2294 4053 2524 4108; x_wconf 90' lang='lat' dir='ltr'><strong>Domini</strong></span> <span class='ocrx_word' id='word_1_588' title='bbox 2581 4055 2956 4126; x_wconf 89' lang='lat' dir='ltr'><strong>consumpsit.</strong></span> <span class='ocrx_word' id='word_1_589' title='bbox 3013 4056 3072 4111; x_wconf 87' lang='lat' dir='ltr'><strong>Si</strong></span> <span class='ocrx_word' id='word_1_590' title='bbox 3121 4072 3254 4110; x_wconf 89' lang='lat' dir='ltr'><strong>vere</strong></span> <span class='ocrx_word' id='word_1_591' title='bbox 3302 4056 3443 4111; x_wconf 81' lang='lat' dir='ltr'><strong>felix</strong></span> <span class='ocrx_word' id='word_1_592' title='bbox 3489 4056 3709 4124; x_wconf 80' lang='lat' dir='ltr'><strong>fuisset,</strong></span> 
     </span>
    </p>
   </div>
   <div class='ocr_carea' id='block_1_87' title="bbox 2099 4140 3709 4218">
    <p class='ocr_par' dir='ltr' id='par_1_87' title="bbox 2099 4140 3709 4218">
     <span class='ocr_line' id='line_1_87' title="bbox 2099 4140 3709 4218; baseline 0.004 -24"><span class='ocrx_word' id='word_1_593' title='bbox 2099 4140 2272 4210; x_wconf 91' lang='lat' dir='ltr'><strong>primi</strong></span> <span class='ocrx_word' id='word_1_594' title='bbox 2324 4140 2615 4214; x_wconf 87' lang='lat' dir='ltr'><strong>ingressus</strong></span> <span class='ocrx_word' id='word_1_595' title='bbox 2666 4144 2980 4200; x_wconf 86' lang='lat' dir='ltr'><strong>acerbitate</strong></span> <span class='ocrx_word' id='word_1_596' title='bbox 3037 4144 3340 4207; x_wconf 86' lang='lat' dir='ltr'><strong>deterrita.</strong></span> <span class='ocrx_word' id='word_1_597' title='bbox 3386 4161 3709 4218; x_wconf 85' lang='lat' dir='ltr'><strong>numquam</strong></span> 
     </span>
    </p>
   </div>
   <div class='ocr_carea' id='block_1_88' title="bbox 2098 4230 3707 4305">
    <p class='ocr_par' dir='ltr' id='par_1_88' title="bbox 2098 4230 3707 4305">
     <span class='ocr_line' id='line_1_88' title="bbox 2098 4230 3707 4305; baseline 0.005 -21"><span class='ocrx_word' id='word_1_598' title='bbox 2098 4230 2324 4301; x_wconf 84' lang='lat' dir='ltr'><strong>majora</strong></span> <span class='ocrx_word' id='word_1_599' title='bbox 2343 4232 2576 4304; x_wconf 80' lang='lat' dir='ltr'><strong>aggredi</strong></span> <span class='ocrx_word' id='word_1_600' title='bbox 2600 4235 3128 4305; x_wconf 87' lang='lat' dir='ltr'><strong>presumeret.Nam</strong></span> <span class='ocrx_word' id='word_1_601' title='bbox 3145 4235 3422 4290; x_wconf 87' lang='lat' dir='ltr'><strong>antistitis</strong></span> <span class='ocrx_word' id='word_1_602' title='bbox 3434 4235 3707 4292; x_wconf 82' lang='lat' dir='ltr'><strong>militibus</strong></span> 
     </span>
    </p>
   </div>
   <div class='ocr_carea' id='block_1_89' title="bbox 388 4312 3708 4396">
    <p class='ocr_par' dir='ltr' id='par_1_89' title="bbox 388 4312 3708 4396">
     <span class='ocr_line' id='line_1_89' title="bbox 388 4312 3708 4396; baseline 0.003 -26"><span class='ocrx_word' id='word_1_603' title='bbox 388 4314 692 4386; x_wconf 83' lang='lat' dir='ltr'><strong>indulgeat</strong></span> <span class='ocrx_word' id='word_1_604' title='bbox 715 4312 1080 4385; x_wconf 89' lang='lat' dir='ltr'><strong>imperatori,</strong></span> <span class='ocrx_word' id='word_1_605' title='bbox 1120 4312 1274 4386; x_wconf 93' lang='lat' dir='ltr'><strong>quod</strong></span> <span class='ocrx_word' id='word_1_606' title='bbox 1303 4313 1668 4369; x_wconf 82' lang='lat' dir='ltr'><strong>tributariam</strong></span> <span class='ocrx_word' id='word_1_607' title='bbox 1693 4322 1764 4356; x_wconf 70' lang='grc' dir='ltr'><strong>δτι</strong></span> <span class='ocrx_word' id='word_1_608' title='bbox 1783 4313 2000 4370; x_wconf 86' lang='lat' dir='ltr'><strong>faciens</strong></span> <span class='ocrx_word' id='word_1_609' title='bbox 2022 4392 2060 4396; x_wconf 77' lang='lat'><em>_</em></span> <span class='ocrx_word' id='word_1_610' title='bbox 2101 4318 2438 4376; x_wconf 82' lang='lat' dir='ltr'><strong>Reinwardo</strong></span> <span class='ocrx_word' id='word_1_611' title='bbox 2471 4324 2704 4377; x_wconf 88' lang='lat' dir='ltr'><strong>auctore</strong></span> <span class='ocrx_word' id='word_1_612' title='bbox 2727 4322 3036 4378; x_wconf 83' lang='lat' dir='ltr'><strong>inﬁdeliter</strong></span> <span class='ocrx_word' id='word_1_613' title='bbox 3065 4324 3558 4396; x_wconf 83' lang='lat' dir='ltr'><strong>repugnantibus,</strong></span> <span class='ocrx_word' id='word_1_614' title='bbox 3593 4341 3708 4379; x_wconf 86' lang='lat' dir='ltr'><strong>ma-</strong></span> 
     </span>
    </p>
   </div>
   <div class='ocr_carea' id='block_1_90' title="bbox 390 4392 3707 4484">
    <p class='ocr_par' dir='ltr' id='par_1_90' title="bbox 390 4392 3707 4484">
     <span class='ocr_line' id='line_1_90' title="bbox 390 4392 3707 4484; baseline 0.002 -24"><span class='ocrx_word' id='word_1_615' title='bbox 390 4403 719 4472; x_wconf 89' lang='lat' dir='ltr'><strong>dominum,</strong></span> <span class='ocrx_word' id='word_1_616' title='bbox 782 4401 858 4458; x_wconf 90' lang='lat' dir='ltr'><strong>ad</strong></span> <span class='ocrx_word' id='word_1_617' title='bbox 931 4401 1043 4458; x_wconf 90' lang='lat' dir='ltr'><strong>hoc</strong></span> <span class='ocrx_word' id='word_1_618' title='bbox 1098 4419 1375 4476; x_wconf 86' lang='lat' dir='ltr'><strong>umquam</strong></span> <span class='ocrx_word' id='word_1_619' title='bbox 1429 4403 1689 4473; x_wconf 89' lang='lat' dir='ltr'><strong>elevavit,</strong></span> <span class='ocrx_word' id='word_1_620' title='bbox 1742 4407 1805 4458; x_wconf 91' lang='lat' dir='ltr'><strong>ut</strong></span> <span class='ocrx_word' id='word_1_621' title='bbox 1854 4392 2252 4462; x_wconf 84' lang='lat' dir='ltr'><strong>obli-Dxima</strong></span> <span class='ocrx_word' id='word_1_622' title='bbox 2295 4409 2548 4465; x_wconf 88' lang='lat' dir='ltr'><strong>hostium</strong></span> <span class='ocrx_word' id='word_1_623' title='bbox 2596 4415 2823 4466; x_wconf 89' lang='lat' dir='ltr'><strong>caterva</strong></span> <span class='ocrx_word' id='word_1_624' title='bbox 2873 4411 3114 4478; x_wconf 90' lang='lat' dir='ltr'><strong>irruens,</strong></span> <span class='ocrx_word' id='word_1_625' title='bbox 3136 4392 3390 4484; x_wconf 74' lang='lat' dir='ltr'><strong>proprio</strong></span> <span class='ocrx_word' id='word_1_626' title='bbox 3457 4413 3707 4484; x_wconf 86' lang='lat' dir='ltr'><strong>perfossa</strong></span> 
     </span>
    </p>
   </div>
   <div class='ocr_carea' id='block_1_91' title="bbox 387 4491 1998 4566">
    <p class='ocr_par' dir='ltr' id='par_1_91' title="bbox 387 4491 1998 4566">
     <span class='ocr_line' id='line_1_91' title="bbox 387 4491 1998 4566; baseline -0.002 -15"><span class='ocrx_word' id='word_1_627' title='bbox 387 4497 450 4551; x_wconf 83' lang='lat' dir='ltr'><strong>ta</strong></span> <span class='ocrx_word' id='word_1_628' title='bbox 470 4492 556 4550; x_wconf 88' lang='lat' dir='ltr'><strong>sui</strong></span> <span class='ocrx_word' id='word_1_629' title='bbox 583 4491 867 4566; x_wconf 89' lang='lat' dir='ltr'><strong>genitoris</strong></span> <span class='ocrx_word' id='word_1_630' title='bbox 894 4491 1117 4564; x_wconf 85' lang='lat' dir='ltr'><strong>regula,</strong></span> <span class='ocrx_word' id='word_1_631' title='bbox 1146 4508 1379 4564; x_wconf 91' lang='lat' dir='ltr'><strong>semper</strong></span> <span class='ocrx_word' id='word_1_632' title='bbox 1407 4491 1514 4547; x_wconf 92' lang='lat' dir='ltr'><strong>sibi</strong></span> <span class='ocrx_word' id='word_1_633' title='bbox 1545 4493 1868 4566; x_wconf 89' lang='lat' dir='ltr'><strong>prepositos</strong></span> <span class='ocrx_word' id='word_1_634' title='bbox 1897 4509 1998 4548; x_wconf 88' lang='lat' dir='ltr'><strong>au-</strong></span> 
     </span>
    </p>
   </div>
   <div class='ocr_carea' id='block_1_92' title="bbox 388 4579 1996 4654">
    <p class='ocr_par' dir='ltr' id='par_1_92' title="bbox 388 4579 1996 4654">
     <span class='ocr_line' id='line_1_92' title="bbox 388 4579 1996 4654; baseline -0.002 -14"><span class='ocrx_word' id='word_1_635' title='bbox 388 4583 552 4640; x_wconf 89' lang='lat' dir='ltr'><strong>deret</strong></span> <span class='ocrx_word' id='word_1_636' title='bbox 588 4582 649 4638; x_wconf 86' lang='lat' dir='ltr'><strong>in</strong></span> <span class='ocrx_word' id='word_1_637' title='bbox 687 4579 1109 4654; x_wconf 84' lang='lat' dir='ltr'><strong>subjectionem</strong></span> <span class='ocrx_word' id='word_1_638' title='bbox 1154 4580 1434 4654; x_wconf 88' lang='lat' dir='ltr'><strong>paulatim</strong></span> <span class='ocrx_word' id='word_1_639' title='bbox 1468 4581 1794 4650; x_wconf 88' lang='lat' dir='ltr'><strong>detrahere,</strong></span> <span class='ocrx_word' id='word_1_640' title='bbox 1849 4581 1996 4637; x_wconf 84' lang='lat' dir='ltr'><strong>vilis-</strong></span> 
     </span>
    </p>
   </div>
   <div class='ocr_carea' id='block_1_93' title="bbox 2099 4498 3708 4572">
    <p class='ocr_par' dir='ltr' id='par_1_93' title="bbox 2099 4498 3708 4572">
     <span class='ocr_line' id='line_1_93' title="bbox 2099 4498 3708 4572; baseline 0.004 -20"><span class='ocrx_word' id='word_1_641' title='bbox 2099 4498 2289 4553; x_wconf 87' lang='lat' dir='ltr'><strong>hastili</strong></span> <span class='ocrx_word' id='word_1_642' title='bbox 2316 4499 2552 4564; x_wconf 89' lang='lat' dir='ltr'><strong>corruit,</strong></span> <span class='ocrx_word' id='word_1_643' title='bbox 2576 4499 2869 4572; x_wconf 90' lang='lat' dir='ltr'><strong>vitamque</strong></span> <span class='ocrx_word' id='word_1_644' title='bbox 2893 4501 3042 4555; x_wconf 85' lang='lat' dir='ltr'><strong>hanc</strong></span> <span class='ocrx_word' id='word_1_645' title='bbox 3072 4501 3272 4556; x_wconf 90' lang='lat' dir='ltr'><strong>divina</strong></span> <span class='ocrx_word' id='word_1_646' title='bbox 3298 4501 3521 4557; x_wconf 90' lang='lat' dir='ltr'><strong>ultione</strong></span> <span class='ocrx_word' id='word_1_647' title='bbox 3549 4502 3708 4558; x_wconf 82' lang='lat' dir='ltr'><strong>mise-</strong></span> 
     </span>
    </p>
   </div>
   <div class='ocr_carea' id='block_1_94' title="bbox 2099 4587 3704 4664">
    <p class='ocr_par' dir='ltr' id='par_1_94' title="bbox 2099 4587 3704 4664">
     <span class='ocr_line' id='line_1_94' title="bbox 2099 4587 3704 4664; baseline 0.002 -22"><span class='ocrx_word' id='word_1_648' title='bbox 2099 4587 2361 4643; x_wconf 87' lang='lat' dir='ltr'><strong>rabiliter</strong></span> <span class='ocrx_word' id='word_1_649' title='bbox 2405 4587 2551 4644; x_wconf 81' lang='lat' dir='ltr'><strong>ﬁnit.</strong></span> <span class='ocrx_word' id='word_1_650' title='bbox 2575 4589 2705 4644; x_wconf 66' lang='lat' dir='ltr'><strong>Haec</strong></span> <span class='ocrx_word' id='word_1_651' title='bbox 2731 4590 3116 4645; x_wconf 85' lang='lat' dir='ltr'><strong>Herimannus</strong></span> <span class='ocrx_word' id='word_1_652' title='bbox 3152 4590 3446 4646; x_wconf 89' lang='lat' dir='ltr'><strong>insolabili</strong></span> <span class='ocrx_word' id='word_1_653' title='bbox 3469 4599 3542 4634; x_wconf 69' lang='lat'><strong>8“</strong></span> <span class='ocrx_word' id='word_1_654' title='bbox 3571 4607 3704 4664; x_wconf 88' lang='lat' dir='ltr'><strong>que-</strong></span> 
     </span>
    </p>
   </div>
   <div class='ocr_carea' id='block_1_95' title="bbox 1713 4679 2380 4740">
    <p class='ocr_par' dir='ltr' id='par_1_95' title="bbox 1713 4679 2380 4740">
     <span class='ocr_line' id='line_1_95' title="bbox 1713 4679 2380 4740; baseline 0.013 -9"><span class='ocrx_word' id='word_1_655' title='bbox 1713 4679 1943 4734; x_wconf 71' lang='lat' dir='ltr'><strong>VARLE</strong></span> <span class='ocrx_word' id='word_1_656' title='bbox 1981 4683 2380 4740; x_wconf 82' lang='lat' dir='ltr'><strong>LECTIONES.</strong></span> 
     </span>
    </p>
   </div>
   <div class='ocr_carea' id='block_1_96' title="bbox 458 4750 2205 4824">
    <p class='ocr_par' dir='ltr' id='par_1_96' title="bbox 458 4750 2205 4824">
     <span class='ocr_line' id='line_1_96' title="bbox 458 4750 2205 4824; baseline 0.003 -17"><span class='ocrx_word' id='word_1_657' title='bbox 458 4761 530 4824; x_wconf 60' lang='grc' dir='ltr'><strong>ου</strong></span> <span class='ocrx_word' id='word_1_658' title='bbox 559 4753 636 4810; x_wconf 88' lang='lat' dir='ltr'><strong>sic</strong></span> <span class='ocrx_word' id='word_1_659' title='bbox 663 4751 962 4824; x_wconf 85' lang='lat' dir='ltr'><strong>legendum,</strong></span> <span class='ocrx_word' id='word_1_660' title='bbox 987 4751 1438 4824; x_wconf 89' lang='lat' dir='ltr'><strong>beccionemque</strong></span> <span class='ocrx_word' id='word_1_661' title='bbox 1470 4750 2007 4824; x_wconf 76' lang='lat' dir='ltr'><strong>l._Beccionemque</strong></span> <span class='ocrx_word' id='word_1_662' title='bbox 2034 4755 2111 4811; x_wconf 89' lang='lat' dir='ltr'><strong>A.</strong></span> <span class='ocrx_word' id='word_1_663' title='bbox 2142 4756 2205 4812; x_wconf 89' lang='lat' dir='ltr'><strong>S.</strong></span> 
     </span>
    </p>
   </div>
   <div class='ocr_carea' id='block_1_97' title="bbox 2285 4757 3704 4830">
    <p class='ocr_par' dir='ltr' id='par_1_97' title="bbox 2285 4757 3704 4830">
     <span class='ocr_line' id='line_1_97' title="bbox 2285 4757 3704 4830; baseline -0.001 -14"><span class='ocrx_word' id='word_1_664' title='bbox 2285 4800 2300 4816; x_wconf 95' lang='lat'><strong>.</strong></span> <span class='ocrx_word' id='word_1_665' title='bbox 2329 4765 2399 4799; x_wconf 69' lang='lat'><strong>8“</strong></span> <span class='ocrx_word' id='word_1_666' title='bbox 2431 4757 2616 4830; x_wconf 89' lang='lat' dir='ltr'><strong>agitis.</strong></span> <span class='ocrx_word' id='word_1_667' title='bbox 2651 4758 2764 4830; x_wconf 79' lang='lat' dir='ltr'><strong>cur</strong></span> <span class='ocrx_word' id='word_1_668' title='bbox 2791 4759 2851 4815; x_wconf 90' lang='lat' dir='ltr'><strong>in</strong></span> <span class='ocrx_word' id='word_1_669' title='bbox 2881 4760 3111 4814; x_wconf 88' lang='lat' dir='ltr'><strong>tantum</strong></span> <span class='ocrx_word' id='word_1_670' title='bbox 3142 4760 3326 4814; x_wconf 91' lang='lat' dir='ltr'><strong>scelus</strong></span> <span class='ocrx_word' id='word_1_671' title='bbox 3365 4759 3481 4816; x_wconf 89' lang='lat' dir='ltr'><strong>itis.</strong></span> <span class='ocrx_word' id='word_1_672' title='bbox 3517 4760 3652 4826; x_wconf 83' lang='lat' dir='ltr'><strong>Quis</strong></span> <span class='ocrx_word' id='word_1_673' title='bbox 3675 4761 3704 4814; x_wconf 85' lang='lat'><strong>2</strong></span> 
     </span>
    </p>
   </div>
   <div class='ocr_carea' id='block_1_98' title="bbox 385 4821 3701 4902">
    <p class='ocr_par' dir='ltr' id='par_1_98' title="bbox 385 4821 3701 4902">
     <span class='ocr_line' id='line_1_98' title="bbox 385 4821 3701 4902; baseline 0.001 -20"><span class='ocrx_word' id='word_1_674' title='bbox 385 4825 459 4902; x_wconf 78' lang='grc' dir='ltr'><strong>ᾼ.</strong></span> <span class='ocrx_word' id='word_1_675' title='bbox 484 4823 548 4883; x_wconf 88' lang='lat' dir='ltr'><strong>S.</strong></span> <span class='ocrx_word' id='word_1_676' title='bbox 625 4821 800 4902; x_wconf 65' lang='lat' dir='ltr'><strong>“fita</strong></span> <span class='ocrx_word' id='word_1_677' title='bbox 832 4828 911 4879; x_wconf 80' lang='lat' dir='ltr'><strong>lc.</strong></span> <span class='ocrx_word' id='word_1_678' title='bbox 943 4827 1116 4902; x_wconf 82' lang='lat' dir='ltr'><strong>se_la.</strong></span> <span class='ocrx_word' id='word_1_679' title='bbox 1193 4831 1266 4902; x_wconf 49' lang='lat' dir='ltr'><strong>81f</strong></span> <span class='ocrx_word' id='word_1_680' title='bbox 1276 4893 1286 4902; x_wconf 84' lang='lat'>_</span> <span class='ocrx_word' id='word_1_681' title='bbox 1312 4821 1652 4902; x_wconf 78' lang='lat' dir='ltr'><strong>degentibus</strong></span> <span class='ocrx_word' id='word_1_682' title='bbox 1685 4821 2080 4902; x_wconf 23' lang='lat' dir='ltr'><strong>ianque—mdia</strong></span> <span class='ocrx_word' id='word_1_683' title='bbox 2109 4821 2561 4900; x_wconf 51' lang='lat' dir='ltr'><strong>supersumusv2.</strong></span> <span class='ocrx_word' id='word_1_684' title='bbox 2592 4829 2664 4887; x_wconf 83' lang='lat' dir='ltr'><strong>A.</strong></span> <span class='ocrx_word' id='word_1_685' title='bbox 2695 4829 2758 4886; x_wconf 90' lang='lat' dir='ltr'><strong>S.</strong></span> <span class='ocrx_word' id='word_1_686' title='bbox 2835 4838 2905 4874; x_wconf 73' lang='grc' dir='ltr'><strong>εστ</strong></span> <span class='ocrx_word' id='word_1_687' title='bbox 2932 4831 3300 4902; x_wconf 82' lang='lat' dir='ltr'><strong>colloquatur</strong></span> <span class='ocrx_word' id='word_1_688' title='bbox 3333 4835 3386 4886; x_wconf 91' lang='grc'><strong>1.</strong></span> <span class='ocrx_word' id='word_1_689' title='bbox 3464 4821 3701 4886; x_wconf 49' lang='lat' dir='ltr'><strong>“(euu-</strong></span> 
     </span>
    </p>
   </div>
   <div class='ocr_carea' id='block_1_99' title="bbox 387 4897 603 4970">
    <p class='ocr_par' dir='ltr' id='par_1_99' title="bbox 387 4897 603 4970">
     <span class='ocr_line' id='line_1_99' title="bbox 387 4897 603 4970; baseline 0 0"><span class='ocrx_word' id='word_1_690' title='bbox 387 4897 603 4970; x_wconf 74' lang='lat' dir='ltr'><strong>demqu</strong></span> 
     </span>
    </p>
   </div>
   <div class='ocr_carea' id='block_1_100' title="bbox 607 4892 3704 4971">
    <p class='ocr_par' dir='ltr' id='par_1_100' title="bbox 607 4892 3704 4971">
     <span class='ocr_line' id='line_1_100' title="bbox 607 4892 3704 4971; baseline 0.001 -19"><span class='ocrx_word' id='word_1_691' title='bbox 607 4913 638 4952; x_wconf 92' lang='lat' dir='ltr'><strong>e</strong></span> <span class='ocrx_word' id='word_1_692' title='bbox 672 4899 784 4971; x_wconf 67' lang='grc' dir='ltr'><strong>1ίι.Δ</strong></span> <span class='ocrx_word' id='word_1_693' title='bbox 831 4903 902 4938; x_wconf 72' lang='grc'><strong>³⁸⁸</strong></span> <span class='ocrx_word' id='word_1_694' title='bbox 917 4893 1020 4971; x_wconf 83' lang='lat' dir='ltr'><strong>sed</strong></span> <span class='ocrx_word' id='word_1_695' title='bbox 1049 4893 1318 4971; x_wconf 83' lang='lat' dir='ltr'><strong>vere_il_lis</strong></span> <span class='ocrx_word' id='word_1_696' title='bbox 1337 4892 1580 4971; x_wconf 70' lang='lat' dir='ltr'><strong>eveniet,</strong></span> <span class='ocrx_word' id='word_1_697' title='bbox 1607 4892 1935 4971; x_wconf 70' lang='lat' dir='ltr'><strong>quod_item_</strong></span> <span class='ocrx_word' id='word_1_698' title='bbox 1956 4892 2232 4971; x_wconf 79' lang='lat' dir='ltr'><strong>scriptum</strong></span> <span class='ocrx_word' id='word_1_699' title='bbox 2253 4904 2339 4954; x_wconf 89' lang='lat' dir='ltr'><strong>est</strong></span> <span class='ocrx_word' id='word_1_700' title='bbox 2366 4905 2420 4956; x_wconf 94' lang='lat'><strong>2.</strong></span> <span class='ocrx_word' id='word_1_701' title='bbox 2496 4909 2567 4943; x_wconf 74' lang='lat'><strong>87°</strong></span> <span class='ocrx_word' id='word_1_702' title='bbox 2592 4918 2622 4956; x_wconf 94' lang='lat' dir='ltr'><strong>c</strong></span> <span class='ocrx_word' id='word_1_703' title='bbox 2649 4918 2878 4960; x_wconf 77' lang='lat' dir='ltr'><strong>erasum.</strong></span> <span class='ocrx_word' id='word_1_704' title='bbox 2954 4909 3023 4944; x_wconf 74' lang='grc'><strong>⁸⁷1</strong></span> <span class='ocrx_word' id='word_1_705' title='bbox 3056 4892 3132 4956; x_wconf 74' lang='lat' dir='ltr'><strong>ita</strong></span> <span class='ocrx_word' id='word_1_706' title='bbox 3156 4905 3236 4958; x_wconf 84' lang='lat' dir='ltr'><strong>lc.</strong></span> <span class='ocrx_word' id='word_1_707' title='bbox 3259 4902 3429 4958; x_wconf 90' lang='lat' dir='ltr'><strong>elatis</strong></span> <span class='ocrx_word' id='word_1_708' title='bbox 3449 4934 3524 4946; x_wconf 95' lang='lat'>—</span> <span class='ocrx_word' id='word_1_709' title='bbox 3543 4904 3704 4959; x_wconf 85' lang='lat' dir='ltr'><strong>boliz-</strong></span> 
     </span>
    </p>
   </div>
   <div class='ocr_carea' id='block_1_101' title="bbox 386 4963 3699 5030">
    <p class='ocr_par' dir='ltr' id='par_1_101' title="bbox 386 4963 3699 5030">
     <span class='ocr_line' id='line_1_101' title="bbox 386 4963 3699 5030; baseline 0 -6"><span class='ocrx_word' id='word_1_710' title='bbox 386 4963 585 5024; x_wconf 80' lang='lat' dir='ltr'><strong>Ianum</strong></span> <span class='ocrx_word' id='word_1_711' title='bbox 604 4971 666 5022; x_wconf 88' lang='lat' dir='ltr'><strong>ut</strong></span> <span class='ocrx_word' id='word_1_712' title='bbox 694 4965 902 5021; x_wconf 85' lang='lat' dir='ltr'><strong>videtur</strong></span> <span class='ocrx_word' id='word_1_713' title='bbox 933 4968 1018 5022; x_wconf 86' lang='lat' dir='ltr'><strong>la.</strong></span> <span class='ocrx_word' id='word_1_714' title='bbox 1079 4974 1152 5008; x_wconf 69' lang='lat'><strong>87!</strong></span> <span class='ocrx_word' id='word_1_715' title='bbox 1173 4964 1353 5022; x_wconf 90' lang='lat' dir='ltr'><strong>Sclavi</strong></span> <span class='ocrx_word' id='word_1_716' title='bbox 1381 4963 1504 5018; x_wconf 86' lang='lat' dir='ltr'><strong>add.</strong></span> <span class='ocrx_word' id='word_1_717' title='bbox 1537 4968 1592 5020; x_wconf 92' lang='lat'><strong>2.</strong></span> <span class='ocrx_word' id='word_1_718' title='bbox 1622 4963 1702 5018; x_wconf 79' lang='grc' dir='ltr'><strong>Ἀ.</strong></span> <span class='ocrx_word' id='word_1_719' title='bbox 1737 4963 1800 5021; x_wconf 68' lang='grc' dir='ltr'><strong>ις.</strong></span> <span class='ocrx_word' id='word_1_720' title='bbox 1828 4982 1880 5019; x_wconf 89' lang='lat' dir='ltr'><strong>a.</strong></span> <span class='ocrx_word' id='word_1_721' title='bbox 1921 4963 2086 5024; x_wconf 79' lang='grc'><strong>1002.’</strong></span> <span class='ocrx_word' id='word_1_722' title='bbox 2131 4978 2203 5013; x_wconf 75' lang='grc'><strong>⁸⁷³</strong></span> <span class='ocrx_word' id='word_1_723' title='bbox 2231 4971 2464 5028; x_wconf 88' lang='lat' dir='ltr'><strong>hodone</strong></span> <span class='ocrx_word' id='word_1_724' title='bbox 2497 4975 2575 5028; x_wconf 85' lang='lat' dir='ltr'><strong>lc.</strong></span> <span class='ocrx_word' id='word_1_725' title='bbox 2621 4980 2692 5014; x_wconf 68' lang='grc' dir='ltr'><strong>θη</strong></span> <span class='ocrx_word' id='word_1_726' title='bbox 2723 4973 3099 5029; x_wconf 88' lang='lat' dir='ltr'><strong>triburarium</strong></span> <span class='ocrx_word' id='word_1_727' title='bbox 3133 4976 3182 5028; x_wconf 92' lang='grc'><strong>1.</strong></span> <span class='ocrx_word' id='word_1_728' title='bbox 3213 4975 3476 5029; x_wconf 88' lang='lat' dir='ltr'><strong>sclavum</strong></span> <span class='ocrx_word' id='word_1_729' title='bbox 3505 4973 3631 5030; x_wconf 71' lang='lat' dir='ltr'><strong>add.</strong></span> <span class='ocrx_word' id='word_1_730' title='bbox 3653 4975 3699 5027; x_wconf 84' lang='lat'><strong>2.</strong></span> 
     </span>
    </p>
   </div>
   <div class='ocr_carea' id='block_1_102' title="bbox 388 5034 3701 5117">
    <p class='ocr_par' dir='ltr' id='par_1_102' title="bbox 388 5034 3701 5117">
     <span class='ocr_line' id='line_1_102' title="bbox 388 5034 3701 5117; baseline 0.002 -23"><span class='ocrx_word' id='word_1_731' title='bbox 388 5047 460 5117; x_wconf 58' lang='grc' dir='ltr'><strong>ξπ</strong></span> <span class='ocrx_word' id='word_1_732' title='bbox 485 5041 524 5117; x_wconf 73' lang='grc' dir='ltr'><strong>ἰ.</strong></span> <span class='ocrx_word' id='word_1_733' title='bbox 555 5056 601 5094; x_wconf 91' lang='lat' dir='ltr'><strong>e.</strong></span> <span class='ocrx_word' id='word_1_734' title='bbox 633 5038 838 5117; x_wconf 61' lang='lat' dir='ltr'><strong>hamo.</strong></span> <span class='ocrx_word' id='word_1_735' title='bbox 905 5038 1192 5117; x_wconf 45' lang='lat' dir='ltr'><strong>mitajc.</strong></span> <span class='ocrx_word' id='word_1_736' title='bbox 1223 5034 1509 5117; x_wconf 76' lang='lat' dir='ltr'><strong>francium</strong></span> <span class='ocrx_word' id='word_1_737' title='bbox 1537 5034 1614 5117; x_wconf 23' lang='lat' dir='ltr'><strong>l_._A</strong></span> <span class='ocrx_word' id='word_1_738' title='bbox 1659 5043 1730 5117; x_wconf 67' lang='grc' dir='ltr'><strong>ξπ</strong></span> <span class='ocrx_word' id='word_1_739' title='bbox 1780 5039 2296 5117; x_wconf 62' lang='lat' dir='ltr'><strong>muselesnensium</strong></span> <span class='ocrx_word' id='word_1_740' title='bbox 2347 5046 2431 5098; x_wconf 84' lang='lat' dir='ltr'><strong>la.</strong></span> <span class='ocrx_word' id='word_1_741' title='bbox 2509 5051 2580 5086; x_wconf 76' lang='lat'><strong>878</strong></span> <span class='ocrx_word' id='word_1_742' title='bbox 2609 5045 2910 5117; x_wconf 88' lang='lat' dir='ltr'><strong>applicatis</strong></span> <span class='ocrx_word' id='word_1_743' title='bbox 2943 5047 3028 5117; x_wconf 10' lang='lat' dir='ltr'><strong>lar.</strong></span> <span class='ocrx_word' id='word_1_744' title='bbox 3082 5047 3284 5117; x_wconf 70' lang='lat' dir='ltr'><strong>_°79_ita</strong></span> <span class='ocrx_word' id='word_1_745' title='bbox 3314 5044 3394 5100; x_wconf 88' lang='lat' dir='ltr'><strong>lc.</strong></span> <span class='ocrx_word' id='word_1_746' title='bbox 3427 5045 3449 5099; x_wconf 89' lang='lat' dir='ltr'><strong>i</strong></span> <span class='ocrx_word' id='word_1_747' title='bbox 3483 5050 3564 5102; x_wconf 85' lang='lat' dir='ltr'><strong>la.</strong></span> <span class='ocrx_word' id='word_1_748' title='bbox 3639 5050 3701 5117; x_wconf 53' lang='grc' dir='ltr'><strong>ξιξ</strong></span> 
     </span>
    </p>
   </div>
   <div class='ocr_carea' id='block_1_103' title="bbox 387 5106 3701 5190">
    <p class='ocr_par' dir='ltr' id='par_1_103' title="bbox 387 5106 3701 5190">
     <span class='ocr_line' id='line_1_103' title="bbox 387 5106 3701 5190; baseline 0 -23"><span class='ocrx_word' id='word_1_749' title='bbox 387 5111 472 5167; x_wconf 83' lang='lat' dir='ltr'><strong>ita</strong></span> <span class='ocrx_word' id='word_1_750' title='bbox 507 5113 582 5165; x_wconf 87' lang='lat' dir='ltr'><strong>lc.</strong></span> <span class='ocrx_word' id='word_1_751' title='bbox 615 5109 791 5190; x_wconf 68' lang='lat' dir='ltr'><strong>nouis</strong></span> <span class='ocrx_word' id='word_1_752' title='bbox 820 5111 931 5190; x_wconf 39' lang='lat' dir='ltr'><strong>la.‘</strong></span> <span class='ocrx_word' id='word_1_753' title='bbox 981 5108 1360 5190; x_wconf 37' lang='lat' dir='ltr'><strong>agit-ancient</strong></span> <span class='ocrx_word' id='word_1_754' title='bbox 1390 5110 1456 5190; x_wconf 71' lang='lat' dir='ltr'><strong>la</strong></span> <span class='ocrx_word' id='word_1_755' title='bbox 1551 5114 1620 5150; x_wconf 70' lang='lat'><strong>88!</strong></span> <span class='ocrx_word' id='word_1_756' title='bbox 1662 5106 1992 5165; x_wconf 89' lang='lat' dir='ltr'><strong>humiliare.</strong></span> <span class='ocrx_word' id='word_1_757' title='bbox 2028 5114 2114 5172; x_wconf 87' lang='lat' dir='ltr'><strong>la.</strong></span> <span class='ocrx_word' id='word_1_758' title='bbox 2189 5121 2260 5157; x_wconf 76' lang='grc'><strong>⁸⁸³</strong></span> <span class='ocrx_word' id='word_1_759' title='bbox 2285 5130 2424 5187; x_wconf 88' lang='lat' dir='ltr'><strong>gero</strong></span> <span class='ocrx_word' id='word_1_760' title='bbox 2473 5117 2523 5174; x_wconf 84' lang='lat' dir='ltr'><strong>l.</strong></span> <span class='ocrx_word' id='word_1_761' title='bbox 2573 5106 2855 5187; x_wconf 74' lang='lat' dir='ltr'><strong>germano</strong></span> <span class='ocrx_word' id='word_1_762' title='bbox 2885 5120 2940 5174; x_wconf 88' lang='lat'><strong>2.</strong></span> <span class='ocrx_word' id='word_1_763' title='bbox 2971 5116 3043 5173; x_wconf 81' lang='grc' dir='ltr'><strong>Α.</strong></span> <span class='ocrx_word' id='word_1_764' title='bbox 3067 5113 3139 5174; x_wconf 91' lang='lat' dir='ltr'><strong>S.</strong></span> <span class='ocrx_word' id='word_1_765' title='bbox 3176 5115 3215 5171; x_wconf 83' lang='grc' dir='ltr'><strong>Ι.</strong></span> <span class='ocrx_word' id='word_1_766' title='bbox 3247 5115 3288 5171; x_wconf 81' lang='grc' dir='ltr'><strong>ι.</strong></span> <span class='ocrx_word' id='word_1_767' title='bbox 3367 5125 3441 5160; x_wconf 70' lang='lat' dir='ltr'><strong>8M</strong></span> <span class='ocrx_word' id='word_1_768' title='bbox 3467 5112 3701 5190; x_wconf 87' lang='lat' dir='ltr'><strong>reliquid</strong></span> 
     </span>
    </p>
   </div>
   <div class='ocr_carea' id='block_1_104' title="bbox 1966 5253 2193 5312">
    <p class='ocr_par' dir='ltr' id='par_1_104' title="bbox 1966 5253 2193 5312">
     <span class='ocr_line' id='line_1_104' title="bbox 1966 5253 2193 5312; baseline 0 -1"><span class='ocrx_word' id='word_1_769' title='bbox 1966 5253 2193 5312; x_wconf 67' lang='grc' dir='ltr'><strong>ΝΟΤΛΕ.</strong></span> 
     </span>
    </p>
   </div>
   <div class='ocr_carea' id='block_1_105' title="bbox 387 5179 1483 5254">
    <p class='ocr_par' dir='ltr' id='par_1_105' title="bbox 387 5179 1483 5254">
     <span class='ocr_line' id='line_1_105' title="bbox 387 5179 1483 5254; baseline -0.001 -16"><span class='ocrx_word' id='word_1_770' title='bbox 387 5198 528 5241; x_wconf 79' lang='lat' dir='ltr'><strong>corr.</strong></span> <span class='ocrx_word' id='word_1_771' title='bbox 547 5179 792 5254; x_wconf 85' lang='lat' dir='ltr'><strong>reliquid</strong></span> <span class='ocrx_word' id='word_1_772' title='bbox 831 5180 932 5237; x_wconf 82' lang='lat' dir='ltr'><strong>lc?</strong></span> <span class='ocrx_word' id='word_1_773' title='bbox 1004 5188 1076 5223; x_wconf 72' lang='grc'>⁸³⁸</span> <span class='ocrx_word' id='word_1_774' title='bbox 1099 5179 1364 5236; x_wconf 87' lang='lat' dir='ltr'><strong>insolabli</strong></span> <span class='ocrx_word' id='word_1_775' title='bbox 1398 5182 1483 5238; x_wconf 86' lang='lat' dir='ltr'><strong>la.</strong></span> 
     </span>
    </p>
   </div>
   <div class='ocr_carea' id='block_1_106' title="bbox 460 5339 1388 5415">
    <p class='ocr_par' dir='ltr' id='par_1_106' title="bbox 460 5339 1388 5415">
     <span class='ocr_line' id='line_1_106' title="bbox 460 5339 1388 5415; baseline -0.001 -16"><span class='ocrx_word' id='word_1_776' title='bbox 460 5340 614 5415; x_wconf 82' lang='grc'><strong>(608)</strong></span> <span class='ocrx_word' id='word_1_777' title='bbox 641 5339 1024 5415; x_wconf 61' lang='grc' dir='ltr'><strong>ξυνεεωνὶμε</strong></span> <span class='ocrx_word' id='word_1_778' title='bbox 1045 5339 1388 5415; x_wconf 63' lang='lat' dir='ltr'><strong>ldisniensis.</strong></span> 
     </span>
    </p>
   </div>
   <div class='ocr_carea' id='block_1_107' title="bbox 458 5412 1995 5486">
    <p class='ocr_par' dir='ltr' id='par_1_107' title="bbox 458 5412 1995 5486">
     <span class='ocr_line' id='line_1_107' title="bbox 458 5412 1995 5486; baseline 0.003 -18"><span class='ocrx_word' id='word_1_779' title='bbox 458 5412 722 5486; x_wconf 55' lang='lat'><strong>(609113:</strong></span> <span class='ocrx_word' id='word_1_780' title='bbox 747 5412 997 5486; x_wconf 79' lang='lat' dir='ltr'><strong>Terentii</strong></span> <span class='ocrx_word' id='word_1_781' title='bbox 1041 5412 1277 5486; x_wconf 74' lang='lat' dir='ltr'><strong>Phorm.</strong></span> <span class='ocrx_word' id='word_1_782' title='bbox 1334 5414 1424 5486; x_wconf 85' lang='grc'><strong>111,</strong></span> <span class='ocrx_word' id='word_1_783' title='bbox 1466 5417 1520 5479; x_wconf 93' lang='grc'><strong>5,</strong></span> <span class='ocrx_word' id='word_1_784' title='bbox 1573 5417 1662 5484; x_wconf 89' lang='grc'><strong>15,</strong></span> <span class='ocrx_word' id='word_1_785' title='bbox 1689 5415 1995 5486; x_wconf 71' lang='lat' dir='ltr'><strong>pbaleratis</strong></span> 
     </span>
    </p>
   </div>
   <div class='ocr_carea' id='block_1_108' title="bbox 389 5482 1995 5559">
    <p class='ocr_par' dir='ltr' id='par_1_108' title="bbox 389 5482 1995 5559">
     <span class='ocr_line' id='line_1_108' title="bbox 389 5482 1995 5559; baseline 0.005 -21"><span class='ocrx_word' id='word_1_786' title='bbox 389 5482 558 5559; x_wconf 70' lang='lat' dir='ltr'><strong>dictis</strong></span> <span class='ocrx_word' id='word_1_787' title='bbox 576 5483 742 5559; x_wconf 83' lang='lat' dir='ltr'><strong>ducas</strong></span> <span class='ocrx_word' id='word_1_788' title='bbox 767 5498 872 5541; x_wconf 90' lang='lat' dir='ltr'><strong>me.</strong></span> <span class='ocrx_word' id='word_1_789' title='bbox 902 5483 1035 5542; x_wconf 80' lang='lat' dir='ltr'><strong>Uas.</strong></span> <span class='ocrx_word' id='word_1_790' title='bbox 1073 5485 1160 5538; x_wconf 90' lang='lat' dir='ltr'><strong>lta</strong></span> <span class='ocrx_word' id='word_1_791' title='bbox 1179 5486 1237 5539; x_wconf 91' lang='lat' dir='ltr'><strong>et</strong></span> <span class='ocrx_word' id='word_1_792' title='bbox 1264 5484 1416 5542; x_wconf 89' lang='lat' dir='ltr'><strong>infra</strong></span> <span class='ocrx_word' id='word_1_793' title='bbox 1443 5501 1538 5554; x_wconf 86' lang='lat' dir='ltr'><strong>vn,</strong></span> <span class='ocrx_word' id='word_1_794' title='bbox 1570 5482 1661 5546; x_wconf 78' lang='lat' dir='ltr'><strong>5t.</strong></span> <span class='ocrx_word' id='word_1_795' title='bbox 1680 5482 1995 5559; x_wconf 58' lang='lat' dir='ltr'><strong>promissio-</strong></span> 
     </span>
    </p>
   </div>
   <div class='ocr_carea' id='block_1_109' title="bbox 388 5555 810 5612">
    <p class='ocr_par' dir='ltr' id='par_1_109' title="bbox 388 5555 810 5612">
     <span class='ocr_line' id='line_1_109' title="bbox 388 5555 810 5612; baseline -0.009 0"><span class='ocrx_word' id='word_1_796' title='bbox 388 5570 478 5612; x_wconf 82' lang='lat' dir='ltr'><strong>nes</strong></span> <span class='ocrx_word' id='word_1_797' title='bbox 498 5555 810 5612; x_wconf 56' lang='lat' dir='ltr'><strong>phalerato.</strong></span> 
     </span>
    </p>
   </div>
   <div class='ocr_carea' id='block_1_110' title="bbox 465 5571 1788 5704">
    <p class='ocr_par' dir='ltr' id='par_1_110' title="bbox 465 5571 1788 5704">
     <span class='ocr_line' id='line_1_110' title="bbox 465 5571 1788 5704; baseline 0.005 -23"><span class='ocrx_word' id='word_1_798' title='bbox 465 5571 920 5699; x_wconf 47' lang='grc' dir='ltr'><strong>(ὧῖῗῖαεῖἓίοο</strong></span> <span class='ocrx_word' id='word_1_799' title='bbox 945 5627 1182 5699; x_wconf 76' lang='lat' dir='ltr'><strong>crusina,</strong></span> <span class='ocrx_word' id='word_1_800' title='bbox 1212 5627 1251 5685; x_wconf 94' lang='lat' dir='ltr'><strong>i.</strong></span> <span class='ocrx_word' id='word_1_801' title='bbox 1274 5642 1327 5686; x_wconf 90' lang='lat' dir='ltr'><strong>e.</strong></span> <span class='ocrx_word' id='word_1_802' title='bbox 1351 5631 1503 5686; x_wconf 86' lang='lat' dir='ltr'><strong>veste</strong></span> <span class='ocrx_word' id='word_1_803' title='bbox 1524 5628 1788 5704; x_wconf 86' lang='lat' dir='ltr'><strong>pellicea.</strong></span> 
     </span>
    </p>
   </div>
   <div class='ocr_carea' id='block_1_111' title="bbox 2165 5343 2578 5417">
    <p class='ocr_par' dir='ltr' id='par_1_111' title="bbox 2165 5343 2578 5417">
     <span class='ocr_line' id='line_1_111' title="bbox 2165 5343 2578 5417; baseline 0.01 -18"><span class='ocrx_word' id='word_1_804' title='bbox 2165 5343 2317 5417; x_wconf 85' lang='grc'><strong>(611)</strong></span> <span class='ocrx_word' id='word_1_805' title='bbox 2344 5345 2578 5403; x_wconf 90' lang='lat' dir='ltr'><strong>Lorsch.</strong></span> 
     </span>
    </p>
   </div>
   <div class='ocr_carea' id='block_1_112' title="bbox 2165 5417 3133 5489">
    <p class='ocr_par' dir='ltr' id='par_1_112' title="bbox 2165 5417 3133 5489">
     <span class='ocr_line' id='line_1_112' title="bbox 2165 5417 3133 5489; baseline 0.003 -18"><span class='ocrx_word' id='word_1_806' title='bbox 2165 5420 2312 5489; x_wconf 77' lang='grc'><strong>(612)</strong></span> <span class='ocrx_word' id='word_1_807' title='bbox 2338 5421 2493 5473; x_wconf 83' lang='lat' dir='ltr'><strong>Ann.</strong></span> <span class='ocrx_word' id='word_1_808' title='bbox 2527 5417 2860 5488; x_wconf 86' lang='lat' dir='ltr'><strong>Quedlind.,</strong></span> <span class='ocrx_word' id='word_1_809' title='bbox 2887 5436 2943 5476; x_wconf 88' lang='lat' dir='ltr'><strong>a.</strong></span> <span class='ocrx_word' id='word_1_810' title='bbox 2975 5421 3133 5475; x_wconf 91' lang='grc'><strong>1002.</strong></span> 
     </span>
    </p>
   </div>
   <div class='ocr_carea' id='block_1_113' title="bbox 2163 5489 3694 5563">
    <p class='ocr_par' dir='ltr' id='par_1_113' title="bbox 2163 5489 3694 5563">
     <span class='ocr_line' id='line_1_113' title="bbox 2163 5489 3694 5563; baseline 0.003 -20"><span class='ocrx_word' id='word_1_811' title='bbox 2163 5490 2313 5563; x_wconf 57' lang='lat' dir='ltr'><strong>(ﬁla)</strong></span> <span class='ocrx_word' id='word_1_812' title='bbox 2339 5489 2682 5563; x_wconf 70' lang='lat' dir='ltr'><strong>Wernherus</strong></span> <span class='ocrx_word' id='word_1_813' title='bbox 2711 5490 3011 5563; x_wconf 88' lang='lat' dir='ltr'><strong>episcopus</strong></span> <span class='ocrx_word' id='word_1_814' title='bbox 3048 5491 3298 5548; x_wconf 80' lang='lat' dir='ltr'><strong>Alawico</strong></span> <span class='ocrx_word' id='word_1_815' title='bbox 3335 5494 3694 5560; x_wconf 81' lang='lat' dir='ltr'><strong>successerat,</strong></span> 
     </span>
    </p>
   </div>
   <div class='ocr_carea' id='block_1_114' title="bbox 2095 5560 2754 5627">
    <p class='ocr_par' dir='ltr' id='par_1_114' title="bbox 2095 5560 2754 5627">
     <span class='ocr_line' id='line_1_114' title="bbox 2095 5560 2754 5627; baseline 0 -11"><span class='ocrx_word' id='word_1_816' title='bbox 2095 5575 2150 5618; x_wconf 89' lang='lat' dir='ltr'><strong>a.</strong></span> <span class='ocrx_word' id='word_1_817' title='bbox 2181 5561 2342 5627; x_wconf 88' lang='grc'><strong>1001,</strong></span> <span class='ocrx_word' id='word_1_818' title='bbox 2363 5560 2506 5616; x_wconf 85' lang='lat' dir='ltr'><strong>Maio</strong></span> <span class='ocrx_word' id='word_1_819' title='bbox 2537 5560 2754 5616; x_wconf 82' lang='lat' dir='ltr'><strong>mense.</strong></span> 
     </span>
    </p>
   </div>
   <div class='ocr_carea' id='block_1_115' title="bbox 2167 5631 3434 5708">
    <p class='ocr_par' dir='ltr' id='par_1_115' title="bbox 2167 5631 3434 5708">
     <span class='ocr_line' id='line_1_115' title="bbox 2167 5631 3434 5708; baseline 0.008 -22"><span class='ocrx_word' id='word_1_820' title='bbox 2167 5631 2308 5708; x_wconf 74' lang='grc'><strong>(614)</strong></span> <span class='ocrx_word' id='word_1_821' title='bbox 2334 5631 2670 5694; x_wconf 80' lang='lat' dir='ltr'><strong>Conf.Ann.</strong></span> <span class='ocrx_word' id='word_1_822' title='bbox 2691 5633 2948 5708; x_wconf 84' lang='lat' dir='ltr'><strong>Sangall.</strong></span> <span class='ocrx_word' id='word_1_823' title='bbox 2981 5634 3150 5706; x_wconf 64' lang='lat' dir='ltr'><strong>mat,</strong></span> <span class='ocrx_word' id='word_1_824' title='bbox 3179 5652 3236 5694; x_wconf 90' lang='lat' dir='ltr'><strong>a.</strong></span> <span class='ocrx_word' id='word_1_825' title='bbox 3271 5639 3434 5698; x_wconf 86' lang='grc'><strong>1002.</strong></span> 
     </span>
    </p>
   </div>
  </div>
