3892 6214
158 461 285 516 1289

1407 451 1825 509 CHRONICON.
1854 481 1926 494 —
1950 451 2077 509 LIB.
2116 453 2186 510 11.

3321 467 3337 516 1
3350 463 3455 516 290

160 587 275 636 slus
307 591 556 642 merere,
587 572 858 640 discessit,
899 572 1284 644 inultumque,
1318 572 1450 646 quia
1497 573 1753 628 defendit
1773 574 1829 634 Α
1854 574 2002 646 burg
2018 590 2149 628 cum
2173 572 2876 644 appertinenciis,vivente
2894 573 3456 650 Ekkihardohocque

162 685 448 729 numerus,
484 663 746 736 reliquid.

224 806 270 855 8.
305 799 445 869 Regi
460 803 652 853 autem
682 796 833 868 apud
854 795 1100 867 Augiam
1125 795 1372 850 insulam
1396 795 1754 850 nativitatem

161 889 400 944 msancti
421 885 700 942 Johannis
717 885 979 953 Baptistae
1003 885 1575 950 commoranti,fama
1595 884 1755 938 velox

161 977 503 1048 etsepissime
521 973 1149 1041 dubia,Herimannum
1166 973 1370 1026 ducem
1387 973 1547 1026 litem
1567 972 1756 1027 duello

159 1084 315 1121 causa
360 1064 602 1119 ﬁniendi
647 1063 838 1117 venire
882 1061 1187 1130 nuntiavit,
1227 1061 1594 1133 eundemque
1623 1060 1757 1114 hinc

162 1155 464 1215 discedere,
503 1152 932 1223 adventumque
965 1149 1126 1204 ducis
1167 1167 1297 1204 cum
1318 1150 1536 1221 judicio
1567 1167 1759 1222 pugne

162 1247 214 1300 in
243 1243 417 1316 pratis
463 1240 780 1295 virentibus
834 1256 898 1293 ac
943 1239 1072 1294 latis
1112 1239 1247 1293 fecit
1291 1243 1643 1309 exspectare.
1679 1239 1760 1292 lbi

165 1338 288 1388 tunc
313 1330 708 1401 apostolorum
729 1328 1027 1382 celebrans
1049 1327 1192 1381 festa
1205 1327 1361 1395 (Jun.
1383 1330 1470 1391 29)
1493 1328 1762 1397 longum-

166 1437 266 1492 que
302 1428 368 1462 ³⁸⁷
417 1415 827 1472 certitudinem
869 1415 1210 1487 prestolans,
1265 1415 1472 1468 ducem
1521 1414 1764 1486 inceptis

165 1507 451 1580 persistere
477 1521 668 1577 neque
693 1505 834 1559 velle
874 1519 978 1557 nec
1003 1519 1190 1574 posse,
1215 1519 1318 1574 pro
1349 1506 1504 1557 certo
1529 1519 1762 1573 compe-

168 1597 250 1650 rit.
276 1595 612 1651 Consultum
642 1595 726 1648 est
753 1592 803 1647 ei
835 1609 868 1646 a
892 1590 1222 1645 malesuasis
1242 1590 1585 1657 fautoribus,
1610 1590 1766 1662 quod

167 1685 483 1755 ArgentinaJ
517 1682 800 1736 damnum
833 1679 1171 1734 Constantia
1201 1679 1764 1750 impleret.Namque

174 1773 414 1842 ejusdem
446 1769 688 1824 civitatis
708 1769 1023 1840 episcopus,
1039 1767 1276 1822 nomine
1293 1767 1764 1834 Lanbertus,cum

177 1859 414 1914 Curiensi
443 1861 676 1931 pastore
723 1858 785 1927 (f.
849 1857 938 1927 88)
990 1855 1300 1923 Othelrico,
1347 1856 1764 1911 Herimannum

177 1957 238 1991 ⁸⁸⁸
263 1948 658 2012 auxiliabatur,
680 1963 796 2000 non
827 1948 1054 2000 tantum
1076 1962 1141 2000 ex
1166 1945 1384 2012 animo,
1407 1949 1686 2016 quantum
1707 1944 1765 1999 in

173 2037 400 2092 civitatis
430 2035 707 2106 contiguo
737 2034 906 2106 (615).
941 2033 1052 2088 Sed
1076 2051 1195 2101 rex,
1224 2036 1287 2087 ut
1309 2037 1434 2088 erat
1465 2035 1535 2088 de
1571 2033 1670 2088 Dei
1701 2033 1768 2088 ti-

178 2142 324 2180 more
365 2122 643 2178 sollicitus
673 2126 730 2176 et
783 2122 852 2176 de
895 2121 1262 2194 acquirendis
1310 2125 1516 2187 certus,
1554 2121 1764 2176 horum

174 2214 398 2284 profana
425 2211 644 2284 sprevit
672 2220 743 2253 88°
775 2210 1034 2274 consilia,
1059 2213 1364 2281 curtesque
1387 2219 1456 2251 δυο
1483 2209 1640 2264 ducis
1663 2227 1758 2264 va-

174 2302 358 2357 stando
372 2299 762 2366 circuiens,ad
784 2299 1052 2353 ultimum
1066 2300 1320 2352 clamore
1353 2297 1605 2352 devictus
1624 2315 1763 2369 pau-

172 2406 380 2459 perum,
412 2390 483 2445 ad
515 2387 821 2442 Franciam
849 2395 915 2428 θοι
950 2403 1211 2440 remeare
1242 2385 1614 2458 disposuit.Et
1635 2403 1764 2441 ecce

175 2477 445 2533 Heinricus
468 2487 540 2520 ευ
579 2493 796 2546 comes,
833 2475 1082 2530 Bertoldi
1107 2474 1398 2546 amiteque
1427 2492 1571 2530 meae
1598 2475 1764 2542 ﬁlius,

173 2567 237 2620 ad
258 2568 412 2638 regni
435 2567 666 2638 apicem
688 2564 1101 2637 acquirendam
1122 2564 1245 2636 regi
1260 2581 1434 2636 usque
1457 2565 1565 2619 huc
1585 2565 1766 2620 ﬁdelis

173 2656 400 2726 adiutor,
424 2656 896 2711 animadvertens
919 2654 1158 2709 senioris
1178 2654 1387 2708 suimet
1410 2663 1480 2696 898
1507 2655 1763 2726 sibipau-

173 2745 335 2800 Iulum
357 2746 610 2800 alienam
638 2747 896 2798 mentem
929 2751 1020 2805 θοι,
1045 2759 1148 2814 per
1193 2743 1444 2814 Optimos
1487 2743 1766 2798 exercitus

176 2833 413 2903 ejusdem
442 2834 598 2888 viros
624 2831 722 2886 diu
749 2831 1111 2902 ﬁrmiterque
1150 2831 1498 2902 promissum
1530 2832 1764 2887 Bawarii

179 2923 323 2991 regni
341 2922 615 2976 ducatum
631 2919 751 2974 dari
773 2919 1320 2990 postulavit.Quibus
1338 2936 1434 2972 rex
1453 2921 1564 2973 tale
1582 2921 1765 2974 fertur

179 3008 380 3064 dedisse
410 3025 757 3081 responsum
789 3025 800 3061 :
831 3006 1028 3062 Nonne
1050 3009 1198 3062 scitis
1213 3008 1322 3061 haec
1347 3009 1402 3060 in
1430 3007 1528 3062 hac
1556 3009 1762 3078 expedi-

185 3099 308 3152 tione
334 3113 677 3170 nequaquam
707 3096 1016 3166 ﬁeriposse,
1064 3094 1347 3150 Bawarios
1390 3096 1458 3150 ab
1483 3097 1640 3151 initio
1669 3097 1763 3150 du-

173 3202 267 3239 cem
308 3187 535 3258 eligendi
582 3185 799 3240 liberam
847 3185 1042 3240 habere
1074 3192 1406 3256 potestatem,
1449 3203 1553 3239 non
1590 3185 1764 3240 decere
1785 3174 1833 3235 C

175 3279 274 3329 tam
300 3276 462 3331 subito
510 3291 602 3330 eos
650 3274 874 3338 abicere,
908 3290 1074 3344 neque
1123 3275 1511 3329 constitutionis
1541 3275 1765 3346 antique

172 3362 246 3428 ius
268 3364 452 3436 absque
471 3379 732 3422 consensu
764 3378 950 3417 eorum
978 3363 1237 3432 frangere
1265 3362 1292 3416 ‘l
1312 3361 1380 3416 Si
1405 3363 1652 3417 voluisset
1673 3379 1762 3418 cx-

174 3459 402 3520 spectare,
435 3469 608 3525 usque
636 3451 765 3506 dum
813 3452 925 3522 ipse
976 3450 1049 3506 ad
1103 3451 1198 3506 has
1247 3453 1482 3520 regiones
1510 3453 1762 3518 venirem,

175 3553 279 3592 cum
310 3544 583 3596 communi
607 3541 828 3596 consilio
851 3540 1160 3610 principum
1185 3538 1469 3594 eorundem
1493 3555 1559 3595 ac
1578 3539 1764 3592 volun-

177 3632 287 3694 tate,
318 3631 416 3684 sibi
443 3631 668 3687 libenter
709 3633 764 3683 in
808 3629 906 3685 hoc
944 3628 1311 3698 satis/acerem
1350 3636 1441 3686 3”.
1473 3627 1637 3692 Quod
1669 3627 1765 3682 ubi

177 3713 462 3773 Heinricus
491 3719 568 3774 ab
598 3717 970 3772 internuntiis
1000 3717 1238 3788 accepit,
1264 3717 1321 3771 in
1337 3717 1618 3787 majorem
1636 3732 1766 3787 pro-

178 3801 318 3858 missi
345 3805 604 3861 muneris
636 3805 1105 3876 desperationem
1133 3805 1200 3874 (f.
1235 3805 1342 3876 88’)
1371 3803 1767 3875 veniens,pau-

174 3889 321 3947 latim
359 3912 415 3950 se
443 3896 514 3950 ab
552 3894 708 3966 regis
736 3893 1049 3948 substraxit
1072 3893 1494 3960 familiaritate;
1525 3893 1764 3949 comita-

175 3983 360 4053 turque
391 3987 590 4039 tamen
605 3999 804 4054 regem
823 3983 894 4037 ab
917 3982 1268 4037 Alemannia
1300 3982 1765 4053 proficiscentem

174 4066 225 4122 in
253 4071 568 4141 Franciam,
604 4073 800 4144 postea
831 4070 904 4126 ad
928 4070 1327 4143 Thuringiam.

237 4207 285 4261 9.
310 4208 387 4262 lbi
419 4212 545 4264 tum
597 4215 667 4250 8"
713 4206 1127 4269 Willehelmus,
1151 4205 1599 4278 Thuringiorum
1628 4207 1766 4262 tunc

176 4297 597 4364 potentissimus
617 4296 786 4370 (616),
804 4295 1033 4351 obviam
1055 4311 1326 4368 pergens,
1345 4294 1767 4367 dominumque

179 4383 486 4441 venientem
519 4402 653 4441 cum
685 4400 901 4456 magna
930 4383 1323 4456 gratulatione
1351 4382 1767 4455 suscipiensre-

179 4470 254 4540 gis
277 4481 343 4516 εστ
375 4476 642 4531 efﬁcitur.
674 4474 754 4528 lbi
781 4478 919 4530 tunc
942 4489 1041 4528 rex
1069 4490 1102 4528 a
1126 4472 1351 4544 prefato
1397 4472 1608 4528 comite
1641 4476 1699 4528 et
1735 4490 1770 4530 a
1793 4457 1846 4516 D

175 4560 362 4629 primis
385 4563 533 4619 illius
565 4572 636 4606 898
665 4563 918 4635 regionis
940 4562 1327 4618 conlaudatur
1350 4561 1408 4616 in
1441 4562 1767 4631 dominum,

177 4651 228 4702 et
253 4651 318 4705 ab
348 4654 504 4708 omni
529 4654 743 4725 populo
766 4656 1024 4724 rogatus,
1055 4651 1320 4706 debitum
1350 4651 1438 4705 his
1459 4667 1768 4722 porcorum

178 4743 240 4778 επ
267 4741 482 4797 remisit
516 4759 774 4798 censum.
817 4741 955 4796 Inde
988 4740 1329 4811 Merseburg
1353 4742 1612 4811 veniens,
1645 4760 1772 4798 sus-

179 4830 356 4896 ceptus
378 4835 461 4885 est
485 4832 558 4887 ab
587 4831 864 4886 Heimone
887 4829 1095 4884 abbate
1124 4832 1181 4884 et
1206 4845 1238 4883 a
1267 4829 1423 4884 ﬁdeli
1444 4831 1656 4886 suimet
1675 4849 1769 4888 co-

181 4913 304 4970 mite
334 4918 564 4975 Esicone
594 4919 690 4992 qui
720 4919 925 4976 urbem
951 4918 1101 4973 hanc
1133 4920 1190 4973 et
1220 4918 1422 4975 Alstidi
1451 4936 1516 4975 ac
1549 4921 1770 4977 Thom-

1856 666 2105 736 graviter
2124 665 2368 732 ferente,
2382 663 2624 718 viriliter
2644 681 2820 736 usque
2841 665 2898 719 in
2913 666 3265 736 presentiam
3280 664 3460 738 optati

1855 754 2096 809 senioris
2143 753 2404 808 servavit.
2455 753 2569 807 Huc
2618 754 2966 808 conveniunt
3029 753 3462 828 archiepisc0pi,

1860 841 2072 897 Lieviso
2103 851 2174 884 οοο
2213 841 2534 895 Bremensis
2556 844 2612 895 et
2641 841 2907 895 Gisilerus
2936 842 3466 913 Magadaburhgen-

1858 933 1932 986 sis
1962 949 2090 987 cum
2119 931 2340 986 caeteris
2368 930 2772 997 confratribus,
2821 932 3092 985 Retliario
3145 933 3464 987 Pathebur-

1860 1021 2022 1075 nensi
2051 1029 2143 1087 οοί,
2179 1018 2519 1074 Bernwardo
2559 1027 2629 1060 σοί
2683 1019 3175 1086 Ilillinesemensi,
3225 1023 3465 1076 Arnulfo

1860 1107 2322 1172 Halverstidensi,
2358 1106 2693 1162 Ramwardo
2727 1108 3046 1175 [Mindensi,
3094 1109 3314 1164 Eidone
3371 1112 3467 1171 θοι]

1860 1197 2146 1262 Misnensi,
2191 1195 2504 1251 Bernhario
2539 1194 2836 1262 Ferdensi,
2890 1197 3127 1268 Hugone
3185 1197 3468 1267 Citisensi,

1865 1285 2103 1340 ducibus
2144 1288 2336 1339 autem
2386 1283 2717 1338 Bernhardo
2765 1293 2835 1326 θοι
2879 1301 2943 1339 ac
2986 1287 3282 1354 Bolizlavo,
3337 1304 3466 1342 cum

1865 1373 2296 1428 marchionibus
2327 1371 2618 1428 Liuthario
2649 1375 2706 1427 et
2736 1373 2960 1428 Gerone
2991 1391 3054 1428 ac
3085 1376 3340 1444 palatino
3365 1393 3472 1431 co-

1864 1460 2006 1516 mite
2039 1461 2352 1516 Fritlierico
2384 1469 2476 1527 θοι,
2506 1460 2649 1531 (cod.
2686 1460 2789 1516 Br.
2812 1461 2851 1516 f.
2882 1463 3267 1535 238)aliisque
3297 1481 3472 1535 quam

1865 1548 2124 1620 pluribus
2153 1552 2275 1603 tam
2307 1547 2590 1620 episcopis
2620 1564 2794 1619 quam
2849 1549 3177 1614 comitibus,
3225 1567 3471 1622 quorum

1868 1636 2106 1691 nomina
2133 1638 2372 1708 longum
2399 1639 2485 1691 est
2501 1652 2775 1691 enarrare
2790 1653 2894 1708 per
2909 1637 3154 1709 singula.
3173 1639 3257 1694 Hii
3271 1656 3476 1695 omnes

1865 1741 2063 1796 regem
2078 1724 2316 1796 supplici
2330 1724 2641 1779 devocione
2657 1725 2992 1796 suscipiunt.
3010 1726 3270 1782 Crastina
3283 1728 3475 1800 itaque

1868 1813 2046 1879 die,id
2058 1816 2143 1866 est
2159 1815 2358 1868 octavo
2373 1813 2658 1868 Kalendas
2671 1814 3063 1884 Augusti(Jul.
3082 1817 3478 1882 2~i),Bernhar-

1791 1891 1844 1953 Β
1869 1901 1973 1956 dus
1989 1902 2099 1956 dux
2117 1900 2266 1971 (6l7)
2286 1916 2415 1954 cum
2438 1917 2719 1955 consensu
2738 1902 3003 1957 omnium
3025 1907 3248 1959 astante
3276 1921 3474 1960 coram

1868 2007 2003 2062 rege
2028 1991 2384 2045 voluntatem
2410 1989 2590 2060 plebis
2623 1989 3020 2045 convenientis
3050 1993 3336 2062 aperiens,
3356 2009 3477 2048 om-

1867 2079 2145 2150 niumque
2160 2077 2630 2133 necessitatemac
2644 2079 2832 2149 legem
2845 2079 3170 2150 specialiter
3181 2097 3477 2152 exponens

1867 2167 2004 2240 quid
2033 2166 2114 2221 eis
2142 2165 2551 2221 misericordia:
2591 2165 2756 2220 dictis
2810 2167 3151 2238 promittere
3180 2185 3280 2224 seu
3312 2169 3476 2227 factis

1865 2256 2036 2310 vellet
2065 2253 2426 2326 impendere,
2456 2253 2766 2326 diligenter
2786 2254 3045 2327 inquirit.
3072 2257 3229 2312 Talia
3246 2275 3476 2331 quaere-

1867 2344 1986 2410 bat,
2013 2359 2077 2397 ac
2104 2345 2307 2397 contra
2327 2358 2426 2398 rex
2452 2343 2770 2398 referebat:
2836 2344 2950 2399 Deo
2967 2346 3229 2415 primum,
3255 2345 3478 2403 deinde-

1866 2449 1966 2505 que
2011 2431 2150 2486 vobis
2198 2431 2438 2485 omnibus
2494 2431 2784 2502 condignas
2824 2439 3002 2502 grates
3033 2434 3329 2504 persolvere
3383 2453 3475 2491 ne-

1865 2538 2136 2593 quaquam
2194 2519 2429 2591 sufﬁcio.
2499 2518 2651 2574 Unde
2701 2519 2993 2576 voluntatis
3039 2537 3168 2578 mea?
3218 2532 3473 2580 secretum

1866 2610 2006 2664 vobis
2038 2611 2236 2681 aperio,
2264 2607 2406 2680 quod
2431 2624 2494 2662 ex
2522 2606 2801 2677 adjutorio
2827 2608 3116 2678 efﬁcaciter
3159 2611 3310 2666 vobis
3362 2629 3478 2669 om-

1865 2698 2020 2752 nibus
2071 2697 2369 2768 impendere
2407 2695 2667 2751 desidero.
2719 2695 2930 2752 Notum
2979 2701 3171 2752 etenim
3212 2701 3353 2754 mihi
3380 2711 3475 2769 est,

1864 2804 2025 2859 quam
2076 2785 2301 2855 ﬁdeliter
2339 2786 2524 2840 vestris
2571 2785 2778 2854 regibus
2825 2801 3031 2857 semper
3072 2787 3266 2859 ubique
3312 2789 3479 2843 obau-

1863 2876 2122 2931 dientiam
2155 2882 2204 2930 et
2240 2874 2496 2929 solatium
2518 2880 2761 2944 prestare
2791 2882 2863 2917 οοο
2887 2875 3215 2930 studueritis.
3263 2875 3339 2931 Et
3363 2879 3477 2933 ideo

1862 2982 1951 3019 vos
1978 2967 2148 3034 magis
2172 2965 2228 3017 in
2257 2963 2500 3018 omnibus
2529 2965 2724 3032 optimc
2753 2964 3032 3026 honorare,
3065 2965 3293 3035 diligere
3316 2975 3366 3021 et
3407 2967 3478 3021 ad

1863 3056 2015 3123 regni
2023 3059 2332 3124 provectum
2354 3059 2694 3122 nostramque
2711 3052 2935 3108 salutem
2975 3053 3104 3110 libet
3142 3072 3473 3112 conservare.

1865 3144 1939 3198 Et
1968 3149 2026 3196 ut
2051 3143 2186 3198 certi
2215 3141 2278 3196 de
2306 3141 2407 3194 hiis
2444 3141 2579 3207 sitis,
2611 3142 2874 3212 quomodo
2907 3143 3048 3197 vobis
3073 3144 3273 3214 placet,
3331 3147 3476 3201 salvo

1863 3235 2061 3287 honore
2115 3232 2285 3300 regni,
2351 3229 2590 3299 afﬁrmo,
2635 3233 2761 3301 quia
2808 3247 2914 3288 non
2959 3236 3338 3289 rennuentibus
3382 3253 3478 3293 nec

1865 3319 2345 3377 contradicentibus
2393 3318 2558 3385 vobis,
2601 3319 2694 3375 sed
2718 3321 2900 3388 potius
2945 3323 3102 3392 quasi
3149 3325 3476 3394 applauden-

1867 3411 2004 3466 tibus
2027 3417 2077 3462 et
2105 3409 2207 3462 huc
2237 3423 2318 3460 me
2347 3406 2726 3473 invitantibus,
2750 3408 2850 3462 hac
2879 3411 3050 3478 regali
3088 3412 3352 3481 dignitate
3379 3416 3473 3470 Ιιο-

1867 3505 2086 3554 noratus
2115 3511 2361 3568 appareo.
2398 3495 2587 3564 Legem
2618 3496 2789 3565 igitur
2816 3506 3043 3551 vestram
3075 3517 3180 3554 non
3211 3504 3267 3554 in
3299 3503 3476 3574 aliquo

1867 3603 2222 3658 corrumpere,
2273 3591 2348 3638 set
2381 3586 2492 3640 vita
2522 3585 2711 3637 comite
2737 3584 2877 3638 malo
2913 3585 3194 3642 clementer
3219 3592 3273 3642 in
3300 3595 3478 3645 omni-

1868 3678 1962 3732 bus
2007 3674 2315 3746 adimplere,
2375 3679 2424 3727 et
2479 3678 2664 3726 vestrae
2715 3674 3031 3730 rationabili
3069 3675 3356 3747 voluntati,
3420 3683 3476 3734 in

1866 3771 2126 3839 quantum
2147 3763 2314 3830 valeo,
2332 3761 2521 3833 ubique
2545 3762 2785 3814 animum
2815 3761 3085 3820 adhibere.

2046 3852 2259 3908 Taliter
2280 3850 2487 3906 effatur
2508 3865 2627 3918 rex,
2659 3854 2718 3905 et
2733 3865 2838 3906 vox
2863 3868 2978 3906 una
3007 3853 3227 3909 levatur

2048 3941 2316 3996 Protinus
2345 3938 2582 3994 astantis
2610 3938 2812 4010 plebis,
2838 3939 2962 4012 regi
2970 3941 3272 4012 jubilantis

2046 4029 2267 4084 Laudes
2291 4032 2350 4084 et
2369 4029 2562 4100 grates
2585 4043 2757 4100 super
2786 4029 2889 4084 has
2917 4032 3109 4086 tantas
3137 4031 3401 4102 pietates.

1869 4118 2236 4174 Bernhardus
2283 4117 2458 4188 igitur
2514 4117 2646 4182 dux,
2676 4121 2904 4190 accepta
2933 4118 2993 4175 in
3024 4120 3290 4177 manibus
3317 4139 3478 4181 sacra

1869 4209 2091 4269 lancea,
2123 4223 2190 4261 ex
2221 4209 2386 4278 parte
2413 4205 2676 4262 omnium
2707 4207 2872 4280 regni
2904 4225 3102 4266 curam
3132 4209 3210 4265 illi
3229 4211 3478 4270 ﬁdeliter

1871 4294 2206 4353 committit.

1977 4385 2191 4439 Rursus
2211 4383 2495 4438 tolluntur
2527 4399 2692 4439 voces
2722 4385 3034 4459 laudesque
3062 4394 3348 4446 canuntur

1978 4471 2263 4544 Undique,
2298 4470 2542 4534 Christe,
2566 4471 2734 4527 bonis
2747 4473 2856 4528 hiis
2865 4490 2970 4546 pro
2985 4477 3157 4532 tantis
3171 4479 3270 4534 tibi
3290 4479 3477 4538 donis.

1977 4563 2218 4632 insuper
2243 4563 2300 4614 et
2331 4562 2498 4615 ﬂetus
2528 4559 2782 4617 fundunt
2814 4561 2911 4633 pia
2940 4567 3176 4634 pectora
3204 4569 3371 4639 letos,

1977 4651 2181 4707 lnclita
2202 4650 2382 4703 letare
2407 4648 2721 4720 Mersburg,
2753 4650 2862 4705 hiis
2887 4655 3313 4724 congratulare,

1981 4743 2062 4796 Da
2083 4737 2333 4810 jubilum
2356 4736 2578 4792 Christo
2606 4737 2963 4810 condignum
2992 4740 3112 4794 sole
3143 4742 3246 4797 sub
3276 4745 3406 4802 isto.

1873 4833 2049 4886 Istum
2080 4828 2317 4898 inquam
2333 4825 2536 4893 solem,
2553 4825 2610 4881 id
2625 4829 2711 4881 est
2725 4825 2901 4895 diem,
2915 4827 3322 4886 venerabiliter
3333 4835 3479 4903 cole,

1875 4937 1987 4994 quo
2035 4917 2249 4972 electus
2291 4917 2378 4969 est
2406 4913 2464 4969 in
2494 4917 2572 4982 te,
2596 4913 2694 4986 qui
2725 4917 2780 4969 te
2807 4914 3169 4986 repudiatam
3201 4923 3330 4990 post
3359 4920 3481 4978 haec

1426 5017 1663 5076 VARl/E
1710 5014 2112 5076 LECTIONES.

242 5107 308 5143 ⁸⁸⁸
335 5102 391 5158 in
423 5105 722 5179 nativitate
763 5109 840 5179 1c.
884 5115 955 5150 ³8⁷
990 5109 1342 5179 longamque
1386 5110 1444 5160 1c
1477 5108 1505 5163 ‘I
1546 5117 1617 5152 m
1647 5108 2002 5164 herimanno
2032 5109 2109 5179 1c_.
2139 5111 2219 5179 88?
2239 5102 2318 5157 ita
2350 5100 2425 5179 .
2450 5100 2512 5157 δ’.
2541 5101 2715 5179 sper'u
2752 5102 2814 5179 1a
2843 5099 2904 5179 (_i.
2933 5119 2990 5179 e.‘
3024 5102 3237 5179 spervit
3261 5105 3489 5179 ‘calami

182 5167 316 5252 ζζιζλςα
343 5191 445 5252 pro
473 5177 706 5250 sprevit)
742 5178 852 5252 sed1
881 5195 1018 5234 corr.
1060 5167 1201 5252 spei.
1234 5167 1304 5220 εἷο
1335 5181 1412 5252 ita
1457 5183 1514 5234 1c
1554 5195 1850 5252 curesque
1885 5185 1951 5252 1a
1973 5185 2040 5252 δίει
2074 5176 2356 5252 frantiam
2371 5177 2468 5252 .11}.
2494 5167 2815 5252 δίερἰιςεηιξξε
2849 5167 2923 5225 ita
2971 5167 3358 5252 1c.'heinricis
3396 5183 3483 5236 1a.

183 5247 245 5319 f”
269 5243 382 5319 met
408 5243 610 5302 erasum
645 5243 697 5305 1.'
726 5258 796 5292 θοι
816 5250 1032 5308 deest°1.
1065 5243 1191 5303 add.
1232 5252 1308 5303 1c.
1343 5243 1771 5319 dignationem'
1799 5252 1877 5306 A.
1902 5250 1966 5306 S.
2000 5248 2042 5306 ι.
2078 5246 2112 5302 l.
2151 5253 2240 5319 )3“
2279 5243 2796 5319 satisfac¢_?l_'e_1._im
2859 5260 3067 5298 erasum
3128 5250 3178 5302 1.
3225 5254 3306 5319 7897
3369 5252 3479 5305 mi-

181 5309 261 5388 lps_
284 5316 401 5388 add.
434 5321 511 5372 1c.
545 5328 614 5361 898
643 5320 750 5374 illis
781 5325 828 5376 1.
863 5331 933 5364 899
959 5337 1112 5375 erasa
1137 5321 1247 5374 haec
1268 5336 1368 5375 vox
1399 5309 1455 5373 5;
1497 5324 1516 5374 1
1551 5321 1680 5385 ;scd
1709 5322 1906 5377 habent
1947 5320 2103 5375 Ann.
2133 5316 2279 5388 Saxo
2309 5321 2358 5368 et
2390 5319 2421 5368 2
2466 5313 2569 5388 ubi
2613 5314 2858 5388 lcgit_ur_:
2902 5319 3151 5388 rogatur,
3213 5318 3314 5386 (ita
3367 5324 3482 5388 1a.)

184 5380 420 5467 debitum
449 5405 681 5467 censum
698 5407 1021 5467 porcorum
1052 5392 1160 5446 illis
1191 5391 1506 5467 dimittere,
1543 5380 1700 5462 quod
1733 5396 1791 5445 et
1843 5391 1999 5467 fecit,
2042 5398 2113 5432 οοο
2157 5385 2340 5467 luuizo
2382 5384 2488 5438 1c?
2525 5392 2594 5467 οίξξ

183 5468 369 5534 ςνιιςωη
397 5462 448 5534 1.
474 5461 753 5534 9°3_Verba
785 5464 1008 5529 inclusa,
1030 5480 1158 5534 quae,
1184 5464 1239 5516 in
1271 5461 1424 5518 codd.
1459 5461 1669 5534 desunt,
1702 5462 2003 5534 supplenda
2061 5475 2183 5534 esse,
2211 5461 2328 5526 jam
2384 5461 2590 5534 monuit

2642 5385 3156 5510 pJatheburhgiensi
3203 5385 3288 5445 ια.
3317 5399 3388 5433 ⁹ο²
3440 5385 3477 5448 Ii

2702 5472 2777 5510 rs.
2824 5463 3002 5510 90‘tta
3062 5457 3139 5510 lc.
3193 5460 3477 5510 berhardn

2702 5472 2777 5510 rs.
2824 5465 2893 5498 σοι
2921 5457 3002 5512 ita
3062 5457 3139 5516 lc.
3193 5460 3480 5520 berhardo

187 5523 261 5578 ία.
291 5535 356 5568 ὀδ
384 5528 449 5583 In
471 5532 586 5591 cod.
617 5537 664 5589 1.
696 5537 972 5606 quaternio
997 5523 1083 5588 llic
1124 5533 1267 5588 deest
1297 5537 1491 5604 integr.
1520 5523 2188 5604 Lacunam-supplevimus
2211 5523 2281 5582 ea:
2310 5527 2409 5580 cod
2427 5530 2482 5582 2.
2515 5535 2585 5568 οοσ
2625 5542 2796 5598 prare
2828 5530 2883 5584 2.

1697 5630 1926 5689 NOTIE.

246 5717 382 5795 (616)
485 5737 530 5775 e.
558 5725 796 5795 propter
815 5721 1056 5795 civitatis
1087 5737 1204 5778 sum
1228 5721 1615 5780 vicinitatem.

251 5788 388 5858 (616)
420 5790 539 5848 Mox
560 5788 726 5864 obiit,
757 5809 913 5850 anno
933 5793 1148 5848 scilicet
1185 5795 1339 5864 1003,
1383 5797 1560 5853 Decb.
1597 5799 1682 5854 14.

461 5900 692 5960 ΡΑτιιοι..
725 5901 978 5959 CXXXIX.

1885 5722 2029 5779 teste
2058 5717 2282 5774 Necrol.
2315 5715 2475 5772 Fuld.
2509 5715 2624 5772 sive
2652 5716 2825 5774 Decb.
2881 5719 2968 5775 1‘2.
3013 5717 3233 5782 Necrol.
3269 5721 3490 5784 Lunob.

1960 5793 2104 5868 (617)
2131 5794 2284 5851 Ann.
2317 5787 2650 5859 Quedlind.,
2677 5805 2728 5851 a.
2763 5791 2918 5850 1002.

3177 5904 3243 5962 41
