3892 6214
433 433 559 490 1291

1417 425 1791 484 THlE’l‘MARI
1822 425 2135 485 EPISCOPI
2162 425 2772 486 MERSEBURGENSIS

3619 439 3754 493 {292

430 567 660 625 semper
705 550 1015 606 meditatus
1055 552 1142 604 est
1194 548 1508 620 provehere
1559 551 1614 602 et
1669 548 1743 602 ad
1781 547 2037 619 priorem
2063 556 2280 619 Aerat,
2313 567 2559 620 regnum
2591 551 3013 608 Liuthariorum
3039 557 3236 626 petere
3275 556 3610 613 contendit.
3650 559 3758 614 Ve-

429 643 644 696 statum
671 640 968 697 reducere.
1001 637 1340 694 Benedictus
1355 637 1426 690 sit
1445 638 1612 705 Deus,
1635 636 1732 708 qui
1764 654 1823 692 se
1851 637 2036 693 hono-

426 731 620 784 rantes
648 731 705 783 et
733 745 800 783 ex
831 727 1001 782 corde
1019 725 1325 796 diligentes
1341 727 1552 780 exaltat
1571 724 1644 780 ad
1657 725 1960 780 horrorem
1980 728 2038 780 et

426 816 672 872 dedecus
695 833 755 872 se
779 814 1192 872 execrantium.
1223 813 1374 869 Finis
1397 813 1553 868 venit
1582 815 1767 869 luctus
1786 815 2036 886 tui,quia

423 905 685 961 salutaris
713 907 906 961 auster
931 903 1180 960 amicam
1230 902 1577 975 temperiem
1634 902 1738 957 tibi
1791 903 2028 957 afflavit.

425 993 549 1049 Non
567 993 666 1049 diu
683 993 742 1049 in
759 991 1028 1048 servitute
1053 991 1336 1058 manebis,
1359 990 1495 1062 quia
1509 990 1582 1045 ad
1603 990 2032 1047 dominandum

422 1081 622 1150 libere,
652 1098 686 1138 ο
716 1080 893 1154 Syon,
921 1079 1309 1136 renovaberis.
1339 1078 1453 1134 Sed
1497 1079 1743 1151 amplius
1788 1095 2030 1150 progre-

423 1170 678 1230 diamur.

491 1261 577 1318 lo.
620 1259 837 1316 Omnes
887 1257 986 1332 qui
1029 1256 1207 1331 priori
1255 1255 1598 1328 imperatori
1653 1255 2028 1322 serviverant,

419 1347 702 1421 Liudgero
715 1349 836 1403 solo
852 1349 1194 1402 remanente
1219 1347 1390 1412 (618),
1415 1343 1538 1415 regi
1559 1360 1768 1399 manus
1788 1345 2029 1414 compli-

416 1441 570 1504 cant,
602 1436 771 1492 fidele
798 1435 1076 1491 auxilium
1116 1451 1218 1506 per
1261 1437 1627 1490 sacramenta
1655 1432 2026 1487 conﬁrmant.

417 1525 693 1582 Bolizlaus
737 1528 934 1581 autem
978 1524 1322 1580 Misnensem
1369 1523 1570 1578 urbem
1619 1521 2028 1576 tantummodo

2139 642 2337 696 nientc
2366 647 2561 696 autem
2591 658 2659 696 eo
2687 643 2760 696 ad
2790 643 3018 705 urbem,
3044 660 3171 715 quae
3204 661 3353 700 nova
3381 645 3632 702 Corbeia
3658 665 3757 704 vo-

2135 735 2314 791 catur.
2341 731 2412 784 ab
2433 747 2501 784 ea
2527 747 2743 785 nomen
2776 732 3000 796 sortita,
3036 733 3189 787 unde
3223 734 3399 806 cepit,
3431 735 3654 790 scilicet
3681 739 3753 792 ab

2135 818 2230 872 illa
2260 819 2613 873 Francorum
2644 819 2982 874 Latinorum
3009 820 3274 888 Corbeia,
3307 822 3406 876 ubi
3440 823 3754 894 requiescit

2134 909 2360 960 saucius
2386 907 2542 960 Vitus
2573 905 2761 960 infans
2803 911 2860 962 et
2891 909 3116 976 martir,
3150 908 3348 965 inclita
3378 911 3753 982 Cunegundis

2132 1012 2234 1048 sua
2263 995 2470 1065 conjux
2505 994 2557 1048 ei
2587 994 2873 1062 occurrit;
2903 995 2998 1051 ubi
3035 997 3210 1052 ambo
3248 1015 3283 1053 a
3308 999 3632 1054 venerabili
3655 1001 3748 1055 ab-

2133 1083 2263 1137 bate
2287 1083 2618 1137 Tliictmaro
2654 1091 2726 1124 οοτ
2763 1084 2911 1154 (621)
2941 1100 3074 1140 cum
3113 1087 3276 1141 omni
3303 1087 3532 1142 honore
3581 1089 3752 1143 susci-

2131 1169 2388 1242 piuntur,
2423 1174 2480 1224 et
2499 1170 2578 1225 ibi
2598 1170 2804 1225 divinis
2839 1175 2898 1226 et
2925 1172 3196 1228 humanis
3221 1175 3520 1243 honorati,
3554 1177 3632 1232 ad
3657 1179 3752 1233 Pa-

2131 1259 2538 1313 therbrunnon
2565 1259 2663 1312 leti
2694 1259 3134 1330 proficiscuntur
3166 1262 3343 1334 (622).
3372 1265 3584 1318 Postea
3605 1265 3748 1336 luce,

2131 1364 2260 1418 quin
2292 1349 2512 1403 mundo
2542 1348 2744 1403 festiva
2773 1349 2957 1404 illuxit
2974 1349 3127 1404 beati
3153 1351 3444 1406 Laurentii
3482 1353 3748 1409 martirio

2134 1439 2306 1506 (Aug.
2360 1437 2461 1508 l0),
2498 1439 2717 1492 domna
2768 1438 3138 1508 Cunegundis
3186 1439 3664 1496 benedictionem
3695 1448 3750 1498 et

2129 1540 2430 1592 coronam,
2463 1529 2520 1580 et
2545 1526 2760 1596 Sophia
2791 1543 2958 1582 soror
2987 1525 3358 1599 imperatoris
3385 1545 3420 1583 a
3446 1546 3591 1602 rege
3623 1531 3746 1601 jam

413 1613 826 1671 innumerabili
856 1613 1101 1685 pecunia
1127 1613 1424 1684 acquirere
1455 1611 1773 1681 satagebat,
1807 1613 1865 1664 et
1893 1609 2028 1681 quia
2127 1613 2440 1668 constituta
2463 1615 2751 1670 abbatissa
2775 1615 2942 1685 (623),
2975 1617 3478 1672 consecrationem
3512 1635 3547 1672 a
3576 1618 3747 1674 Willi-

413 1703 776 1776 oportunitas
802 1701 971 1774 regni
998 1718 1116 1757 non
1147 1704 1292 1768 erat,
1331 1699 1482 1772 apud
1513 1716 1713 1770 regem
1761 1698 2025 1770 optinere
2126 1699 2248 1772 giso
2280 1709 2352 1755 998
2381 1702 2812 1775 archiepiscopo
2838 1703 3138 1759 humiliter
3177 1710 3580 1778 susceperunt.
3635 1709 3745 1762 Pu-

411 1808 532 1848 non
568 1791 812 1858 valebat,
845 1791 932 1844 vix
953 1789 1292 1862 impetrans,
1324 1792 1387 1842 ut
1415 1788 1538 1842 haec
1557 1786 1722 1842 fratri
1752 1803 1853 1840 suo
1871 1786 2024 1840 Gun-
2125 1790 2339 1844 blicum
2372 1790 2506 1845 inde
2534 1792 2830 1864 consurgit
2849 1793 3150 1864 gaudium,
3176 1795 3352 1866 quod,
3376 1812 3482 1867 pro
3515 1795 3740 1866 pudor!

409 1880 596 1936 celino
622 1879 773 1952 (6l9)
802 1879 1059 1945 daretur,
1085 1877 1327 1932 redditis
1356 1875 1462 1931 sibi
1497 1875 1711 1930 Liudizi
1759 1877 1818 1928 et
1856 1874 2020 1929 Milti-
2044 1871 2094 1930 B
2125 1877 2445 1933 admodum
2493 1879 2745 1934 turbavit
2791 1881 3128 1936 insatiabilis
3173 1883 3416 1938 avaritia
3455 1883 3741 1939 Bawario-

408 1967 556 2023 zieni
606 1965 961 2039 regionibus.
1019 1966 1180 2020 Hunc
1230 1964 1527 2019 Heinricus
1581 1980 1796 2030 comes,
1843 1979 2024 2034 nepos
2123 1983 2276 2021 rum.
2311 1967 2394 2020 Hii
2429 1984 2680 2040 namque
2719 1968 2910 2039 paucis
2959 1969 3118 2024 domi
3168 1987 3400 2041 semper
3457 1972 3740 2038 contenti,

405 2073 590 2124 meus,
612 2055 826 2129 oppido
851 2055 1118 2128 diligens,
1148 2070 1514 2127 quocumque
1542 2052 1717 2108 modo
1746 2051 1934 2123 potuit
1952 2051 2020 2106 li-

404 2145 613 2202 benter
636 2149 697 2200 et
723 2144 1106 2200 amicabiliter
1138 2158 1274 2198 eum
1305 2142 1636 2214 adjuvabat.
1668 2139 1854 2204 Quem
1887 2155 2019 2194 cum

404 2235 554 2290 bene
585 2236 958 2290 muneratam
988 2235 1048 2288 et
1075 2247 1205 2287 cum
1263 2231 1498 2286 licentia
1526 2229 1682 2301 regis
1705 2230 2018 2284 abeuntem

403 2323 801 2390 comitaretur,
823 2324 1269 2378 concurrentem
1293 2319 1434 2375 vidit
1451 2323 1740 2374 armatam
1759 2317 2020 2371 multitu-

401 2411 623 2478 dinem,
653 2413 731 2480 et,
751 2427 857 2481 per
875 2412 1060 2465 Deum
1077 2412 1279 2476 testor,
1295 2407 1510 2478 absque
1535 2407 1688 2478 regis
1706 2404 1944 2460 consilio
1962 2406 2020 2458 et

401 2498 754 2556 conscientia
780 2498 1048 2553 adversus
1073 2514 1131 2551 se
1161 2495 1584 2568 insurgentem.
1609 2493 1866 2558 Quicum
1889 2509 2018 2547 cau-

400 2604 524 2643 sam
554 2586 700 2643 tanti
730 2586 1008 2640 tumultus
1041 2583 1412 2655 investigare,
1442 2585 1520 2651 et,
1553 2599 1626 2637 ne
1656 2582 1784 2653 plus
1814 2579 2019 2636 damni

399 2675 674 2741 orirerur,
702 2673 970 2728 voluisset
999 2689 1390 2744 compescere,
1421 2671 1511 2725 vix
1535 2686 1769 2725 securus
1787 2669 2010 2724 socium

397 2763 581 2820 fracta
609 2761 878 2818 exteriori
907 2765 1076 2834 porta
1096 2761 1308 2816 educit.
1331 2763 1411 2816 De
1432 2759 1806 2832 sequentibus
1819 2761 2015 2812 autem

403 2853 680 2909 militibus
699 2851 964 2907 nonnulli
984 2869 1019 2907 a
1037 2849 1450 2922 comprimenti
1461 2849 1633 2904 turba
1644 2851 1778 2904 sunt
1791 2846 2014 2920 predati

403 2942 642 3015 quidam
673 2946 869 2998 autem
900 2939 1219 2996 admodum
1250 2937 1509 3005 sauciati,
1547 2940 1803 2992 mortem
1836 2937 2014 2990 Bern-

401 3029 568 3086 hardi
600 3029 758 3086 ducis
779 3028 986 3086 auxilio
1017 3029 1340 3084 evaserunt.
1373 3025 1440 3080 Hi
1489 3041 1744 3098 namque
1793 3023 2014 3078 curiam

401 3118 628 3191 regiam
649 3118 860 3174 armati
890 3117 1192 3185 intrantes,
1245 3118 1304 3172 et
1332 3115 1404 3170 de
1429 3115 1536 3170 hac
1565 3113 1720 3203 exire
1740 3112 1880 3203 jussi
1915 3128 2016 3167 no-
2033 3142 2080 3203 ο

398 3208 606 3272 lentes,
635 3209 804 3280 culpa
831 3223 932 3263 sua
977 3207 1090 3262 tale
1135 3204 1452 3278 periculum
1495 3202 1704 3258 merito
1735 3201 2017 3258 sustinue-

401 3300 556 3353 runt.
584 3298 862 3354 Bolizlaus
887 3299 1085 3352 autem
1108 3295 1219 3350 hoc
1271 3294 1489 3348 factum
1535 3307 1659 3347 esse
1712 3289 1845 3345 dolo
1876 3287 2014 3344 mali

400 3385 622 3443 consilii
647 3390 978 3454 autumans,
1010 3383 1172 3458 gravi
1190 3398 1422 3438 merore
1450 3379 1830 3446 consumitur,
1864 3377 2012 3449 regi,

399 3475 557 3547 quod
610 3491 728 3532 non
778 3474 1122 3547 promeruit,
1165 3471 1530 3546 imputanda.
1572 3468 1829 3524 Salutato
1873 3482 2012 3537 ergo

396 3563 664 3620 Heinrico
694 3564 872 3636 (620),
899 3566 958 3618 et
989 3562 1034 3618 si
1059 3577 1341 3634 umquam
1367 3559 1653 3630 indigeret
1679 3555 1888 3611 auxilio
1910 3571 2011 3608 suo

396 3652 643 3708 firmiter
666 3651 974 3725 promisso,
1005 3651 1259 3724 patriam
1289 3647 1554 3704 celeriter
1581 3643 1802 3700 revisit.
1837 3643 2010 3698 Cum-

398 3758 512 3815 que
535 3741 890 3816 pervenisset
913 3739 988 3796 ad
1015 3738 1264 3795 Strelam
1295 3737 1523 3802 urbem,
1569 3731 1834 3804 protinus
1878 3745 2012 3785 eam

396 3830 732 3900 incendens,
764 3843 1042 3901 magnam
1079 3823 1514 3882 multitudinem
1559 3817 2013 3891 comprovincia-

398 3919 542 3975 lium
597 3935 789 3976 secum
843 3915 1102 3982 abduxit,
1155 3911 1400 3968 nuncios
1449 3925 1679 3983 quoque
1727 3907 2010 3979 quosdam

396 4009 724 4074 remittens,
754 4019 1148 4078 quoscumque
1199 3999 1389 4072 potuit
1436 3997 1561 4070 regi
1585 3999 1844 4052 avertere
1870 4011 2008 4050 con-

396 4093 604 4152 tendit.
636 4092 803 4158 Quod
831 4107 967 4147 mox
997 4090 1072 4146 ad
1100 4105 1266 4145 aures
1292 4087 1445 4160 regis
1476 4088 1784 4160 postquam
1809 4100 2008 4156 perve-

401 4181 508 4250 nit,
539 4197 672 4236 suos
706 4179 1025 4236 familiares
1051 4175 1347 4234 caritative
1368 4173 1616 4247 rogavit,
1647 4176 1710 4228 ut
1729 4172 2010 4228 archanas

401 4270 489 4326 Sel
497 4269 584 4325 avi
602 4269 838 4325 insidias
853 4268 1279 4342 perquirerent,
1301 4268 1361 4322 et
1377 4264 1423 4320 si
1439 4263 1564 4320 ﬁeri
1584 4265 1799 4338 posset,
1821 4263 2011 4334 explo-

399 4360 621 4415 ratores
649 4358 773 4431 ejus
797 4373 1004 4430 capere
1031 4357 1408 4429 temptarent.

453 4449 562 4516 ‘ll.
599 4453 898 4528 Dispositis
913 4453 1109 4526 itaque
1130 4450 1420 4520 omnibus,
1433 4451 1608 4525 prout
1623 4452 1856 4522 tempus
1874 4451 2012 4503 tunc

2123 2055 2370 2110 exterius
2400 2073 2532 2110 vero
2583 2072 2760 2127 prOpe
2799 2057 2973 2112 modo
3013 2057 3390 2124 insaciabiles,
3440 2077 3578 2114 cum
3611 2061 3740 2114 vici-

2121 2160 2329 2198 norum
2363 2144 2556 2216 fruges
2585 2144 2636 2198 vi
2661 2143 2996 2215 diriperent,
3031 2161 3241 2218 eosque
3273 2147 3384 2201 hoc
3417 2147 3742 2203 defenden-

2122 2236 2204 2286 tes
2231 2243 2300 2274 σου
2327 2233 2635 2300 crederent,
2659 2250 2854 2305 pugna
2882 2234 3220 2304 gravissima
3261 2235 3518 2291 invicem
3557 2239 3739 2292 oritur

2117 2321 2294 2392 (624).
2320 2321 2628 2376 Domestici
2649 2323 2800 2394 regis
2825 2327 3033 2377 exeunt
3058 2331 3151 2390 910,
3175 2323 3471 2395 indigenae
3490 2341 3626 2380 cum
3644 2327 3736 2381 ad-

2118 2409 2368 2463 ventitiis
2407 2410 2750 2480 proveniunt
2791 2414 2848 2465 et
2877 2413 3322 2482 subsequuntur.
3359 2411 3448 2466 Fit
3482 2429 3729 2485 magnus

2118 2498 2418 2552 conﬂictus
2477 2498 3004 2570 congredientium,
3052 2499 3458 2571 devictumque
3514 2517 3727 2572 agmen

2119 2585 2500 2641 Bawariorum
2527 2587 2584 2640 in
2615 2587 2874 2658 regalem
2915 2591 3135 2642 curtem
3167 2587 3334 2659 fugit.
3374 2587 3473 2642 Hic
3511 2590 3726 2644 Heinri-

2117 2692 2236 2743 cus,
2267 2675 2446 2730 frater
2482 2676 2718 2730 Eilberti
2751 2676 3077 2730 cancellarii
3112 2679 3280 2746 (6235),
3315 2677 3414 2749 qui
3448 2678 3523 2732 ad
3567 2695 3724 2733 men-

2116 2780 2240 2819 sam
2271 2765 2394 2836 rogi
2420 2763 2640 2836 jugiter
2668 2765 2972 2832 serviebat,
3003 2765 3168 2820 basta
3197 2767 3534 2820 vulneratus
3561 2783 3722 2821 occu-

2117 2851 2259 2907 buit.
2286 2852 2670 2926 Quapropter,
2705 2852 2802 2925 qui
2830 2853 2988 2924 prius
3010 2853 3275 2920 aberant,
3302 2855 3530 2909 collecti
3555 2857 3722 2910 Saxo-

2115 2957 2218 2995 nes
2247 2941 2456 2995 iterum
2486 2941 2841 3009 insecuntur,
2866 2945 2925 2996 et
2952 2941 3011 2996 ni
3037 2941 3148 2996 dux
3181 2943 3555 2998 Bernhardus
3595 2960 3720 2998 cum

2113 3028 2371 3083 validiori
2397 3044 2576 3084 manu
2606 3028 2830 3084 medius
2855 3029 3251 3096 interveniret,
3279 3047 3562 3086 numerus
3581 3032 3722 3086 mili-

2114 3120 2239 3172 tum
2261 3117 2522 3172 inlinitus
2549 3122 2751 3174 mutuo
2777 3118 3029 3174 caderet.
3071 3120 3204 3174 Post
3229 3119 3353 3174 hzec
3381 3124 3581 3175 autem
3605 3138 3718 3175 cas-

2112 3205 2278 3277 tigati
2329 3210 2462 3260 sunt
2509 3223 2732 3274 omnes,
2779 3207 3128 3279 quicumque
3173 3207 3421 3262 inveniri
3455 3211 3719 3280 poterant

2113 3294 2259 3350 tanti
2307 3294 2535 3350 sceleris
2566 3299 2850 3350 auctores.
2885 3296 3188 3351 Mestitiam
3220 3297 3485 3368 praesulis
3528 3301 3716 3368 postea

2112 3382 2356 3456 placavit
2377 3383 2820 3439 Bockenevorde
2842 3383 2989 3457 (626)
3021 3400 3055 3439 a
3085 3400 3222 3454 rege
3253 3383 3491 3439 tradita.

2188 3471 2273 3527 l2.
2301 3472 2418 3526 Rex
2448 3476 2644 3528 autem
2683 3475 2844 3528 recto
2885 3472 3091 3528 itinere
3137 3472 3273 3528 hinc
3319 3472 3396 3528 ad
3437 3472 3715 3546 Diusburg

2111 3561 2454 3634 perveniens
2485 3562 2655 3633 (Aug.
2679 3561 2867 3634 med.),
2899 3561 3326 3617 Liutharienses
3344 3579 3524 3634 quam
3555 3563 3706 3618 tarde

2111 3653 2422 3720 exspectat.
2464 3651 2824 3706 Leodicensis
2853 3667 2986 3706 vero
3036 3654 3094 3705 et
3125 3650 3560 3706 Cameracensis
3594 3667 3711 3722 pre-

2109 3740 2258 3793 sules
2283 3738 2454 3810 primi
2485 3739 2596 3794 huc
2640 3739 2958 3807 venientes,
2993 3739 3502 3812 archiepiscopum
3557 3741 3707 3796 Colo-

2111 3826 2372 3882 niensem
2390 3828 2488 3882 diu
2503 3831 2828 3883 morantem
2848 3827 3394 3899 exspectant.Quem
3409 3847 3544 3884 cum
3557 3829 3708 3884 altius

2109 3933 2285 3988 quam
2318 3915 2620 3988 quisquam
2651 3916 2936 3978 crederet,
2962 3915 3373 3988 custodia,qua
3397 3918 3704 3988 paululum,

2109 4003 2253 4058 sicut
2273 4004 2401 4075 jam
2432 4003 2566 4071 dixi,
2599 4004 3061 4074 detinebatur,in
3090 4004 3304 4059 mentis
3324 4009 3546 4060 secreto
3563 4020 3703 4060 mor-

2109 4093 2292 4161 deret,
2322 4093 2631 4148 simulabat
2656 4110 2714 4148 se
2744 4094 2818 4148 ob
2844 4095 2954 4148 hoc
2983 4096 3105 4148 tam
3134 4110 3264 4149 sero
3291 4094 3368 4149 ad
3399 4095 3553 4167 regis
3585 4109 3702 4166 gra-

2109 4181 2251 4236 tiam
2281 4181 2600 4251 accessisse,
2626 4181 2783 4254 quod
2829 4182 2889 4236 in
2927 4180 3267 4253 accipienda
3305 4183 3696 4238 benedictione

2107 4269 2508 4342 Moguntinum
2531 4269 2639 4325 sibi
2659 4285 2757 4324 rex
2772 4269 3041 4325 voluisset
3061 4285 3414 4342 proponere.
3429 4271 3604 4343 Igitur
3629 4267 3699 4324 bii

2112 4356 3159 4429 confratres,episcopiscilicet,regem
3176 4360 3402 4429 pariter
3419 4359 3701 4432 eligentes,

2113 4446 2405 4520 ﬁdemque
2431 4445 2806 4502 sacramentis
2844 4445 3146 4502 firmantes
3185 4462 3367 4519 usque
3403 4446 3480 4503 ad
3513 4445 3698 4518 Aquis-

1710 4597 1949 4656 VARLE
2000 4597 2292 4656 LECTION
2299 4598 2402 4656 ES.

473 4738 540 4778 ουτ
580 4734 656 4790 ita
674 4730 753 4792 Α.
771 4727 840 4790 S.
865 4727 1183 4788 thoitmaro
1218 4732 1272 4787 2.
1313 4734 1384 4792 σοι
1413 4722 1710 4800 Willigisio
1739 4724 1794 4782 2.
1826 4730 1898 4769 οοο
1925 4720 2299 4798 prohibentes
2334 4720 2416 4784 Α.
2443 4719 2509 4780 S.
2537 4729 2609 4767 οίο
2633 4716 3048 4796 superveniunt
3080 4721 3160 4781 Α.
3191 4719 3258 4780 S.

1951 4845 2180 4902 NOTIE.

498 4976 1236 5050 618)V.supra_c_ap.2.__
1353 5042 1391 5050 _
1435 5041 1450 5050 _
1519 5040 1534 5050 ,
1615 5038 1626 5050 ,
1703 5041 1714 5050 ,
1793 5038 1804 5049 ,

497 5040 624 5106 619)
667 5040 870 5106 Frater
904 5040 1132 5102 videtur
1158 5041 1328 5099 fuisse
1353 5040 1630 5097 Boleslavi
1659 5040 1940 5095 uterinus.

479 5110 635 5196 (620')
661 5121 765 5196 _Sc.
797 5117 1077 5196 comites.
1115 5113 1453 5196 _marcbione
1475 5110 1762 5196 bavvariae.

478 5178 632 5258 (‘62U'
661 5178 835 5248 Error
861 5189 954 5246 hic
984 5187 1208 5262 videtur
1225 5182 1802 5262 singularis,_(procul
1836 5178 2010 5262 dubio

407 5251 496 5324 ab‘
524 5251 942 5337 interpolatore
995 5251 1356 5337 commissus,
1406 5254 1533 5337 qui.
1713 5251 1913 5337 qmnia
1941 5251 2012 5332 de

409 5323 655 5394 corbeia
679 5323 1263 5408 addidisse__videtur,
1315 5323 1448 5383 cuni
1505 5323 1880 5408 Adelbol'dus,
1913 5323 2010 5404 qui

403 5408 802 5466 Tbietmarum
828 5402 1104 5469 sequitur,
1136 5395 1380 5457 GruOnaa
1418 5397 1683 5468 reginam
1733 5395 2008 5469 Heinrico

407 5465 720 5536 occurrisse
770 5465 942 5532 dicat.
1004 5465 1140 5538 W.).
1193 5472 1340 5526 Nam
1394 5465 1758 5524 Thietmarus
1809 5465 2006 5532 abbas,

403 5548 721 5605 Thietmari
766 5544 948 5602 nostri
985 5546 1242 5614 patruus,
1284 5557 1438 5614 anno
1487 5542 1673 5614 71091,
1703 5538 1862 5614 Mart.
1909 5539 2007 5614 _l_2,

409 5619 565 5673 diem
597 5632 933 5685 supremum
955 5607 1082 5685 jam
1103 5607 1262 5685 obiit.
1286 5611 1352 5666 V.
1375 5611 1522 5685 Fasti
1541 5607 2012 5685 _Cgrbeiens._Ne-

409 5688 554 5746 crol.
576 5677 738 5745 Fuid.
761 5690 822 5744 et
844 5677 1066 5744 Luneb.
1103 5682 1464 5740 Successerat
1503 5679 1558 5736 ei
1587 5679 1777 5736 llosed
1803 5677 2006 5735 abbas.

2112 4965 2174 5021 V.
2193 4980 2438 5040 quoque
2449 4966 2711 5040 chartam
2731 4965 2976 5040 Heinrici
3004 4965 3157 5040 regis
3183 4967 3256 5040 de
3279 4969 3438 5034 l002,
3462 4971 3597 5040 Aug.
3618 4964 3690 5019 24.

2181 5035 2524 5106 (622Γοοηῒ.
2555 5039 2706 5092 Ann.
2741 5035 3160 5104 Quedlind.,'a.
3200 5037 3365 5096 1002.

2181 5109 2323 5176 (623)
2358 5107 2522 5162 Conf.
2555 5107 2698 5166 ibid.

2186 5179 2326 5247 (624)
2354 5178 2492 5233 Vide
2526 5177 2670 5233 ibid.

2141 5319 2152 5330 ο
2181 5249 2325 5321 (625)
2357 5247 2464 5313 Qui
2488 5253 2690 5323 postea
2715 5248 2898 5304 factus
2934 5251 3021 5304 est
3054 5249 3357 5324 episcopus
3387 5247 3682 5319 Frisingen-

2109 5338 2202 5375 818.

2179 5392 2329 5463 (626)
2355 5389 2774 5463 Bockenforde,
2793 5390 2926 5463 villa
2957 5392 3336 5461 parrochialis
3363 5394 3422 5448 in
3454 5388 3680 5463 districta

2105 5459 2420 5543 Arns‘berg,
2453 5462 2796 5543 prmfectura
2825 5459 3143 5543 Lippstadt.
3173 5465 3368 5543 Exstat
3390 5464 3573 5543 charta

2107 5532 2389 5604 peratoris
2417 5532 2588 5606 super
2615 5535 2721 5589 bac
2751 5532 3064 5590 donatione
3095 5551 3150 5591 a.
3179 5539 3339 5606 1005,
3385 5532 3573 5591 Octob.
3600 5533 3675 5596 2t,

2109 5604 2366 5660 Corbeiaa
2388 5604 2544 5660 data.

2109 5604 2366 5661 Corbeiaa
2388 5604 2544 5661 data.
