3900 6216
416 421 516 476 295

1359 411 1723 468 THlETMABl
1753 411 2067 467 EPISCOPI
2107 412 2422 468 MERSEBU
2432 411 2716 467 RGENSIS

3570 424 3718 477 I296

415 544 528 599 dux
559 544 618 597 et
641 537 1058 596 Veronensium
1084 554 1298 605 comes,
1329 555 1460 593 cum
1487 537 1769 593 Heriberti
1799 537 2024 592 comitis
2047 543 2100 601 Α
2130 537 2424 609 utrimque
2463 537 2636 593 fortia
2665 535 2904 609 agmina
2925 536 3144 610 impetu
3173 539 3534 610 vehementi,
3567 547 3627 598 et
3643 545 3747 604 nisi

415 631 532 686 filio
556 631 764 686 Ottone
783 632 841 682 et
863 629 1122 693 Ernasto,
1143 627 1401 697 Liupoldi
1418 635 1488 669 οιτ
1510 625 1860 681 marchionis
1881 624 2020 690 ﬁlio,

415 734 547 774 cum
596 718 721 773 aliis
760 716 952 788 paucis
984 717 1058 770 ob
1091 731 1252 786 spem
1287 716 1524 786 majoris
1550 714 1740 769 auxilii
1772 715 1844 768 ab
1872 713 2024 767 ltalis

414 805 703 878 promissi,
735 821 769 859 a
786 821 923 876 rege
943 803 1228 873 dirigitur.
1255 802 1390 866 Quis
1417 807 1614 857 autem
1637 801 1729 856 ille
1756 801 1866 854 dux
1891 799 2021 854 Otto

414 894 607 960 fuerit,
667 893 802 965 quia
859 891 1118 963 superius
1154 890 1375 958 relicui,
1424 890 1674 945 breviter
1713 887 2019 942 intimabo.

415 983 513 1038 Hic
535 983 764 1054 igitura
787 979 1053 1035 Conrado
1087 979 1228 1032 duce
1261 983 1319 1033 et
1352 978 1696 1050 Liudgarda,
1728 975 1846 1030 filia
1866 975 2022 1029 Otto-

414 1071 502 1126 nis
531 1069 792 1136 maximi,
823 1071 1180 1141 procreatus,
1207 1083 1438 1122 morum
1459 1067 1739 1137 gravitate
1765 1068 2023 1119 actuum-

413 1176 525 1232 que
547 1158 836 1232 probitate
863 1157 1224 1230 parentelam
1251 1172 1414 1210 suam
1435 1154 1744 1210 decorabat
1759 1154 1930 1223 (630).
1955 1151 2022 1204 Et

411 1265 542 1304 cum
575 1251 704 1320 post
728 1249 981 1303 mortem
1009 1245 1216 1300 cesaris
1237 1245 1370 1316 jure
1402 1241 1913 1313 consanguinitatis
1963 1243 2020 1294 et

409 1336 594 1392 aetatis
640 1337 1031 1405 virtutumque
1065 1332 1400 1387 maturitate
1457 1332 1528 1386 ab
1573 1330 1836 1384 Heinrico
1881 1331 2018 1382 tunc

408 1425 552 1480 duce
583 1425 641 1478 in
674 1439 874 1494 regem
905 1421 1237 1493 aligeretur,
1271 1421 1622 1489 tantumhoc
1653 1435 1796 1472 onus
1825 1415 2015 1470 humi-

404 1513 538 1567 liter
571 1527 864 1576 excusans,
895 1509 1144 1564 eundem
1167 1509 1390 1579 primus
1410 1524 1512 1579 per
1532 1505 1927 1562 internuncios
1950 1521 2015 1560 ac

406 1617 510 1673 per
539 1617 598 1655 se
623 1600 813 1670 ipsum
839 1598 1001 1670 quasi
1022 1597 1094 1652 ad
1115 1598 1238 1651 haec
1260 1596 1547 1668 aptiorem
1567 1595 1670 1650 sibi
1695 1594 2009 1667 preposuit,

401 1688 764 1760 ﬁdeliterque
790 1701 1022 1756 semper
1063 1685 1298 1756 adjuvit.
1352 1685 1509 1739 Hunc
1543 1701 1610 1739 ex
1659 1688 1820 1756 parte
1859 1682 2010 1754 regis

401 1776 755 1843 venientem,
785 1773 1394 1845 archiepiscopumque
1427 1774 1713 1828 Ravennae
1744 1771 2012 1826 Fritheri-

2127 627 2614 681 Tlieutonicorum
2640 636 2711 669 οη
2730 627 2911 681 aciem
2928 627 3178 682 hostium
3200 631 3611 686 numerositati
3633 634 3744 688 im-

2127 733 2325 786 parem
2361 717 2498 786 fuga
2527 715 2773 782 Ottonis,
2803 715 3072 786 germani
3103 717 3346 787 presulis
3389 719 3738 786 Gebehardi,

2126 804 2385 857 turbaret
2413 809 2470 858 et
2493 804 2820 874 impediret,
2839 804 3132 859 victricem
3157 821 3290 861 eam
3302 807 3488 862 hostis
3511 808 3738 880 Longo-

2126 891 2334 944 bardus
2365 892 2651 948 sensisset.
2677 893 2820 946 Tum
2851 901 2922 935 m
2947 909 3079 948 vero
3095 910 3162 948 ex
3181 911 3401 966 magna
3421 899 3592 966 parte
3617 914 3737 952 mu-

2123 977 2304 1045 tilata,
2339 997 2441 1051 pro
2473 981 2660 1052 pudor
2688 980 2701 1034 !
2736 981 2978 1048 ceditur,
3013 986 3070 1036 et
3089 982 3343 1038 victoriae
3374 984 3736 1057 honorepri.

2122 1071 2303 1132 vatur,
2331 1070 2431 1122 sed
2466 1086 2582 1124 non
2607 1069 2729 1124 sine
2755 1071 3008 1124 maximo
3040 1071 3308 1143 Hartwigi
3350 1073 3730 1131 detrimento.

2197 1159 2281 1214 l7.
2319 1159 2542 1211 Interea
2570 1175 2705 1229 rege
2743 1175 2777 1213 a
2807 1159 3062 1214 Bawaria
3091 1176 3322 1230 egresso
3351 1164 3414 1214 et
3445 1163 3502 1216 in
3553 1163 3731 1220 Fran-

2121 1242 2982 1302 kanavordimincarnationem
3000 1247 3352 1302 dominicam
3368 1249 3724 1319 celebrante,

2120 1333 2436 1386 multorum
2449 1333 2767 1403 legationes
2778 1335 2830 1388 ei
2856 1335 3214 1406 deferuntur;
3229 1336 3328 1408 qui
3347 1337 3523 1408 legati
3541 1339 3728 1410 primo

2119 1419 2369 1491 benigne
2388 1421 2801 1487 auditi,dchinc
2816 1423 3054 1493 largiter
3071 1425 3382 1494 munerati,
3405 1441 3622 1480 omnes
3635 1443 3730 1480 re-

2116 1513 2416 1564 vertuntur
2431 1511 2549 1565 leti.
2569 1511 2648 1565 lbi
2663 1528 2892 1584 quoque
2913 1511 3024 1566 dux
3045 1511 3431 1568 Herimannus
3446 1523 3522 1556 ⁸³⁸
3541 1515 3728 1570 humi-

2113 1597 2244 1650 liter
2269 1598 2390 1668 regi
2426 1598 2760 1664 famulatur,
2793 1603 2852 1652 et
2880 1599 2952 1654 ab
3000 1615 3068 1654 eo
3102 1600 3423 1668 caritative,
3458 1605 3525 1656 ut
3551 1603 3723 1657 talem

2113 1684 2301 1739 decuit
2331 1703 2662 1757 personam,
2696 1687 2961 1742 habetur.
2991 1687 3128 1742 Inde
3158 1705 3256 1742 rex
3277 1690 3588 1746 discedens
3606 1693 3720 1746 Mu-

2110 1774 2438 1828 selenorum
2466 1791 2680 1846 pagum
2711 1775 2975 1844 visitavit,
3007 1780 3066 1830 et
3085 1777 3157 1831 ad
3185 1777 3716 1834 Theodonisvillam

399 1881 532 1920 cum
573 1881 704 1920 cum
758 1863 1093 1918 marchione
1141 1861 1442 1917 Tbiedolfo
1495 1863 1639 1923 (63l)
1689 1857 2080 1931 ceterisqueB
2110 1859 2257 1932 (633)
2290 1863 2542 1929 veniens,
2593 1864 2867 1933 generale
2913 1863 3131 1918 ibidem
3176 1866 3536 1937 colloquium
3585 1884 3716 1923 cum

397 1953 549 2026 regis
577 1952 840 2007 fidelibus
879 1951 932 2006 ei
967 1951 1041 2006 ad
1071 1950 1345 2005 auxilium
1378 1953 1800 2015 occurrentem,
1836 1948 2009 2002 Hart-

396 2041 593 2114 wigius
616 2040 675 2096 in
705 2039 898 2096 medio
929 2039 1147 2112 positus
1176 2038 1488 2110 linceisque
1511 2037 1688 2092 oculis
1733 2037 1826 2100 (cf.
1863 2037 2002 2090 lion.

393 2128 570 2186 Serm.
603 2145 644 2197 ι,
676 2133 730 2197 2,
759 2131 849 2196 90)
889 2127 1089 2184 omnia
1118 2129 1472 2199 perlustrans
1501 2135 1572 2168 οιε
1601 2141 1734 2181 cum
1765 2141 2004 2196 compe-

395 2217 558 2286 riret,
579 2217 654 2274 ad
683 2216 1193 2289 interrumpendos
1215 2232 1312 2270 eos
1333 2215 1623 2270 Veronam
1642 2229 1774 2268 cum
1791 2230 2006 2285 magna

396 2307 768 2363 multitudine
801 2305 978 2372 venit,
1024 2306 1286 2376 lusasque
1327 2304 1399 2359 ab
1441 2303 1708 2374 episcopo
1744 2302 2006 2373 ejusdem

398 2397 641 2452 civitatis
660 2396 772 2451 huc
801 2411 980 2468 usque
1003 2394 1258 2448 munitas
1283 2392 1669 2464 expugnando
1695 2392 1865 2463 cepit.
1890 2394 2005 2444 Au-

398 2484 564 2541 diens
592 2486 810 2551 autem,
841 2483 1184 2537 Teutonicos
1221 2481 1282 2536 in
1308 2480 1565 2535 Tridenti
1590 2479 1828 2550 planitie
1875 2495 2008 2534 con-

398 2575 634 2638 sedisse,
651 2573 749 2628 illo
771 2573 1066 2643 properat,
1089 2573 1148 2624 et
1177 2586 1275 2624 eos
1295 2585 1412 2624 non
1436 2567 1761 2634 inveniens,
1793 2567 2006 2623 iterum

399 2663 562 2718 velox
583 2676 643 2714 se
673 2658 733 2713 in
761 2656 1140 2729 Campaniam
1171 2657 1561 2711 Veronensem
1594 2655 1742 2728 (623)
1767 2655 2003 2727 recepit.

400 2750 526 2814 Quo
549 2747 855 2804 dominicae
879 2745 1191 2801 nativitatis
1215 2745 1363 2800 festa
1392 2744 1450 2800 in
1487 2745 1742 2817 quodam
1772 2747 2005 2800 castello

398 2837 728 2894 celebrante
756 2843 850 2902 οιο,
883 2835 1014 2889 Otto
1043 2834 1156 2889 dux
1187 2833 1386 2888 omnia
1413 2835 1536 2905 ejus
1565 2837 1692 2888 acta
1722 2837 1785 2888 ut
1815 2834 2005 2904 primo

399 2924 698 2992 intellexit,
729 2925 950 2995 legatos
979 2922 1086 2978 sibi
1114 2922 1408 2978 licentiam
1438 2923 1776 2978 transeundi
1811 2927 1912 2978 aut
1939 2941 2006 2979 ex

398 3031 502 3070 sua
531 3015 695 3086 parte
717 3010 1034 3083 accipiendi
1066 3011 1422 3082 postulantes
1449 3009 1625 3066 misit.
1667 3010 1784 3066 iiiis
1813 3011 2007 3082 petitis

400 3119 468 3158 ex
478 3101 768 3176 profunda
789 3099 1098 3156 calliditate
1115 3098 1295 3154 animi
1319 3099 1639 3171 Hartwigus
1670 3099 1962 3170 respondit
1987 3116 2000 3154 :

2107 1951 2686 2020 comprovincialibus
2706 1951 2906 2006 habuit
2935 1957 3046 2018 (an.
3076 1956 3256 2025 1003).
3291 1955 3452 2026 Rege
3465 1972 3604 2011 vero
3619 1957 3724 2010 ibi-

2109 2037 2242 2091 dem
2269 2039 2538 2092 omnibus
2551 2040 2742 2111 aliqua
2771 2042 3108 2097 necessitate
3136 2044 3544 2099 laborantibus
3561 2045 3722 2101 beni-

2107 2141 2220 2196 gne
2249 2127 2439 2198 legem
2467 2128 2605 2182 dare
2632 2128 2919 2200 cupiente,
2959 2131 3353 2188 Merimannus
3372 2149 3439 2188 ac
3462 2133 3721 2188 Theode-

2106 2213 2255 2269 ricus
2287 2217 2408 2269 solo
2443 2215 2678 2271 nomine
2712 2217 2902 2284 duces,
2935 2218 3036 2272 sed
3076 2235 3194 2275 non
3225 2236 3312 2288 re,
3345 2222 3720 2293 temptabant

2106 2306 2215 2360 hoc
2246 2304 2552 2374 impedire,
2572 2305 2672 2360 sed
2686 2305 2898 2361 frustra
2925 2316 3018 2375 ω,
3041 2309 3318 2364 continuo
3351 2311 3724 2366 animadver-

2108 2394 2294 2446 tentes
2316 2393 2534 2448 auctori
2557 2393 2795 2464 justitiaa
2825 2411 2884 2449 se
2911 2396 3124 2451 merito
3145 2398 3546 2454 succumbere.
3584 2399 3720 2454 Nam

2109 2497 2203 2534 rex
2232 2481 2527 2552 quoddam
2575 2483 2874 2537 castellum
2920 2483 3098 2551 ducis,
3141 2485 3434 2558 Mulsberg
3463 2487 3720 2556 (634)(1ἰ·

2108 2572 2286 2636 ctum,
2314 2569 2388 2624 ob
2419 2571 2736 2624 instantem
2762 2571 2935 2626 totius
2964 2573 3160 2644 populi
3188 2575 3603 2630 necessitatem
3626 2576 3721 2630 de-

2109 2657 2244 2711 strui
2258 2661 2335 2723 ,et
2350 2662 2410 2712 ut
2427 2674 2748 2729 numquam
2774 2659 3228 2729 reediﬁcaretur,
3247 2661 3508 2717 ﬁrmiter
3527 2679 3721 2734 prece-

2109 2745 2211 2818 pit.
2241 2746 2357 2799 Hiis
2385 2745 2598 2818 absque
2625 2747 2949 2802 remotione
2968 2757 3040 2790 980
3060 2748 3222 2803 omni
3245 2750 3624 2821 peractis,rex
3650 2751 3717 2805 ad

2107 2835 2465 2905 Aquasgrani
2499 2835 2609 2889 iter
2639 2835 2917 2906 disposuit
2945 2837 3096 2906 (Jan.
3132 2839 3216 2904 24)
3248 2841 3314 2892 ut
3343 2839 3426 2893 ibi
3452 2839 3716 2894 anniver-

2109 2923 2325 2977 sarium
2377 2922 2601 2978 domini
2644 2927 2702 2978 et
2757 2926 3134 2980 antecessoris
3178 2927 3266 2980 sui
3325 2929 3477 2998 (635)
3516 2927 3714 2983 cesaris

2108 3027 2340 3065 summa
2364 3011 2666 3083 diligentia
2692 3013 3036 3084 compleret,
3064 3013 3564 3072 etLiutharienses
3581 3033 3717 3071 una-

2109 3098 2346 3154 nimiter
2374 3100 2962 3166 convenirent.Quem
2989 3103 3248 3174 quamvis
3279 3105 3582 3175 paululum
3603 3109 3704 3160 tar-

401 3171 514 3248 Hic
534 3194 866 3264 pernoctate,
895 3195 956 3243 ut
998 3205 1118 3244 cum
1168 3204 1404 3243 meorum
1450 3191 1742 3243 amicorum
1788 3189 2004 3244 consilio
2027 3171 2073 3230 C
2111 3187 2276 3241 daret
2297 3187 2529 3242 interim
2545 3188 3294 3257 innatainﬁrmitas,tamen
3315 3193 3392 3247 ad
3411 3194 3715 3264 perﬁcien-

397 3298 490 3339 vos
529 3281 759 3336 crastino
810 3278 876 3334 de
927 3278 1034 3333 hiis
1081 3277 1324 3333 omnibus
1365 3283 1535 3332 certos
1577 3279 1867 3333 remittam.
1907 3277 2004 3330 llle

400 3367 854 3438 autem,nunciis
885 3376 956 3409 οπο
984 3366 1193 3421 nostris
1217 3365 1274 3420 id
1298 3365 1718 3438 ignorantibus,
1747 3382 1852 3438 per
1875 3382 2003 3420 om-

399 3474 535 3514 nem
558 3473 688 3512 eam
705 3459 936 3512 noctem
957 3454 1325 3527 singulariter
1343 3471 1475 3509 suos
1495 3453 1552 3508 in
1571 3453 1769 3509 castris
1790 3453 2006 3525 positos

398 3547 846 3618 circumquaque
879 3546 1252 3616 perlustrans,
1297 3542 1371 3597 ad
1417 3542 1783 3614 preliandum
1829 3557 2004 3596 mane

399 3640 603 3691 contra
621 3633 963 3690 Teutonicos
981 3635 1243 3688 mentem
1265 3639 1332 3674 οιι
1361 3631 1739 3686 corroborare
1771 3633 1828 3684 et
1844 3646 2009 3684 arma

394 3739 707 3797 preparare
725 3720 1231 3778 monet.lProxima
1246 3719 1502 3790 primum
1525 3718 1747 3773 oriente
1771 3734 2002 3786 aurora,

399 3812 574 3882 legati
616 3811 775 3866 ducis
811 3809 1071 3882 responsi
1098 3807 1286 3880 gratia
1321 3822 1522 3876 regem
1549 3814 1620 3848 ου
1656 3807 2004 3876 aggressuri,

400 3917 533 3957 cum
557 3898 968 3972 Langobardos
989 3893 1223 3950 militari
1260 3909 1438 3948 manu
1466 3910 1678 3965 pugnae
1706 3893 2008 3950 intendere

402 3993 676 4045 eventum
695 3987 1022 4046 cernerent,
1036 3983 1222 4053 ipsum
1239 3981 1378 4052 quid
1395 3980 1502 4036 hoc
1515 3981 2007 4054 signiﬁcaretper-

402 4078 760 4140 cunctantes,
791 4075 1010 4127 certam
1028 4070 1297 4124 adversus
1313 4069 1519 4124 ducem
1533 4071 2008 4142 congressionem

397 4164 541 4236 jussi
568 4162 727 4216 abire
744 4161 1146 4232 perceperunt.
1178 4157 1331 4222 Quos
1353 4158 1670 4232 Hartwigus
1697 4176 1829 4215 cum
1846 4177 2006 4216 exer-

405 4252 521 4307 citu
547 4266 699 4323 pone
724 4256 799 4291 m
846 4249 1090 4314 secutus,
1124 4247 1198 4302 ad
1228 4246 1576 4318 Ungaricum
1615 4257 1686 4292 ⁸³³
1718 4253 2006 4318 montem,

405 4339 504 4394 ubi
539 4338 652 4394 dux
681 4352 814 4392 cum
836 4334 952 4390 suis
971 4335 1194 4406 legatos
1221 4336 1578 4406 expectabat,
1600 4338 1718 4394 sole
1732 4338 1858 4409 jam
1883 4353 2008 4392 me-

2108 3279 2245 3330 dum
2270 3277 2412 3346 justi
2438 3277 2704 3332 desiderii
2725 3278 3092 3350 propositum
3113 3279 3323 3334 Christi
3353 3281 3435 3336 illi
3453 3283 3714 3354 aspiravit

2106 3364 2254 3420 vires
2282 3365 2589 3420 ineﬁ‘abilis
2612 3365 2815 3438 pietas.
2835 3367 2980 3422 Dein
3001 3367 3333 3438 Traiectum
3359 3369 3510 3440 (636)
3523 3387 3713 3426 amore

2107 3453 2285 3508 sancti
2316 3453 2809 3524 presulisServatii
2827 3455 3161 3523 veniens,de
3175 3457 3362 3526 prelio
3389 3462 3709 3514 nostrorum

2108 3543 2258 3596 male
2287 3545 2544 3613 pugnato
2574 3543 2806 3608 (Honxr.
2830 3559 2872 3606 1,
2896 3546 2983 3610 24,
3012 3545 3096 3613 l9)
3125 3543 3203 3598 ibi
3231 3548 3464 3601 certum
3487 3563 3712 3619 compe-

2108 3631 2202 3686 rit.
2227 3631 2294 3684 Et
2325 3629 2460 3702 quia
2487 3648 2684 3698 omne,
2716 3631 2873 3702 quod
2904 3633 3109 3704 nequit
3133 3633 3373 3704 corrigi,
3407 3635 3621 3691 lenitur
3643 3645 3708 3679 ’τι

2109 3718 2416 3790 patiencia,
2440 3718 2702 3790 quamvis
2730 3720 2981 3790 graviter
3001 3725 3197 3775 tamen
3214 3722 3709 3793 Sapienteraudita

2109 3807 2335 3863 sustulit
2362 3808 2754 3864 incommoda.
2777 3809 2916 3864 Inde
2947 3809 3224 3864 Leodium
3249 3810 3326 3865 ob
3351 3809 3708 3883 impetranda

2111 3895 2317 3952 Christi
2367 3896 2598 3950 athletae
2642 3897 2935 3952 Lamberti
2975 3898 3300 3969 patrocinia
3343 3900 3601 3966 veniens,
3639 3900 3707 3955 ibi

2109 3985 2289 4040 colica
2314 3986 2578 4056 passione
2610 3985 2929 4042 admodum
2969 3991 3264 4057 gravatur,
3314 3988 3419 4044 sed
3467 3989 3707 4062 praedicti

2112 4075 2368 4130 martiris
2387 4075 2808 4131 intercessionis
2835 4075 3122 4147 suﬂ'ragiis
3145 4076 3454 4134 liberatur.
3489 4079 3617 4134 Hinc
3639 4078 3704 4132 ad

2110 4163 2472 4234 Aquasgrani
2505 4164 2760 4228 rediens,
2792 4164 3259 4236 puriﬁcationem
3293 4166 3400 4221 Dei
3431 4166 3707 4238 genitricis

2112 4251 2332 4306 ibidem
2359 4253 2766 4308 venerabiliter
2810 4254 3058 4326 peregit.
3105 4253 3247 4308 Inde
3280 4254 3358 4309 ad
3400 4255 3706 4328 Niumagun

2111 4340 2254 4410 (637)
2279 4356 2638 4408 commeans,
2653 4342 2914 4414 pluribus
2935 4343 3139 4398 diebus
3162 4343 3620 4416 quadragesima
3638 4343 3707 4398 ibi

405 4423 926 4498 diante,pervenit,
945 4424 1274 4496 hostesque,
1292 4425 1554 4496 quamvis
1569 4442 1672 4497 per
1688 4425 1927 4481 fodrum
1951 4429 2086 4510 etD
2112 4431 2394 4496 moratur,
2453 4429 2644 4501 primo
2689 4447 2938 4502 regnum
2990 4431 3091 4486 Dei
3139 4431 3545 4506 justitiamque
3597 4434 3704 4504 ejus

403 4517 479 4574 ad
520 4513 923 4572 custodiendas
963 4512 1218 4584 undique
1267 4512 1385 4568 vias
1435 4513 1660 4582 divisos,
1706 4517 1902 4569 tamen
1934 4515 2008 4570 ad

402 4604 789 4664 resistendum
846 4605 1080 4676 paratos
1129 4601 1370 4662 invenit.
1429 4602 1761 4675 Conﬂigunt
1812 4604 2007 4675 itaque

2111 4533 2391 4588 quaerere,
2419 4521 2622 4588 postea
2667 4519 2942 4576 humana:
2988 4519 3298 4591 fragilitati
3343 4521 3581 4578 studens
3607 4538 3704 4578 ne-

2110 4605 2355 4661 cessaria
2378 4622 2708 4678 suggerere.

1719 4691 1954 4746 VARUE
2000 4693 2290 4748 LECTION
2297 4695 2400 4750 ES.

473 4793 544 4829 917
595 4784 828 4840 arnesto
877 4781 974 4852 lup

1021 4778 1138 4835 oldi
1166 4783 1219 4837 2.
1261 4787 1334 4823 οιθ
1371 4782 1710 4836 collustrans
1745 4780 1822 4834 Α.
1854 4779 1918 4836 S.
1953 4789 2025 4823 οη
2062 4782 2375 4838 celebranti
2413 4787 2446 4841 2
2484 4793 2554 4828 οεο
2585 4785 2828 4842 nuncius
2877 4792 2930 4845 2.
2981 4797 3052 4832 οἰ
3108 4792 3184 4846 ita
3239 4792 3435 4848 lacuna
3490 4807 3544 4844 ιη
3599 4788 3697 4846 eod.

402 4861 456 4916 2.
489 4855 736 4931 suppleta
763 4850 1096 4931 exAJS’La.
1135 4854 1291 4931 1903.
1351 4861 1438 4931 γοξι
1470 4851 1832 4931 tyr_anum_A.
1949 4861 2066 4931 __m
2095 4869 2243 4925 pene
2261 4857 2340 4909 ita
2367 4855 2422 4931 _A
2469 4897 2487 4931 ._
2516 4855 2584 4931 S:
2614 4862 2668 4914 2.
2744 4867 2814 4900 9N
2851 4859 3172 4931 Ungarium
3209 4863 3288 4918 Α.
3322 4863 3388 4920 S.
3464 4873 3535 4911 οιι
3568 4865 3696 4918 thet-

401 4922 709 4984 unicérum
892 4931 964 5007 ξπ
991 4923 1211 5007 (ἔμω-2.
1259 4922 1909 5007 ‘f.!7_francl§en£ode__2:
1949 4922 2422 5007 Francpnevorde
2445 4928 2517 4986 Δ.
2539 4927 2603 4984 S.
2637 4945 2690 4984 a.
2718 4932 2876 4986 1003.
2940 4922 3023 4974 ἷη
3053 4932 3408 4990 haremanus
3439 4943 3492 4998 2.
3512 4937 3696 5007 sepiis.

402 5007 474 5043 οπο
548 5014 687 5054 nam
724 4994 850 5052 add.
883 4994 960 5051 A.
999 4993 1064 5050 S.
1140 5003 1214 5038 οιο
1243 4994 1520 5050 dilatione
1547 4994 1625 5050 A.
1658 4992 1716 5048 S.
1793 5001 1863 5036 πί
1888 4993 2097 5050 leniter
2127 4999 2179 5052 2.

1947 5083 2176 5140 ΝΟΤΛΕ.

473 5175 624 5248 (630)
641 5171 858 5248 Similis
871 5171 1220 5248 ferelocutio
1241 5170 1454 5244 legitur
1478 5186 1652 5248 supra
1679 5171 1718 5224 Ι.
1743 5187 1890 5248 i_v,_c_.
1917 5173 2010 5228 26.

475 5239 617 5319 (631)
643 5243 955 5324 Leibnitius
1001 5259 1137 5324 eum
1153 5239 1375 5324 "ipsum
1422 5239 2010 5324 esse—.fl‘heobaldum,

402 5313 576 5374 avum
614 5314 1005 5371 celeberrima:
1061 5313 1368 5376 Mathildis,
1428 5313 1734 5368 comitissm
1773 5314 2012 5383 Tusciae,

401 5385 946 5457 famosissimaeque
975 5384 1348 5457 Hildebrandi
1404 5386 1568 5456 pont.
1607 5399 1768 5457 max.
1799 5387 2011 5457 amica:

401 5460 618 5514 censet.
666 5455 1013 5514 Unsflnfra
1067 5455 1156 5523 Vl,
1199 5459 1252 5510 9.
1314 5455 1549 5510 voeatur
1603 5455 1662 5509 in
1711 5455 1908 5512 codice
1963 5458 2006 5523 Ι,

399 5527 764 5584 Thiedoldus.

473 5600 618 5664 (632)
645 5594 878 5650 lnsolita
904 5594 1138 5662 locutio,
1184 5595 1433 5665 Campos
1481 5595 1838 5652 Veronenses
1858 5613 2008 5652 nanc

404 5665 1042 5735 regionemappellavit
1070 5665 1470 5735 Liudprandus
1493 5667 1561 5732 Il,
1580 5669 1637 5720 Η
1670 5684 1685 5735 ;
1711 5667 2010 5724 Thietma—

408 5732 507 5789 rus
521 5733 644 5802 ipse
661 5732 752 5799 Vl,
770 5732 830 5797 ﬂ,
848 5747 980 5787 eam
999 5732 1250 5805 appellat
1270 5734 1573 5805 planitiem
1589 5732 2004 5795 Veronensem.

2187 5173 2334 5246 (633)
2359 5173 2694 5244 Thionville,
2727 5175 3149 5235 Diedenhofen.
3193 5181 3312 5239 Rex
3345 5184 3425 5240 ibi
3453 5185 3555 5242 fuit
3585 5187 3695 5240 Jan.

2117 5247 2203 5312 l5,
2219 5246 2602 5319 itesteicharta
2623 5248 2884 5319 ejusdem
2896 5292 2908 5305 .

2109 5317 2443 5441 ϐθὲίξῖδῧὲξθ
2491 5317 2602 5372 hoc
2629 5317 2863 5376 castello
2893 5338 2947 5376 v.
2983 5321 3208 5379 Chron.
3242 5325 3495 5385 Gottwic.
3526 5328 3620 5392 t.l,
3645 5341 3692 5395 P.

2177 5459 2326 5598 (635)
2350 5458 2438 5512 Sc.
2465 5459 2700 5516 Ianuar.
2741 5464 2828 5518 24.

2202 5530 2332 5598 636)
2360 5529 2685 5598 'l‘rajectum
2715 5534 2788 5587 ad
2817 5536 2828 5588 l

2202 5530 2332 5598 636)
2360 5529 2685 5598 'l‘rajectum
2715 5534 2788 5587 ad
2817 5535 3056 5592 Mosam.

2176 5601 2321 5684 (237)
2353 5600 2945 5684 NoIvioAmagippnstat
2964 5623 3034 5662 ex
3065 5607 3281 5666 chartis
3307 5627 3505 5684 regem
3539 5607 3690 5666 fuisse

2106 5665 2165 5722 d.
2184 5665 2485 5726 Februarii
2516 5674 2584 5727 23
2605 5665 2665 5728 et
2701 5676 2792 5732 28.
