3900 6216
230 489 335 545 297

1493 480 1929 542 CHRONICON.
1953 514 2027 528 —
2052 483 2183 541 LIB.
2205 482 2271 541 ν.

3377 493 3399 547 1
3411 488 3513 553 298

273 612 362 664 18.
395 608 618 665 Mortuo
638 608 862 665 interea
879 608 1021 665 duce
1039 606 1409 674 Wlodoweio,
1439 606 1647 662 fratres
1676 623 1807 678 pre-
1827 610 1883 671 Α
1915 606 2036 676 ejus
2064 605 2339 662 voluntati
2370 606 2428 661 in
2461 605 2568 662 hiis
2598 604 2895 675 assentire,
2929 606 3017 663 sin
3060 604 3222 677 alias,
3249 625 3309 664 se
3338 612 3517 668 armis

174 697 352 765 dicti,
374 715 490 753 una
513 714 645 753 cum
664 701 849 753 matre
880 697 1116 770 expulsi,
1148 713 1182 751 a
1205 696 1614 751 Boemensibus
1644 695 1805 766 peni-

180 786 382 841 tentia
398 786 582 841 ductis
597 802 837 842 revocan
847 785 1115 850 tur.Quos
1129 785 1422 851 Bolizlaus,
1439 784 1806 839 Poleniorum

168 878 404 943 rector,
456 877 695 930 collecto
738 874 994 946 undique
1035 873 1306 941 exercitu,
1350 877 1551 942 petens
1595 872 1825 956 iterum_

170 963 896 1036 expulit,equivocumque
915 976 1080 1015 suum
1104 961 1328 1015 exulem
1347 959 1601 1031 pristinis
1626 960 1805 1014 hono-

170 1050 354 1105 ribus
367 1051 632 1122 prefecit,
649 1067 823 1122 seque
835 1050 1096 1115 domum,
1113 1048 1423 1103 latentibus
1444 1046 1663 1101 insidiis
1694 1047 1805 1101 suis

175 1139 314 1193 alta
332 1138 547 1193 mentis
570 1139 913 1203 intentione,
938 1136 1169 1207 recepit.
1197 1136 1423 1191 Sciebat
1442 1135 1598 1189 enim
1632 1152 1805 1207 nepo-

175 1230 317 1282 tem
340 1244 509 1282 suum
540 1244 598 1281 se
624 1236 695 1268 οδε
724 1226 897 1281 nimis
928 1225 1347 1279 vindicaturum
1384 1225 1442 1278 in
1483 1223 1804 1278 fautoribus

166 1333 306 1371 sua:
332 1315 700 1389 expulsionis,
737 1331 974 1386 sperans
995 1331 1054 1369 se
1086 1318 1219 1367 tunc
1250 1313 1476 1368 meliori
1506 1312 1803 1367 occasione

171 1404 385 1460 forsan
407 1403 1086 1467 introducendum.Quod
1107 1405 1253 1457 etita
1271 1401 1801 1458 accidit.Enimvero

170 1512 323 1551 cum
342 1490 1033 1550 BolizlausmBoemensis
1046 1493 1307 1546 cerneret
1318 1491 1595 1562 populum
1614 1507 1799 1555 suum,

170 1584 515 1640 execrando
531 1582 664 1637 ritui
679 1581 962 1649 deditum,
986 1583 1043 1635 in
1065 1580 1318 1635 maxima
1339 1579 1641 1633 securitate
1662 1595 1802 1632 con-

166 1673 477 1739 stitutum,
494 1670 850 1742 impietatem
870 1686 1032 1723 suam
1048 1670 1120 1723 ad
1146 1667 1566 1738 confringenda
1584 1667 1801 1721 foedera

168 1761 369 1835 pacis,
388 1777 561 1832 quam
585 1759 962 1814 sacramentis
987 1757 1335 1822 firmaverat,
1358 1755 1417 1809 in
1456 1758 1685 1811 tantum
1709 1772 1799 1809 ar-

172 1851 397 1916 mavit,
423 1853 503 1915 ut,
522 1848 772 1903 collectis
803 1848 861 1901 in
892 1863 1067 1901 unam
1097 1846 1339 1900 domum
1362 1861 1557 1899 coram
1580 1861 1638 1898 se
1661 1861 1802 1898 cun-

1909 694 1988 747 illi
2018 696 2164 750 velle
2195 695 2503 750 contraire.
2538 696 2693 749 Hanc
2712 695 3087 768 legationem,
3108 697 3441 768 etsijustam
3461 701 3522 756 et

1906 784 2054 838 bene
2086 784 2490 855 compositam,
2524 788 2724 840 tamen
2758 786 3034 841 Bolizlaus
3063 785 3303 858 indigne
3338 788 3519 845 susci-

1905 872 2087 943 piens,
2118 873 2373 927 futuram
2406 872 2688 928 ultionem
2715 873 2925 929 merito
2953 875 3296 946 promeruit.
3330 877 3516 933 Finita

1904 977 2155 1032 namque
2192 960 2680 1033 quadragesimali
2709 962 3073 1030 abstinentia,
3104 963 3248 1019 sicut
3281 981 3513 1021 exorsus

1902 1064 2051 1115 sum,
2074 1049 2285 1103 festum
2306 1051 2571 1121 paschale
2587 1050 3067 1123 Quidilingaburg
3080 1055 3513 1109 antecessorum

1901 1152 2135 1191 suorum
2150 1154 2312 1192 more
2324 1138 2848 1193 honorabiliterrex
2861 1140 3509 1213 celebravitt639)[Mart.

1903 1226 2013 1294 28].
2048 1225 2126 1279 lbi
2160 1229 2283 1279 tum
2336 1226 2596 1297 iniquam
2647 1228 3144 1298 presumptionem
3196 1230 3423 1286 Bolizlai
3453 1234 3513 1286 et

1903 1314 2313 1383 aspirationem
2346 1314 2606 1369 Heinrici
2639 1316 2784 1388 (640)
2806 1315 3192 1387 dissimulans,
3215 1318 3509 1375 familiari-

1903 1401 2006 1454 bus
2028 1402 2160 1469 suis,
2185 1406 2246 1456 ut
2268 1406 2490 1457 tantam
2507 1404 2875 1459 festivitatem
2904 1404 3163 1475 decebat,
3188 1407 3398 1462 arrisit.
3428 1407 3511 1464 Ibi

1902 1489 2076 1544 etiam
2101 1488 2372 1546 Ottonem
2394 1492 2600 1547 ducem
2622 1496 2680 1547 et
2694 1494 2997 1548 Ernastum
3019 1502 3136 1548 988a
3155 1495 3338 1566 prelio
3358 1496 3512 1551 male

1902 1583 2161 1649 pugnato
2182 1584 2536 1635 revertentes
2554 1581 2729 1653 regiis
2754 1582 2921 1637 donis
2940 1584 3210 1652 honorat,
3234 1583 3516 1655 paternis-

1902 1683 2012 1737 que
2043 1668 2406 1722 adminiculis
2427 1672 2773 1728 consolatur.
2801 1670 3046 1725 Nuncios
3070 1671 3374 1743 quoque(f.
3398 1671 3512 1745 89).

1902 1755 2346 1811 Rederariorum
2375 1766 2446 1799 “9
2487 1762 2544 1811 et
2574 1759 2807 1825 horum,
2841 1758 2936 1831 qui
2968 1758 3174 1813 Liutici
3217 1759 3513 1828 dicuntur,

1902 1844 2353 1899 misericorditer
2364 1846 2630 1918 suscepit,
2644 1847 3035 1919 hactenusque
3054 1848 3295 1903 rebelles
3307 1865 3510 1904 mune-

177 1940 299 1994 ctis
330 1936 725 2010 optimatibus,
758 1935 951 2006 primo
983 1950 1265 2005 generum
1297 1950 1487 2003 suum,
1518 1933 1713 2006 gladio
1743 1934 1799 1988 in
1824 1944 1873 2003 Β
1901 1949 2031 1988 rum
2052 1934 2354 1988 dulcedine
2382 1935 2946 2007 promissionumque
2960 1937 3321 2007 jocunditate
3346 1938 3510 1993 seda-

173 2031 367 2100 caput
390 2027 512 2098 ejus
542 2041 757 2091 merso,
783 2023 901 2095 ipse
930 2023 1236 2090 occideret,
1271 2026 1604 2094 ceterosque
1646 2023 1804 2077 iner-

171 2132 314 2171 mes
337 2116 397 2170 in
421 2115 544 2185 ipsa
563 2116 761 2167 sancta
773 2112 1239 2184 quadragesima,
1267 2112 1352 2165 vir
1372 2112 1716 2182 sanguinum
1747 2116 1804 2165 et

171 2205 442 2271 dolosus,
477 2218 582 2256 nec
608 2202 711 2256 sibi
734 2217 1031 2256 concessos
1060 2216 1336 2272 umquam
1389 2200 1596 2271 dignus
1635 2199 1805 2254 dimi-

179 2292 358 2349 diare
373 2291 493 2345 dies
515 2291 688 2361 (638),
705 2307 834 2344 cum
850 2306 965 2343 suae
996 2289 1233 2343 malitia
1265 2288 1585 2343 fautoribus
1625 2288 1801 2342 inter-

177 2381 413 2435 ficeret.
442 2378 525 2434 0b
543 2379 651 2433 hoc
668 2378 925 2432 residuus
946 2378 1191 2449 populus
1216 2378 1464 2431 multum
1482 2376 1805 2430 formidans

178 2470 265 2524 ad
290 2468 603 2523 Bolizlaum
649 2468 926 2521 Polenum
959 2467 1200 2521 nuncios
1252 2467 1575 2520 clanculum
1626 2464 1801 2532 misit,

173 2558 285 2630 qui
316 2555 632 2629 perpetrati
652 2554 924 2609 facinoris
946 2555 1409 2626 magnitudinem
1428 2553 1721 2608 edicerent
1750 2556 1807 2607 et

173 2644 369 2701 futuri
403 2645 631 2700 timoris
663 2643 1021 2714 ereptionem
1057 2644 1128 2698 ab
1159 2660 1227 2697 eo
1260 2646 1584 2714 poscerent.
1620 2640 1713 2696 His
1738 2642 1804 2695 li-

172 2736 399 2790 benter
417 2732 647 2799 auditis,
673 2748 805 2787 mox
826 2747 929 2803 per
949 2732 1204 2802 legatum
1228 2731 1457 2784 ﬁdelem
1480 2732 1633 2786 hunc
1646 2739 1716 2772 93‘
1734 2730 1807 2785 ad

178 2821 552 2894 colloquium
581 2820 846 2875 cominus
876 2820 932 2874 in
965 2836 1094 2875 arce
1122 2821 1371 2891 quadam
1405 2821 1478 2874 ad
1508 2820 1808 2874 tractanda

176 2927 325 2966 cum
347 2926 415 2965 eo
430 2909 696 2975 quaedam
723 2909 1044 2965 necessaria
1061 2908 1385 2963 communis
1400 2908 1657 2962 utilitatis
1675 2923 1806 2961 cum

175 2998 391 3072 paucis
417 2997 491 3052 ad
512 3014 571 3052 se
594 2998 845 3068 postulat
868 2996 1083 3051 venire.
1118 2996 1255 3050 Huic
1297 2997 1496 3067 junior
1534 2996 1807 3051 Bolizlaus

187 3088 353 3142 illico
374 3085 762 3151 consentiens,
782 3085 1204 3170 adeondictum
1232 3087 1418 3138 locum
1440 3084 1690 3155 perrexit
1711 3093 1804 3148 935,

183 3175 612 3247 caritativeque
639 3176 712 3229 ab
741 3192 807 3229 eo
847 3174 1036 3246 primo
1086 3177 1401 3244 susceptus,
1436 3173 1494 3228 in
1544 3174 1805 3245 sequenti

1901 2024 1979 2077 vit
2000 2026 2058 2078 ct
2084 2024 2153 2077 de
2186 2023 2433 2078 inimicis
2452 2024 2931 2080 familiarissimos
2957 2026 3145 2081 effecit
3183 2027 3348 2098 (64D.

1974 2114 2061 2168 20.
2092 2113 2225 2167 Post
2243 2115 2366 2166 haec
2388 2114 2758 2183 rogationum
2780 2121 2851 2154 οιο
2870 2112 2990 2167 dies
3011 2130 3044 2168 a
3069 2113 3277 2171 Christi
3310 2113 3507 2170 fideli-

1902 2200 2007 2254 bus
2023 2199 2245 2271 jugiter
2270 2200 2877 2271 colendasMerseburg
2892 2202 3289 2269 celebrans,de
3309 2204 3513 2274 aperta

1904 2288 2169 2342 Bolizlavi
2201 2288 2358 2342 ducis
2388 2292 2446 2342 et
2495 2288 2753 2343 Heinrici
2796 2290 3148 2345 marchionis
3191 2291 3509 2347 rebellione

1904 2376 2240 2431 intimatum
2272 2381 2376 2431 est.
2410 2377 2745 2432 Proximum
2789 2380 3154 2449 pentecostes
3198 2378 3411 2433 festum
3451 2378 3513 2432 in

1906 2465 2244 2520 Halverstidi
2274 2482 2306 2519 a
2327 2482 2463 2537 rege
2491 2467 2813 2521 celebratur
2825 2464 2993 2537 (Mai.
3024 2467 3127 2537 16).
3152 2468 3284 2522 Post
3298 2467 3420 2522 haec
3440 2466 3515 2522 ad

1905 2553 2224 2608 Bawariam
2252 2554 2516 2620 tendens,
2541 2553 2883 2608 Heinricum
2916 2553 3125 2609 auxilio
3143 2554 3405 2610 Bolizlavi
3424 2571 3514 2609 re-

1907 2642 2206 2697 sistentem
2235 2642 2426 2713 primo
2451 2642 2778 2710 devincere,
2806 2644 3121 2714 posteaque
3152 2642 3364 2716 positas
3383 2652 3452 2685 οιί
3484 2659 3520 2697 a

1905 2731 2078 2801 longe
2098 2730 2332 2784 insidias
2348 2746 2616 2785 amovere
2635 2735 2899 2785 conatur.
2924 2730 3221 2804 Comperit
3241 2729 3417 2786 etiam
3445 2731 3519 2786 ad

1908 2820 2017 2872 hoc
2039 2820 2194 2890 quod
2215 2820 2486 2873 Ernastus
2517 2819 2590 2873 ab
2616 2835 2684 2874 eo
2709 2836 2894 2892 nuper
2922 2820 3240 2874 honoratus
3268 2823 3325 2874 et
3351 2819 3520 2875 dom-

1908 2924 2014 2962 nus
2036 2908 2248 2973 Bruno,
2267 2907 2449 2961 frater
2468 2907 2783 2979 suus(642),
2797 2924 2929 2962 cum
2949 2924 3016 2962 eo
3042 2908 3251 2979 injuste
3291 2907 3519 2979 conspi-

1907 2999 2198 3063 raverant,
2232 2995 2573 3066 ignorantes
2603 2996 2759 3067 quod
2788 2996 3062 3067 scriptum
3103 3000 3188 3050 est
3217 3013 3232 3051 :

2058 3083 2250 3138 Virtus
2280 3084 2495 3139 consilii
2524 3099 2711 3154 expers
2738 3084 2875 3139 male
2904 3087 3012 3138 ruit
3041 3101 3160 3141 sua.

2829 3173 2993 3246 (tlon.
3031 3192 3114 3242 ιιι,
3148 3176 3202 3241 4,
3233 3178 3301 3231 65
3331 3174 3351 3246 )

178 3269 364 3321 nocte
395 3264 572 3319 erutis
603 3263 708 3318 sibi
756 3263 954 3330 oculis,
982 3280 1056 3317 ne
1106 3280 1363 3334 unquam
1406 3263 1463 3316 in
1513 3280 1643 3317 suos
1692 3264 1804 3317 tale
1843 3272 1885 3335 ο
1907 3262 2019 3315 Rex
2052 3263 2247 3315 autem
2280 3261 2353 3315 ob
2371 3260 2689 3315 sedandam
2705 3262 2915 3317 horum
2940 3263 3337 3334 arrogantiam
3353 3263 3521 3318 fami-

179 3352 331 3425 quid
364 3354 728 3424 perpetraret
756 3353 844 3405 vel
869 3351 1118 3421 amplius
1166 3351 1380 3406 ibidem
1413 3366 1659 3422 regnare
1708 3367 1805 3405 va-

178 3443 414 3507 luisset,
445 3442 515 3495 ab
543 3441 664 3512 ejus
693 3440 1072 3495 familiaribus
1110 3443 1195 3493 est
1237 3440 1578 3512 prohibitus,
1607 3440 1800 3495 exilio-

177 3548 301 3603 que
329 3532 511 3602 longo
544 3530 850 3601 deputatus
880 3533 983 3584 est.
1019 3530 1081 3582 In
1109 3529 1370 3600 sequenti
1404 3528 1578 3599 igitur
1610 3528 1700 3582 die
1732 3531 1803 3585 ad

174 3623 441 3691 Pragam
463 3617 737 3672 velociter
771 3633 1109 3689 properans,
1138 3618 1210 3671 ab
1241 3617 1444 3671 incolis
1472 3634 1702 3688 semper
1732 3619 1803 3673 de

182 3724 345 3763 nova
375 3705 777 3761 dominatione
804 3705 1187 3776 gaudentibus
1210 3705 1616 3772 introducitur,
1644 3722 1804 3761 com-

182 3795 569 3865 muniterque
630 3794 687 3847 in
745 3794 1047 3848 dominum
1110 3794 1394 3849 laudatur.
1431 3796 1803 3849 Accrescente

173 3884 370 3956 igitur
427 3882 504 3937 ibi
553 3882 794 3936 seculari
856 3882 1137 3954 potentia,
1172 3882 1451 3937 attollitur
1500 3883 1801 3937 infrenatee

182 3972 409 4028 mentis
432 3972 615 4025 multo
638 3970 828 4039 major
844 3971 1009 4025 solito
1030 3971 1409 4025 contumacia.
1430 3971 1578 4037 Haec,
1603 3972 1801 4035 lector,

179 4060 498 4114 attendens
530 4058 692 4125 scito,
719 4059 873 4129 quod
902 4059 1059 4130 cujus
1085 4059 1311 4113 animus
1336 4059 1395 4113 in
1432 4060 1719 4131 prosperis
1740 4062 1804 4115 fit

179 4148 418 4214 elatior,
450 4147 507 4201 in
540 4147 792 4202 adversis
815 4163 949 4217 sepe
999 4147 1108 4202 erit
1144 4147 1439 4213 humilior,
1474 4148 1629 4220 quod
1684 4166 1801 4204 non

178 4254 311 4292 esse
345 4235 625 4306 sapientis
655 4235 949 4306 Scriptura
979 4238 1241 4289 testatur.

259 4328 349 4379 f9.
386 4325 527 4379 Hec
558 4324 754 4378 omnia
786 4341 883 4378 rex
936 4324 1188 4377 dictante
1224 4325 1382 4378 fama
1420 4325 1800 4395 comperiens,

176 4416 437 4470 honesta
449 4413 726 4483 gravitate
742 4413 919 4466 animi
936 4412 1205 4483 patientis
1226 4412 1496 4480 tulit,suis
1508 4412 1805 4468 dumtaxat

178 4503 485 4574 imputans
500 4500 1050 4573 peccatis,quicquid
1076 4501 1135 4553 in
1166 4518 1347 4571 regno
1380 4501 1496 4555 suis
1526 4502 1804 4573 tempori-

1904 3352 2073 3405 liares
2105 3366 2237 3404 suos
2262 3350 2681 3422 undiquesecus
2712 3351 3010 3422 colligens,
3043 3351 3297 3407 intrante
3325 3355 3521 3424 Augu-

1904 3442 1989 3493 sto
2046 3446 2117 3479 N3
2166 3438 2320 3491 bona
2357 3437 2566 3509 prefati
2606 3436 2832 3491 comitis
2886 3438 3213 3494 invadendo
3257 3440 3516 3508 vastavit,

1905 3543 2174 3597 eumque,
2207 3526 2554 3598 ubicumque
2589 3529 2749 3580 extra
2780 3526 2985 3581 urbem
3033 3526 3240 3599 potuit,
3273 3527 3515 3584 invitum

1902 3614 2130 3669 latitare
2145 3614 2442 3687 compulit.
2464 3614 2626 3669 Dicat
2647 3614 2873 3686 aliquis,
2908 3630 3027 3669 non
3065 3614 3342 3686 ignorans
3380 3631 3513 3671 cau-

1904 3720 2029 3757 sam
2060 3706 2238 3758 tanta;
2265 3702 2737 3775 presumptionis,
2781 3703 3099 3758 necessario
3131 3719 3264 3758 eum
3292 3704 3401 3758 hoc
3428 3704 3515 3759 fe-

1904 3793 2074 3861 cisse;
2107 3792 2535 3848 sublimioribus
2578 3809 2695 3847 non
2748 3808 3068 3864 congruere
3111 3792 3509 3865 potestatibus,

1904 3885 2021 3937 tam
2042 3883 2288 3937 firmiter
2314 3883 2597 3955 promissa
2626 3883 2684 3952 (f.
2706 3882 2818 3954 89),
2836 3882 3103 3954 cuiquam
3124 3880 3371 3937 fideliter
3393 3898 3513 3937 ser-

1902 3970 2077 4025 vienti
2109 3971 2445 4026 subtrahere
2478 3971 2959 4043 devotionemque
3004 3973 3331 4025 ceterorum
3372 3971 3512 4026 aba-

1901 4059 2140 4114 lienare.
2164 4058 2382 4124 Quibus
2410 4060 2705 4131 reciproco
2731 4077 2742 4114 :
2774 4077 2892 4114 non
2920 4059 3168 4115 ullamin
3190 4059 3298 4113 hoc
3320 4060 3509 4114 seculo

1903 4164 2022 4201 esse
2056 4148 2539 4214 dominationem,
2576 4149 2682 4203 nisi
2709 4166 2743 4202 a
2772 4151 2923 4216 Deo;
2953 4153 3010 4204 et
3060 4148 3157 4221 qui
3202 4164 3262 4202 se
3304 4151 3510 4203 contra

1904 4252 2033 4290 eam
2066 4236 2271 4305 erigat,
2305 4237 2507 4291 divinae
2533 4238 2847 4308 majestatis
2878 4238 3159 4293 offensam
3208 4236 3462 4292 incurrat
3490 4253 3505 4302 ;

1904 4324 2263 4377 subitaneam
2296 4324 2508 4396 iniquae
2540 4326 2753 4379 mentis
2797 4325 3163 4382 inﬂationem
3207 4324 3507 4397 pacientia:

1903 4413 2292 4484 gubernaculo
2320 4413 2530 4468 debere
2562 4414 2801 4482 retrahi,
2834 4419 2891 4469 et
2918 4432 3049 4470 cum
3071 4415 3507 4486 humilisuppli-

1903 4500 2128 4555 catione
2149 4500 2604 4556 consolationem
2628 4506 2927 4574 expectare
2947 4503 3055 4556 sibi
3074 4502 3351 4555 veraciter
3380 4518 3509 4573 pro-

180 4588 885 4645 busincommoditatism
903 4588 1128 4643 accidit.
1164 4590 1359 4659 Itaque
1381 4590 1533 4659 quod
1567 4592 1802 4660 oportu-
1822 4603 1874 4661 D
1904 4590 2191 4655 futuram;
2218 4588 2784 4660 saciusque.arbitror
2812 4607 2954 4655 esse,
2989 4589 3164 4643 alcius
3203 4589 3273 4644 de
3304 4588 3397 4644 die
3447 4590 3507 4645 in

180 4694 331 4733 num
360 4679 497 4731 tunc
524 4676 778 4730 maxime
799 4676 904 4731 sibi
937 4676 1255 4743 videbatur,
1282 4677 1651 4731 dissimulatis
1676 4680 1831 4732 om-J
1904 4679 2057 4733 diem
2077 4678 2405 4742 ascendere,
2430 4694 2606 4749 quam
2628 4678 2857 4733 ruinam
2891 4677 3379 4747 inexuperabilem
3412 4696 3506 4733 su-

180 4766 378 4832 nibus,
407 4783 535 4837 quae
578 4765 658 4820 eis
700 4766 1048 4832 acciderant,
1099 4766 1338 4820 nuncios
1374 4766 1447 4820 ad
1494 4766 1801 4821 Bolizlaum
1902 4768 2020 4822 bito
2036 4777 2107 4809 943
2130 4766 2447 4821 incurrere.
2470 4766 2741 4821 Libenter
2766 4770 3041 4839 nepotem
3082 4782 3278 4820 meum
3317 4766 3509 4838 aliqua

177 4854 361 4921 misit,
398 4855 687 4909 mandans
714 4855 787 4922 ei,
827 4854 872 4908 si
900 4857 1117 4909 terram
1150 4871 1336 4926 nuper
1368 4872 1401 4909 a
1445 4873 1503 4910 se
1559 4872 1804 4927 occupa-
1904 4873 1968 4909 ex
2005 4858 2164 4927 parte
2197 4855 2596 4922 defenderem,
2622 4855 2667 4909 si
2690 4854 2993 4909 veritatem
3021 4870 3054 4909 a
3079 4854 3292 4908 cunctis
3317 4854 3507 4909 fideli-

181 4946 308 4997 tam
333 4942 404 4997 de
419 4959 522 4997 sua
542 4944 750 5013 gratia,
787 4945 847 4996 ut
868 4942 966 5013 jus
995 4942 1301 5014 antiquum
1343 4944 1525 5014 poscit
1546 4952 1638 5011 937,
1666 4945 1803 4998 reti-
1901 4944 2422 4998 bushonorandam
2443 4945 2698 5016 polluere
2714 4943 3010 4996 auderem.
3031 4942 3363 5012 Approbata
3376 4945 3505 4998 sunt

183 5048 325 5086 nere
346 5030 572 5102 sibique
594 5031 651 5084 in
683 5032 951 5085 omnibus
988 5032 1235 5086 fideliter
1262 5033 1430 5087 vellet
1475 5032 1708 5100 servire,
1741 5051 1799 5087 se
1904 5032 1957 5086 in
1980 5033 2172 5086 multis
2198 5034 2567 5106 antiquorum
2594 5030 2896 5103 proverbia
2927 5048 2940 5086 :
2971 5032 3287 5085 inveterata
3312 5033 3505 5103 populi

1496 5154 1730 5207 VARUE
1758 5155 2181 5215 LECTIONES.

258 5260 329 5294 9³³
362 5268 422 5305 se
448 5250 589 5305 deest
611 5249 689 5307 A.
715 5247 784 5321 7S.
831 5247 1233 5321 793877bolislaus
1258 5252 1310 5303 2.
1390 5252 1768 5321 9stnepotem
1797 5251 1873 5307 A.
1906 5252 1970 5309 S.
2049 5261 2119 5294 9³³
2151 5254 2259 5317 Qui
2276 5255 2424 5321 imox
2455 5251 2821 5307 consentiens
2847 5252 2921 5306 ad
2959 5251 3289 5307 condictum
3316 5252 3507 5307 locum

187 5323 471 5378 avunculo
505 5320 773 5395 occurrit.
799 5320 879 5395 A.
907 5320 970 5376 S.
1018 5328 1089 5395 {36
1121 5319 1480 5395 incommodi
1511 5321 1588 5375 A.
1616 5320 1681 5375 S.
1732 5330 1802 5395 9P7
1830 5324 2008 5394 possit
2029 5327 2081 5378 2.
2112 5319 2281 5379 more
2309 5325 2682 5395 antiquorum
2712 5339 2760 5377 r.
2791 5323 2869 5377 A.
2910 5322 2971 5379 δ’.
3028 5330 3098 5365 9'9
3126 5326 3421 5395 arnestum
3453 5328 3505 5378 '2.

188 5402 257 5436 ³³9
332 5395 526 5463 Pergit
552 5392 636 5445 hic
659 5392 823 5449 codex
867 5394 914 5447 1.
954 5389 1320 5445 redariorum
1351 5394 1403 5444 2.
1484 5399 1555 5431 οιο
1584 5389 1948 5462 rogatiarium
1983 5398 2030 5448 l.
2109 5402 2177 5436 οη
2208 5395 2423 5465 positos
2450 5389 2534 5451 la.
2611 5402 2682 5435 9“
2704 5397 2946 5466 augusta
2975 5398 3062 5450 l.a
3136 5401 3206 5434 οη
3231 5394 3358 5452 add.
3396 5399 3415 5449 1
3458 5396 3506 5452 b.

1737 5489 1965 5545 NOT/E.

259 5580 410 5651 (638)
447 5577 493 5631 Ι.
532 5595 577 5632 e.
613 5578 898 5648 attingere
944 5576 1026 5629 vel
1076 5576 1385 5632 dimidium
1426 5576 1651 5632 dierum
1700 5578 1803 5632 sibi

188 5665 620 5707 concessarum.

262 5724 413 5796 (639)
445 5721 531 5778 Cf.
567 5723 719 5774 Ann.
753 5718 1058 5784 Quedlinb.
1093 5735 1144 5774 a.
1179 5720 1333 5774 1003.

1976 5579 2118 5648 (640)
2149 5579 2487 5634 Marchionis
2512 5580 2808 5637 Bawariae.

1979 5651 2118 5723 (641)
2153 5651 2211 5705 V.
2247 5654 2397 5707 Ann.
2422 5650 2623 5715 Quedl.
2660 5654 2698 5709 l.
2740 5655 2783 5708 Ι.

1977 5721 2130 5796 (642⁷)
2143 5724 2560 5798 Bruno,postea
2572 5741 2624 5786 a.
2648 5724 3513 5801 l007,episcopusAugustensis.
