3900 6216
347 5449 352 5455 -
418 5414 452 5467 2

418 463 552 522 I299

1401 449 1778 513 THIETMARI
1797 453 2113 514 EPISCOPI
2137 451 2750 514 IERSEBUBGENSIS

3601 464 3741 521 ἰδοῦ

410 585 672 643 facinora
686 597 892 658 parere
908 577 1206 639 novamaii
1220 579 1457 652 pudoris
1469 579 2022 636 detrimenta.Nam-
2043 582 2100 644 Α
2119 579 2378 654 capitalis
2395 579 2682 636 sententia
2705 596 2738 634 a
2759 577 3048 651 judicibus
3080 580 3434 652 decernitur,
3469 599 3604 658 quia
3633 587 3744 644 In-

411 691 522 748 que
550 673 702 746 patri
730 671 885 743 regis
913 669 1144 742 genitor
1171 668 1330 724 istius
1361 685 1479 724 non
1521 673 1585 724 ut
1606 670 1793 737 miles,
1827 671 1926 726 sed
1957 673 2021 726 ut

412 762 678 819 inimicus
703 778 836 833 sepe
867 759 1099 825 resistit,
1124 758 1658 830 imperatorumque
1687 763 1933 832 partem,
1960 763 2022 814 ut

413 851 532 924 ipse
555 853 795 907 testatus
815 849 1008 915 est,ob
1039 845 1446 903 confirmatam
1480 847 1855 902 sacramentis
1885 864 2018 918 gra-

411 941 557 996 tiam
577 937 1099 1011 adjuvit.Similiter
1121 939 1178 990 et
1195 935 1298 990 iste
1323 951 1500 1008 usque
1522 935 1582 990 in
1618 935 1798 992 finem
1832 935 2021 992 ultimi

412 1028 638 1084 Ottonis
652 1026 704 1083 ei
725 1026 910 1082 fidelis
927 1027 1072 1091 erat,
1091 1023 1423 1096 seniorique
1454 1040 1555 1080 suo
1584 1041 1762 1096 usque
1796 1024 1870 1079 ad
1898 1025 2022 1080 haec

411 1117 662 1174 infelicia
692 1121 968 1171 strennue
1018 1113 1384 1169 ministrabat
1423 1115 1710 1186 tempora.
1753 1113 1865 1168 Sed
1897 1113 2020 1186 regi

411 1211 632 1262 secreto
657 1205 869 1262 mentis
885 1204 1102 1259 latebat
1120 1205 1416 1274 repostum
1449 1205 1598 1272 (643)
1625 1203 1804 1274 patris
1819 1202 2020 1275 suique

411 1297 560 1350 zelus
591 1294 907 1349 infinitum.
937 1293 1118 1364 Spero
1141 1293 1359 1357 autem,
1389 1291 1542 1362 quod
1569 1291 1677 1346 hoc
1709 1307 1885 1346 omne
1911 1307 2018 1362 pro

411 1399 608 1440 amore
633 1381 840 1438 Christi
892 1380 1138 1434 inultum
1190 1394 1420 1450 semper
1448 1387 1518 1422 9H
1564 1377 1936 1452 relinqueret,
1972 1379 2018 1434 si

409 1472 562 1526 hunc
589 1473 708 1534 tam
741 1467 1050 1524 crudeliter
1082 1470 1140 1520 et
1170 1483 1301 1521 cum
1333 1465 1555 1522 ceteris
1582 1466 1689 1522 sibi
1715 1467 2019 1522 contrariis

410 1559 471 1627 (ι’.
507 1558 598 1630 90)
631 1560 828 1630 aperte
858 1555 964 1611 sibi
993 1554 1342 1610 renitentem
1370 1571 1487 1609 non
1515 1559 1800 1612 cerneret.
1847 1555 2016 1610 Hein-

411 1647 562 1702 ricus
590 1644 847 1700 marchio
875 1642 1138 1716 quamvis
1171 1643 1228 1697 in
1265 1643 1374 1698 hoc
1413 1642 1658 1698 crimine
1707 1645 1860 1698 solus
1897 1645 2017 1700 cul-

411 1733 616 1807 pabilis
647 1735 974 1806 appareret,
1006 1735 1202 1786 tamen
1235 1731 1448 1803 absque
1490 1731 1728 1786 consilio
1769 1731 2018 1788 aliorum

410 1823 520 1878 hoc
545 1822 812 1895 primitus
837 1836 955 1875 non
983 1819 1338 1892 aggreditur.
1371 1820 1439 1874 Et
1467 1819 1603 1892 quia
1647 1835 1752 1890 pro
1800 1836 2016 1892 magno

2121 667 2381 741 gontinae
2408 667 2810 740 archipresulis
2848 669 3105 742 Willigisi
3134 669 3554 730 intercessione
3599 692 3744 748 sup-

2124 756 2259 829 plici
2287 761 2343 811 et
2369 774 2498 829 quae
2528 757 2652 828 regi
2693 757 2908 829 placuit
2951 758 3360 832 redemptione
3411 765 3735 820 amovetur.

2116 844 2272 900 Tunc
2295 845 2492 901 audita
2523 846 2766 902 senioris
2796 847 2884 902 sui
2919 848 3077 920 fuga,
3104 850 3286 905 Bucco
3327 867 3532 906 comes
3578 853 3740 924 gravi

2121 934 2316 989 dolore
2347 935 2692 1003 concutitur,
2713 951 2777 991 ac
2800 935 2941 1008 quid
2963 937 3069 992 sibi
3090 941 3229 994 tunc
3251 947 3325 982 m
3337 939 3497 996 foret
3521 941 3741 997 facien-

2120 1021 2283 1086 dum,
2327 1023 2511 1079 socios
2560 1025 2822 1080 consulit.
2869 1027 2917 1080 A
2965 1025 3169 1098 quibus
3212 1027 3435 1084 diversa
3480 1031 3740 1102 percepit

2121 1127 2414 1184 responsa.
2435 1111 2680 1177 Quidam
2702 1113 2990 1182 dixerunt,
3006 1115 3080 1172 ob
3103 1115 3280 1170 fidem
3297 1115 3514 1174 seniori
3529 1117 3741 1174 suimet

2119 1200 2469 1271 promissam
2501 1218 2566 1256 ac
2599 1201 2891 1275 ignaviam
2926 1208 3206 1277 perpetuo
3238 1204 3321 1260 eis
3346 1206 3738 1279 inputandam

2121 1288 2266 1343 mori
2291 1290 2482 1355 malle,
2504 1307 2678 1361 quam
2703 1292 2907 1347 urbem
2929 1308 3060 1347 cum
3080 1292 3179 1347 tali
3202 1293 3448 1365 pignore
3469 1296 3598 1367 regi
3617 1313 3742 1350 um-

2121 1393 2295 1449 quam
2315 1378 2488 1448 dare;
2514 1381 2820 1451 superstite
2847 1381 3034 1436 adhuc
3055 1382 3280 1438 seniore
3308 1401 3435 1450 suo,
3459 1384 3738 1440 auxilium

2119 1481 2350 1538 semper
2379 1482 2615 1538 sperare
2649 1469 3040 1540 profuturum.
3073 1469 3185 1525 Alii
3228 1474 3449 1538 autem,
3481 1473 3582 1544 qui
3613 1473 3738 1544 plus

2119 1552 2427 1623 sapiebant
2452 1555 2514 1621 (f.
2548 1555 2661 1628 9|),
2689 1560 2864 1628 atque
2897 1557 3139 1612 torrenti
3165 1560 3224 1612 et
3252 1558 3480 1612 homini
3512 1560 3738 1632 potenti

2121 1641 2366 1697 arduum
2397 1659 2518 1698 esse
2571 1645 2928 1700 testabantur
2971 1645 3268 1714 resistere;
3311 1646 3569 1702 devictos
3605 1666 3740 1704 raro

2118 1733 2218 1785 aut
2231 1748 2552 1804 numquam
2570 1733 2892 1804 promereri
2913 1733 3162 1802 veniam;
3176 1734 3495 1790 incolomes
3507 1738 3569 1790 et
3581 1737 3740 1792 nullo

2119 1835 2179 1874 se
2200 1821 2336 1874 tunc
2352 1821 2590 1876 vulnere
2615 1822 2894 1890 tardatos,
2918 1838 3050 1877 cum
3071 1823 3313 1878 domina
3329 1823 3544 1878 suimet
3563 1828 3735 1879 caete-

412 1911 694 1967 dedecore
740 1909 800 1964 in
843 1909 952 1964 hoc
983 1907 1173 1963 seculo
1205 1907 1467 1979 proditor
1513 1907 1780 1975 habetur,
1812 1909 2022 1965 maluit
2045 1902 2099 1963 B
2119 1905 2313 1979 risque
2340 1907 2508 1964 bonis
2531 1926 2596 1964 ac
2618 1910 2943 1982 hospitibus
2967 1910 3220 1966 abeundi
3254 1911 3550 1968 licentiam
3586 1913 3738 1986 apud

409 2000 518 2055 hoc
548 1997 900 2054 conscientia
917 1995 1176 2068 gementi
1195 1997 1402 2062 celare,
1423 2012 1598 2069 quam
1619 1997 1704 2052 sui
1733 1997 2018 2052 damnum

409 2087 655 2143 aliorum
673 2103 886 2158 augere
903 2084 1293 2151 detrimentis;
1321 2087 1379 2139 et
1397 2085 1472 2140 ob
1491 2085 1614 2140 haec
1641 2085 1738 2158 qui
1762 2085 1917 2156 prius
1937 2086 2020 2140 vi-

409 2177 593 2234 riliter
605 2193 768 2232 suam
788 2177 860 2231 ab
878 2175 1024 2230 hose
1042 2174 1353 2229 defendere
1373 2173 1590 2229 studuit
1605 2174 2020 2247 patriam,tunc

409 2266 636 2339 aperuit
651 2265 784 2321 huic
799 2264 858 2320 in
880 2263 1150 2336 rapinam
1171 2262 1532 2335 mittiturque
1556 2263 1608 2318 ei
1633 2265 1782 2320 clam
1803 2265 2022 2321 aBoliz—

409 2357 533 2411 lavo
565 2354 838 2411 auxilium
871 2352 1011 2408 nihil
1041 2350 1147 2406 sibi
1179 2350 1420 2406 omnino
1454 2352 1800 2424 proficuum.

482 2449 541 2501 2t
558 2487 571 2502 .
586 2442 852 2500 Venienti
878 2445 1073 2496 autem
1092 2444 1227 2494 tunc
1248 2439 1371 2511 regi
1387 2441 1461 2495 ad
1481 2441 1797 2514 locum,qui
1812 2441 2018 2500 ﬂathe-

414 2533 676 2604 resburgi
701 2539 774 2574 m
795 2529 940 2601 (644)
968 2528 1200 2595 dicitur,
1227 2544 1466 2583 omnem
1491 2530 1826 2586 thesaurum
1853 2549 2020 2588 suum

411 2639 469 2676 se
502 2619 914 2693 precedentem
941 2618 1233 2688 Maganus,
1268 2615 1496 2670 comitis
1541 2617 1783 2690 predicti
1832 2618 2017 2690 miles,

411 2725 546 2765 cum
576 2709 690 2764 suis
717 2705 974 2779 corripit,
1009 2721 1076 2760 ac
1110 2709 1234 2759 tum
1272 2703 1427 2759 intra
1464 2721 1526 2760 se
1577 2704 1914 2776 dividentes,
1947 2709 2021 2765 ad

410 2797 783 2853 Amardelam
813 2793 1104 2849 civitatem
1132 2791 1285 2864 (645)
1316 2793 1462 2846 letus
1491 2793 1818 2850 revertitur.
1868 2796 2020 2860 Quos

412 2904 511 2942 rex
537 2902 689 2960 pone
711 2884 998 2939 insecutus
1018 2881 1265 2954 possedit
1285 2882 1829 2956 m,compositisque
1847 2885 2022 2942 bello-

413 2991 543 3031 rum
571 2971 970 3037 instrumenti,
1000 2987 1098 3026 eos
1128 2970 1302 3024 vitam
1326 2971 1533 3038 solum,
1561 2971 1787 3028 reddita
1807 2973 1948 3030 urbe
1964 2978 2023 3030 et

415 3062 617 3135 preda,
692 3060 779 3115 {iis
853 3058 1322 3115 intercessoribus
1377 3060 1666 3131 postulare
1719 3062 2017 3134 compulit.

410 3153 567 3207 Tunc
599 3149 888 3204 destructa
900 3148 1131 3221 penitus
1155 3147 1380 3214 eadem,
1401 3147 1691 3220 divisaque
1713 3149 1866 3205 inter
1889 3167 2020 3206 suos

2121 2011 2324 2067 regem
2341 1995 2755 2068 imploraturos
2774 1998 3166 2054 affirmabant.
3183 2000 3737 2072 Horum,utopinor,

2121 2083 2359 2139 consilio
2377 2089 2566 2140 custos
2584 2086 2844 2157 ejusdem
2872 2087 3114 2143 civitatis
3138 2090 3322 2144 Bucco
3359 2105 3493 2143 cum
3527 2090 3738 2145 Ottone

2121 2187 2402 2243 germano
2421 2173 2632 2230 suimet
2651 2175 2890 2231 domino
2907 2175 3184 2248 loquitur,
3199 2179 3439 2250 ejusque
3451 2177 3738 2248 suffragiis

2122 2261 2327 2316 urbem
2367 2263 2544 2334 regite
2584 2264 2855 2334 potestati
2889 2265 3167 2334 tradidit;
3219 2267 3340 2339 ipse
3377 2269 3582 2322 autem
3605 2283 3736 2322 cum

2122 2349 2392 2405 omnibus
2415 2351 2521 2407 sibi
2565 2351 2890 2408 commissis
2919 2369 3151 2409 securus
3207 2353 3372 2410 abiit.
3420 2355 3736 2411 Confestim

2121 2436 2316 2494 civitas
2345 2439 2619 2495 radicitus
2649 2440 2800 2496 dirui
2845 2458 2879 2496 a
2907 2459 3046 2514 rege
3068 2443 3346 2514 jnbetur;
3373 2446 3464 2498 set
3491 2459 3736 2514 parcen-

2121 2525 2272 2582 tibus
2300 2527 2470 2600 hujus
2499 2529 2581 2584 rei
2613 2529 2964 2598 auctoribus,
3018 2547 3238 2604 magna
3282 2549 3350 2588 ex
3393 2535 3564 2605 parte
3607 2549 3735 2588 cum

2122 2615 2376 2670 aedificiis
2403 2621 2682 2676 servatur.

2193 2706 2280 2758 22.
2321 2703 2561 2760 Interim
2602 2706 2742 2762 dum
2798 2725 2903 2762 rex
2956 2707 3204 2764 Heinrici
3254 2708 3488 2765 comitis
3537 2709 3735 2764 urbem

2123 2791 2325 2848 Crusni
2351 2797 2614 2849 vocatam
2641 2795 2914 2868 possedit,
2952 2796 3262 2853 Bolizlavus
3281 2815 3417 2853 eum
3455 2797 3516 2852 in
3549 2798 3736 2871 aliquo

2123 2879 2317 2935 ledere
2341 2898 2648 2954 sumopere
2669 2882 2846 2951 nisus,
2881 2885 3024 2940 clam
3066 2887 3382 2942 exercitum
3411 2887 3650 2960 colligit,
3679 2891 3734 2943 et

2121 2984 2227 3040 per
2244 2971 2478 3026 nuntios
2495 2972 2706 3026 suimet
2724 2973 3090 3029 Guncilinum
3111 2974 3352 3030 fratrem
3398 2979 3642 3042 ortatur,
3675 2980 3730 3031 ut

2123 3076 2352 3115 memor
2382 3061 2565 3116 firma:
2590 3061 2990 3132 promissionis
3013 3063 3217 3119 urbem
3246 3064 3595 3120 Misnensem
3620 3082 3728 3120 sum

2121 3147 2393 3203 redderet
2405 3148 2616 3204 dicioni
2633 3150 3070 3222 amiciciamque
3083 3154 3392 3208 renovaret
3407 3153 3725 3224 pristinam.

415 3239 786 3296 Poleniorum
813 3237 1206 3302 multitudine,
1238 3252 1336 3290 rex
1367 3235 1502 3292 inde
1532 3238 1606 3293 ad
1641 3238 1843 3294 Crusni
1869 3238 2019 3312 (646)
2041 3245 2089 3309 α
2125 3237 2222 3291 Ille
2245 3240 2440 3292 autem
2464 3237 2834 3306 sciens,istius
2857 3239 3118 3310 ingressu
3151 3257 3187 3294 a
3214 3240 3408 3311 gratia
3437 3241 3591 3314 regis
3617 3246 3672 3297 et
3695 3260 3727 3297 a

414 3329 738 3394 castellum,
761 3325 821 3382 in
843 3342 958 3398 quo
990 3325 1172 3380 frater
1188 3323 1415 3379 comitis
1441 3325 1710 3394 Heinrici,
1727 3328 1907 3382 Bucco
1921 3345 2022 3384 no-

416 3415 596 3484 mine,
617 3413 920 3470 dominam
939 3430 1105 3469 suam
1133 3413 1486 3485 Gerbergam
1515 3429 1647 3468 cum
1669 3413 1801 3470 filiis
1829 3418 2019 3471 custo-

415 3504 539 3560 dire
561 3503 831 3568 debebat,
849 3501 1221 3574 proﬁciscitur
1240 3509 1330 3555 Μ.
1351 3501 1674 3556 Exercitum
1697 3505 1893 3559 autem
1911 3520 2018 3558 un-

414 3592 751 3666 diquesecus
781 3590 1302 3646 circumsedentem
1332 3589 1628 3645 Heinricus
1657 3607 1852 3646 comes
1887 3608 2020 3648 cum

416 3681 530 3736 suis
559 3680 808 3736 exterius
836 3677 1508 3752 inpugnabat,quosdam
1523 3679 2026 3746 vulnerans,alios-

416 3787 528 3843 que
545 3770 772 3826 incaute
796 3769 1158 3824 frumentum
1189 3767 1350 3838 equis
1379 3765 1444 3837 (f.
1478 3767 1583 3836 90’)
1605 3775 2024 3839 congregantes

415 3859 670 3932 perimit.
686 3857 854 3924 Quod
868 3873 940 3912 ne
956 3855 1207 3926 amplius
1229 3853 1356 3910 fieri
1375 3855 1672 3926 potuisset,
1690 3873 1788 3911 rex
1803 3857 2024 3915 curiose

417 3945 869 4020 previdi,positis
895 3944 1172 3999 militibus
1189 3942 1648 4015 quadringentis,
1679 3945 2024 4021 hostemque

417 4035 728 4092 secretiora
775 4033 1076 4104 cujusdam
1105 4040 1176 4074 ἰδ
1201 4030 1360 4086 vallis
1402 4035 1598 4104 petere
1647 4035 1772 4091 loca
1813 4038 2021 4111 coegit.

419 4124 604 4187 Quem
625 4122 709 4178 ibi
729 4124 916 4176 castra
933 4121 1252 4175 metantem
1265 4120 1460 4176 rustici
1475 4121 1643 4179 unius
1658 4126 2026 4183 incontinens

418 4209 618 4280 lingua
636 4207 966 4265 custodibus
987 4207 1258 4280 prodidit.
1280 4208 1366 4264 Hii
1396 4213 1590 4266 autem
1608 4213 1784 4268 medii
1801 4202 2023 4270 fervore

421 4297 535 4352 diei
567 4297 661 4352 illo
689 4296 998 4351 latentibus
1036 4296 1340 4352 tendentes
1382 4297 1621 4367 insidiis,
1671 4303 1732 4356 ut
1769 4302 2024 4374 primum

421 4388 609 4441 castra
629 4385 758 4441 visis
773 4401 1063 4456 agnovere
1079 4385 1486 4450 tentoriis,alta
1505 4405 1642 4444 voce
1657 4404 1761 4460 per
1775 4388 2023 4446 kirielei-

2121 3323 2473 3380 demonio'“0
2495 3326 2594 3380 tali
2615 3343 2673 3382 se
2689 3326 2920 3398 penitus
2937 3328 3227 3384 exclusum
3243 3329 3726 3396 fuisse,mandatis

2121 3411 2329 3468 talibus
2372 3415 2687 3486 respondet
2732 3432 2745 3470 :
2781 3415 2984 3471 Omnia
3024 3433 3142 3489 qua:
3171 3424 3376 3488 praeter
3429 3419 3544 3474 haec
3585 3436 3618 3472 α
3651 3435 3725 3471 me

2121 3501 2334 3570 erpetis,
2364 3502 2558 3572 frater,
2599 3502 2822 3558 libenter
2860 3507 3124 3574 impendo.
3156 3512 3208 3560 et
3249 3507 3298 3559 si
3339 3523 3600 3579 umquam
3626 3507 3724 3560 hac

2119 3589 2352 3658 faciendi
2378 3591 2438 3662 (f.
2476 3591 2584 3663 9t’)
2617 3594 2954 3662 oportunitas
2985 3595 3196 3662 accidit,
3233 3612 3342 3652 non
3372 3613 3574 3651 rerum.
3595 3595 3722 3652 Sunt

2121 3694 2324 3732 mecum
2345 3680 2564 3736 senioris
2581 3683 2690 3737 mei
2698 3683 2974 3751 satellites,
2991 3685 3088 3756 qui
3111 3684 3250 3740 talia
3270 3701 3378 3741 non
3390 3689 3681 3758 pariuntur
3703 3713 3719 3752 ,-

2123 3768 2236 3822 εἰεί
2258 3767 2353 3822 hoc
2368 3769 2700 3840 publicatur,
2719 3773 2829 3826 vita
2853 3789 2966 3826 mea
2995 3790 3115 3826 cum
3139 3774 3409 3842 omnibus,
3424 3792 3549 3848 qua
3561 3776 3721 3846 possi-

2123 3857 2240 3924 deo,
2266 3859 2623 3928 periclitatur.
2657 3859 2770 3914 Hac
2812 3859 3102 3932 legatione
3129 3866 3390 3934 accepta,
3430 3864 3721 3919 Bolizlavus

2128 3945 2518 4002 internuntios
2543 3947 2815 4004 custodiri
2847 3951 2904 4004 et
2925 3949 3215 4021 legionem
3234 3949 3310 4006 ad
3324 3951 3520 4008 Albim
3538 3967 3721 4026 prope-

2124 4053 2256 4092 rare
2278 4035 2466 4108 jussit.
2497 4035 2590 4092 llic
2633 4037 2975 4110 qualitatem
3022 4039 3302 4094 vadorum
3347 4046 3570 4096 secreto
3605 4056 3717 4114 per-

2127 4125 2559 4198 quirens,mane
2573 4126 2725 4182 facto
2738 4127 3394 4200 ipsemsubsequitur,et
3405 4130 3478 4184 ad
3493 4129 3717 4184 Strelun

2126 4214 2441 4280 civitatem,
2465 4214 2600 4285 quia
2615 4231 2731 4270 suae
2750 4215 2854 4271 dos
2875 4218 2999 4270 erat
3033 4215 3164 4271 tiliae
3203 4216 3378 4287 (647),
3400 4216 3715 4278 demandat,

2129 4304 2315 4355 utnec
2341 4300 2445 4356 sibi
2465 4301 2776 4374 quicquam
2803 4302 3102 4370 timerent,
3125 4320 3313 4375 neque
3330 4321 3468 4359 cum
3489 4305 3717 4359 clamore

2125 4388 2282 4445 illato
2309 4389 2638 4445 convicinos
2668 4391 2742 4446 de
2784 4391 2892 4446 hac
2938 4409 3001 4446 re
3049 4394 3238 4446 certos
3281 4392 3598 4448 efficerent.
3622 4392 3714 4446 Nec

422 4491 524 4530 son
549 4473 726 4530 sotios
743 4477 1143 4541 convocantes,
1174 4474 1385 4543 hostes,
1417 4475 1628 4532 relictis
1655 4476 1874 4534 ibidem
1897 4495 2024 4534 om-
2051 4514 2103 4572 Β
2129 4494 2314 4539 mora,
2329 4477 2612 4533 exercitus
2620 4478 2784 4550 jussu
2807 4478 2966 4534 ducis
2995 4479 3053 4534 in
3079 4482 3331 4552 quatuor
3359 4480 3644 4541 dividitur,
3668 4481 3715 4534 et

422 4564 589 4620 nibus
605 4564 911 4636 suis,capto
933 4564 1120 4620 solum
1137 4563 1402 4634 Ernasto,
1425 4564 1772 4638 effugarunt.
1796 4567 2024 4624 Reversi
2051 4563 2096 4572 “’
2125 4567 2198 4622 ad
2215 4566 2368 4622 Cirin
2382 4568 2679 4622 castellum
2697 4568 3081 4640 {648)vespere
3093 4568 3390 4624 conveniri
3405 4569 3711 4642 precipitur.

422 4657 560 4708 tunc
579 4653 734 4708 idem
754 4669 822 4708 ex
842 4668 1058 4725 magna
1081 4655 1244 4724 parte
1259 4652 1466 4722 tristes,
1485 4653 1738 4710 efﬁtiunt
1753 4658 2026 4712 conseda-

421 4743 502 4797 les
527 4743 845 4799 admodum
860 4743 1150 4809 latentes;
1180 4744 1625 4816 presentatoque
1638 4742 1760 4816 regi
1777 4745 2022 4815 captivo,

2125 4656 2262 4710 Duae
2283 4665 2352 4698 οδε
2370 4658 2565 4711 autem
2586 4656 2906 4728 phalanges
2927 4657 3249 4728 premissaa,
3273 4673 3346 4712 ne
3378 4659 3465 4714 sui
3487 4659 3712 4731 aliquam

2131 4761 2165 4799 a
2178 4744 2512 4800 marchione
2525 4745 2852 4801 molestiam
2865 4749 3224 4818 paterentur,
3232 4747 3536 4818 providere
3545 4744 3710 4802 stude-

1739 4889 1968 4944 VARIAE
2000 4891 2398 4946 LECTIONES.

491 4989 562 5053 N5
584 4997 684 5053 sep
725 4983 774 5036 1.
797 4979 1006 5050 saepius.
1100 4985 1180 5053 “It
1200 4981 1275 5053 ita
1305 4981 1390 5034 ta.
1421 4979 1513 5036 sed
1541 4977 1768 5033 alterum
1797 4995 1845 5036 r.
1877 4995 2085 5053 erasum
2107 4987 2200 5053 est.
2247 4980 2761 5050 Hatheresbrugge
2785 4981 2859 5036 A.
2892 4980 2961 5038 S.

419 5049 806 5124 proficissetur
837 5049 922 5105 ta.
942 5119 960 5124 _
983 5049 1323 5124 _m_cuidam
1366 5053 1414 5124 t.
1446 5121 1459 5124 _
1493 5058 1563 5091 οη
1594 5066 1646 5104 a.

421 5119 521 5178 sua
549 5124 616 5180 Α.
644 5121 708 5178 S.
785 5129 854 5164 οη
889 5119 1015 5178 add.
1047 5121 1131 5179 ib.
1206 5129 1278 5163 ἐξ
1305 5138 1336 5175 c
1365 5123 1418 5174 in
1437 5121 1546 5174 loco
1585 5119 1796 5176 raso‘lb
1829 5123 1858 5174 ?

3071 4984 3443 5054 N7_possedet
3479 4988 3560 5039 la.
3598 5053 3603 5054 γ
3651 4985 3706 5020 ’⁸⁷

1679 5065 1737 5122 q.
1771 5054 1887 5124 snt.
1919 5050 2044 5106 add.
2084 5050 2172 5106 th.
2250 5058 2322 5093 95°
2361 5053 2436 5104 ita
2474 5056 2520 5107 l.
2563 5054 2600 5106 τ’.
2630 5069 2674 5108 e.
2711 5053 2983 5106 demanio
3010 5060 3105 5106 aut
3141 5050 3426 5110 d‘ominio.
3457 5053 3706 5124 dignitate

1983 5241 2211 5299 NOTIE.

455 5338 639 5466 ϐ(643)
678 5335 870 5394 Manet
917 5335 1030 5394 alta
1068 5345 1243 5395 mente
1272 5345 1558 5411 repostum.
1587 5337 1786 5413 Virgil.
1818 5337 1951 5398 fEn.
1984 5357 2024 5408 ι,

491 5456 924 5554 ttiiiLFortasse
942 5479 1419 5554 Haderesbrugge
1441 5479 1500 5536 in
1525 5497 1682 5554 pago
1698 5481 2021 5554 Nortgowe,

417 5551 589 5625 hodie
606 5551 938 5625 Herspruch
950 5552 1116 5623 juxta
1131 5551 1370 5609 ﬂuvium
1394 5551 1651 5625 Regniti,
1671 5553 1826 5610 inter
1837 5551 2024 5608 Nurn-

421 5619 569 5692 berg
592 5625 650 5675 et
679 5619 954 5692 Amberg.

491 5683 634 5762 (643)
669 5683 990 5759 Αιιιθτῑὶὶἀὶ,
1022 5707 1204 5764 pagus
1233 5693 1387 5749 haud
1416 5695 1618 5767 procul
1645 5690 2022 5770 abAmberga

2125 5339 2280 5396 situs.
2317 5338 2531 5396 Chron.
2562 5337 2830 5395 Gottwic.
2872 5341 2917 5408 Ι,
2943 5355 3002 5408 p.
3035 5343 3140 5396 716
3199 5341 3333 5397 Uas.

2195 5411 2346 5482 (646)
2375 5411 2674 5478 Creussen,
2705 5410 2858 5466 infra
2879 5410 3085 5466 urbem
3122 5413 3415 5469 Baireuth.

2199 5483 2340 5552 (647)
2373 5482 2747 5554 Conﬁsupra
2773 5483 2814 5538 t.
2857 5498 2928 5550 .v,
2959 5497 3010 5537 c.
3034 5485 3124 5539 37.
3524 5553 3529 5554 ί
3639 5548 3653 5554 _
3703 5503 3710 5514 ι

2197 5553 2528 5625 (648)Νιιι]ο
2556 5553 2798 5625 zehren,
2831 5569 3013 5625 pagus
3043 5571 3163 5611 non
3203 5555 3450 5610 multum
3487 5553 3553 5608 ab
3579 5553 3640 5625 ut"

2121 5622 2297 5680 MiSna
2327 5624 2560 5682 distans.
2596 5622 3052 5696 Castellum'jam
3085 5625 3226 5681 olim
3269 5625 3538 5681 dirutum.
3584 5622 3693 5676 llas.
