3900 6216
284 467 427 522 1301

1577 444 1997 509 CHBONICON.
2034 473 2108 487 --
2126 443 2256 501 LIB.
2282 442 2348 497 V.

3477 442 3616 502 i302

277 602 457 657 bant.
486 599 662 653 Totus
711 591 806 648 hic
847 605 1055 662 pagus,
1085 584 1183 660 qui
1226 580 1456 640 Zlomizi
1499 581 1648 653 (649)
1684 578 1910 643 dicitur,
1933 575 1988 632 A
2016 575 2374 650 frangentes,
2406 574 2631 631 tristem
2669 575 3001 629 matronam
3029 569 3120 627 his
3134 569 3468 626 mulcebant
3483 586 3619 643 pro-

285 689 525 761 optime
551 689 678 741 tum
704 682 979 746 excultus,
1012 678 1072 732 in
1110 692 1227 730 una
1265 675 1372 729 hac
1407 670 1498 727 die
1528 670 1685 740 igne,
1721 666 1911 739 gladio

293 754 358 834 et
400 772 750 832 habitatoris
786 768 1090 825 eductione
1134 762 1407 820 ﬂebiliter
1437 759 1745 814 desolatur.
1799 754 1911 810 Sed

276 866 541 940 qualiter
564 864 610 919 is
639 870 735 928 9³³,
765 858 862 932 qui
903 872 1107 912 omnes
1140 852 1345 907 crebro
1378 849 1578 903 fallere
1605 845 1846 911 solebat,
1877 861 1911 899 a

279 935 669 1029 quibusdam,
703 950 799 1022 qui
838 949 895 1002 in
945 942 1215 1015 Mogilina
1255 939 1403 1029 urbe
1429 936 1573 1008 (650)
1608 935 1906 1001 sedebant,

282 1022 672 1103 deluderetur
689 1048 783 1106 ου,
815 1048 1145 1092 memorare
1176 1030 1335 1085 libet.
1365 1026 1452 1081 Hii
1482 1022 1908 1093 cumalegione

276 1137 363 1191 ad
431 1148 530 1187 eos
580 1129 757 1184 missa
797 1121 1330 1197 impugnarentur:
1373 1114 1490 1173 Cur
1541 1115 1617 1169 sic
1670 1113 1854 1181 facitis
1881 1112 1909 1166 ‘I

288 1222 599 1295 inquiunt.
628 1218 870 1271 Vestrum
889 1213 1141 1267 seniorem
1171 1208 1432 1279 optimum
1454 1204 1668 1269 scimus,
1695 1207 1745 1254 et
1769 1201 1911 1255 hunc

282 1291 473 1367 nostro
494 1322 786 1380 proponere
808 1302 1068 1358 volumus.
1107 1299 1343 1353 Tantum
1382 1291 1670 1366 precedite,
1719 1296 1770 1343 et
1817 1305 1910 1342 nos

275 1418 411 1457 cum
432 1398 657 1471 familiis
685 1401 735 1449 et
752 1390 1164 1465 possessionibus
1184 1388 1247 1459 (f.
1290 1385 1374 1451 92)
1432 1382 1696 1438 universis
1730 1381 1904 1434 subse~

284 1468 521 1548 cuturos
550 1493 622 1528 ηδ
641 1501 750 1538 ηοη
777 1481 1036 1536 dubitate.
1061 1476 1219 1531 Talia
1240 1475 1490 1538 orantes,
1516 1486 1632 1525 non
1664 1468 1911 1539 amplius

282 1577 584 1634 vexabant
604 1574 820 1635 hostes,
857 1571 915 1623 et
961 1564 1171 1621 seniori
1203 1578 1304 1617 suo
1330 1563 1436 1616 hos
1479 1568 1553 1602 9“
1601 1558 1910 1612 adventare

287 1683 407 1740 pro
440 1666 598 1719 certo
646 1658 1018 1716 nunciabant.
1054 1652 1165 1708 Sed
1200 1667 1330 1705 cum
1382 1646 1809 1704 commilitones
1840 1646 1912 1699 ad

289 1731 635 1812 condictum
677 1764 803 1804 sero
844 1744 1135 1800 conﬂuere
1178 1741 1371 1795 locum
1407 1737 1628 1808 hosque
1653 1742 1723 1776 9"
1754 1731 1911 1789 domi

290 1844 504 1900 sedere
536 1841 645 1895 dux
677 1837 958 1899 cerneret,
993 1831 1240 1885 multum
1271 1825 1552 1890 irascitur,
1586 1827 1643 1879 et
1670 1822 1911 1877 menda-

2021 668 2227 735 missis,
2255 667 2301 722 si
2333 666 2565 739 quando
2582 679 2711 719 cum
2733 661 2919 736 gratia
2938 659 3157 733 regisid
3184 657 3309 714 fieri
3322 657 3617 731 potuisset,

2016 759 2123 813 hoc
2155 760 2341 813 totum
2371 772 2436 810 ex
2463 771 2564 810 sua
2587 756 2752 825 parte
2774 768 2833 808 se
2851 752 3250 806 renovaturos.
3279 748 3395 802 Rex
3424 751 3617 804 autem

2024 848 2315 903 devastata
2334 844 2494 901 omni
2525 841 2751 898 comitis
2772 839 3122 914 proprietate
3143 846 3213 881 θοι
3229 839 3429 894 etcum
3446 837 3619 893 bene-

2017 937 2146 993 ficio
2170 937 2283 992 late
2301 935 2499 1001 divisa,
2519 933 2591 988 ad
2607 931 2939 1001 Bavanberg
2949 929 3134 996 venit;
3150 927 3345 1000 ibique
3367 929 3620 983 exercitu

2017 1046 2118 1084 suo
2135 1028 2291 1082 bona
2320 1040 2451 1080 cum
2481 1038 2619 1095 pace
2652 1019 2909 1086 dimisso,
2943 1017 3299 1074 nativitatem
3327 1017 3429 1074 Dei
3456 1016 3622 1088 geni-

2025 1115 2181 1171 tricis
2203 1114 2375 1185 (Sept.
2399 1112 2455 1183 8)
2477 1108 2893 1181 sollempnibus
2911 1106 3222 1163 celebravit
3234 1105 3622 1178 gaudiis.lnde

2018 1207 2309 1279 profectus
2322 1205 2393 1259 ad
2410 1203 2606 1258 silvam
2631 1199 3008 1272 Spehteshart
3035 1197 3186 1270 (652)
3202 1200 3619 1271 nuncupatam,

2013 1297 2281 1351 laborem
2311 1289 2694 1365 expeditionis
2720 1287 2977 1343 delinivit
3004 1287 3283 1344 suavitate
3301 1286 3622 1343 venationis

2013 1386 2075 1451 (f.
2106 1385 2221 1453 93).
2250 1380 2782 1454 Completaibidem
2804 1376 3622 1448 autnmnalijocunditate,per

2026 1473 2327 1529 Franciam
2352 1470 2581 1526 transiit
2609 1469 2682 1524 ad
2708 1466 3034 1528 Saxoniam.
3069 1465 3329 1521 indicens
3357 1465 3465 1521 hiis
3492 1482 3623 1537 pro-

2013 1564 2171 1618 xima
2194 1562 2389 1618 hieme
2421 1575 2584 1616 suam
2616 1558 2688 1613 ad
2716 1555 2957 1612 Milzieni
2987 1554 3412 1628 expeditionem
3450 1554 3619 1626 (653).

2015 1654 2149 1707 Post
2165 1652 2290 1705 haec
2310 1650 2503 1704 natale
2527 1646 2757 1703 Domini
2780 1645 2838 1699 in
2863 1643 3068 1699 Palithi
3095 1652 3166 1686 οη
3184 1660 3347 1699 more
3362 1642 3623 1716 priorum

2016 1739 2287 1795 divinitus
2315 1754 2379 1793 ac
2393 1735 2730 1792 humanitus
2749 1732 3093 1789 honorando
3119 1740 3192 1776 οοο
3211 1731 3437 1805 peregit
3462 1732 3624 1803 (654).

2088 1833 2177 1885 24.
2208 1826 2430 1882 Deinde
2473 1824 2543 1879 ad
2596 1823 2945 1892 Thornburg
2998 1820 3236 1876 veniens
3280 1821 3392 1887 (an.
3440 1817 3622 1893 1004),

293 1933 469 1988 cibus
497 1928 661 1985 sociis
686 1940 886 1998 pmnas
916 1929 987 1963 "8
1023 1920 1298 1974 minatur.
1332 1916 1566 1969 Postera
1596 1914 1740 1977 luce,
1786 1912 1911 1965 orto

2017 1914 2365 1988 Willigisum
2393 1912 2840 1983 archipresulem
2859 1927 2989 1965 cum
3010 1908 3231 1965 caeteris
3245 1908 3626 1966 familiaribus

281 2024 428 2095 jam
450 2019 591 2085 sole,
619 2014 802 2088 preda
831 2005 1268 2066 innumerabilis
1296 2001 1668 2075 premittitur.
1702 2003 1759 2054 et
1796 2015 1916 2054 ma-

302 2089 430 2182 gna
458 2123 589 2178 pars
608 2102 862 2159 hostium
891 2098 1019 2153 Albi
1046 2093 1411 2165 inmergitur.
1440 2090 1642 2146 Caeteri
1673 2089 1912 2143 domum

292 2176 614 2256 redeuntes
666 2189 854 2252 inlesi,
911 2185 1173 2242 dividunt
1218 2181 1484 2254 predam,
1543 2176 1756 2233 seniori
1814 2193 1913 2231 suo

290 2287 526 2362 optima
572 2292 645 2326 πθ
688 2294 931 2353 quaeque
981 2274 1357 2344 assignantes.
1382 2270 1505 2323 Non
1555 2267 1666 2322 fuit
1721 2265 1916 2320 minor

288 2357 659 2449 captivorum
691 2381 968 2423 numerus
994 2378 1169 2435 quam
1215 2359 1327 2413 tria
1373 2357 1542 2424 milia,
1579 2359 1636 2411 et
1677 2357 1739 2410 ut
1783 2369 1911 2426 pre—

291 2446 494 2520 sentes
526 2456 920 2520 afﬁrmabant,
953 2452 1134 2505 multo
1166 2446 1428 2519 amplius.

373 2554 467 2607 23.
495 2544 794 2603 Heinricus
814 2556 949 2596 vero
979 2540 1077 2581 ειν
1094 2552 1288 2591 comes
1305 2552 1363 2589 se
1386 2535 1510 2605 jam
1542 2532 1814 2588 defecisse
1845 2540 1916 2573 1³⁸ο

292 2637 795 2697 animadvertens,
812 2630 883 2685 ad
896 2629 1102 2682 urbem
1118 2625 1304 2680 Crana
1318 2623 1530 2678 dictam
1547 2621 1916 2692 (65l)prope-

290 2726 621 2797 rat,ibique
655 2714 1152 2783 Sifridum,ﬁlium
1181 2711 1407 2767 comitis
1437 2709 1724 2781 Sigrifridi
1748 2709 1914 2779 juve-

300 2834 471 2882 nem,
505 2810 713 2869 auxilio
772 2825 830 2863 se
871 2804 1274 2876 expectantem
1326 2800 1533 2853 collato
1594 2797 1910 2864 inveniens,

296 2922 411 2962 nec
432 2901 540 2959 sibi
580 2914 767 2970 neque
795 2895 928 2950 huic
960 2894 1138 2947 ullam
1186 2889 1244 2943 in
1275 2889 1593 2943 rebellione
1640 2903 1801 2958 spem
1852 2885 1913 2939 in

290 2995 390 3050 his
424 2989 684 3065 partibus
720 2981 1003 3058 promisit.
1041 2978 1299 3033 Tandem
1332 2993 1462 3031 cum
1506 2992 1574 3030 eo
1610 2983 1679 3017 σοι
1732 2976 1915 3028 multa

291 3062 545 3145 locu—tus,
578 3074 822 3131 eandem
846 3067 1126 3133 incendit,
1160 3083 1335 3137 seque
1362 3065 1434 3119 ad
1478 3062 1728 3118 Boemiaa
1775 3065 1913 3116 tunc

2017 2007 2090 2061 ad
2148 2004 2449 2060 Gisilerum
2488 2000 2646 2056 misit
2690 1998 3203 2071 archiepiscopum,
3258 2000 3397 2052 tunc
3453 1997 3627 2053 nimis

2019 2095 2342 2159 infirmum,
2383 2093 2447 2146 ut
2470 2105 2700 2144 memor
2735 2087 2988 2154 Domini,
3021 2085 3293 2159 quicquid
3332 2093 3404 2128 ουτ
3432 2085 3491 2140 in
3523 2086 3623 2141 de-

2017 2187 2231 2239 structo
2263 2177 2716 2249 Merseburgensi
2741 2175 3074 2249 episcopatu
3102 2181 3174 2217 908
3193 2176 3470 2230 hactenus
3490 2173 3627 2229 deli-

2018 2272 2178 2344 quid,
2208 2272 2362 2326 hunc
2402 2265 2753 2323 resumendo
2783 2264 3173 2335 injustamque
3212 2262 3408 2319 sedem
3448 2262 3622 2318 relin-

2019 2360 2276 2431 quendo,
2309 2360 2369 2413 in
2430 2355 2652 2412 ultimis
2708 2355 2911 2409 saltem
2966 2352 3279 2408 emendare
3334 2350 3623 2407 voluisset.

2018 2451 2184 2505 Hunc
2215 2456 2288 2490 σου
2320 2446 2509 2518 primo
2560 2445 2798 2517 propter
2825 2440 3269 2508 Herimannum,
3297 2456 3470 2512 quem
3522 2437 3629 2495 sibi

2015 2539 2183 2593 idem
2214 2550 2445 2605 semper
2465 2534 2523 2587 in
2546 2548 2731 2604 regno
2759 2546 3124 2601 summopere
3148 2531 3393 2585 conatur
3419 2545 3632 2602 prepo-

2016 2644 2176 2691 nere,
2205 2623 2404 2686 odivit,
2420 2623 2734 2693 posteaque
2748 2621 2883 2675 data
2892 2617 3025 2674 huic
3040 2618 3251 2673 suimet
3266 2616 3631 2689 gratia,inter

2016 2711 2505 2771 familiarissimos
2528 2709 2731 2765 habuit
2756 2707 3227 2779 ;commissisque
3269 2706 3318 2761 ei
3363 2706 3635 2763 omnibus

2016 2806 2074 2859 in
2119 2801 2374 2858 Saxonia
2404 2799 2617 2854 suimet
2654 2796 3125 2870 proprietatibus,
3157 2795 3389 2851 ﬁdelem
3418 2794 3477 2870 in
3519 2794 3632 2851 hiis

2017 2890 2308 2965 persensit
2338 2887 2717 2959 provisorem,
2742 2887 2925 2941 multa
2947 2902 3072 2957 quas
3102 2889 3238 2940 tunc
3263 2901 3379 2940 sure
3407 2868 3628 2941 arride-

2014 2984 2158 3038 bant
2236 2977 2537 3043 voluntati,
2596 2992 2700 3047 per
2770 2975 3022 3029 eundem
3081 2975 3406 3047 complens.
3481 2974 3625 3030 Tan-

2017 3073 2150 3125 dem
2217 3070 2400 3124 zelum
2449 3065 2551 3121 Dei
2593 3065 2840 3135 amplius
2895 3071 2967 3107 ατο
3019 3064 3171 3118 ferre
3229 3080 3348 3118 non
3403 3064 3622 3127 valens,

294 3172 629 3225 invasorem
658 3162 1003 3218 Bolizlavum
1050 3172 1182 3210 cum
1216 3154 1442 3242 (1011117197
1470 3155 1739 3242 Βςιιοοῐὶϐ
1773 3151 1911 3205 resi-
1945 3182 1993 3242 ρ
2016 3159 2276 3231 perfecto
2307 3158 2463 3211 hunc
2486 3156 2818 3227 persecutus
2847 3153 3002 3219 odio,
3029 3153 3155 3219 hos,
3187 3150 3332 3206 sicut
3376 3150 3621 3222 predixi,

297 3258 546 3328 duisque
572 3250 891 3307 fautoribus
929 3242 1211 3301 concessit
1235 3250 1327 3295 ου’.
1362 3240 1604 3295 Sifridus
1633 3255 1790 3305 vero,
1814 3254 1911 3309 spe
1956 3238 1992 3242 ⁷
2018 3247 2255 3302 nuntios
2316 3243 2495 3298 misit.
2572 3240 2789 3304 Quibus
2836 3240 2924 3294 vix
2990 3240 3199 3294 talibus
3275 3238 3619 3312 respondit:

297 3348 501 3420 palam
555 3336 859 3396 resistendi
912 3335 1206 3398 frustrata,
1261 3346 1380 3386 non
1437 3346 1536 3384 eos
1581 3328 1911 3391 comitatur,

299 3419 390 3492 set
421 3433 493 3488 de
524 3432 717 3485 futura
741 3422 1033 3481 commissi
1064 3419 1474 3475 emendatione
1503 3420 1691 3473 certus
1721 3433 1909 3471 rever-

302 3525 468 3580 titur.
504 3521 619 3574 Rex
657 3518 851 3571 autem
902 3512 975 3567 ad
1043 3510 1293 3566 Cranam
1346 3509 1573 3562 hostem
1622 3506 1910 3560 insecutus

294 3612 651 3683 fugientem,
683 3605 882 3661 lenivit
922 3606 982 3660 in
1025 3606 1134 3660 hoc
1175 3602 1385 3658 suimet
1414 3598 1699 3663 animum,
1754 3592 1910 3666 quod

297 3697 540 3773 agnovit
569 3697 629 3768 (f.
661 3694 777 3766 92‘)
800 3710 858 3749 se
884 3693 1187 3748 inimicum
1213 3691 1273 3745 in
1303 3685 1663 3744 destruendis
1705 3698 1910 3755 preoc-

294 3770 561 3859 cupasse.
620 3783 766 3839 Misit
818 3786 954 3837 tunc
1037 3779 1390 3845 Heinricum,
1437 3770 1910 3844 Wirciburgensis

298 3875 667 3949 episcopum,
723 3874 783 3925 et
826 3868 1284 3933 Erkanbaldum,
1335 3862 1626 3919 Fuldensis
1662 3859 1910 3917 coenobii

296 3964 599 4028 abbatem,
623 3964 685 4015 ut
702 3957 1007 4014 Suinvordi
1025 3956 1323 4012 castellum
1343 3952 1723 4008 incenderent
1739 3952 1911 4021 atque

297 4051 622 4109 diruerent.
656 4049 808 4113 Quos
852 4048 1228 4101 adventantes
1280 4040 1524 4097 Heinrici
1572 4038 1799 4094 comitis
1830 4037 1912 4092 in-

298 4143 439 4198 clita
457 4142 665 4204 mater,
699 4137 818 4192 Eila
849 4135 1108 4201 nomine,
1132 4135 1197 4187 ut
1244 4131 1453 4186 talibus
1492 4128 1732 4183 decebat
1780 4142 1908 4197 per-

297 4231 485 4296 sonis,
507 4227 818 4299 suscipiens
850 4228 907 4280 et
937 4226 1210 4289 salutans,
1246 4224 1308 4274 ut
1333 4220 1603 4292 precepta
1632 4215 1912 4271 intellexit

300 4319 546 4390 regalia,
567 4316 957 4389 perturbatur,
979 4313 1321 4382 concitoque
1343 4324 1510 4363 cursu
1532 4307 1606 4361 ad
1627 4304 1912 4359 zeclesiam

298 4423 647 4482 properans,
698 4404 919 4459 ibidem
978 4401 1130 4473 ignis
1179 4395 1713 4454 concremationem
1753 4394 1913 4465 prius

2016 3336 2227 3389 Dantur
2294 3332 2435 3386 mihi
2488 3332 2651 3384 trium
2698 3328 2783 3382 vel
2824 3335 3053 3399 quatuor
3107 3327 3340 3383 induciae
3387 3327 3621 3397 dierum,

2014 3430 2064 3478 et
2091 3423 2233 3477 mihi
2262 3421 2418 3475 liceat
2459 3418 2613 3472 abire
2638 3445 2656 3484 ,-
2682 3417 2873 3488 quibus
2903 3418 3185 3470 transactis
3213 3414 3277 3488 (f.
3313 3414 3423 3488 93')
3476 3423 3622 3471 certa

2013 3512 2156 3566 vobis
2201 3510 2452 3579 referam.
2510 3506 2626 3561 Hoc
2673 3505 2827 3574 apud
2851 3520 3050 3573 regem
3080 3504 3400 3575 inpetrans.
3442 3507 3502 3559 et
3559 3505 3619 3560 in

2012 3617 2203 3667 curru,
2226 3601 2292 3655 ut
2314 3597 2412 3653 diu
2440 3598 2579 3651 tunc
2596 3593 3056 3660 solebat,exiens,
3086 3592 3159 3648 ad
3182 3592 3447 3647 Thriburi
3468 3594 3617 3662 (655)

2011 3694 2231 3745 curtem
2265 3702 2426 3743 suam
2449 3683 2626 3749 venit,
2658 3682 2857 3754 ibique
2888 3681 3032 3736 duos
3060 3683 3458 3735 commoratus
3473 3680 3617 3749 dies,

2011 3782 2042 3835 8
2071 3779 2354 3835 Kalendas
2383 3772 2677 3830 Februarii
2701 3770 2969 3843 migravit
2997 3771 3070 3826 ab
3098 3770 3208 3825 hoc
3236 3769 3447 3828 seculo.
3492 3769 3617 3835 Quo

2011 3869 2228 3935 audito,
2253 3883 2353 3922 rex
2374 3879 2579 3936 corpus
2608 3858 3041 3918 archiautistitis
3074 3859 3410 3932 precedens,
3435 3875 3617 3931 usque

2013 3958 2083 4014 ad
2111 3954 2531 4029 Magadaburch
2565 3948 2949 4023 subsequitur,
3006 3946 3352 4021 premittens
3394 3964 3463 4003 eo
3522 3963 3617 4003 ca-

2010 4047 2305 4127 pellanum
2360 4043 2570 4098 suimet
2629 4038 3013 4112 Wigbertum,
3066 4040 3130 4093 ut
3196 4036 3267 4093 de
3335 4035 3618 4093 electione

2008 4133 2318 4205 Taginonis
2345 4140 2415 4174 971
2433 4128 2771 4185 unanimem
2784 4128 3144 4183 confratrum
3160 4127 3516 4182 voluntatem
3535 4126 3619 4181 in-

2014 4223 2288 4293 patraret.
2306 4220 2407 4273 Set
2434 4218 2757 4290 prepositus
2769 4216 3027 4287 ejusdem
3056 4216 3316 4281 civitatis,
3333 4212 3616 4270 Walther-

2015 4310 2121 4364 dus
2146 4307 2404 4373 nomine,
2429 4305 2758 4360 convocatis
2783 4304 2842 4359 in
2866 4321 3049 4359 unum
3079 4302 3463 4359 confratribus
3490 4302 3618 4358 uni-

2011 4397 2206 4463 versis,
2234 4394 2456 4450 obitum
2486 4392 2729 4448 senioris
2778 4394 2837 4447 et
2877 4393 3189 4449 adventum
3221 4391 3374 4462 regis
3401 4391 3620 4464 pariter

298 4496 607 4559 sustinere,
631 4509 805 4565 quam
830 4492 939 4546 hac
963 4489 1341 4545 comburente
1372 4485 1499 4539 viva
1525 4484 1697 4538 vellet
1734 4482 1911 4549 exire,
1936 4469 1990 4529 D
2015 4484 2238 4551 indixit,
2275 4482 2581 4537 obsecrans
2601 4484 2664 4536 ut
2682 4480 2931 4536 invicem
2951 4497 3134 4535 unum
3161 4478 3411 4550 aliquem
3427 4477 3617 4550 inqui-

298 4582 736 4640 testatur.Unde
755 4580 1009 4635 seniores
1020 4575 1328 4649 prefati,ob
1346 4573 1550 4629 Christi
1565 4588 1828 4628 amorem
1843 4580 1914 4614 που

298 4673 589 4728 seculares
603 4667 1008 4744 postponendo
1025 4665 1281 4730 timores,
1303 4663 1597 4717 decretam
1612 4661 1917 4716 mutabant

297 4759 689 4825 sententiam;
722 4772 1036 4827 murosque
1068 4752 1228 4807 urbis
1252 4768 1316 4807 ac
1338 4749 1573 4806 aedifitia
1624 4750 1918 4803 solotenus

2016 4575 2234 4639 rerent,
2266 4587 2397 4626 cum
2421 4587 2533 4643 quo
2552 4570 2854 4642 antiquam
2872 4566 3123 4639 eligendi
3139 4565 3619 4623 consuetudinem

2019 4661 2353 4717 retinerent.
2384 4657 2483 4714 Cui
2516 4658 2587 4713 ab
2614 4658 2887 4714 omnibus
2914 4656 3043 4712 ilico
3077 4656 3621 4727 respondetur,eun-

2019 4751 2153 4805 dem
2171 4766 2230 4804 se
2242 4746 2633 4804 communiter
2643 4748 2787 4802 velle
2800 4745 2858 4800 in
2872 4744 3173 4800 dominum
3185 4785 3198 4812 ,
3214 4743 3407 4799 divina
3425 4744 3499 4799 ad
3510 4745 3620 4800 hoc

1635 4837 1869 4891 VARL‘E
1918 4838 2208 4891 LECTION
2216 4835 2315 4891 ES.

370 4936 445 4969 οη
474 4926 660 4980 hisla.
692 4931 762 4966 νει
795 4921 1195 4976 deludeturla.
1231 4926 1302 4959 "5
1333 4916 1858 4988 subsequiturosia.
1899 4918 2186 4975 mhasta.
2219 4924 2288 4958 9"
2318 4916 2607 4988 hasquei.
2636 4922 2763 4988 "to
2790 4912 2857 4966 ab
2890 4915 2913 4965 1
2949 4910 3002 4988 b._
3025 4917 3093 4988 ut
3124 4909 3331 4988 videtur
3353 4907 3619 4967 additum.

292 5007 502 5071 postea,
538 5003 595 5049 ut
616 4997 804 5066 saepius
826 5011 859 5047 a
888 5001 934 5045 et
964 5008 1023 5071 o,_
1045 5007 1251 5045 erasum
1279 4996 1353 5042 est
1456 4993 1504 5042 1.

299 5062 369 5112 δαί
449 5084 519 5122 ea
542 5071 627 5120 la.
680 5062 697 5066 ⁷
724 5074 794 5106 96!
825 5064 1055 5118 eccessit
1090 5066 1137 5116 1.
1237 5068 1306 5101 πθ
1342 5074 1541 5114 amore
1576 5062 1622 5112 1.

1724 5067 1795 5099 θοι
1827 5062 2180 5130 proprietate
2211 5064 2259 5114 1.

1722 4988 1942 5069 spuma
1966 4990 2185 5069 optimo
2218 4992 2285 5069 ,ια
2382 4980 2472 5069 έξί·
2649 4985 2747 5069 ,ίζλ
2794 4990 2970 5069 .⁶⁶⁰,⁵ἷ;
2990 4982 3026 5069 i.-
3062 4982 3117 5034 ἀι
3234 4980 3343 5069 ιο,σο
3372 4995 3490 5069 ras?
3521 4981 3617 5061 ,ίὺ-

2359 5067 2431 5100 oos
2461 5056 2662 5129 polithi
2696 5058 2805 5129 lc?
2849 5123 2859 5129 ὴ
2900 5059 2971 5093 πε
2997 5050 3335 5129 honefaudo
3371 5050 3621 5129 Lutjam
3718 5094 3721 5095 ν

297 5156 485 5212 supra,
553 5145 634 5212 ζου-ι
668 5134 1020 5212 quicquid_1_
1043 5205 1077 5212 Β
1099 5122 2129 5212 968ρῃῗςεεῂιιινείθηείξ.ςρίέοέξρἱὶῐυηὶ
2168 5135 2249 5186 la.
2326 5139 2397 5212 ξω
2436 5122 2589 5212 hunc
2612 5123 3103 5212 archiepiscopum
3135 5122 3415 5175 Gislerum
3446 5138 3545 5175 rex
3567 5125 3618 5177 2.

300 5197 375 5254 ’τῦ
409 5197 837 5265 Τεωᾱεπι’νοι’ὀ
882 5206 1001 5260 zelo
1042 5204 1143 5259 Dei
1182 5202 1484 5274 instinctus
1500 5197 1863 5274 'inJustitiam
1908 5197 2134 5274 tantam
2178 5202 2425 5274 amplius
2457 5205 2510 5256 2.
2537 5200 2607 5257 Α.
2634 5197 2698 5253 S.

2799 5192 2866 5237 ιῑτι
2904 5192 3198 5266 taginone,
3229 5210 3368 5247 corr.
3404 5192 3618 5263 tajone,

302 5284 417 5338 aibi
447 5281 706 5346 tainone,
739 5277 829 5333 sed
858 5277 1051 5349 ubique
1077 5277 1192 5345 fere
1220 5272 1331 5328 alia
1358 5288 1525 5325 manu
1553 5272 1861 5326 restitutum
1891 5272 2127 5344 tagione
2169 5277 2220 5331 l.

1850 5360 2076 5417 NOTAE.

378 5469 525 5553 (649)
565 5467 752 5591 Supra
782 5466 824 5547 l._
850 5481 889 5518 1.
918 5479 968 5517 c.
997 5465 1049 5544 3,
1112 5460 1294 5516 dictus
1349 5458 1626 5526 Glomuci,
1699 5457 1796 5512 ubi
1850 5458 1920 5513 de
2021 5455 2883 5528 referuntexpeditionem,quaa
2899 5448 3623 5509 secundumThietmarum

378 5546 554 5591 :tmne
578 5539 655 5591 du
697 5540 829 5591 itan
850 5537 1067 5591 nequit.
2016 5529 2057 5583 l.
2087 5545 2161 5591 v1,
2196 5545 2244 5584 c.
2281 5531 2333 5583 2.
2356 5543 2510 5582 anno
2541 5528 2697 5582 1004.
2731 5528 2817 5581 est
2843 5528 3124 5591 suscepta.

303 5533 554 5599 lectione
578 5533 829 5593 dubitari
850 5533 1067 5605 nequit.

376 5615 531 5685 (650)
558 5609 798 5685 ltlugeln
821 5600 1001 5685 prope
1032 5603 1427 5685 Hubertsburg
1451 5602 1509 5655 et
1538 5600 1792 5656 Oschatz.

399 5674 527 5747 651)
557 5674 837 5736 Κτόῐιειοὶί
855 5677 911 5733 in
932 5674 1195 5732 Bavaria.

399 5752 531 5825 652)
552 5752 833 5825 Spessaljt.
932 5818 963 5825 Δ
1174 5818 1189 5825 _
1331 5819 1453 5825 ,ΑΗ
1586 5815 1597 5825 .
1622 5818 1636 5825 -
1792 5766 1795 5767 ν

406 5815 535 5893 653)
561 5815 726 5881 σοηῐ.
753 5820 905 5881 Ann.
926 5815 1301 5887 Quedlinb.a.
1324 5819 1479 5878 1003.
1504 5815 1601 5891 qui
1622 5818 1731 5877 hoc
1761 5833 1914 5876 anno

2016 5529 2057 5583 l.
2087 5545 2161 5594 v1,
2196 5545 2244 5584 c.
2281 5531 2333 5583 2.
2356 5543 2510 5582 anno
2541 5528 2697 5582 1004.
2731 5528 2817 5581 est
2843 5528 3124 5596 suscepta.

2090 5600 2234 5669 (65h)
2265 5598 2427 5655 Conf.
2460 5599 2610 5653 Ann.
2640 5597 2893 5654 Hildesh.
2926 5615 2980 5652 a.
3014 5596 3169 5651 1004.

2090 5662 2241 5740 (655)
2251 5670 2403 5726 Alias
2419 5670 2722 5736 Troibern,
2744 5670 3034 5727 castellum
3060 5682 3215 5723 nunc
3236 5662 3492 5740 dirutum
3509 5682 3628 5740 non

2020 5736 2269 5828 multum
2283 5743 2675 5828 a'lihornbu‘rg
2684 5742 2932 5828 adfuisse
2948 5738 3289 5828 suspicenet
3299 5736 3485 5828 aibas;
3505 5738 3631 5813 ipsa

2014 5815 2295 5875 relatione
2322 5817 2382 5874 et
2411 5831 2480 5872 ex
2502 5804 2707 5874 [Pallad
2735 5826 3002 5874 monum.
3032 5804 3187 5870 iued.
3211 5804 3277 5885 'p.
3311 5809 3394 5865 l8.
3426 5804 3559 5867 Uas'.
