3900 6216
394 432 531 490 1303

1354 428 1732 487 THIETMARI
1788 425 2109 486 EPlSCOPI
2156 427 2719 489 IERSEBUGENSIS

3568 438 3706 496 1304

393 553 624 610 favente
652 553 858 627 gratia,
885 554 1119 610 habere.
1146 552 1271 609 Hoc
1299 569 1430 609 cum
1459 570 1695 626 magna,
1714 552 1996 619 utdecuit,
2020 554 2076 614 Α
2094 572 2247 627 super
2262 574 2318 611 os
2340 574 2534 623 meum,
2559 557 2824 629 accipiens
2842 557 3004 616 aDeo
3033 557 3467 630 insui/lationem
3488 558 3703 630 spiritus

390 643 716 699 humilitate
730 644 883 699 idem
899 643 1463 716 suscipiens,veniam
1476 645 1794 715 prostratus
1805 642 1996 715 peciit.

394 732 659 788 Delatum
674 736 759 787 est
772 749 979 803 corpus
991 730 1407 804 archiepiscopi
1422 732 1495 786 ad
1508 733 1771 787 sanctum
1784 731 1997 786 Johan-

391 838 529 877 nem
549 820 706 893 (656)
726 820 919 893 ibique
938 819 1262 892 proximam
1284 822 1517 875 noctem
1539 818 1727 891 dignis
1744 821 2001 874 servatur

390 910 725 966 honoribus.
763 911 999 965 Postera
1052 912 1245 964 autem
1300 908 1391 963 die
1442 924 1572 964 cum
1617 908 1691 963 ad
1735 910 1998 963 sanctum

392 1003 721 1071 portaretur
747 998 1092 1066 Mauritium,
1107 997 1449 1054 adveniente
1460 1001 1597 1053 tunc
1608 997 1825 1053 ibidem
1838 1013 2000 1069 rege,

392 1090 466 1145 ab
498 1106 566 1144 eo
599 1089 876 1162 omnique
912 1091 1065 1145 clero
1105 1091 1164 1143 et
1193 1089 1406 1161 populo
1439 1087 1763 1160 suscipitur.
1797 1104 1999 1141 secun-

389 1178 643 1250 damque
683 1181 916 1233 noctem
945 1177 1254 1248 diligenter
1290 1176 1626 1232 custoditur.
1673 1177 1829 1232 Mane
1872 1175 1999 1246 jam

386 1265 561 1329 facto,
596 1266 868 1321 Arnulfus
906 1266 1205 1338 episcopus
1250 1266 1391 1336 (657)
1424 1266 1489 1330 (f.
1534 1267 1627 1336 94)
1671 1282 1706 1320 a
1751 1281 1887 1335 rege
1927 1260 2000 1319 a'd

387 1355 706 1410 confratres
731 1360 789 1409 et
819 1354 891 1409 ad
923 1354 1133 1409 milites
1158 1363 1229 1397 ’τί
1255 1354 1571 1410 admodum
1596 1354 1782 1409 tristes
1814 1354 2001 1425 gratia

383 1442 743 1515 Taginonem
771 1441 1023 1513 eligendi
1044 1442 1311 1498 mittitur.
1340 1443 1441 1498 Cui
1459 1444 1811 1515 legationem
1833 1458 1998 1496 suam

385 1530 604 1586 cunctis
626 1530 829 1585 ordine
856 1531 1147 1602 pandendi
1170 1533 1490 1588 Walterdus
1521 1532 1876 1604 respondens
1896 1547 1998 1602 pre

388 1618 687 1674 omnibus:
715 1618 950 1689 Scimus,
973 1619 1183 1693 inquit,
1214 1622 1344 1693 quid
1357 1628 1524 1677 vester
1537 1622 1714 1676 senior
1734 1620 1993 1675 intendat.

394 1708 673 1775 Volumus,
698 1710 746 1762 si
782 1709 902 1765 licet
929 1710 1066 1777 fieri,
1091 1717 1407 1780 potestatem
1437 1710 1625 1764 habere
1653 1708 1916 1779 eligendi;
1947 1715 1997 1763 et

384 1804 588 1851 cunctis
619 1796 951 1868 presentibus
982 1798 1062 1851 his
1092 1815 1173 1851 me
1208 1800 1451 1870 quamvis
1495 1798 1775 1868 indignum
1823 1797 1998 1855 volue-

2096 649 2219 713 mei,
2250 653 2309 701 ut
2345 647 2662 719 ubicumque
2709 647 2897 702 ardore
2926 648 3223 719 iuventutis
3247 648 3616 711 incalescente,
3645 649 3706 703 in

2096 736 2309 804 gemina
2336 736 2558 790 caritate
2585 737 2656 790 sis
2691 734 2762 779 ⁵⁸1
2809 736 3061 806 frigidus,
3126 755 3160 791 a
3203 754 3416 793 summa
3447 742 3707 808 potestate

2099 826 2303 896 meique
2342 825 2687 882 benivolentia
2729 832 3192 897 temperamentum
3248 828 3516 899 acmpias;
3564 833 3615 881 et
3663 827 3709 881 si

2100 915 2230 968 meis
2281 913 2563 968 honoribus
2598 914 2832 984 forsitan
2866 916 3189 987 privaberis,
3232 922 3356 987 post
3405 916 3484 971 bis
3526 918 3710 989 quinos

2098 1002 2291 1056 salares
2314 1020 2502 1069 annos,
2557 1018 2682 1059 cum
2724 1020 2841 1059 mea
2890 1004 3034 1076 apud
3082 1004 3258 1060 Deum
3287 1012 3379 1061 tuo
3406 1008 3706 1073 commissa,

2099 1090 2391 1161 majoribus
2410 1109 2514 1162 pro
2547 1099 2685 1147 certo
2717 1092 2995 1148 laetaberis.
3040 1094 3173 1149 Post
3208 1094 3334 1149 haec
3362 1094 3453 1150 vir
3481 1098 3709 1151 sanctus

2099 1195 2232 1234 cum
2258 1180 2436 1235 finem
2462 1197 2629 1235 suum
2659 1181 2857 1237 adesse
2876 1182 2944 1249 (f.
2972 1185 3060 1253 95)
3087 1181 3148 1237 in
3177 1182 3380 1255 spiritu
3407 1184 3708 1255 presciret,

2090 1268 2263 1338 jussit
2293 1286 2353 1324 se
2379 1269 2433 1323 in
2461 1269 2759 1325 ecclesiam
2785 1273 3016 1343 portare
3036 1278 3139 1339 ους
3170 1271 3536 1344 expletisque
3552 1272 3626 1327 ab
3644 1290 3709 1329 eo

2100 1357 2454 1413 orationibus
2499 1358 2833 1431 caeterisque
2872 1376 3000 1431 qua;
3048 1377 3084 1415 a
3120 1359 3396 1415 fratribus
3445 1360 3711 1417 facienda

2099 1450 2285 1513 erant,
2316 1463 2377 1501 se
2422 1462 2552 1501 cum
2591 1446 2699 1503 sibi
2737 1447 3059 1504 commissis
3102 1448 3221 1504 Deo
3264 1449 3707 1514 commendans,

2099 1534 2285 1605 pridie
2317 1535 2603 1591 Kalendas
2635 1536 2894 1592 Octobris
2921 1540 3188 1593 sanctum
3236 1537 3434 1593 emisit
3483 1537 3545 1592 in
3575 1555 3710 1610 pace

2097 1621 2362 1694 spiritum
2394 1625 2509 1691 (an.
2543 1629 2684 1689 994).
2716 1626 2939 1680 Electus
2968 1625 3063 1681 ille
3083 1626 3157 1681 ab
3186 1625 3466 1682 universis
3494 1627 3573 1682 ad
3605 1627 3712 1682 im-

2097 1714 2427 1781 peratorem
2457 1713 2632 1780 venit,
2660 1716 2748 1768 set
2774 1713 3057 1784 promissa
3102 1730 3222 1769 non
3273 1714 3546 1788 percipit,
3579 1717 3710 1772 dato

2097 1794 2235 1846 tunc
2260 1791 2332 1846 ab
2384 1791 2735 1863 imperatore
2774 1792 3106 1864 episcOpatu
3154 1795 3457 1866 capellano
3502 1796 3713 1851 suimet

386 1892 512 1939 runt
563 1861 635 1939 in-
660 1900 889 1942 vacuum
927 1861 1232 1953 succedere:
1267 1894 1324 1942 ut
1372 1888 1480 1957 ipsi
1517 1861 1735 1959 potestis
1748 1885 1994 1958 probare.
2025 1861 3129 1938 BGebehardo.Committiturhuiciste
3145 1861 3710 1954 fideliter,etquam-

383 1973 780 2030 Detrimentum
804 1975 1047 2030 ecclesia:
1076 1975 1197 2043 ﬁeri
1224 1982 1420 2030 nostraD
1448 1975 1677 2031 multum
1713 1992 1995 2041 veremur;

384 2063 525 2135 quod
566 2080 631 2117 ne
676 2063 897 2117 eveniad
947 2072 1041 2132 νη,
1096 2066 1301 2134 regiam
1346 2067 1601 2136 pietatem
1658 2082 1720 2119 ac
1772 2073 1999 2121 vestram

375 2152 609 2222 petimus
629 2152 1092 2219 :intercessionem.
1130 2153 1258 2210 Non
1304 2172 1482 2210 sumus
1524 2155 1851 2211 immemores
1870 2173 1996 2227 pro-

383 2239 551 2294 verbii
608 2240 887 2311 cujusdam
934 2243 1191 2313 sapientis
1237 2243 1463 2309 (Lacu.
1515 2261 1597 2311 ιιι,
1677 2246 1775 2299 145
1844 2247 1993 2316 sq.):

383 2327 708 2384 Libertatem
758 2331 969 2401 populi,
1019 2348 1174 2403 quem
1217 2349 1380 2402 regna
1422 2333 1715 2400 cohercent,
1761 2333 2001 2389 libertate

383 2417 715 2473 dominantis
733 2427 803 2461 ’τι
817 2421 1014 2489 perire,
1034 2426 1345 2491 tantumque
1372 2420 1487 2491 ejus
1506 2421 1756 2475 umbram
1773 2424 1996 2490 servari,

384 2508 434 2559 Si
490 2509 693 2562 cunctis
737 2508 972 2577 ejusdem
1013 2507 1141 2563 velit
1184 2508 1540 2579 obtemperare
1568 2513 1852 2581 preceptis.
1904 2511 1999 2566 His

385 2594 571 2661 dictis,
604 2596 795 2666 presul
828 2612 1109 2667 egressus,
1132 2595 1304 2667 regiis
1322 2597 1831 2653 omniainstillavit
1851 2600 1998 2655 auri-

387 2684 511 2738 bus.
549 2683 657 2747 Qui
668 2700 803 2739 mox
822 2685 1179 2756 prepositum
1193 2702 1403 2742 vocans
1416 2687 1780 2760 multumque
1796 2688 1848 2744 ei
1867 2706 1999 2762 pro-

385 2772 798 2841 mittens,etsui
819 2772 1113 2828 licentiam
1126 2790 1192 2828 ac
1214 2774 1608 2830 consotiorum
1630 2775 1688 2831 in
1708 2778 1997 2834 eleccione

385 2859 696 2932 Taginonis
706 2860 955 2933 gratiam
970 2861 1283 2933 acquisivit.
1304 2862 1619 2919 Confestim
1638 2864 1697 2920 in
1711 2866 1998 2938 majorem

384 2947 857 3003 convenientibus
871 2950 1186 3005 aecclesiam
1203 2951 1545 3019 cunctis,rex
1557 2953 1760 3009 baculo
1774 2955 1996 3009 Arnulfl

385 3038 857 3112 presulisclcrum
877 3042 935 3094 et
949 3041 1225 3113 populum
1252 3039 1533 3113 Taginoni
1558 3044 1888 3100 venerando
1904 3061 2000 3117 pa-

386 3128 485 3192 tri,
508 3145 639 3184 cum
661 3128 958 3184 redditura
973 3144 1202 3185 summo
1215 3129 1396 3201 judici
1417 3131 1673 3200 racione,
1688 3133 1998 3188 commisit,

2097 1967 2180 2022 vis
2191 1967 2263 2023 ab
2276 1984 2344 2023 eo
2360 1968 3324 2036 bonorabiliterhaberetur,tamen
3339 1970 3479 2043 quia
3488 1972 3709 2027 bonum

2099 2060 2155 2112 et
2167 2058 2386 2112 malum
2400 2073 2520 2112 non
2533 2058 2755 2113 suntad
2768 2058 3550 2131 aliquidl658),nonlongum
3566 2062 3712 2115 tem-

2098 2162 2204 2218 pus
2224 2162 2357 2200 cum
2379 2162 2447 2201 eo
2471 2146 2543 2201 ob
2568 2162 2799 2202 morum
2830 2163 3067 2202 suorum
3089 2156 3160 2190 ³8³
3178 2147 3627 2220 inequalitatem
3644 2158 3709 2191 κε

2099 2236 2374 2289 versatur.
2406 2233 2645 2290 Adhesit
2674 2252 2927 2308 namque
2956 2235 3085 2291 ilico
3109 2236 3377 2292 Heinrico
3401 2241 3548 2291 tunc
3563 2237 3710 2304 duci,

2099 2327 2158 2378 et
2191 2326 2429 2395 propter
2453 2324 2775 2379 castitatem
2815 2324 3032 2380 mentis
3043 2328 3101 2381 et
3112 2324 3372 2397 corporis
3383 2326 3439 2381 ei
3457 2328 3710 2399 compla-

2099 2411 2235 2478 cuit,
2270 2428 2337 2466 ac
2369 2428 2546 2483 usque
2579 2414 2653 2468 ad
2681 2414 2831 2469 hanc
2857 2413 3037 2483 diem,
3068 2430 3247 2487 quam
3275 2416 3545 2486 prefatus
3564 2432 3713 2485 sum,

2099 2499 2266 2555 malis
2297 2502 2561 2569 moleste,
2592 2502 2759 2557 bonis
2790 2506 3047 2575 accepte,
3079 2503 3315 2575 perdius
3344 2508 3407 2560 et
3422 2521 3646 2576 pernox
3663 2505 3710 2560 ei

2099 2590 2349 2656 servivit,
2366 2592 2480 2645 Deo
2500 2594 2556 2647 et
2571 2591 2905 2647 hominibus
2925 2609 3027 2647 sua
3047 2592 3377 2663 specialiter
3396 2594 3712 2665 inpendere

2098 2683 2389 2750 satagens;
2415 2682 2855 2754 completurque
2874 2689 2945 2723 ³⁸⁸
2977 2682 3052 2736 ob
3081 2682 3192 2737 hoc
3221 2698 3257 2736 a
3280 2698 3449 2753 rege,
3481 2685 3711 2754 propter

2099 2767 2280 2823 sancti
2305 2768 2411 2824 viri
2426 2769 2499 2825 ab
2522 2771 2727 2825 eodem
2752 2770 2921 2826 unice
2942 2770 3141 2826 dilecti
3159 2787 3436 2826 amorem
3456 2780 3550 2838 σω,
3568 2787 3695 2827 vere

2099 2856 2292 2913 dicum
2313 2866 2384 2900 907
2403 2859 2661 2930 ejusdem
2678 2858 3033 2927 vaticinium,
3056 2859 3312 2915 decursis
3336 2863 3499 2928 tunc,
3525 2860 3710 2933 utipse

2098 2952 2347 3008 domnus
2372 2948 2590 3019 Tagino
2615 2948 2915 3019 sepefmihi
2935 2948 3149 3014 retulit,
3164 2949 3374 3003 decem
3403 2964 3709 3004 annorum-

2101 3038 2417 3096 curriculis.
2471 3037 2577 3103 Qui
2626 3036 2986 3092 carissimum
3036 3036 3248 3091 suimet
3304 3035 3612 3092 dominum
3647 3052 3706 3091 ac

2102 3128 2368 3201 reginam
2396 3143 2529 3182 cum
2560 3124 2834 3182 omnibus
2862 3124 3143 3181 consociis
3166 3124 3608 3197 multiplicibus,
3648 3126 3705 3179 ut

514 3180 1994 3201 --η--νπ--ν--ηη---η--ση-ν---ν-ν-ςνι---ο-κ---η-
2103 3180 2367 3201 -τσ-ππη-
2570 3180 2656 3182 ην
2744 3180 2753 3181 κ
2986 3180 2989 3181 ν
3244 3180 3247 3181 ν
3342 3180 3362 3197 ι
3508 3180 3541 3181 η
3591 3180 3606 3187 ι

389 3216 757 3289 eundemque
778 3216 837 3272 in
851 3218 1187 3274 cathedram
1220 3219 1609 3291 episcopalem
1633 3221 1755 3293 ipse
1787 3222 1999 3277 consti-
2033 3180 2081 3239 Ο
2103 3216 2315 3283 decuit,
2334 3216 2582 3271 honorat
2603 3214 2964 3281 muneribus,
2982 3229 3363 3286 nequaquam
3379 3231 3501 3269 suae
3521 3213 3706 3284 benig-

390 3304 503 3361 tuit
527 3306 880 3361 asstantibus
898 3306 1173 3362 universis
1194 3311 1250 3362 et
1284 3316 1355 3350 οτι
1375 3308 1572 3363 laudes
1590 3310 1708 3364 Deo
1749 3309 2002 3365 canenti-

390 3393 516 3447 bus.
551 3394 853 3450 Celebrata
889 3412 994 3467 pro
1026 3396 1310 3451 defunctis
1340 3396 1704 3468 memoria(f.
1724 3396 1999 3468 94’),cor-

390 3497 498 3553 pus
517 3482 931 3555 archiepiscopi
953 3500 1151 3539 coram
1180 3482 1346 3539 altari
1362 3493 1434 3527 οπο
1449 3485 1681 3541 australi
1706 3486 1998 3558 sepelitur.

465 3570 672 3627 25.Sed
686 3577 1001 3644 antequam
1016 3572 1089 3627 ad
1105 3576 1313 3628 nostrae
1326 3573 1476 3629 sedis
1487 3574 2000 3629 renovationemm

394 3659 897 3732 perveniam,libet
908 3661 1177 3732 quaedam
1188 3661 1261 3716 de
1273 3661 1496 3733 prefato
1507 3661 1627 3717 viro
1642 3661 1739 3733 qui
1753 3663 1888 3716 tunc
1906 3678 2000 3718 or-

2101 3304 2268 3360 nitati
2299 3304 2372 3359 ad
2400 3304 2510 3359 hoc
2540 3302 3000 3375 subpatentibus.

2174 3394 2263 3449 26.
2292 3392 2431 3447 Inde
2460 3408 2559 3447 rex
2592 3407 2727 3446 cum
2774 3392 2981 3446 eodem
3027 3390 3099 3445 ad
3148 3392 3456 3447 castellum
3500 3393 3557 3463 (ἱ.
3606 3391 3704 3463 95’)

2102 3481 2299 3554 ipsius,
2325 3480 2563 3536 nomine
2601 3480 2968 3536 Givikansten
2989 3487 3081 3546 m,
3105 3495 3363 3550 pergens
3386 3484 3506 3552 (an.
3530 3482 3694 3552 1004),

2104 3570 2323 3638 omnia,
2374 3585 2503 3641 qua:
2553 3568 2769 3623 ibidem
2801 3569 2873 3623 ab
2914 3568 3150 3623 Gisilero
3184 3568 3452 3624 antistite
3484 3571 3703 3625 collecta

2103 3658 2633 3731 sunt,singulariter
2643 3657 2932 3729 perspicit,
2948 3657 3139 3712 ethazc
3152 3673 3277 3712 esse
3290 3674 3418 3713 esse
3431 3658 3704 3730 superﬂua

395 3748 681 3804 diuandus
720 3753 867 3817 erat,
901 3749 1199 3804 disserere.
1233 3750 1358 3804 Fuit
1392 3748 1487 3803 hic
1514 3749 1733 3820 egregii
1766 3750 2003 3806 clericus
2102 3751 2365 3805 testatur.
2389 3746 2608 3802 Dehinc
2646 3746 2976 3816 Merseburg
3005 3745 3104 3801 diu
3133 3748 3370 3817 pastore
3398 3763 3502 3801 suo
3524 3746 3705 3801 vidua-

395 3836 837 3909 Vulfgangi,qui
860 3837 1336 3892 Ratisbonensem
1354 3835 1483 3907 pius
1498 3838 1930 3907 pastor,babitu
1946 3841 2005 3894 et
2102 3842 2225 3893 tam
2255 3834 2665 3892 consolationis
2692 3835 2881 3908 gratia
2904 3833 3125 3898 adiens,
3177 3834 3437 3890 eandem
3467 3833 3705 3906 pristinis

396 3925 834 3980 conversatione
853 3925 1195 3988 monachus,
1217 3927 1443 3979 rexerat
1489 3924 1827 3983 wcclesiam.
1865 3926 2003 3982 Huic
2103 3924 2331 3980 restitui
2354 3923 2672 3979 honoribus
2701 3939 2877 3995 quam
2907 3922 3159 3978 maxime
3183 3926 3456 3979 conatur.
3482 3923 3560 3978 lbi
3586 3925 3703 3976 tunc

398 4018 520 4068 tam
532 4029 695 4067 carus
709 4014 834 4066 erat
846 4011 950 4066 iste
966 4015 1027 4065 ut
1038 4011 1096 4065 in
1113 4011 1231 4066 vice
1245 4010 1346 4065 filii
1360 4028 1393 4066 a
1404 4028 1583 4083 puero
1597 4013 1857 4069 nutriens
1870 4033 2007 4071 euu-

401 4101 535 4155 dem
545 4101 683 4170 ,jam
698 4100 955 4154 adultum
971 4098 1139 4153 bonis
1151 4098 1361 4155 suimet
1374 4100 1643 4157 omnibus
1653 4094 2001 4175 prefecis'set.

2102 4013 2323 4085 Tagino
2354 4012 2719 4068 venerandus
2741 4014 2774 4067 4
2789 4013 2980 4068 Nonas
3002 4011 3327 4075 Februarii,
3359 4012 3421 4068 id
3447 4016 3533 4068 est
3547 4027 3706 4084 yppa-

2106 4101 2267 4174 panti
2315 4100 2566 4167 Domini,
2630 4099 2688 4153 id
2728 4102 2816 4155 est
2847 4099 3186 4155 obviacione
3220 4099 3371 4169 justi
3417 4098 3702 4163 Simeonis,

402 4189 642 4258 Insuper
668 4185 827 4241 ducis
857 4190 915 4240 et
944 4186 1312 4259 imperatoris
1335 4189 1587 4261 gratiam
1619 4191 1677 4246 in
1708 4193 1937 4247 tantum
1955 4193 2006 4249 ei
2106 4193 2341 4262 accepta
2371 4190 2442 4245 ab
2474 4188 2755 4244 Hilderico
2811 4187 3066 4243 antistite
3110 4188 3267 4260 (659)
3318 4189 3576 4257 licentia,
3620 4185 3703 4260 qui

405 4274 719 4347 acquisivit,
752 4276 813 4329 ut
835 4283 905 4317 978
931 4275 977 4330 si
1017 4275 1249 4348 quando
1285 4293 1346 4333 se
1382 4278 1453 4334 de
1492 4279 1601 4335 hac
1643 4280 1767 4336 luce
1817 4280 2009 4338 divina
2107 4278 2331 4350 primus
2361 4278 2570 4333 horum
2592 4274 2653 4330 in
2684 4275 2889 4331 ordine
2908 4275 3020 4330 fuit
3067 4276 3461 4347 sonfratrum,
3487 4294 3521 4332 a
3549 4274 3703 4331 Willi-

395 4362 656 4437 jussione
686 4364 1069 4434 subtraheret,
1124 4366 1277 4421 hunc
1316 4366 1422 4423 sibi
1455 4383 1847 4424 successurum
1889 4386 2007 4425 non
2108 4366 2253 4437 giso,
2281 4365 2668 4438 archipresule
2690 4363 3045 4435 Magontino,
3077 4369 3456 4421 consecratus
3479 4369 3701 4438 est,pre-

406 4451 715 4511 dubitaret.
744 4453 1160 4513 Consummato
1194 4457 1327 4511 tunc
1350 4456 1520 4529 hujus
1550 4456 1702 4513 exilii
1732 4474 1899 4513 cursu
1936 4466 2009 4501 ’τί
2035 4467 2088 4528 Ῑ)
2109 4459 2270 4511 sente
2283 4472 2418 4527 rege
2433 4470 2498 4511 ac
2515 4455 2775 4509 Romano
2790 4452 3429 4527 nuncio,omnibusque
3442 4454 3685 4525 coepisco

406 4542 464 4596 in
491 4542 795 4598 sanctitate
816 4542 1167 4611 admirabili,
1207 4544 1551 4602 venerabilis
1586 4545 1825 4601 antistes
1875 4562 2009 4602 cum
2110 4543 2195 4615 pis
2217 4544 2291 4599 ad
2312 4544 2433 4597 haec
2458 4541 2802 4597 faventibus.
2832 4542 2900 4597 Et
2927 4541 3064 4613 quia
3092 4541 3160 4609 is,
3184 4545 3250 4597 ut
3280 4543 3566 4615 scriptura
3594 4543 3701 4613 ejus

408 4648 505 4685 am
532 4648 712 4703 usque
745 4632 819 4687 ad
845 4636 1100 4689 mortem
1141 4636 1409 4706 egrotare
1439 4634 1700 4706 cepisset,
1732 4635 2007 4689 accersito
2118 4635 2376 4699 testatur,
2404 4632 2476 4687 ab
2501 4632 2623 4686 solo
2655 4630 3011 4686 ordinandus
3037 4632 3384 4702 apostolico,
3421 4633 3533 4687 huc
3577 4629 3704 4702 (660)

400 4717 474 4775 ad
494 4735 554 4775 se
576 4719 784 4777 dilecto
805 4720 1102 4794 Taginone
1119 4731 1222 4777 98°:
1249 4722 1418 4791 Pone,
1438 4721 1644 4795 inquit,
1667 4721 1767 4792 ﬁli,
1789 4740 1844 4777 os
1860 4728 2018 4780 tuum
2124 4720 2319 4776 venire
2341 4722 2584 4792 propter
2615 4718 2929 4775 instantem
2960 4718 3378 4776 necessitatem
3400 4737 3519 4777 non
3538 4715 3704 4792 potuit

1728 4895 1962 4952 VARUE
2001 4893 2401 4952 LECTIONES.

472 5032 543 5067 ντί
577 5022 982 5081 ministeriales
1011 5028 1064 5082 2.
1096 5024 1168 5083 Α.
1196 5023 1261 5080 S.

1361 5030 1432 5066 ⁸⁷³
1455 5040 1559 5096 nec
1589 5022 1753 5096 (corr.
1784 5023 1880 5095 ne)
1918 5024 2112 5080 veniat
2142 5029 2191 5081 l.

2295 5031 2367 5067 οτι
2398 5022 2710 5079 dominatis
2744 5026 2793 5078 1.
2870 5030 2941 5065 9⁷⁸
2971 5021 3100 5077 add.
3140 5021 3226 5079 lb.
3317 5030 3391 5065 ’τι
3430 5023 3603 5079 altare
3629 5024 3699 5075 la.

398 5103 471 5137 ⁸⁷⁷
503 5094 897 5152 renovationis
930 5099 1016 5154 la.
1048 5113 1075 5150 s
1111 5111 1282 5151 eraso.
1360 5103 1432 5136 πε
1461 5094 1609 5150 deest
1632 5099 1681 5151 1.
1758 5103 1829 5138 97°
1862 5094 1929 5149 in
1962 5099 2010 5151 l.
2042 5096 2130 5149 hic
2146 5101 2220 5151 est
2249 5112 2434 5150 rasura
2467 5096 2632 5149 trium
2665 5101 2758 5149 aut
2784 5100 3035 5166 quatuor,
3058 5099 3134 5166 Aet
3165 5099 3296 5164 post
3326 5094 3561 5166 antistes:
3602 5096 3703 5166 acto

400 5167 482 5221 vel
506 5184 693 5223 novem
717 5167 1047 5223 litterarum.

402 5246 473 5311 ξδ’
503 5255 737 5295 suarum
772 5241 858 5311 la.
962 5246 1032 5311 98f
1056 5236 1432 5311 inequalitate
1466 5240 1516 5292 1.

1148 5175 1220 5209 980
1252 5166 1487 5239 tagione
1515 5170 1534 5221 l
1571 5185 1625 5221 a.
1658 5166 1835 5223 littera
1863 5183 1903 5237 g
1925 5166 2143 5239 adrasa,
2174 5183 2342 5239 neque
2370 5171 2637 5239 restituta.

1616 5245 1833 5319 “1‘1”
1866 5236 2006 5319 ἀξίάῖ.
2031 5238 2113 5319 “’f,

2739 5162 2808 5247 "3
2835 5164 3021 5247 add!
3051 5163 3101 5245 τι·
3167 5162 3254 5206 ’π’
3284 5164 3581 5247 vortar?!
3599 5162 3699 5247 ’3'

2215 5229 2295 5309 93°,
2315 5238 2528 5309 quippe
2563 5235 2662 5308 qui
2693 5235 2944 5291 nutritor
2975 5234 3154 5305 ipsius
3180 5229 3340 5306 regis
3363 5235 3546 5292 extitit
3589 5229 3699 5286 add.

400 5307 455 5365 2.
490 5326 626 5365 nam
653 5313 714 5367 et
746 5326 805 5365 n.
838 5307 876 5364 i.
907 5324 955 5367 r.
987 5307 1271 5366 fuerat].
1313 5307 1375 5364 S.
1456 5316 1527 5350 ⁸⁸⁷
1551 5307 1865 5365 verdicium
1895 5312 1957 5365 1ο
1978 5308 2007 5363 ‘l
2078 5316 2149 5351 οδε
2182 5307 2701 5381 εἰυὶιίεη“είειθη“1α.

1944 5479 2172 5537 NOTIE.

468 5624 618 5697 (isse)
643 5624 1048 5697 gonasterium
1087 5625 1392 5697 Bergense.

472 5624 597 5688 (656
643 5624 1048 5679 Monasterium
1087 5625 1170 5680 Be:

472 5624 623 5828 ξθωξ
652 5692 1170 5775 Ηὼθηῐεᾱεηδίε..

495 5761 599 5811 688
645 5760 687 5814 ι.
711 5775 757 5815 e.
785 5775 906 5816 non
935 5774 1170 5818 convem

495 5760 618 5820 688)
645 5760 687 5814 ι.
711 5775 757 5815 e.
785 5775 906 5816 non
935 5763 1304 5822 conveniunt.

2178 5628 2328 5693 (659)
2380 5626 2845 5693 Havelbergcnsi.

2175 5698 2323 5770 (660)
2358 5714 2436 5755 sc.
2467 5697 2841 5771 Magdeburg.
