3900 6216
150 449 306 506 1305
1441 443 1690 504 CHRONI

1949 477 1954 489 ι
1982 447 2109 504 LIB.
2132 447 2218 504 Vl.
3357 446 3489 508 1306

149 569 392 626 ibidem
415 568 563 625 sacri
583 567 870 624 crismatis
885 564 1245 624 delibucione
1267 566 1506 624 tercium
1530 567 1787 642 implevit
1803 577 1858 634 Α
1887 571 1954 624 Et
1984 570 2366 627 conteclalem
2397 569 2606 627 suimet
2636 570 2879 628 defende
2906 571 3159 640 ﬁdelem,

148 676 511 722 numerum,
545 657 875 713 Waltherdo
909 661 1035 730 post
1059 675 1117 713 se
1143 673 1379 712 omnem
1416 659 1786 713 committens
1887 659 2002 714 iliis
2030 663 2128 714 tua
2153 677 2255 729 pro
2283 661 2467 731 parvis
2491 661 2646 716 bona
2676 665 2936 734 prestans
2953 661 3205 717 maxima
3231 659 3418 716 donis.

151 747 576 818 episcopatum
598 755 670 788 989
693 745 858 814 (66l).
877 746 988 799 Rex
1011 748 1230 815 autem,
1253 763 1367 818 quo
1401 763 1630 818 semper
1659 763 1786 801 esu-
1887 747 2045 802 Vivat
2074 748 2130 803 in
2163 750 2400 804 aetheria
2427 749 2735 821 Taginonis
2764 751 2994 823 spiritus
3023 749 3174 806 aula.

148 835 301 890 rivit
343 839 520 908 atque
571 835 764 900 sitivit,
807 833 1049 904 justicize
1102 834 1227 889 cibo
1265 834 1512 905 gestiens
1545 839 1675 890 tunc
1706 852 1787 890 sa-
1890 836 2179 891 Waltherd
2214 840 2272 893 et
2296 839 2439 893 Gero
2472 840 2615 908 (663)
2638 840 2865 894 valeant
2895 839 2954 894 in
2984 839 3100 894 fine
3131 838 3300 894 beato
3327 845 3419 892 ⁸³³.

147 923 330 991 ciari,
348 924 489 996 quia
510 923 677 978 aliter
697 940 811 978 non
835 938 999 994 posse
1016 922 1138 976 fieri
1163 923 1314 996 apud
1332 924 1641 978 Arnult‘um
1662 941 1789 996 pre-
1887 928 1932 980 A
1966 926 2187 982 Christo
2218 928 2354 982 salvi
2380 927 2493 982 sint
2520 944 2722 982 omnes
2753 932 2923 1000 atque
2954 927 3182 984 locandi

145 1013 357 1068 sulem
400 1011 638 1080 sciebat,
666 1029 795 1066 cum
821 1011 910 1054 ου’
933 1014 1162 1065 centum
1191 1012 1528 1068 concambio
1556 1030 1789 1068 manso-
1890 1015 2130 1070 Sedibus
2154 1017 2334 1070 Elisiis
2366 1017 2539 1088 (664),
2568 1019 2644 1083 te,
2676 1018 2988 1089 Mersburg,
3023 1017 3119 1089 qui
3149 1015 3378 1089 pietatis

147 1119 326 1168 rum,
365 1119 540 1174 super
565 1103 748 1156 solum
792 1102 1315 1170 Merseburgensein
1349 1103 1786 1173 burgwardum,
1891 1105 1952 1175 (f.
1985 1105 2094 1177 96’)
2126 1105 2345 1160 Atiectu
2374 1105 2583 1160 dextris
2622 1107 2938 1161 exaltavere
2971 1105 3255 1178 benignis.

149 1190 566 1262 episcopalem
581 1189 1414 1262 redemitbannum.Quicquid
1428 1194 1621 1245 autem
1643 1208 1788 1246 aca-
1891 1194 2099 1248 Omnia
2123 1194 2218 1265 qui
2253 1193 2472 1266 primus
2501 1195 2673 1265 regis,
2708 1195 2874 1260 Deus,
2905 1198 3075 1266 atque
3098 1211 3423 1266 supremus,

146 1279 403 1333 rissimo
424 1277 721 1350 Taginone
756 1281 1108 1349 exposceret,
1143 1279 1309 1334 bonae
1339 1281 1647 1335 voluntatis
1684 1281 1791 1335 ha-
1888 1283 2044 1337 Hanc
2072 1283 2398 1348 moderare,
2430 1286 2527 1337 tuo
2560 1286 2734 1355 queat
2765 1286 2826 1337 ut
2864 1283 3170 1338 subsistere
3210 1300 3372 1338 remo

147 1367 498 1426 bundantia
521 1368 628 1422 hoc
652 1367 932 1438 largiente
952 1376 1306 1439 perceperat.
1325 1371 1402 1424 De
1415 1369 1572 1425 Misni
1597 1371 1661 1438 (f.
1698 1370 1788 1441 96)
1890 1371 2020 1441 Ejus
2051 1371 2312 1425 custodes
2343 1373 2441 1425 tua
2465 1371 2580 1426 sint
2611 1374 2884 1442 precenla
2914 1374 3239 1444 sequentes,

148 1461 347 1530 atque
377 1457 448 1510 de
477 1454 636 1510 Citiei
661 1454 1080 1526 episcopatibus
1132 1457 1388 1512 decrevit
1427 1458 1586 1529 regia
1625 1462 1790 1531 pote-
1889 1458 2088 1512 Hostes
2128 1458 2207 1513 nil
2235 1459 2479 1524 valeant,
2512 1460 2770 1514 conversi
2802 1460 2898 1514 sed
2929 1460 3083 1514 bona
3113 1459 3380 1514 reddant.

152 1549 318 1600 state
357 1544 434 1598 ad
486 1544 780 1614 integrum
825 1543 1036 1610 redire,
1095 1546 1249 1616 quod
1295 1545 1606 1618 antiquitas
1654 1547 1788 1601 hinc
1889 1547 1976 1600 Sis
2008 1563 2150 1618 rogo
2174 1547 2484 1618 propicius,
2520 1548 2616 1619 qui
2643 1548 2969 1602 destructor
2993 1547 3100 1602 fuit
3120 1547 3310 1618 hujus.

152 1635 482 1704 demptum
509 1632 684 1686 valuit
709 1632 1009 1702 explicare.
1049 1634 1207 1688 Unde
1241 1633 1349 1688 hiis
1377 1635 1625 1690 versibus
1656 1652 1786 1706 pre-
1887 1638 2125 1708 Insuper
2150 1640 2205 1690 et
2235 1636 2471 1703 cunctis,
2507 1636 2604 1708 qui
2637 1637 2952 1690 subvenere
2993 1634 3284 1706 malignis,

151 1721 306 1776 ludo
343 1718 555 1774 Christi
587 1719 725 1796 edas
755 1719 1191 1775 concinentibus
1223 1730 1292 1763 οοο
1322 1738 1334 1776 :
1889 1727 1971 1780 Da
2002 1724 2250 1791 veniam,
2281 1726 2394 1779 lazti
2426 1742 2539 1797 quo
2571 1728 2834 1798 spectant
2863 1728 3020 1778 certa
3055 1723 3229 1778 futuri
3261 1733 3354 1778 θυι.

1962 1813 2104 1867 Urbs
2136 1811 2555 1868 Wormacensis
2585 1814 2799 1885 gaudet
2827 1812 3187 1884 temporibus
3216 1811 3334 1866 istis

238 1899 290 1953 Ο
323 1899 412 1953 sol
427 1895 668 1969 justiciaa
693 1897 1001 1968 fulgensmn
1026 1914 1196 1968 super
1219 1898 1664 1966 omnia,Christe
1686 1901 1782 1957 99!!
1816 1875 1866 1933 Β
1891 1902 2174 1957 Libertate
2205 1918 2325 1968 sua,
2357 1901 2516 1971 cujus
2547 1875 2823 1956 manebat
2852 1901 2911 1956 in
2938 1875 3147 1956 umbra

154 1988 445 2042 Adventu
475 1985 663 2057 primo
690 1986 976 2040 mundum
1008 1986 1413 2058 redimensque
1449 1990 1698 2044 secundo
1889 1992 2368 2062 llaclenus,atque
2384 1990 2593 2044 ducum
2613 1989 3052 2060 fueratsublege
3070 2003 3307 2042 suorum
3321 1987 3496 2057 (665).

158 2077 318 2132 Cum
357 2078 521 2145 patre
552 2075 870 2144 plasmator
901 2074 1232 2143 dissolvens,
1266 2077 1625 2131 examinator
1890 2079 2179 2132 Burcliard
2211 2079 2449 2135 antistes
2479 2079 2705 2132 lmtatur
2735 2081 2793 2132 et
2817 2077 2970 2130 inter
2997 2075 3205 2130 heriles

158 2166 370 2230 Solus,
403 2179 508 2234 pro
539 2161 712 2218 variis
740 2162 1076 2233 dispensans
1102 2173 1172 2204 οη
1206 2165 1428 2235 premia
1458 2166 1618 2220 factis
1891 2169 1966 2220 Ex
1993 2167 2189 2221 animo
2223 2183 2504 2238 proceres,
2523 2166 2675 2238 quod
2708 2183 2825 2220 non
2851 2166 3019 2220 timet
3043 2163 3288 2236 amplius
3307 2165 3499 2218 hostes

161 2255 450 2308 Humano
481 2251 704 2323 generi,
738 2251 962 2305 sceleris
987 2269 1090 2324 per
1119 2269 1303 2323 prona
1325 2254 1561 2320 labenti,
1891 2256 2049 2309 Nunc
2083 2271 2148 2308 ex
2179 2254 2472 2326 contigue,
2504 2255 2676 2325 longe
2705 2257 2957 2308 semotus
2983 2254 3054 2308 ab
3085 2253 3205 2308 illo.

160 2343 323 2396 Vera
352 2341 496 2404 dies,
537 2341 744 2406 lucem,
773 2343 856 2405 tu,
887 2357 1037 2394 nunc
1067 2340 1390 2396 benedicito
1424 2343 1620 2409 talem,
1891 2345 2034 2397 Aula
2064 2343 2219 2397 ducis
2251 2342 2473 2398 domini
2501 2343 2703 2397 domus
2739 2342 2972 2413 estjam
3004 2342 3235 2412 preclua
3266 2339 3496 2406 Christi,

167 2431 306 2494 Qua
350 2429 478 2501 pius
509 2427 824 2482 aecclesiam
856 2428 1090 2482 visitasti
1125 2429 1526 2500 despoliatam.
1893 2431 1960 2484 Et
1983 2430 2208 2501 judices
2238 2430 2422 2485 varios
2451 2431 2638 2485 clerus
2666 2447 2816 2486 nunc
2851 2430 3128 2502 deprimit
3159 2430 3304 2485 illos.

141 2518 476 2596 Mersburg
503 2519 559 2570 te
590 2517 803 2582 laudet,
839 2516 909 2570 de
935 2516 1042 2570 tuis
1073 2533 1312 2572 munere
1343 2519 1576 2588 gaudet,
1895 2519 2007 2574 Hoc
2039 2536 2134 2572 rex
2170 2519 2464 2573 Heinricus
2495 2519 2653 2585 fecit,
2684 2519 2896 2592 pietate
2932 2535 3198 2574 coruscus
3229 2526 3322 2583 995,

159 2608 315 2678 Ejus
340 2608 400 2660 et
425 2605 568 2672 nati,
602 2608 858 2677 pastores
884 2621 947 2660 ac
976 2605 1235 2660 renovati
1895 2608 2048 2661 Hanc
2079 2607 2325 2678 propriis
2354 2609 2578 2662 solvens
2609 2607 2780 2662 rebus
2814 2607 3152 2678 Christoque
3181 2606 3500 2661 remittens.

160 2695 518 2751 Persolvant
550 2696 742 2764 grates
770 2694 868 2748 tibi
903 2711 1053 2748 nunc
1086 2711 1151 2748 ex
1177 2695 1348 2749 corde
1375 2695 1590 2750 fideles.
1893 2695 2108 2750 Annuit
2133 2695 2240 2751 ista
2267 2696 2391 2766 pius
2421 2698 2554 2751 Otto
2594 2705 2664 2738 οοο
2697 2697 2832 2763 dux,
2865 2700 3036 2768 atque
3065 2695 3353 2766 benignus

160 2783 1136 2853 Incliterexregum,modosuscipe
1152 2783 1336 2836 fasma
1358 2783 1504 2854 (662)
1533 2787 1787 2839 tuorum.
1892 2785 2121 2838 Munere
2154 2784 2333 2855 regali
2361 2784 2641 2839 concessit
2667 2785 2939 2840 habunde
2971 2785 3156 2839 teneri
3188 2785 3349 2852 (666).

163 2874 451 2928 Clemens
476 2870 815 2927 Heinricum
845 2871 914 2926 de
947 2871 1102 2926 caelis
1135 2871 1351 2942 respice
1383 2889 1632 2939 servum,
1896 2875 1970 2927 Ex
2001 2875 2106 2928 hoc
2139 2874 2401 2928 laetantes
2429 2873 2543 2929 sint
2575 2891 2804 2947 semper
2831 2873 3047 2947 quique
3078 2874 3275 2928 ﬁdeles
3303 2880 3395 2926 997.

1400 2992 1746 3080 LIBER
1802 2994 2264 3082 SEXTUS.

249 3153 299 3204 1.
338 3148 407 3220 (f.
443 3148 535 3220 97)
570 3151 702 3205 Post
735 3149 1095 3205 salutiferum
1152 3150 1512 3206 intemeratae
1555 3150 1792 3221 virginis
1825 3158 1871 3216 Ο
1899 3155 2198 3224 scepatum
2260 3155 2471 3206 sanctae
2527 3153 3010 3224 Merseburgensis
3067 3152 3335 3208 (ecclesia:
3390 3150 3508 3206 cui-

161 3241 407 3311 partum
433 3243 836 3294 consummata
860 3238 1167 3293 millenarii
1194 3238 1348 3292 linea
1380 3238 1702 3303 numeri,et
1734 3238 1791 3292 in
1899 3241 2033 3294 dam
2066 3249 2158 3283 ιοοί
2192 3241 2490 3312 capellano
2536 3241 2764 3306 suimet,
2799 3241 3037 3296 nomine
3071 3250 3162 3284 100!
3193 3239 3509 3312 Wigberto,

161 3328 383 3400 quinto
403 3335 477 3368 "8
493 3327 803 3382 cardinalis
825 3327 1043 3383 ordinis
1062 3329 1187 3382 loco
1203 3330 1317 3396 (an.
1348 3329 1482 3381 1004
1496 3326 1680 3396 Febr.)
1699 3336 1791 3393 999,
1896 3344 2029 3384 cum
2054 3328 2483 3382 archiantistitis
2505 3329 2705 3383 baculo
2721 3329 3191 3399 Taginonis,cum
3222 3345 3336 3400 quo
3365 3329 3507 3399 ipse,

161 3435 235 3472 ac
251 3417 312 3472 in
333 3417 596 3487 ejusdem
615 3421 831 3488 quartae
854 3417 1024 3471 inicio
1040 3415 1466 3482 ebdon1adm,in
1486 3415 1792 3470 Februario
1899 3416 2170 3490 quicquid
2191 3419 2517 3470 antecessor
2539 3433 2669 3470 suus
2693 3417 2902 3487 injuste
2917 3417 2988 3470 de
3010 3418 3117 3471 hac
3139 3418 3364 3470 auferre
3385 3433 3514 3486 pre-

161 3521 401 3575 mense,
430 3505 527 3578 qui
568 3505 932 3578 purgatorius
963 3505 1189 3570 dicitur,
1239 3506 1456 3559 clarum
1491 3521 1665 3558 mane
1694 3503 1792 3575 (cf.
1898 3505 2102 3560 sumsit
2123 3504 2396 3570 aacclesia,
2421 3505 2780 3559 renovationi
2805 3505 3066 3576 ejusdem
3093 3504 3357 3558 arridens
3375 3504 3510 3558 red-

163 3597 342 3650 PERS.
381 3611 467 3660 ιιι,
506 3597 557 3656 1)
582 3594 764 3648 illuxit
799 3595 1008 3661 seculo,
1037 3598 1095 3648 et
1120 3593 1444 3657 Heinricus,
1477 3593 1572 3648 Dei
1606 3591 1796 3664 gratia
1897 3595 2041 3649 didit
2063 3597 2228 3664 (667),
2251 3593 2648 3648 consentiente
2675 3593 2783 3647 hoc
2809 3593 3048 3647 Arnulfo
3083 3593 3331 3662 presule,
3366 3591 3506 3646 Eido

161 3699 292 3750 rex,
327 3685 762 3738 antecessorum
797 3699 999 3736 nevam
1035 3698 1272 3736 suorum
1323 3681 1558 3752 cupiens
1587 3698 1797 3736 emun-
1897 3699 2125 3754 quoque
2147 3686 2204 3738 et
2241 3682 2563 3736 Hilliwardo
2591 3681 2894 3753 episcopis,
2929 3680 3134 3752 quibus
3153 3687 3247 3721 ιοοι
3270 3678 3510 3734 diocesis

163 3773 316 3826 dare
350 3769 574 3842 sibique
597 3770 824 3824 veniam
857 3770 1178 3841 promereri
1204 3767 1798 3841 aeternam,dispositis
1896 3773 1992 3827 illa
2011 3771 2119 3826 fuit
2147 3771 2346 3837 divisa,
2375 3787 2440 3825 ac
2454 3769 2614 3824 omni
2633 3771 2843 3842 populo
2863 3768 3270 3840 applaudante.
3298 3769 3509 3823 Ductus

163 3859 498 3915 secundum
531 3858 741 3912 suimet
791 3859 1063 3929 placitum
1100 3859 1168 3913 ad
1218 3860 1339 3913 hmc
1380 3859 1799 3930 pertinentibus
1897 3878 2030 3915 mox
2048 3876 2179 3914 cum
2201 3859 2394 3914 divina
2403 3859 2750 3930 jubilatione
2769 3858 2842 3913 ad
2861 3857 3056 3912 sedem
3074 3873 3238 3911 suam
3254 3855 3510 3926 Wigber-

164 3947 422 4012 cunctis,
443 3947 698 4018 perrexit
724 3949 794 4001 ad
831 3948 1070 4002 domum
1098 3965 1283 4014 suam,
1308 3949 1402 4002 ubi
1437 3967 1494 4003 se
1526 3964 1796 4019 corpora-
1899 3953 1987 4004 tus
2014 3950 2078 4014 (ἵ.
2113 3948 2239 4016 97’),
2269 3949 2476 4002 eodem
2505 3947 2597 4002 die
2620 3948 2691 4002 ab
2715 3945 3142 4018 archiepiscopo
3161 3945 3372 4000 suimet
3399 3945 3506 3998 Ta-

166 4039 310 4093 liter
345 4044 440 4078 ιοοο
471 4052 705 4106 semper
731 4036 950 4090 solebat
979 4037 1236 4104 reﬁcere,
1269 4039 1330 4091 ut
1367 4037 1445 4091 ibi
1474 4037 1796 4092 desiderato
1898 4038 2135 4109 ginone,
2170 4041 2226 4091 et
2255 4054 2288 4090 a
2319 4035 2700 4090 confratribus
2732 4034 2992 4089 Hillerico
3021 4037 3079 4090 et
3099 4031 3342 4105 Wigone
3374 4050 3506 4087 cum

169 4125 280 4180 diu
312 4124 596 4178 alimento
620 4125 917 4193 paululum
940 4129 1298 4179 recrearetur
1325 4125 1381 4178 in
1409 4129 1628 4180 mente.
1648 4127 1796 4179 Con-
1898 4125 2167 4197 predictis
2191 4124 2541 4196 coepiscopis
2573 4127 2960 4178 consecratur.

167 4229 508 4284 vocansque
533 4213 607 4267 ad
636 4229 694 4266 se
725 4229 928 4266 omnes
957 4211 1121 4284 regni
1153 4213 1452 4283 primates,
1489 4213 1646 4268 dedit
1675 4213 1798 4284 epi-
1971 4217 2023 4280 2,
2060 4212 2300 4267 Interim
2321 4212 2630 4266 Bolizlavus
2659 4229 2760 4267 suo
2787 4212 2979 4267 furore
3001 4214 3059 4266 et
3084 4210 3314 4266 comitis
3340 4209 3508 4266 Hein-

1496 4334 1730 4388 νΑΗΙίἘ
1785 4333 2182 4389 LECTIONES.

248 4432 323 4465 σεο
363 4423 711 4477 Wathedo—
734 4421 1128 4492 episcopatum
1163 4422 1288 4476 add.
1321 4421 1399 4478 lb.
1430 4427 1486 4476 et
1512 4441 1577 4476 vv.
1607 4422 1899 4477 commisit
1929 4426 1980 4477 2.
2018 4423 2085 4477 A.
2117 4421 2178 4476 S.
2257 4422 2360 4462 989*
2393 4421 2517 4475 add.
2549 4422 2634 4480 1b.
2712 4431 2784 4465 "0
2811 4427 2860 4478 2.
2887 4425 2983 4477 hoc
3013 4425 3122 4477 loco
3140 4429 3344 4476 sextum
3375 4424 3511 4476 inci-

165 4497 254 4562 pit
287 4494 506 4559 librum,
532 4495 586 4546 in
606 4496 714 4547 ima
737 4496 985 4563 margine
1013 4493 1210 4546 addens
1239 4510 1251 4546 :
1296 4493 1497 4564 Incipit
1528 4496 1670 4564 pro].
1699 4493 1968 4548 lib.sexti.
2028 4501 2113 4564 7m
2138 4492 2225 4544 Ita
2253 4494 2364 4564 sine
2391 4492 2549 4546 dubio
2581 4493 2875 4561 legendum,
2910 4495 3096 4564 fulges
3133 4497 3180 4545 1.
3213 4492 3425 4564 ξριιὶβῐθ
3456 4496 3506 4546 1.

171 4575 249 4608 99³
292 4565 591 4635 dispensas
644 4569 690 4618 1.
769 4562 1167 4635 m7Waltherd
1193 4595 1264 4604 —
1323 4562 1491 4618 beato
1528 4562 1666 4618 add.
1717 4565 1797 4618 lb.
1887 4574 1956 4605 σοι
2013 4563 2125 4619 Hic
2163 4567 2218 4617 in
2273 4563 2463 4618 ultima
2491 4567 2862 4634 quaternionis
2883 4562 3088 4634 pagina
3117 4562 3290 4635 media
3319 4562 3512 4619 desinit

171 4632 401 4701 manus,
425 4651 542 4707 qua
566 4642 614 4689 et
651 4636 800 4688 hosce
830 4634 960 4688 duos
990 4637 1380 4706 quatemiones,
1414 4636 1610 4690 tibrum
1648 4636 1708 4688 V.
1741 4636 2050 4707 compleros,
2083 4639 2134 4688 et
2160 4639 2455 4707 sequentem
2478 4632 2573 4689 seu
2631 4644 2765 4690 seum
2814 4632 2938 4688 libri
2965 4632 3347 4707 priora__folia_
3371 4640 3508 4707 pcto

171 4709 391 4778 scripsit
431 4703 628 4761 'traclu
679 4707 947 4778 continuo,
996 4703 1058 4761 ut
1109 4713 1470 4760 atramentum
1513 4708 1759 4760 ostendit.
1810 4703 2093 4778 Sequentes
2123 4703 2438 4778 verSugplia
2468 4722 2658 4758 manus
2691 4706 2988 4778 Thietmari
3038 4703 3223 4778 εἰπειῶ
3277 4704 3505 4770 addidit,

163 4773 340 4858 paulo
359 4784 500 4858 post,
528 4784 586 4830 ut
611 4776 853 4858 videtu;;
886 4777 1120 4858 antiit—0.:
1145 4780 1378 4858 quinque
1416 4779 1521 4858 ipse
1568 4773 1906 4858 Thietmaruri
1943 4778 2219 4858 apposuit:
2276 4775 2430 4858 Unde
2471 4784 2706 4858 qpparet.
2730 4773 3286 4858 'tredecimmultiiaos
3332 4791 3507 4858 versus

175 4844 398 4920 reliquis
427 4864 531 4920 esse
569 4849 900 4920 recentiores.
979 4856 1049 4889 ουτ
1084 4844 1321 4920 Explicit
1343 4844 1678 4920 prolongus,
1708 4848 1910 4920 Incipit
1941 4844 2085 4920 liber
2109 4849 2296 4920 sextus
2320 4846 2455 4920 add._
2617 4856 2688 4889 ονε
2725 4847 2946 4901 Ursinus
2968 4844 3166 4920 aliique
3188 4844 3305 4913 jam
3340 4844 3509 4920 arine-

179 4915 434 4974 tavérunt
490 4917 577 4972 hic
612 4918 907 4989 ﬁgendum
929 4934 1070 4971 esse:
1103 4915 1178 4971 in'
1227 4915 1431 4988 quarto
1470 4915 1847 4974 cardinalis“;
1903 4917 2159 4989 ejusdem
2192 4917 2410 4988 quintae
2443 4916 2637 4981 inicio,
2669 4923 2726 4989 ut
2781 4925 2892 4970 tum
2928 4933 2992 4968 ex
3021 4917 3128 4989 ipsa
3184 4915 3509 4966 narrationis

177 4993 335 5054 serie,
359 4997 475 5042 tum
505 5005 570 5042 ex
597 4987 860 5042 Heinrici
904 4992 1041 5057 regis
1085 4987 1282 5043 chartis
1317 4989 1472 5056 1004,
1504 4989 1678 5045 Mart.
1707 4994 1737 5044 5
1787 4996 1834 5042 et
1865 4987 1945 5043 6.‘
1969 4989 2112 5043 datis
2137 4987 2302 5059 patet.
2403 4997 2473 5030 999
2501 4990 2588 5042 loc
2619 4988 2963 5059 in7l_oco7raso
2992 4987 3070 5040 1b.
3180 4993 3273 5025 ίθυο
3302 4999 3507 5055 corpo-

176 5061 382 5116 raliter
412 5078 464 5114 a.
502 5067 592 5101 ιοοί
624 5068 646 5100 ²
671 5061 751 5113 itu
782 5061 848 5114 A.
885 5059 950 5116 J.
981 5059 1288 5113 vocabulum
1315 5062 1370 5113 in
1405 5064 1454 5116 1.
1488 5078 1695 5114 erasum
1728 5060 1964 5132 quidam
1991 5057 2156 5129 fuisse
2183 5060 2412 5117 videtur.
2493 5067 2588 5100 ¹οο³
2622 5057 2745 5113 add.
2785 5057 2868 5114 ib.

1725 5182 1947 5238 NOTAE.

252 5270 410 5341 (661)
448 5270 612 5324 Conf.
649 5269 802 5323 infra
832 5271 872 5326 Ι.
901 5286 971 5326 γι.
1897 5271 2146 5325 θροιρεὶω
2201 5267 2621 5341 Wormatiensi.
2674 5269 2875 5341 Noster
2926 5265 3173 5341 respexit
3220 5263 3509 5341 imprimis

250 5335 402 5411 (662)
435 5341 484 5396 Ι.
519 5357 562 5395 e.
601 5356 814 5407 sermo,
847 5357 880 5394 a
911 5341 1113 5397 fando.
1173 5411 1178 5412 7
1459 5411 1500 5412 77
1601 5410 1613 5412 _
1661 5410 1671 5412 7
1896 5345 2250 5412 prmceptum
2278 5339 2436 5412 regis
2464 5355 2498 5392 a
2531 5341 2670 5412 101-57
2695 5339 2804 5393 Jul.
2837 5342 2926 5412 29.
2963 5335 3186 5412 datum,
3217 5335 3324 5412 per
3351 5335 3504 5412 quod

251 5409 409 5484 (663)
438 5414 584 5466 Gero
609 5411 820 5464 electus
848 5411 903 5465 in
929 5411 1415 5482 archiepiscorum
1456 5410 1794 5480 Magdebur-
1897 5409 2028 5484 eam
2042 5409 2242 5484 versus
2273 5409 2498 5484 iniquas
2524 5410 2800 5484 comitum
2848 5409 3270 5484 impetitiones_
3290 5409 3503 5460 tuetur.

183 5479 422 5554 gensem
455 5501 509 5554 a.
541 5485 686 5554 7l01‘2
713 5551 774 5554 __
872 5553 877 5554 7
1070 5553 1074 5554 7
1127 5479 1143 5482 “
1264 5551 1272 5554 _
1315 5551 1367 5554 Η
1531 5479 1566 5554 ξ
1612 5552 1626 5554 _
1968 5483 2120 5554 (666)
2143 5481 2356 5554 Y_idesis
2376 5479 2641 5554 ’chartam
2675 5481 2826 5554 regis
2857 5498 2888 5535 a
2931 5479 3068 5554 1002
3099 5479 3220 5554 Oct_.
3246 5480 3297 5531 3.

254 5557 406 5626 (664)
441 5552 671 5608 Sedibus
700 5551 904 5621 Elysiis
953 5569 1018 5606 ex
1067 5551 1276 5608 Lucani
1313 5551 1564 5606 Pharsal.
1610 5552 1650 5604 l.
1704 5551 1791 5604 lll.
1966 5547 2112 5626 (667)
2146 5552 2283 5606 Hice
2312 5550 2606 5626 renovatio
2631 5547 2989 5626 episcopatus
3018 5547 3503 5626 Merseburgensis

187 5642 237 5684 v.
277 5621 395 5680 l2.’
983 5693 986 5694 7
1413 5693 1417 5694 7
1685 5693 1694 5694 7
1896 5638 1999 5693 per
2024 5622 2284 5694 chartam
2324 5621 2473 5694 regis
2504 5621 2853 5691 anno—1004‘,
2894 5623 3054 5679 Mart.
3098 5624 3132 5680 4
3182 5621 3379 5677 datam
3420 5621 3504 5673 est

255 5695 406 5768 (665)
433 5694 692 5752 Plurima
723 5711 756 5748 a
789 5693 1062 5752 Ileinrico
1093 5697 1135 5750 ll
1178 5698 1308 5750 sunt
1337 5693 1635 5770 privilegia
1663 5693 1793 5748 data
1898 5693 2133 5752 sancita.
