3900 6216
1431 449 1824 507 THIETMARI
1842 447 2166 508 'EPISCOP!
2191 449 2802 509 MERSEBURGENSIS

464 455 598 512 i307
1431 455 1824 507 THIETMABI
1851 455 2166 508 EPISCOPI
2191 455 2802 509 MERSEBURGENSIS
3675 465 3805 522 ηαδ

450 577 554 635 rici
601 575 853 634 ustinctu
887 591 1168 649 magnam
1213 575 1332 631 vim
1380 576 1645 632 Bawariis
1690 577 2074 650 omnibusque
2099 581 2153 639 Α
2174 575 2262 630 ria
2287 576 2361 630 ad
2384 577 2776 650 Magadaburg
2799 576 3005 651 regina
3027 579 3289 648 veniens,
3325 597 3542 640 cenam
3570 587 3800 646 Domini

448 667 778 723 concivibus
803 666 918 721 suis
960 665 1178 720 intulit.
1209 665 1292 722 Oh
1309 666 1458 721 hanc
1479 683 1710 722 causam
1731 683 1828 722 rex
1857 666 2074 724 indicta
2172 668 2230 719 et
2249 665 2694 736 subsequentem
2717 665 3023 723 dominicas
3051 669 3506 726 resurreccionis
3533 675 3802 749 sollemp-

448 755 607 827 prius
637 753 1024 827 expeditione,
1053 753 1260 809 Milzini
1286 755 1430 808 ﬁnes
1458 755 1982 823 hostiliterinvasit,
2014 760 2072 811 et
2172 753 2415 807 nitatem
2443 753 2656 808 ibidem
2684 755 3010 811 celebravit.

449 843 508 898 ni
555 843 842 914 superﬂua
891 842 1032 896 nivis
1082 842 1280 897 effusio
1327 843 1592 898 celeriter
1637 844 1890 898 resoluta
1935 860 2068 899 eum
2241 841 2426 896 4.Rex
2461 845 2657 896 autem
2696 859 2801 914 per
2840 845 3049 900 multas
3082 845 3302 902 itineris
3337 849 3690 920 asperitates
3710 861 3796 895 1°19

447 929 776 1000 impediret,
815 929 1006 984 omnis
1037 931 1158 984 haec
1183 930 1346 1002 regio
1373 930 1698 986 habitatore
1729 935 1948 988 vastata
1975 951 2066 990 ca-
2170 929 2242 984 ad
2271 929 2602 985 Tridentem
2629 931 2864 986 veniens
2901 933 3126 1002 urbem,
3155 935 3234 989 ibi
3281 938 3621 1008 palmarum
3657 940 3796 998 festa

446 1018 671 1074 ruisset.
687 1017 826 1074 Inde
849 1034 1130 1085 reversus,
1155 1018 1331 1074 tristis
1368 1019 1704 1076 Guncelioni
1745 1022 2067 1078 marchioni

445 1106 781 1178 ceterisque
829 1107 1032 1180 patrias
1079 1107 1482 1164 defensoribus
1529 1109 1728 1182 positis
1767 1111 2069 1167 auxiliatur

449 1194 738 1266 prasidiis;
772 1211 838 1250 ac
862 1198 999 1251 tunc
1020 1195 1350 1270 Merseburg
1377 1197 1874 1266 veniens,fratrem
1897 1217 2065 1256 suum

447 1282 660 1355 fugisse
673 1284 747 1339 ad
765 1283 1258 1354 Ungariorumioo‘
1271 1303 1470 1358 regem
1495 1289 1635 1357 (668)
1672 1288 1850 1342 veniae
1880 1289 2067 1362 gratia

448 1371 1174 1444 acquirendasﬁeinricum
1192 1377 1386 1429 autem
1405 1376 1615 1448 incepti
1639 1377 1882 1432 multum
1908 1378 2065 1450 peni-

447 1459 644 1525 tuisse,
679 1459 751 1514 ab
782 1458 910 1514 fidis
936 1459 1412 1517 intercessoribus
1443 1464 1514 1518 ab
1557 1480 1624 1518 eo
1674 1465 1860 1520 missis
1906 1483 2062 1521 com-

446 1545 616 1618 perit.
643 1546 902 1611 Quorum
935 1551 996 1604 et
1025 1549 1280 1604 maxime
1312 1553 1535 1620 percari
1581 1552 1791 1608 suimet
1816 1554 2064 1625 Tagino-

449 1634 538 1688 nis
575 1643 669 1677 ιοοι
697 1639 754 1690 et
779 1637 1098 1692 Bernhardi
1131 1638 1289 1693 ducis
1321 1641 1771 1712 supplicaciones
1821 1643 1922 1696 etsi
1974 1643 2061 1698 in-

448 1723 594 1779 vitus
625 1725 958 1797 suscipiens,
991 1726 1218 1798 prefato
1249 1729 1445 1783 comiti
1477 1729 1686 1784 suimet
1716 1731 1964 1801 gratiam
1997 1749 2064 1787 ea

2169 1018 2303 1072 colit
2330 1019 2484 1090 (Apr.
2514 1018 2587 1088 9),
2610 1019 2996 1076 etexercitum
3016 1023 3180 1078 nimii
3207 1024 3424 1080 laboris
3449 1027 3791 1083 necessitate

2167 1105 2446 1161 afflictum
2468 1107 2576 1162 hac
2593 1107 2805 1162 celebri
2819 1109 3243 1182 sollempnitate
3265 1120 3361 1154 ιοιο
3381 1116 3693 1184 paululum
3717 1134 3796 1171 re-

2167 1194 2384 1265 spirare
2429 1196 2710 1266 permisit.
2761 1196 2947 1260 Quem
2997 1199 3410 1254 adventantem
3457 1201 3792 1276 Hardwigus

2167 1299 2264 1337 rex
2283 1287 2399 1325 1010'
2415 1283 2704 1356 presciens
2716 1301 2781 1339 ac
2800 1287 3048 1340 multum
3071 1303 3472 1359 expavescens,
3493 1291 3570 1345 ad
3603 1293 3793 1346 muni-

2167 1369 2359 1426 ciones
2407 1377 2937 1443 supramemoratas
2980 1376 3213 1431 nuntios
3254 1378 3537 1448 probatos
3595 1380 3790 1445 misit;

2167 1459 2286 1531 ipse
2308 1462 2501 1514 autem
2523 1461 2774 1515 collectis
2785 1463 3116 1533 agminibus
3142 1464 3538 1520 inVeronensi
3561 1475 3657 1510 ίοίι
3671 1471 3792 1540 pla-

2166 1547 2312 1602 nicie
2342 1549 2662 1616 considens,
2688 1551 2958 1622 sperabat
2990 1553 3285 1624 presentia
3316 1555 3618 1624 preteritis
3659 1573 3788 1628 pro-

2165 1635 2533 1706 speritatibus
2579 1639 2822 1693 forsitan
2861 1640 3234 1712 respondere.
3283 1641 3443 1696 Hunc
3475 1645 3792 1699 transitum

2167 1724 2458 1779 Heinricus
2482 1742 2580 1780 rex
2603 1725 2977 1782 interclusum
3017 1732 3117 1782 aut
3157 1729 3245 1784 vix
3271 1733 3386 1784 .aut
3416 1747 3792 1804 nequaquam

450 1811 676 1867 ratione
703 1813 958 1881 indulsit,
987 1819 1049 1869 ut
1069 1816 1338 1887 predium
1367 1817 1472 1874 sibi
1499 1819 1724 1890 suisque
1745 1821 2064 1876 fautoribus
2087 1874 2134 1890 ἢ
2168 1813 2622 1884 expugnandum
2653 1816 2972 1886 comperit;
3015 1819 3074 1870 et
3105 1815 3218 1872 alio
3256 1835 3316 1873 se
3363 1823 3626 1885 vertens,
3663 1838 3789 1876 cum

447 1902 506 1954 et
556 1899 874 1955 incolatum
924 1874 1218 1970 redderet,
1282 1905 1464 1976 ipsum
1517 1874 1734 1973 autem,
1785 1909 2062 1979 quamdiu
2087 1874 2135 1932 B
2163 1903 2276 1956 suis
2293 1904 2500 1957 tractat
2528 1902 2926 1970 familiaribus,
2947 1903 2991 1958 si
3013 1906 3198 1958 clusas
3220 1905 3356 1960 hinc
3387 1907 3569 1979 longe
3588 1925 3785 1964 remo-

447 1987 736 2057 voluisset,
768 1989 828 2044 in
868 1991 1129 2047 custodia
1159 1993 1464 2050 detineret.
1499 1995 1794 2051 Heinricus
1824 2013 1958 2051 vero
2003 2015 2058 2051 se

2163 1993 2268 2056 tas,
2299 1990 2638 2045 Carentanis
2657 1992 3080 2059 auxiliantibus,
3114 1992 3460 2066 intercipere
3498 1997 3789 2052 ullatenus

451 2077 624 2134 nimis
654 2077 714 2132 iu
753 2079 1025 2135 omnibus
1074 2082 1418 2154 culpabilem
1451 2084 1884 2140 lacrimabiliter
1927 2101 2059 2158 pro-
2161 2079 2444 2132 valuisset.
2467 2079 2633 2143 Quod
2657 2080 2895 2134 consilio
2921 2081 3218 2152 prudenti,
3248 2083 3518 2154 quamvis
3541 2085 3786 2140 arduum

447 2165 646 2234 fessus,
674 2183 840 2223 more
870 2171 928 2223 et
949 2169 1150 2224 habitu
1189 2171 1506 2242 penitentis
1529 2173 1652 2244 regi
1694 2189 1754 2228 se
1799 2174 2058 2241 tradidit,
2160 2167 2356 2222 multis
2383 2167 2692 2234 videretur,
2717 2169 2986 2223 effectum
3008 2172 3113 2223 est.
3145 2169 3458 2226 Carentani
3494 2174 3784 2244 regalibus

451 2254 689 2326 ejusque
713 2255 976 2326 jussioue
1001 2257 1063 2324 (f.
1096 2261 1182 2320 98)
1201 2259 1274 2314 ab
1299 2260 1680 2332 archipresule
1711 2261 1968 2332 predicto
2000 2261 2058 2316 in
2151 2255 2324 2326 jussis
2344 2255 2495 2310 illico
2509 2257 3068 2328 obtemperantes,in
3087 2257 3230 2312 duas
3249 2258 3595 2315 dividuntur
3613 2262 3786 2332 legio-

449 2343 746 2398 castellum
797 2343 1137 2402 lvicaustem
1179 2347 1526 2414 detruditur,
1567 2349 1988 2422 diligenterque
2027 2367 2061 2404 a

452 2427 568 2483 suis
599 2428 878 2484 militibus
911 2431 1002 2486 die
1037 2436 1326 2504 noctuque
1357 2439 1630 2490 servatur.
1665 2435 1743 2490 lbi
1772 2439 1908 2490 tunc
1937 2451 2063 2506 pre—

446 2520 538 2572 ter
567 2517 724 2572 aliud
751 2518 970 2573 bonum
1003 2535 1146 2590 opus
1178 2521 1234 2574 in
1272 2538 1387 2576 una
1426 2521 1516 2576 die
1564 2523 1900 2594 psalterium
1928 2541 2059 2578 cum

454 2607 554 2660 l50
583 2605 763 2661 veniis
785 2607 1036 2662 cantavit
1067 2616 1180 2663 ίοοο.

524 2691 576 2742 3.
611 2689 839 2746 Interea
877 2709 975 2748 rex
1024 2696 1230 2752 italicae
1271 2698 1425 2752 haud
1478 2697 1769 2754 inmemor
1811 2699 2058 2771 injuriae,

453 2791 658 2830 omnes
685 2795 815 2834 suos
845 2780 1046 2837 ﬁdeles
1075 2784 1148 2839 ad
1176 2785 1327 2840 hanc
1359 2786 1742 2842 ulciscendam
1773 2789 2057 2858 hortatur,

451 2880 517 2918 ac
544 2863 778 2921 instanti
811 2870 1254 2943 quadragesima
1278 2873 1398 2946 ipse
1428 2891 1496 2930 eo
1525 2891 1656 2930 cum
1695 2882 1920 2933 armato
1950 2879 2058 2934 mi-

449 2949 549 3006 lite
590 2953 899 3011 destinavit
921 2974 1182 3031 pergere.
1218 2963 1264 3014 Α
1301 2963 1628 3036 Merseburg
1658 2967 1793 3019 tunc
1843 2966 2056 3036 exiens,

447 3041 630 3094 sancti
677 3043 926 3100 Mauricii
967 3049 1119 3118 apud
1149 3049 1333 3105 Deum
1381 3051 1850 3109 intercessionem
1892 3055 2058 3110 itine-

445 3128 637 3201 risque
667 3134 1109 3204 prosperitatem
1138 3139 1529 3213 Magadaburg
1553 3143 2058 3215 peciit(669).lnde

2161 2360 2290 2412 nes;
2353 2360 2553 2413 unam,
2606 2361 2733 2415 quae
2782 2348 2915 2400 ante
2969 2345 3156 2416 ipsum
3214 2347 3332 2402 diei
3382 2352 3782 2422 crepusculum

2161 2433 2423 2485 montem
2446 2431 2612 2486 clusis
2639 2433 2700 2502 (f.
2733 2433 2819 2502 99)
2857 2434 3283 2506 superpositum
3315 2451 3450 2490 cum
3499 2438 3782 2507 peditibus

2160 2518 2310 2572 clam
2329 2519 2768 2590 preoccupabat,
2783 2521 3026 2576 alteram
3043 2529 3136 2564 ιοιι
3153 2539 3280 2594 qua:
3297 2523 3428 2594 jam
3447 2524 3604 2580 facto
3619 2543 3780 2584 mane

2163 2607 2237 2662 ad
2259 2607 2362 2661 has
2383 2623 2447 2660 ex
2455 2607 2794 2677 pugnandas
2815 2608 3203 2681 subsequitur,
3225 2611 3427 2666 audito
3447 2615 3778 2684 apremissis

2161 2695 2650 2750 commilitonibus
2675 2695 2842 2767 signo
2863 2699 2983 2750 tam
3003 2698 3358 2768 vehementi,
3383 2703 3449 2754 ut
3469 2719 3538 2756 ex
3556 2702 3778 2757 latenti-

2159 2783 2264 2838 bus
2285 2783 2535 2838 hostium
2561 2783 2783 2837 insidiis
2803 2784 2986 2839 audiri
3011 2786 3308 2858 potuisset.
3359 2788 3470 2852 Qui
3502 2795 3632 2862 post
3674 2795 3775 2845 ter-

2160 2889 2320 2944 gum,
2352 2875 2414 2926 ut
2443 2872 2853 2942 opinabantur,
2901 2874 3104 2941 securi,
3148 2876 3518 2932 venientibus
3557 2878 3772 2934 obviam

2161 2960 2367 3015 armati
2391 2964 2726 3032 properant.
2749 2961 2858 3014 Sed
2882 2962 3063 3016 nostri
3085 2979 3184 3018 eos
3204 2981 3270 3018 ex
3289 2965 3474 3020 latere
3495 2966 3772 3020 irruentes

2161 3047 2301 3102 alios
2353 3048 2699 3120 eifugarunt,
2721 3049 3002 3120 quosdam
3035 3055 3230 3105 autem
3253 3053 3570 3124 precipicio
3618 3059 3676 3108 et
3719 3055 3769 3108 in

2161 3136 2355 3191 Brenti
2374 3135 2632 3190 ﬂuminis
2659 3136 3045 3192 inundacione
3069 3140 3506 3211 compellebant
3523 3142 3767 3198 interire.

541 3193 564 3201 -
667 3193 684 3202 -
805 3193 820 3204 .
1227 3193 1258 3210 υ
1313 3193 2055 3215 μέμ-οΓηηηηηπ-

449 3231 556 3287 per
613 3226 705 3261 ίοοτ
759 3220 1088 3295 Tburingite
1138 3227 1550 3302 orientalisque
1605 3231 1750 3286 fines
1806 3232 2058 3287 Francia:

2161 3223 2364 3295 Sicque
2387 3224 2624 3278 victores
2644 3225 2828 3279 clusas
2848 3233 2943 3267 ίοίδ
2967 3243 3146 3298 usque
3171 3227 3246 3282 ad
3280 3229 3441 3300 regis
3469 3229 3768 3284 adventum

453 3305 760 3374 transiens,
789 3309 861 3364 ad
889 3311 1263 3370 Ratisbonem
1291 3317 1478 3386 venit;
1515 3318 1709 3390 ibique
1733 3319 1930 3374 habito
1962 3336 2058 3375 re-

451 3393 566 3464 gali
595 3395 1012 3467 placito,militi
1035 3402 1244 3458 suimet
1263 3421 1596 3479 generoque
1624 3407 1886 3463 Heinrico
1909 3409 2057 3480 (670)

456 3485 520 3536 12
544 3483 829 3541 Kalendas
845 3489 1055 3560 Aprilis
1072 3509 1200 3546 cum
1216 3495 1478 3550 omnium
1499 3497 1666 3551 laude
1680 3497 2029 3568 presentium
2041 3538 2054 3564 ,

445 3586 694 3644 cumque
742 3575 906 3631 hasta
953 3577 1228 3652 signifera
1297 3583 1568 3639 ducatum
1609 3585 1784 3640 dedit.
1843 3585 2058 3640 Dehinc

444 3661 840 3732 Augustanam
872 3666 1077 3722 urbem
1108 3669 1316 3724 itinere
1360 3672 1674 3743 attingens,
1706 3689 1739 3727 a
1784 3673 2054 3744 Sigifrido

447 3751 704 3808 antistite
736 3755 862 3826 ejus
889 3755 1308 3814 honorabiliter
1351 3761 1734 3815 introducitur
1775 3765 1834 3816 et
1877 3763 2056 3817 habe-

447 3842 559 3894 tur.
601 3841 684 3896 lbi
731 3845 868 3897 tunc
922 3845 1063 3900 duas
1117 3851 1343 3902 tantum
1392 3852 1588 3904 noctes
1636 3853 2052 3918 commoratus,

446 3927 663 3999 reginae
724 3929 984 4004 diligenti
1037 3935 1381 3990 salutatione
1436 3936 1727 3992 licentiam
1769 3937 1928 3992 dedit
1982 3940 2056 3996 ad

449 4015 758 4074 Saxouiam
793 4020 1064 4089 abeundi,
1099 4023 1424 4096 dilectaque
1473 4042 1602 4080 eam
1630 4033 1724 4068 1°08
1767 4028 2057 4084 commisit

449 4101 760 4172 Taginoni.
823 4108 946 4177 Ipse
994 4113 1189 4165 autem
1223 4127 1355 4168 cum
1400 4113 1650 4168 exercitu
1689 4116 2056 4187 progreditur

448 4205 626 4260 usque
682 4193 755 4246 ad
803 4194 992 4250 locum
1041 4199 1139 4268 qui
1184 4200 1365 4274 Tinga
1396 4211 1489 4244 ιοοο
1520 4205 1664 4273 (671)
1717 4204 1940 4259 dicitur.
1974 4206 2054 4260 Ibi

449 4276 697 4334 domnus
727 4281 937 4351 Brono,
965 4285 1147 4342 frater
1193 4288 1336 4360 ejus,
1363 4307 1494 4346 cum
1535 4292 1830 4362 Ungaricis
1876 4292 2052 4348 inter-

449 4367 765 4453 cessoribus
791 4372 913 4443 regi
943 4379 1328 4447 presentatur,
1355 4384 1414 4436 et
1437 4381 1510 4436 ab
1541 4398 1610 4436 eo
1641 4382 1776 4437 data
1800 4381 1906 4437 sibi
1923 4399 2054 4453 gra-

2158 3311 2400 3366 sollicite
2419 3312 2750 3366 tuebantur.
2774 3313 2888 3368 Hoc
2907 3329 3004 3368 rex
3026 3315 3098 3369 ab
3121 3314 3510 3372 internunciis
3523 3321 3590 3373 ut
3617 3318 3770 3374 audi—

2156 3399 2258 3467 vit,
2280 3399 2492 3454 relictis
2505 3400 2776 3456 omnibus
2797 3401 3252 3474 impedimentis,
3276 3405 3519 3476 optimis
3531 3407 3768 3462 satelliti-

2157 3487 2264 3542 bus
2277 3488 2545 3560 exceptis,
2565 3505 2696 3542 cum
2727 3506 2941 3561 magna
2953 3491 3292 3548 difﬁcultate
3310 3509 3412 3548 eas
3443 3495 3762 3566 pertransit,

2157 3580 2216 3630 et
2253 3577 2418 3648 juxta
2461 3576 2592 3630 litus
2639 3593 2804 3649 aqua:
2843 3584 3365 3650 supramemoratae
3415 3583 3480 3638 in
3528 3583 3760 3656 quadam

2157 3669 2323 3737 grata
2345 3664 2584 3736 planitie
2606 3669 2795 3720 castra
2822 3669 3071 3722 metatus
3093 3675 3197 3736 est,
3221 3673 3287 3724 ut
3321 3668 3547 3726 ibidem
3575 3688 3758 3726 cenam

2157 3752 2389 3808 Domini
2413 3757 2472 3808 et
2489 3753 2814 3809 chrismatis
2834 3756 3340 3812 consecracionem
3368 3775 3438 3814 ac
3452 3761 3758 3832 passionem

2159 3841 2513 3897 dominicam
2535 3845 2594 3896 et
2616 3846 2877 3897 sanctam
2907 3843 3030 3913 ejus
3059 3847 3556 3904 resurrectionem
3583 3865 3759 3904 sumo-

2155 3946 2292 4002 pere
2321 3933 2696 3984 veneraretur
2725 3929 2926 4001 (April.
2958 3932 3171 4002 13ο16).
3195 3933 3518 3990 lnterdicta
3535 3939 3619 3992 est
3645 3953 3758 3992 om-

2156 4017 2326 4072 nibus
2349 4033 2454 4088 per
2483 4017 2743 4072 bannum
2763 4019 3020 4090 regalem
3049 4035 3084 4074 a
3103 4021 3368 4092 palatino
3384 4025 3598 4080 comite
3618 4025 3756 4096 fuga,

2157 4110 2215 4160 et
2236 4105 2634 4160 resistentibus
2661 4106 2906 4162 viriliter
2930 4109 3298 4178 promittitur
3325 4113 3535 4169 solatio
3563 4115 3752 4170 futura.

2157 4195 2273 4249 Rex
2303 4197 2498 4249 autem
2519 4194 2578 4249 in
2610 4198 2640 4249 3
2670 4195 2814 4250 feria
2860 4212 3070 4268 aquam
3112 4199 3404 4254 transiens
3433 4203 3753 4274 predictam,

2156 4281 2280 4336 fixis
2297 4282 2507 4338 iterum
2524 4283 2794 4338 tentoriis
2817 4285 3120 4356 requievit,
3144 4288 3544 4359 exploratores
3557 4295 3754 4363 presto.

2157 4370 2302 4437 lans,
2333 4369 2571 4426 sollicite
2597 4371 2672 4426 ad
2702 4373 3077 4442 quaerendam
3123 4383 3216 4418 που
3263 4375 3550 4450 Hardwigi
3597 4379 3753 4434 hostis

447 4452 528 4544 tia
556 4455 1010 4520 misericorditer
1039 4466 1360 4539 suscipitur.
1405 4470 1688 4543 Equidem
1727 4471 1798 4525 ab
1843 4452 2058 4525 archie-

2161 4459 2657 4540 conversationem
2685 4461 3126 4519 clandestinam.

443 4543 676 4618 piscopo
700 4549 996 4622 Taginone
1035 4559 1289 4628 rogatus,
1323 4557 1398 4614 ad
1421 4557 1740 4630 predictam
1769 4557 2056 4612 civitatem

444 4636 595 4704 veni,
621 4639 681 4692 et
701 4656 834 4696 cum
861 4643 1066 4700 eodem
1099 4645 1161 4716 (f.
1195 4645 1299 4715 98’)
1331 4646 1477 4702 redii
1499 4646 1737 4713 (Mart).
1785 4645 2058 4702 Venimus

444 4727 519 4782 ad
547 4728 758 4784 saltum
783 4729 1022 4788 Geronis
1049 4733 1216 4805 (672),
1248 4733 1443 4808 ibique
1469 4752 1600 4790 cum
1632 4735 1941 4790 venerabili
1965 4736 2060 4790 ab-

443 4815 654 4872 batissa
685 4817 891 4874 Hathui
923 4823 1143 4892 palmas
1163 4825 1502 4880 solemniter
1522 4825 1888 4896 peregimus;
1920 4829 1954 4880 4
1981 4825 2058 4880 fe—

2231 4552 2282 4605 5.
2300 4548 2364 4620 (f.
2380 4549 2484 4619 99’)
2505 4549 3021 4622 Langobardorum
3035 4569 3170 4608 vero
3186 4570 3356 4608 mens
3381 4562 3476 4598 ίοιε
3497 4556 3748 4612 hactenus

2159 4636 2216 4690 in
2246 4639 2400 4692 malo
2423 4637 2736 4706 unanimis,
2757 4637 2964 4694 divinze
2987 4639 3216 4712 pietalis
3246 4641 3524 4698 instinctu
3568 4643 3745 4698 dividi-

2121 4758 2127 4764 -
2159 4729 2272 4793 tur,
2303 4729 2362 4780 et
2401 4726 2472 4780 ab
2513 4725 2723 4796 injusto
2761 4729 3196 4798 supplantatore
3241 4729 3548 4799 disjuncta,
3577 4750 3608 4786 a
3647 4733 3746 4786 Deo

2157 4805 2433 4869 coronato
2451 4814 2572 4884 regi
2593 4823 2687 4857 ποια
2711 4816 2974 4872 Heinrico
3023 4833 3292 4872 securum
3341 4819 3482 4891 fuga
3521 4820 3738 4893 patefeci

1755 4922 1987 4977 vanus
2025 4905 2423 4994 LECTIONES.

519 5004 654 5084 ξοοξί
683 5011 974 5084 erasum_l.
1053 5017 1148 5050 ίουσ
1179 5009 1442 5084 dAagionis
1467 5015 1544 5066 lc.
1575 5013 1785 5084 sapius.
1822 5019 1915 5052 100°
1945 5011 2124 5084 lbi-
2144 5010 2404 5084 cantavit
2433 5009 2558 5064 add.
2591 5011 2673 5066 lb.
2755 5013 3072 5084 1°07Almper
3101 5015 3165 5084 l.
3231 5021 3327 5055 ιοοε
3357 5031 3427 5068 ea
3461 5020 3510 5070 l.
3574 5023 3660 5056 ιθω
3685 5016 3744 5067 ita

447 5075 467 5126 l
500 5075 556 5127 in
586 5073 697 5130 loco
725 5093 864 5152 raso.
893 5077 1166 5152 Tonga.l_.
1188 5073 1285 5138 Si
1331 5089 1424 5152 1°10
1450 5073 1774 5152 asperitatis
1807 5085 1856 5136 l.
1933 5082 2058 5124 ίοίο*
2087 5081 2214 5136 add.
2240 5081 2332 5152 rlb.
2411 5089 2502 5122 ίοιί
2534 5081 2875 5136 uveronensi
2895 5100 2922 5136 ε
2951 5073 3088 5136 corr.
3114 5083 3198 5138 lb.

440 5159 568 5224 ram
589 5146 892 5224 suppletum
913 5165 978 5203 ex
1005 5146 1075 5224 ᾹΑ.
1109 5150 1158 5208 S
1221 5153 1277 5207 in
1305 5151 1402 5208 cod
1428 5155 1448 5205 1
1471 5146 1560 5209 hic
1589 5154 1790 5224 majore
1812 5169 1993 5208 versus
2014 5160 2170 5224 parte
2193 5151 2438 5218 abscissa,

3296 5093 3392 5126 10H
3417 5087 3740 5140 cum—alte-

2543 5159 2636 5194 ίοιθ
2661 5155 2880 5208 clausas
2913 5157 2996 5228 l_a.
3075 5162 3180 5228 10H_
3199 5155 3619 5228 adquirendam
3672 5157 3738 5207 la.

443 5223 538 5258 ¹⁰¹⁸
575 5217 710 5275 Pest
729 5218 997 5290 syllabam
1023 5221 1150 5277 clan
1167 5225 1221 5276 in
1255 5227 1303 5278 l.
1334 5225 1514 5294 major
1541 5217 1719 5281 versus
1725 5241 1858 5296 pars
1878 5217 2082 5289 excisa;
2113 5217 2468 5279 destinatam
2493 5253 2564 5262 —
2593 5239 2758 5278 mens
2794 5224 3035 5296 suppleta
3055 5239 3122 5281 ea;
3142 5226 3209 5282 Δ.
3241 5217 3316 5284 δῖ
3389 5235 3484 5269 ιοιθ
3512 5243 3642 5299 rege
3667 5229 3737 5279 la.

1989 5320 2208 5378 ΝΟΤᾸΕ.

510 5403 658 5544 (668g
689 5405 780 5489 se.
813 5405 1194 5490 Stephanum.

515 5477 635 5544 (669
685 5477 767 5531 lbi
791 5478 977 5533 adfuit
1000 5480 1194 5536 Febru:

515 5477 658 5551 (669)
685 5477 767 5551 ibi
791 5477 977 5551 adfuit
1000 5480 1292 5538 Februarii
1323 5483 1379 5538 d.
1421 5485 1511 5551 24,
1545 5487 1687 5540 teste
1712 5485 1930 5540 charta.

2136 5408 2496 5465 Dedicationi
2535 5410 2789 5467 ecclesiae
2809 5411 2868 5467 S.
2898 5411 3088 5467 Mariae
3117 5411 3176 5467 in
3207 5413 3316 5468 hac
3343 5413 3568 5468 civitate
3614 5413 3734 5468 Maro

2135 5480 2200 5535 tii
2225 5479 2350 5556 dial
2363 5481 2800 5556 9Thietmarum
2814 5487 3076 5556 nostrum
3097 5483 3572 5556 adfuisse,conjici
3598 5484 3734 5539 licett

515 5547 672 5626 (679)
689 5547 1002 5626 {Ieinricus
1031 5551 1142 5608 dux
1169 5555 1350 5610 factus
1400 5547 1670 5624 Bavariee,
1707 5555 1888 5612 frater
1933 5555 2042 5612 fuit
2139 5569 2208 5608 ex
2228 5552 2482 5626 Kalend.
2517 5553 2875 5626 Merseburg,
2909 5555 2966 5608 h.
2996 5553 3054 5608 d.

441 5614 659 5692 “Sigei
687 5616 1068 5692 Qunisundae-

541 5685 663 5747 67l)
687 5684 1156 5764 Nunc‘Thingau,
1183 5711 1364 5768 prope
1394 5695 1683 5752 civitatem
1731 5699 2040 5771 Kempten.

2217 5623 2369 5694 (672)
2397 5623 2728 5680 Gerenrode
2759 5623 3054 5681 in'ducatu
3079 5624 3416 5682 Anhaltino.
