3900 6216
201 421 352 477 1309

1492 422 1915 481 CHBONICON.
1942 452 2012 465 --
2035 421 2166 481 LIB.
2202 421 2294 479 νι.

3395 427 3532 487 1310

196 537 561 611 ingressum.
583 537 814 595 Verona
834 537 1025 611 primo
1043 540 1294 598 eundem
1326 541 1661 615 suscipiens,
1678 544 1831 600 exul-
1848 549 1902 610 Α
1927 542 2175 599 adauxit.
2204 541 2389 608 Quem
2412 543 2709 631 vulferam
2735 543 2921 614 miles,
2943 544 3005 602 in
3029 544 3292 603 medium
3318 564 3530 620 agmen

202 630 291 683 tat
309 627 371 683 in
406 627 683 695 Domino,
707 627 1003 685 advenisse
1019 628 1385 687 defensorem
1404 631 1827 703 patriaa,aucto-

200 733 335 772 rem
364 733 500 772 vero
524 715 711 772 abisse
740 717 914 772 totius
944 718 1359 775 miseriaeﬂuic
1392 726 1700 777 occurrunt
1730 720 1828 777 diu

203 806 515 877 expectato
574 805 926 860 Thiedoldus
969 814 1062 848 ιοίτ
1095 808 1354 863 marchio
1398 826 1528 864 cum
1560 808 1829 881 predictis

204 892 669 962 auxiliatoribus,
698 895 958 965 gaudens
989 898 1218 966 tempus
1243 897 1560 965 advenisse,
1582 916 1695 971 quo
1734 907 1827 941 1°18

203 986 502 1037 secretum
532 979 703 1038 bonae
735 984 1045 1039 voluntatis
1066 984 1174 1039 sibi
1198 983 1397 1041 liceret
1423 986 1552 1041 huic
1579 987 1825 1059 aperire.

202 1069 366 1124 Tunc
400 1086 500 1124 rex
532 1069 630 1123 tali
663 1072 943 1127 comitatu
982 1072 1251 1129 Brixnam
1280 1077 1371 1147 \67
1385 1077 1434 1146 3)
1468 1077 1721 1142 veniens,
1754 1076 1826 1132 ab

205 1157 646 1230 archiepiscopo
672 1160 998 1215 Ravennate
1017 1165 1074 1215 et
1094 1163 1166 1216 ab
1188 1163 1283 1233 huj
1295 1164 1516 1219 ussedis
1536 1164 1828 1236 provisere

206 1247 599 1301 Ethelberone
647 1255 767 1315 1019,
813 1266 945 1322 cum
1000 1249 1443 1321 provincialibus
1494 1253 1824 1324 succipitur.

206 1335 350 1389 Inde
370 1336 745 1405 Pergamam,
768 1337 838 1391 ab
868 1338 1108 1392 Arnull‘o
1132 1337 1487 1410 imperatore
1518 1340 1657 1395 olim
1681 1340 1831 1395 devi-

206 1427 367 1478 ctam
384 1421 568 1494 (674),
589 1422 795 1480 itinere
820 1427 1626 1497 attingens,Mediolanensem
1649 1428 1830 1484 archi-

211 1512 508 1583 presulem
535 1512 649 1568 ﬁde
669 1515 1044 1570 sacramentis
1065 1516 1296 1571 firmata
1310 1517 1688 1587 recepit.Post
1707 1519 1829 1573 haec

209 1600 459 1673 Papiam
484 1605 716 1660 visitans
739 1604 943 1658 urbem
969 1604 1113 1673 (Μαί
1136 1607 1174 1674 ),
1194 1606 1264 1659 ab
1287 1605 1700 1661 arcliiantistite
1723 1607 1830 1661 hoc

208 1693 271 1743 et
299 1707 334 1745 a
359 1693 567 1764 primis
602 1692 751 1747 illius
784 1691 1038 1763 regionis
1066 1696 1377 1765 susceptus,
1409 1710 1539 1749 cum
1570 1694 1830 1750 admira-

206 1776 311 1833 bili
350 1781 523 1837 laude
555 1782 630 1836 ad
659 1780 944 1836 melesiam
976 1781 1222 1851 ducitur,
1256 1784 1314 1835 et
1349 1783 1649 1838 communi
1682 1783 1827 1838 elec-

218 1866 383 1922 tione
413 1869 753 1924 sublimatus
776 1869 835 1923 in
866 1868 1073 1924 solium
1100 1871 1293 1941 regale
1321 1871 1648 1926 collocatur.

291 1957 346 2010 6.
357 1957 692 2029 Eademque
710 1956 801 2011 die
816 1958 1240 2030 revelatur,qua
1253 1974 1309 2012 ιι]
1319 1958 1638 2015 utabilitate
1659 1959 1828 2014 totius

218 2045 431 2100 mundi
461 2046 631 2117 hujus
672 2044 951 2100 instabilis
998 2062 1193 2101 cursus
1223 2047 1279 2101 in
1311 2064 1561 2120 pronum
1600 2065 1829 2120 semper

215 2133 506 2190 volvatur.
548 2134 808 2205 Namque
836 2133 989 2189 inter
1036 2137 1121 2189 tot
1169 2135 1379 2206 gaudia
1406 2136 1594 2191 subito
1625 2136 1830 2193 insevit

210 2219 459 2275 inimica
496 2222 652 2293 pacis
672 2221 974 2289 discordia,
1002 2223 1066 2289 (f.
1105 2226 1222 2290 100)
1253 2228 1309 2278 et
1335 2240 1369 2277 a
1398 2225 1687 2296 superﬂua
1714 2225 1828 2280 vini

213 2310 507 2365 ebrietate
535 2311 605 2365 de
636 2310 729 2365 vili
756 2327 925 2365 causa
964 2310 1286 2382 interrupta
1311 2314 1396 2366 est
1424 2313 1830 2369 miserabiliter

215 2395 360 2451 ﬁdei
408 2398 689 2454 connexio
743 2403 801 2453 et
839 2399 1206 2454 sacramenti.
1242 2399 1513 2456 Concives
1560 2402 1829 2457 adversus

211 2484 446 2540 noviter
492 2487 737 2545 electum
786 2503 1007 2559 regem,
1055 2492 1378 2556 armantur,
1434 2490 1506 2545 ad
1547 2491 1822 2561 palatium

205 2578 558 2646 properant,
574 2580 631 2629 et
656 2575 902 2630 maxime
926 2575 1026 2642 hii,
1046 2576 1251 2649 quibus
1267 2577 1362 2647 jus
1374 2576 1621 2633 Heinrici
1640 2578 1830 2651 displi-

204 2661 405 2728 cebat,
434 2662 714 2734 Hardwigi
732 2666 925 2718 autem
952 2665 1224 2720 relaxatio
1256 2666 1555 2721 multebat.
1597 2666 1828 2723 Clamor

211 2753 281 2806 ut
310 2767 346 2805 a
373 2767 510 2823 rege
541 2751 853 2818 auditur,et
873 2752 1009 2824 quid
1036 2753 1144 2807 hoc
1166 2756 1332 2820 esset,
1349 2754 1633 2826 explorari
1658 2755 1828 2811 cicius

214 2840 294 2895 ab
326 2856 397 2895 eo
418 2840 681 2911 jubetur.
716 2841 815 2895 Cui
847 2841 1107 2912 protinus
1137 2843 1540 2915 respondetur,
1573 2844 1828 2915 plebeios

218 2938 318 2973 ιοιο
334 2928 533 2984 furore
554 2929 854 2984 subitaneo
875 2929 1267 2985 inﬂammatos
1289 2935 1347 2985 et
1362 2932 1551 2986 servili
1571 2941 1661 2975 10!!
1696 2950 1826 3004 pre-

206 3015 556 3088 sumptione
586 3016 890 3085 animatos,
926 3018 1074 3073 hanc
1091 3020 1545 3075 commotionem
1567 3020 1829 3076 primitus

208 3104 527 3176 incepisse;
557 3108 794 3159 caeteros
829 3123 1056 3178 quoque
1089 3123 1291 3161 omnes
1317 3107 1374 3161 in
1406 3108 1825 3165 detrimentum

1928 631 2228 704 prosiliens
2252 648 2548 705 unumque
2573 649 2640 688 ex
2664 632 2753 689 his
2776 651 2881 707 per
2904 634 3134 707 galeam
3159 652 3336 707 usque
3364 635 3426 691 in
3442 636 3536 707 ju-

1928 721 2127 792 gulum
2178 720 2411 786 feriens,
2439 737 2672 776 securus
2699 721 3026 779 vindicavit.
3058 723 3149 779 Sic
3189 724 3531 781 alternando

1928 808 2180 880 quietem
2203 808 2421 863 cunctis
2443 817 2535 851 1015
2546 810 2796 865 amicam
2810 810 2945 866 belli
2966 819 3060 858 1°30
3081 812 3391 883 asperitate
3407 829 3533 868 mu-

1929 896 2149 952 tabant.
2184 897 2499 952 Nonnullos
2528 914 2595 952 ex
2646 898 2923 966 hostibus,
2966 915 3109 972 quos
3137 899 3190 954 vi
3220 900 3531 972 capiebant

1929 984 2130 1051 nostri,
2152 985 2305 1041 vivos
2328 985 2451 1057 regi
2482 988 2917 1059 presentabant.
2948 988 3148 1044 Subito
3168 988 3385 1046 ibidem
3419 1007 3535 1045 una

1929 1074 2300 1145 domus,quee
2332 1075 2556 1128 nostros
2579 1074 2847 1130 tuebatur
2859 1075 3223 1149 defatigatus,
3241 1094 3275 1132 a
3303 1079 3533 1150 Longov

1929 1161 2122 1216 bardis
2169 1162 2403 1216 incensa
2429 1159 2564 1229 ruit,
2601 1164 2660 1216 at
2707 1178 2804 1216 eos
2835 1164 2994 1218 nulla
3021 1164 3143 1237 spei
3191 1164 3535 1221 certitudine

1930 1248 2150 1319 potitos
2181 1248 2486 1304 alacriores
2512 1249 2660 1304 bello
2676 1250 2950 1306 reddidit.
2975 1253 3209 1308 Interim
3229 1252 3535 1309 Alemanni

1927 1353 2061 1390 cum
2115 1336 2344 1391 Francis
2396 1340 2454 1391 et
2502 1337 2993 1394 Liuthariensibus
3024 1348 3117 1383 1037
3148 1341 3384 1397 tandem
3413 1342 3535 1397 haec

1931 1425 2087 1480 mala
2109 1425 2482 1480 rescientibus
2506 1426 2697 1480 fratris
2718 1426 3000 1482 intrantes
3017 1428 3282 1498 muris,in
3309 1432 3535 1484 tantum

1931 1515 2192 1568 concives
2218 1514 2503 1584 persecuti
2542 1517 2696 1582 sunt,
2735 1518 2797 1570 ut
2822 1532 2854 1570 e
2892 1516 3224 1573 municione
3256 1517 3537 1571 domuum

1933 1610 2026 1644 1028
2051 1618 2285 1656 suarum
2315 1618 2421 1657 nec
2453 1619 2600 1657 unus
2630 1604 2828 1675 egredi
2854 1608 3216 1676 presumeret
3246 1605 3354 1675 (an.
3378 1604 3535 1671 1004,

1929 1689 2097 1761 Max).
2120 1690 2335 1744 Harum
2357 1690 2625 1746 sumitate
2646 1691 2726 1746 hii
2754 1696 2985 1749 nostros
3004 1693 3212 1765 jaculis
3233 1695 3538 1765 gravantes

1930 1776 2219 1845 immissis,
2248 1776 2515 1834 incendio
2538 1779 2836 1849 perierunt
2855 1780 3037 1837 illato.
3060 1781 3299 1837 Difﬁcile
3316 1784 3402 1838 est
3417 1781 3536 1837 cui-

1857 1872 1907 1930 B
1930 1883 2103 1937 quam
2123 1866 2198 1921 ad
2218 1866 2632 1935 enarrandum,
2647 1870 2864 1939 quanta
2878 1868 3099 1924 ibidem
3116 1873 3336 1942 strages
3349 1869 3535 1925 diver-

1929 1954 2004 2008 sis
2034 1953 2280 2009 efﬁcitur
2326 1953 2533 2009 modis.
2568 1955 2770 2010 Milites
2806 1956 2957 2027 regis
2985 1959 3110 2011 tum
3139 1955 3384 2012 victores
3411 1956 3536 2013 sine

1930 2043 2045 2097 ulla
2073 2041 2389 2097 offensione
2416 2042 3116 2116 spoliisinteremptorum
3143 2045 3538 2100 utuntur.Hoc

1931 2129 2244 2185 miserabili
2272 2130 2338 2198 (f.
2377 2132 2497 2195 101)
2527 2135 2790 2202 asspectu
2822 2148 2921 2186 rex
2957 2134 3171 2200 motus,
3203 2135 3263 2188 et
3290 2136 3355 2187 ut
3390 2131 3536 2187 resi-

1930 2219 2055 2275 duis
2086 2221 2393 2291 parcerent
2420 2219 2669 2274 firmiter
2691 2228 2785 2263 1°29
2803 2219 3147 2293 precipiens,
3163 2238 3223 2277 se
3243 2219 3316 2276 ad
3338 2220 3529 2275 muni-

1928 2307 2157 2363 cionem
2199 2306 2380 2362 sancti
2410 2307 2563 2363 Petri
2607 2308 2873 2376 contulit,
2902 2308 3272 2382 hostibusque
3302 2307 3531 2365 veniam

1929 2395 2260 2468 suppliciter
2308 2395 2756 2467 implorantibus
2795 2397 3245 2454 misericorditer
3273 2397 3531 2456 indulsit.

1925 2488 2081 2540 Tunc
2103 2485 2370 2541 absentes
2386 2485 2585 2557 quiqui
2605 2494 2699 2527 ίοθο
2718 2490 2954 2557 accepta
2981 2485 3136 2559 regis
3160 2486 3418 2553 victoria,
3434 2488 3533 2540 aut

1928 2574 2033 2649 ipsi
2060 2573 2319 2640 veniunt,
2345 2577 2405 2628 ut
2434 2574 2574 2629 talia
2603 2574 2981 2642 declinarent,
3014 2578 3113 2631 aut
3142 2575 3368 2630 obsides
3396 2574 3533 2630 mit-

1928 2666 2077 2730 tunt,
2100 2662 2299 2730 ﬁdem,
2323 2662 2597 2718 auxilium
2628 2666 2687 2719 et
2712 2662 3082 2735 subjectionis
3119 2663 3378 2719 debitum
3408 2662 3532 2734 regi

1928 2750 2338 2824 promittentes
2361 2759 2475 2806 ίοδι.

2001 2845 2052 2895 7.
2078 2841 2301 2898 Sedatis
2324 2844 2461 2896 tunc
2480 2841 2671 2913 Papiae
2692 2838 3136 2907 calamitatibus,
3159 2856 3259 2895 rex
3284 2839 3358 2895 ad
3378 2840 3530 2895 Pon-

1927 2932 2049 2984 tem
2067 2929 2305 3001 longum
2325 2930 2471 3002 (676)
2494 2928 3309 3000 venit,Longobardorumque
3330 2936 3423 2971 10³³
3446 2944 3534 2983 re-

1928 3017 2157 3073 siduum
2180 3035 2393 3090 agnem
2423 3033 2528 3089 per
2552 3034 2760 3072 manus
2786 3017 3040 3089 suscipit;
3072 3016 3393 3089 habitoque
3424 3016 3535 3071 ibi-

1927 3106 2063 3161 dem
2093 3123 2225 3161 cum
2258 3107 2525 3162 omnibus
2556 3106 2884 3176 conloquio,
2923 3106 3210 3178 rebusque
3265 3104 3530 3159 maximis

205 3192 299 3247 sui
327 3194 418 3248 vel
447 3192 693 3248 dedecus
722 3194 1074 3250 convenisse.
1110 3194 1262 3259 Quos
1280 3196 1406 3266 jam
1433 3196 1827 3269 irrumpentes
1846 3187 1893 3246 C
1928 3195 2245 3265 prudenter
2276 3193 2575 3261 ordinatis,
2607 3194 2991 3249 Mediolanum
3021 3193 3367 3248 sanctissimi
3397 3209 3528 3265 pre-

206 3281 565 3347 Heribertus,
598 3281 890 3354 Agripinae
932 3291 1026 3324 10³³
1044 3288 1307 3355 provisor
1330 3284 1598 3356 egregius
1621 3286 1824 3341 sedare

206 3373 476 3439 conatus,
496 3369 565 3424 de
582 3370 836 3425 fenestra
860 3374 919 3425 ut
948 3387 1179 3425 causam
1201 3374 1377 3427 tantae
1399 3372 1709 3428 invasionis
1734 3374 1822 3429 in-

206 3456 678 3529 quirit,lapidum
701 3457 887 3513 imbre
910 3459 1623 3530 etsagittaruminfusione
1645 3464 1826 3517 retru-

206 3545 392 3600 ditur.
425 3545 708 3601 Palatium
737 3550 943 3601 autem
964 3547 1036 3602 ab
1071 3548 1328 3603 hostibus
1358 3549 1611 3619 graviter
1640 3549 1825 3622 impu-

204 3637 484 3705 gnatum,
515 3652 550 3690 a
578 3634 906 3690 domesticis
941 3644 1035 3678 1°23
1069 3636 1222 3707 regis
1247 3636 1414 3692 facile
1448 3638 1826 3693 numerandis

206 3724 302 3777 est
325 3721 570 3778 viriliter
609 3722 930 3780 defensum.
964 3723 1164 3778 Divisis
1190 3724 1409 3779 etenim
1440 3724 1498 3780 in
1527 3726 1693 3796 plura
1722 3744 1821 3781 ne-

204 3810 463 3865 cessaria
492 3810 719 3878 nostris,
753 3811 942 3882 major
980 3811 1059 3866 vis
1099 3816 1351 3867 excrevit
1382 3813 1652 3870 inimicis.
1684 3816 1826 3871 Tan-

205 3898 349 3954 dem
364 3898 559 3954 audito
576 3899 1594 3973 clamorisimmensistrepitu,nostri
1611 3920 1823 3976 grega-

202 3986 312 4041 tim
334 3988 409 4042 ad
426 4004 624 4060 regem
641 3993 979 4061 properant,
994 3990 1302 4063 hostesque
1318 3992 1501 4047 adhuc
1530 3992 1823 4048 insanien-

205 4079 296 4131 tes
326 4077 628 4147 paululum
651 4078 971 4149 expellunt;
999 4078 1097 4133 sed
1124 4078 1470 4135 imminente
1499 4082 1624 4151 jam
1655 4085 1821 4137 nocte

204 4161 437 4233 sagittis
467 4165 639 4235 atque
676 4163 962 4235 lapidibus
1013 4166 1197 4221 obviis
1229 4166 1548 4221 tardantur.
1585 4167 1721 4231 Qum
1749 4168 1821 4222 ad

206 4248 594 4323 providenda,
618 4252 774 4307 urbis
824 4257 960 4307 tunc
999 4254 1319 4309 incendunt
1363 4255 1599 4311 moenia.
1634 4256 1821 4311 Nostri

206 4341 412 4393 autem
434 4338 530 4411 qui
558 4340 698 4394 foris
722 4345 910 4408 erant,
934 4342 1091 4397 urbis
1111 4344 1546 4413 propugnacula
1577 4344 1640 4415 (f.
1674 4344 1818 4416 100‘)

205 4425 442 4481 fortiter
456 4428 793 4495 ascendunt,
811 4429 1017 4502 quibus
1033 4431 1111 4485 hii
1131 4431 1211 4485 sic
1231 4432 1437 4486 melius
1454 4432 1811 4488 resistebant.

1925 3283 2062 3337 sutis
2088 3283 2379 3337 Ambrosii
2406 3298 2605 3336 amore
2634 3282 2835 3354 peciit;
2866 3298 3114 3354 moxque
3139 3282 3211 3337 ad
3236 3284 3404 3355 prata
3435 3291 3531 3326 1°"

1929 3369 2169 3442 predicti
2197 3378 2290 3411 10M
2327 3385 2610 3432 reversus,
2638 3372 2969 3439 presentem
2997 3370 3301 3441 populum,
3333 3369 3405 3425 de
3436 3387 3532 3425 su-

1926 3457 2045 3513 bito
2078 3457 2200 3528 ejus
2229 3460 2688 3528 conquerentem
2745 3456 3013 3523 discessu,
3042 3456 3330 3527 promissa
3356 3458 3528 3513 celeri

1925 3546 2135 3600 suimet
2149 3544 2396 3600 rcversio
2405 3561 2475 3599 ne
2488 3544 2805 3615 ceterisque
2822 3544 3313 3599 consolationibus
3336 3545 3532 3600 multis

1926 3633 2170 3706 placavit
2182 3633 2341 3704 ponti
2349 3632 2765 3689 s.lnsistentem
2780 3635 3154 3687 veroimtunc
3168 3634 3531 3703 pentecostes

1925 3722 2377 3779 sollemnitatem
2414 3721 2569 3789 (Jun.
2592 3724 2646 3789 4)
2677 3721 2908 3789 inloco,
2940 3721 3040 3793 qui
3068 3721 3345 3777 Grommo
3382 3722 3529 3794 (677)

1924 3814 2180 3874 vocatur,
2211 3812 2483 3877 celebrat,
2516 3811 2655 3865 Inde
2685 3815 2809 3864 tum
2840 3809 3184 3882 procedens,
3200 3811 3409 3865 Tuscos
3433 3818 3530 3852 ωδε

1924 3899 2032 3954 sibi
2057 3898 2357 3955 obviantes
2382 3899 2447 3954 in
2472 3898 2836 3955 consorcium
2866 3897 2973 3954 sibi
3005 3898 3252 3954 firmiter
3278 3898 3528 3954 servien-
3625 3955 3635 3965 ,

1926 3987 2067 4042 tium
2099 3987 2366 4060 suscepit.
2400 3987 2616 4043 Dehinc
2647 3987 2897 4059 patriam
2931 3988 3177 4043 revisere
3228 3986 3528 4054 festinans,

1922 4078 2282 4133 Alemanniaa
2313 4078 2478 4141 ﬁnes,
2506 4095 2692 4150 nuper
2722 4096 2756 4134 a
2781 4078 2942 4134 ducis
2967 4086 3060 4122 10³7
3082 4077 3413 4134 Herimanni
3446 4094 3532 4133 so-

1920 4166 2058 4221 latio
2081 4167 2354 4236 privatos,
2371 4166 2603 4239 filioque
2635 4167 2758 4236 ejus
2779 4171 2837 4222 et
2861 4168 3141 4240 equivoco
3175 4168 3362 4224 adhuc
3381 4183 3523 4239 pue-

1921 4255 2047 4309 rulo
2066 4255 2290 4309 deditos
2306 4254 2372 4323 (f.
2402 4255 2539 4325 101’)
2559 4255 2631 4311 ad
2643 4257 2970 4328 regendum
2984 4259 3043 4312 et
3060 4256 3530 4313 confirmandum

1920 4341 2153 4397 invadit.
2172 4343 2194 4396 Ι
2201 4342 2312 4396 nde
2335 4341 2395 4397 in
2413 4343 2634 4398 Alsacia
2647 4344 2894 4416 positam
2910 4350 3115 4417 petens
3126 4347 3315 4417 Argen
3324 4346 3531 4412 tinam,

1923 4430 2314 4487 venerabilem
2342 4431 2548 4487 Christi
2580 4433 2933 4505 precursoris
2976 4433 3055 4489 ibi
3087 4433 3296 4488 excolit
3325 4433 3530 4488 nativi-

206 4514 294 4570 lhi
324 4516 450 4570 tum
473 4516 709 4587 quidam
739 4518 1689 4590 egreiusIoz‘juvenis,Gisi1bertus
1719 4537 1818 4576 no-
1846 4519 1900 4579 D
1924 4523 2124 4575 tatem.
2150 4521 2212 4573 In
2244 4520 2404 4591 cujus
2435 4519 2631 4592 vigilia
2650 4538 2778 4594 qua:
2803 4521 3085 4578 Dominus
3100 4536 3206 4591 per
3227 4537 3362 4575 eum
3391 4520 3529 4576 fecit

208 4602 396 4670 mine,
415 4602 595 4658 frater
624 4605 909 4677 reginae,a
940 4607 1338 4678 Longobardis
1365 4609 1697 4664 vulneratus
1718 4626 1819 4680 op-

206 4690 385 4763 peciit
404 4690 576 4763 (675),
601 4697 661 4746 et
683 4695 1088 4749 consociorum
1117 4695 1414 4752 tristiciam
1446 4698 1825 4753 vehementer

1924 4607 2230 4675 mirabilia,
2251 4624 2368 4663 non
2398 4612 2531 4663 sunt
2559 4611 2700 4666 mihi
2726 4608 3134 4684 pretereunda,
3152 4609 3253 4681 qui
3269 4608 3393 4664 haec
3422 4608 3534 4681 piis

1924 4697 1997 4753 ad
2030 4697 2505 4766 delectacionem,
2524 4698 2785 4772 reprobis
2807 4700 3000 4752 autem
3032 4695 3301 4750 dicuntur
3323 4698 3398 4751 ad
3416 4701 3528 4752 ter-

1524 4815 1757 4870 VARUE
1812 4817 2100 4872 LECTION
2108 4816 2208 4869 ES.

282 4914 385 4985 !°i7_
416 4907 745 4985 Thiadolt‘us
777 4909 846 4965 Α.
879 4909 940 4964 S.
968 4910 1294 4985 Tbiedolfus
1332 4930 1447 4966 eum
1490 4915 1699 4985 pocavz'l
1719 4915 1838 4972 cod.
1870 4919 1903 4969 2
1958 4931 2121 4985 supra
2171 4915 2206 4968 Ι.
2246 4914 2311 4972 ν.
2360 4931 2406 4970 c.
2469 4917 2553 4972 16.

206 4985 305 5021 1020

204 5199 303 5265 1°."
335 5190 497 5265 Ροηὲ
530 5193 598 5265 4;
638 5262 647 5265 -
690 5200 783 5265 “f3?
830 5190 1064 5265 αίίάῖειῖ
1138 5202 1231 5265 t0?“
1273 5194 1332 5265 in

210 5261 406 5316 Vitam
432 5259 492 5315 S.
531 5259 800 5316 Heinrici.
881 5259 980 5305 1°37—
1001 5282 1059 5318 n.
1090 5264 1325 5318 adducis
1358 5268 1441 5320 la.

330 4978 589 5062 plebeios
752 4981 1074 5062 ioff'servi‘lc
1117 4986 1183 5062 ta
1226 5056 1236 5062 Δ
1282 4984 1554 5062 10!9_sc_d_is
1592 4986 1813 5062 aid._2.
1893 4994 1987 5062 {028
2013 4978 2295 5062 domestis
2330 4988 2351 5039 l
2435 4995 2529 5027 ὀη
2559 4984 2749 5062 egrius
2783 4978 2868 5062 Π).
2943 4990 3035 5024 ¹ο²⁶
3061 4981 3286 5062 cunctis

208 5052 302 5135 ita.
318 5047 383 5135 {ab
413 5048 605 5135 Martis
682 5052 954 5135 prail‘iiAA.
1087 5052 1338 5123 quietem
1381 5055 1515 5135 belli
1542 5056 1775 5135 _cunctis
1805 5057 2057 5135 amicum
2087 5056 2231 5135 (?)_a.
2271 5060 2354 5112 1α.

206 5127 304 5162 Im
336 5118 599 5174 ﬂrmater
634 5118 715 5174 ta.
796 5129 891 5163 108°
927 5118 1137 5194 quique
1168 5140 1304 5202 corr.
1333 5125 1493 5249 quiqi
1535 5130 1582 5179 1.
1662 5135 1752 5168 ιοει
1782 5118 2209 5198 ριόιηὶιῑθιίδῚ.
2291 5135 2386 5169 10³³
2418 5126 2923 5249 Ιοηεοῆεινιιῐηὲιυε
2968 5128 3018 5179 1.
3045 5132 3138 5207 ωδε

206 5199 303 5233 ¹⁰³⁴
336 5190 497 5249 Dont’
530 5193 580 5244 1.
690 5200 783 5233 10³⁵
830 5192 1035 5249 addit.
1138 5202 1231 5235 10³⁸
1273 5212 1332 5248 m
1382 5200 1648 5249 untuscos
1700 5197 1782 5249 lb.
1828 5200 1887 5249 in
1922 5201 2236 5249 Duntuscos
2265 5203 2318 5249 2.
2356 5199 2413 5249 in
2440 5197 2650 5249 Tuscos
2690 5198 2760 5249 Α.
2835 5238 2849 5249 .
2887 5195 3037 5249 C'onl.
3071 5202 3138 5249 eti

1382 5194 1648 5250 untuscos
1700 5194 1799 5253 lbi
1828 5200 1887 5253 in
1919 5201 2236 5255 Duntuscos
2265 5203 2318 5256 2.
2356 5199 2413 5253 in
2440 5194 2650 5252 Tuscos
2690 5198 2760 5254 Λ.
2789 5194 2850 5256 SC
2887 5195 3037 5255 C'onl.
3071 5194 3236 5252 etiam
3265 5194 3528 5253 Adelbold

3074 4920 3171 4954 ‘0“
3220 4912 3348 4965 add.
3416 4913 3530 4968 ib.‘

3357 4985 3406 5036 ί,
3435 4991 3528 5043 tos.

3006 5062 3100 5096 1°18
3143 5052 3409 5109 domium
3461 5058 3524 5110 la

3179 5128 3407 5195 pratam
3442 5129 3527 5183 1α.

2658 4922 2751 4956 ίοιε
2778 4930 2891 4984 qua
2921 4916 2968 4967 1.

2459 5064 2550 5098 10³⁷
2582 5056 2597 5109 i
2620 5072 2827 5109 erasum
2851 5058 2899 5108 t.

1782 5373 2008 5430 ΝΟΤΛΕ.

301 5536 428 5610 ϐῖρ)
456 5535 519 5588 ν.
550 5537 760 5610 Annal.
795 5536 952 5593 Fuld.
986 5540 1043 5593 et
1072 5535 1385 5610 Hegiuonis
1431 5538 1722 5608 Chronic.,
1757 5557 1812 5597 a.

300 5465 430 5528 673)
460 5463 703 5519 Brescia.

300 5465 430 5528 673)
460 5464 703 5519 Brescia.

274 5464 428 5661 ἒϐη)
456 5535 519 5588 ν.
550 5537 760 5594 Annal.
795 5536 881 5591 Fu]

207 5607 275 5661 89
316 5646 334 5669 ,
361 5605 600 5678 Lmﬁtpra
630 5606 685 5678 d.
715 5608 759 5669 Ι.
792 5611 881 5663 23.

458 5676 703 5764 Kalend:
724 5678 1071 5764 Mersebprg.
1088 5680 1470 5764 ξχβὲηεῐιμξ.
1494 5681 1815 5764 ς-ἱδίιὺρνειιε

202 5747 384 5816 frater
408 5745 597 5818 regine
634 5745 1197 5822 Chum'gundefobc’it.
1227 5751 1360 5809 Maii
1390 5754 1580 5812 14-35.
1612 5769 1814 5832 regem

1985 5545 2127 5615 (676)
2155 5545 2321 5598 Forte
2351 5545 2626 5615 oppidum

1913 5613 2222 5687 Papiasque
2246 5614 2454 5687 vicino.
2493 5614 2626 5670 Uas.

1915 5471 2118 5543 Papiae
2138 5471 2420 5543 deguisse,
2452 5469 2713 5543 ejusdem
2744 5471 2958 5528 charte
2992 5471 3221 5543 docent.

2006 5540 2127 5623 676)
2155 5540 2321 5624 Forte
2339 5540 2634 5624 .oppid'um
2666 5542 2886 5616 Sponte
2914 5543 2973 5600 in
2999 5559 3140 5623 agro
3172 5540 3521 5606 Novaresiaa,

2959 5638 2997 5665 ο

2009 5684 2147 5759 677)
2166 5685 2332 5743 Urbis
2362 5685 2591 5757 Crema,
2620 5689 2681 5744 ut
2706 5686 2949 5746 videtur.
