  <div class='ocr_page' id='page_1' title='image "/cluster/home/n/w/nwhite01/storage/ocr_20150623/139/uva.x000829787/663.png"; bbox 0 0 3900 6216; ppageno 0'>
   <div class='ocr_carea' id='block_1_1' title="bbox 425 421 553 481">
    <p class='ocr_par' dir='ltr' id='par_1_1' title="bbox 425 421 553 481">
     <span class='ocr_line' id='line_1_1' title="bbox 425 421 553 481; baseline -0.016 -1"><span class='ocrx_word' id='word_1_1' title='bbox 425 421 553 481; x_wconf 70' lang='grc'>1311</span> 
     </span>
    </p>
   </div>
   <div class='ocr_carea' id='block_1_2' title="bbox 1365 417 2763 479">
    <p class='ocr_par' dir='ltr' id='par_1_2' title="bbox 1365 417 2763 479">
     <span class='ocr_line' id='line_1_2' title="bbox 1365 417 2763 479; baseline 0.001 -3"><span class='ocrx_word' id='word_1_2' title='bbox 1365 419 1739 478; x_wconf 75' lang='lat' dir='ltr'><strong>THIETMARI</strong></span> <span class='ocrx_word' id='word_1_3' title='bbox 1775 417 2094 478; x_wconf 81' lang='lat' dir='ltr'><strong>EPISCOPI</strong></span> <span class='ocrx_word' id='word_1_4' title='bbox 2131 419 2763 479; x_wconf 74' lang='lat' dir='ltr'><strong>MERSEBURGENSIS.</strong></span> 
     </span>
    </p>
   </div>
   <div class='ocr_carea' id='block_1_3' title="bbox 3619 424 3750 481">
    <p class='ocr_par' dir='ltr' id='par_1_3' title="bbox 3619 424 3750 481">
     <span class='ocr_line' id='line_1_3' title="bbox 3619 424 3750 481; baseline 0 -1"><span class='ocrx_word' id='word_1_5' title='bbox 3619 424 3750 481; x_wconf 74' lang='grc'>1312</span> 
     </span>
    </p>
   </div>
   <div class='ocr_carea' id='block_1_4' title="bbox 431 542 3748 618">
    <p class='ocr_par' dir='ltr' id='par_1_4' title="bbox 431 542 3748 618">
     <span class='ocr_line' id='line_1_4' title="bbox 431 542 3748 618; baseline 0 -19"><span class='ocrx_word' id='word_1_6' title='bbox 431 559 651 602; x_wconf 89' lang='lat' dir='ltr'><strong>rorem.</strong></span> <span class='ocrx_word' id='word_1_7' title='bbox 697 543 934 612; x_wconf 90' lang='lat' dir='ltr'><strong>Domus,</strong></span> <span class='ocrx_word' id='word_1_8' title='bbox 972 544 1031 601; x_wconf 91' lang='lat' dir='ltr'><strong>in</strong></span> <span class='ocrx_word' id='word_1_9' title='bbox 1057 560 1172 618; x_wconf 89' lang='lat' dir='ltr'><strong>qua</strong></span> <span class='ocrx_word' id='word_1_10' title='bbox 1199 559 1296 599; x_wconf 92' lang='lat' dir='ltr'><strong>rex</strong></span> <span class='ocrx_word' id='word_1_11' title='bbox 1325 545 1540 616; x_wconf 90' lang='lat' dir='ltr'><strong>populo</strong></span> <span class='ocrx_word' id='word_1_12' title='bbox 1571 543 1714 616; x_wconf 80' lang='lat' dir='ltr'><strong>legis</strong></span> <span class='ocrx_word' id='word_1_13' title='bbox 1731 543 2024 614; x_wconf 88' lang='lat' dir='ltr'><strong>justiciam</strong></span> <span class='ocrx_word' id='word_1_14' title='bbox 2045 548 2101 606; x_wconf 78' lang='grc' dir='ltr'>Α</span> <span class='ocrx_word' id='word_1_15' title='bbox 2129 559 2363 614; x_wconf 81' lang='lat' dir='ltr'><strong>agmen.</strong></span> <span class='ocrx_word' id='word_1_16' title='bbox 2395 543 2612 599; x_wconf 81' lang='lat' dir='ltr'><strong>Horum</strong></span> <span class='ocrx_word' id='word_1_17' title='bbox 2637 545 2901 600; x_wconf 90' lang='lat' dir='ltr'><strong>consultu</strong></span> <span class='ocrx_word' id='word_1_18' title='bbox 2920 545 2979 599; x_wconf 92' lang='lat' dir='ltr'><strong>et</strong></span> <span class='ocrx_word' id='word_1_19' title='bbox 3011 543 3311 600; x_wconf 90' lang='lat' dir='ltr'><strong>vocatione</strong></span> <span class='ocrx_word' id='word_1_20' title='bbox 3331 542 3464 616; x_wconf 87' lang='lat' dir='ltr'><strong>regi</strong></span> <span class='ocrx_word' id='word_1_21' title='bbox 3481 543 3748 599; x_wconf 77' lang='lat' dir='ltr'><strong>introitus</strong></span> 
     </span>
    </p>
   </div>
   <div class='ocr_carea' id='block_1_5' title="bbox 429 631 2026 704">
    <p class='ocr_par' dir='ltr' id='par_1_5' title="bbox 429 631 2026 704">
     <span class='ocr_line' id='line_1_5' title="bbox 429 631 2026 704; baseline -0.001 -14"><span class='ocrx_word' id='word_1_22' title='bbox 429 634 613 692; x_wconf 80' lang='lat' dir='ltr'><strong>dabat</strong></span> <span class='ocrx_word' id='word_1_23' title='bbox 639 643 754 702; x_wconf 75' lang='grc' dir='ltr'>ιοιο,</span> <span class='ocrx_word' id='word_1_24' title='bbox 788 634 974 690; x_wconf 91' lang='lat' dir='ltr'><strong>subito</strong></span> <span class='ocrx_word' id='word_1_25' title='bbox 999 633 1226 699; x_wconf 78' lang='lat' dir='ltr'><strong>cecidit,</strong></span> <span class='ocrx_word' id='word_1_26' title='bbox 1259 633 1360 688; x_wconf 89' lang='lat' dir='ltr'><strong>uni</strong></span> <span class='ocrx_word' id='word_1_27' title='bbox 1386 632 1684 688; x_wconf 82' lang='lat' dir='ltr'><strong>dumtaxat</strong></span> <span class='ocrx_word' id='word_1_28' title='bbox 1711 631 2026 704; x_wconf 90' lang='lat' dir='ltr'><strong>presbitero</strong></span> 
     </span>
    </p>
   </div>
   <div class='ocr_carea' id='block_1_6' title="bbox 426 721 2028 794">
    <p class='ocr_par' dir='ltr' id='par_1_6' title="bbox 426 721 2028 794">
     <span class='ocr_line' id='line_1_6' title="bbox 426 721 2028 794; baseline -0.002 -14"><span class='ocrx_word' id='word_1_29' title='bbox 426 739 666 793; x_wconf 86' lang='lat' dir='ltr'><strong>nocens,</strong></span> <span class='ocrx_word' id='word_1_30' title='bbox 693 741 823 779; x_wconf 92' lang='lat' dir='ltr'><strong>cum</strong></span> <span class='ocrx_word' id='word_1_31' title='bbox 843 725 1060 780; x_wconf 88' lang='lat' dir='ltr'><strong>domna</strong></span> <span class='ocrx_word' id='word_1_32' title='bbox 1085 721 1566 778; x_wconf 85' lang='lat' dir='ltr'><strong>excommunicati</strong></span> <span class='ocrx_word' id='word_1_33' title='bbox 1584 722 1792 794; x_wconf 80' lang='lat' dir='ltr'><strong>injuste</strong></span> <span class='ocrx_word' id='word_1_34' title='bbox 1817 731 1909 764; x_wconf 72' lang='lat'><strong>1089</strong></span> <span class='ocrx_word' id='word_1_35' title='bbox 1939 738 2028 776; x_wconf 85' lang='lat' dir='ltr'><strong>se-</strong></span> 
     </span>
    </p>
   </div>
   <div class='ocr_carea' id='block_1_7' title="bbox 431 810 2027 884">
    <p class='ocr_par' dir='ltr' id='par_1_7' title="bbox 431 810 2027 884">
     <span class='ocr_line' id='line_1_7' title="bbox 431 810 2027 884; baseline -0.001 -16"><span class='ocrx_word' id='word_1_36' title='bbox 431 813 568 870; x_wconf 91' lang='lat' dir='ltr'><strong>dulo</strong></span> <span class='ocrx_word' id='word_1_37' title='bbox 603 811 1012 869; x_wconf 89' lang='lat' dir='ltr'><strong>commoranti.</strong></span> <span class='ocrx_word' id='word_1_38' title='bbox 1045 813 1142 866; x_wconf 83' lang='lat' dir='ltr'>Ille</span> <span class='ocrx_word' id='word_1_39' title='bbox 1171 828 1274 884; x_wconf 91' lang='lat' dir='ltr'><strong>pre</strong></span> <span class='ocrx_word' id='word_1_40' title='bbox 1305 811 1525 866; x_wconf 67' lang='lat' dir='ltr'><strong>cmteris</strong></span> <span class='ocrx_word' id='word_1_41' title='bbox 1548 811 1608 865; x_wconf 90' lang='lat' dir='ltr'><strong>in</strong></span> <span class='ocrx_word' id='word_1_42' title='bbox 1649 811 1756 865; x_wconf 91' lang='lat' dir='ltr'><strong>hoc</strong></span> <span class='ocrx_word' id='word_1_43' title='bbox 1785 810 2027 866; x_wconf 85' lang='lat' dir='ltr'><strong>crimine</strong></span> 
     </span>
    </p>
   </div>
   <div class='ocr_carea' id='block_1_8' title="bbox 424 899 2025 974">
    <p class='ocr_par' dir='ltr' id='par_1_8' title="bbox 424 899 2025 974">
     <span class='ocr_line' id='line_1_8' title="bbox 424 899 2025 974; baseline -0.003 -16"><span class='ocrx_word' id='word_1_44' title='bbox 424 901 748 974; x_wconf 88' lang='lat' dir='ltr'><strong>culpabilis,</strong></span> <span class='ocrx_word' id='word_1_45' title='bbox 793 903 982 956; x_wconf 87' lang='lat' dir='ltr'><strong>morte</strong></span> <span class='ocrx_word' id='word_1_46' title='bbox 1024 917 1146 968; x_wconf 90' lang='lat' dir='ltr'><strong>sua,</strong></span> <span class='ocrx_word' id='word_1_47' title='bbox 1179 899 1337 972; x_wconf 88' lang='lat' dir='ltr'><strong>prius</strong></span> <span class='ocrx_word' id='word_1_48' title='bbox 1389 900 1696 955; x_wconf 75' lang='lat' dir='ltr'><strong>contractis</strong></span> <span class='ocrx_word' id='word_1_49' title='bbox 1744 899 2025 963; x_wconf 89' lang='lat' dir='ltr'><strong>cruribus,</strong></span> 
     </span>
    </p>
   </div>
   <div class='ocr_carea' id='block_1_9' title="bbox 425 988 2026 1065">
    <p class='ocr_par' dir='ltr' id='par_1_9' title="bbox 425 988 2026 1065">
     <span class='ocr_line' id='line_1_9' title="bbox 425 988 2026 1065; baseline -0.002 -19"><span class='ocrx_word' id='word_1_50' title='bbox 425 991 533 1046; x_wconf 89' lang='lat' dir='ltr'><strong>luit</strong></span> <span class='ocrx_word' id='word_1_51' title='bbox 564 1007 796 1065; x_wconf 71' lang='lat' dir='ltr'><strong>poenam</strong></span> <span class='ocrx_word' id='word_1_52' title='bbox 828 990 1120 1048; x_wconf 88' lang='lat' dir='ltr'><strong>commissi</strong></span> <span class='ocrx_word' id='word_1_53' title='bbox 1147 989 1436 1046; x_wconf 78' lang='lat' dir='ltr'><strong>facinoris.</strong></span> <span class='ocrx_word' id='word_1_54' title='bbox 1469 989 1652 1054; x_wconf 86' lang='lat' dir='ltr'><strong>Quam</strong></span> <span class='ocrx_word' id='word_1_55' title='bbox 1687 989 1875 1044; x_wconf 84' lang='lat' dir='ltr'><strong>dulcia</strong></span> <span class='ocrx_word' id='word_1_56' title='bbox 1903 988 2026 1060; x_wconf 91' lang='lat' dir='ltr'><strong>pio-</strong></span> 
     </span>
    </p>
   </div>
   <div class='ocr_carea' id='block_1_10' title="bbox 425 1077 2030 1152">
    <p class='ocr_par' dir='ltr' id='par_1_10' title="bbox 425 1077 2030 1152">
     <span class='ocr_line' id='line_1_10' title="bbox 425 1077 2030 1152; baseline -0.003 -16"><span class='ocrx_word' id='word_1_57' title='bbox 425 1097 557 1136; x_wconf 86' lang='lat' dir='ltr'><strong>rum</strong></span> <span class='ocrx_word' id='word_1_58' title='bbox 579 1082 742 1152; x_wconf 88' lang='lat' dir='ltr'><strong>gesta</strong></span> <span class='ocrx_word' id='word_1_59' title='bbox 771 1079 842 1136; x_wconf 87' lang='lat' dir='ltr'><strong>ad</strong></span> <span class='ocrx_word' id='word_1_60' title='bbox 875 1079 1321 1138; x_wconf 64' lang='lat' dir='ltr'><strong>aediﬁcationem</strong></span> <span class='ocrx_word' id='word_1_61' title='bbox 1349 1079 1558 1134; x_wconf 66' lang='lat' dir='ltr'><strong>anima:</strong></span> <span class='ocrx_word' id='word_1_62' title='bbox 1581 1078 1688 1152; x_wconf 87' lang='lat' dir='ltr'><strong>ipsi</strong></span> <span class='ocrx_word' id='word_1_63' title='bbox 1710 1077 1958 1150; x_wconf 81' lang='lat' dir='ltr'><strong>legimus</strong></span> <span class='ocrx_word' id='word_1_64' title='bbox 1972 1080 2030 1131; x_wconf 91' lang='lat' dir='ltr'><strong>et</strong></span> 
     </span>
    </p>
   </div>
   <div class='ocr_carea' id='block_1_11' title="bbox 423 1167 2028 1234">
    <p class='ocr_par' dir='ltr' id='par_1_11' title="bbox 423 1167 2028 1234">
     <span class='ocr_line' id='line_1_11' title="bbox 423 1167 2028 1234; baseline -0.002 -10"><span class='ocrx_word' id='word_1_65' title='bbox 423 1171 497 1224; x_wconf 90' lang='lat' dir='ltr'><strong>ab</strong></span> <span class='ocrx_word' id='word_1_66' title='bbox 525 1169 648 1224; x_wconf 90' lang='lat' dir='ltr'><strong>aliis</strong></span> <span class='ocrx_word' id='word_1_67' title='bbox 676 1169 796 1224; x_wconf 87' lang='lat' dir='ltr'><strong>visu</strong></span> <span class='ocrx_word' id='word_1_68' title='bbox 825 1187 890 1225; x_wconf 91' lang='lat' dir='ltr'><strong>ac</strong></span> <span class='ocrx_word' id='word_1_69' title='bbox 921 1167 1120 1224; x_wconf 85' lang='lat' dir='ltr'><strong>auditu</strong></span> <span class='ocrx_word' id='word_1_70' title='bbox 1153 1167 1476 1234; x_wconf 85' lang='lat' dir='ltr'><strong>didicimus,</strong></span> <span class='ocrx_word' id='word_1_71' title='bbox 1513 1171 1572 1224; x_wconf 91' lang='lat' dir='ltr'><strong>et</strong></span> <span class='ocrx_word' id='word_1_72' title='bbox 1618 1173 1816 1223; x_wconf 88' lang='lat' dir='ltr'><strong>tamen</strong></span> <span class='ocrx_word' id='word_1_73' title='bbox 1848 1167 2028 1222; x_wconf 80' lang='lat' dir='ltr'><strong>obdu-</strong></span> 
     </span>
    </p>
   </div>
   <div class='ocr_carea' id='block_1_12' title="bbox 441 1255 2034 1330">
    <p class='ocr_par' dir='ltr' id='par_1_12' title="bbox 441 1255 2034 1330">
     <span class='ocr_line' id='line_1_12' title="bbox 441 1255 2034 1330; baseline -0.002 -18"><span class='ocrx_word' id='word_1_74' title='bbox 441 1263 571 1315; x_wconf 90' lang='lat' dir='ltr'><strong>rato</strong></span> <span class='ocrx_word' id='word_1_75' title='bbox 587 1260 761 1316; x_wconf 90' lang='lat' dir='ltr'><strong>corde</strong></span> <span class='ocrx_word' id='word_1_76' title='bbox 777 1258 970 1314; x_wconf 81' lang='lat' dir='ltr'><strong>miseri</strong></span> <span class='ocrx_word' id='word_1_77' title='bbox 987 1257 1320 1330; x_wconf 87' lang='lat' dir='ltr'><strong>desipimus,</strong></span> <span class='ocrx_word' id='word_1_78' title='bbox 1349 1274 1455 1312; x_wconf 88' lang='lat' dir='ltr'><strong>nec</strong></span> <span class='ocrx_word' id='word_1_79' title='bbox 1473 1273 1735 1312; x_wconf 89' lang='lat' dir='ltr'><strong>amovem</strong></span> <span class='ocrx_word' id='word_1_80' title='bbox 1745 1274 1812 1312; x_wconf 92' lang='lat' dir='ltr'><strong>ur</strong></span> <span class='ocrx_word' id='word_1_81' title='bbox 1830 1255 2034 1311; x_wconf 89' lang='lat' dir='ltr'><strong>inclita</strong></span> 
     </span>
    </p>
   </div>
   <div class='ocr_carea' id='block_1_13' title="bbox 423 1346 2031 1422">
    <p class='ocr_par' dir='ltr' id='par_1_13' title="bbox 423 1346 2031 1422">
     <span class='ocr_line' id='line_1_13' title="bbox 423 1346 2031 1422; baseline -0.003 -17"><span class='ocrx_word' id='word_1_82' title='bbox 423 1348 691 1422; x_wconf 89' lang='lat' dir='ltr'><strong>nequicia</strong></span> <span class='ocrx_word' id='word_1_83' title='bbox 717 1347 888 1403; x_wconf 89' lang='lat' dir='ltr'><strong>certis</strong></span> <span class='ocrx_word' id='word_1_84' title='bbox 915 1349 1203 1402; x_wconf 87' lang='lat' dir='ltr'><strong>malorum</strong></span> <span class='ocrx_word' id='word_1_85' title='bbox 1233 1346 1435 1418; x_wconf 86' lang='lat' dir='ltr'><strong>poenis,</strong></span> <span class='ocrx_word' id='word_1_86' title='bbox 1467 1363 1654 1418; x_wconf 88' lang='lat' dir='ltr'><strong>neque</strong></span> <span class='ocrx_word' id='word_1_87' title='bbox 1677 1346 2031 1400; x_wconf 78' lang='lat' dir='ltr'><strong>delectamur</strong></span> 
     </span>
    </p>
   </div>
   <div class='ocr_carea' id='block_1_14' title="bbox 421 1433 2035 1506">
    <p class='ocr_par' dir='ltr' id='par_1_14' title="bbox 421 1433 2035 1506">
     <span class='ocr_line' id='line_1_14' title="bbox 421 1433 2035 1506; baseline -0.003 -15"><span class='ocrx_word' id='word_1_88' title='bbox 421 1435 906 1492; x_wconf 84' lang='lat' dir='ltr'><strong>inestimabilibus</strong></span> <span class='ocrx_word' id='word_1_89' title='bbox 927 1435 1218 1506; x_wconf 87' lang='lat' dir='ltr'><strong>justorum</strong></span> <span class='ocrx_word' id='word_1_90' title='bbox 1249 1433 1482 1506; x_wconf 89' lang='lat' dir='ltr'><strong>premiis</strong></span> <span class='ocrx_word' id='word_1_91' title='bbox 1513 1443 1632 1488; x_wconf 68' lang='grc' dir='ltr'><strong>ίοιο.</strong></span> <span class='ocrx_word' id='word_1_92' title='bbox 1657 1435 1795 1489; x_wconf 84' lang='lat' dir='ltr'><strong>Hinc</strong></span> <span class='ocrx_word' id='word_1_93' title='bbox 1818 1450 1914 1488; x_wconf 88' lang='lat' dir='ltr'><strong>rex</strong></span> <span class='ocrx_word' id='word_1_94' title='bbox 1944 1433 2035 1487; x_wconf 90' lang='lat' dir='ltr'><strong>di-</strong></span> 
     </span>
    </p>
   </div>
   <div class='ocr_carea' id='block_1_15' title="bbox 423 1521 2036 1594">
    <p class='ocr_par' dir='ltr' id='par_1_15' title="bbox 423 1521 2036 1594">
     <span class='ocr_line' id='line_1_15' title="bbox 423 1521 2036 1594; baseline -0.002 -15"><span class='ocrx_word' id='word_1_95' title='bbox 423 1525 661 1579; x_wconf 89' lang='lat' dir='ltr'><strong>scedens</strong></span> <span class='ocrx_word' id='word_1_96' title='bbox 684 1532 800 1591; x_wconf 73' lang='lat'><strong>1°“,</strong></span> <span class='ocrx_word' id='word_1_97' title='bbox 822 1523 1006 1578; x_wconf 80' lang='lat' dir='ltr'><strong>sancti</strong></span> <span class='ocrx_word' id='word_1_98' title='bbox 1035 1522 1258 1578; x_wconf 81' lang='lat' dir='ltr'><strong>Martini</strong></span> <span class='ocrx_word' id='word_1_99' title='bbox 1279 1521 1717 1594; x_wconf 88' lang='lat' dir='ltr'><strong>presulislimen</strong></span> <span class='ocrx_word' id='word_1_100' title='bbox 1745 1521 2036 1592; x_wconf 79' lang='lat' dir='ltr'><strong>Magontia</strong></span> 
     </span>
    </p>
   </div>
   <div class='ocr_carea' id='block_1_16' title="bbox 423 1611 2033 1684">
    <p class='ocr_par' dir='ltr' id='par_1_16' title="bbox 423 1611 2033 1684">
     <span class='ocr_line' id='line_1_16' title="bbox 423 1611 2033 1684; baseline -0.001 -18"><span class='ocrx_word' id='word_1_101' title='bbox 423 1612 663 1684; x_wconf 81' lang='lat' dir='ltr'><strong>supplex</strong></span> <span class='ocrx_word' id='word_1_102' title='bbox 719 1611 881 1679; x_wconf 87' lang='lat' dir='ltr'><strong>adiit,</strong></span> <span class='ocrx_word' id='word_1_103' title='bbox 933 1611 1125 1683; x_wconf 87' lang='lat' dir='ltr'><strong>ibique</strong></span> <span class='ocrx_word' id='word_1_104' title='bbox 1183 1612 1374 1666; x_wconf 84' lang='lat' dir='ltr'><strong>natale</strong></span> <span class='ocrx_word' id='word_1_105' title='bbox 1434 1612 1828 1684; x_wconf 89' lang='lat' dir='ltr'><strong>apostolorum</strong></span> <span class='ocrx_word' id='word_1_106' title='bbox 1883 1611 2033 1682; x_wconf 89' lang='lat'><strong>(678)</strong></span> 
     </span>
    </p>
   </div>
   <div class='ocr_carea' id='block_1_17' title="bbox 429 1698 1368 1772">
    <p class='ocr_par' dir='ltr' id='par_1_17' title="bbox 429 1698 1368 1772">
     <span class='ocr_line' id='line_1_17' title="bbox 429 1698 1368 1772; baseline 0 -18"><span class='ocrx_word' id='word_1_107' title='bbox 429 1698 587 1771; x_wconf 88' lang='lat' dir='ltr'><strong>(Jun.</strong></span> <span class='ocrx_word' id='word_1_108' title='bbox 621 1701 713 1772; x_wconf 98' lang='lat'><strong>29)</strong></span> <span class='ocrx_word' id='word_1_109' title='bbox 744 1700 1149 1756; x_wconf 84' lang='lat' dir='ltr'><strong>venerabiliter</strong></span> <span class='ocrx_word' id='word_1_110' title='bbox 1176 1698 1368 1754; x_wconf 91' lang='lat' dir='ltr'><strong>coluit.</strong></span> 
     </span>
    </p>
   </div>
   <div class='ocr_carea' id='block_1_18' title="bbox 497 1786 2034 1861">
    <p class='ocr_par' dir='ltr' id='par_1_18' title="bbox 497 1786 2034 1861">
     <span class='ocr_line' id='line_1_18' title="bbox 497 1786 2034 1861; baseline -0.002 -17"><span class='ocrx_word' id='word_1_111' title='bbox 497 1791 552 1844; x_wconf 92' lang='lat'><strong>8.</strong></span> <span class='ocrx_word' id='word_1_112' title='bbox 583 1791 716 1844; x_wconf 85' lang='lat' dir='ltr'><strong>Post</strong></span> <span class='ocrx_word' id='word_1_113' title='bbox 736 1789 856 1844; x_wconf 81' lang='lat' dir='ltr'><strong>haec</strong></span> <span class='ocrx_word' id='word_1_114' title='bbox 875 1797 970 1831; x_wconf 72' lang='grc' dir='ltr'><strong>ίοη</strong></span> <span class='ocrx_word' id='word_1_115' title='bbox 990 1805 1094 1861; x_wconf 91' lang='lat' dir='ltr'><strong>per</strong></span> <span class='ocrx_word' id='word_1_116' title='bbox 1116 1787 1415 1842; x_wconf 85' lang='lat' dir='ltr'><strong>Franciam</strong></span> <span class='ocrx_word' id='word_1_117' title='bbox 1448 1787 1791 1842; x_wconf 90' lang='lat' dir='ltr'><strong>orientalem</strong></span> <span class='ocrx_word' id='word_1_118' title='bbox 1817 1786 1927 1842; x_wconf 92' lang='lat' dir='ltr'><strong>iter</strong></span> <span class='ocrx_word' id='word_1_119' title='bbox 1954 1787 2034 1842; x_wconf 86' lang='lat' dir='ltr'><strong>fa-</strong></span> 
     </span>
    </p>
   </div>
   <div class='ocr_carea' id='block_1_19' title="bbox 2132 631 3750 704">
    <p class='ocr_par' dir='ltr' id='par_1_19' title="bbox 2132 631 3750 704">
     <span class='ocr_line' id='line_1_19' title="bbox 2132 631 3750 704; baseline 0 -18"><span class='ocrx_word' id='word_1_120' title='bbox 2132 631 2423 702; x_wconf 88' lang='lat' dir='ltr'><strong>patefecit,</strong></span> <span class='ocrx_word' id='word_1_121' title='bbox 2442 637 2501 687; x_wconf 92' lang='lat' dir='ltr'><strong>et</strong></span> <span class='ocrx_word' id='word_1_122' title='bbox 2530 633 2590 687; x_wconf 90' lang='lat' dir='ltr'><strong>in</strong></span> <span class='ocrx_word' id='word_1_123' title='bbox 2623 633 2744 704; x_wconf 91' lang='lat' dir='ltr'><strong>ipsa</strong></span> <span class='ocrx_word' id='word_1_124' title='bbox 2773 631 3029 702; x_wconf 86' lang='lat' dir='ltr'><strong>regionis</strong></span> <span class='ocrx_word' id='word_1_125' title='bbox 3050 632 3208 686; x_wconf 89' lang='lat' dir='ltr'><strong>istius</strong></span> <span class='ocrx_word' id='word_1_126' title='bbox 3227 633 3413 704; x_wconf 88' lang='lat' dir='ltr'><strong>janua</strong></span> <span class='ocrx_word' id='word_1_127' title='bbox 3436 648 3627 686; x_wconf 88' lang='lat' dir='ltr'><strong>unum</strong></span> <span class='ocrx_word' id='word_1_128' title='bbox 3659 649 3750 687; x_wconf 85' lang='lat' dir='ltr'><strong>ca-</strong></span> 
     </span>
    </p>
   </div>
   <div class='ocr_carea' id='block_1_20' title="bbox 2132 721 3750 795">
    <p class='ocr_par' dir='ltr' id='par_1_20' title="bbox 2132 721 3750 795">
     <span class='ocr_line' id='line_1_20' title="bbox 2132 721 3750 795; baseline 0 -18"><span class='ocrx_word' id='word_1_129' title='bbox 2132 723 2360 777; x_wconf 90' lang='lat' dir='ltr'><strong>stellum</strong></span> <span class='ocrx_word' id='word_1_130' title='bbox 2419 739 2520 776; x_wconf 91' lang='lat' dir='ltr'><strong>sua</strong></span> <span class='ocrx_word' id='word_1_131' title='bbox 2568 721 2756 776; x_wconf 91' lang='lat' dir='ltr'><strong>eidem</strong></span> <span class='ocrx_word' id='word_1_132' title='bbox 2807 725 3012 792; x_wconf 89' lang='lat' dir='ltr'><strong>sponte</strong></span> <span class='ocrx_word' id='word_1_133' title='bbox 3055 721 3327 777; x_wconf 88' lang='lat' dir='ltr'><strong>reddidit.</strong></span> <span class='ocrx_word' id='word_1_134' title='bbox 3359 723 3481 776; x_wconf 81' lang='lat' dir='ltr'><strong>Rex</strong></span> <span class='ocrx_word' id='word_1_135' title='bbox 3512 727 3750 795; x_wconf 85' lang='lat' dir='ltr'><strong>prapter</strong></span> 
     </span>
    </p>
   </div>
   <div class='ocr_carea' id='block_1_21' title="bbox 2130 803 3750 884">
    <p class='ocr_par' dir='ltr' id='par_1_21' title="bbox 2130 803 3750 884">
     <span class='ocr_line' id='line_1_21' title="bbox 2130 803 3750 884; baseline 0.001 -19"><span class='ocrx_word' id='word_1_136' title='bbox 2130 803 2417 866; x_wconf 73' lang='lat' dir='ltr'><strong>Bawarios</strong></span> <span class='ocrx_word' id='word_1_137' title='bbox 2431 810 3325 874; x_wconf 89' lang='lat' dir='ltr'><strong>nondumadventantes,tardato</strong></span> <span class='ocrx_word' id='word_1_138' title='bbox 3339 811 3651 884; x_wconf 88' lang='lat' dir='ltr'><strong>paululum</strong></span> <span class='ocrx_word' id='word_1_139' title='bbox 3663 812 3750 866; x_wconf 83' lang='lat' dir='ltr'><strong>iti-</strong></span> 
     </span>
    </p>
   </div>
   <div class='ocr_carea' id='block_1_22' title="bbox 2131 899 3751 970">
    <p class='ocr_par' dir='ltr' id='par_1_22' title="bbox 2131 899 3751 970">
     <span class='ocr_line' id='line_1_22' title="bbox 2131 899 3751 970; baseline 0 -16"><span class='ocrx_word' id='word_1_140' title='bbox 2131 916 2291 967; x_wconf 87' lang='lat' dir='ltr'><strong>nere,</strong></span> <span class='ocrx_word' id='word_1_141' title='bbox 2309 900 2382 954; x_wconf 92' lang='lat' dir='ltr'><strong>ad</strong></span> <span class='ocrx_word' id='word_1_142' title='bbox 2406 900 2606 954; x_wconf 85' lang='lat' dir='ltr'><strong>urbem</strong></span> <span class='ocrx_word' id='word_1_143' title='bbox 2625 899 2774 954; x_wconf 87' lang='lat' dir='ltr'><strong>Satzi</strong></span> <span class='ocrx_word' id='word_1_144' title='bbox 2799 899 2943 970; x_wconf 89' lang='lat'><strong>(683)</strong></span> <span class='ocrx_word' id='word_1_145' title='bbox 2967 899 3180 954; x_wconf 87' lang='lat' dir='ltr'><strong>dictam</strong></span> <span class='ocrx_word' id='word_1_146' title='bbox 3207 899 3384 967; x_wconf 89' lang='lat' dir='ltr'><strong>venit,</strong></span> <span class='ocrx_word' id='word_1_147' title='bbox 3401 903 3464 954; x_wconf 92' lang='lat' dir='ltr'><strong>et</strong></span> <span class='ocrx_word' id='word_1_148' title='bbox 3489 899 3751 954; x_wconf 83' lang='lat' dir='ltr'><strong>concives</strong></span> 
     </span>
    </p>
   </div>
   <div class='ocr_carea' id='block_1_23' title="bbox 2132 987 3748 1060">
    <p class='ocr_par' dir='ltr' id='par_1_23' title="bbox 2132 987 3748 1060">
     <span class='ocr_line' id='line_1_23' title="bbox 2132 987 3748 1060; baseline -0.001 -16"><span class='ocrx_word' id='word_1_149' title='bbox 2132 989 2257 1055; x_wconf 85' lang='lat' dir='ltr'><strong>bos,</strong></span> <span class='ocrx_word' id='word_1_150' title='bbox 2294 991 2490 1060; x_wconf 88' lang='lat' dir='ltr'><strong>portas</strong></span> <span class='ocrx_word' id='word_1_151' title='bbox 2515 987 2626 1042; x_wconf 89' lang='lat' dir='ltr'><strong>sibi</strong></span> <span class='ocrx_word' id='word_1_152' title='bbox 2677 987 2806 1043; x_wconf 91' lang='lat' dir='ltr'><strong>ilico</strong></span> <span class='ocrx_word' id='word_1_153' title='bbox 2852 988 3180 1059; x_wconf 86' lang='lat' dir='ltr'><strong>aperientes</strong></span> <span class='ocrx_word' id='word_1_154' title='bbox 3221 991 3281 1042; x_wconf 88' lang='lat' dir='ltr'><strong>et</strong></span> <span class='ocrx_word' id='word_1_155' title='bbox 3310 989 3571 1044; x_wconf 90' lang='lat' dir='ltr'><strong>Polenos</strong></span> <span class='ocrx_word' id='word_1_156' title='bbox 3601 988 3748 1044; x_wconf 87' lang='lat' dir='ltr'><strong>intus</strong></span> 
     </span>
    </p>
   </div>
   <div class='ocr_carea' id='block_1_24' title="bbox 2132 1076 3746 1150">
    <p class='ocr_par' dir='ltr' id='par_1_24' title="bbox 2132 1076 3746 1150">
     <span class='ocr_line' id='line_1_24' title="bbox 2132 1076 3746 1150; baseline -0.001 -18"><span class='ocrx_word' id='word_1_157' title='bbox 2132 1077 2387 1149; x_wconf 88' lang='lat' dir='ltr'><strong>presidio</strong></span> <span class='ocrx_word' id='word_1_158' title='bbox 2406 1077 2622 1150; x_wconf 92' lang='lat' dir='ltr'><strong>positos</strong></span> <span class='ocrx_word' id='word_1_159' title='bbox 2637 1076 3199 1144; x_wconf 89' lang='lat' dir='ltr'><strong>occidentes,suimet</strong></span> <span class='ocrx_word' id='word_1_160' title='bbox 3217 1077 3746 1149; x_wconf 86' lang='lat' dir='ltr'><strong>cognovitamicos.</strong></span> 
     </span>
    </p>
   </div>
   <div class='ocr_carea' id='block_1_25' title="bbox 2138 1166 3751 1236">
    <p class='ocr_par' dir='ltr' id='par_1_25' title="bbox 2138 1166 3751 1236">
     <span class='ocr_line' id='line_1_25' title="bbox 2138 1166 3751 1236; baseline 0 -16"><span class='ocrx_word' id='word_1_161' title='bbox 2138 1166 2342 1221; x_wconf 81' lang='lat' dir='ltr'><strong>Videns</strong></span> <span class='ocrx_word' id='word_1_162' title='bbox 2369 1183 2466 1221; x_wconf 89' lang='lat' dir='ltr'><strong>rex</strong></span> <span class='ocrx_word' id='word_1_163' title='bbox 2490 1169 2714 1220; x_wconf 88' lang='lat' dir='ltr'><strong>tantam</strong></span> <span class='ocrx_word' id='word_1_164' title='bbox 2742 1169 3018 1236; x_wconf 85' lang='lat' dir='ltr'><strong>stragem,</strong></span> <span class='ocrx_word' id='word_1_165' title='bbox 3039 1169 3531 1231; x_wconf 88' lang='lat' dir='ltr'><strong>commovetur,et</strong></span> <span class='ocrx_word' id='word_1_166' title='bbox 3551 1182 3751 1236; x_wconf 86' lang='lat' dir='ltr'><strong>super-</strong></span> 
     </span>
    </p>
   </div>
   <div class='ocr_carea' id='block_1_26' title="bbox 2134 1253 3748 1326">
    <p class='ocr_par' dir='ltr' id='par_1_26' title="bbox 2134 1253 3748 1326">
     <span class='ocr_line' id='line_1_26' title="bbox 2134 1253 3748 1326; baseline 0.001 -17"><span class='ocrx_word' id='word_1_167' title='bbox 2134 1255 2294 1310; x_wconf 91' lang='lat' dir='ltr'><strong>stites</strong></span> <span class='ocrx_word' id='word_1_168' title='bbox 2323 1255 2381 1309; x_wconf 91' lang='lat' dir='ltr'><strong>in</strong></span> <span class='ocrx_word' id='word_1_169' title='bbox 2412 1271 2529 1308; x_wconf 90' lang='lat' dir='ltr'><strong>una</strong></span> <span class='ocrx_word' id='word_1_170' title='bbox 2545 1253 2788 1326; x_wconf 89' lang='lat' dir='ltr'><strong>precipit</strong></span> <span class='ocrx_word' id='word_1_171' title='bbox 2813 1253 3069 1309; x_wconf 70' lang='lat' dir='ltr'><strong>mcclesia</strong></span> <span class='ocrx_word' id='word_1_172' title='bbox 3083 1253 3517 1309; x_wconf 84' lang='lat' dir='ltr'><strong>retrudi.Adest</strong></span> <span class='ocrx_word' id='word_1_173' title='bbox 3539 1255 3748 1321; x_wconf 89' lang='lat' dir='ltr'><strong>eciam,</strong></span> 
     </span>
    </p>
   </div>
   <div class='ocr_carea' id='block_1_27' title="bbox 2135 1342 3749 1416">
    <p class='ocr_par' dir='ltr' id='par_1_27' title="bbox 2135 1342 3749 1416">
     <span class='ocr_line' id='line_1_27' title="bbox 2135 1342 3749 1416; baseline -0.001 -17"><span class='ocrx_word' id='word_1_174' title='bbox 2135 1345 2232 1416; x_wconf 88' lang='lat' dir='ltr'><strong>qui</strong></span> <span class='ocrx_word' id='word_1_175' title='bbox 2263 1343 2612 1399; x_wconf 88' lang='lat' dir='ltr'><strong>Bolizlavum</strong></span> <span class='ocrx_word' id='word_1_176' title='bbox 2643 1360 2678 1397; x_wconf 90' lang='lat' dir='ltr'><strong>a</strong></span> <span class='ocrx_word' id='word_1_177' title='bbox 2703 1342 3282 1415; x_wconf 89' lang='lat' dir='ltr'><strong>comprovincialibus</strong></span> <span class='ocrx_word' id='word_1_178' title='bbox 3303 1359 3426 1397; x_wconf 88' lang='lat' dir='ltr'><strong>esse</strong></span> <span class='ocrx_word' id='word_1_179' title='bbox 3463 1344 3749 1398; x_wconf 81' lang='lat' dir='ltr'><strong>interem-</strong></span> 
     </span>
    </p>
   </div>
   <div class='ocr_carea' id='block_1_28' title="bbox 2134 1430 3752 1505">
    <p class='ocr_par' dir='ltr' id='par_1_28' title="bbox 2134 1430 3752 1505">
     <span class='ocr_line' id='line_1_28' title="bbox 2134 1430 3752 1505; baseline 0 -19"><span class='ocrx_word' id='word_1_180' title='bbox 2134 1436 2298 1505; x_wconf 93' lang='lat' dir='ltr'><strong>ptum</strong></span> <span class='ocrx_word' id='word_1_181' title='bbox 2322 1447 2425 1502; x_wconf 90' lang='lat' dir='ltr'><strong>pro</strong></span> <span class='ocrx_word' id='word_1_182' title='bbox 2452 1435 2607 1486; x_wconf 89' lang='lat' dir='ltr'><strong>certo</strong></span> <span class='ocrx_word' id='word_1_183' title='bbox 2637 1431 2902 1485; x_wconf 85' lang='lat' dir='ltr'><strong>referret.</strong></span> <span class='ocrx_word' id='word_1_184' title='bbox 2921 1431 3196 1486; x_wconf 86' lang='lat' dir='ltr'><strong>Lctantur</strong></span> <span class='ocrx_word' id='word_1_185' title='bbox 3216 1431 3275 1484; x_wconf 91' lang='lat' dir='ltr'><strong>in</strong></span> <span class='ocrx_word' id='word_1_186' title='bbox 3298 1431 3418 1486; x_wconf 89' lang='lat' dir='ltr'><strong>Deo</strong></span> <span class='ocrx_word' id='word_1_187' title='bbox 3431 1430 3752 1486; x_wconf 84' lang='lat' dir='ltr'><strong>familiares</strong></span> 
     </span>
    </p>
   </div>
   <div class='ocr_carea' id='block_1_29' title="bbox 2134 1519 3752 1592">
    <p class='ocr_par' dir='ltr' id='par_1_29' title="bbox 2134 1519 3752 1592">
     <span class='ocr_line' id='line_1_29' title="bbox 2134 1519 3752 1592; baseline -0.001 -16"><span class='ocrx_word' id='word_1_188' title='bbox 2134 1521 2305 1592; x_wconf 89' lang='lat' dir='ltr'><strong>regis,</strong></span> <span class='ocrx_word' id='word_1_189' title='bbox 2345 1521 2715 1592; x_wconf 88' lang='lat' dir='ltr'><strong>corruptique</strong></span> <span class='ocrx_word' id='word_1_190' title='bbox 2762 1519 3066 1574; x_wconf 86' lang='lat' dir='ltr'><strong>tristantur</strong></span> <span class='ocrx_word' id='word_1_191' title='bbox 3128 1520 3384 1574; x_wconf 83' lang='lat' dir='ltr'><strong>fautores</strong></span> <span class='ocrx_word' id='word_1_192' title='bbox 3439 1519 3752 1575; x_wconf 84' lang='lat' dir='ltr'><strong>adullerini</strong></span> 
     </span>
    </p>
   </div>
   <div class='ocr_carea' id='block_1_30' title="bbox 2134 1609 3751 1680">
    <p class='ocr_par' dir='ltr' id='par_1_30' title="bbox 2134 1609 3751 1680">
     <span class='ocr_line' id='line_1_30' title="bbox 2134 1609 3751 1680; baseline -0.001 -15"><span class='ocrx_word' id='word_1_193' title='bbox 2134 1611 2310 1667; x_wconf 89' lang='lat' dir='ltr'><strong>ducis.</strong></span> <span class='ocrx_word' id='word_1_194' title='bbox 2337 1609 2423 1664; x_wconf 90' lang='lat' dir='ltr'><strong>Hii</strong></span> <span class='ocrx_word' id='word_1_195' title='bbox 2455 1609 2700 1664; x_wconf 86' lang='lat' dir='ltr'><strong>invicem</strong></span> <span class='ocrx_word' id='word_1_196' title='bbox 2735 1611 3060 1664; x_wconf 90' lang='lat' dir='ltr'><strong>mussantes</strong></span> <span class='ocrx_word' id='word_1_197' title='bbox 3091 1626 3158 1664; x_wconf 92' lang='lat' dir='ltr'><strong>ex</strong></span> <span class='ocrx_word' id='word_1_198' title='bbox 3187 1609 3386 1680; x_wconf 84' lang='lat' dir='ltr'><strong>injusti</strong></span> <span class='ocrx_word' id='word_1_199' title='bbox 3439 1609 3643 1665; x_wconf 88' lang='lat' dir='ltr'><strong>cordis</strong></span> <span class='ocrx_word' id='word_1_200' title='bbox 3669 1610 3751 1664; x_wconf 90' lang='lat' dir='ltr'><strong>sui</strong></span> 
     </span>
    </p>
   </div>
   <div class='ocr_carea' id='block_1_31' title="bbox 2135 1698 3750 1754">
    <p class='ocr_par' dir='ltr' id='par_1_31' title="bbox 2135 1698 3750 1754">
     <span class='ocr_line' id='line_1_31' title="bbox 2135 1698 3750 1754; baseline -0.001 0"><span class='ocrx_word' id='word_1_201' title='bbox 2135 1699 2444 1754; x_wconf 89' lang='lat' dir='ltr'><strong>secretario</strong></span> <span class='ocrx_word' id='word_1_202' title='bbox 2471 1699 2580 1754; x_wconf 92' lang='lat' dir='ltr'><strong>hoc</strong></span> <span class='ocrx_word' id='word_1_203' title='bbox 2623 1713 2932 1753; x_wconf 89' lang='lat' dir='ltr'><strong>evomuere</strong></span> <span class='ocrx_word' id='word_1_204' title='bbox 2963 1698 3334 1754; x_wconf 89' lang='lat' dir='ltr'><strong>mendacium</strong></span> <span class='ocrx_word' id='word_1_205' title='bbox 3362 1717 3376 1752; x_wconf 88' lang='lat'><strong>:</strong></span> <span class='ocrx_word' id='word_1_206' title='bbox 3409 1699 3460 1753; x_wconf 88' lang='lat' dir='ltr'><strong>si</strong></span> <span class='ocrx_word' id='word_1_207' title='bbox 3490 1715 3597 1753; x_wconf 85' lang='lat' dir='ltr'><strong>rex</strong></span> <span class='ocrx_word' id='word_1_208' title='bbox 3628 1715 3750 1753; x_wconf 88' lang='lat' dir='ltr'><strong>um-</strong></span> 
     </span>
    </p>
   </div>
   <div class='ocr_carea' id='block_1_32' title="bbox 2135 1785 3752 1858">
    <p class='ocr_par' dir='ltr' id='par_1_32' title="bbox 2135 1785 3752 1858">
     <span class='ocr_line' id='line_1_32' title="bbox 2135 1785 3752 1858; baseline -0.001 -17"><span class='ocrx_word' id='word_1_209' title='bbox 2135 1803 2310 1858; x_wconf 90' lang='lat' dir='ltr'><strong>quam</strong></span> <span class='ocrx_word' id='word_1_210' title='bbox 2333 1788 2392 1842; x_wconf 89' lang='lat' dir='ltr'><strong>in</strong></span> <span class='ocrx_word' id='word_1_211' title='bbox 2419 1787 2575 1844; x_wconf 88' lang='lat' dir='ltr'><strong>bona</strong></span> <span class='ocrx_word' id='word_1_212' title='bbox 2599 1786 2904 1841; x_wconf 87' lang='lat' dir='ltr'><strong>securitate</strong></span> <span class='ocrx_word' id='word_1_213' title='bbox 2933 1786 3290 1854; x_wconf 83' lang='lat' dir='ltr'><strong>consisteret,</strong></span> <span class='ocrx_word' id='word_1_214' title='bbox 3316 1803 3378 1842; x_wconf 89' lang='lat' dir='ltr'><strong>se</strong></span> <span class='ocrx_word' id='word_1_215' title='bbox 3397 1790 3542 1841; x_wconf 89' lang='lat' dir='ltr'><strong>tunc</strong></span> <span class='ocrx_word' id='word_1_216' title='bbox 3566 1787 3644 1841; x_wconf 92' lang='lat' dir='ltr'><strong>ad</strong></span> <span class='ocrx_word' id='word_1_217' title='bbox 3665 1785 3752 1840; x_wconf 65' lang='lat' dir='ltr'><strong>nio</strong></span> 
     </span>
    </p>
   </div>
   <div class='ocr_carea' id='block_1_33' title="bbox 432 1873 3748 1948">
    <p class='ocr_par' dir='ltr' id='par_1_33' title="bbox 432 1873 3748 1948">
     <span class='ocr_line' id='line_1_33' title="bbox 432 1873 3748 1948; baseline -0.001 -17"><span class='ocrx_word' id='word_1_218' title='bbox 432 1876 610 1945; x_wconf 88' lang='lat' dir='ltr'><strong>ciens,</strong></span> <span class='ocrx_word' id='word_1_219' title='bbox 626 1877 956 1945; x_wconf 88' lang='lat' dir='ltr'><strong>Saxoniam,</strong></span> <span class='ocrx_word' id='word_1_220' title='bbox 973 1879 1035 1931; x_wconf 92' lang='lat' dir='ltr'><strong>ut</strong></span> <span class='ocrx_word' id='word_1_221' title='bbox 1052 1893 1186 1948; x_wconf 91' lang='lat' dir='ltr'><strong>sepe</strong></span> <span class='ocrx_word' id='word_1_222' title='bbox 1203 1876 1489 1948; x_wconf 89' lang='lat' dir='ltr'><strong>professus</strong></span> <span class='ocrx_word' id='word_1_223' title='bbox 1509 1879 1614 1942; x_wconf 90' lang='lat' dir='ltr'><strong>est,</strong></span> <span class='ocrx_word' id='word_1_224' title='bbox 1633 1875 1953 1930; x_wconf 87' lang='lat' dir='ltr'><strong>securitatis</strong></span> <span class='ocrx_word' id='word_1_225' title='bbox 1970 1892 2033 1930; x_wconf 90' lang='lat' dir='ltr'><strong>ac</strong></span> <span class='ocrx_word' id='word_1_226' title='bbox 2055 1873 2105 1932; x_wconf 92' lang='lat' dir='ltr'><strong>B</strong></span> <span class='ocrx_word' id='word_1_227' title='bbox 2135 1875 2315 1930; x_wconf 86' lang='lat' dir='ltr'><strong>hilum</strong></span> <span class='ocrx_word' id='word_1_228' title='bbox 2334 1877 2522 1930; x_wconf 89' lang='lat' dir='ltr'><strong>valere</strong></span> <span class='ocrx_word' id='word_1_229' title='bbox 2545 1877 2842 1947; x_wconf 88' lang='lat' dir='ltr'><strong>multaque</strong></span> <span class='ocrx_word' id='word_1_230' title='bbox 2863 1876 2936 1930; x_wconf 89' lang='lat' dir='ltr'><strong>ab</strong></span> <span class='ocrx_word' id='word_1_231' title='bbox 2956 1891 3024 1930; x_wconf 92' lang='lat' dir='ltr'><strong>eo</strong></span> <span class='ocrx_word' id='word_1_232' title='bbox 3047 1875 3167 1947; x_wconf 90' lang='lat' dir='ltr'><strong>pati</strong></span> <span class='ocrx_word' id='word_1_233' title='bbox 3184 1875 3483 1930; x_wconf 90' lang='lat' dir='ltr'><strong>contraria</strong></span> <span class='ocrx_word' id='word_1_234' title='bbox 3509 1875 3748 1930; x_wconf 87' lang='lat' dir='ltr'><strong>debere.</strong></span> 
     </span>
    </p>
   </div>
   <div class='ocr_carea' id='block_1_34' title="bbox 423 1964 2036 2038">
    <p class='ocr_par' dir='ltr' id='par_1_34' title="bbox 423 1964 2036 2038">
     <span class='ocr_line' id='line_1_34' title="bbox 423 1964 2036 2038; baseline -0.001 -18"><span class='ocrx_word' id='word_1_235' title='bbox 423 1965 604 2020; x_wconf 88' lang='lat' dir='ltr'><strong>tocius</strong></span> <span class='ocrx_word' id='word_1_236' title='bbox 628 1965 1068 2038; x_wconf 82' lang='lat' dir='ltr'><strong>ubertatisquasi</strong></span> <span class='ocrx_word' id='word_1_237' title='bbox 1083 1964 1416 2037; x_wconf 86' lang='lat' dir='ltr'><strong>tlorigeram</strong></span> <span class='ocrx_word' id='word_1_238' title='bbox 1445 1964 1694 2037; x_wconf 83' lang='lat' dir='ltr'><strong>paradisi</strong></span> <span class='ocrx_word' id='word_1_239' title='bbox 1718 1965 1931 2030; x_wconf 90' lang='lat' dir='ltr'><strong>aulam,</strong></span> <span class='ocrx_word' id='word_1_240' title='bbox 1949 1980 2036 2018; x_wconf 89' lang='lat' dir='ltr'><strong>re-</strong></span> 
     </span>
    </p>
   </div>
   <div class='ocr_carea' id='block_1_35' title="bbox 428 2052 2034 2110">
    <p class='ocr_par' dir='ltr' id='par_1_35' title="bbox 428 2052 2034 2110">
     <span class='ocr_line' id='line_1_35' title="bbox 428 2052 2034 2110; baseline -0.001 -2"><span class='ocrx_word' id='word_1_241' title='bbox 428 2052 664 2109; x_wconf 78' lang='lat' dir='ltr'><strong>visitJbi</strong></span> <span class='ocrx_word' id='word_1_242' title='bbox 677 2057 810 2108; x_wconf 91' lang='lat' dir='ltr'><strong>tunc</strong></span> <span class='ocrx_word' id='word_1_243' title='bbox 825 2053 921 2108; x_wconf 91' lang='lat' dir='ltr'><strong>diu</strong></span> <span class='ocrx_word' id='word_1_244' title='bbox 935 2053 1295 2110; x_wconf 85' lang='lat' dir='ltr'><strong>reconditum</strong></span> <span class='ocrx_word' id='word_1_245' title='bbox 1311 2053 1411 2108; x_wconf 89' lang='lat' dir='ltr'><strong>zeli</strong></span> <span class='ocrx_word' id='word_1_246' title='bbox 1427 2053 1704 2108; x_wconf 90' lang='lat' dir='ltr'><strong>latitantis</strong></span> <span class='ocrx_word' id='word_1_247' title='bbox 1717 2053 2034 2108; x_wconf 88' lang='lat' dir='ltr'><strong>archanum</strong></span> 
     </span>
    </p>
   </div>
   <div class='ocr_carea' id='block_1_36' title="bbox 426 2141 2031 2216">
    <p class='ocr_par' dir='ltr' id='par_1_36' title="bbox 426 2141 2031 2216">
     <span class='ocr_line' id='line_1_36' title="bbox 426 2141 2031 2216; baseline -0.001 -18"><span class='ocrx_word' id='word_1_248' title='bbox 426 2143 500 2198; x_wconf 92' lang='lat' dir='ltr'><strong>ab</strong></span> <span class='ocrx_word' id='word_1_249' title='bbox 523 2142 770 2216; x_wconf 89' lang='lat' dir='ltr'><strong>simplici</strong></span> <span class='ocrx_word' id='word_1_250' title='bbox 797 2143 971 2198; x_wconf 89' lang='lat' dir='ltr'><strong>corde</strong></span> <span class='ocrx_word' id='word_1_251' title='bbox 994 2142 1336 2210; x_wconf 89' lang='lat' dir='ltr'><strong>evomuit,et</strong></span> <span class='ocrx_word' id='word_1_252' title='bbox 1356 2141 1428 2197; x_wconf 88' lang='lat' dir='ltr'><strong>ad</strong></span> <span class='ocrx_word' id='word_1_253' title='bbox 1451 2141 1935 2215; x_wconf 88' lang='lat' dir='ltr'><strong>compescendam</strong></span> <span class='ocrx_word' id='word_1_254' title='bbox 1965 2141 2031 2213; x_wconf 84' lang='lat' dir='ltr'><strong>(f.</strong></span> 
     </span>
    </p>
   </div>
   <div class='ocr_carea' id='block_1_37' title="bbox 431 2230 2036 2304">
    <p class='ocr_par' dir='ltr' id='par_1_37' title="bbox 431 2230 2036 2304">
     <span class='ocr_line' id='line_1_37' title="bbox 431 2230 2036 2304; baseline -0.002 -15"><span class='ocrx_word' id='word_1_255' title='bbox 431 2233 551 2300; x_wconf 72' lang='grc'>102)</span> <span class='ocrx_word' id='word_1_256' title='bbox 581 2232 843 2289; x_wconf 87' lang='lat' dir='ltr'><strong>Bolizlavi</strong></span> <span class='ocrx_word' id='word_1_257' title='bbox 875 2231 1200 2304; x_wconf 88' lang='lat' dir='ltr'><strong>arrogantis</strong></span> <span class='ocrx_word' id='word_1_258' title='bbox 1230 2230 1516 2299; x_wconf 90' lang='lat' dir='ltr'><strong>seviciam,</strong></span> <span class='ocrx_word' id='word_1_259' title='bbox 1554 2231 1823 2287; x_wconf 88' lang='lat' dir='ltr'><strong>omnibus</strong></span> <span class='ocrx_word' id='word_1_260' title='bbox 1845 2231 1901 2285; x_wconf 92' lang='lat' dir='ltr'><strong>in</strong></span> <span class='ocrx_word' id='word_1_261' title='bbox 1934 2247 2036 2286; x_wconf 89' lang='lat' dir='ltr'><strong>sua</strong></span> 
     </span>
    </p>
   </div>
   <div class='ocr_carea' id='block_1_38' title="bbox 427 2319 2034 2391">
    <p class='ocr_par' dir='ltr' id='par_1_38' title="bbox 427 2319 2034 2391">
     <span class='ocr_line' id='line_1_38' title="bbox 427 2319 2034 2391; baseline -0.002 -15"><span class='ocrx_word' id='word_1_262' title='bbox 427 2321 652 2378; x_wconf 90' lang='lat' dir='ltr'><strong>dicione</strong></span> <span class='ocrx_word' id='word_1_263' title='bbox 674 2319 896 2377; x_wconf 85' lang='lat' dir='ltr'><strong>Christo</strong></span> <span class='ocrx_word' id='word_1_264' title='bbox 923 2320 1146 2391; x_wconf 85' lang='lat' dir='ltr'><strong>sibique</strong></span> <span class='ocrx_word' id='word_1_265' title='bbox 1175 2319 1438 2374; x_wconf 84' lang='lat' dir='ltr'><strong>fidelibus</strong></span> <span class='ocrx_word' id='word_1_266' title='bbox 1461 2319 1886 2390; x_wconf 84' lang='lat' dir='ltr'><strong>expeditionem</strong></span> <span class='ocrx_word' id='word_1_267' title='bbox 1917 2321 2034 2372; x_wconf 87' lang='lat' dir='ltr'><strong>Au-</strong></span> 
     </span>
    </p>
   </div>
   <div class='ocr_carea' id='block_1_39' title="bbox 429 2407 2034 2482">
    <p class='ocr_par' dir='ltr' id='par_1_39' title="bbox 429 2407 2034 2482">
     <span class='ocr_line' id='line_1_39' title="bbox 429 2407 2034 2482; baseline -0.002 -17"><span class='ocrx_word' id='word_1_268' title='bbox 429 2413 597 2482; x_wconf 87' lang='lat' dir='ltr'><strong>gusto</strong></span> <span class='ocrx_word' id='word_1_269' title='bbox 619 2409 746 2482; x_wconf 88' lang='lat' dir='ltr'><strong>jam</strong></span> <span class='ocrx_word' id='word_1_270' title='bbox 796 2408 1092 2464; x_wconf 90' lang='lat' dir='ltr'><strong>mediante</strong></span> <span class='ocrx_word' id='word_1_271' title='bbox 1139 2407 1344 2462; x_wconf 85' lang='lat' dir='ltr'><strong>indixit</strong></span> <span class='ocrx_word' id='word_1_272' title='bbox 1391 2408 1556 2474; x_wconf 91' lang='lat'><strong>(679).</strong></span> <span class='ocrx_word' id='word_1_273' title='bbox 1593 2407 1817 2462; x_wconf 89' lang='lat' dir='ltr'><strong>Statuto</strong></span> <span class='ocrx_word' id='word_1_274' title='bbox 1858 2407 2034 2478; x_wconf 89' lang='lat' dir='ltr'><strong>igitur</strong></span> 
     </span>
    </p>
   </div>
   <div class='ocr_carea' id='block_1_40' title="bbox 437 2494 2030 2566">
    <p class='ocr_par' dir='ltr' id='par_1_40' title="bbox 437 2494 2030 2566">
     <span class='ocr_line' id='line_1_40' title="bbox 437 2494 2030 2566; baseline -0.003 -12"><span class='ocrx_word' id='word_1_275' title='bbox 437 2498 689 2554; x_wconf 89' lang='lat' dir='ltr'><strong>termino</strong></span> <span class='ocrx_word' id='word_1_276' title='bbox 717 2497 778 2551; x_wconf 90' lang='lat' dir='ltr'><strong>in</strong></span> <span class='ocrx_word' id='word_1_277' title='bbox 807 2497 1138 2566; x_wconf 84' lang='lat' dir='ltr'><strong>Merseburg</strong></span> <span class='ocrx_word' id='word_1_278' title='bbox 1164 2494 1442 2550; x_wconf 87' lang='lat' dir='ltr'><strong>exercitus</strong></span> <span class='ocrx_word' id='word_1_279' title='bbox 1487 2495 1552 2549; x_wconf 81' lang='lat' dir='ltr'><strong>fit</strong></span> <span class='ocrx_word' id='word_1_280' title='bbox 1581 2495 1842 2550; x_wconf 88' lang='lat' dir='ltr'><strong>collectio</strong></span> <span class='ocrx_word' id='word_1_281' title='bbox 1874 2511 1939 2550; x_wconf 92' lang='lat' dir='ltr'><strong>ac</strong></span> <span class='ocrx_word' id='word_1_282' title='bbox 1972 2495 2030 2550; x_wconf 90' lang='lat' dir='ltr'><strong>in</strong></span> 
     </span>
    </p>
   </div>
   <div class='ocr_carea' id='block_1_41' title="bbox 429 2583 2033 2656">
    <p class='ocr_par' dir='ltr' id='par_1_41' title="bbox 429 2583 2033 2656">
     <span class='ocr_line' id='line_1_41' title="bbox 429 2583 2033 2656; baseline -0.002 -14"><span class='ocrx_word' id='word_1_283' title='bbox 429 2586 658 2642; x_wconf 86' lang='lat' dir='ltr'><strong>hostem</strong></span> <span class='ocrx_word' id='word_1_284' title='bbox 676 2584 914 2640; x_wconf 84' lang='lat' dir='ltr'><strong>tandem</strong></span> <span class='ocrx_word' id='word_1_285' title='bbox 927 2587 1145 2640; x_wconf 90' lang='lat' dir='ltr'><strong>secreta</strong></span> <span class='ocrx_word' id='word_1_286' title='bbox 1165 2583 1482 2656; x_wconf 90' lang='lat' dir='ltr'><strong>promocio.</strong></span> <span class='ocrx_word' id='word_1_287' title='bbox 1497 2583 1840 2638; x_wconf 85' lang='lat' dir='ltr'><strong>Assimulato</strong></span> <span class='ocrx_word' id='word_1_288' title='bbox 1864 2600 2033 2638; x_wconf 86' lang='lat' dir='ltr'><strong>nam-</strong></span> 
     </span>
    </p>
   </div>
   <div class='ocr_carea' id='block_1_42' title="bbox 432 2671 2029 2746">
    <p class='ocr_par' dir='ltr' id='par_1_42' title="bbox 432 2671 2029 2746">
     <span class='ocr_line' id='line_1_42' title="bbox 432 2671 2029 2746; baseline -0.002 -17"><span class='ocrx_word' id='word_1_289' title='bbox 432 2690 544 2746; x_wconf 87' lang='lat' dir='ltr'><strong>que</strong></span> <span class='ocrx_word' id='word_1_290' title='bbox 576 2673 635 2728; x_wconf 87' lang='lat' dir='ltr'><strong>iu</strong></span> <span class='ocrx_word' id='word_1_291' title='bbox 673 2671 972 2730; x_wconf 89' lang='lat' dir='ltr'><strong>Poleniam</strong></span> <span class='ocrx_word' id='word_1_292' title='bbox 997 2671 1226 2735; x_wconf 82' lang='lat' dir='ltr'><strong>itinere,</strong></span> <span class='ocrx_word' id='word_1_293' title='bbox 1261 2689 1434 2726; x_wconf 86' lang='lat' dir='ltr'><strong>naves</strong></span> <span class='ocrx_word' id='word_1_294' title='bbox 1463 2673 1646 2726; x_wconf 88' lang='lat' dir='ltr'><strong>Buruz</strong></span> <span class='ocrx_word' id='word_1_295' title='bbox 1677 2673 1820 2742; x_wconf 88' lang='lat'><strong>(680)</strong></span> <span class='ocrx_word' id='word_1_296' title='bbox 1851 2676 1908 2726; x_wconf 91' lang='lat' dir='ltr'><strong>et</strong></span> <span class='ocrx_word' id='word_1_297' title='bbox 1937 2672 2029 2726; x_wconf 88' lang='lat' dir='ltr'><strong>Ni-</strong></span> 
     </span>
    </p>
   </div>
   <div class='ocr_carea' id='block_1_43' title="bbox 430 2759 2033 2832">
    <p class='ocr_par' dir='ltr' id='par_1_43' title="bbox 430 2759 2033 2832">
     <span class='ocr_line' id='line_1_43' title="bbox 430 2759 2033 2832; baseline -0.001 -15"><span class='ocrx_word' id='word_1_298' title='bbox 430 2762 555 2817; x_wconf 87' lang='lat' dir='ltr'><strong>sani</strong></span> <span class='ocrx_word' id='word_1_299' title='bbox 582 2769 676 2804; x_wconf 69' lang='grc' dir='ltr'><strong>ιοιι</strong></span> <span class='ocrx_word' id='word_1_300' title='bbox 697 2761 1119 2832; x_wconf 90' lang='lat' dir='ltr'><strong>glomerantur,</strong></span> <span class='ocrx_word' id='word_1_301' title='bbox 1152 2763 1215 2815; x_wconf 91' lang='lat' dir='ltr'><strong>ut</strong></span> <span class='ocrx_word' id='word_1_302' title='bbox 1237 2760 1371 2814; x_wconf 88' lang='lat' dir='ltr'><strong>ficta</strong></span> <span class='ocrx_word' id='word_1_303' title='bbox 1388 2777 1622 2816; x_wconf 90' lang='lat' dir='ltr'><strong>suorum</strong></span> <span class='ocrx_word' id='word_1_304' title='bbox 1645 2759 2033 2816; x_wconf 89' lang='lat' dir='ltr'><strong>benivolentia</strong></span> 
     </span>
    </p>
   </div>
   <div class='ocr_carea' id='block_1_44' title="bbox 430 2847 2032 2922">
    <p class='ocr_par' dir='ltr' id='par_1_44' title="bbox 430 2847 2032 2922">
     <span class='ocr_line' id='line_1_44' title="bbox 430 2847 2032 2922; baseline -0.002 -17"><span class='ocrx_word' id='word_1_305' title='bbox 430 2866 549 2905; x_wconf 88' lang='lat' dir='ltr'><strong>non</strong></span> <span class='ocrx_word' id='word_1_306' title='bbox 573 2849 739 2904; x_wconf 76' lang='lat' dir='ltr'><strong>fieret</strong></span> <span class='ocrx_word' id='word_1_307' title='bbox 759 2847 996 2903; x_wconf 92' lang='lat' dir='ltr'><strong>inimico</strong></span> <span class='ocrx_word' id='word_1_308' title='bbox 1018 2847 1413 2903; x_wconf 89' lang='lat' dir='ltr'><strong>circumeundi</strong></span> <span class='ocrx_word' id='word_1_309' title='bbox 1436 2848 1756 2922; x_wconf 87' lang='lat' dir='ltr'><strong>propalatio</strong></span> <span class='ocrx_word' id='word_1_310' title='bbox 1783 2850 1917 2904; x_wconf 90' lang='lat' dir='ltr'><strong>ulla.</strong></span> <span class='ocrx_word' id='word_1_311' title='bbox 1945 2850 2032 2902; x_wconf 89' lang='lat' dir='ltr'><strong>ln-</strong></span> 
     </span>
    </p>
   </div>
   <div class='ocr_carea' id='block_1_45' title="bbox 431 2935 2034 3009">
    <p class='ocr_par' dir='ltr' id='par_1_45' title="bbox 431 2935 2034 3009">
     <span class='ocr_line' id='line_1_45' title="bbox 431 2935 2034 3009; baseline 0 -17"><span class='ocrx_word' id='word_1_312' title='bbox 431 2937 606 2992; x_wconf 90' lang='lat' dir='ltr'><strong>terim</strong></span> <span class='ocrx_word' id='word_1_313' title='bbox 629 2953 846 3009; x_wconf 89' lang='lat' dir='ltr'><strong>magna</strong></span> <span class='ocrx_word' id='word_1_314' title='bbox 865 2935 1122 2992; x_wconf 87' lang='lat' dir='ltr'><strong>inbrium</strong></span> <span class='ocrx_word' id='word_1_315' title='bbox 1157 2937 1354 2992; x_wconf 76' lang='lat' dir='ltr'><strong>effusio</strong></span> <span class='ocrx_word' id='word_1_316' title='bbox 1379 2937 1433 2992; x_wconf 91' lang='lat' dir='ltr'><strong>in</strong></span> <span class='ocrx_word' id='word_1_317' title='bbox 1459 2937 1824 2992; x_wconf 79' lang='lat' dir='ltr'><strong>transeundis</strong></span> <span class='ocrx_word' id='word_1_318' title='bbox 1840 2937 2034 2992; x_wconf 83' lang='lat' dir='ltr'><strong>flumi-</strong></span> 
     </span>
    </p>
   </div>
   <div class='ocr_carea' id='block_1_46' title="bbox 431 3025 2030 3093">
    <p class='ocr_par' dir='ltr' id='par_1_46' title="bbox 431 3025 2030 3093">
     <span class='ocr_line' id='line_1_46' title="bbox 431 3025 2030 3093; baseline -0.001 -11"><span class='ocrx_word' id='word_1_319' title='bbox 431 3025 598 3082; x_wconf 88' lang='lat' dir='ltr'><strong>nibus</strong></span> <span class='ocrx_word' id='word_1_320' title='bbox 628 3025 899 3082; x_wconf 86' lang='lat' dir='ltr'><strong>exercitui</strong></span> <span class='ocrx_word' id='word_1_321' title='bbox 918 3025 1224 3081; x_wconf 76' lang='lat' dir='ltr'><strong>ineﬂ‘abilis</strong></span> <span class='ocrx_word' id='word_1_322' title='bbox 1247 3026 1314 3080; x_wconf 83' lang='lat' dir='ltr'><strong>ﬁt</strong></span> <span class='ocrx_word' id='word_1_323' title='bbox 1336 3025 1672 3093; x_wconf 90' lang='lat' dir='ltr'><strong>retardatio,</strong></span> <span class='ocrx_word' id='word_1_324' title='bbox 1689 3029 1748 3081; x_wconf 92' lang='lat' dir='ltr'><strong>et</strong></span> <span class='ocrx_word' id='word_1_325' title='bbox 1764 3043 1894 3081; x_wconf 91' lang='lat' dir='ltr'><strong>cum</strong></span> <span class='ocrx_word' id='word_1_326' title='bbox 1921 3025 2030 3081; x_wconf 56' lang='lat' dir='ltr'><strong>mi.</strong></span> 
     </span>
    </p>
   </div>
   <div class='ocr_carea' id='block_1_47' title="bbox 431 3113 2030 3187">
    <p class='ocr_par' dir='ltr' id='par_1_47' title="bbox 431 3113 2030 3187">
     <span class='ocr_line' id='line_1_47' title="bbox 431 3113 2030 3187; baseline 0 -17"><span class='ocrx_word' id='word_1_327' title='bbox 431 3113 590 3170; x_wconf 88' lang='lat' dir='ltr'><strong>nime</strong></span> <span class='ocrx_word' id='word_1_328' title='bbox 620 3115 746 3187; x_wconf 87' lang='lat' dir='ltr'><strong>quis</strong></span> <span class='ocrx_word' id='word_1_329' title='bbox 791 3115 900 3170; x_wconf 87' lang='lat' dir='ltr'><strong>hoc</strong></span> <span class='ocrx_word' id='word_1_330' title='bbox 959 3113 1222 3170; x_wconf 88' lang='lat' dir='ltr'><strong>conicere</strong></span> <span class='ocrx_word' id='word_1_331' title='bbox 1265 3114 1472 3186; x_wconf 89' lang='lat' dir='ltr'><strong>potuit,</strong></span> <span class='ocrx_word' id='word_1_332' title='bbox 1506 3114 1564 3170; x_wconf 92' lang='lat' dir='ltr'><strong>in</strong></span> <span class='ocrx_word' id='word_1_333' title='bbox 1604 3114 1901 3169; x_wconf 90' lang='lat' dir='ltr'><strong>Boemiam</strong></span> <span class='ocrx_word' id='word_1_334' title='bbox 1933 3132 2030 3170; x_wconf 88' lang='lat' dir='ltr'><strong>rex</strong></span> 
     </span>
    </p>
   </div>
   <div class='ocr_carea' id='block_1_48' title="bbox 2135 1963 3746 2034">
    <p class='ocr_par' dir='ltr' id='par_1_48' title="bbox 2135 1963 3746 2034">
     <span class='ocr_line' id='line_1_48' title="bbox 2135 1963 3746 2034; baseline -0.001 -16"><span class='ocrx_word' id='word_1_335' title='bbox 2135 1966 2380 2034; x_wconf 88' lang='lat' dir='ltr'><strong>Propter</strong></span> <span class='ocrx_word' id='word_1_336' title='bbox 2409 1964 2518 2018; x_wconf 88' lang='lat' dir='ltr'><strong>hoc</strong></span> <span class='ocrx_word' id='word_1_337' title='bbox 2547 1964 2764 2018; x_wconf 90' lang='lat' dir='ltr'><strong>latente</strong></span> <span class='ocrx_word' id='word_1_338' title='bbox 2793 1963 3046 2034; x_wconf 85' lang='lat' dir='ltr'><strong>ignicuto</strong></span> <span class='ocrx_word' id='word_1_339' title='bbox 3077 1963 3181 2018; x_wconf 89' lang='lat' dir='ltr'><strong>sub</strong></span> <span class='ocrx_word' id='word_1_340' title='bbox 3206 1963 3400 2018; x_wconf 89' lang='lat' dir='ltr'><strong>cinere</strong></span> <span class='ocrx_word' id='word_1_341' title='bbox 3428 1963 3497 2034; x_wconf 84' lang='lat' dir='ltr'><strong>(f.</strong></span> <span class='ocrx_word' id='word_1_342' title='bbox 3522 1968 3669 2032; x_wconf 71' lang='grc'>103),</span> <span class='ocrx_word' id='word_1_343' title='bbox 3692 1964 3746 2017; x_wconf 91' lang='lat' dir='ltr'><strong>in</strong></span> 
     </span>
    </p>
   </div>
   <div class='ocr_carea' id='block_1_49' title="bbox 2135 2052 3746 2124">
    <p class='ocr_par' dir='ltr' id='par_1_49' title="bbox 2135 2052 3746 2124">
     <span class='ocr_line' id='line_1_49' title="bbox 2135 2052 3746 2124; baseline -0.001 -16"><span class='ocrx_word' id='word_1_344' title='bbox 2135 2054 2245 2108; x_wconf 91' lang='lat' dir='ltr'><strong>hoc</strong></span> <span class='ocrx_word' id='word_1_345' title='bbox 2263 2053 2472 2108; x_wconf 88' lang='lat' dir='ltr'><strong>itinere</strong></span> <span class='ocrx_word' id='word_1_346' title='bbox 2499 2067 2562 2106; x_wconf 90' lang='lat' dir='ltr'><strong>ac</strong></span> <span class='ocrx_word' id='word_1_347' title='bbox 2584 2055 2784 2122; x_wconf 89' lang='lat' dir='ltr'><strong>postea</strong></span> <span class='ocrx_word' id='word_1_348' title='bbox 2807 2052 3102 2124; x_wconf 90' lang='lat' dir='ltr'><strong>sepissime</strong></span> <span class='ocrx_word' id='word_1_349' title='bbox 3116 2052 3242 2124; x_wconf 90' lang='lat' dir='ltr'><strong>regi</strong></span> <span class='ocrx_word' id='word_1_350' title='bbox 3266 2069 3369 2108; x_wconf 92' lang='lat' dir='ltr'><strong>suo</strong></span> <span class='ocrx_word' id='word_1_351' title='bbox 3397 2055 3746 2106; x_wconf 87' lang='lat' dir='ltr'><strong>cunctorum</strong></span> 
     </span>
    </p>
   </div>
   <div class='ocr_carea' id='block_1_50' title="bbox 2133 2139 3747 2212">
    <p class='ocr_par' dir='ltr' id='par_1_50' title="bbox 2133 2139 3747 2212">
     <span class='ocr_line' id='line_1_50' title="bbox 2133 2139 3747 2212; baseline 0 -17"><span class='ocrx_word' id='word_1_352' title='bbox 2133 2141 2364 2196; x_wconf 89' lang='lat' dir='ltr'><strong>hostem</strong></span> <span class='ocrx_word' id='word_1_353' title='bbox 2389 2141 2648 2195; x_wconf 83' lang='lat' dir='ltr'><strong>fidelium</strong></span> <span class='ocrx_word' id='word_1_354' title='bbox 2683 2139 2865 2194; x_wconf 90' lang='lat' dir='ltr'><strong>brutis</strong></span> <span class='ocrx_word' id='word_1_355' title='bbox 2889 2141 3116 2212; x_wconf 85' lang='lat' dir='ltr'><strong>pejores</strong></span> <span class='ocrx_word' id='word_1_356' title='bbox 3141 2139 3495 2196; x_wconf 85' lang='lat' dir='ltr'><strong>animalibus</strong></span> <span class='ocrx_word' id='word_1_357' title='bbox 3523 2156 3747 2212; x_wconf 84' lang='lat' dir='ltr'><strong>propo-</strong></span> 
     </span>
    </p>
   </div>
   <div class='ocr_carea' id='block_1_51' title="bbox 2135 2227 3747 2300">
    <p class='ocr_par' dir='ltr' id='par_1_51' title="bbox 2135 2227 3747 2300">
     <span class='ocr_line' id='line_1_51' title="bbox 2135 2227 3747 2300; baseline -0.001 -16"><span class='ocrx_word' id='word_1_358' title='bbox 2135 2231 2395 2296; x_wconf 86' lang='lat' dir='ltr'><strong>suerunt,</strong></span> <span class='ocrx_word' id='word_1_359' title='bbox 2429 2229 2784 2300; x_wconf 87' lang='lat' dir='ltr'><strong>ignorantes,</strong></span> <span class='ocrx_word' id='word_1_360' title='bbox 2814 2229 2970 2300; x_wconf 87' lang='lat' dir='ltr'><strong>quod</strong></span> <span class='ocrx_word' id='word_1_361' title='bbox 2999 2228 3071 2282; x_wconf 89' lang='lat' dir='ltr'><strong>ab</strong></span> <span class='ocrx_word' id='word_1_362' title='bbox 3101 2243 3306 2283; x_wconf 90' lang='lat' dir='ltr'><strong>eorum</strong></span> <span class='ocrx_word' id='word_1_363' title='bbox 3361 2227 3575 2282; x_wconf 86' lang='lat' dir='ltr'><strong>fraude</strong></span> <span class='ocrx_word' id='word_1_364' title='bbox 3608 2228 3747 2282; x_wconf 85' lang='lat' dir='ltr'><strong>vica-</strong></span> 
     </span>
    </p>
   </div>
   <div class='ocr_carea' id='block_1_52' title="bbox 2133 2315 3744 2388">
    <p class='ocr_par' dir='ltr' id='par_1_52' title="bbox 2133 2315 3744 2388">
     <span class='ocr_line' id='line_1_52' title="bbox 2133 2315 3744 2388; baseline -0.001 -16"><span class='ocrx_word' id='word_1_365' title='bbox 2133 2317 2285 2372; x_wconf 88' lang='lat' dir='ltr'><strong>rium</strong></span> <span class='ocrx_word' id='word_1_366' title='bbox 2316 2317 2530 2370; x_wconf 89' lang='lat' dir='ltr'><strong>suimet</strong></span> <span class='ocrx_word' id='word_1_367' title='bbox 2560 2316 2618 2369; x_wconf 91' lang='lat' dir='ltr'><strong>in</strong></span> <span class='ocrx_word' id='word_1_368' title='bbox 2665 2315 2834 2369; x_wconf 88' lang='lat' dir='ltr'><strong>terris</strong></span> <span class='ocrx_word' id='word_1_369' title='bbox 2876 2317 3023 2370; x_wconf 89' lang='lat' dir='ltr'><strong>Deus</strong></span> <span class='ocrx_word' id='word_1_370' title='bbox 3053 2318 3220 2388; x_wconf 88' lang='lat' dir='ltr'><strong>pater</strong></span> <span class='ocrx_word' id='word_1_371' title='bbox 3257 2315 3588 2388; x_wconf 88' lang='lat' dir='ltr'><strong>ingenitus,</strong></span> <span class='ocrx_word' id='word_1_372' title='bbox 3620 2332 3744 2387; x_wconf 85' lang='lat' dir='ltr'><strong>spe-</strong></span> 
     </span>
    </p>
   </div>
   <div class='ocr_carea' id='block_1_53' title="bbox 2135 2405 3456 2477">
    <p class='ocr_par' dir='ltr' id='par_1_53' title="bbox 2135 2405 3456 2477">
     <span class='ocr_line' id='line_1_53' title="bbox 2135 2405 3456 2477; baseline 0 -17"><span class='ocrx_word' id='word_1_373' title='bbox 2135 2407 2356 2460; x_wconf 92' lang='lat' dir='ltr'><strong>culator</strong></span> <span class='ocrx_word' id='word_1_374' title='bbox 2381 2405 2646 2477; x_wconf 90' lang='lat' dir='ltr'><strong>desuper,</strong></span> <span class='ocrx_word' id='word_1_375' title='bbox 2683 2405 3030 2460; x_wconf 89' lang='lat' dir='ltr'><strong>liberaturus</strong></span> <span class='ocrx_word' id='word_1_376' title='bbox 3058 2408 3184 2460; x_wconf 90' lang='lat' dir='ltr'><strong>erat</strong></span> <span class='ocrx_word' id='word_1_377' title='bbox 3213 2421 3244 2459; x_wconf 91' lang='lat' dir='ltr'><strong>e</strong></span> <span class='ocrx_word' id='word_1_378' title='bbox 3277 2405 3456 2461; x_wconf 72' lang='lat' dir='ltr'><strong>caelis.</strong></span> 
     </span>
    </p>
   </div>
   <div class='ocr_carea' id='block_1_54' title="bbox 2203 2492 3744 2564">
    <p class='ocr_par' dir='ltr' id='par_1_54' title="bbox 2203 2492 3744 2564">
     <span class='ocr_line' id='line_1_54' title="bbox 2203 2492 3744 2564; baseline 0 -16"><span class='ocrx_word' id='word_1_379' title='bbox 2203 2498 2255 2549; x_wconf 89' lang='lat'><strong>9.</strong></span> <span class='ocrx_word' id='word_1_380' title='bbox 2284 2494 2440 2548; x_wconf 89' lang='lat' dir='ltr'><strong>Tunc</strong></span> <span class='ocrx_word' id='word_1_381' title='bbox 2459 2493 2759 2548; x_wconf 83' lang='lat' dir='ltr'><strong>Jarimirus</strong></span> <span class='ocrx_word' id='word_1_382' title='bbox 2789 2492 2950 2564; x_wconf 84' lang='lat' dir='ltr'><strong>jussu</strong></span> <span class='ocrx_word' id='word_1_383' title='bbox 2973 2493 3130 2564; x_wconf 88' lang='lat' dir='ltr'><strong>regis</strong></span> <span class='ocrx_word' id='word_1_384' title='bbox 3153 2509 3286 2548; x_wconf 88' lang='lat' dir='ltr'><strong>cum</strong></span> <span class='ocrx_word' id='word_1_385' title='bbox 3317 2492 3566 2564; x_wconf 85' lang='lat' dir='ltr'><strong>optimis</strong></span> <span class='ocrx_word' id='word_1_386' title='bbox 3595 2494 3744 2548; x_wconf 89' lang='lat' dir='ltr'><strong>mili-</strong></span> 
     </span>
    </p>
   </div>
   <div class='ocr_carea' id='block_1_55' title="bbox 2130 2581 3742 2638">
    <p class='ocr_par' dir='ltr' id='par_1_55' title="bbox 2130 2581 3742 2638">
     <span class='ocr_line' id='line_1_55' title="bbox 2130 2581 3742 2638; baseline -0.001 0"><span class='ocrx_word' id='word_1_387' title='bbox 2130 2583 2282 2638; x_wconf 90' lang='lat' dir='ltr'><strong>tibus</strong></span> <span class='ocrx_word' id='word_1_388' title='bbox 2305 2600 2369 2638; x_wconf 85' lang='lat' dir='ltr'><strong>ex</strong></span> <span class='ocrx_word' id='word_1_389' title='bbox 2393 2581 2602 2638; x_wconf 88' lang='lat' dir='ltr'><strong>nostris</strong></span> <span class='ocrx_word' id='word_1_390' title='bbox 2622 2599 2688 2637; x_wconf 89' lang='lat' dir='ltr'><strong>ac</strong></span> <span class='ocrx_word' id='word_1_391' title='bbox 2713 2598 2845 2636; x_wconf 91' lang='lat' dir='ltr'><strong>cum</strong></span> <span class='ocrx_word' id='word_1_392' title='bbox 2875 2581 3077 2638; x_wconf 91' lang='lat' dir='ltr'><strong>incolis</strong></span> <span class='ocrx_word' id='word_1_393' title='bbox 3096 2582 3200 2637; x_wconf 90' lang='lat' dir='ltr'><strong>sibi</strong></span> <span class='ocrx_word' id='word_1_394' title='bbox 3221 2582 3646 2638; x_wconf 87' lang='lat' dir='ltr'><strong>adherentibus</strong></span> <span class='ocrx_word' id='word_1_395' title='bbox 3675 2583 3742 2637; x_wconf 88' lang='lat' dir='ltr'><strong>ad</strong></span> 
     </span>
    </p>
   </div>
   <div class='ocr_carea' id='block_1_56' title="bbox 2131 2670 3738 2744">
    <p class='ocr_par' dir='ltr' id='par_1_56' title="bbox 2131 2670 3738 2744">
     <span class='ocr_line' id='line_1_56' title="bbox 2131 2670 3738 2744; baseline -0.001 -17"><span class='ocrx_word' id='word_1_396' title='bbox 2131 2672 2478 2744; x_wconf 88' lang='lat' dir='ltr'><strong>capiendum</strong></span> <span class='ocrx_word' id='word_1_397' title='bbox 2505 2689 2604 2726; x_wconf 93' lang='lat' dir='ltr'><strong>seu</strong></span> <span class='ocrx_word' id='word_1_398' title='bbox 2623 2670 3005 2726; x_wconf 90' lang='lat' dir='ltr'><strong>occidendum</strong></span> <span class='ocrx_word' id='word_1_399' title='bbox 3022 2674 3355 2743; x_wconf 88' lang='lat' dir='ltr'><strong>serpentem</strong></span> <span class='ocrx_word' id='word_1_400' title='bbox 3385 2687 3738 2727; x_wconf 88' lang='lat' dir='ltr'><strong>venenosum</strong></span> 
     </span>
    </p>
   </div>
   <div class='ocr_carea' id='block_1_57' title="bbox 2132 2759 3740 2832">
    <p class='ocr_par' dir='ltr' id='par_1_57' title="bbox 2132 2759 3740 2832">
     <span class='ocr_line' id='line_1_57' title="bbox 2132 2759 3740 2832; baseline 0 -17"><span class='ocrx_word' id='word_1_401' title='bbox 2132 2763 2376 2832; x_wconf 88' lang='lat' dir='ltr'><strong>Pragam</strong></span> <span class='ocrx_word' id='word_1_402' title='bbox 2391 2776 2492 2831; x_wconf 91' lang='lat' dir='ltr'><strong>pre</strong></span> <span class='ocrx_word' id='word_1_403' title='bbox 2501 2759 2712 2813; x_wconf 90' lang='lat' dir='ltr'><strong>mittitu</strong></span> <span class='ocrx_word' id='word_1_404' title='bbox 2721 2759 3110 2829; x_wconf 60' lang='lat' dir='ltr'><strong>r1684).0uem</strong></span> <span class='ocrx_word' id='word_1_405' title='bbox 3128 2763 3592 2832; x_wconf 87' lang='lat' dir='ltr'><strong>preoccupantes</strong></span> <span class='ocrx_word' id='word_1_406' title='bbox 3606 2778 3740 2815; x_wconf 85' lang='lat' dir='ltr'><strong>nun-</strong></span> 
     </span>
    </p>
   </div>
   <div class='ocr_carea' id='block_1_58' title="bbox 2132 2847 3731 2920">
    <p class='ocr_par' dir='ltr' id='par_1_58' title="bbox 2132 2847 3731 2920">
     <span class='ocr_line' id='line_1_58' title="bbox 2132 2847 3731 2920; baseline -0.001 -17"><span class='ocrx_word' id='word_1_407' title='bbox 2132 2849 2202 2904; x_wconf 91' lang='lat' dir='ltr'><strong>cii</strong></span> <span class='ocrx_word' id='word_1_408' title='bbox 2235 2849 2709 2920; x_wconf 89' lang='lat' dir='ltr'><strong>prescriptorum,</strong></span> <span class='ocrx_word' id='word_1_409' title='bbox 2737 2864 2861 2902; x_wconf 89' lang='lat' dir='ltr'><strong>rem</strong></span> <span class='ocrx_word' id='word_1_410' title='bbox 2894 2847 3097 2902; x_wconf 89' lang='lat' dir='ltr'><strong>ordine</strong></span> <span class='ocrx_word' id='word_1_411' title='bbox 3143 2847 3414 2920; x_wconf 88' lang='lat' dir='ltr'><strong>pandunt</strong></span> <span class='ocrx_word' id='word_1_412' title='bbox 3444 2848 3558 2918; x_wconf 90' lang='lat' dir='ltr'><strong>(Cf.</strong></span> <span class='ocrx_word' id='word_1_413' title='bbox 3585 2849 3731 2903; x_wconf 76' lang='lat' dir='ltr'><strong>Vnic.</strong></span> 
     </span>
    </p>
   </div>
   <div class='ocr_carea' id='block_1_59' title="bbox 2128 2935 3731 3010">
    <p class='ocr_par' dir='ltr' id='par_1_59' title="bbox 2128 2935 3731 3010">
     <span class='ocr_line' id='line_1_59' title="bbox 2128 2935 3731 3010; baseline -0.001 -18"><span class='ocrx_word' id='word_1_414' title='bbox 2128 2937 2280 2995; x_wconf 65' lang='grc' dir='ltr'><strong>ιΕη.</strong></span> <span class='ocrx_word' id='word_1_415' title='bbox 2301 2953 2391 3004; x_wconf 90' lang='grc' dir='ltr'>ιιι,</span> <span class='ocrx_word' id='word_1_416' title='bbox 2422 2937 2542 3008; x_wconf 90' lang='grc'>179)</span> <span class='ocrx_word' id='word_1_417' title='bbox 2586 2937 2886 3004; x_wconf 86' lang='lat' dir='ltr'><strong>Bolizlavo,</strong></span> <span class='ocrx_word' id='word_1_418' title='bbox 2915 2937 2986 2991; x_wconf 90' lang='lat' dir='ltr'><strong>de</strong></span> <span class='ocrx_word' id='word_1_419' title='bbox 3023 2935 3120 2990; x_wconf 90' lang='lat' dir='ltr'><strong>tali</strong></span> <span class='ocrx_word' id='word_1_420' title='bbox 3152 2935 3412 3008; x_wconf 89' lang='lat' dir='ltr'><strong>periculo</strong></span> <span class='ocrx_word' id='word_1_421' title='bbox 3451 2937 3614 3010; x_wconf 89' lang='lat' dir='ltr'><strong>prius</strong></span> <span class='ocrx_word' id='word_1_422' title='bbox 3649 2954 3731 2991; x_wconf 82' lang='lat' dir='ltr'><strong>se-</strong></span> 
     </span>
    </p>
   </div>
   <div class='ocr_carea' id='block_1_60' title="bbox 2131 3025 3732 3099">
    <p class='ocr_par' dir='ltr' id='par_1_60' title="bbox 2131 3025 3732 3099">
     <span class='ocr_line' id='line_1_60' title="bbox 2131 3025 3732 3099; baseline 0 -17"><span class='ocrx_word' id='word_1_423' title='bbox 2131 3043 2287 3082; x_wconf 90' lang='lat' dir='ltr'><strong>curo.</strong></span> <span class='ocrx_word' id='word_1_424' title='bbox 2306 3027 2402 3082; x_wconf 80' lang='lat' dir='ltr'><strong>llic</strong></span> <span class='ocrx_word' id='word_1_425' title='bbox 2429 3026 2720 3099; x_wconf 89' lang='lat' dir='ltr'><strong>legatione</strong></span> <span class='ocrx_word' id='word_1_426' title='bbox 2750 3028 2850 3082; x_wconf 87' lang='lat' dir='ltr'><strong>tali</strong></span> <span class='ocrx_word' id='word_1_427' title='bbox 2881 3025 3294 3092; x_wconf 89' lang='lat' dir='ltr'><strong>commonitus,</strong></span> <span class='ocrx_word' id='word_1_428' title='bbox 3335 3028 3492 3082; x_wconf 89' lang='lat' dir='ltr'><strong>clam</strong></span> <span class='ocrx_word' id='word_1_429' title='bbox 3522 3045 3583 3082; x_wconf 90' lang='lat' dir='ltr'><strong>se</strong></span> <span class='ocrx_word' id='word_1_430' title='bbox 3615 3043 3732 3099; x_wconf 80' lang='lat' dir='ltr'><strong>pre-</strong></span> 
     </span>
    </p>
   </div>
   <div class='ocr_carea' id='block_1_61' title="bbox 2131 3115 3733 3188">
    <p class='ocr_par' dir='ltr' id='par_1_61' title="bbox 2131 3115 3733 3188">
     <span class='ocr_line' id='line_1_61' title="bbox 2131 3115 3733 3188; baseline -0.001 -18"><span class='ocrx_word' id='word_1_431' title='bbox 2131 3116 2375 3188; x_wconf 87' lang='lat' dir='ltr'><strong>paravit,</strong></span> <span class='ocrx_word' id='word_1_432' title='bbox 2391 3119 2449 3170; x_wconf 90' lang='lat' dir='ltr'><strong>et</strong></span> <span class='ocrx_word' id='word_1_433' title='bbox 2469 3115 2840 3187; x_wconf 89' lang='lat' dir='ltr'><strong>subsequenti</strong></span> <span class='ocrx_word' id='word_1_434' title='bbox 2861 3117 3032 3170; x_wconf 87' lang='lat' dir='ltr'><strong>nocte</strong></span> <span class='ocrx_word' id='word_1_435' title='bbox 3037 3115 3162 3186; x_wconf 88' lang='lat' dir='ltr'><strong>jam</strong></span> <span class='ocrx_word' id='word_1_436' title='bbox 3178 3115 3733 3183; x_wconf 87' lang='lat' dir='ltr'><strong>mediante,audiens</strong></span> 
     </span>
    </p>
   </div>
   <div class='ocr_carea' id='block_1_62' title="bbox 431 3198 3732 3278">
    <p class='ocr_par' dir='ltr' id='par_1_62' title="bbox 431 3198 3732 3278">
     <span class='ocr_line' id='line_1_62' title="bbox 431 3198 3732 3278; baseline 0 -20"><span class='ocrx_word' id='word_1_437' title='bbox 431 3202 694 3258; x_wconf 86' lang='lat' dir='ltr'><strong>celeriter</strong></span> <span class='ocrx_word' id='word_1_438' title='bbox 708 3201 1161 3274; x_wconf 80' lang='lat' dir='ltr'><strong>perrexit.Hujus</strong></span> <span class='ocrx_word' id='word_1_439' title='bbox 1175 3203 1483 3258; x_wconf 87' lang='lat' dir='ltr'><strong>adventum</strong></span> <span class='ocrx_word' id='word_1_440' title='bbox 1500 3203 1588 3258; x_wconf 91' lang='lat' dir='ltr'><strong>leo</strong></span> <span class='ocrx_word' id='word_1_441' title='bbox 1605 3203 1840 3274; x_wconf 89' lang='lat' dir='ltr'><strong>rugiens</strong></span> <span class='ocrx_word' id='word_1_442' title='bbox 1851 3203 2034 3258; x_wconf 89' lang='lat' dir='ltr'><strong>cauda</strong></span> <span class='ocrx_word' id='word_1_443' title='bbox 2057 3198 2104 3258; x_wconf 87' lang='lat' dir='ltr'>C</span> <span class='ocrx_word' id='word_1_444' title='bbox 2131 3205 2189 3260; x_wconf 90' lang='lat' dir='ltr'><strong>in</strong></span> <span class='ocrx_word' id='word_1_445' title='bbox 2213 3207 2354 3261; x_wconf 89' lang='lat' dir='ltr'><strong>urbe</strong></span> <span class='ocrx_word' id='word_1_446' title='bbox 2381 3205 2665 3278; x_wconf 85' lang='lat' dir='ltr'><strong>proxima,</strong></span> <span class='ocrx_word' id='word_1_447' title='bbox 2681 3221 2792 3276; x_wconf 92' lang='lat' dir='ltr'><strong>que</strong></span> <span class='ocrx_word' id='word_1_448' title='bbox 2817 3203 3164 3276; x_wconf 84' lang='lat' dir='ltr'><strong>Wissegrodi</strong></span> <span class='ocrx_word' id='word_1_449' title='bbox 3189 3204 3732 3276; x_wconf 82' lang='lat' dir='ltr'><strong>dicitur,campanas</strong></span> 
     </span>
    </p>
   </div>
   <div class='ocr_carea' id='block_1_63' title="bbox 432 3290 2031 3364">
    <p class='ocr_par' dir='ltr' id='par_1_63' title="bbox 432 3290 2031 3364">
     <span class='ocr_line' id='line_1_63' title="bbox 432 3290 2031 3364; baseline -0.001 -18"><span class='ocrx_word' id='word_1_450' title='bbox 432 3291 804 3364; x_wconf 89' lang='lat' dir='ltr'><strong>subsequenti</strong></span> <span class='ocrx_word' id='word_1_451' title='bbox 830 3291 1114 3362; x_wconf 87' lang='lat' dir='ltr'><strong>impedire</strong></span> <span class='ocrx_word' id='word_1_452' title='bbox 1141 3295 1426 3364; x_wconf 86' lang='lat' dir='ltr'><strong>satagens,</strong></span> <span class='ocrx_word' id='word_1_453' title='bbox 1460 3291 1518 3347; x_wconf 89' lang='lat' dir='ltr'><strong>in</strong></span> <span class='ocrx_word' id='word_1_454' title='bbox 1546 3291 1700 3357; x_wconf 89' lang='lat' dir='ltr'><strong>silva,</strong></span> <span class='ocrx_word' id='word_1_455' title='bbox 1727 3308 1854 3363; x_wconf 70' lang='lat' dir='ltr'><strong>qua:</strong></span> <span class='ocrx_word' id='word_1_456' title='bbox 1883 3290 2031 3346; x_wconf 82' lang='lat' dir='ltr'><strong>Miri-</strong></span> 
     </span>
    </p>
   </div>
   <div class='ocr_carea' id='block_1_64' title="bbox 433 3379 2033 3452">
    <p class='ocr_par' dir='ltr' id='par_1_64' title="bbox 433 3379 2033 3452">
     <span class='ocr_line' id='line_1_64' title="bbox 433 3379 2033 3452; baseline 0 -18"><span class='ocrx_word' id='word_1_457' title='bbox 433 3379 629 3452; x_wconf 88' lang='lat' dir='ltr'><strong>quidui</strong></span> <span class='ocrx_word' id='word_1_458' title='bbox 650 3380 791 3450; x_wconf 86' lang='lat' dir='ltr'><strong>(68l)</strong></span> <span class='ocrx_word' id='word_1_459' title='bbox 815 3379 1040 3447; x_wconf 90' lang='lat' dir='ltr'><strong>dicitur,</strong></span> <span class='ocrx_word' id='word_1_460' title='bbox 1062 3384 1323 3436; x_wconf 87' lang='lat' dir='ltr'><strong>montem</strong></span> <span class='ocrx_word' id='word_1_461' title='bbox 1341 3380 1634 3452; x_wconf 88' lang='lat' dir='ltr'><strong>quendam</strong></span> <span class='ocrx_word' id='word_1_462' title='bbox 1649 3396 1781 3435; x_wconf 92' lang='lat' dir='ltr'><strong>cum</strong></span> <span class='ocrx_word' id='word_1_463' title='bbox 1805 3379 2033 3452; x_wconf 89' lang='lat' dir='ltr'><strong>sagitta-</strong></span> 
     </span>
    </p>
   </div>
   <div class='ocr_carea' id='block_1_65' title="bbox 433 3467 2034 3540">
    <p class='ocr_par' dir='ltr' id='par_1_65' title="bbox 433 3467 2034 3540">
     <span class='ocr_line' id='line_1_65' title="bbox 433 3467 2034 3540; baseline -0.001 -16"><span class='ocrx_word' id='word_1_464' title='bbox 433 3467 532 3524; x_wconf 87' lang='lat' dir='ltr'><strong>riis</strong></span> <span class='ocrx_word' id='word_1_465' title='bbox 553 3484 786 3540; x_wconf 86' lang='lat' dir='ltr'><strong>prorsus</strong></span> <span class='ocrx_word' id='word_1_466' title='bbox 819 3471 937 3512; x_wconf 73' lang='grc' dir='ltr'><strong>ίοη*</strong></span> <span class='ocrx_word' id='word_1_467' title='bbox 961 3468 1272 3524; x_wconf 91' lang='lat' dir='ltr'><strong>intercluso</strong></span> <span class='ocrx_word' id='word_1_468' title='bbox 1303 3468 1464 3523; x_wconf 91' lang='lat' dir='ltr'><strong>omni</strong></span> <span class='ocrx_word' id='word_1_469' title='bbox 1491 3468 1647 3524; x_wconf 90' lang='lat' dir='ltr'><strong>aditu</strong></span> <span class='ocrx_word' id='word_1_470' title='bbox 1676 3469 1892 3524; x_wconf 83' lang='lat' dir='ltr'><strong>firmat.</strong></span> <span class='ocrx_word' id='word_1_471' title='bbox 1920 3469 2034 3522; x_wconf 81' lang='lat' dir='ltr'><strong>Rex</strong></span> 
     </span>
    </p>
   </div>
   <div class='ocr_carea' id='block_1_66' title="bbox 433 3556 2038 3630">
    <p class='ocr_par' dir='ltr' id='par_1_66' title="bbox 433 3556 2038 3630">
     <span class='ocr_line' id='line_1_66' title="bbox 433 3556 2038 3630; baseline -0.001 -18"><span class='ocrx_word' id='word_1_472' title='bbox 433 3559 627 3613; x_wconf 89' lang='lat' dir='ltr'><strong>autem</strong></span> <span class='ocrx_word' id='word_1_473' title='bbox 649 3557 709 3612; x_wconf 92' lang='lat' dir='ltr'><strong>id</strong></span> <span class='ocrx_word' id='word_1_474' title='bbox 725 3556 1111 3630; x_wconf 89' lang='lat' dir='ltr'><strong>comperiens,</strong></span> <span class='ocrx_word' id='word_1_475' title='bbox 1135 3556 1424 3630; x_wconf 88' lang='lat' dir='ltr'><strong>premissis</strong></span> <span class='ocrx_word' id='word_1_476' title='bbox 1445 3557 1595 3612; x_wconf 89' lang='lat' dir='ltr'><strong>clam</strong></span> <span class='ocrx_word' id='word_1_477' title='bbox 1617 3557 1866 3612; x_wconf 89' lang='lat' dir='ltr'><strong>loricatis</strong></span> <span class='ocrx_word' id='word_1_478' title='bbox 1887 3557 2038 3611; x_wconf 89' lang='lat' dir='ltr'><strong>mili-</strong></span> 
     </span>
    </p>
   </div>
   <div class='ocr_carea' id='block_1_67' title="bbox 433 3644 2034 3714">
    <p class='ocr_par' dir='ltr' id='par_1_67' title="bbox 433 3644 2034 3714">
     <span class='ocr_line' id='line_1_67' title="bbox 433 3644 2034 3714; baseline -0.001 -14"><span class='ocrx_word' id='word_1_479' title='bbox 433 3645 583 3700; x_wconf 86' lang='lat' dir='ltr'><strong>tibus</strong></span> <span class='ocrx_word' id='word_1_480' title='bbox 606 3645 1296 3712; x_wconf 85' lang='lat' dir='ltr'><strong>electis,hostibusinvitis</strong></span> <span class='ocrx_word' id='word_1_481' title='bbox 1313 3644 1828 3714; x_wconf 89' lang='lat' dir='ltr'><strong>arduamirrupere</strong></span> <span class='ocrx_word' id='word_1_482' title='bbox 1858 3645 2034 3712; x_wconf 90' lang='lat' dir='ltr'><strong>viam,</strong></span> 
     </span>
    </p>
   </div>
   <div class='ocr_carea' id='block_1_68' title="bbox 432 3733 2040 3806">
    <p class='ocr_par' dir='ltr' id='par_1_68' title="bbox 432 3733 2040 3806">
     <span class='ocr_line' id='line_1_68' title="bbox 432 3733 2040 3806; baseline 0 -18"><span class='ocrx_word' id='word_1_483' title='bbox 432 3733 661 3788; x_wconf 88' lang='lat' dir='ltr'><strong>facilem</strong></span> <span class='ocrx_word' id='word_1_484' title='bbox 691 3733 1169 3806; x_wconf 86' lang='lat' dir='ltr'><strong>subsequentibus</strong></span> <span class='ocrx_word' id='word_1_485' title='bbox 1198 3735 1471 3804; x_wconf 89' lang='lat' dir='ltr'><strong>parantes</strong></span> <span class='ocrx_word' id='word_1_486' title='bbox 1502 3741 1594 3774; x_wconf 67' lang='lat'><strong>1°“</strong></span> <span class='ocrx_word' id='word_1_487' title='bbox 1627 3733 1851 3788; x_wconf 87' lang='lat' dir='ltr'><strong>callem.</strong></span> <span class='ocrx_word' id='word_1_488' title='bbox 1883 3735 2040 3788; x_wconf 90' lang='lat' dir='ltr'><strong>lnter</strong></span> 
     </span>
    </p>
   </div>
   <div class='ocr_carea' id='block_1_69' title="bbox 433 3820 2038 3886">
    <p class='ocr_par' dir='ltr' id='par_1_69' title="bbox 433 3820 2038 3886">
     <span class='ocr_line' id='line_1_69' title="bbox 433 3820 2038 3886; baseline 0 -10"><span class='ocrx_word' id='word_1_489' title='bbox 433 3821 558 3876; x_wconf 76' lang='lat' dir='ltr'><strong>haec</strong></span> <span class='ocrx_word' id='word_1_490' title='bbox 588 3823 866 3878; x_wconf 87' lang='lat' dir='ltr'><strong>Bolizlavo</strong></span> <span class='ocrx_word' id='word_1_491' title='bbox 899 3830 996 3864; x_wconf 68' lang='lat'><strong>1°“</strong></span> <span class='ocrx_word' id='word_1_492' title='bbox 1022 3821 1082 3876; x_wconf 91' lang='lat' dir='ltr'><strong>in</strong></span> <span class='ocrx_word' id='word_1_493' title='bbox 1113 3838 1227 3875; x_wconf 89' lang='lat' dir='ltr'><strong>una</strong></span> <span class='ocrx_word' id='word_1_494' title='bbox 1256 3820 1483 3875; x_wconf 88' lang='lat' dir='ltr'><strong>dierum</strong></span> <span class='ocrx_word' id='word_1_495' title='bbox 1510 3824 1772 3886; x_wconf 88' lang='lat' dir='ltr'><strong>cenante,</strong></span> <span class='ocrx_word' id='word_1_496' title='bbox 1801 3838 1947 3877; x_wconf 89' lang='lat' dir='ltr'><strong>unus</strong></span> <span class='ocrx_word' id='word_1_497' title='bbox 1971 3839 2038 3878; x_wconf 87' lang='lat' dir='ltr'><strong>ex</strong></span> 
     </span>
    </p>
   </div>
   <div class='ocr_carea' id='block_1_70' title="bbox 434 3907 2039 3982">
    <p class='ocr_par' dir='ltr' id='par_1_70' title="bbox 434 3907 2039 3982">
     <span class='ocr_line' id='line_1_70' title="bbox 434 3907 2039 3982; baseline -0.001 -16"><span class='ocrx_word' id='word_1_498' title='bbox 434 3910 663 3982; x_wconf 73' lang='lat' dir='ltr'><strong>nostris,</strong></span> <span class='ocrx_word' id='word_1_499' title='bbox 699 3911 1030 3982; x_wconf 89' lang='lat' dir='ltr'><strong>capellanus</strong></span> <span class='ocrx_word' id='word_1_500' title='bbox 1054 3907 1364 3962; x_wconf 82' lang='lat' dir='ltr'><strong>Reinberni</strong></span> <span class='ocrx_word' id='word_1_501' title='bbox 1387 3908 1625 3978; x_wconf 90' lang='lat' dir='ltr'><strong>presulis</strong></span> <span class='ocrx_word' id='word_1_502' title='bbox 1658 3909 1743 3964; x_wconf 92' lang='lat' dir='ltr'><strong>sui</strong></span> <span class='ocrx_word' id='word_1_503' title='bbox 1763 3913 1934 3982; x_wconf 89' lang='lat'><strong>(682),</strong></span> <span class='ocrx_word' id='word_1_504' title='bbox 1968 3910 2039 3965; x_wconf 92' lang='lat' dir='ltr'><strong>de</strong></span> 
     </span>
    </p>
   </div>
   <div class='ocr_carea' id='block_1_71' title="bbox 435 3995 2038 4067">
    <p class='ocr_par' dir='ltr' id='par_1_71' title="bbox 435 3995 2038 4067">
     <span class='ocr_line' id='line_1_71' title="bbox 435 3995 2038 4067; baseline 0 -14"><span class='ocrx_word' id='word_1_505' title='bbox 435 3999 686 4053; x_wconf 86' lang='lat' dir='ltr'><strong>adventu</strong></span> <span class='ocrx_word' id='word_1_506' title='bbox 699 3997 880 4053; x_wconf 87' lang='lat' dir='ltr'><strong>nostri</strong></span> <span class='ocrx_word' id='word_1_507' title='bbox 893 3995 1176 4051; x_wconf 86' lang='lat' dir='ltr'><strong>exercitus</strong></span> <span class='ocrx_word' id='word_1_508' title='bbox 1195 3997 1468 4067; x_wconf 88' lang='lat' dir='ltr'><strong>loquitur,</strong></span> <span class='ocrx_word' id='word_1_509' title='bbox 1483 3999 1540 4050; x_wconf 92' lang='lat' dir='ltr'><strong>et</strong></span> <span class='ocrx_word' id='word_1_510' title='bbox 1554 3997 1624 4051; x_wconf 89' lang='lat' dir='ltr'><strong>ab</strong></span> <span class='ocrx_word' id='word_1_511' title='bbox 1637 4014 1704 4052; x_wconf 91' lang='lat' dir='ltr'><strong>eo</strong></span> <span class='ocrx_word' id='word_1_512' title='bbox 1723 4014 1854 4054; x_wconf 89' lang='lat' dir='ltr'><strong>mox</strong></span> <span class='ocrx_word' id='word_1_513' title='bbox 1878 3999 2038 4053; x_wconf 84' lang='lat' dir='ltr'><strong>audi-</strong></span> 
     </span>
    </p>
   </div>
   <div class='ocr_carea' id='block_1_72' title="bbox 438 4084 2038 4158">
    <p class='ocr_par' dir='ltr' id='par_1_72' title="bbox 438 4084 2038 4158">
     <span class='ocr_line' id='line_1_72' title="bbox 438 4084 2038 4158; baseline 0.002 -18"><span class='ocrx_word' id='word_1_514' title='bbox 438 4089 530 4141; x_wconf 90' lang='lat' dir='ltr'><strong>tus</strong></span> <span class='ocrx_word' id='word_1_515' title='bbox 544 4085 683 4158; x_wconf 86' lang='lat' dir='ltr'><strong>quid</strong></span> <span class='ocrx_word' id='word_1_516' title='bbox 699 4085 917 4140; x_wconf 90' lang='lat' dir='ltr'><strong>diceret</strong></span> <span class='ocrx_word' id='word_1_517' title='bbox 929 4087 1188 4157; x_wconf 88' lang='lat' dir='ltr'><strong>rogatur.</strong></span> <span class='ocrx_word' id='word_1_518' title='bbox 1203 4084 1302 4141; x_wconf 88' lang='lat' dir='ltr'><strong>Cui</strong></span> <span class='ocrx_word' id='word_1_519' title='bbox 1316 4101 1592 4156; x_wconf 88' lang='lat' dir='ltr'><strong>responsa</strong></span> <span class='ocrx_word' id='word_1_520' title='bbox 1603 4087 1896 4155; x_wconf 83' lang='lat' dir='ltr'><strong>referenti,</strong></span> <span class='ocrx_word' id='word_1_521' title='bbox 1917 4091 2038 4143; x_wconf 89' lang='lat' dir='ltr'><strong>tum</strong></span> 
     </span>
    </p>
   </div>
   <div class='ocr_carea' id='block_1_73' title="bbox 436 4172 2041 4248">
    <p class='ocr_par' dir='ltr' id='par_1_73' title="bbox 436 4172 2041 4248">
     <span class='ocr_line' id='line_1_73' title="bbox 436 4172 2041 4248; baseline 0.002 -20"><span class='ocrx_word' id='word_1_522' title='bbox 436 4173 496 4229; x_wconf 90' lang='lat' dir='ltr'><strong>id</strong></span> <span class='ocrx_word' id='word_1_523' title='bbox 544 4181 640 4216; x_wconf 74' lang='grc' dir='ltr'><strong>ίοιο</strong></span> <span class='ocrx_word' id='word_1_524' title='bbox 668 4172 799 4227; x_wconf 82' lang='lat' dir='ltr'><strong>infit</strong></span> <span class='ocrx_word' id='word_1_525' title='bbox 829 4189 843 4228; x_wconf 87' lang='lat'><strong>:</strong></span> <span class='ocrx_word' id='word_1_526' title='bbox 883 4172 951 4228; x_wconf 83' lang='lat' dir='ltr'><strong>Si</strong></span> <span class='ocrx_word' id='word_1_527' title='bbox 993 4180 1228 4246; x_wconf 82' lang='lat' dir='ltr'><strong>reperent</strong></span> <span class='ocrx_word' id='word_1_528' title='bbox 1267 4179 1328 4228; x_wconf 78' lang='lat' dir='ltr'><strong>ut</strong></span> <span class='ocrx_word' id='word_1_529' title='bbox 1362 4191 1536 4243; x_wconf 70' lang='lat' dir='ltr'><strong>ranae,</strong></span> <span class='ocrx_word' id='word_1_530' title='bbox 1556 4176 1679 4246; x_wconf 83' lang='lat' dir='ltr'><strong>jam</strong></span> <span class='ocrx_word' id='word_1_531' title='bbox 1699 4184 1910 4248; x_wconf 79' lang='lat' dir='ltr'><strong>possent</strong></span> <span class='ocrx_word' id='word_1_532' title='bbox 1935 4178 2041 4234; x_wconf 77' lang='lat' dir='ltr'><strong>[mc</strong></span> 
     </span>
    </p>
   </div>
   <div class='ocr_carea' id='block_1_74' title="bbox 435 4261 2043 4338">
    <p class='ocr_par' dir='ltr' id='par_1_74' title="bbox 435 4261 2043 4338">
     <span class='ocr_line' id='line_1_74' title="bbox 435 4261 2043 4338; baseline 0.001 -20"><span class='ocrx_word' id='word_1_533' title='bbox 435 4261 726 4319; x_wconf 73' lang='lat' dir='ltr'><strong>advenisse.</strong></span> <span class='ocrx_word' id='word_1_534' title='bbox 751 4262 819 4316; x_wconf 87' lang='lat' dir='ltr'><strong>Et</strong></span> <span class='ocrx_word' id='word_1_535' title='bbox 841 4278 1040 4317; x_wconf 88' lang='lat' dir='ltr'><strong>verum</strong></span> <span class='ocrx_word' id='word_1_536' title='bbox 1075 4265 1160 4317; x_wconf 87' lang='lat' dir='ltr'><strong>est</strong></span> <span class='ocrx_word' id='word_1_537' title='bbox 1202 4263 1312 4318; x_wconf 91' lang='lat' dir='ltr'><strong>hoc</strong></span> <span class='ocrx_word' id='word_1_538' title='bbox 1345 4263 1404 4330; x_wconf 88' lang='lat' dir='ltr'><strong>(f.</strong></span> <span class='ocrx_word' id='word_1_539' title='bbox 1450 4264 1616 4331; x_wconf 83' lang='lat' dir='ltr'><strong>l02’),</strong></span> <span class='ocrx_word' id='word_1_540' title='bbox 1650 4265 1708 4319; x_wconf 90' lang='lat' dir='ltr'><strong>ni</strong></span> <span class='ocrx_word' id='word_1_541' title='bbox 1737 4265 2043 4338; x_wconf 88' lang='lat' dir='ltr'><strong>asspiraret</strong></span> 
     </span>
    </p>
   </div>
   <div class='ocr_carea' id='block_1_75' title="bbox 429 4349 2040 4424">
    <p class='ocr_par' dir='ltr' id='par_1_75' title="bbox 429 4349 2040 4424">
     <span class='ocr_line' id='line_1_75' title="bbox 429 4349 2040 4424; baseline 0.001 -19"><span class='ocrx_word' id='word_1_542' title='bbox 429 4365 631 4422; x_wconf 89' lang='lat' dir='ltr'><strong>regem</strong></span> <span class='ocrx_word' id='word_1_543' title='bbox 659 4358 752 4392; x_wconf 79' lang='grc' dir='ltr'><strong>ιοιτ</strong></span> <span class='ocrx_word' id='word_1_544' title='bbox 773 4349 968 4408; x_wconf 89' lang='lat' dir='ltr'><strong>divina</strong></span> <span class='ocrx_word' id='word_1_545' title='bbox 985 4351 1188 4422; x_wconf 88' lang='lat' dir='ltr'><strong>pietas,</strong></span> <span class='ocrx_word' id='word_1_546' title='bbox 1209 4358 1267 4408; x_wconf 92' lang='lat' dir='ltr'><strong>et</strong></span> <span class='ocrx_word' id='word_1_547' title='bbox 1291 4353 1443 4408; x_wconf 88' lang='lat' dir='ltr'><strong>hunc</strong></span> <span class='ocrx_word' id='word_1_548' title='bbox 1466 4369 1584 4408; x_wconf 89' lang='lat' dir='ltr'><strong>non</strong></span> <span class='ocrx_word' id='word_1_549' title='bbox 1602 4353 2040 4424; x_wconf 89' lang='lat' dir='ltr'><strong>inﬂaretsuper-</strong></span> 
     </span>
    </p>
   </div>
   <div class='ocr_carea' id='block_1_76' title="bbox 429 4439 2035 4514">
    <p class='ocr_par' dir='ltr' id='par_1_76' title="bbox 429 4439 2035 4514">
     <span class='ocr_line' id='line_1_76' title="bbox 429 4439 2035 4514; baseline 0.002 -20"><span class='ocrx_word' id='word_1_550' title='bbox 429 4439 522 4494; x_wconf 92' lang='lat' dir='ltr'><strong>bie</strong></span> <span class='ocrx_word' id='word_1_551' title='bbox 551 4439 1028 4510; x_wconf 85' lang='lat' dir='ltr'><strong>magnanimitas,</strong></span> <span class='ocrx_word' id='word_1_552' title='bbox 1044 4458 1160 4497; x_wconf 91' lang='lat' dir='ltr'><strong>non</strong></span> <span class='ocrx_word' id='word_1_553' title='bbox 1181 4443 1509 4514; x_wconf 86' lang='lat' dir='ltr'><strong>proveniret</strong></span> <span class='ocrx_word' id='word_1_554' title='bbox 1529 4441 1693 4497; x_wconf 92' lang='lat' dir='ltr'><strong>nobis</strong></span> <span class='ocrx_word' id='word_1_555' title='bbox 1711 4445 1829 4496; x_wconf 86' lang='lat' dir='ltr'><strong>tam</strong></span> <span class='ocrx_word' id='word_1_556' title='bbox 1851 4441 2035 4497; x_wconf 91' lang='lat' dir='ltr'><strong>subito</strong></span> 
     </span>
    </p>
   </div>
   <div class='ocr_carea' id='block_1_77' title="bbox 2133 3293 3730 3365">
    <p class='ocr_par' dir='ltr' id='par_1_77' title="bbox 2133 3293 3730 3365">
     <span class='ocr_line' id='line_1_77' title="bbox 2133 3293 3730 3365; baseline -0.001 -16"><span class='ocrx_word' id='word_1_557' title='bbox 2133 3295 2280 3349; x_wconf 89' lang='lat' dir='ltr'><strong>cives</strong></span> <span class='ocrx_word' id='word_1_558' title='bbox 2297 3295 2369 3349; x_wconf 89' lang='lat' dir='ltr'><strong>ad</strong></span> <span class='ocrx_word' id='word_1_559' title='bbox 2383 3295 2599 3349; x_wconf 90' lang='lat' dir='ltr'><strong>bellum</strong></span> <span class='ocrx_word' id='word_1_560' title='bbox 2620 3293 2810 3348; x_wconf 88' lang='lat' dir='ltr'><strong>sonitu</strong></span> <span class='ocrx_word' id='word_1_561' title='bbox 2831 3293 3291 3360; x_wconf 85' lang='lat' dir='ltr'><strong>hortantes,cum</strong></span> <span class='ocrx_word' id='word_1_562' title='bbox 3310 3294 3730 3365; x_wconf 88' lang='lat' dir='ltr'><strong>primalegione</strong></span> 
     </span>
    </p>
   </div>
   <div class='ocr_carea' id='block_1_78' title="bbox 2134 3381 3728 3454">
    <p class='ocr_par' dir='ltr' id='par_1_78' title="bbox 2134 3381 3728 3454">
     <span class='ocr_line' id='line_1_78' title="bbox 2134 3381 3728 3454; baseline -0.001 -16"><span class='ocrx_word' id='word_1_563' title='bbox 2134 3383 2392 3450; x_wconf 85' lang='lat' dir='ltr'><strong>exivit,et</strong></span> <span class='ocrx_word' id='word_1_564' title='bbox 2414 3381 2662 3454; x_wconf 88' lang='lat' dir='ltr'><strong>patriam</strong></span> <span class='ocrx_word' id='word_1_565' title='bbox 2685 3381 2962 3452; x_wconf 88' lang='lat' dir='ltr'><strong>fugiendo</strong></span> <span class='ocrx_word' id='word_1_566' title='bbox 2984 3381 3728 3448; x_wconf 83' lang='lat' dir='ltr'><strong>revisit.QuemZebizlovo,</strong></span> 
     </span>
    </p>
   </div>
   <div class='ocr_carea' id='block_1_79' title="bbox 2135 3468 3730 3544">
    <p class='ocr_par' dir='ltr' id='par_1_79' title="bbox 2135 3468 3730 3544">
     <span class='ocr_line' id='line_1_79' title="bbox 2135 3468 3730 3544; baseline 0 -20"><span class='ocrx_word' id='word_1_567' title='bbox 2135 3471 2314 3524; x_wconf 88' lang='lat' dir='ltr'><strong>frater</strong></span> <span class='ocrx_word' id='word_1_568' title='bbox 2341 3468 2701 3524; x_wconf 82' lang='lat' dir='ltr'><strong>Adthelberti</strong></span> <span class='ocrx_word' id='word_1_569' title='bbox 2736 3469 2978 3540; x_wconf 90' lang='lat' dir='ltr'><strong>presulis</strong></span> <span class='ocrx_word' id='word_1_570' title='bbox 3004 3472 3062 3524; x_wconf 87' lang='lat' dir='ltr'><strong>et</strong></span> <span class='ocrx_word' id='word_1_571' title='bbox 3085 3469 3294 3525; x_wconf 88' lang='lat' dir='ltr'><strong>Christi</strong></span> <span class='ocrx_word' id='word_1_572' title='bbox 3319 3471 3730 3544; x_wconf 82' lang='lat' dir='ltr'><strong>martyris,sub—</strong></span> 
     </span>
    </p>
   </div>
   <div class='ocr_carea' id='block_1_80' title="bbox 2135 3559 3729 3632">
    <p class='ocr_par' dir='ltr' id='par_1_80' title="bbox 2135 3559 3729 3632">
     <span class='ocr_line' id='line_1_80' title="bbox 2135 3559 3729 3632; baseline 0.001 -18"><span class='ocrx_word' id='word_1_573' title='bbox 2135 3561 2427 3630; x_wconf 89' lang='lat' dir='ltr'><strong>sequutus,</strong></span> <span class='ocrx_word' id='word_1_574' title='bbox 2458 3559 2517 3613; x_wconf 89' lang='lat' dir='ltr'><strong>in</strong></span> <span class='ocrx_word' id='word_1_575' title='bbox 2539 3562 2716 3630; x_wconf 92' lang='lat' dir='ltr'><strong>ponte</strong></span> <span class='ocrx_word' id='word_1_576' title='bbox 2744 3559 3074 3615; x_wconf 88' lang='lat' dir='ltr'><strong>vulneratus</strong></span> <span class='ocrx_word' id='word_1_577' title='bbox 3102 3559 3369 3632; x_wconf 86' lang='lat' dir='ltr'><strong>oppetiit,</strong></span> <span class='ocrx_word' id='word_1_578' title='bbox 3385 3563 3444 3615; x_wconf 84' lang='lat' dir='ltr'><strong>et</strong></span> <span class='ocrx_word' id='word_1_579' title='bbox 3467 3575 3729 3632; x_wconf 86' lang='lat' dir='ltr'><strong>magnum</strong></span> 
     </span>
    </p>
   </div>
   <div class='ocr_carea' id='block_1_81' title="bbox 2136 3647 3730 3718">
    <p class='ocr_par' dir='ltr' id='par_1_81' title="bbox 2136 3647 3730 3718">
     <span class='ocr_line' id='line_1_81' title="bbox 2136 3647 3730 3718; baseline 0 -16"><span class='ocrx_word' id='word_1_580' title='bbox 2136 3647 2398 3703; x_wconf 89' lang='lat' dir='ltr'><strong>hostibus</strong></span> <span class='ocrx_word' id='word_1_581' title='bbox 2424 3647 2725 3718; x_wconf 87' lang='lat' dir='ltr'><strong>gaudium,</strong></span> <span class='ocrx_word' id='word_1_582' title='bbox 2759 3647 2874 3702; x_wconf 91' lang='lat' dir='ltr'><strong>suis</strong></span> <span class='ocrx_word' id='word_1_583' title='bbox 2904 3651 3100 3702; x_wconf 90' lang='lat' dir='ltr'><strong>autem</strong></span> <span class='ocrx_word' id='word_1_584' title='bbox 3134 3648 3355 3703; x_wconf 90' lang='lat' dir='ltr'><strong>luctum</strong></span> <span class='ocrx_word' id='word_1_585' title='bbox 3395 3649 3730 3704; x_wconf 80' lang='lat' dir='ltr'><strong>ineffabilem</strong></span> 
     </span>
    </p>
   </div>
   <div class='ocr_carea' id='block_1_82' title="bbox 2136 3735 3729 3808">
    <p class='ocr_par' dir='ltr' id='par_1_82' title="bbox 2136 3735 3729 3808">
     <span class='ocr_line' id='line_1_82' title="bbox 2136 3735 3729 3808; baseline -0.001 -16"><span class='ocrx_word' id='word_1_586' title='bbox 2136 3736 2388 3808; x_wconf 88' lang='lat' dir='ltr'><strong>reliquit.</strong></span> <span class='ocrx_word' id='word_1_587' title='bbox 2417 3735 2679 3792; x_wconf 89' lang='lat' dir='ltr'><strong>Crastina</strong></span> <span class='ocrx_word' id='word_1_588' title='bbox 2707 3737 2904 3790; x_wconf 90' lang='lat' dir='ltr'><strong>autem</strong></span> <span class='ocrx_word' id='word_1_589' title='bbox 2939 3736 3031 3791; x_wconf 91' lang='lat' dir='ltr'><strong>die</strong></span> <span class='ocrx_word' id='word_1_590' title='bbox 3058 3736 3362 3792; x_wconf 86' lang='lat' dir='ltr'><strong>Jarimirus</strong></span> <span class='ocrx_word' id='word_1_591' title='bbox 3415 3736 3729 3802; x_wconf 86' lang='lat' dir='ltr'><strong>adveniens,</strong></span> 
     </span>
    </p>
   </div>
   <div class='ocr_carea' id='block_1_83' title="bbox 2138 3823 3729 3898">
    <p class='ocr_par' dir='ltr' id='par_1_83' title="bbox 2138 3823 3729 3898">
     <span class='ocr_line' id='line_1_83' title="bbox 2138 3823 3729 3898; baseline -0.001 -19"><span class='ocrx_word' id='word_1_592' title='bbox 2138 3825 2363 3897; x_wconf 91' lang='lat' dir='ltr'><strong>populis</strong></span> <span class='ocrx_word' id='word_1_593' title='bbox 2375 3825 2510 3895; x_wconf 90' lang='lat' dir='ltr'><strong>jura</strong></span> <span class='ocrx_word' id='word_1_594' title='bbox 2533 3823 2878 3896; x_wconf 87' lang='lat' dir='ltr'><strong>veniamque</strong></span> <span class='ocrx_word' id='word_1_595' title='bbox 2893 3824 3188 3880; x_wconf 88' lang='lat' dir='ltr'><strong>commissi</strong></span> <span class='ocrx_word' id='word_1_596' title='bbox 3215 3827 3595 3898; x_wconf 86' lang='lat' dir='ltr'><strong>poscentibus</strong></span> <span class='ocrx_word' id='word_1_597' title='bbox 3614 3829 3729 3880; x_wconf 83' lang='lat' dir='ltr'><strong>ante</strong></span> 
     </span>
    </p>
   </div>
   <div class='ocr_carea' id='block_1_84' title="bbox 2138 3912 3730 3985">
    <p class='ocr_par' dir='ltr' id='par_1_84' title="bbox 2138 3912 3730 3985">
     <span class='ocr_line' id='line_1_84' title="bbox 2138 3912 3730 3985; baseline -0.001 -16"><span class='ocrx_word' id='word_1_598' title='bbox 2138 3917 2367 3984; x_wconf 90' lang='lat' dir='ltr'><strong>portam</strong></span> <span class='ocrx_word' id='word_1_599' title='bbox 2396 3912 2574 3979; x_wconf 90' lang='lat' dir='ltr'><strong>dedit,</strong></span> <span class='ocrx_word' id='word_1_600' title='bbox 2603 3912 2850 3985; x_wconf 89' lang='lat' dir='ltr'><strong>ilicoque</strong></span> <span class='ocrx_word' id='word_1_601' title='bbox 2883 3913 3266 3979; x_wconf 86' lang='lat' dir='ltr'><strong>intromissus,</strong></span> <span class='ocrx_word' id='word_1_602' title='bbox 3285 3914 3552 3985; x_wconf 87' lang='lat' dir='ltr'><strong>pristinis</strong></span> <span class='ocrx_word' id='word_1_603' title='bbox 3567 3916 3730 3970; x_wconf 88' lang='lat' dir='ltr'><strong>hono-</strong></span> 
     </span>
    </p>
   </div>
   <div class='ocr_carea' id='block_1_85' title="bbox 2139 4001 3732 4073">
    <p class='ocr_par' dir='ltr' id='par_1_85' title="bbox 2139 4001 3732 4073">
     <span class='ocr_line' id='line_1_85' title="bbox 2139 4001 3732 4073; baseline 0 -17"><span class='ocrx_word' id='word_1_604' title='bbox 2139 4002 2296 4056; x_wconf 90' lang='lat' dir='ltr'><strong>ribus</strong></span> <span class='ocrx_word' id='word_1_605' title='bbox 2319 4018 2534 4073; x_wconf 89' lang='lat' dir='ltr'><strong>magna</strong></span> <span class='ocrx_word' id='word_1_606' title='bbox 2555 4001 2621 4071; x_wconf 89' lang='lat' dir='ltr'><strong>(f.</strong></span> <span class='ocrx_word' id='word_1_607' title='bbox 2661 4001 2797 4068; x_wconf 87' lang='lat' dir='ltr'><strong>t03’)</strong></span> <span class='ocrx_word' id='word_1_608' title='bbox 2821 4002 3184 4072; x_wconf 86' lang='lat' dir='ltr'><strong>jocunditate</strong></span> <span class='ocrx_word' id='word_1_609' title='bbox 3212 4002 3658 4067; x_wconf 83' lang='lat' dir='ltr'><strong>inthronizatur,</strong></span> <span class='ocrx_word' id='word_1_610' title='bbox 3680 4018 3732 4057; x_wconf 87' lang='lat' dir='ltr'><strong>ac</strong></span> 
     </span>
    </p>
   </div>
   <div class='ocr_carea' id='block_1_86' title="bbox 2141 4089 3732 4162">
    <p class='ocr_par' dir='ltr' id='par_1_86' title="bbox 2141 4089 3732 4162">
     <span class='ocr_line' id='line_1_86' title="bbox 2141 4089 3732 4162; baseline 0.003 -18"><span class='ocrx_word' id='word_1_611' title='bbox 2141 4093 2276 4144; x_wconf 92' lang='lat' dir='ltr'><strong>tunc</strong></span> <span class='ocrx_word' id='word_1_612' title='bbox 2296 4089 2568 4161; x_wconf 70' lang='lat' dir='ltr'><strong>depositis</strong></span> <span class='ocrx_word' id='word_1_613' title='bbox 2583 4089 2783 4144; x_wconf 89' lang='lat' dir='ltr'><strong>vilibus</strong></span> <span class='ocrx_word' id='word_1_614' title='bbox 2799 4090 3175 4157; x_wconf 87' lang='lat' dir='ltr'><strong>indumentis,</strong></span> <span class='ocrx_word' id='word_1_615' title='bbox 3197 4091 3642 4162; x_wconf 85' lang='lat' dir='ltr'><strong>preciosioribus</strong></span> <span class='ocrx_word' id='word_1_616' title='bbox 3657 4101 3732 4133; x_wconf 72' lang='grc' dir='ltr'>ιω</span> 
     </span>
    </p>
   </div>
   <div class='ocr_carea' id='block_1_87' title="bbox 2142 4177 3733 4254">
    <p class='ocr_par' dir='ltr' id='par_1_87' title="bbox 2142 4177 3733 4254">
     <span class='ocr_line' id='line_1_87' title="bbox 2142 4177 3733 4254; baseline 0 -21"><span class='ocrx_word' id='word_1_617' title='bbox 2142 4181 2397 4234; x_wconf 89' lang='lat' dir='ltr'><strong>ornatur.</strong></span> <span class='ocrx_word' id='word_1_618' title='bbox 2430 4177 2567 4232; x_wconf 86' lang='lat' dir='ltr'><strong>Huic</strong></span> <span class='ocrx_word' id='word_1_619' title='bbox 2597 4177 2676 4233; x_wconf 91' lang='lat' dir='ltr'><strong>ibi</strong></span> <span class='ocrx_word' id='word_1_620' title='bbox 2711 4181 2834 4232; x_wconf 93' lang='lat' dir='ltr'><strong>tum</strong></span> <span class='ocrx_word' id='word_1_621' title='bbox 2865 4180 3552 4254; x_wconf 87' lang='lat' dir='ltr'><strong>presentatur,quicquid</strong></span> <span class='ocrx_word' id='word_1_622' title='bbox 3583 4197 3733 4236; x_wconf 84' lang='lat' dir='ltr'><strong>unus-</strong></span> 
     </span>
    </p>
   </div>
   <div class='ocr_carea' id='block_1_88' title="bbox 2142 4265 3730 4342">
    <p class='ocr_par' dir='ltr' id='par_1_88' title="bbox 2142 4265 3730 4342">
     <span class='ocr_line' id='line_1_88' title="bbox 2142 4265 3730 4342; baseline 0.001 -22"><span class='ocrx_word' id='word_1_623' title='bbox 2142 4265 2380 4337; x_wconf 90' lang='lat' dir='ltr'><strong>quisque</strong></span> <span class='ocrx_word' id='word_1_624' title='bbox 2401 4267 2652 4321; x_wconf 90' lang='lat' dir='ltr'><strong>militum</strong></span> <span class='ocrx_word' id='word_1_625' title='bbox 2668 4267 2821 4322; x_wconf 90' lang='lat' dir='ltr'><strong>hosti</strong></span> <span class='ocrx_word' id='word_1_626' title='bbox 2841 4267 3082 4339; x_wconf 88' lang='lat' dir='ltr'><strong>fugitivo</strong></span> <span class='ocrx_word' id='word_1_627' title='bbox 3108 4270 3196 4323; x_wconf 89' lang='lat' dir='ltr'><strong>vel</strong></span> <span class='ocrx_word' id='word_1_628' title='bbox 3228 4270 3417 4324; x_wconf 89' lang='lat' dir='ltr'><strong>occiso</strong></span> <span class='ocrx_word' id='word_1_629' title='bbox 3436 4270 3730 4342; x_wconf 87' lang='lat' dir='ltr'><strong>spoliorum</strong></span> 
     </span>
    </p>
   </div>
   <div class='ocr_carea' id='block_1_89' title="bbox 2141 4354 3733 4429">
    <p class='ocr_par' dir='ltr' id='par_1_89' title="bbox 2141 4354 3733 4429">
     <span class='ocr_line' id='line_1_89' title="bbox 2141 4354 3733 4429; baseline 0.001 -22"><span class='ocrx_word' id='word_1_630' title='bbox 2141 4354 2394 4408; x_wconf 89' lang='lat' dir='ltr'><strong>abstulit.</strong></span> <span class='ocrx_word' id='word_1_631' title='bbox 2425 4354 2750 4410; x_wconf 85' lang='lat' dir='ltr'><strong>Muneribus</strong></span> <span class='ocrx_word' id='word_1_632' title='bbox 2805 4355 2958 4410; x_wconf 90' lang='lat' dir='ltr'><strong>idem</strong></span> <span class='ocrx_word' id='word_1_633' title='bbox 3003 4355 3320 4412; x_wconf 85' lang='lat' dir='ltr'><strong>delectatus</strong></span> <span class='ocrx_word' id='word_1_634' title='bbox 3363 4357 3632 4429; x_wconf 90' lang='lat' dir='ltr'><strong>plurimis</strong></span> <span class='ocrx_word' id='word_1_635' title='bbox 3673 4355 3733 4410; x_wconf 89' lang='lat' dir='ltr'><strong>ad</strong></span> 
     </span>
    </p>
   </div>
   <div class='ocr_carea' id='block_1_90' title="bbox 2142 4443 3731 4518">
    <p class='ocr_par' dir='ltr' id='par_1_90' title="bbox 2142 4443 3731 4518">
     <span class='ocr_line' id='line_1_90' title="bbox 2142 4443 3731 4518; baseline 0.003 -22"><span class='ocrx_word' id='word_1_636' title='bbox 2142 4443 2490 4516; x_wconf 86' lang='lat' dir='ltr'><strong>Wissegrodi</strong></span> <span class='ocrx_word' id='word_1_637' title='bbox 2544 4444 2954 4512; x_wconf 86' lang='lat' dir='ltr'><strong>introducitur,</strong></span> <span class='ocrx_word' id='word_1_638' title='bbox 2982 4445 3318 4518; x_wconf 87' lang='lat' dir='ltr'><strong>ibidemque</strong></span> <span class='ocrx_word' id='word_1_639' title='bbox 3355 4447 3417 4502; x_wconf 88' lang='lat' dir='ltr'><strong>in</strong></span> <span class='ocrx_word' id='word_1_640' title='bbox 3452 4448 3731 4504; x_wconf 88' lang='lat' dir='ltr'><strong>dominum</strong></span> 
     </span>
    </p>
   </div>
   <div class='ocr_carea' id='block_1_91' title="bbox 429 4522 3732 4606">
    <p class='ocr_par' dir='ltr' id='par_1_91' title="bbox 429 4522 3732 4606">
     <span class='ocr_line' id='line_1_91' title="bbox 429 4522 3732 4606; baseline 0.002 -23"><span class='ocrx_word' id='word_1_641' title='bbox 429 4527 682 4584; x_wconf 66' lang='lat' dir='ltr'><strong>victoriae</strong></span> <span class='ocrx_word' id='word_1_642' title='bbox 713 4531 1084 4604; x_wconf 88' lang='lat' dir='ltr'><strong>prosperitas.</strong></span> <span class='ocrx_word' id='word_1_643' title='bbox 1111 4532 1344 4602; x_wconf 81' lang='lat' dir='ltr'><strong>Adjuvit</strong></span> <span class='ocrx_word' id='word_1_644' title='bbox 1391 4532 1574 4587; x_wconf 89' lang='lat' dir='ltr'><strong>eciam</strong></span> <span class='ocrx_word' id='word_1_645' title='bbox 1628 4547 1828 4604; x_wconf 90' lang='lat' dir='ltr'><strong>regem</strong></span> <span class='ocrx_word' id='word_1_646' title='bbox 1861 4531 2040 4586; x_wconf 85' lang='lat' dir='ltr'><strong>exulis</strong></span> <span class='ocrx_word' id='word_1_647' title='bbox 2064 4522 2116 4581; x_wconf 91' lang='lat' dir='ltr'><strong>D</strong></span> <span class='ocrx_word' id='word_1_648' title='bbox 2142 4533 2516 4600; x_wconf 87' lang='lat' dir='ltr'><strong>exclamatur,</strong></span> <span class='ocrx_word' id='word_1_649' title='bbox 2539 4533 3136 4605; x_wconf 86' lang='lat' dir='ltr'><strong>regisindulgentiam</strong></span> <span class='ocrx_word' id='word_1_650' title='bbox 3151 4538 3422 4590; x_wconf 90' lang='lat' dir='ltr'><strong>etsecum</strong></span> <span class='ocrx_word' id='word_1_651' title='bbox 3445 4537 3558 4591; x_wconf 88' lang='lat' dir='ltr'><strong>huc</strong></span> <span class='ocrx_word' id='word_1_652' title='bbox 3579 4551 3732 4606; x_wconf 85' lang='lat' dir='ltr'><strong>usque</strong></span> 
     </span>
    </p>
   </div>
   <div class='ocr_carea' id='block_1_92' title="bbox 429 4618 2042 4694">
    <p class='ocr_par' dir='ltr' id='par_1_92' title="bbox 429 4618 2042 4694">
     <span class='ocr_line' id='line_1_92' title="bbox 429 4618 2042 4694; baseline 0.001 -21"><span class='ocrx_word' id='word_1_653' title='bbox 429 4618 722 4688; x_wconf 81' lang='lat' dir='ltr'><strong>Jaremiri,</strong></span> <span class='ocrx_word' id='word_1_654' title='bbox 742 4620 840 4693; x_wconf 91' lang='lat' dir='ltr'><strong>qui</strong></span> <span class='ocrx_word' id='word_1_655' title='bbox 863 4621 1034 4675; x_wconf 84' lang='lat' dir='ltr'><strong>firma</strong></span> <span class='ocrx_word' id='word_1_656' title='bbox 1055 4637 1162 4692; x_wconf 86' lang='lat' dir='ltr'><strong>pax</strong></span> <span class='ocrx_word' id='word_1_657' title='bbox 1193 4621 1968 4694; x_wconf 87' lang='lat' dir='ltr'><strong>interpretatur,comitatus,</strong></span> <span class='ocrx_word' id='word_1_658' title='bbox 1984 4623 2042 4675; x_wconf 84' lang='lat' dir='ltr'><strong>et</strong></span> 
     </span>
    </p>
   </div>
   <div class='ocr_carea' id='block_1_93' title="bbox 431 4707 2044 4780">
    <p class='ocr_par' dir='ltr' id='par_1_93' title="bbox 431 4707 2044 4780">
     <span class='ocr_line' id='line_1_93' title="bbox 431 4707 2044 4780; baseline 0 -18"><span class='ocrx_word' id='word_1_659' title='bbox 431 4707 741 4780; x_wconf 90' lang='lat' dir='ltr'><strong>adoptatus</strong></span> <span class='ocrx_word' id='word_1_660' title='bbox 769 4708 1030 4780; x_wconf 89' lang='lat' dir='ltr'><strong>ejusdem</strong></span> <span class='ocrx_word' id='word_1_661' title='bbox 1061 4708 1340 4764; x_wconf 88' lang='lat' dir='ltr'><strong>adventus</strong></span> <span class='ocrx_word' id='word_1_662' title='bbox 1384 4709 1751 4764; x_wconf 88' lang='lat' dir='ltr'><strong>Boemiorum</strong></span> <span class='ocrx_word' id='word_1_663' title='bbox 1785 4707 2044 4763; x_wconf 88' lang='lat' dir='ltr'><strong>delinivit</strong></span> 
     </span>
    </p>
   </div>
   <div class='ocr_carea' id='block_1_94' title="bbox 2138 4621 3730 4693">
    <p class='ocr_par' dir='ltr' id='par_1_94' title="bbox 2138 4621 3730 4693">
     <span class='ocr_line' id='line_1_94' title="bbox 2138 4621 3730 4693; baseline 0 -19"><span class='ocrx_word' id='word_1_664' title='bbox 2138 4621 2638 4693; x_wconf 87' lang='lat' dir='ltr'><strong>perseverantibus</strong></span> <span class='ocrx_word' id='word_1_665' title='bbox 2666 4621 2762 4676; x_wconf 89' lang='lat' dir='ltr'><strong>diu</strong></span> <span class='ocrx_word' id='word_1_666' title='bbox 2795 4622 3161 4676; x_wconf 89' lang='lat' dir='ltr'><strong>elaboratum</strong></span> <span class='ocrx_word' id='word_1_667' title='bbox 3185 4623 3460 4693; x_wconf 84' lang='lat' dir='ltr'><strong>promisit</strong></span> <span class='ocrx_word' id='word_1_668' title='bbox 3472 4623 3730 4685; x_wconf 75' lang='lat' dir='ltr'><strong>brevium,</strong></span> 
     </span>
    </p>
   </div>
   <div class='ocr_carea' id='block_1_95' title="bbox 2141 4709 3730 4784">
    <p class='ocr_par' dir='ltr' id='par_1_95' title="bbox 2141 4709 3730 4784">
     <span class='ocr_line' id='line_1_95' title="bbox 2141 4709 3730 4784; baseline 0.003 -20"><span class='ocrx_word' id='word_1_669' title='bbox 2141 4709 2392 4766; x_wconf 88' lang='lat' dir='ltr'><strong>Conﬂuit</strong></span> <span class='ocrx_word' id='word_1_670' title='bbox 2405 4710 2822 4782; x_wconf 88' lang='lat' dir='ltr'><strong>undiquesecus</strong></span> <span class='ocrx_word' id='word_1_671' title='bbox 2841 4714 2960 4765; x_wconf 91' lang='lat' dir='ltr'><strong>tam</strong></span> <span class='ocrx_word' id='word_1_672' title='bbox 2979 4711 3323 4783; x_wconf 88' lang='lat' dir='ltr'><strong>vulgiquam</strong></span> <span class='ocrx_word' id='word_1_673' title='bbox 3339 4713 3730 4784; x_wconf 45' lang='lat' dir='ltr'><strong>seniorum?&quot;</strong></span> 
     </span>
    </p>
   </div>
   <div class='ocr_carea' id='block_1_96' title="bbox 781 4855 2442 4948">
    <p class='ocr_par' dir='ltr' id='par_1_96' title="bbox 781 4855 2442 4948">
     <span class='ocr_line' id='line_1_96' title="bbox 781 4855 2442 4948; baseline 0.001 -39"><span class='ocrx_word' id='word_1_674' title='bbox 781 4937 792 4948; x_wconf 38' lang='grc' dir='ltr'><strong><em>ο</em></strong></span> <span class='ocrx_word' id='word_1_675' title='bbox 1771 4855 2004 4910; x_wconf 70' lang='lat' dir='ltr'><strong>VARl/E</strong></span> <span class='ocrx_word' id='word_1_676' title='bbox 2043 4855 2334 4912; x_wconf 86' lang='lat' dir='ltr'><strong>LECTION</strong></span> <span class='ocrx_word' id='word_1_677' title='bbox 2339 4855 2442 4911; x_wconf 89' lang='lat' dir='ltr'><strong>ES.</strong></span> 
     </span>
    </p>
   </div>
   <div class='ocr_carea' id='block_1_97' title="bbox 502 4952 3728 5025">
    <p class='ocr_par' dir='ltr' id='par_1_97' title="bbox 502 4952 3728 5025">
     <span class='ocr_line' id='line_1_97' title="bbox 502 4952 3728 5025; baseline -0.001 -15"><span class='ocrx_word' id='word_1_678' title='bbox 502 4963 598 5001; x_wconf 69' lang='lat' dir='ltr'><strong>im</strong></span> <span class='ocrx_word' id='word_1_679' title='bbox 637 4957 714 5010; x_wconf 78' lang='lat' dir='ltr'><strong>ita</strong></span> <span class='ocrx_word' id='word_1_680' title='bbox 738 4956 802 5012; x_wconf 73' lang='lat' dir='ltr'><strong>in</strong></span> <span class='ocrx_word' id='word_1_681' title='bbox 833 4954 944 5010; x_wconf 85' lang='lat' dir='ltr'><strong>loco</strong></span> <span class='ocrx_word' id='word_1_682' title='bbox 975 4971 1098 5008; x_wconf 82' lang='lat' dir='ltr'><strong>raso</strong></span> <span class='ocrx_word' id='word_1_683' title='bbox 1127 4953 1188 5025; x_wconf 70' lang='lat' dir='ltr'><strong>ib</strong></span> <span class='ocrx_word' id='word_1_684' title='bbox 1220 4953 1248 5007; x_wconf 86' lang='lat'><strong>?</strong></span> <span class='ocrx_word' id='word_1_685' title='bbox 1322 4961 1416 4995; x_wconf 71' lang='lat'><strong>1°&quot;</strong></span> <span class='ocrx_word' id='word_1_686' title='bbox 1436 4952 1662 5023; x_wconf 71' lang='lat' dir='ltr'><strong>injustas</strong></span> <span class='ocrx_word' id='word_1_687' title='bbox 1706 4957 1789 5010; x_wconf 83' lang='lat' dir='ltr'><strong>la.</strong></span> <span class='ocrx_word' id='word_1_688' title='bbox 1874 4963 1969 4996; x_wconf 72' lang='grc' dir='ltr'><strong>ίοιο</strong></span> <span class='ocrx_word' id='word_1_689' title='bbox 2002 4971 2109 5008; x_wconf 92' lang='lat' dir='ltr'><strong>nec</strong></span> <span class='ocrx_word' id='word_1_690' title='bbox 2129 4955 2204 5010; x_wconf 88' lang='lat' dir='ltr'><strong>ad</strong></span> <span class='ocrx_word' id='word_1_691' title='bbox 2232 4953 2651 5025; x_wconf 85' lang='lat' dir='ltr'><strong>correctionem</strong></span> <span class='ocrx_word' id='word_1_692' title='bbox 2679 4953 2810 5009; x_wconf 64' lang='lat' dir='ltr'><strong>vitae</strong></span> <span class='ocrx_word' id='word_1_693' title='bbox 2848 4953 3140 5025; x_wconf 89' lang='lat' dir='ltr'><strong>justorum</strong></span> <span class='ocrx_word' id='word_1_694' title='bbox 3193 4954 3440 5025; x_wconf 89' lang='lat' dir='ltr'><strong>premiis</strong></span> <span class='ocrx_word' id='word_1_695' title='bbox 3493 4953 3728 5010; x_wconf 77' lang='lat' dir='ltr'><strong>ineffabi-</strong></span> 
     </span>
    </p>
   </div>
   <div class='ocr_carea' id='block_1_98' title="bbox 432 5023 2610 5098">
    <p class='ocr_par' dir='ltr' id='par_1_98' title="bbox 432 5023 2610 5098">
     <span class='ocr_line' id='line_1_98' title="bbox 432 5023 2610 5098; baseline -0.002 -16"><span class='ocrx_word' id='word_1_696' title='bbox 432 5026 582 5084; x_wconf 89' lang='lat' dir='ltr'><strong>libus</strong></span> <span class='ocrx_word' id='word_1_697' title='bbox 611 5025 878 5098; x_wconf 79' lang='lat' dir='ltr'><strong>delectati</strong></span> <span class='ocrx_word' id='word_1_698' title='bbox 909 5023 1306 5098; x_wconf 78' lang='lat' dir='ltr'><strong>convertimur</strong></span> <span class='ocrx_word' id='word_1_699' title='bbox 1333 5028 1386 5079; x_wconf 97' lang='lat'><strong>2.</strong></span> <span class='ocrx_word' id='word_1_700' title='bbox 1466 5032 1558 5098; x_wconf 67' lang='grc' dir='ltr'>φη</span> <span class='ocrx_word' id='word_1_701' title='bbox 1586 5025 1658 5098; x_wconf 82' lang='lat' dir='ltr'><strong>ab</strong></span> <span class='ocrx_word' id='word_1_702' title='bbox 1687 5025 2010 5098; x_wconf 82' lang='lat' dir='ltr'><strong>Argentiua</strong></span> <span class='ocrx_word' id='word_1_703' title='bbox 2037 5025 2161 5080; x_wconf 90' lang='lat' dir='ltr'><strong>add.</strong></span> <span class='ocrx_word' id='word_1_704' title='bbox 2187 5029 2240 5080; x_wconf 91' lang='lat'><strong>2.</strong></span> <span class='ocrx_word' id='word_1_705' title='bbox 2271 5026 2344 5084; x_wconf 86' lang='lat' dir='ltr'><strong>A.</strong></span> <span class='ocrx_word' id='word_1_706' title='bbox 2373 5024 2437 5081; x_wconf 89' lang='lat' dir='ltr'><strong>S.</strong></span> <span class='ocrx_word' id='word_1_707' title='bbox 2505 5033 2610 5098; x_wconf 12' lang='lat' dir='ltr'><strong>fimi</strong></span> 
     </span>
    </p>
   </div>
   <div class='ocr_carea' id='block_1_99' title="bbox 2695 5025 3727 5097">
    <p class='ocr_par' dir='ltr' id='par_1_99' title="bbox 2695 5025 3727 5097">
     <span class='ocr_line' id='line_1_99' title="bbox 2695 5025 3727 5097; baseline -0.005 -17"><span class='ocrx_word' id='word_1_708' title='bbox 2695 5028 2784 5080; x_wconf 87' lang='lat' dir='ltr'><strong>ost</strong></span> <span class='ocrx_word' id='word_1_709' title='bbox 2809 5025 2918 5080; x_wconf 91' lang='lat' dir='ltr'><strong>hac</strong></span> <span class='ocrx_word' id='word_1_710' title='bbox 2950 5041 3090 5081; x_wconf 87' lang='lat' dir='ltr'><strong>corr.</strong></span> <span class='ocrx_word' id='word_1_711' title='bbox 3117 5027 3248 5097; x_wconf 89' lang='lat' dir='ltr'><strong>post</strong></span> <span class='ocrx_word' id='word_1_712' title='bbox 3281 5025 3393 5097; x_wconf 88' lang='lat' dir='ltr'><strong>hoc</strong></span> <span class='ocrx_word' id='word_1_713' title='bbox 3437 5029 3485 5084; x_wconf 92' lang='grc'><strong>1.</strong></span> <span class='ocrx_word' id='word_1_714' title='bbox 3567 5025 3727 5097; x_wconf 50' lang='lat' dir='ltr'><strong>levita</strong></span> 
     </span>
    </p>
   </div>
   <div class='ocr_carea' id='block_1_100' title="bbox 433 5093 3724 5170">
    <p class='ocr_par' dir='ltr' id='par_1_100' title="bbox 433 5093 3724 5170">
     <span class='ocr_line' id='line_1_100' title="bbox 433 5093 3724 5170; baseline -0.002 -17"><span class='ocrx_word' id='word_1_715' title='bbox 433 5099 517 5153; x_wconf 78' lang='grc'>11).</span> <span class='ocrx_word' id='word_1_716' title='bbox 551 5102 584 5154; x_wconf 93' lang='lat'><strong>2</strong></span> <span class='ocrx_word' id='word_1_717' title='bbox 615 5115 788 5170; x_wconf 84' lang='lat' dir='ltr'><strong>naves</strong></span> <span class='ocrx_word' id='word_1_718' title='bbox 825 5096 988 5152; x_wconf 88' lang='lat' dir='ltr'><strong>citiza</strong></span> <span class='ocrx_word' id='word_1_719' title='bbox 1017 5095 1186 5170; x_wconf 87' lang='lat' dir='ltr'><strong>nicici</strong></span> <span class='ocrx_word' id='word_1_720' title='bbox 1234 5099 1323 5170; x_wconf 82' lang='lat' dir='ltr'><strong>ta_._</strong></span> <span class='ocrx_word' id='word_1_721' title='bbox 1391 5097 1516 5170; x_wconf 9' lang='lat'><strong>10‘7&quot;</strong></span> <span class='ocrx_word' id='word_1_722' title='bbox 1547 5095 1674 5150; x_wconf 79' lang='lat' dir='ltr'><strong>add.</strong></span> <span class='ocrx_word' id='word_1_723' title='bbox 1703 5093 1797 5170; x_wconf 55' lang='lat' dir='ltr'><strong>ib:</strong></span> <span class='ocrx_word' id='word_1_724' title='bbox 1822 5105 1936 5170; x_wconf 37' lang='lat'><strong>1°“</strong></span> <span class='ocrx_word' id='word_1_725' title='bbox 1968 5099 2239 5170; x_wconf 80' lang='lat' dir='ltr'><strong>parentes</strong></span> <span class='ocrx_word' id='word_1_726' title='bbox 2263 5101 2314 5152; x_wconf 85' lang='lat' dir='ltr'><strong>t.</strong></span> <span class='ocrx_word' id='word_1_727' title='bbox 2379 5103 2473 5140; x_wconf 66' lang='lat'><strong>1°“</strong></span> <span class='ocrx_word' id='word_1_728' title='bbox 2503 5093 2778 5152; x_wconf 86' lang='lat' dir='ltr'><strong>bolizlovo</strong></span> <span class='ocrx_word' id='word_1_729' title='bbox 2807 5099 2892 5151; x_wconf 85' lang='lat' dir='ltr'><strong>la.</strong></span> <span class='ocrx_word' id='word_1_730' title='bbox 2923 5093 3137 5168; x_wconf 58' lang='lat' dir='ltr'><strong>sepius:</strong></span> <span class='ocrx_word' id='word_1_731' title='bbox 3217 5103 3312 5138; x_wconf 68' lang='lat'><strong>1°“</strong></span> <span class='ocrx_word' id='word_1_732' title='bbox 3341 5096 3422 5152; x_wconf 90' lang='lat' dir='ltr'><strong>id.</strong></span> <span class='ocrx_word' id='word_1_733' title='bbox 3455 5113 3588 5154; x_wconf 85' lang='lat' dir='ltr'><strong>corr.</strong></span> <span class='ocrx_word' id='word_1_734' title='bbox 3617 5093 3724 5150; x_wconf 87' lang='lat' dir='ltr'><strong>idt.</strong></span> 
     </span>
    </p>
   </div>
   <div class='ocr_carea' id='block_1_101' title="bbox 435 5166 2232 5242">
    <p class='ocr_par' dir='ltr' id='par_1_101' title="bbox 435 5166 2232 5242">
     <span class='ocr_line' id='line_1_101' title="bbox 435 5166 2232 5242; baseline -0.001 -18"><span class='ocrx_word' id='word_1_735' title='bbox 435 5176 532 5214; x_wconf 73' lang='lat' dir='ltr'><strong>1N7</strong></span> <span class='ocrx_word' id='word_1_736' title='bbox 569 5169 694 5242; x_wconf 89' lang='lat' dir='ltr'><strong>regi</strong></span> <span class='ocrx_word' id='word_1_737' title='bbox 722 5172 799 5224; x_wconf 83' lang='lat' dir='ltr'><strong>tc.</strong></span> <span class='ocrx_word' id='word_1_738' title='bbox 880 5175 976 5210; x_wconf 71' lang='grc' dir='ltr'>1οω</span> <span class='ocrx_word' id='word_1_739' title='bbox 991 5166 1414 5240; x_wconf 88' lang='lat' dir='ltr'><strong>preciosoribus</strong></span> <span class='ocrx_word' id='word_1_740' title='bbox 1449 5169 1497 5221; x_wconf 87' lang='lat' dir='ltr'><strong>t.</strong></span> <span class='ocrx_word' id='word_1_741' title='bbox 1579 5174 1672 5210; x_wconf 71' lang='lat' dir='ltr'><strong>iw</strong></span> <span class='ocrx_word' id='word_1_742' title='bbox 1696 5166 1988 5222; x_wconf 74' lang='lat' dir='ltr'><strong>nobilium</strong></span> <span class='ocrx_word' id='word_1_743' title='bbox 2010 5171 2044 5223; x_wconf 89' lang='lat'><strong>2</strong></span> <span class='ocrx_word' id='word_1_744' title='bbox 2067 5169 2138 5224; x_wconf 85' lang='lat' dir='ltr'><strong>A.</strong></span> <span class='ocrx_word' id='word_1_745' title='bbox 2170 5167 2232 5224; x_wconf 86' lang='lat' dir='ltr'><strong>S.</strong></span> 
     </span>
    </p>
   </div>
   <div class='ocr_carea' id='block_1_102' title="bbox 1979 5305 2205 5362">
    <p class='ocr_par' dir='ltr' id='par_1_102' title="bbox 1979 5305 2205 5362">
     <span class='ocr_line' id='line_1_102' title="bbox 1979 5305 2205 5362; baseline 0.004 -2"><span class='ocrx_word' id='word_1_746' title='bbox 1979 5305 2205 5362; x_wconf 68' lang='lat' dir='ltr'><strong>NOTAE.</strong></span> 
     </span>
    </p>
   </div>
   <div class='ocr_carea' id='block_1_103' title="bbox 507 5394 1253 5466">
    <p class='ocr_par' dir='ltr' id='par_1_103' title="bbox 507 5394 1253 5466">
     <span class='ocr_line' id='line_1_103' title="bbox 507 5394 1253 5466; baseline -0.008 -11"><span class='ocrx_word' id='word_1_747' title='bbox 507 5397 650 5466; x_wconf 89' lang='lat'><strong>(678)</strong></span> <span class='ocrx_word' id='word_1_748' title='bbox 677 5397 768 5454; x_wconf 92' lang='lat' dir='ltr'><strong>Sc.</strong></span> <span class='ocrx_word' id='word_1_749' title='bbox 803 5394 956 5451; x_wconf 90' lang='lat' dir='ltr'><strong>Petri</strong></span> <span class='ocrx_word' id='word_1_750' title='bbox 989 5397 1046 5450; x_wconf 92' lang='lat' dir='ltr'><strong>et</strong></span> <span class='ocrx_word' id='word_1_751' title='bbox 1075 5395 1253 5450; x_wconf 88' lang='lat' dir='ltr'><strong>Pauli.</strong></span> 
     </span>
    </p>
   </div>
   <div class='ocr_carea' id='block_1_104' title="bbox 532 5466 1774 5536">
    <p class='ocr_par' dir='ltr' id='par_1_104' title="bbox 532 5466 1774 5536">
     <span class='ocr_line' id='line_1_104' title="bbox 532 5466 1774 5536; baseline -0.004 -11"><span class='ocrx_word' id='word_1_752' title='bbox 532 5471 659 5536; x_wconf 88' lang='lat'><strong>679)</strong></span> <span class='ocrx_word' id='word_1_753' title='bbox 691 5467 855 5524; x_wconf 87' lang='lat' dir='ltr'><strong>Conf.</strong></span> <span class='ocrx_word' id='word_1_754' title='bbox 891 5469 1042 5520; x_wconf 86' lang='lat' dir='ltr'><strong>Ann.</strong></span> <span class='ocrx_word' id='word_1_755' title='bbox 1072 5466 1404 5534; x_wconf 86' lang='lat' dir='ltr'><strong>Quedlinb.,</strong></span> <span class='ocrx_word' id='word_1_756' title='bbox 1437 5483 1594 5521; x_wconf 86' lang='lat' dir='ltr'><strong>anno</strong></span> <span class='ocrx_word' id='word_1_757' title='bbox 1621 5469 1774 5522; x_wconf 71' lang='grc'>1004.</span> 
     </span>
    </p>
   </div>
   <div class='ocr_carea' id='block_1_105' title="bbox 529 5536 2035 5622">
    <p class='ocr_par' dir='ltr' id='par_1_105' title="bbox 529 5536 2035 5622">
     <span class='ocr_line' id='line_1_105' title="bbox 529 5536 2035 5622; baseline -0.002 -29"><span class='ocrx_word' id='word_1_758' title='bbox 687 5538 902 5622; x_wconf 46' lang='grc' dir='ltr'><strong>ἔφη.ιὰ</strong></span> <span class='ocrx_word' id='word_1_759' title='bbox 925 5538 1084 5622; x_wconf 68' lang='lat' dir='ltr'><strong>haud</strong></span> <span class='ocrx_word' id='word_1_760' title='bbox 1113 5539 1316 5622; x_wconf 66' lang='lat' dir='ltr'><strong>procul</strong></span> <span class='ocrx_word' id='word_1_761' title='bbox 1345 5555 1380 5592; x_wconf 94' lang='lat' dir='ltr'><strong>a</strong></span> <span class='ocrx_word' id='word_1_762' title='bbox 1410 5537 1576 5619; x_wconf 63' lang='lat' dir='ltr'><strong>[tiesa</strong></span> <span class='ocrx_word' id='word_1_763' title='bbox 1593 5536 2035 5622; x_wconf 52' lang='lat' dir='ltr'><strong>juxta‘Albiam.</strong></span> 
     </span>
    </p>
   </div>
   <div class='ocr_carea' id='block_1_106' title="bbox 509 5607 2038 5690">
    <p class='ocr_par' dir='ltr' id='par_1_106' title="bbox 509 5607 2038 5690">
     <span class='ocr_line' id='line_1_106' title="bbox 509 5607 2038 5690; baseline -0.001 -26"><span class='ocrx_word' id='word_1_764' title='bbox 509 5607 658 5690; x_wconf 73' lang='grc'>(681)</span> <span class='ocrx_word' id='word_1_765' title='bbox 683 5607 1008 5690; x_wconf 57' lang='grc' dir='ltr'><strong>μὴ·ῃῆἁυί</strong></span> <span class='ocrx_word' id='word_1_766' title='bbox 1037 5607 1077 5662; x_wconf 91' lang='lat' dir='ltr'><strong>i.</strong></span> <span class='ocrx_word' id='word_1_767' title='bbox 1113 5607 1364 5690; x_wconf 23' lang='lat' dir='ltr'><strong>easilva</strong></span> <span class='ocrx_word' id='word_1_768' title='bbox 1391 5607 1561 5690; x_wconf 77' lang='lat' dir='ltr'><strong>nigra</strong></span> <span class='ocrx_word' id='word_1_769' title='bbox 1599 5607 1798 5690; x_wconf 43' lang='lat' dir='ltr'><strong>(quod.</strong></span> <span class='ocrx_word' id='word_1_770' title='bbox 1823 5623 2038 5690; x_wconf 74' lang='lat' dir='ltr'><strong>nomen</strong></span> 
     </span>
    </p>
   </div>
   <div class='ocr_carea' id='block_1_107' title="bbox 437 5677 2044 5750">
    <p class='ocr_par' dir='ltr' id='par_1_107' title="bbox 437 5677 2044 5750">
     <span class='ocr_line' id='line_1_107' title="bbox 437 5677 2044 5750; baseline -0.001 -16"><span class='ocrx_word' id='word_1_771' title='bbox 437 5677 737 5750; x_wconf 59' lang='lat' dir='ltr'><strong>myrkvidr</strong></span> <span class='ocrx_word' id='word_1_772' title='bbox 762 5677 940 5750; x_wconf 79' lang='lat' dir='ltr'><strong>etiam</strong></span> <span class='ocrx_word' id='word_1_773' title='bbox 969 5678 1218 5750; x_wconf 78' lang='lat' dir='ltr'><strong>occurrit</strong></span> <span class='ocrx_word' id='word_1_774' title='bbox 1235 5677 1576 5750; x_wconf 31' lang='lat' dir='ltr'><strong>incarm’iue</strong></span> <span class='ocrx_word' id='word_1_775' title='bbox 1598 5677 1870 5750; x_wconf 84' lang='lat' dir='ltr'><strong>islandico</strong></span> <span class='ocrx_word' id='word_1_776' title='bbox 1891 5679 2044 5733; x_wconf 79' lang='lat' dir='ltr'><strong>Atla-</strong></span> 
     </span>
    </p>
   </div>
   <div class='ocr_carea' id='block_1_108' title="bbox 439 5744 2040 5820">
    <p class='ocr_par' dir='ltr' id='par_1_108' title="bbox 439 5744 2040 5820">
     <span class='ocr_line' id='line_1_108' title="bbox 439 5744 2040 5820; baseline 0.004 -21"><span class='ocrx_word' id='word_1_777' title='bbox 439 5744 617 5818; x_wconf 76' lang='lat' dir='ltr'><strong>qiiida</strong></span> <span class='ocrx_word' id='word_1_778' title='bbox 638 5747 698 5801; x_wconf 89' lang='lat' dir='ltr'><strong>in</strong></span> <span class='ocrx_word' id='word_1_779' title='bbox 726 5744 1116 5818; x_wconf 83' lang='lat' dir='ltr'><strong>groenlezka).</strong></span> <span class='ocrx_word' id='word_1_780' title='bbox 1147 5749 1247 5804; x_wconf 79' lang='lat' dir='ltr'><strong>Hic</strong></span> <span class='ocrx_word' id='word_1_781' title='bbox 1277 5749 1612 5820; x_wconf 86' lang='lat' dir='ltr'><strong>designatur</strong></span> <span class='ocrx_word' id='word_1_782' title='bbox 1635 5749 1849 5804; x_wconf 88' lang='lat' dir='ltr'><strong>tractus</strong></span> <span class='ocrx_word' id='word_1_783' title='bbox 1872 5763 2040 5804; x_wconf 90' lang='lat' dir='ltr'><strong>mon-</strong></span> 
     </span>
    </p>
   </div>
   <div class='ocr_carea' id='block_1_109' title="bbox 2138 5390 3718 5466">
    <p class='ocr_par' dir='ltr' id='par_1_109' title="bbox 2138 5390 3718 5466">
     <span class='ocr_line' id='line_1_109' title="bbox 2138 5390 3718 5466; baseline -0.004 -16"><span class='ocrx_word' id='word_1_784' title='bbox 2138 5399 2326 5460; x_wconf 87' lang='lat' dir='ltr'><strong>tanus,</strong></span> <span class='ocrx_word' id='word_1_785' title='bbox 2350 5394 2446 5466; x_wconf 89' lang='lat' dir='ltr'><strong>qui</strong></span> <span class='ocrx_word' id='word_1_786' title='bbox 2465 5393 2634 5466; x_wconf 87' lang='lat' dir='ltr'><strong>hodic</strong></span> <span class='ocrx_word' id='word_1_787' title='bbox 2659 5395 2923 5466; x_wconf 84' lang='lat' dir='ltr'><strong>vocatur:</strong></span> <span class='ocrx_word' id='word_1_788' title='bbox 2947 5394 3048 5450; x_wconf 88' lang='lat' dir='ltr'><strong>das</strong></span> <span class='ocrx_word' id='word_1_789' title='bbox 3077 5393 3446 5466; x_wconf 78' lang='lat' dir='ltr'><strong>Erzgebirge.</strong></span> <span class='ocrx_word' id='word_1_790' title='bbox 3486 5394 3548 5447; x_wconf 83' lang='lat' dir='ltr'><strong>V.</strong></span> <span class='ocrx_word' id='word_1_791' title='bbox 3573 5390 3718 5447; x_wconf 88' lang='lat' dir='ltr'><strong>etiam</strong></span> 
     </span>
    </p>
   </div>
   <div class='ocr_carea' id='block_1_110' title="bbox 2138 5464 3541 5536">
    <p class='ocr_par' dir='ltr' id='par_1_110' title="bbox 2138 5464 3541 5536">
     <span class='ocr_line' id='line_1_110' title="bbox 2138 5464 3541 5536; baseline 0.001 -15"><span class='ocrx_word' id='word_1_792' title='bbox 2138 5464 2396 5522; x_wconf 78' lang='lat' dir='ltr'><strong>chartam</strong></span> <span class='ocrx_word' id='word_1_793' title='bbox 2436 5464 2706 5520; x_wconf 87' lang='lat' dir='ltr'><strong>Friderici</strong></span> <span class='ocrx_word' id='word_1_794' title='bbox 2732 5467 2752 5518; x_wconf 87' lang='grc' dir='ltr'>Ι</span> <span class='ocrx_word' id='word_1_795' title='bbox 2779 5464 2946 5536; x_wconf 84' lang='lat' dir='ltr'><strong>imp.,</strong></span> <span class='ocrx_word' id='word_1_796' title='bbox 2979 5483 3032 5520; x_wconf 90' lang='lat' dir='ltr'><strong>a.</strong></span> <span class='ocrx_word' id='word_1_797' title='bbox 3066 5464 3222 5536; x_wconf 84' lang='grc'>1162,</span> <span class='ocrx_word' id='word_1_798' title='bbox 3253 5464 3420 5521; x_wconf 76' lang='lat' dir='ltr'><strong>Febr.</strong></span> <span class='ocrx_word' id='word_1_799' title='bbox 3455 5467 3541 5523; x_wconf 87' lang='lat'><strong>26.</strong></span> 
     </span>
    </p>
   </div>
   <div class='ocr_carea' id='block_1_111' title="bbox 2211 5535 3560 5610">
    <p class='ocr_par' dir='ltr' id='par_1_111' title="bbox 2211 5535 3560 5610">
     <span class='ocr_line' id='line_1_111' title="bbox 2211 5535 3560 5610; baseline -0.001 -18"><span class='ocrx_word' id='word_1_800' title='bbox 2211 5537 2358 5610; x_wconf 85' lang='lat'><strong>(682)</strong></span> <span class='ocrx_word' id='word_1_801' title='bbox 2390 5537 2480 5610; x_wconf 64' lang='lat' dir='ltr'><strong>Sc.</strong></span> <span class='ocrx_word' id='word_1_802' title='bbox 2514 5535 2956 5608; x_wconf 80' lang='lat' dir='ltr'><strong>ColbergicnSis.</strong></span> <span class='ocrx_word' id='word_1_803' title='bbox 2989 5536 3052 5590; x_wconf 87' lang='lat' dir='ltr'><strong>V.</strong></span> <span class='ocrx_word' id='word_1_804' title='bbox 3082 5535 3267 5608; x_wconf 88' lang='lat' dir='ltr'><strong>Supra</strong></span> <span class='ocrx_word' id='word_1_805' title='bbox 3297 5537 3335 5590; x_wconf 95' lang='lat' dir='ltr'><strong>l.</strong></span> <span class='ocrx_word' id='word_1_806' title='bbox 3369 5552 3443 5602; x_wconf 82' lang='lat' dir='ltr'><strong>IV,</strong></span> <span class='ocrx_word' id='word_1_807' title='bbox 3473 5539 3560 5592; x_wconf 87' lang='lat'><strong>28.</strong></span> 
     </span>
    </p>
   </div>
   <div class='ocr_carea' id='block_1_112' title="bbox 2211 5609 3716 5750">
    <p class='ocr_par' dir='ltr' id='par_1_112' title="bbox 2211 5609 3716 5750">
     <span class='ocr_line' id='line_1_112' title="bbox 2211 5609 3716 5750; baseline -0.007 -12"><span class='ocrx_word' id='word_1_808' title='bbox 2393 5609 2557 5736; x_wconf 45' lang='grc' dir='ltr'><strong>ἓξὲξ.</strong></span> <span class='ocrx_word' id='word_1_809' title='bbox 2589 5677 2768 5750; x_wconf 80' lang='lat' dir='ltr'><strong>etiam</strong></span> <span class='ocrx_word' id='word_1_810' title='bbox 2797 5693 3036 5750; x_wconf 86' lang='lat' dir='ltr'><strong>carmen</strong></span> <span class='ocrx_word' id='word_1_811' title='bbox 3079 5677 3522 5734; x_wconf 88' lang='lat' dir='ltr'><strong>celeberrimum</strong></span> <span class='ocrx_word' id='word_1_812' title='bbox 3551 5689 3716 5738; x_wconf 80' lang='lat' dir='ltr'><strong>manu,</strong></span> 
     </span>
    </p>
   </div>
   <div class='ocr_carea' id='block_1_113' title="bbox 2145 5747 2896 5824">
    <p class='ocr_par' dir='ltr' id='par_1_113' title="bbox 2145 5747 2896 5824">
     <span class='ocr_line' id='line_1_113' title="bbox 2145 5747 2896 5824; baseline 0.003 -20"><span class='ocrx_word' id='word_1_813' title='bbox 2145 5747 2354 5824; x_wconf 78' lang='lat' dir='ltr'><strong>scripti</strong></span> <span class='ocrx_word' id='word_1_814' title='bbox 2367 5747 2896 5824; x_wconf 63' lang='lat' dir='ltr'><strong>KOnigshoﬂensis.</strong></span> 
     </span>
    </p>
   </div>
   <div class='ocr_carea' id='block_1_114' title="bbox 2395 5609 2555 5663">
    <p class='ocr_par' dir='ltr' id='par_1_114' title="bbox 2395 5609 2555 5663">
     <span class='ocr_line' id='line_1_114' title="bbox 2395 5609 2555 5663; baseline -0.006 0"><span class='ocrx_word' id='word_1_815' title='bbox 2395 5609 2555 5663; x_wconf 88' lang='lat' dir='ltr'><strong>Saaz.</strong></span> 
     </span>
    </p>
   </div>
  </div>
