3900 6216
229 416 391 473 1333

1515 410 1932 468 CHRONICON.
1975 442 2046 452 —-
2075 412 2203 470 LIB.
2235 414 2305 467 Ill

3435 422 3574 479 1334

229 535 504 594 iacendo
534 533 722 593 exivit.
748 532 1028 607 Equidem
1060 535 1516 605 premonstratas
1534 534 1675 589 mihi
1699 533 1868 590 indu-
1889 532 1948 602 Α
1971 533 2440 606 corruptibilibus
2467 533 2813 608 accipiendis
2840 552 3072 609 semper
3105 537 3456 604 laboramus,
3477 559 3576 598 cur

237 628 368 683 cias
406 643 545 680 cura
580 643 696 681 non
728 625 849 680 sine
893 624 1146 679 maxima
1175 625 1386 690 notavi,
1419 625 1519 680 sed
1558 626 1722 680 bonis
1739 641 1870 696 ope-

231 717 412 772 ribus
451 717 776 771 nullatenus
823 723 915 757 im
956 714 1209 786 preveni.
1259 715 1615 770 Adveniente
1663 717 1867 787 quinto

242 822 482 871 mense,
513 805 774 877 quamvis
791 806 917 876 plus
935 808 1184 860 mortem
1209 819 1385 876 quam
1416 806 1523 859 hoc
1548 822 1867 876 sperarem,

237 896 583 966 completur
608 898 917 965 utrumque
963 893 1020 947 in
1063 897 1296 964 accepto
1338 893 1668 965 episcopatu
1712 909 1863 949 som-

239 982 444 1050 nium,
488 983 622 1054 quia
669 983 724 1036 in
752 1000 819 1038 eo
849 983 1133 1056 preceptis
1163 983 1388 1036 obedivi
1420 983 1641 1049 divinis,
1671 987 1727 1037 et
1758 1001 1863 1037 nu-

241 1088 486 1126 merum
533 1071 817 1143 complevi
870 1072 1187 1143 signatum.
1235 1072 1395 1125 Unde
1455 1070 1865 1126 inconveniens

242 1179 380 1218 esse
413 1162 555 1217 mihi
585 1161 904 1228 videbatur,
937 1164 999 1216 ut
1023 1162 1145 1216 sine
1171 1162 1397 1234 speciali
1433 1166 1653 1216 rectore
1677 1163 1865 1216 {eccle-

239 1252 358 1312 sia,
401 1267 576 1323 quam
605 1254 840 1305 actneus
866 1252 1165 1321 regebam,
1191 1255 1429 1317 esset,ac
1462 1250 1652 1304 eidem
1683 1250 1865 1304 Welli-

247 1341 471 1414 gisum,
494 1341 736 1395 fratrem
769 1356 966 1394 meum
999 1357 1064 1394 ex
1097 1344 1282 1410 patre,
1322 1339 1491 1408 huius
1524 1338 1720 1393 altaris
1746 1355 1862 1392 ser-

245 1447 414 1494 vum,
447 1429 743 1484 communi
776 1429 1019 1483 fratrum
1043 1428 1276 1483 consilio
1310 1429 1573 1500 preposui
1601 1447 1613 1495 ;
1644 1431 1700 1481 et
1731 1427 1865 1481 inde

247 1521 329 1574 ad
358 1519 717 1588 Mersseburg
747 1517 998 1583 veniens,
1032 1534 1163 1571 cum
1197 1517 1434 1571 domino
1456 1517 1697 1571 meimet
1725 1533 1864 1587 rege

249 1609 586 1680 proximum
621 1609 1017 1661 Pentecostem
1059 1606 1340 1662 celebravi
1410 1606 1706 1676 (739)t/un
1772 1606 1855 1676 Β).

329 1702 421 1753 32.
463 1698 679 1752 Dehinc
705 1697 776 1751 ad
806 1698 1217 1767 Magathaburg
1248 1713 1449 1751 omnes
1475 1696 1753 1750 venimus.
1784 1693 1865 1750 lbi

251 1792 387 1842 tum
416 1802 596 1856 nepos
625 1803 786 1841 meus
830 1786 1086 1840 marchio
1130 1784 1506 1838 Wirinharius
1546 1803 1580 1839 a
1623 1801 1761 1856 rege
1804 1784 1864 1838 in

1970 638 2092 677 non
2126 624 2198 678 ad
2233 625 2610 681 indeficientis
2625 643 2902 682 coronam
2930 628 2995 694 (f.
3035 630 3153 696 120)
3183 629 3419 686 honoris
3449 632 3577 687 sub-

1967 711 2083 767 lato
2136 713 2342 770 timore
2384 715 2800 786 aliquantulum
2855 719 3272 788 properamus?
3309 720 3458 774 Hanc
3503 721 3574 776 ad

1967 807 2308 879 capiendam
2340 821 2439 858 rex
2471 808 2685 871 noster,
2720 808 2780 859 ut
2824 806 3065 877 predixi,
3098 807 3157 861 in
3186 806 3488 863 itineribus
3519 814 3576 864 et

1967 897 2088 952 aliis
2127 894 2560 951 necessitatibus
2599 894 2849 949 maxime
2874 896 3165 965 laborans,
3194 897 3411 952 amicos
3440 897 3573 952 fecit

1965 987 2069 1042 sibi
2108 985 2393 1050 inimicos,
2425 984 2581 1054 juste
2610 983 2846 1038 eosdem
2885 1001 3108 1040 exosus.

2035 1080 2124 1130 33.
2149 1074 2386 1130 Interim
2411 1071 2564 1128 Daedi
2581 1088 2773 1126 comes
2807 1089 3085 1144 magnum
3106 1074 3354 1131 dedecus
3371 1076 3428 1131 in
3454 1093 3576 1131 ver-

1965 1166 2050 1219 bis
2101 1167 2158 1218 et
2193 1164 2249 1218 in
2295 1161 2565 1233 operibus
2604 1161 2861 1231 predicto
2897 1163 3092 1233 nepoti
3145 1180 3274 1219 meo
3321 1165 3574 1222 inferens

1965 1253 2234 1310 excitavit
2260 1252 2499 1312 malum,
2518 1251 2673 1321 quod
2694 1250 2817 1304 fore
2843 1251 3060 1321 putavit
3087 1253 3350 1309 oblitum.
3382 1255 3575 1310 Consi-

1964 1343 2040 1397 lio
2076 1341 2233 1395 enim
2278 1341 2400 1409 ejus
2424 1342 2482 1392 et
2511 1338 2719 1393 auxilio
2753 1339 2886 1393 urbs
2917 1340 3094 1409 patris
3131 1343 3250 1412 ejus
3289 1345 3346 1396 et
3378 1348 3573 1399 nostra

1964 1428 2353 1484 Watmerstidi
2371 1429 2482 1496 (7M
2496 1428 2536 1495 ),
2556 1426 2852 1481 Slavonice
2866 1431 3060 1482 autem
3076 1430 3320 1496 Ustiure,
3336 1449 3401 1487 eo
3418 1434 3571 1504 quod

1963 1523 2078 1575 Ara
2103 1518 2331 1574 etAlbis
2357 1516 2514 1571 ﬂuvii
2536 1517 2626 1570 hic
2644 1516 3010 1583 conveniunt,
3037 1521 3256 1584 vocata,
3276 1521 3574 1576 combusta

1965 1613 2051 1665 est
2081 1613 2137 1662 et
2169 1607 2535 1678 depopulata.
2565 1605 2892 1660 Commovit
2916 1606 3024 1661 hoc
3042 1622 3218 1662 omne
3245 1607 3573 1666 animosum

1964 1695 2188 1766 juvenis
2218 1695 2436 1766 egregii
2469 1697 2686 1764 pectus,
2721 1697 2779 1748 et
2817 1711 2946 1748 cum
2986 1695 3213 1754 hostem
3247 1697 3316 1752 de
3345 1697 3573 1752 civitate

1961 1782 2415 1855 Tongeremuthi
2472 1785 2612 1847 (742)
2663 1782 2834 1849 dicta,
2886 1781 3020 1854 quia
3062 1784 3331 1855 Tongera
3374 1787 3576 1842 ﬂuvius

245 1873 454 1930 multis
469 1879 778 1938 accusatus,
798 1874 1047 1944 gratiam
1063 1875 1110 1944 ej
1122 1892 1184 1928 us
1204 1878 1261 1928 et
1282 1873 1628 1927 beneficium
1653 1873 1866 1928 suimet
1895 1871 1945 1932 B
1963 1874 2178 1928 ibidem
2207 1871 2265 1925 in
2297 1871 2524 1924 Albiam
2555 1870 2725 1936 cadit,
2762 1869 3019 1941 equitare
3037 1874 3313 1928 veraciter
3333 1891 3572 1948 compe—

243 1964 530 2019 instinctu
561 1963 720 2018 Daedi
742 1971 834 2005 1³2⁷
866 1962 1093 2016 comitis
1123 1963 1412 2034 perderet,
1436 1961 1864 2018 nisiinﬁrmitas

238 2055 378 2125 ejus
396 2053 696 2108 subitanea
727 2052 782 2108 id
815 2061 907 2094 “28
930 2052 1236 2122 inpediret,
1265 2055 1322 2105 et
1353 2050 1410 2104 ni
1443 2051 1550 2105 hoc
1582 2051 1861 2106 Burchar-

241 2144 359 2198 dus
389 2159 583 2197 comes
612 2141 898 2212 palatinus
925 2141 991 2208 (f.
1031 2141 1170 2211 119‘)
1201 2139 1469 2209 prudenti
1491 2139 1729 2195 consilio
1751 2140 1863 2194 dif-

240 2233 415 2286 feret.
452 2231 566 2285 Rex
601 2230 736 2284 inde
783 2246 1136 2301 progressus,
1184 2227 1368 2282 varias
1417 2227 1862 2284 occidentalium

244 2322 482 2374 mentes
493 2318 758 2389 probare,
774 2322 915 2372 etne
930 2317 1096 2372 solito
1115 2319 1642 2383 commoverentur,
1660 2317 1863 2372 sedare

235 2406 552 2478 temptavit
570 2406 736 2477 (740).
760 2406 913 2470 Quos
935 2404 1198 2460 nonnulli
1220 2405 1573 2475 injusticiam
1600 2405 1864 2460 domino-

239 2513 379 2550 rum
399 2511 635 2549 suorum
662 2494 781 2567 pati
806 2495 1066 2548 nolentes
1085 2493 1669 2560 laudant,nosautem
1697 2493 1859 2564 quasi

242 2586 490 2656 ignavos
515 2600 545 2636 e
580 2587 783 2638 contra
805 2583 1155 2653 vituperant.
1190 2581 1335 2636 Sunt
1351 2590 1441 2623 ιω
1463 2581 1741 2653 plerique,
1764 2583 1860 2653 qui

241 2671 507 2744 corporis
525 2671 910 2741 voluptatibus
925 2670 1144 2724 cunctis
1163 2669 1493 2735 servientes,
1509 2669 1674 2723 freno
1699 2668 1859 2740 equi-

239 2761 382 2816 tatis
407 2777 443 2815 a
469 2761 586 2814 Deo
610 2759 666 2812 in
676 2759 871 2831 positm
890 2758 1011 2828 regi
1032 2759 1358 2812 nullatenus
1371 2761 1594 2824 curant,
1609 2758 1707 2812 sed
1727 2758 1856 2824 hoc,

240 2850 456 2903 virtute
486 2865 584 2903 seu
608 2847 731 2902 fieri
756 2848 1062 2913 valetarte,
1090 2845 1160 2900 de
1185 2846 1376 2900 futuro
1399 2847 1478 2900 nil
1499 2845 1722 2900 solliciti
1742 2855 1854 2914 i230,

239 2937 585 3003 defendunt,
621 2940 678 2990 et
709 2953 909 2990 omnes
942 2935 1001 2989 in
1032 2937 1140 2990 hoc
1169 2934 1407 2989 sibinon
1429 2935 1859 2990 consentientes

237 3011 604 3081 detractione
634 3028 693 3079 et
721 3025 853 3080 odio
903 3024 1219 3079 insaciabili
1269 3027 1708 3096 persequuntur.
1745 3023 1857 3078 Sed

235 3131 353 3186 ego
381 3114 489 3169 hiis
521 3131 708 3186 neque
753 3114 962 3168 suimet
1009 3112 1328 3168 fautoribus
1357 3112 1681 3180 consentio;
1714 3112 1853 3184 quin

1961 1964 2123 2027 riret,
2153 1961 2393 2014 fratrem
2427 1975 2623 2012 meum
2659 1957 3035 2013 Frithericum
3067 1975 3198 2013 cum
3239 1964 3307 2013 20
3345 1965 3571 2018 tantum

1964 2049 2240 2105 militibus
2291 2047 2528 2101 armatis
2564 2063 2756 2100 secum
2799 2063 3053 2112 sumens,
3100 2065 3134 2102 a
3178 2049 3446 2104 sumitate
3481 2059 3572 2093 1m

1961 2138 2129 2194 unius
2162 2136 2351 2207 campi
2382 2135 2455 2190 ad
2486 2136 2699 2190 Mosum
2732 2134 2928 2189 villam
2964 2136 3114 2204 (743)
3163 2137 3571 2208 pertingentis,

1963 2243 2076 2299 qua
2108 2224 2335 2280 eminus
2365 2223 2566 2294 asspici
2598 2231 2689 2265 ωδ
2722 2223 2930 2295 potuit,
2952 2222 3193 2280 viriliter
3213 2227 3570 2296 aggreditur,

1963 2319 2019 2369 et
2049 2314 2322 2379 eundem,
2369 2311 2726 2383 fugientibus
2756 2327 2890 2366 mox
2928 2313 3053 2382 plus
3079 2330 3254 2384 quam
3282 2319 3351 2368 10
3379 2316 3568 2384 sociis,

1960 2405 2189 2459 fortiter
2215 2402 2602 2465 resistentem,
2626 2417 2759 2454 cum
2791 2401 3098 2472 Egilhardo
3127 2402 3338 2458 suimet
3383 2405 3568 2461 milito

1945 2492 2169 2549 occidit
2196 2492 2364 2561 (744),
2401 2493 2457 2544 et
2482 2492 2611 2562 post
2640 2490 2748 2543 hoc
2760 2489 2916 2559 juste
2944 2489 3212 2561 perdidit,
3233 2493 3388 2564 quod
3417 2493 3570 2564 prius

1959 2597 2110 2653 pene
2139 2590 2232 2624 im
2260 2577 2752 2635 inracionabiliter
2777 2579 2900 2649 ejus
2923 2595 3199 2650 persuasu
3225 2581 3436 2637 amisit.

2031 2674 2118 2725 34.
2165 2670 2277 2725 Sed
2308 2668 2352 2723 si
2383 2672 2440 2723 te
2471 2669 2748 2722 lectorem
2779 2667 2980 2722 audire
3019 2668 3285 2736 delectat,
3329 2671 3482 2730 unde
3524 2671 3571 2728 is

1957 2760 2151 2825 fuerit,
2185 2759 2255 2814 de
2290 2757 2462 2822 tribu,
2492 2772 2619 2828 quae
2649 2755 2831 2810 Buzici
2877 2760 3022 2824 (745)
3050 2756 3258 2812 dicitur
3287 2761 3344 2813 et
3366 2757 3437 2814 de
3469 2777 3567 2831 pa-
3633 2744 3641 2751 ’

1957 2851 2044 2902 tre
2074 2845 2373 2901 Thiedrico
2406 2844 2695 2916 originem
2742 2843 2964 2899 duxisse
3009 2844 3274 2918 accipies.
3311 2846 3406 2902 Hic
3433 2847 3569 2919 Rig-

1958 2938 2106 3007 dago
2140 2933 2483 3000 marchioni,
2509 2936 2722 3005 agnato
2743 2934 2974 2994 suimet.
2997 2935 3067 2990 ab
3086 2934 3339 2992 infancia
3358 2937 3568 2992 servie-

1955 3026 2074 3092 bat,
2110 3028 2168 3079 et
2189 3023 2427 3095 gemina
2452 3023 2640 3079 cordis
2669 3039 2734 3076 ac
2761 3023 3018 3096 corporis
3049 3023 3256 3079 virtute
3284 3025 3564 3097 pollebat;

1955 3118 2032 3181 et,
2069 3117 2131 3168 ut
2155 3113 2375 3184 predixi
2407 3113 2568 3182 me),
2587 3111 2849 3167 Boemios
2872 3113 2931 3179 (f.
2958 3112 3102 3181 HO’)
3128 3114 3433 3170 adversum
3460 3131 3568 3170 nos

237 3203 434 3275 potius
459 3203 588 3269 illis,
625 3202 721 3273 qui
753 3205 868 3256 Deo
900 3219 958 3257 se
988 3201 1476 3273 potestatibusque
1509 3201 1580 3254 ab
1619 3217 1686 3255 eo
1714 3218 1856 3256 con-
1887 3198 1934 3258 C
1955 3202 2317 3272 insurgentes
2347 3200 2419 3253 ad
2447 3198 2789 3254 Citicensem
2811 3199 3078 3271 perduxit
3106 3209 3200 3244 1m
3226 3203 3564 3260 aecclesiam.

235 3291 452 3346 stitutis
479 3291 787 3346 humiliant
808 3294 864 3345 et
884 3291 1116 3356 cedunt,
1137 3291 1376 3362 asspiro,
1403 3291 1609 3362 quibus
1631 3291 1854 3346 videtur

237 3397 363 3435 esse
389 3380 593 3446 sacius,
627 3380 825 3434 omnia
855 3385 1092 3450 propter
1130 3381 1309 3434 Deum
1343 3380 1480 3451 pati,
1526 3396 1702 3450 quam
1738 3379 1850 3434 Ιίιί-

234 3469 337 3541 gio
373 3477 465 3511 1³³1
497 3471 556 3522 et
585 3469 886 3523 execrabili
917 3468 1173 3538 perjurio
1198 3467 1453 3522 divinam
1485 3468 1849 3538 majestatem

235 3557 559 3622 offendere.
615 3557 801 3612 Nostri
846 3557 1299 3627 predecessores,
1353 3557 1468 3610 suis
1526 3556 1850 3612 senioribus

233 3662 472 3717 semper
500 3646 719 3714 fideles,
751 3646 809 3700 in
859 3649 1161 3700 extraneas
1208 3645 1490 3712 nationes,
1541 3662 1607 3700 ac
1638 3661 1756 3700 non
1789 3644 1850 3701 in

233 3734 470 3801 viscera,
521 3735 725 3806 optimi
771 3734 1064 3790 seviebant
1099 3735 1329 3788 milites.
1392 3736 1506 3789 Hoc
1550 3734 1852 3804 posteritas

234 3822 419 3878 discat
446 3825 505 3877 et
534 3823 648 3877 alia
672 3823 874 3894 fugiat,
911 3827 969 3877 et
999 3840 1126 3894 qua:
1152 3823 1434 3878 mutanda
1461 3827 1615 3891 sunt,
1649 3839 1767 3878 non
1791 3824 1851 3880 in

235 3912 422 3985 pejus,
455 3912 557 3966 sed
582 3928 812 3983 semper
842 3913 898 3966 in
935 3911 1140 3966 melius
1167 3913 1478 3967 transferre
1503 3914 1849 3999 contendat;

232 4000 657 4056 beatitudinem
675 4003 948 4055 octonam
969 4001 1215 4056 libenter
1245 4003 1850 4075 attendat,eorumque

232 4088 502 4162 opposita
526 4088 774 4160 fugiens,
795 4105 922 4143 eam
959 4090 1395 4160 apprehendere
1425 4091 1672 4146 studeat.
1701 4091 1850 4155 Quid

229 4178 358 4233 illos
396 4178 645 4249 amplius
674 4177 963 4248 corripere
993 4179 1077 4232 vel
1104 4179 1205 4234 hos
1231 4179 1493 4234 attollere
1531 4181 1679 4246 volo,
1714 4197 1846 4234 cum

231 4266 626 4338 unusquisque
649 4283 751 4337 pro
777 4267 1050 4336 qualitate
1073 4267 1156 4320 sui
1187 4267 1422 4321 seminis
1441 4284 1544 4339 pro
1574 4270 1732 4323 certo
1756 4284 1849 4323 re-

1953 3291 2057 3346 Ubi
2085 3305 2216 3344 cum
2243 3287 2353 3342 hiis
2383 3288 2661 3342 vastando
2690 3287 3140 3360 circumquaque
3186 3291 3562 3360 perlustrans,

1952 3378 2024 3433 ad
2055 3377 2323 3442 ultimum
2353 3374 2639 3446 captivam
2677 3378 2926 3430 matrem
2967 3391 3154 3439 suam,
3197 3377 3395 3445 hostis,
3444 3396 3562 3434 non

1950 3467 2120 3533 ﬁlius,
2143 3482 2274 3520 cum
2299 3467 2505 3518 caetera
2519 3464 2837 3518 adduxerat
2857 3464 3041 3536 preda
3076 3466 3210 3519 Post
3222 3467 3342 3520 haec
3358 3482 3560 3522 recon-

1951 3556 2190 3622 ciliatus,
2224 3553 2377 3624 regis
2407 3551 2657 3606 efﬁcitur
2686 3551 2838 3606 tertii
2870 3551 3114 3619 Ottonis,
3162 3556 3242 3618 et,
3267 3553 3325 3608 in
3383 3570 3558 3624 parvo

1949 3648 2213 3717 tempore
2237 3642 2484 3715 gratiam
2507 3642 2628 3712 ejus
2649 3643 2708 3696 et
2733 3640 3188 3696 familiaritatem
3213 3643 3559 3713 promeruit.

1951 3735 2197 3792 Interim
2225 3733 2346 3800 Bio,
2371 3747 2565 3787 comes
2578 3729 3078 3802 Merseburgensis,
3101 3729 3161 3785 in
3193 3731 3558 3802 expeditione

1953 3825 2121 3893 obiit;
2161 3823 2496 3880 etGisilerus
2516 3820 2870 3892 archipresul
2882 3819 3050 3890 hujus
3071 3820 3435 3888 comitatum,
3460 3822 3557 3893 qui

1950 3914 2103 3969 inter
2118 3913 2472 3984 Wipperam,
2487 3913 2544 3965 et
2556 3910 2769 3976 Salam,
2786 3912 2844 3964 et
2855 3908 3073 3964 Saltam
3085 3909 3260 3981 (747),
3280 3926 3345 3964 ac
3356 3910 3556 3966 Viller-

1951 4003 2058 4058 bizi
2104 4002 2277 4073 (748),
2297 4001 2497 4056 ﬂuvios
2522 3999 2699 4070 jacet,
2722 3998 2829 4053 isto
2861 3997 3160 4070 acquisivit
3179 4007 3293 4052 ηπ.
3317 4000 3557 4072 Insuper

1949 4090 2168 4145 Zurbizi
2193 4099 2285 4133 ηδτ
2320 4090 2475 4158 (719)
2503 4087 2941 4160 burgwardum,
2969 4103 3145 4159 quem
3165 4090 3556 4144 antecessores

1949 4180 2032 4234 sui
2063 4179 2122 4232 in
2150 4178 2489 4234 beneﬁtium
2514 4177 2900 4248 possiderunt,
2927 4177 3031 4232 sibi
3053 4180 3112 4231 et
3140 4177 3418 4234 confratri
3439 4178 3554 4232 sui-

1948 4270 2071 4323 met
2102 4266 2416 4322 Fritherico
2446 4265 2782 4322 vendicavit.
2831 4269 3071 4338 Insuper
3100 4267 3556 4340 Thiedburgam,

230 4355 409 4427 cipiat
434 4355 690 4411 fructum
718 4355 926 4410 futurae
958 4355 1157 4410 messis
1170 4355 1197 4410 ‘I
1221 4355 1440 4416 (Matt/2.
1471 4357 1549 4428 v.)
1580 4357 1721 4411 Cum
1743 4374 1844 4427 pro
1943 4355 2229 4410 Thiedrici
2275 4355 2625 4411 marchionis
2669 4355 2874 4426 ﬁliam,
2905 4356 3066 4413 duxit
3094 4365 3210 4425 Im,
3261 4361 3318 4413 et
3343 4357 3417 4413 ob
3447 4358 3556 4413 hoc

1559 4446 1793 4502 νΑΒΙίΕ
1830 4445 2120 4502 LECTIO'N
2128 4445 2228 4500 ES.

301 4550 398 4584 ωε
429 4541 688 4595 Nulfatus
717 4545 764 4595 1.
847 4549 938 4583 1237
969 4558 1174 4595 erasum
1216 4546 1263 4595 1.
1345 4551 1438 4584 1m
1463 4543 1586 4600 add.
1623 4545 1706 4598 tb.
1787 4553 1881 4586 m9
1916 4543 2028 4598 Sed
2059 4559 2197 4598 corr.
2232 4541 2380 4596 Sunt
2413 4545 2461 4596 1.
2541 4550 2636 4584 ηδο
2673 4542 2893 4599 sollititi
2927 4546 2972 4597 1.
3053 4548 3145 4583 ml
3174 4557 3317 4612 quas
3347 4539 3557 4612 ligitios

232 4616 317 4668 la.
351 4612 442 4667 sed
471 4612 670 4666 duobus
718 4629 742 4666 s
781 4615 960 4666 erasis.

1040 4621 1132 4653 1³³2
1158 4614 1560 4688 assummitate
1586 4619 1676 4688 la.
1756 4624 1849 4657 12³³
1868 4619 2173 4688 primatus
2205 4630 2415 4668 erasum
2459 4617 2530 4688 l._
2586 4622 2680 4656 18³1
2712 4631 2862 4688 pene
2890 4629 2999 4670 cor.
3051 4628 3220 4684 poene
3255 4612 3345 4667 sed
3378 4629 3410 4667 0
3435 4622 3555 4684 post

226 4700 374 4739 eraso
406 4687 455 4739 l.
535 4691 627 4725 1235
657 4684 876 4756 perdux
908 4689 955 4738 1.
1035 4692 1128 4726 me
1155 4684 1261 4740 isto
1290 4701 1354 4738 ac
1386 4685 1680 4756 acquisivit
1713 4690 1761 4741 1.
1842 4683 1934 4728 1i"
1967 4684 2178 4740 curbizi
2210 4689 2294 4740 la.
2376 4693 2467 4726 1m
2499 4683 2613 4739 dux
2646 4689 2694 4739 1.

1780 4785 2007 4840 NOTAE.

301 4880 444 4950 (739)
481 4881 607 4952 Jun.
666 4883 698 4952 9
755 4896 853 4934 rex
897 4881 1082 4934 adhuc
1119 4879 1176 4933 in
1213 4881 1540 4952 Merseburg
1575 4882 1700 4936 fuit.
1777 4883 1840 4938 V.
1872 4881 2140 4947 Dtradit,
2181 4880 2319 4936 Dedi
2339 4879 2498 4936 illum
2524 4881 3314 4952 fuisserortumegente,qquie
3333 4896 3547 4952 nomen

225 4953 490 5006 chartam
530 4951 791 5021 ejusdem
830 4952 979 5022 apud
1016 4952 1182 5005 llofer
1211 4953 1247 5005 l.
1281 4969 1318 5016 ι,
1350 4956 1394 5005 t.
1438 4955 1478 5018 l,
1511 4951 1572 5022 ’p.
1611 4957 1729 5011 159.

319 5024 449 5094 710)
490 5023 570 5094 De
597 5023 881 5094 Lothariis
910 5023 1065 5077 conf.
1091 5022 1420 5077 Widukindi
1449 5025 1483 5077 l.
1521 5041 1559 5089 ι,
1590 5040 1638 5079 c.
1677 5030 1762 5079 30.

319 5029 449 5094 πο)
490 5029 570 5076 De
597 5029 881 5076 Lothariis

297 5029 455 5165 (711)
487 5093 900 5165 Wolmirstedt.

298 5163 449 5234 (7H)
481 5164 957 5234 Tangermnnde.

301 5236 459 5303 (743)
499 5235 660 5300 Moss,
689 5235 820 5290 villa
845 5235 903 5288 in
935 5235 1141 5289 vicinia
1169 5235 1326 5289 urbis
1359 5235 1666 5303 praedicta).

303 5309 458 5370 (7H)
501 5306 742 5360 Kalend.
763 5306 1298 5376 McrseburgluliiQ.
1332 5305 1494 5358 Daedz'
1519 5307 1650 5358 obiit
1671 5321 1839 5361 comes

227 5376 577 5432 ﬂii/tertius.
628 5378 723 5429 llle
768 5377 824 5430 in
874 5379 1094 5432 Nccrol.
1124 5377 1364 5441 Luneb.,
1395 5376 1502 5431 Jul.
1551 5379 1634 5431 10.
1669 5376 1834 5433 Conf.

227 5453 378 5503 Ann.
414 5447 644 5512 Quedl.,
679 5463 730 5501 a.
767 5451 918 5505 l009.
954 5449 1217 5503 Notanda
1268 5451 1462 5502 tamen
1509 5446 1566 5500 in
1614 5447 1837 5503 Necrol.

230 5519 589 5590 Luncbur_g.,
616 5518 825 5590 Novbr.
855 5525 914 5572 13
934 5520 1210 5590 ascriptos
1237 5535 1356 5573 esse
1385 5518 1680 5572 Tadonem
1701 5519 1842 5573 occi-

229 5607 356 5647 sum
393 5590 454 5644 et
483 5587 879 5647 Eghillerdum
908 5587 1144 5647 laicum.

304 5659 457 5734 (715)
499 5659 571 5714 Ut
601 5659 744 5715 mihi
791 5662 1028 5733 quidem
1062 5661 1320 5733 _videtur,
1359 5661 1723 5719 Thietmarus
1751 5661 1844 5719 hic

1942 4954 2114 5008 traxit
2137 4970 2170 5006 a
2202 4953 2335 5007 villa
2369 4953 2548 5020 Busci,
2580 4951 2752 5006 hodie
2780 4949 3020 5016 Pausitz,
3065 4951 3174 5004 sita
3218 4949 3273 5002 in
3325 4950 3550 5006 dicacesi

1941 5041 2061 5090 sua,
2089 5025 2244 5079 haud
2280 5025 2479 5094 procul
2509 5041 2542 5078 a
2585 5022 2808 5077 civitate
2837 5021 3099 5094 Leipzig:
3124 5022 3208 5074 De
3234 5021 3548 5094 villaBusci

1939 5112 1995 5150 γ.
2025 5091 2527 5151 chartaniOttonis
2554 5096 2620 5148 Ill
2651 5093 2818 5166 imp.,
2848 5110 2902 5149 a.
2924 5091 3234 5162 99l,Sept.
3269 5096 3334 5146 18
3353 5092 3544 5147 datam

1942 5167 2095 5239 apud
2133 5168 2331 5222 tIOfer.
2362 5168 2398 5222 l.
2443 5184 2480 5234 ι,
2510 5169 2550 5223 t.
2582 5168 2621 5232 l,
2655 5183 2711 5237 p.
2738 5170 2864 5225 1131.

2016 5241 2163 5306 (746)
2206 5240 2298 5304 Ill,
2332 5242 2421 5292 ω.

2009 5307 2161 5380 (747)
2204 5309 2366 5363 Salza
2393 5307 2509 5380 sive
2542 5306 2795 5380 Salzsee.

2013 5376 2154 5451 (718)
2193 5378 2586 5451 Wildenbach.
2633 5379 2809 5451 Fluvii
2859 5376 2953 5451 qui
2996 5377 3093 5451 hic
3138 5396 3173 5433 a
3218 5379 3546 5434 'l‘liietmaro

1942 5449 2321 5504 nominantur
2344 5452 2540 5518 aperte
2572 5449 2829 5506 indicant
2858 5448 3198 5506 comitatum
3241 5451 3390 5506 hunc
3424 5467 3546 5505 ma-

1942 5520 2157 5647 ?imam
2186 5523 2412 5647 partem
2427 5521 3031 5592 terrzeMansieldensis
3051 5523 3272 5583 ambitu
3290 5539 3388 5580 suo
3411 5539 3550 5579 con-

1969 5609 2204 5647 inulsse.
2288 5608 2370 5647 as.

1969 5609 2204 5647 mmsse.
2242 5608 2370 5647 URS.

2015 5661 2169 5736 (749)
2205 5661 2470 5734 Zoerbig.
