3900 6216
377 398 512 460 1338

1301 394 1695 453 ΤΗῙΕΤΜΑΒΙ
1739 392 2434 454 MERSEBURGENSISIS
2475 397 2792 458 EPISCOPI

3575 409 3713 471 1336

376 540 561 583 omne
605 525 751 585 adeo
782 525 1077 597 intumuit,
1099 525 1629 601 utregimolestiam
1650 522 1708 578 in
1732 519 1920 577 oculto
1937 515 2069 580 etA
2095 535 2428 594 expugnare
2459 529 2773 602 temptans,
2805 532 2862 586 et
2893 530 2973 589 nil
3004 531 3329 606 proﬁciens,
3361 535 3710 592 Rocholenzi

375 615 574 672 multis
613 616 848 674 offerret
868 628 962 662 im
983 619 1041 675 in
1074 621 1293 691 aperto.
1317 616 1648 673 Proximum
1673 611 1862 668 natale
1882 609 1995 664 Do-

380 704 532 760 mini
563 724 663 762 rex
695 708 753 763 in
779 709 997 764 Paletbi
1023 707 1347 774 celebravit,
1377 705 1658 762 etibidem
1673 697 1993 763 Thiedrico,

377 809 414 865 p
434 794 636 850 redicti
664 797 890 852 comitis
915 797 1054 866 filio,
1086 797 1424 853 comitatum
1441 812 1504 850 ac
1519 803 1614 837 mo
1634 788 1998 862 omnebene-

387 887 584 942 ficium
609 888 742 960 jure
769 889 826 942 et
855 890 1045 943 ortatu
1085 896 1177 929 ηιί
1209 887 1424 959 reginas
1450 902 1513 940 ac
1544 883 1871 958 principum
1904 875 1998 923 m'

384 977 600 1033 suimet
640 975 816 1031 dedit.
864 977 1102 1048 Insuper
1156 991 1414 1031 marcam
1471 976 1529 1027 et
1574 970 1852 1045 quidquid
1903 977 1997 1012 ιω

387 1067 633 1123 Wirinzo
678 1084 744 1122 ex
781 1069 944 1139 parte
984 1065 1137 1138 regis
1179 1065 1386 1132 tenuit,
1431 1065 1539 1119 hoc
1579 1066 1768 1119 totum
1819 1063 1998 1118 Bern-

389 1157 572 1212 hardo
594 1155 792 1211 comiti
811 1171 1149 1211 concessum
1178 1157 1280 1209 est.

458 1249 545 1300 35.
587 1245 651 1301 In
690 1245 891 1300 diebus
931 1243 1040 1298 illis
1079 1241 1427 1310 Thiedricus,
1455 1243 1716 1298 Metensis
1748 1251 1845 1284 HN
1877 1241 1998 1314 epi-

390 1350 614 1405 scopus,
645 1335 703 1388 et
734 1333 846 1387 dux
866 1331 1182 1398 Heinricus,
1203 1331 1382 1386 frater
1402 1332 1523 1402 ejus
1540 1331 1713 1400 (750),
1734 1347 1862 1385 cum
1887 1347 1995 1385 (βεε-

389 1422 526 1478 teris
554 1420 1041 1492 conspiratoribus
1061 1436 1339 1491 magnam
1353 1420 1474 1491 regi
1498 1419 1680 1474 etsuis
1703 1417 1999 1473 familiari-

391 1511 495 1565 bus
524 1510 706 1564 moles
737 1509 878 1564 tiam
910 1508 1184 1576 inferens,
1203 1508 1307 1563 sibi
1333 1508 1868 1580 successoribusque
1887 1507 2000 1562 suis

390 1599 844 1672 inexsuperabile
858 1600 1276 1656 detrimentum
1290 1599 1612 1671 promeruit
1626 1599 1784 1663 (7Sll.
1811 1599 1998 1654 Eccle-

390 1689 472 1744 sia
492 1707 746 1762 namque
763 1707 898 1757 una,
922 1708 1048 1763 quae
1066 1693 1225 1745 extra
1245 1691 1554 1744 Metensem
1585 1690 1773 1744 stabat
1800 1687 2000 1744 civita-

2098 618 2189 652 ml
2225 613 2601 687 urbemjuxta
2613 619 2842 676 Mildam
2856 621 3074 677 ﬂumen
3094 623 3342 694 positam
3356 628 3414 680 et
3426 642 3548 680 non
3563 626 3710 681 bene

2098 701 2384 769 provisam
2418 705 2684 762 incendio
2703 725 3042 767 consumere
3071 712 3134 781 (f.
3169 713 3306 784 121’)
3330 714 3715 785 precepit.ln-

2100 804 2270 860 super
2323 794 2592 867 quicquid
2638 797 3134 855 incommoditatis
3177 802 3436 872 predicto
3487 804 3709 869 comiti,

2100 884 2232 956 quia
2262 901 2491 958 semper
2517 886 2706 958 patrui
2735 887 2794 942 in
2811 887 3057 944 fratrum
3077 890 3222 946 filios
3238 891 3466 946 seviunt
3483 900 3603 959 1³⁸³,
3625 894 3710 948 fa-

2099 991 2227 1029 cere
2256 975 2463 1046 potuit,
2495 975 2552 1030 id
2593 977 2918 1032 nullatenus
2956 978 3193 1033 distulit.
3233 981 3627 1036 Herimancus
3655 986 3711 1037 et

2099 1064 2463 1119 Ekkihardus
2492 1065 2811 1120 confratres
2860 1068 3157 1123 castellum
3202 1069 3504 1138 quoddam
3543 1070 3712 1140 juxta

2098 1153 2290 1208 Salam
2312 1153 2505 1221 situm,
2525 1155 2679 1226 quod
2700 1155 3044 1211 Guncelinus
3074 1157 3240 1212 unice
3284 1158 3390 1213 sibi
3431 1159 3714 1214 dilectum

2100 1243 2279 1296 muris
2297 1246 2354 1297 et
2369 1243 2619 1316 presidio
2641 1244 2891 1299 firmavit
2909 1245 3057 1317 (756)
3074 1247 3356 1320 banisque
3371 1248 3716 1303 innumera-

2097 1330 2305 1386 bilibus
2335 1331 2593 1403 replevit,
2620 1350 2685 1388 ex
2704 1333 3011 1406 improviso
3043 1351 3222 1390 manu
3243 1334 3432 1391 valida
3461 1336 3713 1392 circum-

2100 1419 2303 1474 dantes
2334 1426 2688 1493 expugnant,
2715 1425 2773 1476 et
2801 1422 2978 1477 divisa
3009 1424 3474 1496 omnicongerie,
3499 1426 3713 1481 radici-

2097 1510 2190 1562 tus
2221 1507 2359 1563 illud
2392 1517 2485 1551 im
2503 1510 2779 1582 dejiciunt
2809 1528 2872 1566 ac
2895 1511 3162 1567 incendio
3185 1519 3557 1568 consumunt.
3577 1517 3716 1570 Per-

2099 1595 2257 1650 venit
2285 1597 2393 1652 hoc
2425 1607 2520 1640 ιω
2547 1599 2620 1653 ad
2639 1615 2804 1653 aures
2824 1600 2996 1670 regis,
3015 1603 3073 1655 et
3101 1602 3406 1657 confestim
3435 1601 3593 1657 idem
3617 1612 3715 1645 ιω

2101 1685 2174 1740 ad
2199 1687 2526 1760 Merseburg
2555 1689 2675 1742 hanc
2720 1689 2792 1742 ad
2841 1688 3196 1745 discutienda
3244 1699 3337 1733 ιεδι
3379 1694 3720 1762 properavit

390 1783 532 1842 tem,
559 1781 617 1835 et
646 1779 1020 1850 congregatio
1053 1778 1270 1833 ibidem
1295 1777 1546 1833 serviens
1567 1795 1601 1832 a
1621 1777 1831 1832 Sclavis
1851 1767 1994 1844 (652)
2032 1777 2270 1858 Β(756).
2305 1775 2418 1830 Sed
2449 1793 2578 1830 cum
2606 1777 2821 1832 ibidem
2855 1778 3245 1849 predictorum
3269 1781 3584 1835 sententias
3614 1798 3716 1836 co-

389 1872 571 1925 Deum
603 1885 720 1924 non
747 1867 1086 1922 timentibus
1117 1868 1389 1922 vastatur.
1441 1866 1552 1922 Sed
1582 1867 1692 1922 hoc
1719 1868 1999 1922 damnum

388 1969 605 2029 magna
625 1954 688 2027 (f.
727 1956 843 2025 121)
878 1972 944 2011 ex
976 1957 1138 2027 parte
1170 1971 1267 2010 rex
1315 1971 1444 2009 cum
1467 1954 1816 2026 juramentis
1846 1959 1904 2010 et
1933 1972 1998 2009 ex

386 2062 487 2100 sua
517 2043 869 2117 proprietate
900 2043 1227 2110 restituens,
1252 2060 1325 2098 ne
1365 2043 1502 2116 quid
1535 2052 1628 2085 ιω
1651 2043 1783 2098 huic
1815 2042 1999 2098 simile

387 2132 702 2200 accidisset,
727 2136 933 2188 cuncto
967 2131 1237 2188 exercitui
1269 2147 1467 2186 cavere
1491 2131 1762 2204 precepit.
1795 2131 2000 2186 Vineas

382 2226 440 2276 et
471 2221 697 2278 ediﬁcia
723 2238 853 2278 cum
884 2222 1180 2277 frumento
1197 2221 1535 2294 cer-terisque
1561 2221 1902 2276 utilitatibus
1921 2221 2000 2276 le-

383 2311 473 2366 sit.
505 2310 630 2366 Vidi
663 2310 968 2384 epistolam
1000 2327 1118 2366 non
1150 2311 1325 2381 longe
1356 2314 1505 2381 post,
1527 2310 1621 2365 ubi
1643 2310 2001 2382 octingento-

382 2417 514 2455 rum
546 2416 823 2456 numerus
852 2397 1276 2469 mancipiorum
1301 2397 1482 2452 sancti
1505 2397 1781 2468 Stephani
1800 2397 1996 2452 inscri-

381 2492 514 2562 ptus
541 2489 670 2557 fuit,
698 2505 825 2560 que:
846 2489 1085 2559 propter
1109 2487 1326 2541 famem
1353 2495 1446 2528 ιω
1479 2490 1535 2541 et
1551 2487 1725 2541 aliam
1759 2486 2000 2541 necessi-

357 2582 558 2633 .tatem
578 2593 612 2632 a
623 2575 1032 2648 patriisﬂnibus
1045 2590 1273 2646 egressa
1284 2577 1416 2628 sunt
1429 2574 1996 2646 absqueconscientia

381 2664 832 2739 prepositorum,
859 2662 1110 2735 exceptis
1130 2662 1420 2729 omnibus,
1443 2662 1540 2735 qui
1559 2679 1687 2717 cum
1711 2679 1992 2719 consensu

382 2769 586 2811 eorum
612 2750 896 2807 abierant.
931 2749 1126 2806 Sacius
1157 2753 1304 2805 esset
1350 2749 1481 2806 huic
1515 2750 1803 2818 ecclesias,
1836 2753 1991 2824 quod

377 2855 700 2913 numquam
733 2841 900 2894 natus
929 2837 1126 2893 fuisset
1143 2839 1323 2894 homo
1347 2839 1466 2896 ille.
1504 2839 1831 2895 Describam
1854 2857 1992 2912 quo-

378 2948 488 3005 que
519 2945 700 2986 unum
731 2927 954 2984 facinus
983 2944 1209 2994 eorum,
1234 2927 1390 2999 quod
1409 2927 1466 2982 in
1489 2927 1703 2983 Adram
1728 2927 1876 2999 (763)
1902 2929 1988 2983 lu-

2098 1863 2306 1918 mitum
2335 1865 2854 1931 animadvertisset,
2888 1868 3116 1938 culpam
3135 1884 3374 1922 omnem
3397 1869 3718 1926 Guncelino

2099 1954 2367 2024 imputat,
2401 1953 2538 2026 quia
2553 1971 2612 2009 se
2631 1954 2688 2009 in
2705 1954 2900 2009 multis
2914 1955 3070 2024 prius
3084 1961 3386 2027 sperneret
3402 1962 3459 2011 et
3473 1958 3532 2012 in
3548 1958 3717 2013 illato

2099 2041 2204 2097 sibi
2236 2042 2518 2097 dedecore
2552 2044 2797 2097 ultorem
2823 2060 2939 2097 non
2969 2048 3344 2114 exspectaret.
3372 2046 3715 2117 Adjccitau-

2099 2133 2240 2197 tem,
2275 2131 2426 2202 quod
2454 2130 2700 2186 familias
2726 2132 3043 2185 multorum
3074 2149 3208 2204 sepe
3237 2133 3300 2188 id
3337 2133 3440 2188 sibi
3462 2152 3716 2206 queren-

2099 2217 2244 2272 tium
2273 2219 2466 2273 Judeis
2486 2219 2764 2287 vendidit,
2792 2223 2849 2274 et
2879 2237 2984 2274 nec
3007 2221 3168 2291 jussu
3195 2238 3296 2276 suo
3323 2222 3427 2277 has
3443 2223 3713 2292 reddere,

2101 2324 2203 2362 nec
2233 2307 2535 2363 latrocinia
2563 2309 2758 2362 multis
2783 2326 2816 2362 a
2836 2325 2938 2362 sua
2959 2311 3241 2380 potestate
3279 2313 3553 2367 nocentia
3583 2329 3714 2367 um-

2100 2413 2275 2468 quam
2342 2396 2560 2451 curavit
2607 2413 2991 2468 compescere.
3043 2399 3280 2469 lnsuper
3347 2404 3580 2470 questus
3630 2407 3715 2457 est

2097 2487 2385 2558 majorem
2416 2486 2568 2557 apud
2603 2486 2945 2541 Bolizlavum
2977 2486 3217 2542 fratrem
3244 2488 3500 2560 gratiam
3527 2492 3692 2547 hacte

2098 2593 2204 2629 nus
2233 2573 2519 2638 habuisse,
2535 2591 2708 2646 quam
2725 2574 2777 2629 ei
2793 2583 2884 2617 1m
2898 2575 3131 2630 deceret
3143 2577 3362 2632 autsibi
3375 2579 3605 2650 placere
3619 2581 3714 2636 de-

2097 2664 2280 2718 beret.
2304 2662 2389 2716 Hii
2408 2667 2704 2735 presentes
2719 2667 2905 2729 erant,
2929 2663 3024 2735 qui
3041 2681 3172 2719 cum
3200 2666 3532 2738 semetipsis
3544 2686 3710 2723 reum

2092 2768 2213 2807 esse
2241 2750 2558 2822 majestatis
2585 2767 2849 2805 accusare
2880 2753 3205 2808 voluerunt.
3223 2755 3711 2817 lntertotlamen'

2091 2841 2340 2896 tationes
2352 2843 2409 2894 et
2421 2840 2681 2910 ejusdem
2697 2856 3046 2912 suorumque
3060 2843 3484 2911 excusationes,
3502 2846 3702 2918 princi-

2090 2946 2231 3001 pum
2253 2929 2644 2984 communiter
2672 2937 2765 2970 ηδθ
2788 2928 3086 2984 consilium
3111 2948 3145 2985 a
3164 2947 3304 3002 rege
3332 2934 3632 3003 quaeritur,
3653 2940 3705 2990 et

378 3021 559 3092 gubre
586 3027 680 3062 ηδτ
708 3021 1080 3090 peregerunt.
1104 3017 1218 3072 Rex
1248 3020 1442 3072 autem
1465 3016 1667 3071 habuit
1682 3016 1986 3072 concilium
2015 3055 2063 3114 Ο
2091 3018 2162 3073 ab
2193 3017 2303 3071 hiis
2333 3017 2430 3072 diu
2461 3018 2569 3072 hoc
2601 3025 2694 3059 ηδτ
2735 3021 2951 3072 secrete
2982 3019 3363 3087 volventibus,
3396 3023 3592 3078 taliter
3620 3040 3702 3078 re-

377 3109 436 3163 in
465 3107 755 3180 Magontia
781 3105 1026 3174 civitate,
1051 3109 1109 3160 et
1134 3104 1215 3160 hii
1245 3107 1382 3160 tunc
1409 3104 1744 3160 interfuere.
1770 3106 1837 3158 Et
1855 3121 1989 3160 cum

377 3196 576 3253 omnia
595 3194 810 3251 ibidem
843 3193 1158 3250 secundum
1191 3193 1403 3248 suimet
1433 3193 1708 3266 placitum
1749 3209 1987 3265 respon-

378 3285 514 3341 dere
545 3300 664 3340 non
694 3281 1034 3355 potuissent,
1063 3281 1277 3338 reversi
1305 3282 1603 3350 suntirati,
1624 3299 1762 3353 pace
1791 3286 1988 3338 tamen

378 3375 450 3429 ad
489 3377 719 3446 tempus
743 3373 920 3441 facta;
954 3375 1012 3428 et
1035 3387 1169 3426 cum
1201 3389 1300 3428 eos
1331 3373 1712 3444 sequerentur
1740 3370 1821 3425 nil
1852 3371 1988 3427 mali

378 3467 676 3535 sperantes
694 3461 898 3518 Heimo
918 3459 1314 3516 Wirdunensis
1339 3461 1636 3532 episcopus
1651 3462 1708 3516 et
1720 3460 1830 3514 dux
1845 3459 1988 3533 {754)

373 3551 726 3618 Thiedricus,
757 3550 1250 3606 latentesinsidias
1280 3558 1377 3593 m8
1395 3549 1706 3623 improviso
1739 3549 1988 3616 irruunt,

377 3642 434 3695 et
453 3639 647 3714 paucis
667 3638 1056 3712 eﬂ'ugentibus
1074 3655 1204 3694 cum
1227 3638 1529 3712 episcopis,
1553 3637 1842 3694 interfecti
1859 3641 1992 3693 sunt

378 3728 829 3785 innumerabiles
857 3727 982 3784 viri.
1024 3729 1148 3783 Dux
1194 3727 1289 3783 ille
1327 3726 1513 3781 animis
1549 3728 1901 3794 vulneratus,
1936 3728 1994 3781 et

379 3826 472 3860 ιω
503 3818 638 3891 quia
674 3816 889 3872 amicus
932 3831 1136 3872 eorum
1171 3816 1300 3883 fuit,
1334 3817 1532 3886 captus
1579 3814 1904 3884 abducitur,
1935 3819 1993 3873 et

379 3907 592 3963 multos
629 3904 750 3962 dies
793 3903 1130 3960 custoditur.
1184 3905 1319 3959 Post
1360 3904 1483 3958 haec
1515 3902 1661 3958 datis
1701 3904 1992 3962 obsidibus

379 3994 636 4061 solvitur,
667 3994 725 4047 et
753 4009 787 4047 a
817 3991 968 4064 regis
1004 3991 1190 4063 gratia
1216 3991 1290 4047 ob
1311 3991 1420 4046 hoc
1438 4007 1556 4046 non
1569 3996 1850 4050 movetur.
1875 3997 1990 4051 An-

382 4101 457 4139 no
484 4080 800 4140 Dominicaa
829 4079 1244 4137 incarnationis
1290 4080 1665 4140 millesimo...
1705 4085 1992 4142 Bernhar-

383 4172 489 4226 dus
515 4170 629 4224 dux
650 4168 892 4224 Corbeia
912 4167 1056 4224 obiit
1086 4177 1179 4211 m0
1209 4173 1330 4237 (an.
1356 4171 1543 4244 1011).

2088 3107 2434 3179 spondetur:
2469 3105 2680 3161 Scimus
2707 3106 2847 3160 hunc
2873 3122 3003 3176 erga
3030 3124 3118 3160 vos
3150 3109 3576 3166 inexcusabile";
3605 3129 3703 3167 non

2089 3212 2191 3251 esse
2207 3213 2228 3262 ;
2253 3200 2300 3250 et
2330 3200 2389 3251 ut
2418 3203 2601 3249 vestrae
2649 3204 2742 3236 1258
2764 3197 2965 3266 pietati
2993 3214 3046 3250 se
3063 3200 3209 3250 omni
3235 3199 3590 3254 reluctatione
3630 3220 3703 3255 re-

2090 3291 2235 3339 mota
2261 3283 2459 3350 tradat,
2492 3285 2645 3339 nobis
2670 3285 2863 3338 bonum
2892 3285 3116 3340 videtur.
3150 3286 3564 3352 Ammoneatlf.
3588 3290 3697 3360 122)

2089 3389 2177 3428 vos
2208 3374 2504 3428 misericors
2536 3371 2698 3437 Deus,
2731 3377 2790 3426 ut
2829 3390 2934 3426 non
2973 3373 3235 3445 qualitate
3275 3377 3470 3431 suimet
3514 3379 3700 3443 meriti,

2087 3460 2179 3516 sed
2204 3477 2306 3532 pro
2335 3463 2634 3532 quantitate
2661 3461 2950 3532 ineﬂ'abilis
2989 3462 3275 3517 cleiizcntiae
3320 3467 3613 3532 vestrimet,
3643 3465 3704 3519 ad

2089 3550 2383 3621 exemplum
2415 3549 2656 3603 omnibus
2704 3549 2775 3602 ad
2822 3566 2910 3603 vos
2947 3553 3222 3618 conversis,
3278 3553 3334 3605 in
3375 3571 3437 3607 eo
3495 3554 3704 3621 faciatis

2095 3647 2215 3695 ηδε.
2233 3639 2448 3693 Horum
2464 3639 2726 3693 consultu
2741 3655 2840 3693 rex
2853 3639 3165 3711 asspirans,
3181 3642 3433 3712 suscepit
3459 3643 3701 3697 eundem

2092 3730 2150 3782 et
2178 3727 2418 3782 Arnulfo
2451 3726 2689 3781 antistiti
2711 3726 2956 3783 ﬁrmiter
2975 3729 3424 3785 custodiendum
3452 3732 3698 3798 tradidit,

2091 3815 2327 3888 presidii
2358 3816 2796 3870 continuatione
2828 3817 2900 3870 ab
2930 3817 3190 3871 hostibus
3213 3818 3378 3872 Misni
3419 3820 3699 3885 muniens,

2092 3921 2363 3978 eamque,
2397 3905 2470 3959 ad
2501 3909 2730 3976 tempus
2760 3905 3183 3976 providendum
3211 3906 3531 3963 Fritherico
3559 3925 3699 3963 com-

2091 3995 2329 4050 mittens
2356 4002 2470 4049 H60.
2501 3994 2772 4049 Proxima
2791 4010 2924 4049 vero
2957 4010 3164 4061 messe,
3194 3994 3526 4051 interventu
3555 3997 3696 4070 regi-

2093 4103 2182 4141 nae
2209 4086 2268 4139 et
2295 4083 2571 4139 instinctu
2607 4083 2724 4138 cari
2764 4083 3096 4155 Taginonis,
3126 4083 3483 4141 Herimanno
3513 4086 3693 4142 comiti

2093 4173 2392 4229 marcham
2432 4172 2590 4227 dedit
2614 4175 2672 4227 et
2699 4171 2934 4226 consilio
2967 4176 3024 4226 et
3054 4172 3221 4227 laude
3252 4181 3345 4215 Im
3380 4175 3691 4247 principum

452 4262 542 4313 30.
606 4258 834 4312 Interea
889 4256 1273 4315 Herimannus
1318 4277 1511 4316 comes
1548 4264 1605 4316 et
1646 4262 2051 4320 Guncelinus-
2091 4262 2434 4318 eorundem.

384 4343 643 4401 marchio
665 4343 908 4401 invicem
925 4348 1231 4416 certantes,
1256 4347 1525 4404 inusitato
1545 4350 1603 4405 in
1636 4351 1722 4406 his
1739 4352 1992 4423 regioni—
2010 4313 2063 4373 D
2161 4357 2248 4409 37.
2292 4353 2525 4406 Interea
2557 4331 2877 4422 predictam
2897 4351 3101 4406 urbem
3122 4351 3272 4405 Brun
3300 4352 3683 4419 comes,frater

383 4436 489 4490 bus
515 4451 680 4491 more
705 4434 1990 4512 conﬂixere(an.1009).NamqueGuncelinus
2089 4439 2408 4507 Guncelini,
2455 4439 2658 4494 ordine
2698 4438 2832 4492 vicis
2871 4455 2986 4493 suae
3032 4439 3424 4507 custodiebat;
3477 4445 3533 4496 et
3569 4456 3684 4496 ecce

384 4523 630 4581 Strelam
654 4522 1989 4587 civitatemamilitibusHerimannicustoditam
2090 4530 2272 4605 priori
2316 4529 2430 4596 die,
2478 4544 2653 4600 quam
2697 4525 3080 4582 Herimannus
3104 4528 3467 4599 adventaret,
3491 4545 3683 4599 magna

1709 4638 1938 4698 VARUS
1973 4639 2265 4700 LECTION
2272 4637 2372 4693 ES.

458 4731 550 4767 12³³
582 4719 786 4802 offeret
832 4728 880 4802 1.
960 4733 1054 4767 m0
1108 4726 1186 4802 at_
1229 4727 1278 4802 _l.
1355 4732 1446 4766 η-ιι
1476 4723 1827 4802 interuentu
1883 4735 1964 4788 la.
2044 4741 2136 4776 im
2186 4726 2533 4802 principium
2592 4728 2675 4802 la.
2707 4725 2916 4802 sepius.
2996 4731 3096 4802 αξξ
3138 4724 3372 4802 qicqnid
3418 4728 3466 4782 1.
3495 4741 3677 4794 sapius.

387 4792 919 4873 ifsﬂmettensisla.
998 4803 1092 4837 ωε
1111 4795 1191 4873 qd
1222 4798 1290 4873 l_._
1350 4803 1444 4873 ίξισ
1470 4794 1587 4873 fam
1622 4801 1670 4853 1.
1750 4808 1844 4873 i772”
1869 4803 2047 4873 lugﬁh
2083 4807 2132 4856 1.
2186 4792 2304 4842 ἰειθ
2335 4792 2674 4873 insidiantes
2706 4792 2787 4848 la.
2867 4803 2960 4873 Lm
2990 4793 3134 4873 add.7
3155 4792 3294 4873 ἰὸς
3318 4803 3413 4873 ιξδο
3445 4792 3590 4848 anno
3622 4824 3682 4834 —

387 4867 529 4923 obiit
557 4865 686 4921 add.
717 4866 776 4919 in
803 4866 915 4922 ima
938 4863 1184 4940 margine
1235 4865 1318 4920 1b.
1354 4865 1625 4940 Omissum
1651 4876 1724 4923 est
1759 4872 1900 4928 Χιηο
1931 4863 2049 4928 sive
2077 4875 2273 4937 leo,
2305 4885 2408 4940 quo
2447 4881 2587 4940 anno
2632 4867 2820 4918 ducem
2851 4863 3225 4940 Berahardum
3257 4864 3568 4940 defunctum
3594 4881 3682 4919 esse

385 4945 607 4994 constat.
686 4944 778 4980 12⁸1
834 4937 1155 4993 rocholenti
1214 4942 1297 4993 1α.
1332 4937 1616 4994 rocholezi
1676 4943 1751 4999 lc.
1803 4952 1858 4996 ut
1888 4945 1995 4999 vid;
2031 4937 2376 5000 Rocholenci
2417 4941 2486 4995 Α.
2527 4937 2588 4993 S.
2670 4945 2762 4977 ηδε
2801 4937 3061 4990 seruiant
3113 4940 3192 4989 la.
3275 4945 3370 4977 im
3402 4938 3460 4991 id
3499 4939 3577 4989 est
3607 4941 3676 4991 1a.

388 5019 480 5053 125‘
520 5007 834 5065 discuenda
859 5013 909 5066 1.
988 5018 1083 5052 ﬂ"
1111 5008 1236 5063 add.
1271 5009 1353 5064 tb.
1433 5017 1527 5050 ηιο
1556 5015 1920 5069 communice
1951 5021 2034 5071 la.
2116 5023 2204 5056 ηδτ
2230 5014 2267 5068 h
2302 5017 2349 5067 1.
2381 5009 2519 5082 quod
2536 5009 2742 5082 pariter
2759 5014 2918 5082 atque
2947 5008 2983 5061 li
3011 5011 3066 5061 in
3087 5007 3182 5060 hoc
3207 5006 3384 5082 cortice
3411 5009 3514 5062 hoc
3534 5009 3680 5077 signi-

384 5084 532 5151 [ἱραί.
609 5088 704 5124 “'8
730 5083 914 5136 vestro
946 5096 1306 5152 quemagna
1349 5096 1470 5135 esse
1500 5087 1798 5152 expertum
1839 5091 1941 5142 est.
1975 5091 2008 5143 '2
2058 5087 2128 5142 A.
2161 5084 2224 5140 S.
2305 5077 2404 5126 ωδε
2437 5083 2474 5138 i.
2509 5077 2560 5138 ei.
2594 5078 2635 5132 Γ.
2671 5077 2798 5133 add.
2822 5077 2923 5134 ita.
3004 5087 3097 5120 ηοο
3128 5077 3416 5133 comitens
3455 5084 3500 5133 1.
3541 5093 3677 5133 com-

387 5097 532 5151 ﬁcat.
609 5097 704 5124 ιιιδ
730 5097 914 5136 νθδιτο
989 5098 1057 5137 ue
1089 5097 1306 5152 magna
1349 5097 1470 5135 esse
1500 5097 1747 5152 experta]

387 5153 543 5211 misit
573 5156 626 5210 2.
707 5160 799 5194 ¹²⁶¹
834 5097 1020 5208 18.υὲιὲ
1049 5151 1256 5208 duabus
1287 5151 1473 5208 litteris
1504 5154 1666 5208 erasis
1699 5158 1747 5211 1.

458 5315 608 5386 (750)
649 5315 875 5386 Fratres
905 5311 1697 5386 Cunigundazimperatricis.
2166 5321 2315 5383 (754)
2358 5311 2745 5386 Lotharingiee
2772 5309 3102 5386 superioris.

459 5379 608 5460 (751)
650 5385 736 5460 gf.
773 5379 1402 5460 Sigebertftg‘emblacf,
1436 5403 1485 5460 a.
1523 5391 1678 5460 {70097.
1745 5459 1751 5460 7
2165 5379 2339 5460 (-756);
2354 5379 2662 5460 Fortefuit
2705 5379 3226 5460 castéllu_m,‘cuqu
3269 5380 3482 5435 rudera
3519 5379 3674 5436 adhuc

458 5451 774 5534 (753)7Non
802 5451 904 5526 it'a,
931 5457 1032 5513 sed
1061 5451 1496 5514 aNortmannis.
1515 5457 1992 5533 Conf.Alpertum
2092 5451 2664 5534 prope77S§alfeldpm
2695 5453 3150 5534 cgnspjgiuplur.
3181 5451 3311 5534 ξ]ξῇ

388 5529 425 5590 l.
526 5522 782 5599 c.'8,7sq.
889 5522 898 5526 ⁷
975 5598 980 5599 7
1019 5597 1033 5599 _
1155 5598 1160 5599 7
1233 5598 1237 5599 7
1371 5598 1374 5599 7
1763 5522 1782 5533 ⁸
2092 5522 2112 5534 ⁸
2168 5522 2318 5598 (⁸755)
2356 5526 2441 5583 lta
2469 5530 2526 5581 et
2552 5527 2705 5581 Ann.
2736 5522 3066 5599 Quédlinb,
3100 5539 3154 5599 a.
3184 5524 3349 5599 1009:
3382 5522 3675 5599 71bichg(s_c.

459 5597 604 5670 (⁸153)
645 5592 907 5657 Fortasse
953 5597 1330 5668 Odernheim,
1363 5598 1516 5656 inter
1545 5601 1906 5676 Oppenheim
1937 5607 1994 5659 et
2093 5604 2154 5659 in
2177 5592 2226 5658 ‘F
2228 5592 2685 5676 rancia)7pe_racta
2700 5600 2900 5676 astate,
2919 5594 3078 5650 rediit
3101 5597 3156 5648 in
3172 5592 3496 5652 Saroniam'.
3521 5593 3674 5650 Novb.

388 5665 599 5738 Alzey."
1316 5665 1324 5668 “
1593 5665 1612 5676 ⁸
1633 5665 1650 5676 ’
1901 5715 1904 5718 ι
2095 5677 2148 5745 3,
2176 5672 2364 5730 adhuc
2388 5665 2497 5727 fuit
2524 5670 2876 5725 Wormatiaa.
