3900 6216
175 457 205 512 1
225 457 328 516 337
1437 451 1856 509 CHRONICON.
1905 481 1974 493 -
2005 451 2131 507 LIB.
2163 449 2252 506 νι.
3367 447 3502 511 1338

173 579 572 637 Poleniorum
601 584 828 640 caterva
843 582 1106 658 inprime
1126 585 1239 642 diei
1271 585 1600 658 crepusculo
1615 581 1802 638 Albim
1826 583 1881 638 A
1919 580 2165 637 titudine
2187 577 2696 649 rediret;Arnulfus
2715 580 2909 635 autem
2929 580 2988 634 et
2999 575 3506 645 Meinwercusi‘mt)

167 664 576 734 transgressa,
607 682 786 737 usque
804 668 875 721 ad
891 671 1120 738 portam
1138 667 1374 722 civitatis
1389 665 1493 721 sibi
1511 663 1805 736 promissa:
1911 670 2159 741 episcopi
2172 687 2304 725 cum
2329 670 2469 726 duce
2489 669 2756 726 Jarimiro
2770 673 2827 724 et,
2848 667 3277 723 mamhionibus
3287 665 3508 720 Gerone

161 749 428 806 silenter
457 755 745 810 veniebat.
783 756 895 810 Sed
925 774 1052 810 cum
1073 756 1270 828 positis
1288 756 1497 810 ibidem
1524 751 1806 806 militibus
1905 764 1961 814 et
1992 759 2331 814 Hirimanno
2353 760 2686 831 ueterisque
2712 759 3100 832 compluribus
3131 753 3335 812 Cilensi
3359 749 3508 825 (762)

157 839 365 894 facilis
405 841 456 896 ei
494 861 610 899 non
645 848 867 915 pateret
897 845 1182 912 introitus,
1213 849 1296 899 est
1326 860 1573 909 reversa,
1607 840 1800 905 tristis,
1903 848 2196 903 etDiedesi
2226 851 2531 904 vastarent.
2569 850 2772 920 Sicque
2794 849 3009 903 factum
3028 849 3114 901 est
3135 840 3513 917 (763).Predi-

158 944 285 998 pro
317 930 514 985 dolor!
550 932 728 1002 illesa,
749 935 1287 990 etnemininocens.
1314 933 1487 1004 Hujus
1502 932 1584 985 rei
1602 931 1781 984 ductor

1906 937 1974 992 cti
2006 938 2260 992 seniores
2291 955 2419 992 cum
2439 939 2641 992 urbem
2663 939 2881 1008 Glogua
2916 937 3152 1002 dictam,
3171 933 3266 990 ubi
3282 931 3511 988 Bolizla-

159 1033 270 1070 res
299 1023 471 1073 erant
504 1021 616 1077 duo
651 1025 963 1078 Wethenici
1018 1033 1110 1066 ηδ’
1158 1042 1222 1078 ex
1254 1021 1550 1080 suburbio,
1591 1021 1651 1072 ut
1677 1019 1805 1090 post
1902 1044 2000 1080 vus
2031 1027 2147 1098 ipse
2181 1026 2367 1082 fuerat
2388 1043 2453 1080 ac
2475 1043 2572 1082 eos
2590 1025 2913 1098 perspicere
2943 1025 3190 1096 poterat,
3222 1017 3507 1093 gregatim

158 1109 505 1163 revelatum
520 1113 892 1185 est.Namque
908 1113 986 1168 hii
1003 1114 1283 1185 sanguine
1299 1111 1581 1167 suotalem
1597 1106 1802 1162 merito
1905 1117 1962 1167 et
1985 1114 2205 1169 loricati
2230 1114 2564 1181 transirent,
2595 1113 2844 1168 militum
2866 1114 2986 1168 haec
3016 1130 3049 1167 a
3070 1111 3251 1167 muris
3273 1124 3512 1165 cernen-

158 1199 694 1271 presumptionem
727 1205 1083 1273 persolvunt.
1111 1195 1808 1257 Bolizlavusauteminter
1905 1202 2048 1256 tium
2081 1204 2304 1258 animos
2343 1205 2679 1275 provocant,
2706 1205 2765 1257 et
2807 1201 2884 1256 hii
2917 1202 3122 1256 ducem
3150 1199 3379 1264 suimet,
3409 1210 3511 1252 cur

163 1300 353 1356 spem
385 1293 722 1361 metumque
755 1291 1028 1347 sollicitus
1057 1301 1151 1334 1m
1183 1291 1241 1344 in
1275 1293 1396 1332 ma‘
1430 1285 1680 1344 Budusin
1714 1293 1806 1340 me
1907 1292 2014 1345 hoc
2045 1295 2359 1363 pateretur,
2393 1293 2772 1364 alloquentes,
2814 1290 2920 1345 sibi
2959 1291 3022 1359 (f.
3063 1292 3182 1357 123)
3231 1304 3327 1343 eos
3358 1289 3510 1340 tem-

159 1379 328 1452 (757)
361 1381 468 1435 hos
514 1384 632 1422 ηαδ·
677 1381 1034 1452 expectabat,
1073 1385 1129 1434 et
1179 1384 1240 1434 ut
1279 1381 1589 1435 adventare
1624 1374 1808 1432 socios
1909 1381 2108 1450 ptandi
2135 1381 2426 1437 licentiam
2449 1385 2710 1454 poscunt.
2736 1381 2951 1444 Quibus
2967 1374 3512 1434 taliarefert:Exer-

164 1470 494 1542 comperit,
529 1470 787 1524 delusum
831 1488 888 1524 se
937 1470 1189 1542 graviter
1236 1472 1448 1540 portat.
1503 1469 1635 1522 Post
1681 1467 1803 1519 hzec
1903 1472 2054 1536 citus,
2081 1489 2233 1541 quem
2251 1471 2787 1527 videtismultitudine
2800 1487 3054 1542 parvum,
3075 1470 3269 1522 virtute
3288 1479 3512 1533 magnus

166 1567 277 1600 "65
308 1558 696 1613 Herimannus
725 1575 921 1613 comes
953 1576 1054 1630 per
1101 1559 1358 1629 regalem
1404 1556 1680 1611 nuncium
1709 1562 1800 1595 im
1903 1564 1982 1612 est
2003 1567 2052 1612 et
2085 1568 2176 1601 1274
2209 1562 2419 1614 milibus
2440 1562 2646 1615 caeteris
2677 1560 2890 1614 electus.
2925 1558 3091 1612 Hunc
3121 1559 3168 1611 si
3196 1554 3506 1625 aggrediar,

164 1645 591 1713 introducitur,
621 1665 683 1700 ac
726 1647 1080 1702 debitoribus
1105 1646 1238 1711 suis,
1273 1645 1543 1718 quicquid
1575 1645 1635 1699 in
1666 1661 1797 1697 eum
1898 1650 2005 1701 sive
2052 1651 2259 1703 vincam
2308 1668 2396 1703 seu
2444 1651 2750 1720 superabor,
2812 1651 2867 1703 in
2906 1655 3182 1718 posterum
3236 1646 3512 1716 depressus

163 1735 570 1807 deliquerant,
607 1737 838 1791 dextera
870 1737 977 1790 hoc
1009 1737 1364 1799 afﬁrmante,
1396 1736 1468 1789 ab
1499 1751 1566 1787 eo
1600 1732 1797 1794 remit-
1899 1753 2037 1791 sum.
2065 1738 2204 1807 Regi
2224 1739 2470 1808 possibile
2512 1744 2585 1793 est
2612 1739 2784 1793 alium
2823 1738 2942 1791 ilico
2970 1738 3256 1790 exercitum
3293 1750 3512 1802 congre-

165 1824 348 1877 titur.
381 1825 494 1878 Rex
526 1827 741 1890 autem,
775 1824 832 1878 in
860 1825 968 1878 hac
990 1827 1169 1878 estate
1207 1827 1264 1878 et
1297 1822 1561 1894 proxima
1587 1821 1776 1874 hieme

1906 1845 2027 1896 gare
2053 1835 2164 1881 1278.
2199 1826 2382 1881 Multo
2409 1828 2592 1881 melius
2635 1833 2709 1881 est
2761 1843 2852 1879 nos
2909 1827 3004 1878 hoc
3043 1825 3197 1880 modo
3239 1824 3512 1894 pariente:-

163 1913 422 1968 consilio
440 1916 497 1968 et
513 1912 739 1980 virtute,
755 1913 1067 1986 paciﬁcatis
1087 1913 1369 1978 hostibus,
1389 1911 1801 1967 contumeliam
1822 1907 1872 1965 B
1903 1918 2063 1986 ferre,
2096 1924 2146 1970 et
2174 1917 2332 1983 alias,
2364 1917 2414 1970 si
2427 1919 2596 1986 possit
2617 1917 2754 1984 ﬁeri,
2784 1916 2980 1986 absque
3012 1929 3206 1981 magno
3227 1913 3396 1965 nostri
3419 1910 3512 1964 de-

166 2008 233 2057 et
268 2002 596 2073 dampnum
630 2019 662 2056 a
693 2002 968 2057 Bolizlavo
985 2002 1088 2056 sibi
1111 2003 1330 2056 illatum
1345 2002 1545 2056 crebra
1562 2001 1805 2056 medita-
1906 2007 2150 2060 trimento
2179 2006 2279 2058 hiis
2308 1988 2732 2076 superbientibus
2761 2020 2944 2057 nocere
2977 2010 3090 2055 1m.
3122 2000 3212 2055 Sic
3257 1998 3512 2053 insolens

167 2092 344 2145 tione
389 2091 626 2146 revolvit
691 2099 784 2132 ηδτ
839 2095 895 2144 et
944 2095 1072 2162 post
1111 2092 1324 2144 Pascha
1370 2089 1804 2161 expedicionem
1905 2094 2151 2148 militum
2181 2094 2408 2148 animus
2438 2094 2689 2160 sedatur,
2735 2096 2793 2146 et
2845 2091 2902 2145 in
2962 2091 3071 2144 hoc
3115 2087 3322 2142 itinere
3355 2086 3514 2140 nulla

164 2195 348 2232 suam
377 2179 558 2232 atroci
581 2178 956 2249 jussione1m
989 2178 1218 2233 indixit.
1906 2183 2163 2253 ejusdem
2197 2183 2459 2237 voluntas
2485 2181 2545 2237 in
2569 2181 2777 2237 nostris
2791 2175 3508 2234 adversitatibussaciatur.

253 2269 344 2324 38.
377 2267 463 2321 Fit
507 2269 820 2320 conventus
851 2267 909 2321 in
953 2266 1215 2337 Belegori
1261 2265 1376 2338 (an.
1441 2266 1620 2336 1010),
1655 2266 1807 2337 quod
1907 2270 2174 2334 Quamvis
2212 2272 2415 2326 crebra
2455 2269 2731 2325 imbrium
2780 2266 3160 2323 inundatione
3201 2273 3296 2308 1277
3327 2263 3512 2320 nostri

169 2356 426 2426 pulcher
446 2354 509 2425 (f.
545 2356 683 2424 122')
715 2372 884 2410 mons
917 2356 1315 2426 dicitur(758),
1335 2357 1394 2410 in
1425 2356 1662 2410 Geronis
1682 2368 1808 2426 pre”
1906 2359 2296 2424 tardarentur,
2315 2361 2637 2414 tamenlate
2661 2355 3213 2429 magnumhostibus
3228 2354 3512 2410 damnum

170 2445 277 2499 dio
307 2443 681 2498 marchionis.
706 2445 862 2498 Tunc
896 2444 1257 2498 Bernhardus
1290 2445 1398 2498 dux
1437 2447 1494 2498 et
1522 2444 1807 2498 Walther—

170 2533 288 2587 dus
321 2532 647 2604 prepositus
671 2532 859 2604 gratia
885 2533 1229 2588 Bolizlavum
1259 2532 1636 2588 convertendi
1673 2549 1802 2604 pre-

169 2624 500 2687 cesserunt,
525 2637 588 2676 ac
619 2621 699 2676 nil
723 2621 799 2675 ibi
827 2622 981 2693 quod
1008 2621 1111 2675 sibi
1137 2623 1392 2692 placeret
1424 2621 1799 2687 invenientes,

168 2708 397 2764 reversi
418 2712 570 2764 sunt.
589 2709 754 2763 Venit
769 2709 950 2764 etiam
971 2711 1081 2764 huc
1094 2711 1412 2776 Jarimirus,
1431 2710 1799 2766 Boemiorum

169 2799 294 2853 dux
326 2798 558 2852 inclitus
589 2802 646 2853 et
671 2798 794 2868 regi
829 2807 1042 2871 perm59
1075 2799 1272 2853 omnia
1303 2799 1486 2854 ﬁdelis
1531 2800 1643 2852 Nec
1674 2815 1801 2871 pre-

176 2887 364 2942 terire
395 2901 651 2956 possum,
685 2886 839 2957 quod
876 2885 1203 2940 miserabile
1235 2887 1409 2940 nimis
1435 2887 1692 2956 predicto
1710 2903 1801 2941 co-

177 2975 315 3030 miti
339 2975 555 3029 ibidem
583 2974 806 3032 aceidit.
833 2975 943 3028 Nos
963 2992 1057 3029 om
1069 2992 1244 3029 nes—
1263 2992 1367 3030 nec
1389 2976 1642 3048 aliquem
1658 2976 1804 3031 excic

177 3080 324 3136 pere
344 3065 506 3118 valeo
517 3063 700 3117 —vice
715 3062 1036 3118 amicorum
1055 3064 1250 3118 hostes
1263 3063 1393 3128 huic
1408 3065 1803 3130 fuimus,exce-

175 3153 413 3225 plisque
447 3153 745 3207 dumtaxat
766 3152 1088 3224 mancipiis,
1105 3152 1798 3225 omniaconsumpsimus,

171 3247 235 3297 et
251 3241 525 3314 quaedam
557 3241 713 3312 igne.
747 3242 918 3312 Hujus
948 3241 1030 3295 rei
1064 3257 1168 3296 nec
1200 3258 1295 3296 rex
1317 3242 1469 3296 ultor
1488 3259 1586 3296 seu
1608 3243 1801 3298 defen-

173 3348 274 3385 sor
308 3338 404 3372 ητο
434 3329 562 3385 fuit.
594 3330 728 3384 Inde
773 3330 845 3384 ad
896 3330 1077 3384 Luzici
1136 3338 1226 3372 ωτι
1280 3346 1519 3401 pagum,
1563 3330 1620 3385 in
1643 3332 1802 3401 cujus

175 3421 376 3475 fronte
411 3418 547 3473 urbs
575 3419 843 3490 quaedam
881 3418 1076 3473 Jarina
1095 3418 1241 3490 (759)
1263 3421 1395 3482 stat,
1419 3436 1452 3472 a
1474 3419 1696 3474 Gerone
1715 3420 1798 3475 di-

173 3514 272 3564 cta
293 3507 656 3574 marchione,
689 3508 784 3579 qui
802 3525 1047 3580 magnus
1060 3508 1168 3562 fuit
1184 3509 1333 3562 etsic
1359 3509 1802 3580 nuncupabatur

170 3599 346 3667 (760).
381 3595 462 3650 Ibi
503 3600 635 3651 tunc
667 3597 819 3668 capti
863 3600 996 3650 sunt
1023 3597 1134 3652 duo
1166 3598 1474 3652 fratres°ex
1508 3598 1801 3669 provincia

176 3687 477 3741 Hevellum
511 3687 568 3738 et
591 3703 656 3739 ex
682 3686 822 3740 urbe
853 3685 1374 3757 Brandeburgensi,
1407 3688 1504 3758 qui
1531 3687 1605 3741 ad
1625 3687 1801 3742 Boliz—

175 3779 372 3831 lavum
394 3789 567 3828 causa
594 3790 724 3827 eum
750 3777 952 3828 contra
978 3790 1176 3844 regem
1201 3775 1460 3829 vertendi
1492 3779 1794 3843 venerunt,

173 3865 236 3916 et
265 3861 405 3916 inde
439 3861 678 3932 digressi
721 3862 1048 3916 inciderunt
1077 3865 1268 3932 palam
1301 3864 1596 3935 laqueum,
1625 3881 1799 3936 quem

174 3950 402 4004 occulte
434 3949 828 4006 tetenderunt.
851 3951 934 4004 Hii
956 3951 1026 4004 de
1042 3951 1237 4005 multis
1258 3951 1602 4024 interrogati
1619 3957 1804 4021 H72,et

174 4037 322 4091 nihil
349 4037 422 4091 de
449 4037 562 4091 hiis
585 4039 853 4093 omnibus
875 4040 1129 4094 volentes
1150 4039 1431 4110 proﬁteri,
1451 4040 1509 4095 in
1533 4059 1646 4096 uno
1660 4044 1803 4097 colle

171 4127 398 4198 pariter
428 4126 765 4198 susspendio
798 4127 1040 4199 periere.
1090 4128 1499 4184 Inﬁrmabatur
1524 4133 1659 4185 tunc
1689 4131 1803 4186 ibi-

171 4215 308 4270 dem
321 4231 423 4269 rex
439 4217 497 4268 et
510 4214 615 4269 sibi
630 4215 868 4271 dilectus
883 4217 922 4270 Τ
927 4215 1123 4286 agino.
1146 4217 1302 4270 Tunc
1319 4216 1606 4290 principes
1629 4236 1781 4290 augu

1906 2447 2242 2502 intulerunt.
2258 2449 2512 2502 Tandem
2537 2446 2766 2502 vastatis
2783 2445 3052 2500 omnibus
3063 2445 3512 2513 circumquaque

1896 2536 2243 2608 jacentibus.
2276 2536 2494 2591 Boemii
2527 2537 2599 2590 ad
2625 2552 2749 2597 sua,
2774 2533 2958 2589 nostri
2982 2535 3175 2587 autem
3193 2548 3294 2603 per
3312 2528 3512 2585 Milzie-

1904 2643 2008 2680 nos
2037 2626 2182 2680 ﬁnes
2206 2626 2320 2680 laeti
2350 2626 2422 2679 ad
2453 2623 2641 2678 Albim
2665 2623 3034 2688 remeabant;
3064 2619 3352 2692 premissis
3381 2618 3510 2672 ilico

1901 2715 1974 2769 ad
2005 2731 2203 2785 regem
2223 2713 2444 2768 nunciis
2461 2721 2576 2780 1278,
2593 2729 2651 2766 se
2665 2728 2796 2766 cum
2809 2711 2964 2766 bona
2976 2707 3357 2781 prosperitate
3370 2723 3507 2762 ven-

1900 2807 2060 2858 turos
2073 2793 2350 2857 indicant.
2369 2801 2464 2856 Hic
2479 2801 2576 2856 Dei
2591 2800 2778 2872 gratia
2786 2800 2910 2870 jam
2927 2799 3073 2853 bene
3086 2797 3508 2862 convalescens,

1899 2892 2256 2963 legationem
2286 2890 2454 2945 istam
2483 2894 2540 2944 et
2552 2906 2703 2962 pone
2725 2890 3030 2960 sequentes
3055 2883 3508 2941 amicabiliterin

1900 2980 2192 3050 Mersburg
2240 2979 2506 3050 suscepit,
2568 2983 2626 3032 et
2679 2975 3139 3048 archiepiscopus
3177 2972 3396 3044 Tagino
3443 2971 3516 3026 de

1903 3070 2090 3124 Strela
2114 3068 2270 3140 prius
2294 3076 2384 3110 1m
2416 3084 2450 3121 a
2471 3083 2607 3139 rege
2622 3065 2858 3132 divisus,
2873 3063 3510 3119 sanctamThebeorum

1901 3154 2568 3226 sollempnitatem(Sept.
2591 3154 2680 3223 22)
2698 3155 2754 3207 in
2784 3153 3172 3224 Magadaburg
3188 3149 3517 3214 celebravit,

1901 3247 1958 3297 et
1997 3243 2069 3297 ad
2099 3260 2300 3314 regem
2328 3244 2479 3296 hunc
2508 3242 2815 3296 incolumis
2838 3241 3016 3296 venit.

1973 3336 2060 3387 39.
2077 3332 2353 3385 Tractatis
2383 3334 2519 3384 tunc
2537 3328 3070 3401 patriazlaborantis
3083 3327 3514 3383 necessitatibus

1905 3419 2184 3492 plurimis,
2214 3436 2311 3473 rex
2353 3419 2563 3472 iterum
2592 3417 2976 3472 occidentales
3007 3415 3196 3470 invisit
3222 3416 3514 3487 regiones,

1901 3513 1958 3563 et
1985 3509 2320 3579 ﬂuctivagos
2350 3506 2747 3561 habitatorum
2779 3505 3004 3560 animos
3026 3503 3323 3574 sapientia:
3345 3504 3513 3559 freno

1901 3598 2198 3663 edomans,
2230 3597 2419 3650 natale
2447 3593 2889 3649 Dominifestiva
2905 3590 3272 3664 jucunditate
3291 3591 3349 3647 in
3371 3590 3521 3647 Pali-

1899 3687 1979 3742 tbi
2013 3684 2503 3752 celebravit(764).
2521 3685 2674 3737 Tunc
2698 3683 2910 3737 iterum
2935 3681 3043 3736 sibi
3065 3696 3358 3752 percaram
3378 3680 3516 3736 Mer-

1900 3776 2110 3846 seburg
2141 3773 2352 3840 invisit,
2405 3776 2463 3827 et.
2507 3773 2740 3826 ﬁrmata
2770 3771 2850 3826 ibi
2891 3771 2965 3826 ad
3009 3775 3059 3825 5.
3089 3785 3273 3824 annos
3317 3771 3519 3824 mutua

1902 3880 2039 3936 pace
2072 3872 2187 3930 ηπ,
2220 3879 2352 3917 cum
2378 3861 2617 3916 consilio
2649 3876 2966 3931 paucorum
3014 3859 3222 3914 urbem
3286 3857 3518 3912 Liusbu-

1902 3969 2066 4006 suam
2090 3952 2300 4006 dictam
2325 3950 2469 4022 (765)
2490 3949 2758 4006 ediﬁcare
2780 3952 2838 4004 et
2859 3950 3206 4004 conﬁrmare
3229 3945 3511 4018 precepit;

1905 4041 1976 4095 de
1995 4058 2109 4112 qua
2127 4040 2293 4095 multi
2314 4039 2610 4113 predixere
2627 4042 2956 4105 venturum,
2970 4037 3125 4110 quod
3138 4035 3196 4091 in
3211 4036 3320 4090 hoc
3335 4051 3514 4101 anno,

1907 4147 2011 4203 pro
2035 4130 2233 4185 dolor!
2263 4132 2604 4202 agnoscunt,
2640 4147 2756 4184 non
2788 4145 2910 4184 esse
2935 4128 3166 4186 falsum.
3191 4124 3256 4198 (f.
3286 4128 3408 4190 123)
3427 4123 3515 4180 Ad

1907 4220 2056 4273 hanc
2087 4218 2350 4274 venimus
2383 4219 2441 4274 in
2472 4219 2589 4274 ﬁne
2621 4218 2836 4274 mensis
2886 4217 3168 4284 Januarii,
3198 4218 3258 4271 et
3294 4213 3516 4271 ibidem

179 4307 268 4357 sto
287 4305 525 4357 versant
553 4302 611 4357 in
634 4307 867 4374 pectore
893 4304 1030 4376 quid
1054 4305 1293 4360 deberet
1320 4305 1444 4359 ﬁeri
1476 4306 1546 4360 de
1575 4307 1806 4380 incepta
1907 4309 2118 4363 sanctas
2150 4306 2250 4361 Dei
2293 4306 2586 4377 genitricis
2631 4306 3092 4377 puriﬁcationem
3146 4302 3519 4360 veneratione

173 4389 549 4462 expeditione
570 4399 684 4445 im.
707 4392 963 4446 Tandem
989 4393 1064 4458 ab
1080 4392 1187 4446 hiis
1213 4393 1514 4448 inventum
1543 4398 1808 4468 est,quod
1902 4398 2057 4468 justa
2103 4398 2448 4468 peragentes
2487 4397 2593 4466 (an.
2641 4398 2798 4463 1011,
2831 4393 2994 4451 Febr.
3029 4396 3106 4463 2),
3139 4393 3195 4446 in
3223 4396 3287 4446 14-
3314 4391 3515 4446 diebus

174 4497 274 4535 rex
301 4497 436 4535 cum
463 4478 746 4551 episcopis
773 4479 1117 4553 quibusdam
1150 4486 1316 4536 1235et
1336 4483 1645 4538 inﬁrmiori
1659 4488 1806 4541 mul-
1832 4482 1884 4540 D
1908 4502 2050 4558 opus
2074 4483 2388 4556 inpositum
2442 4484 2878 4555 complevimus,
2923 4485 2980 4537 et
3022 4479 3271 4553 presidio
3310 4478 3513 4534 urbem

1492 4641 1727 4698 VARUE
1785 4641 2186 4697 LECTIONES.

241 4746 341 4780 ηδε
372 4735 648 4791 nuetheni
684 4740 730 4790 1.
812 4745 904 4779 im
936 4737 1141 4792 sollicit
1174 4741 1218 4791 l.
1298 4742 1415 4779 "68'
1447 4739 1570 4794 add.
1597 4740 1679 4793 1b.
1759 4748 1851 4781 is“
1885 4738 2049 4795 busin
2078 4742 2125 4793 1.
2159 4737 2392 4793 Budizin
2412 4737 2489 4793 Α.
2513 4737 2576 4794 S.
2659 4746 2750 4781 H65
2783 4739 2857 4790 ita
2884 4735 2963 4790 1b.
2990 4735 3126 4789 Post
3150 4737 3280 4790 adte
3308 4738 3390 4790 1a.
3409 4752 3512 4795 pro

170 4808 546 4880 posteradie.
625 4815 729 4880 “es
752 4808 1015 4862 noccium
1041 4812 1136 4880 1a.
1165 4809 1424 4880 noccium
1465 4811 1540 4863 1b.
1623 4818 1716 4851 m7
1747 4810 2136 4865 reuuoluitia.
2217 4805 2589 4880 Hujussioné
2622 4814 2672 4863 1.
2750 4815 2843 4848 ηοο
2873 4821 2978 4880 pro
3001 4809 3079 4880 1.-
3130 4814 3224 4847 “7°
3246 4805 3509 4880 necalius

170 4826 406 4880 poscere
431 4826 546 4862 (ne.
625 4826 719 4849 που
752 4826 1015 4862 noccium
1053 4826 1134 4862 1α.
1165 4826 1424 4862 noecium
1465 4826 1540 4863 ιο.
1623 4826 1714 4851 1m
1747 4826 2136 4865 reuuouuua.
2217 4826 2311 4850 Im
2363 4826 2589 4864 ussione
2622 4826 2672 4863 1.
2750 4826 2843 4848 ιιυν
2873 4826 2978 4876 pro
3001 4826 3051 4858 1.
3130 4826 3224 4847 mu
3246 4826 3350 4858 nec
3368 4826 3509 4863 auus

169 4879 302 4951 quis
331 4878 598 4956 redditur
624 4878 750 4956 add.
780 4882 830 4934 2.
912 4887 1002 4956 tm
1037 4879 1188 4956 lu_ziti
1210 4880 1317 4956 ‘?.1_.
1399 4887 1491 4956 3m
1522 4882 1829 4956 interogati
1873 4885 1957 4956 1_._
2006 4889 2117 4956 “7°_
2141 4826 2534 4956 exAsperiitio‘ne
2578 4884 2663 4956 1a_.
2699 4884 2838 4956 ut!“
2868 4875 2994 4956 add.
3190 4879 3510 4956 Hﬂ‘etpos

169 4945 455 5023 appetere
480 4949 589 5002 add
640 4953 689 5003 2.
768 4957 864 5023 me
896 4953 951 5003 et
985 4953 1210 5004 nostras
1238 4949 1478 5020 injurias
1520 4945 1807 5007 vindicare
1848 4952 1974 5008 add.
2009 4957 2040 5006 2
2080 4953 2152 5007 Α.
2179 4945 2256 5007 δῖ
2324 4959 2417 4994 ηπ
2451 4948 2851 5006 imundatione
2887 4951 2935 5001 1.
3018 4953 3112 4987 ητα
3142 4945 3448 5003 veredariis
3476 4953 3512 5006 2

169 5021 259 5076 Αζ
282 5021 348 5075 S.
432 5027 526 5061 ηπ
557 5036 694 5091 pace
726 5021 864 5092 quod
883 5028 1004 5092 post
1033 5037 1349 5092 paucorum
1387 5027 1469 5078 1α.
1494 5025 1773 5095 scripserat
1801 5024 1884 5078 hic
1906 5026 2084 5097 posuit
2123 5024 2204 5079 1b.

1730 5171 1957 5228 NOTAE.

1991 5271 2120 5338 761)
2155 5267 2668 5325 Paderburnensis.

1994 5334 2117 5404 762}
2144 5340 2362 5395 Dicitur
2393 5339 2567 5393 etiam
2597 5353 2785 5410 pagus
2810 5334 3070 5410 Silensis,
3098 5337 3195 5410 qui
3221 5337 3356 5393 situs
3383 5339 3508 5394 erat

1894 5408 2047 5464 circa
2079 5410 2369 5465 civitatem
2401 5408 2720 5467 Nimntsch.
2757 5409 2921 5466 Conf.
2957 5408 3172 5467 infra'l.
3206 5425 3304 5466 vn.

1968 5427 2047 5464 'ca
2079 5426 2369 5465 civnatem
2401 5426 2529 5463 rum
2576 5426 2720 5463 Lscn.
2757 5426 2921 5466 110111.
2957 5426 3112 5466 mira

1968 5480 2113 5551 (763)
2142 5481 2306 5535 Conf.
2334 5483 2485 5534 Ann.
2519 5426 2851 5551 guedlian
2885 5497 2938 5538 a.
2971 5483 3126 5537 1010.

1961 5549 2110 5617 (764)
2140 5552 2253 5606 Hoc
2280 5567 2396 5606 non
2431 5551 2638 5606 Palitbi
2669 5549 2771 5606 sed
2819 5551 3248 5612 Frankenvurdi
3277 5551 3493 5608 factum

1891 5638 2031 5678 esse.
2058 5622 2266 5678 Annal.
2303 5622 2552 5678 Hildesh.
2578 5622 2795 5680 dicunt.
3284 5659 3287 5662 -

1981 5698 2105 5761 765)
2128 5694 2194 5750 V.
2220 5708 2392 5770 supra
2415 5693 2514 5752 lib.
2547 5711 2588 5765 1,
2620 5711 2746 5768 cap.
2782 5700 2834 5753 9.

245 5267 401 5338 (757)
433 5267 706 5338 Bautzen.

269 5336 398 5405 758)
432 5337 698 5409 Belgern,
725 5338 890 5409 juxta
919 5337 1106 5393 Albim
1145 5336 1397 5409 ﬂuvium.

243 5410 400 5481 (759)
432 5407 698 5481 Geelireu,
729 5407 858 5481 villa
880 5409 1252 5480 parrochialis
1281 5408 1341 5463 in
1363 5407 1633 5481 extremis
1664 5408 1795 5463 ﬁni-

173 5478 280 5554 bus
328 5478 528 5554 circuli
583 5478 942 5554 Lueaviensis
1008 5481 1298 5554 ipsiusque
1361 5478 1791 5535 marchionatus

174 5551 474 5609 inferioris
506 5550 767 5606 Lusatiaz.
797 5552 922 5606 Uas.

240 5627 392 5693 (760)
425 5621 667 5694 Magnus
687 5622 845 5677 audit
871 5623 1046 5694 etiam
1079 5623 1231 5694 apud
1254 5620 1666 5678 Widukindum
1697 5623 1787 5689 Ill,

175 5691 326 5752 54‘et
357 5691 419 5750 in
454 5691 604 5747 Ann.
638 5691 964 5759 Quedlinb.,
997 5710 1052 5761 a,
1098 5691 1253 5749 1⁷013.
