3900 6216
189 455 333 513 1341

1452 457 1870 516 CHRONICON.
1909 489 1982 503 —
2017 459 2150 517 LIB.
2189 461 2277 517 Vl.

3375 467 3404 520 'l
3417 466 3520 522 3&2

188 583 400 654 agnita
433 588 562 649 1m,-
583 586 634 638 οε
652 582 984 656 presencium
1009 579 1210 653 (M25)
1227 587 1451 638 mentem
1471 597 1614 638 nunc
1628 583 1815 654 sz'ngu-
1839 576 1898 640 Δ
1919 597 2059 656 pere
2111 584 2407 656 carpebat,
2464 581 2621 642 bona
2671 599 2916 657 quasque
2970 581 3230 640 laudans.
3262 581 3387 640 Non
3413 583 3523 642 fait

189 670 546 727 lariter-scire
563 672 821 727 desidero.
854 674 900 727 A
921 670 1127 744 quibus
1144 672 1252 728 hoc
1275 688 1454 726 unum
1474 671 1704 744 percepi
1723 688 1813 726 re-

184 776 490 832 sponsum
519 778 532 816 :
559 760 897 816 Walterdum
921 761 1137 816 nobisin
1164 761 1438 816 dominum
1455 768 1504 814 et
1522 761 1814 816 archican-

183 851 382 904 stz'tem
398 850 663 922 eligimus.
697 850 795 904 Hic
833 853 968 905 tunc
1001 849 1378 916 conﬁrmatis,
1421 851 1515 905 ille
1546 849 1808 916 surrexit,

183 942 258 992 et
298 955 500 994 coram
531 941 852 1010 prostratus
883 939 1107 994 veniam
1143 938 1326 1010 petiit,
1356 937 1608 993 divinam
1632 939 1812 993 inter-

181 1028 431 1099 pellans
457 1027 756 1099 pietatem,
787 1031 847 1082 ut
873 1028 996 1083 hac
1033 1028 1198 1082 nobis
1224 1027 1494 1082 omnibus
1528 1027 1808 1082 retribue-

181 1133 266 1171 re
297 1116 660 1188 dignaretur,
681 1119 740 1170 et
761 1134 794 1171 a
821 1134 923 1171 sua
935 1119 1100 1188 parte
1122 1117 1277 1171 bona
1297 1115 1562 1187 promisit
1588 1115 1807 1170 omnia.

180 1204 361 1259 Tunc
391 1220 499 1275 ego
521 1220 616 1258 me
639 1203 923 1259 inclinans
953 1205 1150 1276 rogavi
1183 1221 1315 1259 eum
1345 1221 1446 1276 per
1467 1220 1683 1260 nomen
1706 1205 1812 1259 Do-

187 1292 353 1349 mini
385 1296 445 1346 et
467 1308 569 1364 per
595 1309 744 1348 verte
780 1285 1157 1348 fraternitatis
1187 1309 1471 1358 amorem,
1510 1296 1572 1348 ut
1621 1292 1812 1348 (eccle-

184 1381 300 1435 siae
337 1379 581 1435 meimet
610 1380 925 1436 admodum
956 1381 1286 1452 despoliatus
1317 1381 1678 1453 parrochiam
1707 1380 1813 1435 sibi

178 1469 354 1540 juste
391 1468 783 1540 pertinentem
805 1470 848 1525 si
878 1471 950 1525 ad
981 1473 1134 1526 hunc
1163 1471 1488 1542 perveniret
1504 1472 1809 1540 honorem,

187 1557 530 1624 restituere,
553 1560 613 1612 at
631 1557 736 1613 sibi
754 1559 904 1614 hanc
938 1576 1068 1614 cum
1093 1559 1214 1614 aliis
1236 1560 1406 1614 rebus
1436 1559 1569 1614 inde
1599 1559 1813 1613 abstra-

186 1645 308 1700 ctis
331 1645 599 1702 voluisset
614 1647 990 1702 sacramentis
1015 1647 1270 1702 ﬁrmare.
1299 1646 1414 1702 Hoc
1445 1647 1585 1702 mihi
1609 1647 1664 1700 in
1691 1663 1817 1717 pre-

186 1733 392 1789 sentia
421 1734 683 1789 omnium
716 1734 960 1789 ﬁrmiter
986 1734 1270 1805 promisit.
1307 1735 1543 1789 Interim
1575 1735 1816 1788 lassatus

190 1823 511 1879 abitinere
569 1826 762 1896 presul
797 1824 1028 1880 Hericus
1078 1823 1371 1890 dormivit,
1415 1826 1473 1877 et
1517 1822 1816 1894 episcopus

191 1911 369 1984 Wigo
404 1911 658 1978 veniens,
712 1913 1057 1968 electionem
1099 1916 1357 1968 nostram
1415 1910 1810 1967 consolidavit.

1916 672 2071 744 apud
2103 673 2416 728 modernos
2447 674 2592 728 ullus
2611 674 2826 745 pastor,
2859 672 2956 745 qui
2986 672 3371 730 confretribus
3408 672 3520 728 suis

1915 759 2255 816 familiarior
2275 765 2444 820 esset.
2479 763 2592 817 Hos
2621 761 2836 818 amavit
2866 765 3039 834 atque
3067 779 3265 819 coram
3294 761 3520 836 populis

1911 850 2164 906 laudavit
2194 859 2284 893 ίθοί
2345 854 2406 906 In
2438 851 2628 923 primo
2655 851 3038 906 ordinationis
3058 868 3174 906 sua
3191 868 3348 908 anno
3369 854 3520 906 tem-

1912 937 2076 1008 plum
2110 938 2359 993 Domino
2393 938 2662 992 editicare
2679 938 2848 1010 cepit.
2884 938 3219 994 Presbiteris
3246 942 3302 994 et
3333 938 3522 996 diaco-

1911 1026 2081 1081 nibus
2105 1027 2374 1083 vestitum
2392 1027 2602 1082 suimet
2623 1031 2654 1082 8
2676 1026 2845 1093 siclis,
2861 1027 3302 1084 subdiaconibus
3321 1031 3517 1085 autem

1911 1117 1970 1170 et
1998 1116 2315 1172 infantibus
2338 1117 2489 1186 (770)
2520 1119 2555 1172 4
2584 1115 2838 1178 adauxit.
2883 1116 2997 1170 Nisi
3028 1117 3333 1172 infirmitas
3362 1118 3517 1174 obsi-

1912 1209 2108 1272 steret,
2142 1205 2302 1260 omni
2356 1205 2448 1260 die
2478 1205 2710 1260 missam
2743 1208 2803 1260 et
2831 1207 3166 1276 psalterium
3220 1207 3515 1275 cantavit;

1912 1297 1971 1348 et
2000 1293 2225 1365 quiajej
2238 1310 2416 1349 unare
2445 1294 2519 1349 ob
2545 1293 2949 1349 lassitudinem
2980 1311 3100 1348 non
3143 1295 3352 1366 potuit,
3397 1297 3514 1350 ela-

1913 1381 2272 1436 mosinarum
2305 1381 2676 1436 multitudine
2701 1381 2968 1437 redemit.
3027 1384 3090 1436 In
3111 1381 3317 1454 vigiliis
3344 1399 3519 1454 supra

1914 1469 2155 1524 modum
2191 1469 2437 1535 laborat,
2472 1473 2531 1525 et
2552 1470 2686 1541 quia
2715 1486 2922 1541 parum
2957 1470 3517 1539 manducaretf.l26)

1915 1558 1988 1613 ob
2047 1557 2454 1614 infirmitatem
2495 1559 2756 1614 dentium
2817 1559 3029 1630 potuit,
3072 1562 3213 1630 potu
3259 1559 3521 1631 quamvis

1914 1646 2194 1702 mediocri
2220 1647 2388 1700 facile
2418 1647 2683 1702 saciatur.
2734 1647 2961 1702 Nobiles
2991 1663 3205 1718 genere
3261 1650 3319 1701 et
3350 1647 3522 1702 mori-

1915 1736 2021 1790 bus
2048 1734 2282 1801 amavit,
2313 1735 2597 1806 ignobiles
2633 1738 2829 1790 autem
2862 1751 2981 1790 non
3021 1735 3389 1808 contempsit,
3421 1736 3521 1792 sed

1917 1823 1975 1878 in
2003 1841 2106 1878 sua
2134 1823 2527 1878 familiaritate
2555 1840 2671 1878 non
2708 1832 2802 1866 1³0³
2836 1824 3054 1880 habuit.
3071 1824 3329 1880 Cultores
3360 1825 3521 1880 Chri-

1915 1913 1984 1967 sti
2009 1912 2227 1979 dilexit,
2261 1915 2694 1984 contemptores
2719 1916 2914 1968 autem
2950 1913 3071 1983 ejus
3117 1914 3274 1983 justo
3326 1930 3523 1986 perse-

189 2000 445 2055 Mittitur
495 2018 532 2056 a
555 2001 724 2056 nobis
756 2002 1177 2057 omnibustunc
1203 2004 1392 2056 custos
1420 2000 1689 2056 aacclesire
1706 2001 1812 2054 Re-
1840 1993 1890 2052 Β
1915 2001 2110 2074 quitur
2139 2001 2294 2056 odio.
2335 2001 2542 2056 Omnia
2570 2000 2678 2054 sibi
2709 2001 2980 2055 divinitus
3015 2001 3325 2056 commissa
3353 2017 3524 2057 exco-

193 2087 416 2162 dingus
458 2097 550 2131 tm
605 2090 679 2144 ad
711 2107 936 2162 regem,
963 2095 1024 2145 ut
1054 2107 1283 2145 memor
1313 2089 1548 2144 Domini
1575 2092 1633 2142 et
1663 2089 1810 2143 anti-

193 2194 336 2250 quae
368 2177 784 2250 promissionis,
819 2180 863 2234 si
895 2196 1172 2252 umquam
1204 2178 1282 2233 sic
1311 2178 1626 2245 accidisset,
1641 2177 1812 2232 fami-

191 2267 346 2321 liam
376 2267 558 2322 sancti
589 2268 844 2324 Mauricii
883 2268 1149 2324 orbatam
1182 2272 1241 2322 ct
1259 2267 1432 2322 nimis
1448 2267 1672 2322 tristem
1693 2269 1814 2320 tan-

196 2359 258 2409 to
294 2359 462 2426 patre
491 2356 776 2410 consolari
801 2356 1092 2412 voluisset.

271 2445 365 2499 43.
388 2443 604 2498 Sonata
629 2444 754 2514 jam
774 2444 965 2516 prima
989 2446 1180 2500 Ericus
1216 2446 1452 2500 antistes
1472 2445 1725 2516 evigilat,
1757 2447 1815 2499 et

195 2531 446 2586 missam
465 2548 569 2604 pro
595 2532 882 2588 defunctis
914 2533 1186 2589 cantavit.
1239 2536 1374 2590 Post
1408 2532 1813 2606 euvangelium

196 2622 428 2684 autem,
455 2619 528 2674 ad
550 2619 691 2692 quid
716 2629 810 2663 ηαδ
835 2637 934 2676 rex
953 2638 1084 2677 eum
1102 2623 1211 2676 huc
1240 2621 1515 2689 mitteret,
1533 2621 1813 2694 presenti-

205 2708 322 2763 bus
359 2707 633 2775 innotuit,
662 2710 722 2762 et
749 2709 1020 2765 defuncto
1065 2711 1471 2782 archipresule,
1503 2709 1816 2765 absolutio-

207 2812 355 2851 nem
371 2795 672 2851 nobiscum
690 2796 846 2862 fecit,
861 2801 919 2853 et
939 2799 1012 2852 ab
1034 2798 1303 2854 omnibus
1327 2799 1448 2852 fieri
1485 2797 1811 2870 postulavit.

203 2883 407 2940 Tertia
420 2883 577 2939 enim
611 2888 747 2940 tunc
779 2885 898 2940 dies
913 2890 1058 2955 erat,
1093 2904 1206 2958 qua
1236 2886 1499 2942 sacerdos
1529 2886 1816 2958 predictus

216 2971 469 3039 obierat,
501 2990 628 3044 quae
644 2989 772 3029 cum
788 2974 1033 3046 septima
1053 2979 1224 3047 atque
1246 2975 1534 3030 tricesima
1554 2975 1613 3030 in
1627 2974 1816 3029 unius-

205 3061 494 3133 cujusque
517 3061 698 3116 fidelis
715 3071 804 3104 ὀϐ’
825 3063 977 3118 exitu
1017 3067 1102 3119 est
1119 3063 1460 3119 memoriter
1509 3063 1584 3118 ob
1624 3063 1814 3118 miste-

203 3150 366 3205 rium
400 3149 459 3204 in
484 3167 544 3205 se
575 3151 880 3208 continens
908 3152 1275 3220 celebranda,
1303 3153 1361 3208 id
1391 3156 1475 3207 est
1515 3152 1591 3208 ob
1636 3153 1812 3207 fidem

203 3243 428 3294 sanctae
473 3239 748 3294 trinitatis
777 3242 835 3295 et
863 3241 1261 3313 septiformem
1311 3241 1598 3312 spiritum.
1643 3245 1722 3298 Ac
1747 3241 1809 3312 (f.

201 3325 584 3428 125’)‘d‘ebinc
623 3343 830 3427 corpus
878 3329 1246 3384 benedictum
1278 3347 1459 3428 usque
1495 3329 1570 3384 ad
1621 3331 1809 3428 locum
1837 3369 1884 3428 ο

203 3415 502 3488 sepulchri
522 3417 780 3472 carmine
802 3420 860 3472 et
881 3419 1116 3488 planctu
1134 3427 1227 3460 1397
1253 3418 1531 3484 defertur,
1562 3434 1626 3472 ac
1658 3417 1807 3490 posi-

203 3508 336 3559 tum
371 3507 458 3559 est
496 3504 840 3560 occidentali
872 3510 1033 3578 parte
1062 3506 1120 3560 in
1152 3507 1328 3562 choro
1370 3509 1506 3562 ante
1535 3506 1806 3578 criptam,

200 3609 386 3665 quam
404 3592 523 3665 ipse
545 3593 679 3649 fecit
695 3597 754 3650 et
773 3595 1148 3662 consecravit,
1181 3599 1239 3650 et
1261 3596 1322 3651 in
1355 3612 1470 3667 qua
1493 3612 1574 3661 se,
1606 3611 1808 3666 quam-

205 3681 306 3735 diu
336 3680 492 3748 vixit,
543 3698 742 3737 coram
789 3683 957 3737 altari
988 3683 1211 3754 rogavit
1240 3684 1495 3755 sepeliri;
1525 3683 1619 3739 ubi
1653 3684 1806 3740 idem

198 3769 592 3825 lacrimabiles
605 3787 742 3842 sepe
763 3770 964 3826 effudit
984 3771 1294 3827 oration-es.
1321 3773 1434 3828 Sed
1448 3773 1808 3828 Waltherdus

200 3858 406 3913 locum
420 3858 596 3921 hunc,
620 3858 677 3914 in
702 3876 816 3931 quo
843 3876 998 3914 nunc
1014 3864 1235 3931 pausat,
1269 3861 1403 3933 quia
1432 3878 1549 3918 non
1572 3870 1665 3904 1m
1685 3865 1810 3917 erat

203 3946 525 4010 dedicatus,
541 3947 752 4003 anime:
771 3950 1059 4004 salubrem
1073 3952 1130 4004 et
1145 3949 1570 4006 introeuntibus
1591 3952 1810 4006 cunctis

203 4034 655 4104 conspicabilem
695 4036 904 4092 dilecto
936 4037 1148 4093 suimet
1166 4038 1381 4094 seniori
1398 4039 1664 4109 providit.
1697 4039 1811 4095 Sed

200 4122 338 4194 quia
361 4123 514 4177 beati
542 4139 746 4179 omnes
765 4123 1070 4180 virtutibus
1087 4126 1201 4180 suis
1221 4143 1351 4180 cum
1377 4135 1470 4168 ηπ
1489 4125 1712 4181 Christo
1731 4127 1805 4181 vi-

202 4214 366 4278 vunt,
395 4214 455 4265 et
479 4211 536 4264 in
563 4212 674 4266 hoc
697 4213 886 4267 seculo
915 4212 1159 4284 scriptis,
1184 4231 1302 4268 non
1324 4217 1411 4268 est
1429 4215 1651 4270 bonum
1668 4218 1813 4286 tanti

200 4299 383 4372 patris
411 4299 671 4355 inclitam
703 4301 1209 4358 conversacionem
1221 4301 1448 4358 silentio
1471 4306 1690 4375 tegere,
1712 4303 1812 4358 sed

200 4387 460 4444 veritatis
488 4389 613 4444 luce
636 4388 906 4446 omnibus
923 4389 1195 4461 proficuis
1221 4390 1812 4457 innotescere,-—-erat

197 4478 296 4554 hic
314 4476 506 4548 justus
537 4481 595 4534 et
625 4477 932 4533 timoratus
950 4495 1015 4533 ac
1049 4477 1215 4534 mirae
1235 4478 1510 4546 caritatis,
1537 4481 1736 4552 largus
1755 4484 1812 4536 et

200 4564 408 4634 fidelis,
440 4568 625 4620 castus
650 4581 715 4621 ac
744 4565 920 4632 mitis,
938 4566 1192 4638 prudens
1214 4569 1272 4621 et
1295 4567 1531 4632 stabilis,
1569 4568 1808 4624 canoni-

198 4671 297 4709 cus
320 4661 418 4696 ίδοο
447 4653 670 4719 habitu,
701 4652 803 4710 sed
835 4655 1156 4710 monachus
1178 4654 1238 4710 in
1290 4654 1454 4710 omni
1501 4671 1809 4711 conversa-

1912 2090 2020 2144 luit
2059 2089 2116 2143 et
2147 2089 2354 2144 lucrari
2394 2088 2708 2144 contendit.
2754 2091 3080 2161 Antequam
3131 2089 3389 2145 divinum
3419 2106 3527 2162 pe-

1911 2180 2145 2249 rageret
2176 2177 2498 2232 misterium
2532 2186 2649 2244 1³0³,
2683 2194 2910 2233 severus
2937 2177 3079 2245 fuit;
3127 2181 3186 2232 et
3222 2182 3354 2249 post
3396 2192 3522 2234 om-

1914 2267 2081 2322 nibus
2109 2266 2308 2322 hilaris
2337 2266 2548 2334 arrisit,
2580 2271 2640 2323 et
2663 2283 2904 2339 persepe
2926 2283 3057 2320 cum
3079 2265 3194 2323 suis
3224 2265 3518 2323 kirielison

1913 2357 2182 2412 cantavit.
2214 2357 2446 2428 Nequeo
2477 2372 2541 2410 ex
2591 2359 2756 2426 parte
2796 2373 2928 2411 mea
2960 2372 3292 2422 numerare,
3331 2372 3523 2428 quan-

1914 2447 2038 2499 tum
2071 2443 2300 2516 pietatis
2332 2460 2542 2498 munus
2599 2443 2742 2498 mihi
2795 2444 3034 2515 indigno
3083 2443 3390 2500 studuisset
3412 2443 3520 2500 im-

1915 2533 2204 2606 pendere;
2239 2533 2349 2588 boc
2373 2534 2600 2586 tantum
2630 2532 2768 2599 scio,
2802 2533 2959 2604 quod
2989 2549 3310 2603 numquam
3334 2532 3518 2587 illidi-

1914 2637 2034 2692 gna
2061 2619 2532 2676 remuneratione
2564 2621 2631 2675 de
2647 2620 2754 2675 hiis
2770 2619 3065 2691 respondi.
3089 2620 3518 2683 Obedientiam,

1916 2726 2092 2781 quam
2111 2726 2178 2766 eo
2194 2718 2286 2752 ιεοι
2307 2709 2534 2781 suisque
2545 2707 2965 2764 successoribus
2987 2709 3046 2764 in
3083 2709 3519 2765 examinaeione

1914 2797 2178 2869 promisi,
2212 2797 2456 2852 minime
2481 2796 2814 2868 adimplevi.
2842 2797 3187 2867 Harnaburg
3207 2800 3266 2852 et
3289 2797 3518 2854 Frasam

1916 2902 1982 2940 ac
2016 2887 2232 2942 Pretini
2249 2889 2402 2957 (771)
2424 2887 2593 2942 urbes
2614 2903 2746 2942 cum
2763 2887 2922 2941 curte
2944 2901 3078 2952 una,
3105 2901 3234 2958 qua:
3257 2885 3521 2943 Eseconis

1916 2973 2024 3028 fuit
2041 2973 2288 3041 comitis,
2315 2991 2433 3030 suae
2455 2974 2752 3046 acquisivit
2771 2973 3047 3030 aecclesiae
3067 2975 3240 3045 (772).
3262 2976 3524 3047 Appara-

1913 3065 2040 3118 tum
2052 3062 2438 3134 episcOpalem
2466 3063 2602 3117 satis
2625 3063 2888 3134 egrejum
2924 3066 2982 3118 et
3007 3063 3351 3118 affluentem
3383 3078 3520 3118 con-

1914 3151 2233 3222 gregavit.8
2245 3153 2497 3206 annoset
2511 3167 2737 3206 menses
2758 3155 2791 3206 4
2805 3153 2862 3204 et
2874 3153 2905 3205 8
2919 3150 3040 3206 dies
3053 3152 3325 3208 columna
3341 3153 3520 3208 eccle-

1912 3237 2008 3293 siae
2021 3238 2582 3306 sedebat,cadens,ut
2593 3238 3266 3310 predixi,presentialiter
3283 3257 3298 3307 ;
3316 3240 3419 3297 sed
3429 3240 3515 3296 in-

1910 3327 2110 3382 visibili
2138 3328 2355 3398 templo
2384 3326 2615 3382 Domini
2647 3328 2928 3382 translata
2949 3331 3148 3382 manet
3165 3329 3517 3399 perpetuali-

1911 3417 2018 3470 ter.
2037 3414 2252 3470 Eodem
2269 3413 2361 3469 die
2375 3415 2694 3484 Vungerus,
2739 3413 3145 3470 Posnaniensis
3165 3415 3392 3472 cenobii
3411 3433 3522 3488 pa-

1909 3507 2050 3572 stor,
2068 3504 2446 3559 consacerdos
2475 3519 2606 3558 suus
2629 3506 2688 3556 et
2707 3502 3130 3574 sutfraganeus,
3172 3507 3241 3560 30
3284 3504 3522 3561 ordina-

1911 3591 2080 3648 tionis
2097 3609 2210 3648 sua:
2229 3600 2324 3634 1³0⁸
2343 3608 2498 3646 anno
2521 3591 2684 3647 obiit.
2711 3592 2872 3645 Nunc
2894 3592 3018 3646 haec
3043 3590 3195 3646 dicta
3216 3591 3518 3656 sufﬁtiant,

1907 3685 1968 3738 et
2015 3682 2086 3738 de
2117 3699 2230 3754 quo
2265 3680 2410 3735 mihi
2449 3696 2602 3736 nunc
2636 3696 2831 3735 sermo
2867 3684 2974 3747 est,
3008 3680 3259 3751 amplius
3293 3681 3519 3754 loquar.

1980 3774 2070 3828 44.
2095 3770 2385 3842 Redingus
2407 3769 2481 3825 ad
2497 3786 2698 3842 regem
2717 3769 2974 3836 veniens,
2990 3767 3520 3840 legationemsuem

1908 3859 2240 3930 suppliciter
2279 3860 2538 3929 profert;
2571 3862 2630 3914 et
2659 3856 2921 3931 quamvis
2957 3857 3156 3924 ardua,
3187 3861 3384 3914 tamen
3415 3859 3520 3918 de-

1906 3947 2162 4003 siderata
2187 3948 2252 4020 (f.
2289 3951 2429 4015 £26,)
2457 3947 2798 4021 impetrans,
2821 3963 2926 4020 per
2942 3946 3520 4004 internuntiumWal-

1911 4038 2164 4100 terdum,
2214 4037 2276 4091 in
2327 4036 2583 4109 exequiis
2633 4035 2825 4092 dilecti
2879 4034 3121 4091 senioris
3173 4034 3517 4104 studiosum,

1914 4125 2092 4180 etiam
2118 4129 2186 4181 20
2213 4126 2431 4180 talenta
2456 4124 2684 4196 argenti
2701 4124 3024 4192 Thiedrico,
3051 4124 3255 4197 nepoti
3282 4140 3439 4194 meo,
3460 4125 3518 4182 in

1916 4211 2297 4267 elemosinam
2346 4216 2584 4285 excepto
2636 4213 2786 4268 victu
2817 4213 3187 4286 largientem,
3245 4217 3432 4272 vocet.
3477 4215 3520 4270 Ε

1916 4301 2231 4372 egojussus
2260 4300 2455 4356 venire
2483 4301 2890 4372 proﬁciscebar
2919 4319 3051 4358 cum
3079 4319 3170 4369 eo,
3203 4318 3268 4359 ac
3315 4302 3375 4366 in
3390 4303 3524 4360 sub-

1915 4390 2049 4445 bato
2076 4388 2329 4446 Grouam
2359 4389 2503 4459 (773)
2525 4406 2656 4445 sero
2686 4389 2970 4446 venimus.
3022 4391 3146 4448 Mox
3191 4390 3250 4446 in
3277 4406 3523 4461 presen-

1913 4478 2055 4534 tiam
2099 4477 2249 4548 regis
2281 4476 2602 4544 venientes,
2650 4477 3115 4534 misericorditer
3171 4479 3518 4550 suscipieba-

1912 4583 2064 4633 mur,
2092 4569 2150 4620 et
2169 4581 2352 4638 pauca
2376 4566 2600 4622 locutus
2617 4582 2740 4634 rex,
2771 4582 2881 4622 nos
2928 4565 3002 4620 ad
3056 4565 3380 4637 hospieium
3435 4567 3520 4626 ire

1908 4654 2190 4728 permisit.
2219 4653 2622 4712 Castrametati
2651 4654 2809 4710 enim
2840 4657 2978 4709 tunc
3001 4669 3204 4710 sumus
3231 4658 3394 4716 extra
3420 4672 3521 4712 ur-

195 4741 360 4797 tione
385 4758 506 4796 sua.
536 4740 691 4797 Vicia
715 4741 775 4797 in
807 4741 1022 4799 cunctis
1079 4743 1152 4798 ob
1206 4743 1686 4800 melioracionem
1724 4762 1806 4800 as-
1832 4740 1884 4799 D
1908 4745 2042 4800 bern
2073 4746 2131 4799 et
2153 4742 2319 4814 juxta
2347 4743 2563 4812 lucum,
2591 4743 2691 4800 ubi
2720 4743 2898 4800 modo
2935 4740 3118 4798 sancti
3145 4744 3236 4799 est
3262 4743 3522 4800 Maesia

1523 4883 1750 4939 VARLE
1791 4882 2191 4940 LECTIONES.

268 5015 362 5076 131‘
393 5004 430 5060 i.
479 5009 518 5059 t.
567 5023 620 5059 a.
669 5006 794 5059 add.
840 5007 921 5059 ib.
1002 5013 1096 5046 Im
1144 5005 1452 5076 reedignus
1507 5010 1528 5060 l
1592 5007 1756 5062 altera
1801 5024 1831 5061 e
1876 5024 2048 5064 eraso.
2128 5013 2222 5048 “9‘

2266 5005 2407 5080 quid
2459 5011 2510 5080 i.
2589 5007 2710 5047 ιιοο·
2747 5003 2874 5062 add.
2919 5005 3002 5058 lb.
3046 5011 3176 5080 μυστ
3215 5004 3419 5080 plantu
3456 5013 3505 5066 l.

195 5084 290 5120 Im
311 5069 428 5148 (ian
449 5080 465 5129 t
488 5119 501 5132 .
540 5075 681 5148 quod
708 5075 992 5148 etiamqui
1016 5080 1146 5130 ante
1175 5069 1482 5146 legz’ﬁosset.
1561 5084 1654 5118 im
1682 5093 1812 5133 cum
1839 5087 1934 5132 aut
1957 5083 2081 5133 tum
2115 5082 2164 5133 l.
2245 5069 2339 5119 "'00
2362 5077 2590 5132 canicus
2615 5079 2665 5131 l.
2745 5082 2849 5148 μοι,
2874 5073 3107 5142 amavit,
3140 5069 3511 5148 memoraba-

191 5151 286 5201 tur
310 5144 516 5232 e'orum
539 5144 758 5232 tibique
789 5147 847 5201 in
878 5144 1124 5230 bimum,
1144 5151 1199 5202 et
1224 5144 1706 5232 coscoram‘rege
1732 5154 1788 5204 et
1813 5150 2166 5232 principibus
2195 5153 2253 5204 et
2284 5149 2563 5232 universis
2587 5145 2990 5232 populi-s'intus
3012 5149 3068 5202 et
3091 5144 3336 5202 etﬁeri‘us
3357 5158 3511 5206 sem-

191 5225 296 5290 per
327 5218 582 5273 laudavit
609 5218 684 5275 2.‘
741 5227 834 5260 1³0⁸
859 5233 1068 5275 erasum
1097 5221 1152 5271 in
1180 5226 1224 5273 ι.
1252 5218 1341 5271 sed
1368 5224 1512 5273 extat
1541 5223 1592 5274 2.
1642 5218 1768 5262 Ἶδοδ
1798 5218 2054 5276 ofﬁcium
2080 5225 2133 5278 2.
2211 5228 2306 5262 1W
2333 5220 2385 5274 ei
2418 5220 2530 5275 lc.?
2587 5218 2699 5262 Ἷῑσι
2731 5218 2854 5274 add.
2894 5219 2982 5274 lb.

1751 5358 1972 5415 ΝΟΤᾸΞ.

263 5480 417 5548 (770)
445 5479 855 5537 Chorknaben.

264 5549 422 5624 (771)
453 5551 676 5624 Ριθιίιίη
703 5551 762 5606 in
794 5551 921 5624 ripa
951 5549 1271 5624 aquilonari
1300 5549 1479 5608 Albia;
1506 5550 1809 5609 interWit-

193 5625 474 5696 tenbergL
482 5626 547 5696 et
565 5623 812 5696 Iorgau.

265 5691 519 5766 (Ἰῖῖῖν.
551 5691 867 5766 diplomata
891 5691 1065 5767 regis,
1100 5710 1133 5749 a
1171 5695 1325 5762 1006,
1345 5694 1526 5769 ΑΡΡίῙ·
1555 5703 1616 5768 7i
1645 5699 1802 5764 ίθ¹²²

1905 5483 2129 5624 ⁸8ῗῇξὲ
2146 5522 2384 5609 διόηειιι
2427 5568 2607 5626 prope
2654 5553 2915 5626 ﬂuvium,
2946 5551 3206 5624 Leinam,
3227 5531 3393 5625 juxta
3422 5555 3513 5614 ω-

1908 5623 2696 5706 ρεεδθίξυηιμξει.ωξφξέὺειξιρ
2715 5623 3095 5706 ralitin
3120 5623 3422 5706 rem
3437 5628 3510 5686 ~in

1908 5696 2178 5763 Salonis.
2197 5697 2264 5758 ν.
2282 5695 2827 5764 ΨθὰβιιὲηάῖΝοιὸιιτ
2840 5697 2918 5768 ll,
2933 5713 3080 5773 ipag.
3115 5695 3228 5760 θεῶ
3243 5716 3366 5776 σφι-
