3900 6216
416 448 550 506 8343

1409 447 1779 504 THIETMARI
1807 445 2416 504 MERSEBURGENSIS
2445 449 2754 507 EPISCOPI

3617 457 3753 516 1344

424 575 759 634 Alexandri.
795 572 1059 635 Crastino
1087 578 1195 634 fuit
1217 578 1520 636 Dominica
1549 579 1669 636 dies
1711 583 1768 637 et
1804 573 2091 636 festivi-A
2126 577 2444 651 magnifice
2476 583 2795 653 succeptus,
2841 580 2981 637 duas
3008 578 3083 638 ibi
3135 587 3229 624 m8
3260 581 3498 637 tantum
3555 585 3750 638 noctes
3857 572 3859 620 Ὺ

420 665 511 718 tas
541 664 749 721 Christi
783 669 1054 740 martyris
1083 670 1198 724 Viti
1231 678 1325 712 1800
1355 670 1706 738 (Jun.15);et
1730 686 1839 742 ego
1856 670 2016 724 valde

415 768 590 809 mane
629 754 865 811 missam
909 757 1293 813 confratribus
1337 759 1482 813 meis
1521 759 1764 824 cantavi,
1805 762 1863 812 et
1893 763 2021 831 post

409 842 562 898 hanc
589 843 647 898 in
677 846 878 900 urbem
905 847 1090 901 vocali
1125 846 1331 902 ivimus
1349 866 1527 920 usque
1559 849 1630 901 ad
1663 847 2014 902 caminatam

411 932 597 1004 regis;
632 936 690 989 et
719 934 794 989 ibi
825 937 976 990 solus
1011 936 1423 992 intromittitur
1459 938 1799 1002 Walterdus,
1853 940 1909 990 et
1939 937 2013 991 ibi

413 1037 593 1092 usque
620 1023 692 1077 ad
724 1023 962 1078 terciam
1000 1025 1101 1080 soli
1133 1027 1616 1098 colloquebantur
1663 1029 1720 1081 et
1760 1042 2018 1097 egressus

415 1111 552 1164 tunc
572 1112 894 1167 Walterdus
913 1115 1152 1170 anulum
1166 1116 1428 1186 portatin
1452 1132 1628 1170 manu
1645 1117 2021 1181 sua,etosten-

411 1199 556 1252 dens
589 1200 759 1255 nobis
790 1217 803 1256 :
834 1200 972 1255 Ecce
988 1202 1210 1269 habetis,
1247 1203 1469 1275 inquid,
1493 1205 1692 1274 pignus
1717 1203 2018 1257 subsecutu-

412 1303 488 1341 τω
508 1289 758 1358 pietatis!
793 1299 886 1333 ιεοτ
925 1293 989 1346 Et
1020 1297 1155 1347 tunc
1197 1310 1400 1347 omnes
1431 1310 1534 1347 nos
1562 1293 1615 1347 in
1647 1291 2014 1366 praesentiam

407 1376 734 1445 venientes,
771 1380 1198 1437 examinatione
1221 1382 1390 1454 regis,
1423 1381 1546 1453 ipso
1584 1380 1850 1452 primitus
1882 1397 2015 1435 eum

408 1465 706 1533 laudante,
740 1469 1065 1538 predictum
1101 1475 1325 1543 patrem
1353 1471 1652 1542 elegimus,
1708 1473 1764 1523 et
1809 1469 2011 1542 optimi

409 1552 625 1624 quique
656 1556 1019 1628 aspirabant;
1061 1564 1118 1614 et
1139 1577 1269 1614 mox
1295 1578 1326 1615 a
1345 1577 1482 1629 rege
1500 1558 1724 1631 accepit
1745 1559 2010 1612 baculum

411 1643 765 1710 pastoralem
790 1654 898 1697 ηοο.
937 1649 1067 1701 Post
1090 1653 1516 1703 sacramentum
1549 1648 1720 1718 regia:
1747 1646 2013 1716 potestati

410 1729 732 1786 exhibitum
759 1734 1118 1790 introductus
1135 1740 1218 1789 est
1251 1735 1318 1789 ad
1360 1736 1698 1800 mcclesiam,
1731 1750 1904 1805 quam
1938 1734 2016 1788 ibi

411 1832 445 1869 a
473 1834 612 1889 rege
642 1826 1029 1878 constructam
1071 1830 1397 1880 antecessor
1435 1842 1565 1880 suus
1619 1824 1934 1890 benedixit,
1963 1827 2020 1878 et
2047 1865 2096 1922 B

409 1906 532 1960 laus
557 1909 806 1968 Domino
841 1930 873 1967 a
901 1915 1261 1985 prescntibus
1287 1915 1530 1970 canitur.
1560 1915 1775 1970 Deinde
1797 1914 2016 1983 regiam

408 1993 860 2068 interpellabam
890 2002 1184 2072 pietatem.
1220 2007 1281 2056 ut
1309 2005 1380 2058 de
1417 2004 1682 2058 at-cclesiae
1716 2003 2022 2058 necessita-

408 2082 561 2139 tibus
595 2104 740 2143 meae
773 2090 987 2162 aliquid
1026 2092 1181 2163 loqui
1214 2108 1343 2145 cum
1389 2109 1458 2146 eo
1504 2101 1596 2134 1809
1636 2093 1973 2165 dignaretur
2004 2119 2018 2168 ς

417 2175 473 2226 et
496 2177 559 2228 ut
585 2192 692 2246 ego
725 2180 1111 2249 postulabam,
1148 2181 1333 2235 ﬁrma:
1363 2181 1573 2235 suimet
1609 2180 1898 2236 commisit
1928 2198 2021 2236 me

412 2262 566 2318 fidei.
596 2265 962 2322 Thiedricum
997 2286 1225 2342 quoque
1264 2273 1534 2341 nepotem
1573 2285 1791 2335 meum,
1824 2269 2020 2341 utipse

413 2352 788 2420 desideravit,
823 2356 878 2425 (f.
919 2359 1056 2419 127’)
1085 2374 1184 2411 rex
1211 2367 1321 2430 ‘per
1358 2375 1564 2412 manus
1601 2357 1679 2412 illi
1735 2357 1913 2412 dedit.
1956 2359 2023 2411 Et

411 2457 540 2496 cum
575 2459 819 2513 generos
869 2446 1020 2515 (774)
1048 2446 1258 2500 suimet
1315 2450 1450 2499 tunc
1503 2446 1710 2500 iterum
1768 2446 2018 2500 exercitu

411 2533 609 2601 petere
634 2531 924 2599 voluisset,
951 2549 1081 2586 cum
1116 2534 1478 2604 presentibus
1514 2533 1724 2588 suimet
1747 2534 2018 2605 principi-

413 2618 520 2672 bus
540 2626 654 2684 ηίο,
689 2619 938 2689 qualiter
965 2621 1277 2675 Bolizlavus
1309 2623 1489 2675 abmo
1514 2621 1601 2675 his
1628 2622 2015 2687 invaderetur,

411 2705 811 2760 tractavitmi.
842 2708 957 2762 Hoc
984 2725 1158 2763 omne
1212 2709 1642 2782 archiepiscopo
1687 2710 1908 2765 noviter
1936 2711 2019 2764 in-

413 2792 612 2848 stituto
639 2798 696 2847 et
733 2812 864 2849 suas
893 2800 1082 2851 curtes
1121 2797 1175 2851 in
1213 2797 1460 2853 Saxonia
1490 2799 1704 2868 positas
1735 2807 1828 2840 mi
1857 2815 2016 2854 com-

417 2881 728 2936 mendavit.
763 2883 978 2938 Eodem
1004 2884 1096 2939 die
1145 2903 1354 2941 omnes
1410 2885 1820 2941 declinavimus
1851 2905 2018 2941 unus-

415 2968 654 3041 quisque
681 2971 754 3025 ad
778 2989 896 3026 sua.
927 2974 987 3027 in
1018 2973 1279 3044 proximo
1332 2978 1524 3029 autem
1579 2975 1817 3030 sabbato
1857 2974 2014 3045 (Jun.

411 3060 504 3125 2t)
538 3059 992 3131 archipresulem
1022 3061 1376 3118 Walterdum
1406 3065 1673 3119 Arnolqu
1705 3065 1895 3135 presul
1922 3073 2015 3106 im

2149 669 2382 735 mansit,
2416 688 2479 724 ac
2529 671 2606 725 nil
2637 670 2853 726 ibidem
2886 671 3210 744 proficiens,
3250 671 3603 726 muneribus
3633 688 3749 726 ma-

2123 757 2252 826 gnis
2305 759 2631 814 revertitur.
2693 760 2868 814 ΑΠ’υῆ
2923 777 3057 815 mox
3086 759 3474 832 expeditionis
3508 759 3741 815 indicta:

2123 845 2180 914 (f.
2210 847 2347 918 127’)
2373 849 2585 902 statuta
2620 848 2739 904 dies
2763 848 2818 902 id
2841 851 2926 902 est
2953 849 3242 903 Kalendas
3275 848 3556 918 Augusti;
3581 848 3745 918 juxta

2123 935 2310 990 locum
2362 945 2456 978 "90
2487 937 2582 1008 qui
2642 937 2848 992 dicitur
2877 937 3112 992 Zribenz
3163 939 3304 1006 (776)
3333 936 3736 1002 convenimus,

2119 1027 2176 1076 et
2208 1024 2284 1077 sic
2317 1042 2542 1081 sursum
2575 1043 2751 1098 usque
2784 1041 2963 1098 prape
3017 1026 3275 1098 Belegori
3327 1035 3423 1068 1m
3458 1026 3739 1080 adcendi-

2122 1129 2267 1168 mus.
2293 1114 2449 1168 Tunc
2479 1115 2667 1170 visum
2695 1117 2780 1170 est
2810 1115 3167 1188 principibus
3195 1123 3290 1156 ω’
3325 1131 3445 1169 non
3477 1131 3608 1170 esse
3637 1115 3735 1169 bo-

2121 1218 2262 1254 num
2293 1203 2487 1272 perlici
2533 1203 2644 1258 iter
2691 1206 2975 1269 nostrum,
3031 1203 3129 1258 sed
3165 1202 3398 1275 optimis
3430 1202 3738 1257 marcham

2118 1289 2337 1344 ﬁrmari
2362 1292 2642 1362 presidiis.
2679 1293 2744 1348 Et
2772 1292 2827 1347 in
2875 1291 3250 1363 consequenti
3303 1294 3470 1346 nocte
3507 1291 3738 1345 archie-

2118 1377 2380 1449 piscopus
2403 1380 2591 1452 capite
2624 1381 2794 1435 nimis
2824 1381 3182 1445 infirmatur;
3211 1395 3459 1451 cumque
3490 1379 3568 1433 ad
3599 1395 3738 1434 eum

2119 1481 2290 1520 mane
2319 1467 2624 1534 venissem,
2688 1469 2783 1523 diu
2841 1473 2974 1523 eum
3011 1468 3070 1522 in
3113 1467 3362 1522 tentorio
3387 1467 3738 1522 tardantem

2117 1556 2432 1626 expectavi.
2474 1558 2741 1628 Egressus
2763 1558 3000 1612 tandem
3021 1556 3280 1629 queritur
3302 1557 3463 1622 mihi,
3496 1573 3561 1610 se
3583 1557 3742 1610 mul-

2117 1649 2242 1697 tum
2270 1648 2580 1715 egrotasse.
2620 1645 2889 1700 Promisit
2918 1649 3113 1700 autem
3153 1663 3216 1699 se
3251 1646 3321 1699 ad
3357 1644 3636 1716 reginam
3681 1645 3738 1698 in

2117 1732 2444 1804 Merseburg
2485 1738 2625 1788 tunc
2675 1738 3011 1789 manentem
3055 1738 3376 1797 venturum,
3429 1737 3485 1786 et
3513 1732 3605 1786 ibi
3644 1748 3738 1786 me

2119 1821 2525 1876 allocuturum.
2558 1823 2714 1877 Tunc
2750 1841 2858 1895 ego
2889 1823 3129 1888 abcessi,
3177 1827 3234 1877 et
3262 1823 3338 1877 illi
3371 1822 3526 1894 prius
3561 1838 3744 1878 recu-

2123 1926 2273 1975 sans,
2300 1914 2494 1964 tamen
2554 1911 2689 1983 quia
2725 1911 2981 1966 inventio
3038 1911 3241 1966 Christi
3299 1910 3744 1983 protomartiris

2123 2000 2380 2053 tuncfuit
2399 2003 2456 2054 et
2480 2000 2778 2055 Dominica
2799 2000 2919 2054 dies
2937 2009 3030 2042 ιω
3042 1998 3114 2071 (A
3127 2015 3215 2069 λῳ.
3243 2001 3318 2070 3),
3339 1999 3580 2054 missam
3599 2015 3746 2054 can-

2125 2087 2284 2153 tavit,
2320 2105 2422 2158 pro
2456 2090 2656 2144 dolori
2691 2088 2980 2144 ultimam.
3011 2092 3040 2143 5
3065 2089 3209 2143 feria
3238 2089 3402 2159 (Aug.
3431 2092 3480 2155 τ)
3518 2106 3647 2158 ego
3671 2088 3741 2142 ad

2123 2174 2452 2247 Merseburg
2481 2178 2736 2244 veniens,
2765 2178 2904 2232 dum
2927 2194 3022 2231 me
3038 2194 3166 2232 cum
3184 2176 3574 2232 confratribus
3592 2177 3742 2231 meis

2123 2264 2195 2318 ad
2226 2265 2536 2319 adventum
2561 2266 2682 2336 ejus
2712 2282 3108 2337 prepararem,
3132 2265 3318 2321 audivi
3340 2265 3406 2319 ab
3425 2264 3741 2319 internun-

2123 2351 2214 2405 tiis
2248 2354 2402 2423 quod
2434 2353 2527 2408 ille
2553 2354 2625 2408 ad
2652 2355 2970 2408 lvicansten
3002 2371 3118 2409 non
3151 2356 3298 2409 bene
3329 2354 3521 2407 valens
3555 2371 3736 2409 curru

2122 2441 2360 2496 veniret.
2390 2442 2658 2496 Proxima
2697 2442 2789 2496 die
2819 2443 2929 2496 huc
2970 2443 3255 2515 equitans,
3309 2443 3732 2497 Bernwardum

2123 2540 2237 2595 Im,
2271 2531 2834 2587 Hillinissemmcnsis
2877 2532 3146 2586 secclesiaa
3178 2531 3509 2605 episcopum
3558 2548 3734 2587 causa

2119 2619 2539 2674 benedictionis
2570 2623 2646 2686 et,
2692 2636 2863 2692 quam
2899 2629 2995 2662 1³η
3023 2620 3173 2674 bene
3201 2621 3434 2682 sciebat,
3469 2622 3733 2676 curatio-

2117 2708 2205 2762 nis
2241 2708 2425 2778 gratia
2442 2712 2730 2775 vocatum,
2753 2709 2968 2763 ibidem
2997 2709 3249 2779 repperi,
3273 2711 3329 2762 et
3350 2707 3728 2763 Frithericum

2118 2797 2414 2864 comitem,
2446 2798 2606 2866 cujus
2635 2797 2815 2851 frater
2847 2800 2972 2851 erat
3003 2797 3140 2852 Dedi
3157 2813 3370 2851 comes.
3395 2797 3462 2849 Et
3482 2813 3620 2851 cum
3647 2798 3729 2852 in-

2119 2884 2380 2951 troirem,
2431 2885 2669 2939 sedebat
2724 2885 3185 2957 archiepiscopus
3215 2884 3274 2938 in
3316 2884 3479 2950 solio,
3514 2887 3574 2938 et
3640 2901 3726 2939 me

2118 2973 2459 3043 suscipiebat
2491 2989 2667 3044 quam
2695 2973 3010 3038 caritative,
3044 2976 3102 3027 et
3131 2972 3343 3027 suimet.
3384 2972 3556 3044 pedes
3591 2977 3727 3027 tunc

2117 3057 2150 3115 a
2179 3065 2409 3114 tumore
2449 3068 2544 3102 im
2575 3061 2741 3115 solito
2772 3062 3054 3116 relaxatos
3109 3060 3389 3130 intuetur,
3436 3065 3495 3114 et
3541 3061 3722 3127 dolet,

409 3149 572 3218 jussu
600 3148 754 3220 regis
801 3148 1228 3218 inthronizavit,
1285 3155 1342 3208 et
1392 3154 1620 3224 utrique
1671 3153 1894 3206 honore
1953 3152 2085 3211 acC
2117 3149 2270 3220 quia,
2307 3149 2444 3203 dum
2502 3149 2580 3203 hii
2635 3151 2966 3220 turgebant,
2998 3153 3201 3203 venter
3238 3149 3417 3204 levius
3465 3148 3718 3204 habebat

413 3251 632 3308 magna
657 3237 1021 3308 jocunditate
1050 3240 1126 3294 ibi
1160 3241 1404 3312 suscepti
1434 3246 1585 3296 sunt.
1642 3243 1877 3295 Postera
1923 3241 2015 3294 die

413 3323 568 3392 (Jun.
588 3328 671 3390 22)
692 3331 899 3382 unctus
931 3332 1016 3383 est
1048 3331 1370 3386 Walterdus
1400 3331 1473 3387 ab
1507 3331 1667 3396 Eido,
1722 3329 2016 3384 Misnensis

410 3421 505 3456 1³1⁸
535 3415 803 3471 meclesiae
832 3418 1144 3473 venerabili
1178 3419 1444 3492 episcopo
1472 3419 1664 3481 tertio,
1689 3435 1819 3473 cum
1852 3418 2014 3488 adju-

410 3502 560 3557 torio
620 3504 831 3560 suimet
879 3507 1240 3562 confratrum
1297 3508 1574 3578 Wigonis,
1619 3507 1924 3562 Hilliwardi
1952 3525 2017 3562 ac

412 3591 618 3658 Herici,
645 3598 702 3648 et
733 3611 766 3648 a
790 3611 883 3649 me
914 3595 1023 3649 hiis
1053 3597 1302 3651 multum
1330 3595 1610 3650 inferiori.
1657 3595 1886 3666 Adjuvit
1915 3613 2018 3650 au—

409 3682 530 3734 tem
559 3698 664 3736 nos
694 3683 966 3738 Amulqu
988 3686 1198 3756 presul.
1242 3689 1274 3739 2
1326 3683 1470 3739 feria
1499 3699 1702 3737 omnes
1739 3700 1842 3736 nos
1882 3701 2014 3740 cum

407 3769 644 3825 caritate
670 3771 826 3826 bona
855 3775 913 3826 et
939 3789 1181 3827 munere
1213 3787 1428 3843 magno
1451 3779 1546 3813 1³1⁸
1564 3770 2013 3828 abivimus.Fue-

408 3863 500 3915 rat
529 3859 685 3914 enim
742 3859 938 3930 vigilia
968 3867 1063 3901 1m
1095 3859 1276 3912 sancti
1325 3857 1606 3912 Johannis
1645 3858 1928 3930 baptistae,
1959 3865 2016 3915 et

408 3953 546 4004 tunc
569 3948 862 4017 Redingus
887 3948 958 4001 ab
999 3946 1430 4018 archiepiscopo
1460 3947 1805 4002 constitutus
1833 3951 1917 4002 est
1941 3949 2016 4003 ad

410 4036 770 4107 prepositum
803 4051 931 4089 cum
975 4033 1272 4088 communi
1313 4033 1592 4089 electione
1631 4035 2009 4092 contratrum.

407 4126 469 4179 In
490 4124 584 4177 die
613 4125 810 4176 sancto
840 4122 914 4176 ad
939 4122 1193 4176 Montem
1229 4140 1360 4178 cum
1395 4122 1562 4178 solito
1591 4124 1814 4180 honore
1845 4125 1890 4180 is
1919 4135 2012 4170 im

409 4213 632 4275 ductus,
665 4226 699 4264 a
725 4225 819 4265 me
849 4213 907 4264 et
951 4227 984 4265 a
1018 4210 1197 4266 fratre
1234 4228 1367 4266 meo
1408 4211 1683 4285 Sigifrido
1713 4221 1806 4257 m7
1834 4214 2009 4270 succi-

405 4300 582 4373 pitur.
615 4299 698 4353 lbi
731 4301 867 4353 tunc
897 4299 1132 4355 missam
1166 4305 1426 4365 cantans,
1453 4303 1698 4375 populos
1712 4303 1902 4373 primo
1929 4305 2012 4358 in-

2117 3238 2164 3307 ej
2177 3245 2362 3291 uslm.
2387 3237 2760 3292 lntimaverat
2787 3239 2835 3292 is
2852 3241 2987 3291 tunc
3009 3237 3170 3302 mihi,
3197 3237 3241 3291 si
3269 3237 3379 3292 hoc
3408 3237 3721 3308 periculum

2116 3342 2287 3379 sanus
2307 3325 2594 3391 evaderet,
2627 3327 2814 3379 nullus
2845 3325 3166 3380 amicorum
3186 3325 3330 3379 mihi
3359 3325 3586 3379 ﬁdelior
3604 3342 3722 3380 esse

2117 3413 2413 3484 potuisset.
2445 3413 2542 3467 Fui
2576 3416 2709 3468 tunc
2741 3413 2955 3467 ibidem
2989 3430 3168 3485 usque
3210 3414 3287 3468 ad
3317 3430 3642 3485 vesperam,
3670 3418 3724 3468 et

2117 3506 2240 3557 tum
2271 3502 2480 3557 invitus
2510 3501 2678 3567 redii,
2709 3501 2842 3574 quia
2872 3502 3121 3557 crastino
3145 3506 3272 3556 erat
3303 3502 3498 3574 vigilia
3525 3502 3720 3570 (H28)

2119 3591 2323 3646 Christi
2355 3590 2562 3645 adlatae
2591 3590 2902 3657 Laurentii,
2938 3591 3098 3662 cujus
3122 3591 3405 3646 festivitas
3425 3591 3718 3647 Dominica

2116 3680 2362 3734 instabat
2385 3681 2478 3734 die
2505 3681 2674 3752 (Aug.
2715 3682 2821 3751 i0).
2855 3680 2978 3744 Qua
3033 3697 3164 3734 cum
3219 3697 3331 3750 ego
3364 3680 3588 3753 populis
3624 3698 3719 3734 ve-

2119 3769 2408 3823 nientibus
2429 3785 2612 3840 pauca
2652 3769 3037 3841 predicarem,
3094 3769 3489 3825 communiter
3532 3770 3603 3824 ab
3641 3769 3715 3823 his

2116 3873 2221 3929 pro
2254 3857 2488 3912 inﬁrmo
2521 3857 2937 3912 archiantistite
2978 3858 3312 3913 orationem
3342 3858 3468 3913 ﬁeri
3493 3860 3714 3931 supplex

2117 3946 2414 4017 postulavi.
2449 3952 2478 4002 3
2516 3947 2662 4001 feria
2699 3947 2870 4017 (Aug.
2917 3949 2997 4009 i2)
3049 3950 3185 4001 ante
3216 3947 3476 4018 primam
3510 3948 3604 4002 ubi
3628 3947 3712 4001 ille

2115 4035 2304 4089 fuerat
2327 4035 2630 4090 veniebam
2662 4054 2674 4103 ;
2722 4038 2778 4090 et
2807 4039 2946 4091 tunc
2975 4035 3068 4090 hic
3109 4040 3236 4090 erat
3275 4036 3380 4092 Eid
3410 4037 3712 4109 episcopus,

2116 4124 2364 4178 multum
2395 4139 2501 4193 pro
2542 4140 2610 4179 eo
2638 4124 2695 4178 in
2729 4123 2994 4180 oratione
3021 4124 3298 4180 continua
3333 4127 3620 4181 laborans.
3651 4124 3709 4177 Et

2113 4229 2245 4267 cum
2266 4211 2642 4274 caminatam,
2675 4212 2770 4267 ubi
2799 4212 2896 4267 ille
2922 4213 3049 4285 pius
3073 4213 3277 4283 jacuit,
3317 4214 3606 4285 ingressus
3629 4228 3709 4266 es-

2112 4317 2256 4366 sem,
2284 4316 2390 4354 nec
2419 4302 2756 4372 loquentem
2803 4301 3014 4363 audivi,
3052 4318 3157 4355 nec
3187 4301 3342 4356 bene
3371 4317 3708 4374 cognoscen-

405 4388 607 4455 stituit,
629 4391 688 4444 et
713 4391 842 4460 post
862 4389 935 4443 ab
962 4397 1058 4432 1³η
1117 4391 1326 4445 abbate
1377 4391 1624 4446 multum
1658 4395 1916 4462 rogatus,
1949 4395 2012 4446 ut
2031 4459 2066 4462 _
2112 4391 2232 4443 tem
2254 4397 2348 4431 ιω
2377 4390 2529 4443 hunc
2560 4397 2655 4430 1m
2672 4389 2805 4443 vidi.
2838 4389 3138 4444 Advenere
3191 4392 3372 4445 etiam
3401 4408 3470 4445 eo
3501 4392 3705 4445 vivente

403 4477 483 4534 ibi
507 4459 806 4534 caritatem
847 4478 1063 4534 faceret
1084 4478 1156 4535 ob
1188 4479 1420 4534 turbam
1465 4479 1571 4535 sibi
1610 4459 2007 4535 adhaarentem
2031 4459 2083 4517 D
2107 4477 2382 4533 Arnulfus
2408 4480 2466 4531 et
2491 4477 2866 4544 Hilliwardus,
2922 4494 3054 4532 cum
3087 4479 3428 4535 Meinwerco
3452 4485 3506 4534 et
3535 4479 3700 4542 Erice,

403 4566 614 4623 omisit.
647 4566 775 4621 Fuit
801 4566 861 4622 in
892 4575 986 4610 ιω
1022 4568 1200 4623 natali
1232 4569 1628 4640 apostolorum
1658 4569 1818 4638 (Jun.
1842 4569 2006 4633 29)in
2109 4565 2455 4637 coepiscopi,
2489 4582 2696 4621 omnes
2752 4567 2906 4621 hunc
2959 4567 3177 4637 pariter
3207 4567 3612 4626 benedicentes
3654 4571 3703 4620 et

401 4655 539 4711 sede
567 4672 690 4721 sua,
723 4672 788 4710 ac
817 4658 954 4712 tunc
971 4656 1630 4712 commissossalubriter
1655 4657 2004 4714 ammonuit.

473 4743 808 4802 45.1nterim
827 4761 860 4798 a
875 4744 1138 4798 Bolizlavi
1155 4751 1250 4786 ωε
1273 4744 1496 4798 nunciis
1519 4747 1776 4816 rogatus,
1805 4745 2008 4801 Scicia—

405 4832 461 4889 ni
491 4833 637 4905 (775)
676 4849 845 4886 causa
866 4848 1069 4904 pacem
1099 4831 1351 4887 faciendi
1381 4841 1474 4874 im
1509 4831 1680 4900 venit,
1701 4837 1760 4888 et
1787 4832 2004 4888 ibidem

2109 4655 2535 4727 indulgentiam
2595 4655 2646 4709 ei
2674 4655 2971 4711 facientes.
3030 4657 3146 4728 Ego
3207 4663 3403 4712 autem
3459 4662 3701 4730 peccator

2110 4744 2243 4798 unxi
2278 4751 2372 4785 ιω
2405 4759 2539 4797 eum
2587 4745 2715 4797 oleo
2770 4743 3130 4799 sanctificata
3190 4745 3248 4798 in
3292 4748 3431 4800 locis
3473 4747 3700 4801 maxime

2109 4832 2457 4890 dolcnttbus.
2528 4833 2810 4888 Jarmirus
2879 4849 3110 4905 quoque
3186 4833 3300 4890 dux
3377 4836 3552 4892 adfuit
3617 4843 3697 4877 Im

1724 4952 1952 5008 VARI/E
1991 4951 2281 5007 LECTION
2289 4950 2389 5006 ES.

474 5053 567 5124 WE
606 5044 920 5124 solennitas
975 5041 1209 5124 pretiosi
1250 5042 1520 5124 martyris
1565 5040 1894 5124 Xitihpueri
1949 5040 2200 5124 Saxonis
2243 5040 2493 5121 patroni,
2544 5039 2642 5124 qnui
2705 5038 2968 5124 nova
3028 5040 3689 5124 Corbeia'requiescitg.

401 5122 495 5158 "07
527 5115 667 5171 Ecce
723 5113 934 5187 pignus
977 5110 1266 5187 indicium
1305 5110 1524 5187 future_
1549 5110 1863 5187 dignitatis,
1915 5112 2040 5187 pie__
2062 5110 2203 5166 mihi
2245 5110 2538 5187 promisse
2570 5117 2624 5169 2.
2704 5118 2797 5152 ίδοθ
2828 5128 2879 5164 e.
2915 5127 2996 5187 In.
3031 5129 3101 5187 a._
3126 5128 3175 5168 r.
3209 5129 3263 5169 a.
3293 5115 3351 5170 b.
3387 5110 3442 5187 p.
3473 5115 3587 5187 add.
3623 5114 3690 5168 ην

516 5203 566 5245 c.
595 5203 664 5242 eo
694 5182 825 5268 add.
862 5182 1530 5268 Μηῌξδίορρἱὴμεητξξί
1569 5182 1634 5239 ιζ
1688 5182 2053 5268 .ifﬂnintravit
2091 5188 2176 5268 tot.
2257 5182 2675 5268 lﬁif'po‘sitosut.
2713 5253 2727 5268 ἱ
2756 5189 2851 5268 πεί-³
2881 5182 3010 5268 (ιςίάῖ
3049 5182 3305 5268 itm-"1“
3337 5182 3688 5268 misnessist.

399 5265 494 5299 ωδ
524 5273 742 5330 magna
783 5262 866 5312 la.
944 5263 1038 5299 ιιοο
1091 5252 1246 5330 viilia
1287 5259 1507 5330 t.__18t'f
1547 5254 1729 5310 sancti
1777 5254 2234 5330 V_iti_n_1_onacho
2269 5252 2396 5330 add}
2437 5258 2490 5330 2.
2570 5261 2664 5330 1838
2713 5253 2930 5308 bozlavi
2989 5259 3039 5330 t.
3089 5263 3234 5330 _1“°_
3259 5255 3578 5330 faciendam
3617 5262 3688 5310 la.

401 5335 496 5370 "1°
520 5329 561 5387 i.
589 5328 649 5382 in
679 5330 806 5384 loco
840 5331 925 5383 ia.
1003 5335 1094 5370 13“

399 5415 517 5471 sum
547 5403 596 5454 1.
674 5407 768 5442 1m
790 5402 1079 5471 attumore
1114 5396 1197 5454 fa.
1276 5405 1370 5441 1m
1399 5401 1820 5471 cognocentem
1854 5396 1937 5452 1.“
1982 5402 2074 5438 m7
2101 5396 2254 5451 hunc
2282 5396 2327 5450 si
2362 5399 2444 5452 ia.

401 5467 620 5525 dictasse
647 5470 942 5525 ostendant.

1127 5346 1184 5401 p.
1206 5328 1264 5382 b.
1289 5325 1413 5381 add.
1451 5326 1534 5381 ib.
1613 5334 1707 5368 ιω
1733 5325 2086 5401 principibus
2102 5329 2155 5401 _t.
2175 5328 2234 5379 ut
2249 5325 2694 5401 ja_m_aliq_uoties.
2732 5332 2867 5401 __!m
2897 5340 2950 5401 e.
2985 5326 3041 5381 d.
3075 5325 3293 5401 d._ad_d.
3325 5329 3408 5384 ib.
3484 5336 3689 5401 “ﬂera-

2529 5395 2769 5468 ’jusmodi
2794 5400 2939 5464 sunt,
2973 5413 3095 5470 quae
3121 5395 3494 5456 Thietmarum
3517 5398 3688 5456 librum

1938 5536 2165 5596 NOTAE.

478 5615 711 5753 (774)11.
737 5617 782 5698 ἰι
811 5618 1036 5685 affines,
1062 5620 1190 5690 cond
1201 5619 1325 5693 ugis
1349 5619 1558 5677 fratres
1586 5620 1718 5676 Uas.

478 5687 604 5750 (716
692 5685 902 5753 Seitsh,
935 5705 1058 5746 non
1087 5691 1260 5753 longe
1303 5690 1374 5745 ab
1408 5690 1547 5746 urbe
1590 5690 1718 5753 Glon

477 5685 628 5753 (716)
692 5685 902 5755 Seitsh,
935 5705 1058 5746 non
1087 5685 1270 5762 longe
1303 5690 1374 5745 ab
1408 5690 1547 5746 urbe
1590 5690 1834 5762 Glogau.
1872 5690 2004 5746 Uas.

2177 5620 2324 5686 (776)
2355 5616 2605 5676 Schrenz
2635 5623 2701 5675 55
2734 5617 2794 5675 in
2826 5619 3180 5693 prefectura
3208 5621 3548 5694 Zorbigensi.
3572 5619 3682 5678 Uss.
