3900 6216
107 432 227 484 ωδ

1345 421 1761 478 CHBONICON.
1794 452 1864 462 —
1893 421 2027 478 LIB.
2081 423 2165 477 Vl.

3278 431 3412 491 1346

107 561 268 620 quem
297 545 476 601 frater
505 543 712 599 suimet
762 541 1082 598 Othelricus
1137 546 1195 596 et
1241 542 1489 610 satelles,
1519 542 1704 597 tocius
1726 549 1780 609 Α
1803 543 1863 596 1η
1895 542 1985 598 via
2014 544 2296 614 plangens
2322 543 2546 600 familia
2580 545 2858 603 obviavit.
2885 547 3148 604 Crastino
3179 565 3311 604 cum
3341 552 3412 606 ad

109 633 274 690 debiti
327 634 642 698 inmemor,
685 632 743 686 in
791 648 951 687 sacro
982 632 1220 686 sabbato
1271 630 1584 686 Dominicae
1611 648 1700 686 re-

109 722 474 778 surreccionis
504 721 781 793 proximas
812 730 904 763 Im
934 738 968 774 a
997 736 1180 790 regno
1209 720 1577 774 Boemiorum
1607 737 1700 774 ex-

109 813 260 882 pulit,
292 815 350 864 et
383 810 751 875 Bolizlavum,
787 826 957 880 quem
993 809 1097 863 etsi
1138 807 1390 863 amicum
1434 809 1538 862 sibi
1561 826 1696 863 con-

109 899 512 972 sanguinitate,
538 903 735 952 tamen
768 914 871 968 pro
901 899 1066 952 hoste
1092 907 1186 939 1m
1208 897 1484 951 hactenus
1501 897 1703 952 habuit

109 991 156 1042 iu
195 987 615 1060 persecutione,
649 987 786 1056 fuga
815 989 1011 1058 petere
1055 986 1263 1056 coegit.
1299 986 1397 1039 Hic
1447 986 1582 1056 quia
1617 1002 1703 1040 ar-

107 1076 525 1148 chiepiscopum
577 1075 796 1128 cunctis
841 1075 1236 1129 laborantibus
1264 1073 1436 1127 nimis
1466 1073 1698 1128 fidelem

107 1182 214 1220 esse
256 1165 495 1230 sciebat,
531 1179 772 1234 sperans
817 1165 939 1234 ejus
980 1163 1462 1231 incolumitatem,
1496 1163 1567 1216 ad
1597 1164 1700 1217 im-

104 1255 435 1326 petrandam
469 1253 623 1324 regis
658 1253 909 1323 gratiam
951 1253 1424 1307 intercessionem
1460 1253 1580 1322 ejus
1607 1261 1700 1294 1m

107 1343 416 1415 quaerebat;
471 1346 532 1396 et
579 1357 710 1396 cum
775 1343 924 1395 hunc
971 1342 1097 1411 jam
1149 1341 1423 1395 defecisse
1456 1341 1696 1406 videret,

108 1432 340 1486 dextera:
381 1433 509 1502 ejus
561 1439 652 1472 1828
696 1429 984 1484 committi
1013 1434 1071 1484 et
1101 1446 1204 1501 per
1234 1447 1363 1484 eam
1400 1429 1585 1496 nobis,
1618 1431 1697 1483 la-

108 1519 283 1574 crimis
313 1520 572 1590 postulat
612 1518 880 1591 profusis.
916 1517 1026 1573 Sed
1051 1518 1406 1588 archipresul
1442 1525 1536 1560 1³28
1567 1533 1698 1572 cum

100 1609 211 1677 jam
242 1608 371 1662 finis
395 1607 646 1673 adesset,
671 1607 862 1661 nescio
896 1606 1034 1678 quid
1060 1606 1259 1660 videns
1290 1607 1360 1661 ad
1385 1608 1595 1672 levam,
1624 1607 1701 1659 si-

109 1713 210 1768 gno
234 1700 446 1751 sancta:
495 1696 680 1750 crucis
718 1699 989 1766 potenter
1029 1696 1266 1750 dextera
1312 1713 1370 1749 se
1402 1695 1611 1757 munit,
1645 1699 1703 1749 et

109 1803 320 1840 aversus
350 1801 600 1856 corpore
640 1788 698 1838 et
743 1786 923 1850 vultu,
957 1784 1242 1838 contraxit
1291 1785 1497 1838 faciem
1540 1784 1701 1855 quasi

1804 632 1998 687 villam
2021 632 2188 701 juxta
2219 638 2483 688 montem
2518 634 2699 690 sancti
2720 635 3002 692 Johannis
3031 637 3203 692 sitam
3235 640 3416 694 venis-

1803 737 2015 787 semus,
2049 721 2241 776 clerus
2284 723 2479 777 omnis
2533 725 2678 778 flens
2733 724 2938 789 adfuit,
2994 728 3052 780 et
3097 726 3413 782 Judeorum

1805 825 2020 879 magna
2073 818 2162 852 1³³1
2217 814 2297 872 et.
2347 828 2596 882 quorum
2640 816 2765 867 erat
2795 817 2980 884 pater,
3012 819 3410 884 orphanorum

1805 897 2113 951 multitudo
2139 899 2514 965 conveniens,
2540 900 2800 954 dolorem
2825 902 3202 957 lamentando
3225 903 3410 958 mani-

1803 985 2008 1053 festat;
2041 1000 2099 1040 et.
2130 1003 2234 1041 nos
2263 987 2316 1040 in
2347 988 2584 1042 ecclesia
2632 989 2851 1057 majore
2887 1007 3019 1044 cum
3072 991 3275 1046 funere
3314 991 3415 1047 in-

1805 1074 2022 1127 trantes
2049 1075 2216 1128 amici
2279 1091 2409 1129 cum
2457 1076 2826 1130 hereditariis
2856 1078 3150 1142 omnibus,
3183 1080 3414 1135 elevatis

1803 1177 1935 1215 cum
1969 1164 2125 1216 luctu
2157 1164 2448 1230 manibus,
2481 1163 2890 1219 miserabiliter
2919 1166 3252 1236 suscipiunt.
3280 1168 3414 1232 Quis

1802 1267 1919 1304 non
1947 1254 2084 1304 tunc
2111 1251 2438 1322 plangeret,
2472 1267 2605 1306 cum
2634 1253 2773 1307 talia
2804 1254 3022 1309 videret
3049 1255 3076 1310 ‘2
3111 1255 3415 1320 Querimo-

1801 1339 1897 1392 nia
1925 1342 2119 1393 autem
2133 1339 2336 1410 .omnis
2352 1340 2473 1394 haec
2491 1357 2639 1395 novo
2654 1342 3116 1413 nonzequabatur
3137 1343 3412 1416 dampno.

1871 1426 2000 1497 (46).
2034 1426 2249 1481 Omnes
2295 1444 2399 1482 nos
2445 1427 2768 1483 confratres
2799 1429 2871 1482 ad
2917 1429 3231 1500 capitulum
3278 1436 3414 1486 tunc

1802 1515 2117 1581 venientes,
2149 1519 2392 1586 nepotes
2439 1533 2632 1571 meum
2687 1519 2834 1587 (778)
2866 1522 3102 1588 excepto
3133 1519 3412 1573 Bennone

1803 1603 2092 1674 eligimus,
2131 1604 2193 1674 (f.
2230 1606 2358 1677 129)
2397 1622 2513 1660 non
2540 1606 2650 1660 hoc
2679 1606 2751 1660 ob
2774 1607 3416 1678 juventutemejusim-

1804 1693 1945 1762 pleri
1979 1708 2146 1763 posse
2165 1699 2484 1762 sperantes,
2503 1695 2603 1749 sed
2634 1711 2739 1765 pro
2763 1695 3169 1751 conservandae
3189 1697 3416 1752 electio-

1805 1781 1892 1834 nis
1914 1781 2099 1851 gratia
2133 1798 2198 1835 ac
2248 1790 2340 1824 Im
2367 1783 2605 1837 caritate
2644 1784 3058 1856 archiepiscopi
3105 1785 3416 1856 Taginonis

110 1875 442 1944 ploraturus,
473 1877 534 1927 et
562 1889 694 1927 mox
728 1873 950 1927 remisit
971 1874 1151 1927 lmtus.
1192 1874 1249 1944 (ἲ.
1299 1873 1432 1941 128’)
1469 1873 1583 1926 Hoc
1611 1882 1704 1914 i380
1737 1872 1784 1929 B
1807 1869 2058 1923 maxime
2107 1869 2404 1924 facientes.
2437 1871 2684 1942 Vespere
2711 1876 2906 1926 autem
2938 1873 3112 1939 facto,
3145 1874 3416 1930 Arnulfus

113 1978 208 2032 ego
234 1962 448 2027 videns,
480 1961 559 2015 ob
594 1960 891 2014 tristiciam
919 1977 1182 2032 egressus
1207 1977 1355 2027 sum,
1385 1964 1442 2014 et
1465 1961 1703 2014 interim

113 2055 393 2122 presentes
424 2050 683 2105 eundem
735 2049 996 2104 videntes
1040 2051 1166 2118 jam
1217 2049 1644 2119 semianimem,
1674 2068 1708 2105 a

125 2141 255 2193 lecto
282 2139 552 2210 protinus
595 2139 963 2192 elevaverunt
1003 2154 1067 2191 ac
1100 2142 1295 2208 tapeto
1325 2134 1706 2209 superposue-

118 2231 254 2282 runt.
284 2228 557 2282 Accensis
603 2229 739 2280 tunc
772 2226 1158 2280 luminaribus
1197 2227 1464 2292 vocabar,
1499 2230 1556 2282 et
1582 2227 1707 2297 jam

117 2316 246 2370 stola
278 2316 550 2370 indutum
599 2314 657 2368 in
706 2331 894 2385 agone
932 2315 1299 2370 laborantem
1347 2315 1482 2372 vidi.
1537 2315 1709 2386 Cujus

118 2404 312 2474 pectori
345 2421 482 2458 crux
517 2406 718 2458 sancta
751 2403 856 2456 fuit
896 2403 1287 2474 superposita;
1334 2403 1391 2457 in
1438 2405 1708 2458 manibus

121 2491 352 2546 cinerem
383 2505 438 2546 et
460 2493 666 2546 subtus
691 2491 946 2546 habebat
968 2491 1240 2558 cilicium,
1271 2496 1331 2545 ut
1356 2493 1456 2546 Eid
1488 2493 1699 2564 episco-

123 2594 214 2647 pus
238 2581 615 2636 monstrabat.
649 2581 716 2633 Et
744 2595 873 2633 cum
902 2581 982 2634 sol
1017 2580 1108 2634 die
1135 2581 1258 2650 jam
1294 2581 1590 2635 mediante
1611 2582 1708 2635 de-

125 2667 362 2738 clinaret,
391 2687 528 2724 cum
557 2669 790 2723 incenso
823 2668 928 2722 sibi
951 2669 1232 2736 adhibito,
1258 2674 1288 2723 ‘2
1320 2669 1448 2723 ldus
1477 2671 1710 2740 Augusti

127 2758 329 2812 transiit
359 2759 563 2812 anima
592 2757 716 2827 ejus
742 2756 814 2810 ad
835 2761 1157 2811 creatorem
1181 2775 1372 2825 suum,
1393 2757 1546 2812 unde
1564 2761 1708 2825 erat,

130 2843 516 2918 derelinquens
549 2845 704 2917 quod
737 2862 852 2899 non
881 2850 1023 2900 erat.
1064 2847 1369 2901 Orantibus
1414 2850 1549 2900 tunc
1581 2863 1709 2900 cum

133 2933 352 2989 lacrimis
383 2933 749 3008 presentibus
773 2934 1010 3002 cunctis,
1031 2952 1140 3005 ego
1163 2935 1359 2989 infelix
1376 2951 1482 3006 pro
1515 2935 1710 2988 debito

132 3022 339 3077 eosdem
367 3043 481 3080 non
513 3026 705 3097 adjuvi
732 3045 746 3095 ;
781 3030 839 3080 et
863 3025 1016 3098 quod
1043 3029 1178 3078 tunc
1200 3023 1341 3077 mihi
1373 3023 1630 3077 obviaret
1653 3022 1709 3076 in

135 3111 325 3179 animo,
375 3131 493 3168 non
550 3130 782 3184 possum
823 3115 1093 3186 cuiquam
1132 3113 1412 3182 prodere;
1459 3111 1559 3164 sed
1605 3111 1712 3166 hoc

1805 1958 1961 2012 venit
2009 1958 2325 2030 episcopus,
2380 1960 2840 2032 quibuscumque
2894 1962 3067 2015 valuit
3112 1962 3278 2016 bonis
3340 1964 3414 2017 ad

1806 2047 1928 2101 haec
1959 2047 2240 2116 aspirans.
2275 2049 2510 2103 Postera
2539 2048 2630 2103 die
2663 2053 2939 2103 renovata
2962 2049 3262 2117 electione,
3287 2065 3412 2104 cor-

1807 2153 1911 2208 pus
1942 2135 2347 2207 archipresulis
2374 2138 2698 2191 tumulatur
2727 2138 2801 2192 ad
2830 2138 3128 2193 dexteram
3161 2142 3415 2193 anteces-

1807 2224 1951 2278 soris
1979 2225 2063 2278 sui
2092 2224 2149 2278 in
2176 2225 2409 2279 australi
2441 2225 2674 2280 manica
2712 2234 2805 2268 im
2827 2227 3002 2298 (779),
3033 2231 3091 2281 et
3134 2227 3192 2281 in
3223 2227 3415 2298 vigilia

1809 2313 2224 2384 assumptionis
2244 2317 2457 2368 sanctas
2477 2314 2672 2368 Marie.
2701 2314 2866 2378 Quod
2902 2315 3107 2386 regina
3135 2319 3194 2370 ut
3224 2316 3414 2388 primo

1809 2402 2115 2472 comperit,
2163 2418 2266 2473 per
2322 2403 2609 2456 Geconem
2665 2403 3003 2474 pincernam
3063 2421 3228 2460 suum
3266 2406 3415 2476 regi,

1804 2491 1926 2560 jam
1955 2491 2118 2561 juxta
2143 2490 2456 2545 Metensem
2494 2491 2694 2545 urbem
2723 2508 2854 2546 cum
2887 2494 3138 2548 exercitu
3164 2493 3414 2564 cedenti,

1811 2578 2016 2632 indixit
2045 2580 2218 2650 (780).
2261 2578 2356 2632 Hic
2389 2579 2769 2635 vehementer
2809 2581 2949 2635 illud
2990 2582 3328 2650 ammirans,
3360 2588 3419 2638 et

1812 2667 2060 2739 qualiter
2114 2684 2173 2721 se
2222 2685 2311 2722 res
2351 2668 2650 2723 nobiscum
2697 2669 2982 2725 haberent
3021 2671 3414 2742 interrogans,

1813 2756 2088 2822 eundem,
2123 2771 2369 2827 regnum
2399 2760 2570 2828 prout
2600 2763 2900 2813 curaretur
2925 2760 2997 2813 ab
3033 2776 3120 2826 ea,
3154 2761 3419 2818 celeriter

1815 2844 2036 2898 remisit
2072 2853 2188 2900 ιω.
2230 2845 2536 2915 Epitafium
2568 2850 2765 2902 autem
2811 2848 3265 2918 archiantistitis,
3299 2869 3415 2906 non

1815 2933 2002 3002 lapide
2053 2933 2268 3005 aliquo,
2302 2934 2400 2988 sed
2444 2935 2690 2989 memori
2741 2936 2913 2990 corde
2962 2937 3417 3007 inscribendum,

1815 3021 2013 3086 lector,
2044 3021 2250 3076 exaudi
2279 3023 2290 3075 !
2323 3021 2646 3076 Walterdus
2675 3032 2789 3090 Im,
2838 3025 3104 3096 quamvis
3133 3025 3418 3099 interpre-

1817 3113 1967 3162 tetur
1997 3113 2282 3180 potestate
2317 3109 2515 3176 durus,
2547 3127 2778 3165 severus
2809 3112 2868 3166 in
2919 3119 3142 3184 aperto,
3181 3115 3420 3171 mitissi-

133 3199 353 3268 tantum,
384 3203 599 3257 Christi
631 3203 848 3271 fideles,
871 3219 1099 3257 mecum
1131 3203 1314 3266 orate,
1336 3199 1710 3267 utDominus,
1735 3235 1782 3292 C
1818 3215 1943 3251 mus
1978 3206 2070 3238 ³³³⁸
2113 3197 2222 3251 fuit
2279 3198 2334 3251 in
2391 3200 2636 3253 occulto.
2689 3201 2751 3252 In
2808 3201 3016 3256 timore
3059 3204 3334 3260 continuo
3363 3209 3422 3260 et

131 3286 204 3339 cui
231 3291 440 3345 nullum
474 3293 622 3346 latet
668 3296 975 3358 secretum,
1010 3306 1116 3344 nec
1162 3289 1315 3353 huic,
1353 3304 1540 3358 neque
1570 3287 1713 3342 mihi

132 3373 224 3429 hoc
252 3377 494 3450 inputet.
549 3381 684 3435 Post
730 3381 853 3436 haec
892 3379 1092 3434 solutis
1137 3377 1448 3432 visceribus
1478 3380 1535 3431 et
1563 3377 1716 3431 intra

131 3466 418 3524 aacclesiam
449 3473 631 3540 atque
663 3469 1016 3523 caminatam
1045 3466 1301 3540 sepultis,
1344 3481 1551 3536 corpus
1584 3481 1714 3536 pre-

130 3557 338 3621 paratur
374 3560 430 3612 et
449 3562 654 3614 sancto
689 3556 853 3611 altari
879 3559 1269 3627 presentatur.
1299 3555 1378 3609 lbi
1408 3557 1531 3608 tum
1565 3553 1716 3607 facta

133 3654 222 3708 pro
251 3644 532 3701 defunctis
554 3645 859 3712 memoria,
895 3662 999 3699 nos
1027 3644 1106 3699 ibi
1135 3644 1486 3708 cenavimus,
1511 3645 1569 3696 et
1588 3659 1714 3697 cor-

135 3744 226 3799 pus
251 3734 448 3789 codem
482 3734 580 3790 die
607 3750 784 3806 usque
815 3734 887 3788 ad
906 3732 1096 3788 Coniri
1120 3731 1711 3804 (777)prosequimur.

1816 3301 2014 3340 amore
2037 3285 2197 3356 justo
2231 3287 2416 3340 Deum
2447 3287 2683 3356 agnovit
2714 3291 2771 3342 et
2798 3290 3153 3360 proximum.
3189 3293 3423 3366 Fragili-

1815 3377 1994 3428 tatem
2029 3373 2215 3428 carnis
2244 3374 2414 3428 fletus
2461 3374 2850 3431 amaritudine
2881 3379 3066 3432 crebri
3115 3383 3174 3434 et
3201 3384 3421 3438 elemo-

1815 3463 2071 3517 sinarum
2095 3462 2364 3533 largitate
2393 3461 2668 3517 ineffabili
2702 3465 2955 3524 resolvit.
2986 3467 3239 3540 Utraque
3270 3472 3418 3543 (781)

1814 3551 1906 3605 hic
1953 3551 2176 3623 pollens
2219 3552 2448 3618 virtute,
2486 3551 2608 3622 regi
2641 3557 2908 3623 acceptus
2937 3556 3269 3628 cunctisque
3299 3559 3419 3629 pri-

1816 3639 2063 3694 matibus
2081 3639 2401 3694 admodum
2425 3640 3021 3710 extitithonorandus,
3040 3659 3213 3715 quem
3228 3647 3422 3702 senior

1816 3728 2028 3784 suimet
2050 3728 2456 3785 benedictione
2479 3730 2670 3784 etsolo
2685 3730 2922 3786 nomine
2935 3733 3312 3804 precellehat;
3331 3753 3421 3792 ve-

1424 3847 1659 3903 VARUE
1713 3848 2110 3908 LECTIONES.

197 3965 280 4002 1m
307 3961 424 4016 add.
458 3961 542 4017 ιζ’.
620 3969 713 4003 1³29
745 3965 864 4016 oste
890 3963 1124 4016 actenus
1157 3963 1240 4014 la.
1321 3967 1414 4001 1880
1441 3956 1733 4031 Sequentz'a
1761 3974 1922 4031 usque
1953 3957 2027 4012 ad
2061 3957 2219 4013 verba
2243 3961 2444 4031 capitis
2467 3959 2558 4014 46.
2585 3957 2758 4014 media
2795 3961 2910 4031 fere
2939 3960 3166 4016 lucebat
3195 3965 3420 4019 matro-

137 4034 346 4106 nasjpse
375 4034 720 4106 Thietmarus
749 4037 988 4086 exaravit
1018 4036 1073 4106 in
1102 4033 1219 4088 cod.
1252 4031 1350 4106 fol.
1392 4029 1538 4086 128’:
1560 4033 1658 4106 129
1689 4036 1736 4106 et
1787 4029 1926 4106 129’.
1955 4031 2096 4106 ἱηίι.⁸
2130 4029 2468 4106 _Judeorum
2519 4029 2814 4106 synagoga
2845 4035 2897 4088 2.
2937 4032 3252 4089 Judeorum
3283 4050 3418 4106 pars

135 4100 282 4175 4.8L
352 4113 443 4146 im
494 4119 615 4158 non
669 4105 884 4175 hoc_—
914 4104 1101 4175 gratia
1130 4118 1218 4175 ac
1261 4101 1476 4175 desunt_
1504 4107 1553 4167 l,
1584 4102 1784 4155 absciso
1831 4103 2010 4170 primo
2059 4100 2158 4169 fol.
2196 4105 2323 4175 _l_29.
2365 4100 2940 4175 versuﬁSupplévimus
2968 4121 3031 4158 ex
3062 4109 3112 4160 2.
3191 4100 3420 4161 mitib-

137 4170 244 4244 sida
269 4178 316 4228 2.
392 4185 484 4218 13M
513 4192 600 4229 ea.
634 4170 1169 4230 celeriterfremisit
1196 4178 1244 4230 1.
1323 4171 1514 4244 m{In
1544 4176 1598 4244 '2.
1628 4189 1745 4242 quae
1772 4176 2065 4242 sequuntur
2118 4171 2268 4225 valde
2315 4179 2520 4226 mutata
2559 4170 2658 4226 ita'
2677 4170 2930 4244 leguntur
2961 4177 3117 4244 (Acta
3145 4175 3251 4233 SS.
3280 4178 3425 4236 ιιιιηί

136 4239 364 4318 1.p._926
397 4263 409 4300 :
446 4245 830 4318 Walthardusﬁ,
859 4246 1116 4318 quamvis
1133 4246 1383 4315 potestas
1408 4243 1557 4318 dura
1587 4239 2106 4318 interpretatur,—
2135 4258 2362 4318 severus
2384 4239 3071 4318 in_aperto,i'mitissimus
3102 4248 3164 4304 in
3195 4251 3417 4308 occulto

135 4315 555 4398 sentiebatur.——
589 4318 771 4398 Horno
797 4314 904 4398 fuit
931 4314 1388 4398 temperatus,—
1408 4315 1554 4398 bene
1580 4314 1989 4398 morigeratus;
2037 4343 2083 4354 -—
2105 4314 2342 4398 gemina
2363 4315 2628 4398 pollebat
2650 4316 3300 4398 dilectione,T-su_m_ma
3313 4322 3422 4398 flo-

137 4383 282 4460 rebat
301 4389 675 4460 religione.—
703 4388 916 4460 Creber
935 4389 994 4442 in
1019 4383 1563 4460 vigiliis,’—Aoraba_t
1592 4384 1651 4438 in
1689 4383 2075 4460 lacrymis;_—
2102 4384 2302 4460 largus
2325 4383 2676 4460 e‘lemosinis,
2696 4419 2766 4433 ς
2792 4405 2963 4460 opem
2997 4391 3218 4446 ferebat
3248 4392 3420 4449 mise-

139 4453 221 4529 ris.
263 4487 305 4497 -
332 4453 435 4513 Hie
449 4461 766 4514 honoratus
792 4453 1196 4526 virtutibus,—
1225 4456 1348 4529 regi
1375 4456 1636 4529 placebat
1661 4459 1720 4509 et
1746 4453 2120 4529 primatibus;
2147 4453 2222 4529 :4
2253 4455 2324 4509 ab
2353 4455 2462 4529 hoc
2493 4453 2909 4525 amabaturf—
2939 4461 3011 4514 ab
3043 4461 3150 4514 illis
3180 4477 3423 4518 venera-

138 4522 379 4583 batur.—
400 4531 560 4585 Hunc
587 4547 720 4585 suus
751 4522 1533 4600 predecessorbenedictione
1559 4557 1627 4600 -_—§
1659 4530 1716 4580 et
1743 4522 1863 4600 solo
1895 4525 2246 4600 precellebat
2271 4525 2529 4600 nomine.
2551 4557 2623 4600 g—
2654 4522 2898 4584 Ecclesia
2930 4547 3028 4584 sue
3063 4531 3119 4584 in
3151 4533 3422 4590 omnibus

139 4623 198 4672 .—
227 4606 613 4673 propugnator
639 4596 767 4655 erat
783 4601 1148 4673 fortissimus.
1172 4631 1243 4639 —
1260 4599 1394 4654 Sine
1412 4598 1587 4673 omni
1608 4596 1972 4673 iactantia}
1993 4596 2190 4651 vicinis
2213 4597 2327 4673 suis
2351 4597 2636 4673 impendit
2663 4601 2930 4673 plurima.
2951 4631 3020 4640 —
3045 4602 3128 4656 Me
3149 4603 3422 4663 audiente

137 4663 435 4742 juravit';
452 4676 510 4727 et
539 4687 642 4742 pro
669 4689 800 4726 vero
825 4672 1155 4734 affirmavit,
1179 4702 1245 4710 —
1275 4669 1432 4741 quod
1462 4686 1580 4742 non
1609 4686 1713 4742 per
1742 4668 2125 4742 ambitionem
2157 4669 2409 4742 —__hﬁunc
2434 4663 2748 4742 expetisset
2778 4672 3093 4736 honorem;
3120 4704 3190 4712 —
3219 4675 3320 4731 sed
3349 4679 3424 4734 ob

141 4737 422 4813 utilitatem
453 4737 686 4798 ecclesie
712 4744 1028 4798 laborantis
1055 4775 1120 4784 -—
1152 4746 1209 4796 et
1230 4737 1357 4812 jam
1379 4757 1526 4813 pene
1544 4737 1890 4813 deficientis.
1913 4769 1980 4813 _—-
2008 4739 2158 4806 Scio,
2191 4739 2350 4813 dixit,
2385 4757 2478 4813 me
2500 4737 2620 4796 esse
2652 4741 3035 4813 immeritum,
3065 4772 3134 4785 -—
3163 4745 3271 4799 hoc
3301 4765 3422 4802 sus-

142 4806 312 4885 eipere
341 4814 614 4868 officium.
640 4844 712 4855 —
731 4816 877 4869 Sunt
897 4815 954 4868 hi
985 4813 1098 4870 duo
1125 4806 1332 4867 fratres
1345 4806 1495 4885 quos
1518 4811 1766 4885 libenter
1791 4810 2114 4885 elegissem,
2137 4811 2270 4885 -—wsi
2296 4812 2374 4865 sic
2395 4812 2510 4867 ullo
2535 4812 2710 4885 modo
2741 4811 2867 4867 fieri
2895 4806 3141 4885 potuisse
3164 4815 3419 4874 scissem.

142 4907 204 4966 τ
222 4881 399 4966 iustus
423 4889 481 4939 et
510 4889 678 4966 tenax
704 4885 1187 4966 propositif—‘vir
1207 4885 1310 4966 iste
1467 4882 1661 4963 sui.:-—
1692 4881 1935 4966 Laudari
1958 4899 2017 4936 se
2039 4882 2111 4936 ab
2143 4882 2265 4935 aliis
2296 4899 2413 4966 non
2440 4883 2768 4966 appetebat,
2790 4915 2858 4964 7-
2879 4881 2983 4938 nec
3013 4885 3138 4966 aliis
3168 4885 3421 4966 ipse__de-

147 4951 403 5033 trahebat.
425 4951 932 5033 —”Ge_nea'logiam
964 4955 1122 5033 duxit
1170 4959 1235 5033 et
1263 4953 1632 5033 nobilissimis
1680 4953 1982 5033 natalibus.
2009 4984 2081 4994 —
2111 4969 2288 5033 quam
2327 4951 2637 5033 extollebat
2667 4954 2834 5033 bonis
2877 4955 3158 5033 moribus.
3187 4951 3260 4997 '—-
3291 4959 3422 5033 Ejus

147 5024 297 5105 pater
321 5026 426 5105 Erp
465 5024 999 5105 dicebatur,'—_qui
1029 5028 1144 5105 vita
1170 5025 1440 5105 laudabili
1468 5024 1873 5105 ldecorabatur,
1904 5041 2068 5080 carus
2099 5024 2367 5105 omnibus
2393 5057 2466 5105 —‘-
2491 5024 2606 5080 suis
2635 5027 3185 5105 contemporalibus.
3209 5057 3277 5105 ‘—
3307 5024 3421 5086 Ma-

148 5094 226 5170 ter
253 5097 364 5170 ejus
391 5094 714 5170 Mulradis
736 5094 1066 5169 nomine,—
1097 5100 1154 5153 et
1182 5097 1442 5153 castitate
1462 5097 1679 5152 florens
1702 5099 1761 5151 et
1779 5096 1934 5152 bono
1965 5112 2236 5170 Opere,—-
2258 5097 2414 5154 bona
2429 5098 2587 5152 fama
2607 5095 2744 5151 alias
2762 5125 2834 5140 —
2852 5094 3079 5168 preibat
3107 5101 3424 5160 matronas.

150 5168 234 5206 “"
261 5168 608 5227 mittissimus
643 5175 663 5226 1
700 5189 753 5230 a.

1680 5257 1902 5316 NOTE.

215 5383 353 5460 (777)
388 5389 670 5448 Coennern
703 5388 763 5446 in
801 5389 1011 5446 circulo
1066 5389 1276 5444 Salano
1327 5385 1722 5440 annumerata

153 5458 481 5523 praefecturae
508 5463 986 5518 Giebichenstein.
1031 5462 1159 5515 Uas.

215 5529 983 5608 (338)§c.'l‘heodoricum.h
1072 5607 1076 5608 ί
1447 5599 1458 5608 ,
1535 5598 1545 5608 ι
1634 5597 1644 5608 ,

219 5597 347 5682 (779)
387 5605 607 5682 Manica
620 5605 782 5682 apud
811 5605 1153 5682 architectos
1175 5599 1463 5682 illius‘tevi
1490 5597 1720 5682 signifi-

159 5675 241 5725 cat
265 5672 493 5745 cujusvis
524 5672 772 5749 aedificii,
815 5676 1138 5750 praesertim
1171 5672 1400 5745 templi,
1428 5672 1580 5728 latus
1606 5672 1719 5727 sive

1818 5384 2088 5440 latiorem
2119 5385 2244 5456 ejus
2269 5387 2518 5456 partem.
2556 5383 2694 5456 Uas.

1890 5437 2760 5526 (5'86)ibe'obsidioneﬁciviatis
2785 5457 3048 5513 Metensis
3091 5475 3245 5516 anno
3291 5462 3431 5519 1012
3517 5437 3524 5446 Ι

1820 5543 1872 5581 v.
1906 5526 2178 5599 Balderici
2212 5526 2424 5581 Chron.
2459 5527 2752 5584 Camerac.
2786 5530 2826 5586 l.
2860 5543 2950 5599 In,
2977 5546 3026 5586 c.
3060 5533 3111 5588 3.

1890 5598 2038 5671 (781)
2067 5597 2136 5655 V.
2169 5612 2341 5668 supra
2365 5599 2407 5653 l.
2438 5615 2478 5668 ι,
2511 5615 2560 5655 c.
2604 5603 2659 5654 2.
