3900 6216
187 407 339 461 1349

1451 403 1864 459 CHRONICCN.
1910 435 1981 445 —
2025 403 2151 458 LIB.
2192 403 2279 460 Vl.

3385 409 3521 467 £350

179 533 412 582 ratione
439 541 587 581 mens
629 525 766 596 regis
793 524 1026 579 alienata
1055 530 1129 578 est
1155 541 1189 578 α
1218 523 1389 591 vobis,
1431 540 1488 580 eo
1526 525 1666 596 quod
1697 534 1814 596 post
1833 530 2102 589 ἀίξαι-ειη
2129 523 2422 596 indignus,
2440 522 2500 580 in
2512 525 2907 598 Magadaburg
2930 524 3198 597 primitus
3217 527 3513 598 id-rescivi,

184 615 596 670 ordinationem
651 621 887 670 vestram
942 619 1132 669 contra
1195 631 1312 668 eum
1377 615 1541 668 multa
1607 617 1819 684 operari

185 705 570 759 studuz'ssetis‘?
613 705 679 758 Et
709 704 801 758 ille
834 720 846 758 :
883 703 1093 758 Credite
1131 705 1289 770 mihi,
1332 704 1560 768 obsecro,
1601 704 1812 769 credite,

187 793 600 864 ingeminans,
629 795 758 865 quia
790 797 844 847 in
888 794 984 848 hoc
1032 793 1310 864 cuqiabilis
1346 810 1452 848 non
1498 811 1638 852 sum.
1671 793 1814 847 Cum

191 887 401 936 autem
460 881 790 952 percontari
850 883 1002 937 hunc
1057 883 1285 949 vellem,
1339 897 1441 935 cur
1487 885 1646 936 tanto
1703 882 1814 935 cito

193 971 437 1036 obierit,
468 970 751 1040 evigilavi,
786 975 843 1024 et
873 971 980 1024 hoc
1009 970 1152 1024 scire
1184 987 1298 1024 non
1333 970 1488 1024 licuit
1519 969 1678 1023 mihi.
1709 971 1818 1023 Ac-

193 1059 331 1128 cepi
373 1063 501 1130 post
538 1075 571 1112 a
598 1059 890 1114 veracibus
918 1067 1032 1124 1m,
1079 1059 1232 1129 quod
1265 1058 1312 1112 is
1342 1067 1435 1100 mo
1461 1057 1518 1111 in
1552 1058 1814 1112 omnium

196 1147 768 1202 commemoratione
783 1151 1113 1202 sanctorum
1135 1147 1340 1202 divinis
1361 1149 1680 1200 clementer
1693 1163 1817 1217 pre-

194 1236 427 1290 sentari
459 1239 780 1290 mereretur
825 1236 1137 1292 obtutibus.
1192 1235 1376 1290 Omne
1424 1236 1577 1306 quod
1617 1235 1688 1289 de
1719 1236 1814 1289 illo

200 1322 348 1388 dixi,
381 1339 498 1378 non
530 1324 601 1378 de
625 1324 854 1394 speciali
877 1326 1072 1396 aliqua
1092 1325 1300 1380 suimet
1325 1326 1562 1380 caritate
1580 1323 1813 1395 protuli,

200 1412 348 1482 quia
362 1429 560 1466 verum
588 1417 691 1479 est,
715 1414 869 1484 quod
901 1418 1035 1468 ante
1059 1415 1522 1469 benedictionem
1543 1431 1706 1467 suam
1721 1421 1816 1456 1³⁵0

203 1499 584 1554 mediocriter
614 1500 809 1555 dilexit
839 1517 953 1566 me,
987 1506 1044 1555 et
1074 1503 1148 1556 ob
1179 1502 1574 1556 defensionem
1608 1501 1818 1557 suimet

203 1588 483 1642 acelesim
529 1588 752 1658 inpedit
799 1591 984 1643 multa
1024 1606 1188 1643 meae.
1223 1589 1488 1646 Veritatis
1536 1591 1722 1660 gratia
1760 1594 1818 1644 et

204 1675 509 1747 obprobrii
525 1677 597 1730 ob
622 1677 1001 1732 mutationem
1024 1677 1421 1749 subsequuturi
1459 1679 1579 1732 11830
1598 1680 1818 1732 locutus

203 1781 362 1831 sum,
393 1765 619 1820 minora
645 1782 821 1837 quam
852 1766 917 1837 (f.
951 1766 1091 1837 l3l’)
1129 1766 1364 1832 fuerint,
1409 1767 1544 1837 quia
1586 1771 1714 1837 post
1756 1782 1816 1819 se

1915 617 1973 669 et
2002 630 2134 668 mox
2163 613 2236 668 ad
2266 613 2531 685 reginam
2561 613 2830 670 velociter
2849 614 2983 671 abii.
3015 615 3228 672 Omnes
3259 633 3365 672 nos
3379 633 3516 673 con-

1916 702 2292 774 provinciales
2309 703 2472 773 juxta
2517 702 2748 758 Mildam
2780 704 2983 758 sedere
3013 707 3073 759 et
3101 705 3175 759 ad
3204 704 3516 764 adventum

1916 791 2066 862 regis
2093 791 2217 844 haec
2242 791 2441 847 omnia
2466 790 2792 863 providere,
2826 792 2898 848 ab
2931 809 3000 847 ea
3022 793 3163 863 jussi
3190 810 3404 850 sumus.
3425 795 3518 851 In-

1916 878 2086 932 terim
2119 895 2217 932 rex
2243 879 2314 934 ab
2346 879 2711 949 expeditione
2742 880 3084 936 occidentali
3113 883 3442 951 revertitur,
3462 889 3522 940 et

1916 968 2278 1022 Gerenonem
2305 970 2452 1038 (789)
2486 967 2696 1022 suimet
2721 971 3084 1040 capellanum
3108 987 3324 1043 ponere
3347 971 3407 1045 in
3429 990 3521 1028 va-

1918 1071 2088 1110 cuum
2117 1063 2211 1099 1⁸η
2241 1059 2505 1111 conatur.
2542 1055 2678 1110 Huic
2729 1058 2918 1127 presul
2950 1058 3180 1114 Hericus
3211 1076 3518 1116 occurrens

1919 1145 2447 1215 etisulegationem
2475 1153 2568 1186 ηδτ
2581 1161 2743 1199 suam
2771 1155 2864 1187 ιδδο
2889 1147 3173 1216 aperiens,
3206 1165 3323 1205 non
3344 1167 3515 1206 exau-

1919 1232 2090 1289 ditur.
2115 1233 2442 1287 Thiedricus
2467 1242 2562 1275 mo
2588 1249 2768 1303 nepos
2802 1249 2965 1289 meus
2991 1239 3128 1290 tunc
3157 1238 3231 1291 ad
3259 1237 3514 1295 Gronam

1918 1325 2148 1376 vocatus
2173 1321 2351 1387 venit,
2384 1324 2444 1376 et
2467 1339 2501 1376 a
2530 1338 2668 1391 rege
2691 1337 2794 1391 per
2817 1337 3023 1377 manus
3042 1325 3365 1396 suscipitur,
3381 1328 3514 1383 etin

1918 1410 2034 1464 vice
2060 1411 2298 1464 Geronis
2325 1410 2594 1481 deinceps
2625 1410 2888 1465 habetur.
2913 1412 2975 1465 In
3007 1413 3183 1467 natali
3211 1415 3391 1470 sancti
3408 1417 3522 1473 Ma-

1919 1498 2036 1553 t-hei
2079 1499 2318 1569 apostoli
2349 1497 2510 1568 (Sept.
2544 1498 2635 1568 2t)
2667 1515 2763 1552 rex
2804 1499 2875 1554 ad
2910 1499 3193 1555 Sehusum
3223 1502 3421 1572 venit;
3463 1507 3520 1559 et

1919 1603 2025 1656 ego
2057 1586 2424 1653 accedebam,
2449 1589 2502 1640 et
2533 1603 2662 1640 cum
2689 1589 2813 1657 jam
2842 1591 3071 1658 tempus
3101 1592 3270 1659 esset,
3291 1607 3517 1648 ammo-

1919 1676 2017 1730 nui
2038 1677 2191 1730 hunc
2213 1693 2412 1732 coram
2432 1677 2651 1731 cunctis
2673 1677 3079 1747 residentibus,
3101 1683 3162 1734 ut
3187 1681 3404 1752 aliquid
3424 1691 3519 1726 1m

1918 1767 1988 1820 de
2013 1766 2315 1838 parrochia
2332 1766 2575 1821 meimet
2595 1766 2930 1838 easterisque
2947 1769 3120 1824 rebus
3137 1769 3348 1840 injuste
3367 1772 3521 1828 abla-

206 1855 520 1908 meliorem
558 1857 780 1910 nullum
813 1857 1236 1928 reliquit-Post
1263 1856 1431 1926 hujus
1461 1857 1814 1926 sepulturam
1844 1839 1896 1899 Β
1919 1853 1988 1908 tis
2012 1857 2147 1908 ante
2180 1854 2662 1909 constitucionem
2693 1855 2754 1922 (f.
2795 1856 2927 1926 132’)
2964 1839 3366 1929 archipresulis
3383 1877 3518 1916 cum

203 1944 447 1999 Hericus
492 1945 724 2000 antistes
761 1962 826 1999 ex
872 1949 1066 2000 nostra
1107 1949 1270 2017 parte
1319 1946 1391 1999 ad
1433 1962 1632 2015 regem
1683 1961 1812 1999 cum

204 2036 495 2092 electione
527 2035 795 2101 mittitur,
825 2035 914 2088 cui
949 2051 1080 2089 mox
1109 2034 1412 2105 epistolam
1447 2035 1516 2088 de
1546 2033 1812 2088 atecclesize

205 2126 563 2180 detrimento
585 2140 730 2178 mea:
750 2131 843 2166 ιιιο
857 2123 1185 2194 inscriptam
1202 2125 1258 2177 et
1279 2122 1430 2194 regis
1441 2122 1834 2179 clementiam.

203 2218 648 2270 ammonentem
679 2211 959 2268 commisi.

275 2306 370 2358 48.
391 2303 624 2358 Interim
647 2302 1114 2372 Bolizlavus(787)
1143 2301 1214 2355 de
1243 2317 1381 2356 nece
1413 2301 1816 2372 archipresulis

204 2397 420 2454 certus,
445 2395 798 2463 congregato
822 2391 1093 2456 exercitu,
1130 2390 1457 2456 Libusuam,
1478 2390 1547 2445 de
1564 2407 1677 2461 qua
1694 2407 1817 2461 pre-

206 2482 348 2547 dixi,
375 2480 576 2553 peciit;
608 2479 818 2550 etquia
841 2479 1074 2540 sciebat,
1097 2479 1170 2532 ob
1198 2478 1538 2533 effusionem
1563 2477 1720 2532 Albis
1749 2495 1813 2532 ex

209 2575 412 2626 nostra
443 2572 605 2642 parte
629 2570 848 2623 nullum
882 2567 1121 2622 urbanis
1150 2583 1314 2639 posse
1337 2567 1407 2622 ad
1425 2567 1698 2622 auxilium
1721 2583 1815 2620 ve-

210 2660 340 2714 nire
359 2660 796 2712 castrametatus
823 2661 908 2711 est
942 2655 1038 2710 ibi.
1061 2656 1213 2711 Miles
1244 2656 1364 2727 ejus
1385 2664 1479 2698 ηδο
1499 2656 1571 2710 ad
1601 2657 1817 2710 bellum

212 2750 482 2805 hortatus
509 2747 763 2812 accessit,
787 2749 845 2800 et
874 2746 1146 2800 defensor
1165 2745 1238 2800 ad
1270 2744 1561 2799 modicum
1587 2745 1816 2804 resistit.

211 2840 485 2908 Magnam
509 2835 664 2889 enim
697 2835 845 2888 hanc
872 2834 1077 2888 urbem
1107 2833 1183 2887 nil
1213 2833 1320 2886 nisi
1353 2834 1508 2887 mille
1554 2834 1820 2888 homines

211 2927 550 2989 tuebantur,
578 2924 668 2977 cui
698 2924 784 2977 vix
806 2925 897 2977 ter
921 2922 1164 2977 totidem
1186 2926 1556 2992 suppeterent
1576 2931 1686 2975 "51.
1713 2925 1821 2977 Bo-

210 3017 446 3072 lizlavus
470 3015 544 3069 ad
571 3014 876 3086 prandium
900 3013 1156 3077 sedebat,
1182 3015 1237 3065 et
1255 3013 1527 3066 satellites
1557 3029 1687 3067 suos
1696 3013 1821 3082 jam

1917 1960 1984 1998 eo
2005 1943 2275 1998 voluisset
2292 1947 2558 1998 tractare.
2583 1943 2664 1999 Ibi
2688 1961 2782 1998 me
2805 1948 2942 1999 tunc
2963 1945 3146 2002 firma:
3164 1947 3520 2006 suimetﬁdei

1917 2032 2228 2099 commisit,
2255 2034 2316 2086 ut
2343 2048 2474 2086 cum
2497 2031 2732 2102 justicia
2757 2036 2856 2087 aut
2883 2032 2990 2087 alie
3018 2035 3230 2090 salubri
3250 2036 3371 2091 11ωο
3393 2037 3520 2094 ﬁni-

1913 2124 2134 2176 rentur.
2167 2122 2403 2175 Postera
2431 2119 2523 2174 die
2549 2136 2646 2174 rex
2668 2119 2741 2174 ad
2769 2120 3160 2194 Magadaburg
3186 2123 3517 2194 veniens,in

1915 2208 2220 2264 refectorio
2252 2208 2499 2262 fratrum
2526 2224 2730 2264 omnes
2769 2225 2872 2264 nos
2895 2212 3207 2266 convenire
3239 2214 3520 2285 precepit.

1917 2297 1996 2352 lbi
2017 2301 2154 2352 tunc
2183 2296 2361 2368 regali
2392 2295 2698 2368 peticione,
2739 2300 2798 2351 et
2828 2304 2920 2339 m9
2951 2299 3103 2354 salva
3132 2300 3190 2355 in
3221 2305 3520 2371 posterum

1917 2385 2218 2447 electione,
2244 2386 2388 2440 Gero
2417 2386 2806 2440 communiter
2837 2385 3066 2458 eligitur
3107 2387 3273 2460 (Sept.
3298 2390 3381 2461 22)
3407 2409 3421 2459 ;
3464 2395 3523 2447 et

1919 2475 1977 2528 in
2012 2475 2266 2529 uecelesia
2291 2491 2348 2528 se
2379 2474 2647 2546 primitus
2680 2473 2845 2529 altari
2873 2475 3128 2543 tradens,
3158 2482 3216 2532 et
3253 2495 3524 2538 commu-

1920 2563 2156 2619 nionem
2179 2563 2423 2617 fratrum
2459 2566 2522 2618 10
2547 2563 2762 2618 mansis
2779 2563 3083 2636 acquirens
3105 2574 3220 2636 1800,
3252 2568 3522 2624 baculum

1921 2671 1954 2708 a
1973 2667 2109 2722 rege
2140 2650 2362 2723 accepit
2383 2652 2771 2724 pastoralem;
2815 2655 2874 2706 et
2917 2668 3051 2707 mox
3080 2653 3524 2730 inthronizatus,

1921 2742 1991 2796 ab
2041 2741 2180 2796 Eido
2226 2745 2431 2796 unctus
2472 2743 2559 2795 est
2595 2739 2887 2814 episcOpo,
2924 2741 3090 2796 nobis
3137 2744 3527 2802 confratribus

1923 2830 2192 2902 predictis
2237 2847 2370 2885 eum
2404 2839 2497 2872 m9
2523 2830 2943 2901 adjuvantibus.
2976 2831 3343 2890 Theheorum
3363 2835 3526 2893 festi-

1925 2921 2065 2974 vitas
2086 2922 2409 2990 martyrum
2436 2937 2470 2974 a
2511 2936 2646 2990 rege
2676 2919 2753 2974 ibi
2778 2919 3003 2975 celebre
3033 2920 3280 2990 ducitur,
3311 2927 3370 2979 et
3397 2931 3527 2996 post

1925 3009 2046 3062 haec
2075 3009 2148 3062 ab
2177 3008 2606 3080 archiepiscopo
2635 3009 2956 3080 magniﬁcis
2994 3011 3330 3068 muneribus
3367 3014 3525 3072 idem

210 3106 458 3160 victores
471 3104 673 3157 urbem
691 3101 916 3173 ingredi
933 3100 1190 3170 gaudens
1206 3101 1494 3154 cernebat.
1515 3103 1823 3172 Portaape-
1845 3121 1892 3179 ο
1924 3113 2054 3151 cum
2087 3099 2200 3151 suis
2231 3097 2498 3152 omnibus
2527 3097 2867 3152 honoratur.
2897 3099 3036 3154 Inde
3061 3099 3141 3154 hii
3166 3109 3258 3142 18”
3288 3102 3363 3156 ad
3382 3103 3525 3160 Mer-

214 3195 365 3249 ritur
391 3196 447 3247 et
474 3192 792 3246 multorum
816 3189 1048 3260 sanguis
1071 3188 1400 3242 effunditur.
1424 3188 1737 3259 Capiuntur
1757 3208 1823 3244 ex

211 3283 324 3338 hiis
348 3289 444 3323 Im
460 3279 667 3351 optimi
692 3276 1034 3332 Guncelinus
1061 3293 1127 3331 ac
1146 3277 1297 3331 Wiso
1326 3285 1440 3344 1³³³,
1474 3279 1530 3330 et
1564 3277 1822 3347 ejusdem

218 3370 423 3426 infelix
461 3373 651 3423 custos
693 3366 822 3421 Scih
863 3373 956 3408 1m
990 3367 1334 3420 vulneratus.
1368 3367 1418 3419 ls
1443 3382 1694 3438 namque
1729 3383 1822 3420 ur-

210 3462 378 3527 bem,
406 3473 832 3531 quamcumque
859 3471 1138 3528 umquam
1171 3455 1244 3509 ad
1276 3454 1554 3509 tuendum
1585 3455 1822 3525 accepit,

217 3567 339 3606 non
368 3557 465 3591 1³⁵0
484 3547 714 3619 ignavia
731 3545 836 3611 sui,
859 3545 956 3599 sed
974 3544 1293 3599 infortunio
1327 3543 1825 3609 miserabili,sem-

219 3655 325 3711 per
355 3635 568 3692 amisit.
598 3634 908 3688 Hiiomnes
935 3633 1085 3686 ducti
1118 3636 1247 3686 sunt
1274 3632 1331 3686 in
1361 3631 1708 3704 presentiam
1731 3651 1823 3689 su-

221 3726 389 3800 perbi
419 3722 882 3794 triumphatoris,
915 3723 1076 3793 cujus
1116 3721 1305 3776 edictu
1349 3737 1483 3776 mox
1532 3722 1605 3777 ad
1639 3727 1825 3779 custo-

223 3813 506 3869 diendum
557 3809 786 3865 abducti
831 3812 982 3864 sunt.
1032 3809 1110 3863 Ex
1152 3809 1317 3863 sociis
1360 3813 1554 3864 autem
1587 3811 1829 3882 predicti

223 3903 386 3959 ducis
420 3919 535 3956 non
584 3899 774 3954 minus
808 3915 984 3970 quam
1027 3898 1331 3970 quingenti
1354 3899 1413 3970 (f.
1449 3903 1570 3970 132)
1610 3900 1828 3958 ibidem

223 3993 654 4048 remanserunt.
690 3990 861 4043 Facta
883 3991 970 4042 est
999 4004 1132 4042 vero
1159 3988 1282 4042 haec
1303 3988 1645 4045 miserabilis
1665 3993 1832 4047 cedes

225 4084 295 4137 13
323 4079 611 4136 Kalendas
641 4076 999 4150 Septembris
1033 4077 1207 4148 (788),
1236 4076 1425 4132 Divisa
1450 4081 1584 4132 tunc
1611 4079 1832 4135 inmani

224 4169 412 4243 preda
443 4184 507 4222 ac
545 4168 685 4222 urbe
717 4167 970 4232 incensa,
999 4164 1196 4219 victrix
1244 4165 1414 4220 turba
1445 4183 1579 4220 cum
1609 4168 1833 4224 seniore

226 4275 332 4314 suo
365 4259 496 4313 laeta
518 4257 709 4311 rediit.

297 4347 392 4400 49.
423 4345 509 4398 Ab
537 4341 908 4397 internuntiis
939 4340 1343 4396 festinantibus
1377 4341 1501 4396 haec
1537 4342 1743 4414 regina
1774 4344 1832 4398 in

225 4433 562 4502 Merseburg
589 4435 723 4486 tunc
756 4447 997 4485 manens
1032 4430 1312 4502 conperit.
1347 4431 1464 4501 Ego
1495 4435 1688 4486 autem
1704 4450 1832 4506 pre-

228 4523 404 4597 positi
436 4523 574 4577 dum
600 4524 791 4576 ortatu
821 4519 1068 4591 Redingi
1098 4520 1212 4574 duo
1241 4520 1466 4587 altaria,
1496 4538 1700 4588 unum,
1741 4523 1835 4578 ubi

229 4611 692 4684 archiepiscopus
707 4608 1031 4682 requiescit,
1047 4611 1104 4662 et
1125 4607 1281 4663 aliud
1299 4607 1356 4662 in
1377 4606 1833 4680 septemtrionali

229 4700 493 4775 ejusdem
512 4699 712 4768 templi
736 4701 898 4768 parte
923 4700 976 4750 ll
1006 4696 1289 4751 Kalendas
1303 4695 1660 4768 Septembris
1673 4696 1833 4750 dedi-

1924 3185 2102 3256 sburg
2125 3188 2503 3256 properantes
2535 3185 2632 3240 diu
2679 3186 2755 3240 ibi
2797 3189 3136 3256 manebant,
3163 3193 3222 3244 et
3254 3207 3528 3263 procura-

1925 3274 2145 3329 tionem
2157 3273 2323 3344 regni
2345 3289 2476 3328 cum
2496 3282 2586 3316 ωσι
2609 3275 2851 3330 summis
2868 3277 3213 3334 tractabant.
3232 3280 3529 3341 Erluvinus

1927 3362 2358 3419 Camaracensis
2384 3369 2480 3404 im
2511 3361 2811 3434 episcopus
2843 3363 2901 3418 in
2932 3363 3040 3419 hoc
3071 3381 3248 3434 anno,
3281 3385 3346 3424 ac
3379 3371 3527 3428 Con-

1926 3451 2098 3506 radus
2123 3455 2181 3506 et
2211 3450 2594 3506 Herimannus
2620 3466 2764 3520 puer
2795 3451 2966 3507 duces
2996 3454 3216 3524 egregi,
3258 3457 3530 3515 obierunt

1929 3543 2092 3611 (790).
2132 3539 2378 3604 Quidam
2407 3556 2543 3594 vero
2582 3540 2898 3594 monachus
2946 3540 3285 3598 inﬁrmitate
3313 3562 3530 3618 magna

1927 3631 2249 3703 depressus,
2300 3629 2482 3684 multa
2530 3645 2634 3699 per
2687 3628 2866 3683 visum
2913 3629 3022 3684 sibi
3070 3632 3324 3687 revelata
3366 3634 3530 3706 vidit,

1929 3735 2056 3791 quae
2087 3717 2343 3785 interim,
2381 3717 2518 3773 dum
2548 3717 2669 3791 ipse
2697 3734 2766 3773 ea
2809 3734 3003 3774 secum
3033 3720 3312 3794 loquitur,
3341 3739 3377 3778 a
3400 3741 3532 3796 pre-

1929 3809 2184 3864 sentibus
2214 3807 2437 3879 scriptis
2474 3810 2675 3864 notata
2715 3816 2808 3850 Im
2839 3811 2994 3876 sunt,
3032 3812 3092 3864 et
3127 3825 3234 3881 pro
3276 3812 3533 3870 maxime

1927 3899 2218 3952 habentur
2244 3897 2522 3952 miraculo
2557 3900 2718 3968 (791).
2750 3896 2876 3952 Nati
2917 3901 3053 3952 sunt
3095 3902 3292 3955 autem
3337 3900 3397 3958 in
3427 3901 3537 3957 hiis

1935 3987 2136 4041 diebus
2179 3986 2292 4042 duo
2337 3985 2546 4041 fratres
2589 4002 2720 4040 cum
2751 3985 3039 4055 dentibus,
3080 3987 3142 4043 in
3173 4004 3274 4044 ore
3323 3989 3537 4046 similes

1933 4093 2111 4143 aucag,
2143 4092 2392 4147 quorum
2424 4076 2569 4131 alter
2591 4075 2774 4130 dextri
2795 4075 3100 4132 dimidium
3122 4077 3364 4147 brachii,
3394 4079 3538 4136 sicut

1936 4165 2026 4218 ala
2054 4179 2231 4231 auem,
2273 4163 2526 4219 habebat
2551 4173 2673 4234 1839;
2725 4165 2823 4236 qui
2869 4167 3050 4222 tercia
3087 4165 3179 4221 die
3225 4167 3540 4224 nativitatis

1937 4269 2052 4307 suae
2099 4251 2346 4306 invicem
2385 4252 2646 4308 edentes
2685 4253 2751 4326 (f.
2804 4255 2951 4327 133),
2994 4255 3143 4311 civili
3187 4256 3541 4315 dissensione

1938 4341 2268 4396 moriuntur
2296 4341 2472 4412 (792).
2515 4341 2763 4405 Quidam
2794 4359 2928 4399 vero
2974 4346 3163 4415 miles,
3204 4363 3337 4404 cum
3387 4349 3544 4404 bona

1937 4429 2118 4485 sancti
2149 4429 2460 4485 Clementis
2495 4429 2549 4483 vi
2580 4431 2828 4500 tolleret,
2858 4436 2916 4487 et
2943 4433 3080 4488 inde
3104 4437 3326 4490 rectum
3351 4437 3541 4492 facere

1936 4517 2232 4586 noluisset,
2262 4517 2320 4572 in
2361 4535 2478 4572 una
2503 4518 2729 4574 dierum
2758 4536 2792 4575 a
2822 4521 3082 4576 muribus
3125 4521 3281 4578 intra
3318 4525 3543 4581 cubicu-

1936 4607 2056 4662 lum
2087 4605 2464 4678 impugnatur
2492 4606 2896 4664 ineffabilibus.
2926 4608 3033 4672 Qui
3055 4608 3246 4679 primo
3272 4611 3420 4668 fuste
3451 4630 3542 4669 ar-

1936 4698 2100 4767 repto
2123 4711 2220 4750 eos
2244 4695 2551 4766 prohibere
2575 4701 2887 4768 temptans,
2907 4701 3219 4770 posteaque
3239 4702 3542 4773 evaginato

1551 4849 1779 4904 νΑΒιΑΞ
1825 4847 2115 4904 LECTION
2123 4846 2227 4903 ES.

304 4983 400 5017 ιω
432 4971 716 5027 veratibus
746 4974 794 5025 l.
873 4976 968 5012 1850
995 4967 1118 5022 add.
1153 4966 1232 5022 lb.
1311 4975 1404 5010 1851
1431 4969 1705 5038 superent
1736 4969 1820 5019 la.
1898 4972 1991 5006 1m
2022 4981 2072 5017 e.
2106 4964 2164 5018 h.
2199 4964 2324 5038 add.
2361 4966 2446 5022 lb.
2522 4973 2617 5008 1³⁵³
2642 4964 2802 5020 wisso
2833 4968 2918 5020 la.
2937 4967 3124 5038 primo
3157 4984 3182 5021 s
3213 4975 3418 5038 puncto
3449 4990 3549 5027 no-

229 5052 363 5102 tato.
446 5052 537 5086 ιδδι
569 5043 659 5098 cih
696 5048 758 5097 la
806 5041 948 5095 Isich
989 5041 1066 5097 A.
1102 5039 1166 5095 S.
1243 5047 1338 5082 1855
1368 5055 1442 5092 ua
1469 5038 1608 5092 deest
1654 5038 1882 5092 excisum
1915 5039 1965 5090 1.
2041 5043 2135 5077 im
2175 5040 2232 5091 et
2269 5037 2408 5092 deest
2443 5039 2674 5092 excisum
2709 5039 2757 5090 1.
2839 5037 3143 5102 ιδετδτιρθν

230 5055 363 5102 tato.
446 5055 537 5086 ι³⁵⁴
569 5055 659 5098 cm
696 5055 758 5097 la
806 5055 948 5095 [Slcn
989 5055 1066 5097 A.
1102 5055 1166 5095 θ’.
1243 5055 1338 5082 ιδδδ
1368 5055 1442 5092 ua
1469 5055 1608 5092 deest
1654 5055 1882 5092 exczsum
1915 5055 1965 5090 ι.
2041 5055 2135 5077 που
2175 5055 2232 5091 et
2269 5055 2408 5092 aeesz
2443 5055 2674 5092 excisum
2709 5055 2757 5090 1.
2839 5055 2927 5079 ιιδι
2963 5055 3047 5093 ou
3087 5058 3097 5092 4

230 5118 426 5186 legitur
449 5132 578 5170 cuu.
656 5122 751 5158 ηδε
805 5112 968 5183 aliqit
1022 5115 1070 5165 1.
1151 5119 1244 5154 1m
1275 5109 1400 5164 add.
1429 5108 1511 5163 1ὀ.
1587 5116 1683 5151 1³60
1714 5106 2015 5179 acquirans
2044 5123 2179 5164 corr.
2229 5108 2529 5180 acquirens
2563 5111 2612 5163 1.
2691 5115 2783 5150 1³61
2813 5109 2897 5164 tta
2934 5111 3000 5165 Α.

233 5197 327 5233 ius
359 5204 426 5243 ra
459 5188 687 5242 excisum
722 5189 769 5240 1.
849 5191 941 5226 1³⁸³
973 5186 1111 5238 nota
1152 5186 1202 5240 1.

3194 5039 3547 5121 legationem

3147 5115 3375 5166 exorsum
3405 5115 3461 5168 in
3494 5118 3544 5170 1.

1785 5250 2007 5308 ΝΟΤίΕ.

305 5379 449 5450 (787)
482 5377 605 5450 Dux
636 5375 910 5450 Poloniaa.

302 5440 456 5523 (788')
492 5449 712 5503 Necrol.
736 5447 997 5514 Merseb.,
1023 5449 1172 5517 Aug.
1209 5445 1296 5499 20.
1326 5440 1644 5496 Lz'ubuzaua
1683 5442 1845 5496 multi

221 5522 456 5598 peremti
490 5526 633 5598 sunt.

305 5594 448 5664 (789)
488 5592 569 5645 De

488 5592 569 5645 De
637 5589 972 5663 parentibus
1043 5585 1280 5644 Geronis
1349 5603 1404 5642 v.
1465 5587 1616 5643 Ann.
1685 5583 1840 5655 Sax.,

233 5685 289 5725 8..
322 5677 484 5721 1026.

2014 5372 2158 5437 (790)
2187 5372 2263 5426 Ex
2296 5372 2443 5424 Ann.
2481 5369 2811 5442 Quedlinb.,
2843 5388 2896 5430 a.
2935 5375 3091 5430 1012.

2014 5442 2158 5494 (771)
2191 5441 2376 5494 Indid.

1940 5442 2164 5640 00(ἓὲἐέ
2460 5510 2788 5584 Quedlinb.,
2824 5515 2882 5572 h.
2913 5533 2967 5572 a.
2992 5515 3087 5573 ubi
3114 5515 3326 5574 melius
3358 5535 3370 5575 :
3404 5519 3550 5576 eieil:

2003 5602 2044 5638 η
2138 5601 2208 5640 Ἢ.
