3900 6216
425 425 555 486 1351

1408 410 1780 469 ΤΗΙΕΤΜΑΒΙ
1806 409 2417 469 MERSEBURCENSIS
2460 414 2776 472 EPISCOPI

3626 425 3763 483 1352

419 560 518 603 cos
546 558 844 617 aggressus
869 537 1085 613 gladio,
1115 540 1174 591 et
1210 534 1288 590 sic
1310 542 1403 577 ιισι
1426 533 1507 589 nil
1528 533 1855 607 proficiens,
1886 549 2020 588 arca
2044 535 2101 595 Α
2127 548 2258 589 eam
2276 533 2447 590 nimis
2469 520 2836 593 laborantem
2856 541 2916 594 et
2930 538 3006 595 ob
3022 538 3136 595 hoc
3151 557 3185 596 a
3205 540 3448 613 psalmis
3466 557 3599 598 non
3613 542 3758 599 deti.

423 636 697 710 quadam,
729 635 792 687 ut
816 631 935 703 ipse
966 625 1209 699 rogavit,
1235 624 1568 690 includitur,
1596 639 1661 678 ac
1678 624 1734 677 in
1763 622 2024 678 medium

419 725 558 780 fune
588 719 956 794 suspenditur
985 734 999 785 ;
1028 719 1086 771 et
1111 730 1243 768 cum
1274 712 1522 767 exterius
1537 714 1659 766 haec
1680 713 1854 783 plaga
1867 713 2026 767 seda-

418 816 528 881 ret,
554 812 759 883 bicque
788 808 936 863 liber
962 803 1103 859 solvi
1134 800 1441 868 debuisset,
1468 800 1542 855 ab
1561 800 1684 856 aliis
1709 804 1827 842 18W
1846 816 2024 871 usque

419 900 493 957 ad
523 902 777 956 mortem
809 910 1074 951 corrosus
1105 890 1396 945 invenitur
1419 889 1592 962 (793).
1622 890 1781 943 Tunc
1806 888 2024 943 cunctis

416 987 779 1062 presentibus
788 986 846 1039 et
857 984 1056 1054 postea
1066 978 1431 1034 venientibus
1445 978 1822 1032 manifestum
1835 977 2019 1043 fitim,

417 1077 573 1151 quod
595 1077 749 1131 hunc
777 1073 864 1128 ira
888 1071 1017 1138 Dei,
1048 1068 1253 1124 vindex
1285 1066 1526 1140 predicti
1568 1066 1861 1130 facinoris,
1902 1069 2022 1121 sola

413 1163 791 1238 consumpsit.

486 1256 574 1311 50.
606 1255 836 1308 Interea
853 1247 1187 1314 Jaremirus,
1222 1247 1292 1301 de
1324 1262 1438 1317 quo
1460 1242 1701 1316 predixi,
1730 1246 1877 1316 regis
1893 1260 2021 1315 gra-

408 1345 555 1401 tiam
584 1340 919 1413 suppliciter
951 1340 1175 1409 petens,
1205 1350 1309 1405 pro
1350 1333 1745 1389 misericordia
1775 1337 1834 1388 et
1862 1333 2021 1388 resti-

410 1432 642 1490 tucione
674 1428 910 1484 exilium
955 1442 1019 1479 ac
1066 1422 1392 1478 custodiam
1438 1420 1718 1477 Ethelboli
1753 1422 2016 1493 presulis,

410 1518 665 1578 Ansfridi
694 1513 1033 1573 successoris
1072 1511 1344 1583 episcopi,
1370 1511 1640 1581 suscepit,
1688 1510 1785 1581 qui
1824 1510 1885 1565 in
1928 1510 2016 1564 in-

410 1624 617 1666 mensa
644 1605 783 1661 cede
818 1601 1225 1659 Bawariorium
1270 1599 1344 1653 ad
1384 1599 1730 1653 Bolizlavum
1771 1598 1893 1653 sine
1926 1607 2019 1641 im

411 1697 565 1770 regis
584 1712 649 1751 ac
679 1693 763 1749 sui
792 1689 1032 1747 licencia
1047 1704 1180 1743 cum
1202 1686 1542 1741 muneribus
1563 1686 1673 1740 iter
1687 1687 2017 1757 agencium,

413 1790 473 1843 et
501 1781 892 1841 trucidacione
939 1777 1047 1833 sibi
1088 1775 1534 1831 commissorum
1578 1777 1636 1828 et
1674 1792 1793 1829 non
1830 1775 2021 1848 aliqua

2128 621 2467 678 cientem.ln
2476 628 2562 680 ter
2575 642 2718 698 quos
2728 627 2837 683 hoc
2849 629 3035 683 solum
3049 645 3149 685 ore
3160 630 3432 686 volvebat
3441 634 3505 686 et
3516 636 3752 687 mente:

2124 702 2238 769 Me,
2291 704 2581 776 inquiens,
2637 712 2859 779 suscepit
2914 709 3130 766 dextera
3178 719 3295 779 tua,
3344 711 3608 780 Domine,
3660 716 3758 784 ipsi

2125 808 2244 845 vero
2284 795 2339 846 in
2363 810 2563 849 vanum
2591 799 2903 868 quesierunt
2921 802 3162 853 animam
3186 817 3362 854 meam
3387 800 3571 873 (Psal.
3598 818 3748 867 Lxm,

2124 883 2177 945 9,
2218 884 2323 946 10).
2357 882 2485 937 Haec
2523 885 2744 940 nullum
2778 886 3021 943 omnino
3047 887 3122 942 ad
3158 905 3254 944 me
3283 890 3602 961 proferens
3632 906 3747 945 ver-

2122 967 2259 1023 bum
2293 986 2422 1024 cum
2456 988 2490 1026 a
2518 989 2612 1026 me
2641 973 3124 1046 interrogaretur,
3167 977 3213 1031 si
3243 981 3447 1032 sancto
3474 977 3745 1033 voluisset

2124 1058 2261 1129 ungi
2293 1060 2444 1126 oleo,
2469 1061 2803 1133 respondit:
2836 1062 3102 1132 Libenter,
3120 1068 3247 1136 quia
3269 1071 3394 1137 post
3421 1066 3526 1120 hoc
3540 1064 3745 1121 σὺ·ὺᾶ

2120 1146 2365 1202 voluntas
2408 1151 2511 1203 cito
2545 1151 2825 1221 perﬁcitur
2870 1155 2925 1206 in
2974 1171 3077 1209 me.
3105 1155 3167 1225 (f.
3208 1156 3329 1215 134)
3368 1154 3742 1210 Vestimentis

2124 1238 2257 1290 tunc
2286 1241 2488 1307 parata
2508 1239 2669 1293 novis
2686 1256 2780 1295 me
2813 1241 3034 1296 vocavit
3056 1262 3071 1309 ;
3096 1245 3156 1296 et
3172 1242 3445 1313 perfectis
3466 1243 3743 1299 omnibus

2121 1324 2195 1379 ad
2218 1326 2552 1381 unctionem
2575 1328 2731 1399 juste
2762 1329 3188 1400 pertinentibus
3213 1348 3227 1386 :
3257 1330 3441 1398 Quam
3460 1331 3662 1403 pulcra
3694 1350 3740 1386 es

2119 1414 2295 1468 nunc!
2325 1413 2439 1469 dixi
2468 1416 2540 1470 ad
2592 1433 2746 1484 eam,
2798 1422 2856 1472 et
2900 1418 3043 1473 illa:
3085 1419 3239 1481 Vide,
3289 1419 3444 1487 inﬁt,
3483 1421 3741 1491 juvenem

2118 1500 2413 1573 formosum
2460 1502 2531 1556 ad
2575 1504 2866 1574 dexteram,
2912 1505 3090 1560 oculis
3126 1505 3448 1577 designans
3488 1508 3553 1561 in
3585 1525 3735 1563 eam.

2120 1590 2254 1645 Post
2280 1591 2403 1645 haec
2440 1590 2749 1663 digressus,
2781 1594 2853 1647 ob
2896 1593 3305 1665 fatigationem
3336 1595 3615 1650 intineris
3644 1597 3736 1651 diu

2120 1677 2386 1743 dormivi,
2420 1684 2478 1734 et
2509 1683 2648 1734 tunc
2676 1682 3077 1753 expergiscens
3103 1683 3295 1737 audivi
3325 1699 3464 1738 eam
3515 1701 3625 1757 pre
3653 1685 3736 1739 ni-

2120 1767 2238 1821 mio
2265 1766 2465 1823 dolore
2483 1769 2735 1838 graviter
2755 1769 3270 1841 ingemiscentem;
3300 1775 3362 1826 et
3390 1772 3639 1845 propius
3656 1789 3740 1827 ac-

410 1871 935 1947 regisinfidelitate,
959 1868 1141 1921 talem
1156 1864 1481 1937 promeruit
1501 1864 1809 1919 ulcionem.
1830 1863 2018 1919 Nostri
2037 1858 2089 1918 B
2120 1856 2349 1947 cedens,
2381 1858 2605 1911 cantavi
2640 1858 2996 1927 psalterium,
3023 1876 3201 1931 usque
3226 1860 3369 1915 dum
3393 1877 3533 1916 eam
3560 1861 3622 1916 in
3644 1879 3741 1916 ex-

410 1966 521 2020 hoc
547 1961 844 2017 audientes
861 1954 1080 2012 inimici
1102 1953 1437 2020 irriserunt;
1466 1952 1647 2007 nostri
1675 1957 1871 2008 autem
1886 1971 2019 2008 con-

413 2052 564 2109 cives
594 2058 689 2094 ίιιι
713 2051 774 2104 ut
804 2046 906 2101 sibi
938 2044 1308 2117 profuturum
1349 2042 1690 2097 timuerunt.
1723 2043 1791 2095 Et
1817 2042 1925 2097 hiis
1948 2043 2015 2096 li-

414 2144 541 2198 ceat
567 2140 626 2195 in
659 2134 985 2207 semetipsis
1025 2134 1133 2188 hoc
1163 2132 1381 2186 factum
1418 2147 1789 2202 cognoscere,
1830 2131 1929 2204 qui
1960 2131 2019 2186 id

410 2229 718 2289 consilium
749 2225 874 2298 regi
904 2226 1100 2279 nostro
1128 2236 1411 2292 umquam
1452 2219 1687 2274 dedere.
1720 2221 1854 2274 Post
1895 2221 2018 2274 haec

415 2318 756 2384 Otbelricus,
786 2315 969 2369 frater
999 2318 1092 2353 1W
1116 2310 1258 2381 ejus,
1303 2309 1377 2363 ad
1418 2308 1746 2379 Merseburg
1800 2325 1836 2363 a
1879 2325 2017 2380 rege

408 2411 642 2465 vocatus
666 2403 843 2469 venit,
889 2405 948 2455 et
995 2414 1265 2469 regnum,
1308 2396 1463 2468 quod
1492 2396 1597 2450 sibi
1626 2396 1834 2467 injuste
1862 2397 2018 2467 prius

409 2494 724 2570 usurpavit,
752 2489 1003 2563 gratuito
1032 2502 1279 2541 munere
1326 2485 1593 2555 suscepit.
1628 2485 1843 2539 Eadem
1871 2488 2015 2539 tem-

409 2579 1015 2660 pestate‘inundantes
1059 2574 1266 2648 pluvia:
1316 2589 1381 2626 ac
1417 2588 1477 2627 se
1505 2572 1565 2641 (f.
1602 2573 1743 2638 133')
1777 2589 2016 2645 surgen-

409 2655 497 2730 tes
526 2655 727 2747 pirata:
770 2670 1057 2733 multum,
1092 2680 1197 2735 pro
1240 2661 1443 2718 dolor!
1480 2678 1728 2718 nocuere
1759 2663 1925 2734 (794).
1957 2666 2017 2718 In

409 2765 507 2820 illo
546 2764 817 2831 tempore
872 2754 1200 2810 inundante
1244 2750 1508 2806 Danubio
1558 2752 1617 2806 in
1659 2752 1924 2807 Bawariis
1962 2757 2020 2808 et

410 2851 718 2924 stagnante
754 2847 940 2912 Beno,
973 2844 1054 2897 ita
1081 2850 1172 2921 tm
1193 2839 1498 2896 ineffabilis
1528 2841 1723 2912 populi
1746 2857 1811 2895 ac
1849 2859 2017 2914 peco-

410 2943 510 3011 ris,
551 2935 911 2995 ediﬂciorum
964 2947 1196 3003 quoque
1236 2934 1295 2984 et
1332 2929 1605 2985 silvarum
1654 2930 1754 2985 tali
1798 2930 2018 3002 impetu

411 3032 708 3087 erutarum
740 3020 1048 3079 multitudo
1074 3019 1266 3091 periit,
1283 3019 1438 3091 quod
1459 3035 1663 3075 omnes
1689 3020 1896 3074 harum
1916 3020 2017 3074 ha-

2119 1944 2319 1998 tremis
2332 1960 2453 1999 esse
2467 1950 2762 2014 presentes
2787 1949 3164 2016 testarentur;
3181 1953 3240 2003 et
3268 1952 3408 2004 tunc
3429 1952 3739 2023 completis

2120 2050 2246 2104 qua:
2266 2034 2337 2088 ad
2368 2035 2490 2088 haec
2519 2034 2765 2089 dicenda
2784 2040 3117 2101 erant,cum
3150 2037 3273 2108 ipsa
3288 2041 3735 2095 sanctorumiu-

2110 2122 2400 2187 _vitacione
2431 2124 2662 2177 transiit
2686 2124 2818 2178 felix
2850 2125 3049 2179 anima
3069 2126 3192 2196 ejus
3210 2127 3407 2181 Idibus
3420 2128 3735 2187 Novembr.

2118 2210 2192 2265 ad
2224 2211 2418 2282 sponsi
2444 2212 2689 2268 ccelestis
2722 2213 3045 2269 thalamum
3076 2216 3247 2285 (795).
3282 2216 3467 2287 Hujus
3513 2217 3734 2273 obitum

2118 2301 2353 2372 quidam
2386 2301 2583 2369 laicus,
2617 2302 2750 2357 civis
2781 2304 3346 2375 Partenopolitanus,
3379 2321 3521 2361 cum
3559 2306 3622 2361 in
3652 2307 3733 2362 in-

2118 2390 2391 2444 firmitate
2426 2391 2666 2461 jaceret,
2719 2391 3065 2463 predicens:
3106 2391 3229 2459 Est,
3276 2392 3492 2466 inquit,
3544 2394 3733 2450 damna

2117 2480 2388 2549 Liudgerd
2438 2481 2503 2535 de
2550 2481 2648 2534 hoc
2694 2482 2864 2537 seculo
2913 2483 3246 2547 transitura;
3291 2490 3341 2536 et
3396 2500 3522 2539 vere
3562 2484 3733 2540 beatus

2118 2576 2191 2623 est
2232 2570 2320 2624 ille
2360 2572 2455 2641 qui
2496 2587 2615 2624 eam
2663 2576 2892 2625 meretur
2937 2570 3174 2625 incedere
3223 2573 3396 2626 viam.
3430 2572 3581 2627 Cum
3610 2574 3729 2643 jam

2119 2658 2309 2730 primo
2340 2660 2713 2725 illucesceret,
2746 2675 2953 2731 corpus
2997 2660 3071 2714 ad
3109 2659 3389 2714 Wallibizi
3441 2661 3615 2717 nobis
3641 2678 3731 2717 co-

2120 2746 2460 2803 mitantibus
2490 2747 2847 2814 defertur,et
2871 2748 2931 2802 in
2944 2747 3211 2819 proxima
3230 2748 3323 2803 die
3343 2748 3518 2819 juxta
3541 2766 3731 2805 mona-

2119 2835 2357 2890 sterium
2392 2835 2450 2891 in
2475 2835 2800 2908 aquilonari
2842 2840 3029 2908 parte,
3065 2836 3161 2891 ubi
3192 2836 3549 2893 Liutherdus
3574 2844 3729 2910 pater

2119 2924 2268 2995 (796)
2292 2927 2358 2979 26
2389 2940 2573 2979 annos
2588 2924 2837 2979 inclusus
2858 2934 2953 2967 1m
2969 2924 3393 2997 requiescebat,
3424 2926 3726 2999 deponitur

2119 3016 2176 3068 et
2205 3029 2239 3067 a
2262 3012 2383 3067 viro
2424 3013 2636 3069 suimet
2664 3014 3010 3069 Wirinhario
3041 3014 3423 3069 ineﬂ‘abiliter
3465 3016 3723 3072 deﬂetur.

410 3120 687 3177 bitatores
714 3111 975 3186 parcium
1011 3125 1114 3163 sua
1146 3110 1234 3163 vel
1264 3110 1694 3167 antecessorum
1736 3108 2019 3164 memoria
2051 3121 2099 3181 ο
2120 3103 2326 3157 Fuerat
2356 3103 2515 3157 enim
2547 3103 2794 3158 hascvite
2823 3104 2946 3175 ejus
2961 3103 3246 3158 etanimaz
3279 3105 3535 3177 diligens
3555 3111 3723 3162 custo-

408 3209 471 3265 id
501 3219 801 3277 nunquam
835 3199 1115 3256 accidisse
1139 3197 1597 3266 ﬁrmabant,hoc
1625 3202 1925 3270 gementes
1950 3214 2017 3252 ex

406 3296 580 3354 variis
620 3290 960 3349 criminibus
1001 3287 1116 3342 suis
1161 3289 1299 3341 tunc
1325 3286 1602 3353 evenisse,
1634 3290 1694 3341 et
1721 3289 1849 3359 post
1896 3287 2017 3341 haec

408 3385 628 3461 aliquid
642 3395 924 3454 magnum
949 3378 1221 3433 timentes
1249 3375 1355 3431 sibi
1375 3391 1496 3430 esse
1510 3379 1837 3430 venturum.
1854 3375 2019 3446 Equi-

410 3478 545 3534 dem
576 3476 749 3544 longe
774 3470 1062 3541 digressus
1098 3474 1193 3508 im
1220 3464 1481 3520 redeam.

478 3569 567 3621 51.
596 3564 712 3618 Rex
736 3577 770 3615 a
791 3557 1087 3627 Mersburg
1113 3554 1434 3618 discedens,
1458 3552 1687 3623 navigio
1709 3552 1783 3607 ad
1804 3552 2016 3607 Harne-

405 3657 560 3727 burg
582 3650 764 3708 venit.
788 3647 871 3702 lbi
903 3660 1035 3700 cum
1077 3642 1288 3698 Sclavis
1316 3640 1742 3696 conﬂuentibus
1767 3641 2017 3711 plurima

409 3741 754 3807 discuciens,
805 3749 945 3809 pace
995 3748 1131 3787 vero
1167 3739 1262 3773 ίιοι
1292 3729 1372 3783 ibi
1420 3729 1675 3795 ﬁrmata,
1724 3727 1914 3795 rediit,
1959 3732 2016 3784 et

408 3834 674 3893 omnium
697 3829 845 3884 festa
866 3826 1199 3879 sanctorum
1214 3819 1273 3873 in
1286 3816 1662 3872 Helmanstidi
1680 3816 2013 3888 celebravit;

407 3923 735 3993 deindeque
766 3910 1151 3972 occidentales
1176 3906 1708 3979 properatinvisere
1727 3906 2013 3977 regiones.

403 4017 633 4071 Interea
659 4009 879 4062 domna
912 3996 1183 4068 Ludgerd
1212 3994 1387 4049 nimis
1416 3994 1731 4063 infirmata,
1762 4012 1856 4050 me
1881 3997 2016 4068 quia

406 4101 577 4158 unice
605 4092 823 4157 dilexit,
841 4091 919 4155 et,
937 4089 1001 4141 ut
1023 4099 1197 4155 supra
1225 4082 1565 4151 memoravi,
1592 4082 1747 4138 linea
1770 4100 2015 4142 consan-

407 4183 705 4264 guinitatis
729 4178 873 4233 mihi
890 4177 1121 4231 fuerant
1143 4173 1439 4243 conjunta,
1464 4190 1567 4247 per
1583 4173 2013 4232 interuuncium

402 4262 649 4335 vocavit.
664 4267 778 4324 Sed
793 4281 926 4321 cum
941 4266 1070 4335 post
1095 4262 1495 4334 crepusculum
1514 4263 1589 4318 ad
1602 4264 2010 4333 Walmerstidi,

2119 3193 2233 3259 dia,
2276 3196 2333 3247 et
2358 3193 2415 3247 in
2440 3192 2630 3247 divino
2659 3191 2911 3247 maxime
2941 3193 3153 3248 sudans
3179 3193 3493 3262 famulatu,
3512 3211 3615 3265 pro
3633 3195 3720 3249 illo

2118 3282 2245 3354 plus
2269 3298 2445 3353 quam
2471 3296 2578 3353 pro
2607 3298 2689 3349 se,
2714 3281 2951 3352 jejuniis
2996 3281 3058 3336 in
3093 3281 3315 3353 frigore
3369 3286 3431 3338 et
3461 3284 3715 3339 oracioue

2117 3371 2393 3427 continua
2434 3371 2680 3443 peractis
2717 3373 2775 3425 et
2807 3370 3162 3437 elemosinis,
3206 3372 3281 3427 ab
3327 3372 3577 3428 omniun
3616 3373 3715 3428 huc

2119 3475 2297 3533 usque
2318 3459 2815 3517 tuebaturinsidiis
2834 3460 3109 3515 hostium.
3130 3461 3269 3516 Dico
3302 3465 3505 3517 autem
3518 3461 3716 3517 cunctis

2118 3550 2477 3622 presentibus
2497 3552 2670 3620 atque
2694 3548 2921 3615 futuris,
2944 3549 3221 3621 quicquid
3242 3550 3385 3605 boni
3405 3549 3470 3604 in
3486 3550 3591 3605 hoc
3612 3557 3710 3615 ηπ,

2117 3641 2306 3694 seculo
2336 3655 2440 3711 pro
2461 3638 2699 3708 alicujus
2728 3639 3014 3693 memoria
3040 3655 3075 3693 a
3102 3638 3377 3695 fidelibus
3404 3638 3707 3705 exhibetur,

2119 3728 2181 3799 (f.
2208 3730 2344 3797 134')
2369 3728 2415 3784 si
2445 3743 2563 3782 non
2583 3726 2717 3782 licet
2744 3726 2796 3780 ei
2822 3726 3094 3799 prodesse
3117 3735 3235 3796 ωτι,
3255 3744 3365 3801 pro
3380 3745 3497 3802 quo
3519 3730 3709 3801 agitur,

2117 3832 2418 3888 nunquam
2444 3833 2478 3871 a
2505 3817 2622 3871 Deo
2673 3814 2727 3869 ei
2775 3814 3033 3870 irritatur
3065 3816 3237 3887 (797),
3270 3817 3373 3888 qui
3396 3818 3510 3872 hoc
3536 3818 3709 3873 facere

2116 3904 2425 3960 studiosus‘
2449 3906 2692 3958 conatur
2723 3910 2838 3957 im.
2885 3904 2948 3957 ln
2984 3904 3177 3975 primo
3216 3913 3313 3947 i873
3344 3904 3593 3961 Heinrici
3628 3921 3714 3959 re-

2117 3993 2348 4066 gnantis
2358 4008 2513 4048 anno
2544 3990 2806 4063 predicta
2819 3990 3107 4062 Liudgard
3126 3996 3258 4065 post
3275 3996 3536 4049 mortem
3548 3992 3710 4065 patris

2115 4083 2201 4138 sui
2230 4082 2304 4137 ad
2324 4081 2511 4136 virum
2537 4096 2725 4147 suum,
2754 4096 2789 4134 a
2819 4096 2932 4152 quo
2952 4078 3167 4152 injuste
3193 4082 3425 4138 tamdiu
3447 4082 3711 4152 disjuncta

2112 4173 2322 4240 fuerat,
2350 4186 2550 4226 mense
2577 4168 2850 4225 Januario
2882 4168 3055 4224 rediit
3072 4171 3259 4240 (798).

2185 4265 2272 4317 52.
2305 4261 2373 4315 Et
2402 4261 2531 4332 post
2558 4258 2790 4330 nuptias
2816 4258 3074 4314 marchio
3119 4259 3453 4316 Liutharius
3483 4261 3539 4315 in
3571 4259 3707 4315 occi-

403 4363 504 4423 nbi
530 4361 631 4418 illa
648 4356 852 4432 jacuit,
884 4353 1165 4420 venirem,
1181 4350 1534 4407 caminatam
1564 4350 1877 4423 ingressus,
1891 4353 2013 4409 vidi
2033 4353 2087 4412 D
2114 4352 2287 4408 dente
2300 4349 2625 4405 infirmatus
2639 4351 2697 4402 et
2707 4346 2952 4418 pocione
2967 4347 3210 4403 Paulina
3224 4348 3704 4421 (799)inebriatus‘

1715 4475 1951 4531 VARLE
2000 4472 2396 4532 LECl‘lONES.

478 4598 574 4636 ηοι
603 4582 730 4642 add.
773 4580 854 4638 lb.
933 4578 1054 4621 κου’
1084 4574 1200 4630 Iuis
1216 4579 1312 4629 aut
1341 4572 1456 4629 suis
1488 4578 1577 4630 la.
1655 4581 1749 4616 im
1774 4572 1909 4629 fecit
1943 4578 1963 4629 1
1997 4591 2050 4630 a.
2128 4581 2223 4616 im
2242 4590 2288 4629 s.
2317 4589 2364 4627 r.
2393 4588 2446 4626 a.
2476 4586 2517 4642 s.
2540 4568 2589 4642 Ai.
2616 4566 2741 4642 add.
2777 4565 2861 4623 1b.
2940 4578 3035 4612 m7
3064 4569 3108 4625 f.
3141 4586 3195 4626 e.
3227 4571 3355 4629 add.
3390 4577 3409 4628 1
3450 4574 3499 4630 b.
3573 4580 3653 4616 mi
3676 4588 3704 4626 a

406 4660 587 4737 ceptis
608 4639 845 4737 tempus
873 4652 958 4706 est
987 4650 1049 4704 ut
1074 4645 1198 4703 add.
1228 4648 1279 4701 2.
1358 4652 1453 4688 1m
1483 4644 1734 4701 inculsus
1754 4661 1893 4703 eo".
1927 4645 2017 4702 inc

2119 4662 2180 4701 us
2214 4647 2261 4701 l.
2322 4650 2416 4686 "7°
2446 4639 2573 4698 add.
2605 4639 2689 4694 ib.
2766 4646 2858 4682 1³⁷1
2885 4643 3135 4712 prodere
3170 4646 3221 4699 1.
3284 4652 3382 4687 1³⁷*
3411 4649 3637 4702 canatur
3660 4650 3698 4698 1.

403 4729 501 4784 mi
526 4730 716 4808 prima
747 4729 832 4782 1α.

497 4918 622 4983 793)
652 4916 730 4969 Ex
752 4912 903 4967 Ann.
946 4905 1281 4972 Quedlinb.,
1311 4903 1368 4957 b.
1404 4919 1460 4957 a.

499 4991 605 5049 794
655 4987 737 5041 Ex
755 4985 903 5038 Ann.
934 4976 1268 5044 Quedlinb.,
1295 4974 1355 5030 h.
1386 4989 1443 5029 a.

471 4922 628 5137 i795)
653 5052 893 5137 Kalend.
942 5049 1207 5115 Merseb.,
1256 5046 1460 5100 Novem

499 4974 628 5049 794)
655 4987 737 5041 Ex
755 4985 903 5038 Ann.
934 4974 1355 5049 Quedlianuh.
1386 4989 1443 5029 a.

502 4991 605 5049 794
655 4989 737 5041 Ex
755 4989 903 5038 Ann.
934 4989 1268 5044 Quaenam,
1296 4989 1355 5030 n.
1386 4989 1443 5029 a.

502 4989 628 5133 795i
653 5052 893 5133 Kalend.
942 5049 1207 5115 Merseb.,
1256 5042 1565 5100 Novembr.
1621 5047 1703 5103 l3.
1760 5043 2015 5100 Livkierd

407 5127 680 5192 cometissa
708 5127 888 5200 obiit.)
1009 5193 1019 5200 _
1331 5159 1471 5200 -η,
1533 5187 1549 5200 ,
1681 5185 1719 5200 ν

478 5185 1164 5281 (796).Denotatpat_rer_nz
1198 5187 1381 5244 soceri
1414 5185 1770 5259 Liudgerdis,
1802 5185 2014 5242 funda-

401 5259 815 5335 torem'ipsius,
832 5259 1190 5335 monasterii.

499 5330 624 5414 797)
646 5330 700 5414 l_._
719 5354 772 5393 e.
803 5334 1033 5414 irritum
1071 5330 1155 5385 ﬁt.

502 5404 630 5481 798)
650 5404 991 5483 7V._su_pra.l.
1022 5417 1096 5468 IV,
1129 5405 1302 5483 cui},
1330 5404 1421 5456 25.

479 5472 623 5556 E799)’
641 5472 918 5556 ιιρφοῖθῖο-
936 5472 1324 5556 ιεῐεέτὲἓίει·
1344 5472 1738 5556 Hortamur.)
1765 5485 2006 5556 ροβπξξδτ

1951 4788 2178 4846 ΝΟΤίΕ.

2112 4902 2426 4979 pharmaca
2442 4914 2500 4979 ρ.
2524 4898 2630 4979 629
2644 4896 2728 4979 ibi
2757 4897 3027 4979 occurijt,
3056 4904 3120 4979 ut
3139 4900 3586 4978 ill.Adelungius
3598 4903 3695 4978 pri-

2115 4968 2242 5028 inus
2271 4968 2507 5032 notavit,
2538 4968 2696 5032 potio
2728 4969 2913 5024 sancti
2942 4972 3104 5026 Pauli
3136 4989 3153 5027 :

2220 5041 2363 5116 Quos
2390 5041 2687 5116 apoplea'iae
2705 5043 2870 5116 gestis
2894 5041 3127 5116 violenta
3146 5046 3435 5116 procellat,

2218 5110 2539 5186 Quasi/jurOr
2567 5110 2777 5186 invadit
2805 5114 3020 5186 mania},
3044 5110 3176 5186 quos
3208 5118 3377 5174 insita
3408 5110 3576 5175 nervis

2215 5183 2469 5251 Sensi/toi
2492 5188 2663 5236 motus
2692 5183 2770 5236 vis
2787 5185 3023 5255 sapitiva
3048 5183 3290 5255 resolvit,

2215 5255 2375 5310 Potio
2408 5255 2639 5307 restituit
2652 5252 2893 5322 gaudetis
2916 5260 3235 5325 cognomine
3254 5252 3430 5316 Pauli
3451 5279 3470 5325 ;

2212 5325 2530 5399 {ismaticos
2544 5331 2733 5378 cantus
2755 5328 3050 5399 compescit,
3067 5338 3345 5386 menstrua
3377 5332 3549 5399 solvit,

2211 5395 2376 5450 Hanc
2397 5397 2553 5449 annis
2568 5401 2719 5465 potes
2748 5395 2976 5451 illaesum
3002 5414 3215 5455 servare
3239 5401 3465 5458 duobus.

2106 5467 2748 5539 Paginasequente630,
2762 5467 2859 5521 ubi
2882 5468 3088 5524 eadem
3109 5471 3406 5528 medicina
3417 5474 3689 5529 Paulinum

405 5540 533 5611 tuin
563 5540 742 5607 medii
771 5540 873 5601 aevi
904 5562 959 5616 p.
993 5540 1239 5616 502-692
1277 5540 1476 5609 exstat,
1510 5540 1745 5616 Egidii,
1767 5540 1997 5616 'medici
2102 5543 2160 5594 et

2244 5538 2368 5615 o_tio_
2399 5536 2621 5592 Paulini
2643 5541 2927 5615 __vocatur,
2978 5541 3218 5614 ejusque
3259 5545 3411 5600 vires
3440 5545 3511 5599 ad
3538 5546 3682 5615 caput

409 5606 721 5680 gﬁ‘ﬁ'nem
753 5631 883 5671 sec,
905 5606 1294 5693 'xnuviventis,
1327 5606 1560 5693 carmen
1585 5606 1664 5665 de
1695 5606 1999 5693 virtutibus
2095 5606 2805 5693 ventriculumqu‘epituita
2818 5606 3682 5693 obductuni,etc.,deprmdican;

411 5678 475 5751 et
490 5688 753 5747 laudibus
766 5681 1217 5753 compositorum
1230 5678 1706 5738 medicaminum.
1721 5681 1876 5734 Inter
1886 5679 2001 5738 alia
2096 5688 2212 5751 tur,
2233 5680 2292 5737 in
2318 5679 2433 5735 ﬁne
2454 5678 2706 5749 additur,
2722 5696 2853 5735 eam
2881 5697 2988 5753 per
3007 5678 3262 5756 quatuor
3286 5678 3473 5743 annos
3495 5681 3681 5742 servari
