3900 6216
426 455 553 514 13⁸71

1403 443 1778 505 ΤΗΙΕΤΜᾹΒΙ
1806 444 1989 504 MERS
1999 443 2424 502 EBURGENSIS
2447 443 2765 505 EPISCOPI

3610 449 3750 514 1372

426 582 624 641 autem,
655 581 717 628 ut
746 573 855 646 ipsi
875 574 1036 639 scitis,
1059 588 1173 626 sum
1203 572 1309 626 mei
1328 575 1500 642 patris
1519 571 1756 626 dominio
1794 578 1886 612 Im
1911 569 2100 631 διώ-Α
2135 586 2262 626 rem
2294 587 2411 626 non
2454 571 2892 634 comitarentur,
2918 571 3117 627 tamen
3147 570 3317 629 ﬁdele
3338 572 3636 631 servitium
3650 593 3751 632 sua

417 665 580 731 ditus,
623 670 671 718 et
725 666 850 736 quia
884 663 968 715 ille
1009 663 1107 716 λοι*
1135 661 1402 732 prohibet,
1461 666 1510 713 et
1560 661 1648 714 sui
1687 659 1888 713 milites
1943 658 2026 712 hic

443 754 598 808 modo
613 760 874 826 presmtes
916 752 1042 806 (alia
1063 752 1178 819 ﬁeri
1202 768 1305 803 non
1322 751 1636 820 pariuntur,
1661 751 1859 803 invitus
1878 755 2030 802 omit-

433 849 505 896 to.
539 843 812 905 Patriam,
836 857 995 914 quam
1024 841 1265 914 queritis,
1297 855 1489 905 meam,
1522 842 1568 891 si
1580 856 1814 909 possum,
1849 837 2029 906 (le/en-

414 932 540 986 dere
575 947 739 1004 usque
759 931 829 985 ad
855 932 1141 986 adventum
1172 931 1275 983 mci
1296 929 1468 1000 patris
1503 927 1640 994 volo,
1673 933 1722 980 et
1760 933 1885 981 tunc
1908 942 2028 979 eum

417 1021 490 1077 ad
558 1022 790 1091 gratiam
829 1022 1016 1075 cesaris
1073 1026 1121 1073 et
1159 1019 1229 1072 ad
1249 1034 1480 1073 amorem
1509 1023 1741 1072 vestrum
1768 1015 2029 1070 inclinare

414 1112 586 1182 cupio.
629 1110 744 1163 Hoc
775 1108 954 1163 nostri
985 1108 1302 1174 audientes,
1343 1106 1584 1177 regressi
1624 1107 1776 1172 sunt,
1822 1108 1879 1156 et
1907 1104 2028 1156 huic

416 1197 733 1269 inperatori
769 1213 1045 1268 responsa
1077 1196 1425 1250 detulerunt.
1479 1194 1713 1248 Interim
1749 1193 2026 1246 Bernhar-

419 1286 524 1340 dus
546 1285 613 1356 (f.
652 1286 777 1355 149)
810 1285 918 1339 dux
948 1301 1077 1338 cum
1134 1285 1247 1338 suis
1293 1284 1630 1348 fautoribus,
1663 1281 1942 1352 episcopis
1972 1283 2030 1334 et

415 1372 755 1440 comitibus,
797 1377 853 1426 et
897 1372 1274 1443 profanorum
1325 1373 1490 1426 turba
1535 1369 1924 1435 Liuticiorum,
1957 1370 2028 1424 ab

412 1461 696 1533 aquilone
729 1461 1070 1515 Bolizlavum
1118 1460 1309 1532 peciit,
1363 1463 1419 1514 et
1465 1461 1617 1514 hunc
1673 1461 2024 1530 presentem,

414 1549 644 1604 munita
672 1548 1118 1620 undiquessecus
1157 1549 1363 1613 Odera,
1394 1549 1610 1604 habuit.

489 1642 574 1694 l2.
607 1638 778 1692 Cesar
803 1640 999 1692 autem
1022 1637 1078 1692 in
1108 1638 1439 1692 inventione
1465 1637 1670 1692 Christi
1701 1640 2028 1708 protomar-

422 1726 548 1782 tiris
591 1728 758 1799 (Aug.
800 1729 856 1792 3)
904 1727 1154 1781 Oderam
1211 1729 1594 1793 transmeans,
1625 1727 2027 1780 reductantem

430 1815 800 1872 Poleniorum
835 1815 1269 1869 multitudinem
1297 1815 1608 1870 admodum
1628 1813 1953 1885 prostravit,
1972 1816 2030 1866 et

436 1921 608 1960 nemo
641 1922 707 1958 ex
736 1903 946 1958 nostris
1008 1903 1115 1958 nisi
1162 1904 1321 1958 Hodo
1376 1902 1599 1957 inclitus
1641 1902 1868 1973 juvenis
1897 1885 2099 1954 cumB

431 1992 676 2048 Ekkrico
699 1995 757 2047 et
786 1991 896 2045 alio
929 1991 1224 2046 Guncelini
1269 1989 1494 2046 comitis
1548 1990 1789 2045 satellite
1827 1988 2032 2044 cecidit

414 2081 584 2151 (854).
627 2081 725 2135 Hic
761 2097 892 2134 cum
933 2080 1227 2153 Sigifrido,
1253 2081 1504 2135 Hodonis
1533 2081 1648 2134 filio
1681 2078 2030 2134 marchionis

415 2173 488 2227 ab
518 2170 872 2244 imperatore
905 2173 1218 2237 accusatus,
1251 2187 1319 2225 eo
1352 2170 1506 2241 quod
1534 2169 1812 2224 Bolizlavo
1837 2168 2028 2221 moni-

423 2258 533 2314 mis
558 2258 859 2314 familiaris
881 2262 1116 2314 actenus
1140 2258 1337 2313 fuisset
1360 2267 1473 2325 ίδιί,
1506 2259 1712 2312 eodem
1746 2257 1836 2312 die
1858 2256 2031 2311 virili-

421 2353 508 2404 ter
560 2366 619 2404 se
653 2350 975 2420 expurgant
1002 2356 1115 2414 ιω,
1147 2351 1205 2403 et
1233 2365 1265 2401 a
1296 2348 1586 2402 snisHodo
1615 2349 1786 2418 longe
1809 2347 2031 2418 digres-

421 2456 537 2505 sus,
569 2454 700 2492 cum
731 2437 924 2490 hostes
973 2437 1124 2490 solus
1182 2436 1468 2508 fugientes
1503 2436 1919 2507 insequeretur,
1949 2451 2028 2489 sa-

429 2527 581 2599 gitta
611 2542 715 2598 per
746 2527 916 2595 caput
937 2523 1172 2579 inmissa
1202 2525 1391 2594 primo
1424 2526 1649 2578 oculum
1691 2527 1748 2576 et
1794 2527 1923 2596 post
1949 2523 2027 2578 vi-

414 2618 538 2668 tam
569 2612 824 2686 perdidit
850 2613 1044 2669 istam.
1079 2611 1192 2666 Sed
1225 2628 1354 2666 cum
1381 2612 1582 2666 Miseco
1615 2612 1872 2681 ejusdem
1903 2629 2028 2667 cor-

418 2717 524 2772 pus
547 2702 944 2770 cognosceret.
972 2700 1107 2771 quia
1137 2700 1257 2769 ejus
1289 2700 1441 2769 apud
1481 2717 1584 2753 nos
1613 2699 1800 2754 fuerat
1842 2703 2030 2755 custos

2153 660 2442 714 vicinitate
2509 661 2654 731 (856)
2710 660 3023 715 ostendunt
3110 661 3370 735 Namque
3431 664 3751 720 Othelricus

2150 749 2441 820 quandam
2502 750 2703 804 urbem
2738 765 3036 820 magnam,
3084 750 3284 804 Businc
3331 752 3477 821 (857)
3509 752 3749 823 dictam,

2126 838 2312 910 petiit,
2345 841 2403 892 et
2432 839 2489 892 in
2521 855 2589 893 ea
2621 857 2738 894 non
2770 839 2962 893 minus
2990 856 3165 910 quam
3206 839 3365 894 mille
3418 842 3567 897 viros
3619 843 3748 898 abs-

2140 944 2249 997 que
2275 926 2610 980 mulieribus
2631 931 2687 980 et
2709 928 2901 982 liberis
2933 927 3186 998 capiens,
3213 928 3472 983 incendit
3497 930 3748 986 eandem

2132 1019 2188 1067 et
2218 1015 2396 1069 victor
2417 1015 2714 1070 remeavit.
2768 1016 3062 1071 Heinricus
3091 1021 3308 1083 autem,
3363 1018 3748 1074 Orientalium

2137 1105 2416 1172 marchio,
2447 1123 2578 1160 cum
2621 1105 2902 1172 Bawariis,
2930 1107 3313 1177 comperiens,
3342 1108 3608 1162 Bolizlavi
3637 1111 3751 1164 mi-

2132 1192 2257 1247 lites
2310 1195 2471 1264 juxta
2499 1211 2556 1248 se
2594 1195 2833 1263 predam
2866 1195 3084 1262 fecisse,
3114 1195 3379 1266 protinus
3402 1195 3748 1269 insequitur,

2133 1285 2190 1335 et
2217 1299 2280 1336 ex
2308 1283 2415 1335 hiis
2444 1282 2672 1337 fortiter
2717 1283 3112 1338 resistentibus
3146 1284 3508 1356 octingentos
3539 1286 3750 1340 occidit

2133 1380 2226 1413 m6
2247 1373 2604 1443 predamque
2633 1388 2871 1426 omnem
2897 1372 3148 1426 resolvit.

2205 1461 2290 1513 13.
2323 1458 2558 1512 Interim
2582 1459 2893 1530 Redingus,
2912 1459 3458 1531 Magadaburgensis
3475 1464 3750 1533 preposi-

2139 1548 2247 1612 tus,
2280 1548 2472 1601 Nonas
2499 1548 2736 1618 Augusti
2792 1548 2852 1602 in
2903 1547 3124 1604 Christo
3181 1549 3321 1604 obiit
3355 1551 3514 1620 (858).
3554 1549 3748 1608 Hense

2132 1635 2337 1690 eodem
2367 1639 2424 1690 et
2448 1639 2512 1691 14
2534 1637 2820 1691 Kalendas
2851 1637 3209 1710 Septembris
3231 1637 3369 1705 Eila,
3399 1641 3751 1696 venerabilis

2135 1724 2459 1790 cometissa,
2486 1725 2629 1779 obiit
2659 1724 2811 1797 (859)
2847 1729 2905 1779 et
2934 1725 2993 1780 in
3027 1728 3400 1794 monasterio,
3435 1728 3592 1800 quod
3621 1729 3752 1802 ipsa

2135 1813 2637 1885 construxit(860),
2663 1813 2733 1868 ab
2767 1815 3091 1870 Everhardo
3117 1816 3371 1871 antistite
3396 1817 3537 1886 (861)
3573 1818 3753 1872 tradi-

2134 1905 2224 1955 tur
2246 1903 2538 1972 sepultura
2566 1911 2679 1956 1m.
2720 1902 2832 1958 Sed
2867 1907 3181 1975 antequam
3211 1905 3332 1959 haec
3364 1905 3564 1960 omnia
3587 1922 3754 1961 cesar

2131 2006 2257 2045 com
2267 1990 2499 2060 periret,
2528 1992 2773 2046 multum
2794 1992 3354 2064 sollicitus,quamvis
3370 2010 3548 2064 parvo
3563 1998 3755 2050 utere-

2131 2081 2229 2132 tur
2261 2079 2533 2146 exercitu,
2567 2083 2766 2135 tamen
2790 2081 3148 2153 potestative,
3173 2082 3454 2154 quamdiu
3480 2083 3751 2151 voluit,in

2136 2168 2244 2222 hiis
2275 2168 2534 2240 partibus
2565 2168 2690 2236 fuit,
2733 2174 2790 2224 et
2819 2173 2956 2224 tunc
2982 2185 3238 2224 reversus
3269 2171 3342 2224 ad
3384 2188 3607 2242 pagum
3655 2174 3753 2245 qui

2141 2256 2414 2312 Diadesisi
2439 2257 2664 2324 dicitur,
2693 2259 2849 2313 venit
2877 2259 2935 2312 in
2977 2262 3242 2330 angusto,
3273 2276 3378 2331 pro
3405 2259 3610 2315 dolor!
3655 2279 3750 2315 ca-

2147 2350 2517 2402 strametatus
2550 2349 2696 2410 loco,
2726 2348 2819 2401 ubi
2855 2349 3062 2414 nullus,
3087 2352 3322 2419 excepto
3353 2365 3529 2420 apum
3561 2351 3749 2423 magi-

2135 2441 2284 2502 stro,
2323 2435 2417 2508 qui
2450 2436 2666 2491 ibidem
2697 2439 2834 2490 tunc
2864 2437 3198 2492 interfectus
3219 2441 3323 2501 est,
3351 2438 3521 2504 sedit,
3543 2439 3605 2509 (f.
3629 2442 3751 2503 150)

2133 2527 2446 2581 Bolizlavus
2520 2528 2712 2580 autem
2777 2525 3035 2594 audiens,
3087 2526 3504 2597 imperatorem
3551 2527 3745 2594 aliam,

2131 2632 2306 2686 quam
2366 2615 2630 2680 intraret,
2664 2614 2817 2668 viam
2867 2615 2999 2668 hinc
3038 2615 3348 2682 exiturum,
3402 2617 3570 2686 juxta
3604 2617 3749 2672 Ode-

2129 2718 2254 2756 ram
2289 2701 2642 2758 omnimodis
2661 2719 2763 2756 sua
2795 2710 2888 2744 1m
2909 2702 3178 2757 firmavit.
3237 2703 3352 2758 Sed
3405 2721 3540 2759 cum
3593 2705 3746 2760 hunc

418 2792 476 2844 et
499 2789 730 2855 sodalis,
767 2788 1016 2843 multum
1056 2788 1233 2856 ﬂevit,
1272 2792 1329 2842 et
1365 2788 1423 2843 id
1460 2788 1609 2843 bene
1655 2792 2028 2862 proauratum
2123 2791 2244 2862 jam
2281 2791 2462 2845 abisse
2489 2790 2858 2863 comperiret,
2920 2807 3198 2862 magnam
3255 2792 3517 2864 peditum
3552 2794 3746 2849 multi-

419 2878 494 2933 ad
523 2885 618 2920 im
646 2877 960 2932 exercitum
992 2878 1166 2933 misit.
1201 2879 1412 2932 Eorum
1438 2881 1654 2944 autem,
1690 2879 1786 2950 qui
1817 2895 1884 2933 ex
1904 2895 2030 2950 par-

419 2967 473 3020 te
502 2964 695 3019 hostili
725 2965 1120 3038 oppecierunt,
1184 2983 1299 3021 non
1350 2967 1543 3020 minor
1585 2971 1708 3020 erat
1755 2984 2029 3022 numerus

423 3070 598 3126 quam
644 3054 914 3122 sexcenti,
939 3057 1180 3127 predam
1217 3056 1608 3129 relinquentes
1635 3057 1844 3111 nostris
1881 3056 2027 3111 inef-

2127 2879 2390 2934 tudinem
2424 2881 2497 2934 ad
2535 2881 2750 2948 locum,
2777 2880 2872 2934 ubi
2905 2883 3101 2935 noster
3128 2880 3391 2935 consedit
3432 2882 3734 2949 exercitus,

2132 2968 2425 3040 premisit:
2461 2968 2783 3040 precipiens
2813 2968 2913 3035 eis,
2937 2969 2982 3021 si
3013 2968 3205 3041 aliqua
3236 2970 3600 3041 oportunitas
3631 2971 3736 3025 sibi

2133 3057 2450 3123 accidisset,
2477 3057 2645 3128 hujus
2675 3057 2880 3111 saltem
2935 3056 3191 3128 aliquam
3253 3061 3486 3129 partem
3545 3058 3736 3113 ledere

419 3141 677 3198 fabilem.
708 3144 824 3199 Hoc
851 3144 1178 3212 Bolizlavus,
1208 3145 1304 3200 ubi
1329 3149 1466 3199 tunc
1499 3146 1737 3213 mansit;
1772 3145 2028 3200 abinter~
2052 3166 2100 3225 ο
2131 3149 2461 3217 temptaret.
2509 3147 2747 3217 Insuper
2790 3145 3059 3199 abbatem
3082 3161 3272 3212 suum,
3302 3145 3451 3200 Tuni
3475 3147 3735 3214 nomine,

421 3229 638 3285 nuntiis
669 3231 1074 3288 festinantibus
1115 3249 1249 3288 mox
1287 3233 1548 3303 rescivit;
1583 3237 1640 3289 et
1670 3234 1930 3306 quamvis
1961 3250 2028 3288 eo

418 3317 666 3374 libenter
694 3335 936 3391 pergere
969 3320 1255 3388 voluisset,
1307 3324 1503 3376 tamen
1536 3323 1897 3393 presentibus
1927 3321 2032 3376 ini-

421 3407 585 3462 micis
609 3407 912 3463 introitum
932 3411 1225 3481 patescere
1251 3427 1421 3466 ausus
1452 3427 1570 3466 non
1602 3415 1704 3465 est.
1740 3411 2030 3476 Quocum-

422 3513 533 3570 que
564 3496 745 3553 nostri
776 3497 834 3552 in
856 3498 1100 3554 navibus
1131 3499 1518 3567 declinabant,
1542 3499 1673 3554 illuc
1728 3499 1847 3572 ipse
1897 3517 2028 3555 cum

423 3585 539 3642 suis
565 3602 713 3658 equo
735 3587 1081 3660 sequebatur
1106 3590 1258 3643 alato
1291 3588 1383 3658 (cf.
1412 3589 1584 3644 Ovn).
1605 3587 1759 3644 Fast.
1782 3587 2025 3660 111,415).

421 3675 515 3731 Ad
547 3675 818 3732 ultimum
849 3694 982 3734 vero
1012 3678 1214 3733 erectis
1241 3677 1504 3733 celeriter
1532 3677 1689 3744 velis,
1731 3677 1910 3732 nostri
1925 3692 2030 3747 per

424 3780 661 3820 omnem
703 3781 882 3820 unam
933 3766 1288 3837 navigabant
1327 3765 1503 3831 diem,
1551 3768 1609 3819 et
1655 3764 1902 3820 inimicis
1931 3781 2029 3821 eos

423 3853 562 3907 tunc
598 3852 866 3908 comitari
895 3869 1015 3908 non
1040 3853 1379 3919 valentibus,
1407 3852 1541 3907 litus
1566 3855 1828 3926 optatum
1846 3854 2029 3909 securi

423 3942 931 4013 comprehendunt
962 3940 1020 4011 (f.
1063 3941 1225 4013 149’),
1251 3943 1308 3996 et
1326 3940 1588 4012 proxima
1614 3941 1932 3997 incendunt
1950 3944 2030 3999 lo-

424 4045 510 4084 ca.
553 4029 720 4094 Quod
751 4045 882 4085 cum
937 4027 1164 4082 eminus
1213 4028 1325 4083 dux
1381 4029 1635 4099 prefatus
1666 4033 2026 4102 agnosceret,

423 4133 589 4172 more
617 4117 785 4173 solito
815 4115 980 4187 fugit.
1010 4119 1068 4170 et
1093 4117 1301 4172 nostris
1321 4117 1593 4173 ﬁduciam
1619 4121 1677 4174 et
1697 4120 1889 4175 locum
1921 4136 2029 4175 no-

423 4205 593 4261 cendi
611 4204 820 4261 invitus
854 4205 1148 4261 concessit.
1183 4208 1304 4262 Dux
1333 4224 1467 4263 vero
1493 4209 1858 4264 Bernhardus
1897 4225 2029 4264 cum

425 4293 539 4350 suis
567 4293 904 4364 imperatori
935 4295 1008 4350 ad
1032 4295 1327 4365 auxilium,
1367 4297 1510 4352 sicut
1540 4298 1593 4353 ei
1626 4299 1783 4370 prius
1804 4300 2029 4370 jussum

423 4384 527 4451 est,
550 4381 746 4438 venire
782 4399 913 4440 cum
935 4384 1302 4458 nequivisset,
1333 4403 1440 4461 per
1461 4387 1684 4458 pedites
1707 4389 1857 4443 clam
1888 4387 2027 4441 mis-

2131 3235 2400 3288 simulata
2421 3250 2560 3305 pace
2591 3233 2664 3287 ad
2689 3249 2963 3287 cmsarem
2995 3232 3172 3300 misit,
3218 3233 3315 3304 qui
3351 3234 3621 3304 protinus
3668 3235 3734 3289 ab

2131 3340 2199 3378 eo
2233 3325 2563 3394 explorator
2593 3339 2712 3377 esse
2739 3322 3125 3394 cognoscitur,
3173 3326 3230 3377 et
3256 3321 3498 3390 ibidem,
3527 3340 3736 3396 quous-

2131 3429 2242 3484 que
2270 3412 2458 3466 omnis
2498 3427 2646 3482 pene
2675 3411 2973 3479 exercitus,
3005 3411 3169 3465 factis
3191 3411 3246 3464 in
3275 3412 3612 3482 precedenti
3634 3429 3736 3468 no-

2129 3503 2216 3554 cte
2241 3499 2529 3570 pontibus.
2557 3499 2827 3570 paludem
2857 3499 3291 3555 transcenderet
3317 3501 3734 3571 prejacentem,

2131 3588 2420 3644 detinetur
2450 3589 2614 3661 (Sept.
2652 3592 2721 3654 1).
2775 3589 2933 3643 Tunc
2986 3588 3101 3656 ille,
3163 3589 3486 3643 monachus
3514 3590 3729 3657 habitu,

2129 3677 2230 3733 sed
2260 3679 2459 3732 dolosa
2486 3677 2666 3750 vulpis
2696 3677 2754 3731 in
2777 3680 2926 3744 actu,
2954 3680 3011 3731 et
3037 3677 3109 3732 ob
3136 3678 3246 3732 hoc
3264 3677 3732 3733 amatusadomi-

2131 3783 2229 3833 no,
2246 3767 2448 3836 rediit;
2479 3770 2535 3821 et
2558 3767 2877 3839 imperator
2905 3766 3114 3823 Geroni
3151 3774 3244 3809 me
3281 3767 3727 3840 archiepiscopo,

2129 3859 2188 3912 et
2215 3855 2424 3912 Geroni
2469 3863 2562 3898 Im
2589 3855 2784 3910 inclito
2813 3853 3158 3921 marchioni,
3189 3871 3258 3910 ac
3283 3856 3614 3912 Burchardo
3637 3871 3731 3910 co-

2131 3944 2256 4000 miti
2281 3943 2535 4016 palatino
2570 3952 2683 4011 1m,
2712 3943 2972 3998 residuos
2996 3943 3392 4010 committens,
3434 3942 3726 4014 progredi-

2129 4036 2243 4102 tur,
2275 4035 2333 4088 et
2356 4034 2420 4087 ut
2447 4049 2507 4087 se
2535 4031 2703 4087 solito
2751 4030 2970 4086 cautius
3026 4031 3561 4104 circumspicerent,
3589 4034 3730 4088 orta-

2131 4125 2241 4177 tur.
2272 4123 2406 4177 Post
2433 4121 2544 4176 hoc
2571 4121 2641 4176 ab
2671 4121 2930 4176 hostibus
2958 4137 3138 4194 prope
3167 4119 3228 4176 in
3263 4120 3403 4176 silva
3429 4121 3730 4178 latentibus

2129 4227 2375 4284 magnus
2397 4213 2617 4267 clamor
2647 4210 2825 4265 ternis
2852 4210 3167 4282 mugitibus
3195 4211 3501 4278 attollitur,
3529 4214 3585 4265 et
3604 4227 3728 4265 mox

2131 4305 2392 4356 nostrum
2424 4315 2660 4373 agmen,
2689 4299 2999 4370 sagittariis
3046 4298 3429 4354 intermixtim
3464 4299 3727 4354 currenti-

2128 4391 2253 4458 bus,
2287 4389 2357 4443 ab
2389 4389 2498 4444 hiis
2527 4387 2838 4460 appetitur.
2879 4387 3094 4452 Quibus
3122 4387 3314 4458 primo
3347 4388 3614 4443 conﬂictu
3643 4403 3724 4442 se-

421 4487 512 4527 sos
542 4471 597 4527 ei
623 4473 896 4528 eventum
939 4472 1025 4528 rei
1069 4477 1127 4529 et
1183 4449 1583 4531 necessitatem
1619 4473 2026 4530 inobedientiae
2050 4449 2431 4551 Dcundoque
2457 4486 2551 4520 Im
2581 4477 2806 4532 fortiter
2834 4476 3123 4544 resistunt,
3172 4480 3231 4531 et
3279 4494 3348 4532 ex
3389 4477 3472 4532 eis
3527 4477 3727 4532 multos

421 4559 704 4628 indicens,
758 4561 990 4617 vastatis
1033 4563 1479 4634 circumquaque
1503 4563 1828 4635 jacentibus
1868 4567 2024 4633 locis,

423 4648 666 4704 domum
690 4649 880 4706 rediit.
913 4649 1230 4706 Othelricus
1258 4668 1508 4724 quoque,
1536 4654 1634 4725 qui
1664 4669 1796 4708 cum
1831 4657 2026 4711 Bawa-

420 4736 520 4793 riis
548 4736 623 4793 ad
649 4753 908 4794 cesarem
929 4739 1129 4796 venire
1150 4739 1367 4807 debuit,
1393 4739 1466 4795 ob
1496 4742 1707 4797 multas
1724 4758 2024 4800 causarum

421 4825 725 4902 qualitates
745 4829 892 4900 (855)
920 4827 1157 4883 dimisit.
1202 4827 1270 4881 Et
1299 4828 1559 4900 quamvis
1597 4830 1679 4886 hii
1715 4831 2028 4904 imperato-

2128 4568 2390 4640 palantes
2419 4566 2713 4622 occidunt.
2780 4565 2879 4620 Set
2917 4563 3270 4635 fugientibus
3296 4565 3634 4636 quibusdam
3661 4580 3724 4616 ex

2128 4655 2356 4723 nostris,
2388 4653 2696 4709 confortati
2722 4654 2916 4709 hostes
2945 4654 3368 4724 glomerantur,
3402 4657 3460 4707 et
3507 4654 3724 4706 nostros

2126 4745 2338 4800 iterum
2365 4743 2723 4798 incurrentes
2759 4741 3057 4813 dissipant,
3098 4744 3157 4795 et
3193 4745 3489 4813 separatos
3514 4738 3722 4810 sagittis

2125 4833 2453 4889 fallentibus
2483 4831 2547 4901 (f.
2579 4830 2718 4902 150’)
2746 4830 3019 4903 perdunt.
3041 4827 3189 4884 Gero
3221 4832 3421 4884 autem
3458 4825 3722 4900 archiepi-

1744 4957 1974 5014 VARIE
2004 4958 2402 5016 LECTIONES.

490 5040 585 5076 1m
610 5031 692 5108 ita
717 5031 797 5087 A.
823 5029 888 5087 S.
917 5030 1158 5108 domino
1192 5036 1243 5087 1.
1319 5039 1414 5108 ίδξο
1443 5033 1721 5108 bolizlovo
1764 5041 1813 5091 1.
1891 5047 1983 5082 1m
2007 5039 2320 5094 familiares
2345 5057 2399 5094 a.
2425 5038 2667 5094 fuissent
2698 5040 2787 5108 ta.
2863 5044 2956 5108 ωε
2995 5035 3078 5108 ita
3104 5039 3152 5090 1.
3186 5033 3527 5108 expurgavit
3555 5030 3714 5108 A._S.

419 5112 514 5147 tua
543 5107 602 5160 et
633 5107 717 5159 la.
743 5175 757 5182 _
778 5109 895 5182 ἰιξε
914 5102 1046 5161 add.
1084 5103 1168 5158 ib.
1245 5110 1340 5146 1⁸³⁵
1370 5104 1610 5161 Interim
1638 5137 1708 5148 --
1735 5110 2026 5182 sepultura
2053 5109 2178 5168 add.
2223 5110 2330 5165 15.1

423 5183 518 5220 ωε
548 5191 660 5250 que
684 5173 811 5233 add.
842 5174 925 5230 tb.

2477 5116 2573 5151 1m
2602 5108 2681 5162 ita
2734 5107 2818 5162 Ib.
2865 5105 3058 5177 jeroni
3103 5110 3188 5161 ta.
3263 5103 3279 5108 ”
3339 5103 3714 5176 u'8'ljeronit.

1961 5251 2190 5308 NOTAE.

491 5334 645 5407 (854)
691 5333 936 5392 Kalend.
964 5333 1338 5407 hierseburg.,
1381 5335 1618 5407 August.
1654 5339 1686 5392 3
1721 5353 1734 5392 :
1768 5337 1930 5394 Hodo
1981 5347 2030 5395 et

424 5403 697 5461 Ekkricus
743 5420 865 5461 eum
893 5405 1078 5459 multis
1128 5403 1397 5475 interfecti
1454 5403 1594 5460 sunt.
1654 5409 1820 5465 Conf.
1876 5413 2026 5466 Ann.

428 5475 761 5543 Quedlinb.,
790 5491 842 5530 a.
875 5478 1010 5532 1015
1042 5479 1101 5531 et
1129 5476 1352 5531 Necrol.
1387 5477 1602 5534 Luneb.

496 5549 642 5623 (855)Δ
670 5545 947 5623 Similiter
969 5547 1038 5623 ll,
1069 5548 1154 5614 16,
1185 5546 1370 5603 multa
1391 5566 1676 5605 causarum
1693 5553 1903 5623 species.

800 5615 1116 5697 Bohemiss,

527 5683 649 5756 857)
681 5683 842 5740 Idem
885 5685 1053 5743 nobis
1103 5687 1348 5759 videtur,
1389 5690 1545 5761 quod
1624 5706 1761 5765 supr
1845 5692 1932 5762 VI,
1966 5695 2032 5749 37

2129 5340 2296 5396 Busin
2308 5383 2322 5408 ,
2352 5338 2605 5394 Budisin.

2199 5412 2346 5480 (858)
2369 5411 2430 5467 V.
2454 5408 2696 5464 Kalend.
2726 5408 3004 5480 Merseb.,
3023 5409 3171 5480 Aug.
3204 5411 3258 5464 5.

2201 5477 2351 5554 (859)
2375 5481 2542 5547 lbid.,
2568 5483 2715 5552 Aug.
2748 5483 2832 5535 19.
2862 5479 3034 5539 Conf.
3076 5477 3148 5535 de
3187 5495 3258 5536 ea
3286 5479 3374 5535 An
3401 5477 3624 5542 Saxon.,
3665 5490 3714 5528 ι.

2133 5556 2340 5697 10ἓὸὅέο)
2367 5621 2457 5697 S_c.
2483 5620 2544 5697 in
2577 5620 2975 5697 Schweinfurt.

2204 5625 2325 5697 (860
2367 5623 2457 5678 Sc.
2483 5623 2544 5678 in
2577 5623 2975 5678 Schweinfurt.

2203 5623 2351 5766 (861)
2379 5691 2793 5766 Bambergensi
2827 5694 3084 5752 1007-39.
