3900 6216
218 458 244 517 1
260 459 362 517 3‘73

1471 453 1892 515 CHRONICON.
1919 483 1994 500 --
2027 455 2156 514 LIB.
2187 455 2301 514 VII.

3403 456 3542 518 ιθτι

211 600 433 659 scopas
464 585 524 639 et
552 579 913 640 Burchardus
938 597 1132 637 comes
1152 581 1479 639 vulneratus
1493 583 1581 639 vix
1601 587 1842 642 evaden-
1869 586 1926 646 A
1951 585 2161 644 neinici
2212 593 2306 630 1m
2341 584 2484 656 (865)
2524 580 2940 654 conspicientes
2969 595 3145 654 seque
3179 578 3325 637 tueri
3374 596 3541 654 posse

216 677 332 740 tes,
381 673 564 728 cesari
583 673 706 728 haec
723 671 1072 726 referebant.
1097 671 1326 726 Liudqu
1327 689 1390 726 us
1411 676 1603 727 autem
1620 675 1846 745 juvenis

219 780 364 817 cum
399 763 594 833 paucis
624 761 866 833 capitur,
898 762 955 813 et
975 760 1119 813 Gero
1139 777 1203 814 ac
1227 761 1555 817 Folcmarus
1584 765 1842 833 comites,

216 867 360 906 cum
383 853 489 906 200
507 850 784 904 militibus
805 849 1040 920 optimis
1056 849 1246 914 occisi,
1272 850 1496 920 spoliati
1520 855 1651 906 sunt
1673 853 1838 922 (862),

218 957 481 1013 quorum
519 939 756 994 nomina
782 942 839 991 et
857 939 1079 992 animas
1111 941 1257 993 Deus
1279 939 1648 1009 omnipotens
1673 941 1842 996 mise-

223 1028 539 1083 ricorditer
569 1027 854 1099 respiciat,
891 1031 948 1082 et
979 1044 1102 1093 nos,
1136 1043 1383 1098 quorum
1416 1030 1581 1100 culpa
1597 1029 1673 1083 hii
1706 1034 1840 1084 tunc

229 1117 563 1188 oppetiere,
591 1115 694 1170 sibi
723 1132 826 1185 per
857 1115 1143 1170 Christum
1163 1115 1510 1184 reconciliet,
1537 1120 1595 1170 et
1614 1135 1686 1171 ne
1703 1118 1841 1189 quid

217 1207 344 1260 tale
377 1205 616 1258 ulterius
641 1204 938 1276 paciamur
959 1205 1212 1258 clemens
1243 1205 1543 1259 custodiat.

303 1298 390 1349 14.
425 1293 746 1363 Imperator
779 1296 840 1346 ut
867 1293 977 1346 hoc
999 1292 1157 1346 triste
1181 1292 1456 1346 nuncium
1489 1293 1721 1360 audivit,
1765 1294 1838 1348 ad

219 1385 488 1440 tollenda
523 1383 959 1438 interfectorum
1000 1397 1244 1452 corpora
1282 1381 1473 1436 redire
1518 1383 1720 1451 voluit;
1755 1386 1838 1438 set

219 1475 550 1528 multorum
567 1471 826 1527 tardatus
849 1469 1108 1536 consilio,
1133 1471 1191 1524 id
1209 1470 1370 1541 quasi
1388 1469 1598 1524 invitus
1621 1472 1832 1540 omisit,
1879 1537 1886 1544 '

222 1569 286 1619 et
306 1563 540 1617 indum
565 1561 902 1629 antistitem,
933 1560 1029 1632 qui
1060 1560 1141 1614 eis
1171 1560 1402 1615 licentia
1427 1560 1656 1615 infausti
1679 1561 1837 1616 ducis

221 1653 586 1723 sepulturam
606 1649 972 1722 impenderet
989 1651 1047 1703 et
1065 1649 1301 1703 Geronis
1321 1665 1527 1719 corpus
1546 1650 1835 1704 marchio-

223 1739 321 1793 nis
347 1739 706 1810 imploraret,
738 1736 963 1790 remisit
1013 1735 1366 1790 Venerabilis
1393 1753 1527 1790 vero
1560 1745 1652 1778 ιω
1675 1740 1839 1808 pater

221 1827 415 1881 cesari
447 1835 540 1870 1880
558 1824 876 1880 voluntarie
900 1824 1284 1890 consentiens,
1305 1825 1527 1879 concito
1551 1841 1717 1879 cursu
1747 1842 1840 1879 re—

1945 678 2334 748 desperantes,
2363 672 2732 744 superpositae
2752 670 2992 724 civitatis
3018 669 3431 735 municionem,
3454 687 3546 725 re-

1944 766 2088 821 lictis
2120 781 2266 838 pene
2300 763 2567 818 omnibus
2617 761 2752 826 suis,
2797 760 3133 814 ascendunt.
3175 759 3256 813 Ob
3293 760 3402 814 hoc
3438 759 3544 814 ho-

1944 857 2056 909 stes
2083 854 2139 918 (f.
2169 852 2304 917 151’)
2328 851 2645 905 admodum
2664 847 2843 920 gavisi
2864 846 3201 902 suburbium
3220 847 3441 902 intrant
3458 864 3549 901 re-

1944 943 2164 1008 lictum,
2197 945 2253 994 et
2278 941 2387 994 hoc
2418 938 2623 992 ablatis
2646 939 2816 991 rebus
2850 934 3094 990 inventis
3119 934 3454 1001 incendunt,
3488 939 3546 990 et

1945 1030 2205 1102 superius
2234 1029 2529 1081 castellum
2560 1026 2620 1080 in
2660 1026 2879 1080 duobus
2908 1024 3046 1078 locis
3071 1040 3371 1079 accensum
3393 1023 3543 1078 infa-

1943 1119 2260 1190 tigabiliter
2273 1112 3083 1187 aggrediunturllirimannus
3094 1129 3228 1167 vero
3245 1120 3337 1155 1m
3349 1129 3541 1168 comes

1941 1208 2137 1261 videns
2167 1205 2533 1259 auxiliatores
2576 1219 2706 1257 suos
2743 1201 3056 1256 admodum
3075 1219 3287 1273 paucos
3295 1202 3420 1272 jam
3448 1203 3543 1257 de-

1939 1296 2138 1350 fecisse
2172 1286 2285 1360 1537,
2317 1293 2521 1348 Christi
2546 1292 2818 1365 pietatem
2846 1296 2903 1346 et
2923 1292 3232 1359 ejusincliti
3271 1292 3540 1364 martyris

1937 1384 2146 1439 Donati
2175 1381 2643 1438 intercessionem
2691 1383 2947 1434 sanctam
2976 1383 3291 1450 prostratus
3349 1383 3538 1452 postu-

1936 1475 2081 1541 lans,
2111 1473 2380 1527 mulieres
2409 1471 2482 1526 ad
2503 1469 3239 1524 succurrendumhortatur.
3262 1469 3398 1531 Quae
3412 1485 3540 1539 pro-

1936 1562 2262 1634 pugnacula
2307 1559 2678 1630 attingentes,
2727 1556 3014 1628 lapidibus
3052 1556 3204 1610 viros
3247 1557 3539 1627 adjuvant,

1937 1651 2131 1722 ignem
2155 1648 2513 1720 impositum,
2529 1647 2664 1718 quia
2679 1645 2885 1702 defecit
2896 1662 3045 1716 aqua
3057 1652 3174 1711 1m,
3190 1645 3441 1700 medone
3453 1661 3546 1699 ex-

1939 1740 2192 1806 tingunt,
2217 1740 2274 1791 et
2311 1739 2429 1791 Deo
2457 1735 2698 1807 gratiast
2732 1734 2951 1789 inimici
2988 1735 3244 1790 furorem
3285 1740 3343 1791 et
3370 1736 3543 1790 auda-

1941 1827 2087 1882 ciam
2122 1825 2410 1880 minuunt.
2444 1825 2560 1878 Hoc
2588 1826 2777 1878 totum
2820 1823 3021 1878 Miseco
3053 1824 3123 1878 de
3157 1827 3355 1879 monte
3378 1825 3542 1896 juxta

220 1913 506 1980 vertitur;
540 1915 598 1966 et
629 1915 690 1965 ut
716 1911 1102 1967 miserabilem
1137 1911 1354 1982 aspexit
1382 1914 1659 1982 stragem,
1680 1912 1839 1967 ﬂebi-
1867 1905 1918 1965 B
1944 1915 2128 1988 posito
2159 1929 2420 1978 cernens,
2452 1912 2634 1967 socios
2671 1910 3044 1965 adventantes
3093 1914 3401 1982 exspectat.
3435 1911 3541 1976 Qui

219 2002 367 2056 liter
396 2000 682 2071 ingemuit
711 2003 768 2053 et
789 1999 1078 2070 supliciter
1103 2016 1208 2070 pro
1243 2009 1334 2042 is”
1365 2000 1475 2054 hiis
1508 2008 1599 2042 1529
1639 2001 1839 2054 oravit.

221 2090 268 2144 Η
287 2106 411 2143 unc
441 2105 571 2143 cum
599 2088 840 2143 victores
869 2091 926 2142 et
951 2091 1087 2142 tunc
1111 2089 1169 2142 in
1200 2088 1379 2160 preda
1401 2089 1584 2142 solum
1609 2105 1844 2142 moran-

219 2182 314 2232 tes
329 2177 554 2232 eminus
567 2175 853 2245 viderunt,
873 2177 944 2231 de
962 2177 1442 2248 consequentibus
1456 2177 1640 2230 timidi
1656 2177 1844 2246 primo

219 2266 536 2337 fugerunt,
573 2265 898 2337 deindeque
920 2265 1156 2337 propius
1186 2266 1557 2320 accedentem
1573 2266 1846 2320 salutave-

219 2359 368 2409 runt
391 2356 450 2408 et
475 2354 596 2408 sine
619 2353 781 2408 omni
809 2353 1124 2408 offensione
1146 2370 1278 2408 eum
1299 2354 1369 2408 ab
1397 2371 1456 2408 re
1478 2354 1840 2425 permittunt.

220 2442 330 2497 Hic
347 2459 382 2496 a
405 2441 704 2510 Bolizlavo,
722 2443 968 2496 multum
987 2443 1056 2497 de
1073 2442 1322 2514 pernicie
1336 2445 1533 2496 nostra
1545 2443 1841 2513 gaudenti,

234 2531 401 2603 quod
438 2533 692 2602 postutat
723 2530 1038 2601 inpetrans,
1077 2530 1201 2584 sine
1227 2547 1395 2585 mora
1421 2531 1614 2598 rediit,
1643 2534 1700 2585 et
1723 2547 1845 2586 cor-

224 2635 374 2691 pora
405 2618 693 2672 sociorum
720 2634 850 2672 cum
885 2635 1100 2690 magno
1141 2627 1232 2661 4m
1256 2619 1454 2673 labore
1483 2618 1732 2674 inimicis
1757 2620 1841 2674 fa-

225 2707 501 2762 ventibus
526 2715 620 2748 ιω
641 2707 913 2778 sepelivit.
941 2708 1004 2777 (f.
1045 2707 1167 2779 151)
1189 2709 1376 2762 Funus
1389 2711 1582 2762 autem
1603 2707 1844 2780 predicti

229 2793 592 2851 marchionis
609 2798 666 2849 et
689 2795 824 2849 socii
847 2796 895 2866 ej
907 2814 969 2850 us
980 2795 1232 2851 Widredi
1247 2813 1422 2868 usque
1439 2797 1511 2851 ad
1521 2796 1696 2868 Mysni
1710 2796 1845 2852 fecit

223 2883 453 2940 reduci.
482 2884 611 2952 Haec
627 2884 842 2939 ibidem
864 2885 1230 2940 Hirimannus
1244 2901 1437 2940 comes
1449 2885 1720 2940 ﬂebiliter
1731 2903 1844 2940 sus-

223 2973 474 3045 cipiens,
499 2975 556 3025 et
576 2989 753 3044 usque
775 2973 847 3027 ad
879 2973 1096 3028 Novam
1114 2975 1339 3040 urbem,
1367 2975 1462 3030 ubi
1481 2975 1647 3043 Gero,
1677 2975 1842 3046 Agri-

225 3059 494 3133 pinensis
508 3067 603 3102 1m
616 3060 1094 3133 archiepiscopus,
1110 3064 1167 3116 et
1188 3062 1546 3118 Thietmarus
1563 3063 1840 3131 marchio,

225 3151 416 3204 frater
447 3148 591 3219 ejus,
623 3148 854 3203 vitricus
884 3149 1064 3216 istius,
1091 3154 1256 3220 pater
1282 3154 1476 3205 autem
1508 3151 1843 3223 interempti
1867 3184 1915 3245 α

225 3237 482 3305 comitis,
511 3237 572 3292 in
603 3238 825 3292 honore
851 3237 951 3292 Dei
979 3239 1272 3309 genitricis
1303 3243 1360 3293 et
1378 3239 1558 3294 sancti
1577 3240 1844 3312 martyris

228 3326 530 3400 Cypriani,
559 3330 840 3397 regnante
865 3327 1113 3381 secundo
1142 3327 1374 3396 Ottone,
1397 3328 1844 3385 abbaciamcon-

227 3419 572 3472 struxerunt
599 3416 770 3487 (863),
793 3432 925 3469 cum
955 3415 1229 3470 fratribus
1272 3416 1723 3472 suis‘Guntterio
1750 3426 1843 3461 1m

227 3521 300 3560 ac
324 3503 660 3558 Ekkihardo
687 3503 1014 3558 comitatur.
1050 3503 1186 3568 Qum
1219 3505 1363 3560 Gero
1387 3505 1846 3578 archiepiscopus

227 3599 373 3649 tunc
413 3597 584 3647 terrae
614 3593 1058 3660 commendans,
1101 3592 1380 3648 domnam
1419 3593 1844 3650 jEthelheidam

231 3689 332 3726 1⁸⁸³
357 3681 594 3753 ejusque
619 3680 805 3735 filium
823 3679 1218 3736 Thietmarum
1244 3685 1302 3737 et
1319 3686 1610 3738 merentes
1629 3683 1845 3740 amicos

228 3786 301 3826 ac
325 3768 538 3825 milites
575 3769 809 3824 solatur.

310 3863 397 3916 15.
432 3857 672 3914 Interim
701 3875 879 3914 caesar
922 3875 1055 3914 cum
1084 3859 1198 3915 suis
1241 3859 1315 3914 ad
1345 3859 1595 3917 Strelam
1641 3861 1846 3918 urbem

230 3947 532 4023 pervenit;
593 3948 652 4002 et
700 3946 1042 4002 Miseconem
1091 3963 1224 4002 cum
1273 3949 1523 4004 exercitu
1580 3949 1848 4022 subsequi

233 4039 427 4096 sciens
449 4036 867 4091 Herimannum
888 4035 1289 4092 marchionem
1313 4037 1386 4092 ad
1409 4037 1721 4109 Mysnensis
1747 4039 1847 4094 de-

230 4125 565 4182 fensionem
615 4123 854 4179 civitatis
903 4139 1216 4195 properare
1233 4123 1422 4194 jubet.
1455 4125 1579 4194 Ipse
1609 4141 1744 4180 vero
1775 4125 1849 4181 ad

231 4213 570 4285 Merseburg
586 4216 740 4267 recto
756 4212 1002 4268 tetendit
1019 4211 1248 4267 itinere.
1270 4211 1470 4266 Miseco
1490 4214 1682 4267 autem
1702 4230 1734 4268 a
1747 4231 1848 4287 pa-

231 4306 326 4357 tre
357 4300 580 4356 nefario
614 4300 943 4364 instructus,
977 4303 1037 4355 ut
1065 4300 1257 4372 primo
1290 4303 1516 4356 nostros
1547 4301 1731 4356 abisse
1763 4302 1847 4356 di-

234 4390 386 4446 visos
417 4390 750 4461 nullamque
789 4393 920 4460 post
962 4405 1021 4443 se
1070 4387 1388 4443 custodiam
1431 4405 1551 4444 esse
1590 4389 1848 4444 relictam

1945 2003 2381 2074 depopulantes,
2402 2003 2459 2054 et
2477 2000 2570 2054 ubi
2586 1999 3353 2071 ignisinveniebaturomnia
3366 2015 3541 2070 usque
3640 2018 3641 2021 ‘

1947 2093 2020 2147 ad
2034 2093 2253 2145 Ganam
2268 2097 2361 2132 1⁵³8
2374 2089 2609 2143 ﬂuvium
2627 2088 2765 2156 (866)
2778 2091 3233 2153 concremantes,
3247 2103 3374 2142 sero
3387 2087 3547 2143 lassis

1946 2181 2314 2236 revertuntur
2350 2177 2530 2249 equis,
2575 2179 2632 2230 et
2675 2174 2752 2230 ibi
2781 2192 2914 2229 cum
2934 2174 3160 2231 seniore
3190 2191 3290 2229 suo
3317 2191 3441 2229 cras
3471 2175 3545 2230 ad

1949 2270 2151 2324 urbem
2182 2266 2493 2339 pugnaturi
2520 2267 2950 2336 pernoctarcnt,
2992 2263 3050 2318 ni
3070 2263 3261 2318 Albim
3290 2279 3547 2319 crescere

1945 2359 2227 2415 viderent.
2271 2357 2514 2426 Propter
2544 2356 2657 2409 hoc
2697 2353 2976 2408 exarcitus
3007 2351 3178 2406 nimis
3203 2351 3548 2422 defatigatus

1945 2465 2075 2503 cum
2098 2445 2400 2501 securitate
2417 2443 2718 2514 inopinata
2737 2441 3035 2504 remeavit,
3054 2444 3112 2494 et
3140 2439 3296 2495 ducis
3335 2439 3419 2494 sui
3449 2456 3550 2494 cor

1945 2536 2180 2591 anxium
2225 2535 2333 2588 hac
2365 2530 2746 2604 prosperitate
2787 2537 2881 2571 1m
2909 2528 3200 2583 relevavit.
3228 2529 3549 2598 Imperator

1944 2628 2140 2679 autem
2169 2623 2294 2676 haec
2321 2625 2385 2675 ut
2409 2618 2643 2686 audivit,
2677 2633 3071 2690 quoscumque
3105 2619 3241 2670 tunc
3277 2613 3548 2686 colligere

1944 2711 2151 2786 potuit,
2185 2710 2259 2765 ad
2304 2706 2756 2763 succurrendum
2798 2721 2899 2760 suo
2938 2703 3262 2758 marchioni
3301 2719 3548 2775 propere

1945 2801 2146 2867 mittit,
2179 2801 2236 2853 et
2263 2795 2600 2851 suburbium
2633 2811 2750 2849 non
2796 2795 2970 2865 longe
2998 2793 3128 2864 post
3149 2791 3550 2862 redintegrare

1943 2887 2220 2960 precepit.
2251 2886 2336 2940 Ad
2357 2886 2524 2956 hujus
2547 2881 2738 2955 operis
2769 2882 3236 2955 supplementum
3269 2883 3327 2935 et
3361 2883 3551 2934 custo-

1944 2977 2100 3030 diam
2117 2976 2262 3029 Gero
2286 2972 2745 3044 archiepiscopus
2757 2974 2814 3025 et
2830 2969 3100 3024 Arnulfus
3111 2968 3302 3042 presul
3322 2966 3362 3021 f.
3385 2967 3548 3037 (152).

1944 3067 1996 3119 8.
2013 3064 2142 3118 Idus
2177 3063 2436 3118 Octobris
2457 3077 2586 3115 cum
2610 3058 2917 3114 comitibus
2936 3057 3270 3128 caaterisque
3289 3055 3549 3126 complu-

1944 3153 2103 3208 ribus
2135 3151 2568 3206 conveniebant.
2598 3147 2713 3201 Hiis
2728 3145 3297 3217 omuibusegolonge
3311 3141 3553 3198 inferior

1943 3240 2196 3297 interfui.
2231 3243 2291 3293 In
2314 3243 2378 3294 14
2396 3236 2838 3306 diebusincepta
2849 3234 2922 3289 ad
2935 3249 3190 3305 unguem
3212 3240 3306 3275 1M0
3326 3247 3430 3286 nos
3459 3238 3552 3273 1m

1945 3329 2346 3402 perducentes,
2361 3325 2662 3393 abivimus,
2677 3321 3326 3388 committentesﬁurbem
3338 3319 3553 3374 Frithe-

1944 3419 2064 3473 rico
2104 3415 2301 3471 comiti
2333 3415 2408 3468 ad
2435 3415 2470 3468 4
2500 3410 2874 3467 ebdomadas.

2019 3507 2102 3561 16.
2132 3504 2277 3559 Gero
2306 3499 2706 3557 archiantistes
2726 3506 2816 3541 ιω
2836 3495 3310 3567 etego,ejusdem
3335 3509 3550 3561 comes,

1945 3595 2017 3651 ad
2046 3595 2262 3660 locum,
2296 3591 2391 3662 qui
2423 3586 2733 3645 Mucherini
2757 3584 2903 3657 (867)
2919 3582 3142 3650 dicitur,
3155 3581 3552 3641 veniebamus.

1945 3683 2027 3738 Ibi
2061 3685 2196 3737 tunc
2225 3696 2334 3752 ego
2362 3679 2432 3734 de
2455 3675 2749 3750 promissis
2760 3671 3017 3728 dulcibus
3034 3687 3169 3726 eum
3184 3684 3551 3735 ammonens,

1944 3771 2178 3846 percepi
2205 3770 2277 3825 ab
2306 3767 2515 3824 eodem
2533 3781 2665 3820 cum
2685 3763 2888 3820 baculo
2903 3760 2952 3833 ej
2963 3777 3046 3828 us,
3069 3755 3436 3846 quemhodie
3472 3759 3553 3846 te-

1947 3843 2080 3931 neo,
2107 3843 2476 3932 parrochiam
2506 3853 2794 3928 superbas
2812 3854 2846 3908 4
2860 3851 3052 3916 urbes,
3086 3845 3329 3914 Scudizi,
3345 3843 3552 3932 Gotuh,

1947 3931 2168 4006 Bicbini
2188 3951 2246 4004 et
2259 3945 2490 4016 Vurcin,
2507 3945 2578 4000 de
2598 3941 2839 3998 residuis
2857 3943 2910 4009 5,
2937 3939 3156 4010 Ilburg,
3173 3938 3343 4003 Pauc,
3360 3931 3552 4000 Dibni,

1949 4036 2236 4093 Liuhanizi
2266 4040 2325 4092 et
2354 4033 2644 4092 Geserisca
2664 4041 2757 4076 ιω
2778 4033 2944 4104 (868),
2972 4027 3242 4085 differens
3271 4039 3337 4079 ac
3364 4022 3424 4078 in
3446 4036 3554 4092 po-

1949 4131 2167 4183 sterum
2197 4126 2392 4182 dicens
2411 4124 2746 4180 relicturum
2793 4129 2909 4189 ιω,
2935 4121 2968 4175 8
2993 4115 3279 4174 Kalendas
3307 4113 3551 4168 Novem-

1949 4215 2087 4283 bris,
2114 4213 2474 4286 presentibus
2502 4211 2614 4268 hiis
2639 4211 2905 4266 testibus:
2935 4205 3261 4274 Heribaldo,
3293 4203 3550 4274 Hepone,

1949 4303 2145 4372 Ibone,
2180 4302 2429 4357 Cristino
2457 4303 2628 4372 atque
2645 4299 2909 4355 Seberto.
2929 4297 3147 4353 Eodem
3161 4295 3252 4351 die
3264 4292 3338 4349 ad
3349 4291 3552 4346 urbem

1951 4389 2176 4446 Curbici
2201 4389 2347 4458 (869)
2372 4389 2586 4444 dictam
2613 4387 2894 4455 venimus,
2936 4385 3034 4441 ubi
3081 4379 3554 4440 convenientibus

232 4478 440 4544 sensit,
472 4476 662 4532 Idibus
691 4476 1046 4548 Septembris
1076 4475 1269 4530 Albim
1291 4476 1457 4547 juxta
1490 4476 1693 4532 urbem
1726 4495 1852 4551 pre-
1873 4472 1926 4533 D
1950 4477 2381 4535 archiantistitis
2429 4485 2523 4520 ιω
2563 4476 2838 4532 militibus
2863 4475 2922 4531 id
2961 4469 3346 4533 manifestavi,
3379 4482 3552 4539 quam

235 4567 453 4622 dictam
483 4564 630 4636 (864)
659 4581 790 4620 cum
811 4571 841 4620 7
886 4565 1211 4637 legionibus
1261 4565 1318 4619 in
1350 4565 1471 4636 ipsa
1499 4567 1852 4622 transcendit
1949 4565 2398 4623 misericorditer
2429 4581 2569 4635 erga
2596 4581 2691 4620 me
2723 4564 2917 4620 senior
2941 4579 3074 4618 suus
3111 4559 3313 4634 egerit.
3356 4555 3552 4628 Ibique

235 4670 471 4716 aurora,
504 4655 785 4725 quosdam
839 4654 1285 4725 circumquaque
1320 4654 1576 4724 jacentia
1603 4659 1844 4724 vastare,

235 4743 378 4799 alios
400 4757 533 4796 vero
550 4742 757 4798 urbem
786 4741 1111 4816 precipiens
1139 4742 1486 4814 inpugnare.
1526 4742 1690 4805 Quod
1718 4745 1843 4799 We-

1949 4656 2020 4710 de
2034 4654 2372 4709 inﬁrmitate
2386 4653 2725 4709 venerabilis
2737 4652 3092 4707 Fritherunte
3109 4645 3554 4721 comperivimus

1942 4744 2014 4800 ad
2044 4743 2204 4813 cujus
2233 4740 2558 4814 hospicium
2581 4745 2717 4797 tunc
2742 4755 2848 4795 nos
2884 4738 3125 4806 fuimus;
3153 4752 3302 4810 quae,
3317 4749 3422 4806 pro
3450 4733 3551 4789 do-

1573 4832 1805 4888 VARUE
1834 4829 2228 4888 LECTIONES.
2691 4899 2703 4901 _
2762 4898 2774 4901 _
2839 4900 2844 4901 ν
2989 4894 3035 4901 __
3282 4894 3297 4901 _
3385 4892 3397 4901 .
3510 4889 3522 4901 .

309 4909 406 4945 ιω
436 4899 560 4956 add.
599 4902 683 4957 Ib.
760 4909 858 4943 mo
887 4915 1078 4956 cesare
1112 4904 1197 4956 ta.
1279 4909 1369 4943 1m
1401 4917 1618 4972 magna
1650 4907 1734 4958 Ia.
1813 4911 1907 4947 1m
1938 4921 1997 4959 se
2025 4903 2136 4958 fav.
2173 4906 2255 4956 la.
2332 4909 2427 4944 im
2453 4903 2537 4956 ita
2565 4903 2654 4972 Ia.
2682 4894 3188 4972 habuissgvigletun
3214 4892 3556 4972 coloniensis

237 4978 321 5029 Ic.
403 4972 538 5026 m‘i
569 4972 824 5028 adrasum
858 4976 906 5027 1.
987 4980 1083 5014 1⁵³⁵
1114 4973 1232 5026 ath.
1268 4976 1345 5029 Ic.
1425 4963 1531 5014 ιδδῖ
1552 4971 1930 5031 WeneniciA.
1963 4973 2026 5031 S.
2051 4972 2302 5029 Fortasse
2334 4977 2355 5028 1
2391 4969 2713 5026 Wenetnici
2741 4971 2848 5024 sive
2876 4964 3193 5022 Wethenici
3213 4963 3439 5022 seribere
3462 4979 3555 5018 υο-

235 5044 357 5120 luit.
438 5051 531 5086 1⁵³⁷
562 5044 861 5120 ᾀθῐθξελὶεεθ
893 5046 977 5098 1α.
1055 5051 1148 5120 ίδξδ
1170 5044 1426 5120 ϐιειιιειηιλ
1451 5045 1501 5096 2.
1531 5043 1608 5098 A.
1630 5045 1726 5120 S._
1774 5053 1868 5087 im
1891 5048 2242 5120 prosperata
2268 5050 2316 5120 1.
2395 5052 2489 5086 mo
2518 5057 2623 5120 per
2649 5054 2906 5120 unguem
2936 5036 3061 5120 add.
3096 5041 3182 5118 tu.
3208 5112 3219 5120 ι
3261 5041 3353 5120 ιξιί
3382 5034 3553 5115 Maje-

236 5115 622 5186 deburgensis
647 5116 770 5168 add.
809 5120 886 5170 Ic.
964 5122 1059 5155 ιω
1091 5114 1382 5169 Gezerisca
1410 5117 1487 5168 tc.
1569 5123 1662 5157 ιω
1695 5115 1766 5170 de
1793 5108 2123 5172 residuis—
2139 5115 2480 5171 relicturum
2509 5108 2634 5169 add.
2669 5108 2758 5168 1ὺῖ
2780 5109 3097 5184 quibusdam
3118 5108 3174 5162 in
3200 5112 3346 5162 textu
3369 5108 3550 5160 erasis.

235 5194 333 5229 1m
359 5185 749 5241 archiantistis
780 5190 831 5241 1.

1779 5257 2004 5316 NOTIE.

307 5344 458 5416 (862)
486 5344 728 5401 Kalend.
752 5345 1124 5415 Merseburg.,
1154 5345 1274 5399 Kal.
1314 5343 1608 5415 Septemb.
1642 5343 1780 5404 Gero
1797 5353 1846 5401 et

245 5416 584 5490 Wolcinarus
618 5417 840 5490 comites
872 5432 995 5490 cum
1039 5417 1190 5490 sociis
1246 5417 1439 5490 suimet
1481 5421 1586 5475 200
1615 5419 1850 5490 peremti

233 5496 378 5544 sunt.
417 5486 579 5542 Conf.
610 5488 762 5540 Ann.
797 5485 1128 5552 Quedlinb.,
1160 5503 1211 5540 a.
1254 5489 1410 5540 1015.

308 5557 462 5628 (863)
488 5556 656 5629 Conf.
691 5556 1012 5629 Chronogr.
1046 5555 1201 5625 Sax.,
1233 5572 1388 5612 anno
1421 5559 1544 5616 971.

309 5626 457 5697 (864)
482 5626 568 5683 Sc.
605 5627 862 5697 Meissen.

315 5698 469 5770 (865)
500 5696 816 5754 Weincnici
833 5697 871 5753 i.
891 5713 948 5771 q.
972 5713 1145 5771 supra
1161 5697 1500 5772 Wethenici,
1525 5717 1625 5758 seu
1655 5718 1688 5760 a
1709 5717 1844 5760 voce

1944 5345 2165 5421 Slavica
2187 5345 2286 5421 Yoj
2297 5345 2420 5421 nik,
2445 5341 2712 5421 Polonice
2727 5337 3077 5421 Woiownik,
3095 5338 3366 5421 bellator.
3419 5404 3482 5421 Ν

2018 5418 2165 5489 (866)
2192 5407 2293 5496 Die
2328 5407 2531 5496 Jahne,
2565 5413 2730 5496 annis
2766 5407 3185 5496 plarvulus,'qui
3213 5423 3394 5482 prope
3419 5407 3550 5463 Rie-

1946 5485 2392 5569 samoppid‘um
2409 5485 2840 5569 Albim‘intluit.
2882 5557 2924 5569 _
3168 5555 3180 5569 .
3218 5551 3276 5569 η,

2013 5507 2068 5545 m
2099 5507 2380 5616 opgilaum
2409 5507 2600 5568 summ
2634 5507 2840 5569 mnu“.
3265 5551 3276 5562 ο

2013 5563 2157 5628 (867)
2237 5558 2517 5626 okrehna,
2549 5559 2682 5614 Villa
2710 5559 2861 5614 inter
2882 5557 3110 5628 Torgau
3131 5555 3190 5610 et
3218 5549 3550 5620 Ellenburg.

2014 5628 2157 5705 (868)
2191 5631 2356 5687 Conf.
2381 5646 2554 5703 supra
2583 5630 2658 5687 ad
2682 5629 2721 5686 l.
2750 5645 2833 5698 ιιι,
2866 5644 2926 5689 c.~
2961 5628 3014 5681 8.

2015 5702 2162 5778 (869)
2195 5701 2460 5776 Zoerbig.

2235 5717 2460 5776 oermg.
