3900 6216
411 444 553 503 I375

1407 452 1785 511 ἹἭΙΕΤΜΑΒΙ
1819 452 2433 517 HERSEB‘URGENSIS
2470 460 2787 521 EPISCOPI

3591 470 3742 530 l376

413 560 532 658 lor!
565 561 624 658 in
647 565 909 658 sequenti
935 565 1054 658 die,
1080 567 1144 658 id
1173 572 1258 624 est
1283 573 1315 624 6
1344 572 1627 628 Kalendas
1657 574 2009 645 Novembris,
2029 582 2084 641 Α
2116 585 2337 656 gabant
2368 592 2482 638 m9.
2513 583 2688 640 Nobis
2715 589 3243 658 contemporalibus
3265 589 3383 646 suis
3412 589 3488 646 ob
3505 589 3737 648 crimen

407 651 717 708 hominem
749 655 902 710 exuit
931 656 1263 712 interiorem
1299 668 1393 702 ιω
1419 660 1587 732 (870).
1627 664 1767 718 Inde
1813 665 2008 720 Archi-

410 740 716 814 epiSCOpus
744 745 816 799 ad
867 753 962 788 im
988 747 1376 820 Magadaburg
1405 753 1712 823 profectus,
1745 756 2009 809 omnium

404 830 773 888 festivitatem
801 837 1133 890 sanctorum
1152 838 1482 907 celebravit,
1505 845 1563 896 et
1581 858 1689 913 ego
1722 842 1779 898 in
1811 844 2008 899 Walli-

405 918 537 975 bici.

479 1011 565 1064 l7.
611 1009 847 1065 Interim
875 1012 1211 1086 Hardvigus,
1233 1016 1467 1073 nomine
1485 1022 1711 1074 tantum
1733 1036 1851 1086 rex,
1883 1038 2008 1093 per-

413 1097 534 1152 dita
560 1099 699 1153 urbe
722 1099 1080 1170 Fercellensi,
1112 1122 1287 1176 quam
1313 1106 1409 1162 diu
1425 1109 1654 1179 expulso
1682 1109 1870 1164 Leone
1887 1109 2006 1180 epi-

409 1201 579 1256 scopo
592 1185 800 1258 injuste
811 1192 1085 1260 possedit,
1099 1193 1509 1257 infirmatur,et
1518 1197 1727 1251 radens
1739 1197 1980 1251 barbam
1991 1239 2005 1264 ,

405 1274 724 1330 monachus
749 1279 834 1331 est
857 1279 1108 1347 effectus,
1139 1283 1427 1355 terciaque
1455 1285 1738 1339 Kalendas
1763 1285 2010 1339 Novem-

400 1361 517 1419 bris
550 1363 714 1432 obiit,
731 1367 985 1438 sepultus
1007 1369 1063 1424 in
1077 1373 1450 1439 monasterio,
1474 1375 1797 1447 Imperator
1811 1377 2004 1430 autem

401 1449 788 1508 occidentales
833 1462 928 1497 ηδτ
961 1457 1210 1513 invisens
1251 1460 1537 1532 regiones,
1578 1479 1706 1534 quae
1748 1462 1828 1518 ibi
1872 1467 2007 1518 tunc

410 1542 576 1594 erant
604 1542 975 1599 emendanda
994 1549 1258 1602 correxit.

479 1630 564 1684 18.
590 1631 725 1684 Post
742 1632 866 1686 haec
897 1636 1089 1689 autem
1117 1636 1241 1699 Eid,
1280 1638 1518 1693 antistes
1561 1639 1806 1710 egreius,
1839 1656 1872 1694 a
1899 1642 2006 1695 Po-

397 1716 561 1772 lenia
583 1719 785 1774 saltem
801 1736 934 1775 cum
947 1725 1283 1780 muneribus
1309 1727 1537 1794 magnis
1556 1744 1831 1795 reversus,
1848 1744 2010 1799 egro-

397 1807 519 1860 tare
552 1807 722 1877 cepit.
760 1809 820 1862 ’f.
871 1810 1011 1872 l52’)
1031 1812 1164 1866 etin
1203 1814 1340 1869 urbe
1364 1814 1510 1870 Libzi
1546 1820 1744 1871 vocata
1776 1817 2006 1871 fidelem

400 1894 628 1950 Christo
651 1896 908 1952 animam
935 1901 998 1953 l3
1015 1902 1298 1956 Kalendas
1309 1905 1951 1975 Januariireddidit(87l
1968 1907 2004 1975 ).

397 1985 467 2038 Et
492 1983 848 2040 Hilliwardus
883 1987 1177 2044 Citicensis
1217 1991 1535 2063 episcopus,
1567 1993 1641 2048 ad
1673 1993 1840 2063 hujus
1872 2009 2002 2063 pro-

412 2072 770 2128 curationem
790 2080 1038 2142 vocatus,
1056 2094 1191 2132 mox
1204 2078 1404 2145 adfuit,
1426 2083 1484 2133 et
1503 2080 1766 2147 domum,
1787 2098 1902 2153 qua
1921 2082 2006 2136 vir

403 2163 633 2216 sanctus
645 2161 887 2230 abierat,
902 2165 1136 2236 optimis
1152 2167 1412 2222 redolere
1429 2168 1703 2223 odoribus
1726 2169 2005 2224 introiens

403 2249 664 2321 agnovit;
697 2253 758 2307 et
781 2268 989 2326 corpus
1013 2255 1274 2326 ejusdem
1312 2273 1490 2329 usque
1519 2258 1593 2312 ad
1619 2258 1780 2313 Misni
1810 2274 2003 2329 prose-

398 2336 612 2409 quitur.
673 2338 945 2410 Sepelivit
985 2341 1126 2396 illud
1164 2359 1360 2398 coram
1405 2344 1572 2400 altari
1625 2354 1741 2411 1548,
1795 2346 2004 2401 auxilio

398 2426 629 2482 comitis
649 2427 1016 2485 Willehelmi.
1069 2430 1165 2502 qui
1212 2431 1415 2486 ordine
1448 2450 1547 2488 suo
1593 2434 1838 2489 eandem
1875 2439 2006 2490 tunc

399 2516 703 2571 custodivit
737 2517 1047 2576 civitatem.
1108 2521 1220 2576 Sed
1274 2521 1408 2590 quia
1455 2525 1710 2593 superius
1765 2524 2005 2593 promisi

401 2619 496 2658 me
523 2605 595 2658 de
615 2605 739 2675 ejus
758 2606 874 2660 vita
900 2608 956 2661 in
978 2608 1348 2679 sequentibus
1361 2609 1669 2676 dicturum,
1692 2611 1762 2666 de
1779 2611 2007 2681 magnis

397 2708 580 2763 pauca
605 2694 828 2762 loquar.
867 2694 1004 2748 Erat
1053 2696 1139 2749 vir
1187 2696 1475 2766 predictus
1519 2699 1726 2753 nobilis
1767 2716 2002 2769 genere,

395 2779 550 2835 dives
571 2779 629 2834 in
662 2780 898 2852 prediis,
949 2783 1047 2838 sed
1099 2788 1440 2856 paupertate
1493 2787 1722 2858 spiritus
1751 2789 1873 2844 hinc
1897 2806 2002 2860 pro

397 2869 580 2925 nihilo
609 2870 844 2925 ducens.
878 2870 1027 2925 Ante
1058 2871 1518 2930 benedictionem
1542 2876 1602 2929 in
1615 2877 2005 2950 Magadaburg

394 2972 526 3012 cum
569 2957 795 3012 steteris
825 2959 1206 3015 confratribus
1254 2964 1598 3033 regulariter
1649 2981 1712 3019 ac
1755 2967 2002 3021 multum

2113 678 2374 729 nostrum
2430 675 2553 746 ejus
2603 676 2968 731 conversacio
3001 677 3306 748 displicuit,
3333 683 3395 735 et
3421 680 3478 735 ei
3507 684 3733 737 nostra.

2113 763 2179 817 23
2207 779 2392 817 annos
2422 767 2478 818 et
2509 763 2756 835 amplius
2786 765 2983 819 labore
3009 766 3283 822 ineffabili
3313 767 3525 835 vivens,
3543 771 3734 826 ﬁnem

2113 858 2278 896 suum
2312 847 2445 898 ante
2470 845 2737 914 predixit,
2760 849 2820 898 et
2837 848 2897 898 ut
2917 862 3237 919 numquam
3253 849 3327 904 ad
3345 849 3504 904 Misni
3543 867 3736 920 pone-

2107 936 2286 997 retur,
2316 935 2560 988 multum
2575 933 2818 1004 rogavit.
2836 933 2898 987 Id
2915 951 3169 1006 namque
3193 953 3424 1008 semper
3445 937 3502 992 in
3520 941 3734 994 mente

2113 1022 2186 1075 ob
2211 1021 2483 1076 timorem
2510 1023 2719 1080 futurae
2751 1023 3121 1080 desolationis
3156 1025 3518 1093 desideravit,
3563 1030 3633 1082 ut
3655 1027 3734 1084 ad

2107 1111 2299 1165 locum
2335 1109 2569 1165 Colidici
2586 1119 2682 1154 ίδδο
2695 1111 2931 1178 dictum,
2958 1113 3056 1168 ubi
3074 1113 3282 1168 Christi
3303 1131 3734 1187 magnusmar—

2114 1200 2206 1268 tyr
2238 1199 2619 1270 corporaliter
2643 1201 2969 1272 requiescit,
2990 1202 3181 1273 etipse
3193 1206 3514 1260 mereretur
3531 1209 3738 1260 tumu-

2105 1286 2233 1344 lari.
2293 1287 2406 1342 Sed
2463 1305 2654 1343 comes
2710 1290 3118 1359 Herimannus,
3175 1308 3409 1364 sperans
3453 1293 3736 1365 precibus

2110 1376 2373 1446 ejusdem
2429 1378 2618 1432 locum
2663 1377 2766 1432 sibi
2797 1395 2832 1432 a
2877 1381 2992 1435 Deo
3035 1383 3302 1452 paratum
3340 1381 3626 1453 adjuvari,
3669 1388 3739 1439 ut

2107 1465 2365 1536 prefatus
2387 1482 2538 1534 sum,
2571 1465 2787 1522 ibidem
2821 1467 2954 1522 fecit
2984 1485 3119 1524 eum
3140 1469 3372 1541 deponi.

2185 1557 2266 1608 l9.
2291 1556 2350 1608 ln
2383 1554 2574 1624 vigilia
2603 1555 2809 1610 natalis
2823 1557 3055 1612 Domini
3084 1558 3476 1630 Meingaudus,
3505 1561 3732 1616 Treve-

2108 1641 2239 1696 rica:
2269 1642 2511 1697 civitatis
2538 1643 3022 1717 archiepiscopus,
3051 1646 3193 1700 obiit
3216 1647 3276 1701 in
3307 1649 3444 1704 urbe
3469 1665 3573 1704 sua
3611 1649 3734 1704 Co-

2109 1731 2370 1802 phelenci
2388 1732 2537 1786 dicta
2561 1734 2721 1798 {872),
2747 1734 2995 1789 sedens8
3014 1752 3200 1791 annos
3216 1739 3273 1791 et
3293 1741 3324 1790 7
3347 1754 3574 1792 menses
3601 1747 3733 1804 1w,

2111 1819 2357 1890 indeque
2384 1836 2592 1891 corpus
2613 1838 2778 1875 suum
2816 1822 2888 1876 ad
2909 1823 3107 1878 sedem
3133 1824 3426 1896 propriam
3457 1825 3733 1882 delatum

2107 1908 2424 1963 honorifice
2445 1908 2520 1962 ad
2551 1914 2941 1965 antecessores
2965 1928 3097 1966 suos
3125 1914 3366 1968 locatur.
3398 1917 3736 1987 Imperator

2105 1996 2226 2050 haec
2261 1997 2519 2065 audiens,
2545 1999 2616 2053 de
2648 2002 2945 2056 tantorum
2968 2003 3318 2058 detrimento
3338 2007 3565 2075 patrum
3603 2009 3734 2061 tu}

2103 2085 2291 2154 batur,
2309 2086 2554 2156 qualiter
2576 2103 2685 2157 que
2704 2091 2829 2144 loca
2858 2092 3008 2146 bene
3037 2093 3335 2163 suppleret
3369 2108 3731 2161 vaena,cum

2105 2174 2485 2231 familiaribus
2509 2179 2623 2232 suis
2652 2179 2946 2247 tractavit;
2978 2182 3143 2234 ειιεει
3163 2181 3416 2235 natalem
3444 2183 3732 2239 Domini-

2107 2281 2236 2318 cum
2269 2264 2328 2319 in
2351 2266 2831 2322 Pathebrunnum
2861 2275 2954 2310 1m
2982 2267 3198 2322 festivis
3219 2269 3438 2341 peregit
3465 2271 3726 2341 gaudiis.

2107 2355 2174 2408 Et
2204 2357 2334 2426 post
2352 2355 2500 2409 hanc
2523 2359 2879 2428 Popponem,
2895 2357 3516 2430 Liupoldimarcbionis
3527 2360 3728 2417 ﬁlium

2105 2448 2164 2498 et
2185 2449 2318 2499 tunc
2343 2446 2829 2518 Bavenbergensis
2868 2446 3104 2501 uiciesise
3118 2447 3725 2518 prepositum,Treve-

2105 2533 2254 2586 rensi
2273 2535 2593 2606 prefecerat
2610 2536 2758 2603 urbi;
2772 2539 2832 2590 et
2843 2553 2978 2591 cum
2997 2537 3045 2591 is
3059 2545 3151 2579 ίιιι
3165 2538 3236 2592 ab
3251 2538 3725 2595 Erkanbaldoﬂﬂ

2105 2621 2979 2696 Magociacensiarchiepiscopo,
2995 2627 3057 2695 (f.
3082 2627 3220 2699 l53’)
3235 2629 3394 2698 jussu
3428 2629 3652 2684 cesaris
3669 2635 3727 2686 et

2108 2709 2338 2765 licentia
2369 2711 2740 2767 Virdunensis
2790 2714 3059 2786 episcopi,
3111 2716 3206 2787 qui
3253 2717 3471 2788 primus
3499 2718 3724 2774 horum

2105 2798 2164 2852 in
2197 2799 2401 2854 ordine
2433 2800 2539 2854 fuit
2567 2801 2949 2872 confratrum,
2981 2805 3306 2859 consecrari
3339 2805 3660 2875 debuisset,
3689 2825 3726 2862 a

2103 2887 2460 2965 :l‘hiederico,
2494 2890 2726 2965 Metensi
2757 2891 3050 2965 antistite,
3083 2909 3151 2965 eo
3183 2893 3336 2964 quod
3359 2911 3392 2948 a
3423 2911 3484 2949 se
3506 2896 3724 2965 justius

2101 2958 2224 3012 hinc
2256 2960 2551 3017 ordinacio
2584 2962 2709 3016 fieri
2739 2963 2996 3030 deberet,
3027 2958 3255 3019 assidua
3294 2958 3722 3024 acclamatione

393 3046 767 3102 laudabiliter
795 3047 1010 3115 vivens,
1043 3051 1261 3121 etpost
1295 3050 1355 3105 in
1386 3052 1590 3107 divinis
1615 3054 1887 3125 gregibus
1913 3056 1998 3110 lu-
2026 3090 2073 3149 Ο
2103 3050 2160 3148 et
2191 3048 2394 3149 humili
2416 3051 2782 3149 peticioneid
2804 3053 3720 3149 incassumprohibebaturﬁam

394 3135 820 3192 crandis'alcius
855 3136 1182 3210 insurgens,
1206 3157 1311 3212 pro
1338 3142 1711 3212 possibilitate
1731 3162 1833 3199 sua
1869 3161 2000 3217 apo-

388 3225 652 3279 stolicam
700 3223 957 3281 imitatus
999 3231 1084 3282 est
1121 3229 1488 3286 vitam.Nulla
1529 3249 1789 3304 unquam
1819 3235 1998 3290 utitur

387 3313 626 3369 camisia
647 3329 838 3386 neque
877 3316 1071 3380 braca,
1103 3317 1208 3373 nisi
1257 3321 1393 3374 tunc
1422 3336 1554 3374 cum
1598 3321 1830 3376 missam
1859 3340 1994 3378 can-

388 3401 555 3470 tavit;
590 3419 764 3475 quam
795 3403 1005 3460 idcirco
1033 3407 1222 3478 sepius
1261 3408 1510 3474 demisit,
1547 3409 1681 3481 quia
1706 3427 1765 3465 se
1791 3410 1864 3464 ad
1885 3412 1994 3466 hoc

387 3489 696 3563 indignum
721 3491 1017 3564 judicavit.
1050 3494 1262 3551 Hiemis
1285 3497 1656 3568 asperitatem
1687 3498 1993 3570 qualiteris

388 3594 666 3652 umquam
696 3580 1024 3646 sustineret,
1056 3584 1222 3638 multi
1266 3585 1755 3640 ammirabantur.
1778 3587 1990 3643 Crebro

383 3683 418 3724 a
447 3669 564 3724 suis
582 3683 731 3741 pene
759 3669 1117 3743 desperatus,
1165 3676 1223 3726 in
1252 3675 1418 3728 stuba
1471 3674 1559 3727 vix
1592 3675 1986 3744 recreabatur;

385 3772 592 3829 corpus
615 3773 781 3813 suum
813 3759 985 3816 nimis
1014 3759 1216 3814 afﬂixit
1247 3761 1507 3832 jejnniis,
1531 3763 1658 3831 plus
1697 3762 1864 3818 nudis
1889 3780 1988 3834 pe-

375 3844 544 3901 dibus
590 3862 766 3918 qnam
787 3861 942 3920 equo
977 3848 1272 3903 laborans.
1317 3849 1461 3904 Cum
1488 3849 1593 3903 sibi
1615 3854 1672 3904 et
1687 3851 1851 3906 sociis
1874 3853 1989 3908 late

380 3935 718 4006 vagantibus
765 3935 977 3992 vietum
1032 3936 1305 3992 defecisse
1351 3943 1441 3993 vel
1477 3939 1692 4010 aliquid
1741 3941 1988 3998 arduum

2100 3140 2396 3209 inperator
2444 3140 2597 3194 hunc
2608 3141 2819 3212 scripta
2845 3143 3343 3199 demonstrantem
3362 3147 3424 3199 et
3435 3144 3641 3200 hanno
3662 3145 3721 3204 id

2100 3226 2542 3282 interdicentem
2566 3246 2683 3283 non
2700 3231 3000 3298 exaudivit,
3014 3233 3113 3287 sed
3126 3233 3456 3288 unctionem
3473 3241 3724 3290 1⁵⁵⁸0011-

2095 3315 2240 3386 pleri
2286 3317 2556 3388 precepit.
2601 3319 2666 3372 In
2716 3319 2826 3374 hiis
2867 3320 3067 3376 diebus
3126 3320 3246 3376 vice
3292 3321 3416 3376 Eidi
3469 3323 3720 3394 presul'B

2094 3406 2422 3474 Eilwardus,
2463 3406 2776 3462 Tbietmari
2807 3409 3157 3464 marchionis
3184 3411 3579 3482 cappellanus,
3614 3429 3717 3466 or-

2094 3497 2216 3549 tatu
2253 3495 2591 3550 Herimanni
2619 3497 2924 3552 confratris
2952 3514 2990 3552 a
3022 3514 3215 3553 cesare
3239 3499 3629 3568 constituitur,
3662 3505 3716 3555 et

2091 3581 2153 3638 in
2187 3583 2490 3640 Dominica
2507 3585 2597 3640 die
2617 3590 2751 3641 ante
2774 3587 2993 3657 palmas
3013 3586 3070 3640 in
3095 3588 3715 3658 Merseburgaﬁerone

2094 3673 2523 3744 archiepiscopo
2592 3675 2760 3730 nobis
2809 3675 3132 3731 faventibus
3183 3676 3550 3734 benedicitur
3600 3682 3710 3747 (an.

2103 3763 2258 3827 l0l6,
2288 3761 2464 3816 Mart.
2493 3763 2599 3834 18).

2163 3853 2251 3905 20.
2273 3851 2598 3907 Proximam
2619 3853 2944 3923 palmarum
2952 3853 3376 3924 jucunditatem
3417 3854 3714 3927 inperator

2097 3954 2225 3993 cum
2260 3940 2526 3996 lleinrico
2558 3941 2873 3996 venerabili
2898 3942 3400 4015 Wirciburgiensis
3421 3952 3516 3988 i5"
3548 3946 3710 4000 83018-

2085 4025 2186 4082 siae
2223 4027 2518 4101 episcOpo,
2545 4031 2865 4102 complens,
2882 4034 2916 4086 4
2939 4030 3084 4086 feria
3095 4031 3170 4086 ad
3184 4032 3525 4104 Bavanberg
3537 4033 3708 4103 venit,

2085 4116 2286 4189 ibique
2336 4119 2553 4174 Cenam
2583 4119 2814 4175 Domini
2843 4123 2903 4175 et
2931 4119 3268 4176 Passionem
3296 4137 3431 4178 cum
3461 4122 3708 4195 paschali

2086 4207 2337 4280 tripudio
2369 4208 2794 4264 honorabiliter
2809 4208 3035 4281 peregit
3055 4209 3253 4278 (Mart.
3276 4211 3522 4282 25,113».
3557 4213 3708 4272 l).Et

376 4287 495 4356 siaa,
523 4289 623 4343 sed
643 4287 769 4345 aliis
782 4306 964 4363 quam
979 4293 1266 4364 pluribus.
1299 4295 1361 4366 (f.
1389 4298 1508 4367 l53)
1535 4291 1615 4352 De
1647 4297 1754 4352 hiis
1781 4299 1986 4370 quibus
2083 4297 2223 4368 quia
2251 4298 2572 4364 Rothulfus,
2597 4298 3059 4370 Burgundiorum
3089 4315 3211 4366 rex,
3235 4301 3550 4356 avunculus
3577 4302 3700 4372 ejus

375 4377 495 4450 ipse
523 4392 655 4433 eum
676 4378 788 4434 suis
816 4379 1005 4436 vivere
1033 4381 1285 4440 debebat
1311 4385 1507 4452 rebus,
1551 4387 1658 4442 sibi
1684 4387 1986 4442 subtractis
2085 4387 2257 4457 (873),
2288 4377 2433 4442 sicut
2478 4391 2707 4443 vocatus
2751 4391 2893 4456 erat,
2938 4389 3049 4445 huc
3097 4389 3295 4445 venire
3343 4407 3462 4446 non
3493 4391 3694 4464 potuit,

375 4483 526 4540 pene
559 4467 834 4524 ducentos
900 4470 1136 4528 aaclesiae
1165 4473 1378 4530 suimet
1406 4475 1703 4548 acquisivit
1731 4493 1982 4532 mansos.
2011 4475 2066 4536 D
2089 4480 2361 4548 nepotem
2394 4475 2502 4532 sibi
2528 4477 2800 4532 dilectum
2823 4476 3051 4533 obviam
3073 4477 3180 4534 sibi
3193 4494 3443 4550 pergere
3456 4478 3694 4551 rogavit.

385 4039 685 4080 occurrere
715 4023 953 4089 videret,
977 4024 1095 4079 Deo
1135 4025 1351 4095 gratias
1385 4027 1525 4099 egit,
1557 4031 1617 4082 et
1645 4045 1848 4084 omnes
1879 4033 1987 4087 hoc

382 4112 573 4166 dicere
595 4113 782 4182 jussit.
826 4113 889 4168 In
916 4113 1262 4185 baptizando
1292 4120 1351 4171 et
1377 4117 1770 4190 predicatione
1800 4121 1984 4176 conti-

379 4215 497 4255 nua
511 4201 1024 4257 etconﬁrmatione
1041 4219 1160 4259 non
1180 4204 1355 4261 modo
1369 4224 1489 4262 suae
1514 4208 1666 4262 utilis
1684 4212 1809 4265 erat
1827 4212 1987 4266 secie-

373 4559 595 4616 Crisma
623 4561 683 4614 et
732 4563 951 4619 elerum
990 4577 1146 4632 raro,
1175 4566 1396 4637 templa
1426 4569 1622 4620 autem
1652 4566 1886 4622 Domini
1915 4568 1987 4622 li-

368 4648 579 4704 benter
589 4651 970 4718 consecravit,
995 4655 1053 4707 et
1074 4655 1212 4708 tunc
1235 4654 1440 4709 crebro
1455 4653 1589 4710 sine
1611 4654 1804 4710 missa.
1827 4656 1986 4710 Oculi

375 4736 499 4808 ejus
525 4738 600 4795 ob
627 4739 917 4797 assiduam
937 4741 1113 4798 fletus
1141 4742 1307 4799 nimii
1327 4743 1677 4800 effusionem
1701 4745 1828 4816 jam
1851 4747 1984 4801 cali-

2090 4565 2174 4619 Fit
2201 4573 2294 4608 ιιδθ
2323 4566 2646 4620 eorundem
2673 4564 2977 4621 conventio
3008 4566 3067 4620 in
3099 4568 3242 4622 urbe
3272 4568 3694 4639 Argentinauu

2091 4656 2148 4709 et
2175 4657 2372 4710 mutue
2401 4655 2654 4710 caritatis
2684 4653 2932 4709 invicem
2954 4657 3117 4727 larga
3143 4656 3476 4728 benignitas
3495 4673 3693 4712 conso-

2089 4745 2191 4800 ciis
2225 4754 2318 4789 "60
2331 4745 2524 4801 arrisit
2538 4744 2815 4817 utrisque.
2835 4743 2960 4800 Fuit
2974 4761 3202 4818 quoque
3213 4746 3435 4802 ibidem
3455 4745 3694 4802 Bothulﬂ

1687 4865 1914 4921 VARIIE
1979 4867 2270 4923 LECTION
2277 4867 2378 4922 ES.

440 4954 539 5023 l3“
565 4947 742 5023 μσς)
767 4948 1158 5023 exteriorem.
1193 4949 1321 5022 (Sed
1371 4953 1448 5009 ila
1477 4967 1679 5023 semper
1719 4953 1846 5021 Th.)
1869 4985 1940 4998 ——
1966 4964 2062 5000 mo
2090 4972 2175 5012 ac.
2214 4960 2261 5010 1.

2451 4961 2544 5028 1W
2557 5025 2566 5028 Α
2596 4955 2916 5028 Harduigus
2946 4987 3012 4996 --
3057 4956 3298 5014 occideri
3345 4955 3473 5013 add.
3507 4955 3584 5011 Ib.
3611 4973 3684 5012 sc.

563 5018 890 5100 Harduigus
937 5037 1004 5076 .n.
1049 5018 1277 5100 tantum
1318 5025 1374 5077 in
1416 5018 1626 5100 rasa-rit,
1677 5018 1864 5081 extera
1902 5030 1958 5100 in
2000 5029 2292 5100 margine,
2336 5032 2423 5100 la.
2470 5025 2720 5083 habuisse
2772 5018 2981 5100 videtur
3027 5042 3038 5100 ς
3081 5029 3328 5084 Interim
3387 5028 3692 5100 imperator

368 5089 812 5149 occidentalesf
913 5101 1024 5137 ’1⁸4⁸
1045 5095 1227 5150 altare
1261 5098 1342 5149 la.

364 5177 451 5216 ses
472 5161 603 5217 add.
643 5163 722 5218 lb.
801 5171 896 5206 1m
925 5164 1051 5219 add.
1090 5165 1172 5220 l‘b.

1460 5103 1554 5171 15:9
1586 5095 1708 5171 sine
1730 5095 2160 5171 —_caligabant
2185 5098 2311 5157 add.
2350 5099 2432 5152 lb.

1289 5174 1383 5242 1553
1416 5165 1473 5220 in
1505 5168 1567 5222 P.
1601 5166 1726 5222 add.
1764 5169 1846 5222 lb.
1873 5165 2133 5242 t'n'spatz'o
2161 5177 2297 5242 ante,
2316 5187 2486 5225 vacuo
2518 5171 2716 5224 relz'czo.

2589 5107 2682 5142 ιιιο
2713 5099 2914 5155 coldic.
2945 5099 3046 5154 lc?
3085 5107 3178 5142 1⁵⁵1
3211 5101 3418 5155 sedens
3442 5099 3506 5140 -ἐ-
3531 5114 3690 5153 men-

2834 5179 2928 5212 ηει
2961 5186 3092 5225 cum
3124 5170 3171 5224 is
3204 5171 3285 5226 lb.
3307 5171 3378 5226 in
3419 5172 3524 5226 loco
3554 5185 3688 5223 raso.

365 5239 460 5275 1⁸⁸⁵
490 5233 832 5313 er_k_inbaldo
870 5238 953 5291 la.
1033 5243 1126 5278 1m
1165 5237 1566 5313 inductionem
1601 5242 1685 5293 la.
1766 5247 1859 5282 1⁸⁵7
1891 5233 2049 5313 ita].
2081 5242 2120 5296 i.
2155 5241 2298 5313 haud
2325 5258 2496 5313 eraso.
2579 5249 2673 5284 1m
2704 5241 2894 5311 Pergit
2949 5241 3060 5296 alia
3111 5259 3326 5308 manus,
3368 5259 3482 5313 qua:
3508 5241 3690 5294 multo:

359 5306 625 5364 commisit
651 5321 874 5363 errores.
955 5314 1048 5350 1⁸³⁸
1067 5309 1380 5382 οειτεθηιίνθ.
1408 5312 1456 5364 l.
1540 5317 1635 5353 mo
1666 5312 2011 5368 consosociis
2045 5317 2092 5369 l.
2127 5312 2334 5368 duabus
2367 5312 2533 5369 lineis.

1924 5400 2147 5458 ΝΟΤΛΕ.

437 5481 851 5560 (810)_I_(alend.
884 5485 1238 5560 Merseburg.
1291 5489 1350 5541 et
1403 5486 1750 5560 Leneburg.,
1781 5487 1980 5547 Octob.

366 5551 460 5616 38,
477 5551 534 5606 1F
537 5551 780 5607 rimam
800 5558 1093 5612 comitium.

372 5621 864 5762 “btlfii‘ltlfnd'
880 5627 1228 5699 Μθτσθδωεο
1239 5669 1256 5698 ν
1269 5628 1553 5688 Deceml).
1581 5632 1672 5690 αθ,
1683 5631 1985 5704 Μιθρῇ

2156 5491 2308 5569 @112)
2339 5489 2675 5569 Crhlenzs.
3231 5560 3263 5569 -
3429 5563 3463 5569 _.
3645 5561 3653 5569 .

2161 5559 2307 5630 (873)
2371 5560 2502 5616 Scil.
2571 5563 2748 5618 frater
2797 5562 2983 5630 Gislze,
3035 5562 3170 5618 filiae
3221 5560 3486 5632 Conmdi,
3527 5561 3684 5632 regis

2086 5632 2454 5704 Burgundiaz.
2479 5633 2539 5688 V.
2575 5649 2746 5706 supra
2781 5634 2820 5690 l.
2844 5651 2894 5702 v,
2931 5634 3060 5691 init.
3082 5651 3141 5689 av.
3172 5635 3228 5701 6,
3253 5649 3345 5710 sq.
