3900 6216
211 396 364 454 [1377

1471 394 1890 455 CBRONICON;
1921 425 1994 442 —
2020 395 2160 455 LIB.
2180 394 2296 456 νη.

3403 415 3544 482 1378

203 515 377 587 regis
394 513 593 572 inclita
612 514 1028 588 conjunx,quaa
1058 514 1464 572 familiaritatis
1479 517 1646 590 hujus
1669 520 1833 590 adju-
1857 524 1914 584 Α
1935 523 2122 586 natus,
2144 519 2320 586 bona,
2335 534 2463 591 quas
2494 520 2688 592 nepoli
2710 521 2924 579 suimet
2951 524 3237 596 promisit,
3253 527 3537 602 impedire

205 606 336 662 trix
363 606 428 675 (ἲ.
466 607 589 675 154)
619 605 770 661 ﬁlios
798 605 1012 660 suimet
1041 606 1205 674 duos,
1232 606 1472 662 senioris
1520 611 1718 664 autem
1748 611 1833 666 sui

203 695 536 767 privignos,
565 693 748 749 cesari
773 695 1205 750 commendavit
1225 712 1238 762 ;
1274 695 1494 750 dilectis
1506 697 1612 752 sibi
1633 697 1831 753 militi-

206 784 332 838 bus
356 784 466 838 hoc
496 785 684 837 totum
716 782 874 838 dedit
899 782 959 838 in
995 783 1362 851 beneficium,
1409 786 1565 858 quod
1604 786 1709 841 sibi
1759 788 1831 844 ab

207 872 508 926 avunculo
542 879 633 914 1W
659 871 870 926 suimet
909 875 1044 926 tunc
1089 874 1175 926 est
1201 888 1557 940 concessum,
1585 878 1642 927 et
1677 875 1833 945 quod

207 959 1146 1031 WillehelmusPictaviensis(874)
1161 962 1434 1016 hactenus
1452 962 1653 1016 habuit
1672 962 1830 1032 regio

207 1064 472 1104 munere
501 1048 826 1120 prostitum.
846 1051 1167 1121 Imperator
1186 1050 1429 1122 sapienti
1447 1068 1576 1106 usus
1593 1050 1830 1105 consilio

204 1136 358 1204 hoc,
386 1137 567 1193 voluit
593 1155 727 1192 cum
757 1137 862 1192 hiis
893 1137 950 1192 id
978 1138 1086 1192 sibi
1134 1138 1356 1193 firmius
1383 1139 1647 1206 subdere,
1677 1138 1832 1211 quod

204 1225 400 1298 longe
429 1227 587 1298 prius
613 1243 710 1282 rex
735 1226 1027 1299 predictus
1054 1226 1107 1281 ei
1128 1227 1505 1282 sacramentis
1525 1233 1653 1298 post
1675 1244 1833 1283 mor-

205 1317 346 1371 tem
376 1332 540 1370 suam
571 1315 874 1371 sancierat.
920 1316 1172 1372 Omnem
1204 1332 1457 1389 namque
1489 1317 1831 1387 Burgundite

204 1403 482 1476 regionis
505 1404 821 1476 primatum
846 1420 950 1476 per
971 1421 1178 1460 manus
1204 1405 1274 1460 ab
1305 1406 1584 1461 avunculo
1603 1413 1694 1447 ιδοι
1717 1406 1830 1461 sui-

207 1495 349 1548 met
375 1492 614 1565 accepit,
632 1495 693 1546 et
722 1492 793 1547 de
820 1493 1087 1548 maximis
1106 1494 1278 1549 rebus
1299 1493 1421 1548 sine
1443 1493 1491 1564 ej
1503 1511 1565 1548 us
1594 1493 1829 1550 consilio

207 1595 346 1636 non
360 1580 567 1635 ﬁendis
584 1581 950 1636 securitatem
962 1581 1212 1637 firmam.
1235 1581 1638 1652 Episcopatum
1652 1581 1711 1636 in
1725 1581 1832 1636 hac

208 1669 466 1740 regione
496 1669 752 1741 quodam
775 1677 868 1710 Im
891 1669 1070 1724 nobili
1088 1670 1208 1724 viro
1233 1669 1488 1736 dedit,de
1501 1687 1613 1741 quo
1628 1672 1832 1740 postea

1934 624 2138 664 eorum
2193 607 2466 662 instinctu
2509 608 2706 676 voluit,
2755 611 2961 682 quibus
3000 615 3255 672 relaxato
3291 617 3538 687 justiciaa

1933 697 2100 752 freno
2120 696 2288 751 velud
2308 695 2522 750 infelici
2541 696 2713 752 vitulo
2731 714 2834 768 per
2856 700 3038 758 latum
3066 703 3277 759 liberos
3307 721 3540 763 currere

1931 785 2148 857 placuit
2183 787 2347 854 i876).
2390 785 2532 840 Cum
2577 803 2712 842 vero
2756 787 2969 844 iterum
3015 792 3194 862 captis
3233 794 3540 865 persistere

1932 873 2168 940 studuit,
2198 889 2400 929 eorum
2422 873 2772 930 conﬂacione
2805 879 2862 931 et
2875 878 3128 948 pessima
3155 882 3540 941 reluctacione

1933 977 2051 1015 non
2076 963 2282 1032 potuit.
2317 963 2511 1018 Nullus
2540 963 2722 1030 enim,
2757 967 3029 1034 utaudio,
3049 969 3148 1040 qui
3168 979 3263 1012 1m
3293 972 3376 1028 sic
3401 989 3537 1044 pre-

1931 1049 2005 1104 sit
2038 1050 2095 1104 in
2126 1067 2342 1122 regno;
2377 1066 2591 1105 nomen
2609 1054 2841 1106 tantum
2871 1057 2929 1108 et
2952 1071 3230 1116 coronam
3247 1060 3446 1130 habet,
3478 1065 3540 1117 et

1933 1137 2292 1208 episcopatus
2303 1137 2412 1192 hiis
2435 1138 2554 1204 dat,
2570 1138 2716 1209 quia
2737 1140 3086 1213 principibus
3098 1145 3206 1201 hiis
3217 1148 3534 1220 eliguntur;

1932 1226 2006 1279 ad
2044 1243 2207 1280 suam
2234 1241 2368 1280 vero
2397 1226 2456 1286 (f.
2497 1228 2614 1298 155)
2649 1228 2956 1284 utilitatem
2993 1247 3176 1302 pauca
3209 1238 3434 1306 tenens,
3468 1254 3538 1293 ex

1930 1314 2207 1386 impensis
2233 1314 2556 1370 antistitum
2589 1323 2682 1356 1569
2712 1315 2864 1384 vivit,
2911 1321 2968 1372 et
3013 1320 3118 1376 hos
3145 1323 3236 1378 vel
3273 1326 3420 1382 alios
3475 1326 3537 1382 in

1931 1404 2124 1476 aliquo
2146 1403 2494 1459 extrinsecus
2522 1404 2852 1460 laborantes
2881 1406 3102 1477 eripere
3133 1412 3357 1482 nequit.
3376 1414 3538 1472 Unde

1930 1490 2013 1546 hii
2043 1489 2310 1546 manibus
2360 1491 2715 1562 complicatis
2745 1492 2965 1548 cunctis
2993 1495 3340 1566 primatibus
3370 1499 3539 1556 velud

1932 1579 2168 1649 regisuo
2188 1578 2463 1646 serviunt,
2487 1582 2545 1633 et
2555 1579 2633 1634 sic
2649 1595 2788 1649 pace
2807 1580 3093 1637 fruuntur.
3118 1583 3201 1640 0b
3222 1586 3332 1642 hoc
3347 1588 3537 1646 solum

1933 1667 2060 1722 talis
2087 1670 2279 1722 rector
2309 1669 2461 1722 inter
2475 1684 2572 1722 eos
2604 1668 2958 1739 dominatur,
2983 1675 3050 1726 ut
3067 1689 3135 1727 eo
3165 1673 3539 1732 liberiusm-a-

207 1757 313 1812 vix
333 1771 565 1812 securus
584 1757 780 1812 evasit.
806 1758 1066 1830 Namque
1090 1757 1501 1824 Willehelmus,
1519 1759 1831 1830 prapotens
1854 1750 1903 1808 B
1929 1755 2225 1826 lignorum
2255 1755 2415 1809 furor
2437 1763 2530 1797 1⁸⁷0
2553 1755 2802 1811 invicem
2825 1763 3082 1829 vagetur,
3110 1764 3168 1816 et
3187 1779 3264 1818 ne
3283 1764 3372 1822 lex
3390 1781 3538 1820 nova

206 1847 306 1901 vir
341 1847 400 1902 in
449 1847 559 1902 hiis
606 1846 885 1918 partibus,
919 1849 980 1900 ut
1022 1847 1130 1901 hoc
1179 1863 1354 1902 omne
1397 1846 1681 1918 comperit
1713 1855 1827 1912 1⁵⁸³,

209 1935 478 1990 eundem
511 1935 777 2008 persequi
805 1939 864 1990 et
891 1936 964 1990 ad
995 1935 1264 1991 ultimum
1296 1937 1617 2007 fugientem
1641 1936 1828 1990 solum

206 2025 462 2080 canibus
481 2025 739 2096 precepit
753 2023 986 2096 inquiri.
1013 2025 1164 2088 Quos
1179 2041 1310 2079 cum
1332 2023 1569 2078 antistes
1578 2024 1704 2094 jam
1729 2023 1826 2078 de-

206 2113 497 2186 fatigatus
514 2115 792 2169 latrantes
808 2113 1217 2186 audiret,quod
1232 2113 1466 2168 unicum
1479 2116 1616 2167 tunc
1629 2110 1831 2166 habuit

209 2203 520 2271 solacium,
547 2202 714 2274 signo
741 2205 952 2258 sanctae
976 2201 1156 2256 crucis
1187 2219 1289 2257 sua
1310 2204 1438 2272 post
1469 2201 1708 2272 signans
1734 2216 1832 2254 ve-

211 2291 419 2363 stigia,
452 2290 611 2362 quasi
642 2293 906 2345 mortuus
925 2290 1109 2360 jacuit
1139 2293 1198 2345 et
1226 2290 1298 2345 ad
1320 2289 1562 2361 predam
1597 2292 1832 2361 paratus

210 2380 373 2448 fuit;
411 2383 470 2434 et
497 2395 627 2434 ecce
657 2395 828 2434 canes
859 2379 1048 2451 rapidi
1077 2379 1203 2434 loca
1232 2379 1461 2434 eminus
1499 2377 1833 2433 olfacientes

212 2468 474 2540 signata,
507 2471 572 2522 ut
594 2467 801 2540 grandi
828 2467 1056 2523 turbine
1103 2466 1394 2533 retroacti,
1434 2465 1646 2521 reversi
1675 2467 1831 2532 sunt,

213 2561 279 2613 et
300 2558 385 2612 sic
408 2573 573 2612 verus
594 2557 694 2612 Dei
715 2557 962 2612 famulus
981 2572 1085 2627 per
1115 2555 1412 2626 incognita
1432 2553 1687 2609 nemoris
1706 2554 1834 2607 loca

213 2647 297 2701 ad
327 2645 543 2701 amicos
569 2645 820 2716 perrexit
847 2645 1012 2700 ﬁnes.
1038 2645 1208 2700 Cesar
1237 2647 1433 2699 autem
1463 2643 1588 2714 regi
1621 2645 1679 2697 et
1695 2658 1832 2696 con-

209 2734 419 2790 tectali
450 2735 573 2805 ejus
596 2734 926 2806 cunctisque
960 2734 1170 2789 suimet
1193 2732 1548 2803 principibus
1570 2730 1831 2786 ineffabi-

210 2823 340 2878 lem
371 2824 680 2893 pecuniam
704 2823 884 2888 dedit,
906 2824 964 2877 et
983 2822 1214 2877 ﬁrmata
1232 2823 1444 2876 iterum
1471 2821 1710 2892 antiqua
1721 2823 1834 2874 tra-

210 2911 475 2979 dicione,
507 2929 605 2967 eos
637 2911 795 2966 abire
824 2911 891 2980 (ἰ.
929 2911 1064 2981 154Ὶ
1091 2910 1375 2982 permisit,
1427 2908 1544 2979 ipse
1585 2909 1835 2962 exercitu

216 3004 582 3070 congregato
606 3000 680 3054 ad
700 2999 962 3054 Basulam
983 2999 1189 3054 urbem
1206 2999 1496 3070 profectus
1520 2999 1688 3068 (875).
1723 2996 1836 3052 Sed

218 3104 362 3144 cum
393 3089 474 3144 ibi
503 3089 930 3144 Willehelmum
951 3088 1190 3144 munitis
1219 3088 1454 3143 urbibus
1471 3087 1836 3142 resistentem

218 3180 286 3232 et
306 3177 614 3232 introitum
630 3177 734 3232 sibi
745 3178 1054 3249 prohibere
1068 3176 1394 3247 cupientem
1415 3175 1840 3245 audiret,parva

219 3266 606 3321 multitudine
621 3265 1114 3333 difﬁsus,amicam
1133 3282 1374 3320 manum
1399 3264 1839 3335 undiquessecus

221 3353 476 3426 colligit,
491 3358 550 3408 et
568 3354 892 3426 provincias
911 3353 1019 3409 sibi
1038 3354 1318 3409 rebellare
1337 3361 1430 3395 1W
1443 3355 1841 3425 presumentes

222 3443 504 3498 incendio
525 3443 640 3498 late
659 3443 928 3515 ﬂagranti
945 3459 1174 3498 securus
1195 3441 1490 3497 desolavit.
1507 3442 1764 3513 Cumque
1782 3457 1840 3495 se

221 3532 456 3586 nullam
473 3531 706 3586 urbium
730 3531 1048 3586 earundem
1072 3547 1404 3602 expugnare
1435 3546 1540 3601 pro
1569 3534 1725 3584 certo
1741 3528 1844 3584 sci.

218 3624 338 3688 ret,
361 3637 621 3676 reversus
646 3624 732 3675 est
757 3620 948 3694 tristis,
983 3620 1135 3691 quod
1175 3636 1281 3674 nec
1332 3619 1424 3674 hic
1451 3635 1556 3674 nec
1584 3619 1645 3673 in
1677 3624 1842 3691 parte

225 3709 502 3765 orientali
526 3709 848 3764 nocituram
867 3709 1128 3764 hostibus
1149 3709 1262 3764 suis
1283 3708 1476 3764 intulit
1491 3709 1836 3764 molestiam.

302 3802 395 3854 21.
445 3798 686 3853 Interim
725 3799 1064 3870 inperatrix,
1115 3798 1176 3854 in
1222 3799 1432 3854 nostris
1479 3801 1840 3853 commorata

220 3887 972 3961 provinciis,defensionem
1002 3889 1207 3960 patriae
1243 3905 1376 3944 cum
1403 3887 1612 3944 nostris
1625 3888 1837 3960 princi-

221 3976 400 4049 pibus
423 3977 756 4032 meditatur.
790 3978 974 4032 Hostis
992 3982 1188 4033 autem
1212 3981 1513 4034 noster1m
1528 3979 1838 4033 Bolizlavus

219 4065 384 4120 inter
411 4066 534 4120 haec
557 4066 639 4120 nil
665 4070 862 4121 nostra
887 4067 1036 4135 lesit,
1069 4068 1171 4122 sed
1199 4083 1302 4123 sua
1326 4068 1539 4134 munit,
1572 4069 1629 4120 et
1650 4069 1838 4121 certus

219 4154 298 4211 de
327 4159 538 4210 eventu
560 4158 769 4211 cesaris
789 4155 1048 4224 effectus,
1081 4158 1312 4212 lmtatur
1333 4159 1390 4211 et
1410 4155 1586 4210 nimis
1617 4157 1839 4210 extolli-

219 4246 345 4300 tur.
378 4245 637 4317 Namque
654 4243 838 4313 multi,
853 4245 1058 4317 quibus
1070 4246 1176 4300 hoc
1193 4245 1491 4316 cognitum
1505 4248 1650 4312 erat,
1673 4260 1839 4299 vera-

217 4332 371 4388 citer
384 4333 735 4400 asserebant,
760 4334 806 4388 si
827 4351 986 4389 cesar
1007 4334 1082 4390 ad
1103 4351 1240 4389 eum
1261 4337 1397 4388 tunc
1427 4342 1522 4376 1566
1534 4333 1837 4388 turmatim

221 4421 474 4490 veniret,
534 4422 808 4478 timorem
862 4431 979 4492 1m,
1013 4424 1185 4496 quod-
1219 4423 1472 4478 eundem
1512 4423 1583 4477 de
1627 4423 1840 4478 nostris

224 4510 561 4583 respiceret,
586 4512 912 4584 restituere,
929 4517 989 4568 et
1025 4529 1160 4568 eum
1179 4513 1252 4569 ad
1285 4513 1622 4568 servitutem
1650 4528 1838 4580 suam,

222 4614 371 4670 pace
385 4603 613 4656 tantum
633 4617 922 4671 concessa,
939 4606 1277 4674 promptum
1305 4602 1605 4658 etﬁdelem
1627 4602 1840 4656 habere

222 4690 656 4762 potuisset.Sed
671 4693 1139 4764 Burgundiorum
1163 4710 1285 4762 rex,
1317 4693 1507 4748 mollis
1536 4696 1594 4755 et
1615 4692 1841 4748 effemi-

1929 1844 2163 1900 alterius
2185 1843 2336 1914 regis
2367 1844 2445 1898 ibi
2475 1844 2766 1912 adveniat,
2789 1862 2916 1916 quae
2939 1847 3207 1906 inolitam
3229 1857 3536 1910 consuetu-

1929 1932 2130 1988 dinem
2146 1935 2398 2004 rumpat.
2421 1933 2812 1988 Willehelmus
2828 1949 3044 2000 comes,
3063 1935 3134 1991 de
3156 1953 3270 2009 quo
3282 1939 3536 2011 predixi,

1928 2020 2094 2076 miles
2123 2024 2208 2076 est
2231 2019 2380 2091 regis
2409 2019 2468 2074 in
2500 2020 2738 2076 nomine
2765 2025 2821 2075 et
2844 2021 3116 2079 dominus
3144 2025 3206 2080 in
3224 2043 3288 2080 re
3315 2034 3407 2069 1⁵⁷1
3430 2042 3450 2100 ι
3481 2032 3539 2083 et

1929 2107 1988 2162 in
2017 2106 2125 2160 hiis
2147 2107 2407 2178 partibus
2436 2107 2625 2160 nullus
2656 2111 2894 2162 vocatur
2925 2124 3142 2178 comes,
3191 2111 3304 2168 nisi
3353 2113 3403 2168 is
3438 2114 3537 2187 qui

1930 2194 2088 2250 ducis
2110 2194 2398 2249 honorem
2415 2193 2691 2266 possidet;
2725 2198 2785 2248 et
2809 2211 2882 2251 ne
2900 2195 3049 2251 illius
3064 2201 3322 2269 potestas
3344 2201 3404 2258 in
3427 2203 3538 2259 hac

1928 2283 2170 2352 regione
2197 2283 2368 2353 paulo
2397 2281 2585 2336 minus
2625 2282 3008 2353 minueretur,
3039 2287 3280 2344 consilio
3314 2292 3375 2344 et
3404 2294 3536 2346 actu

1932 2368 2321 2440 imperatoriae
2351 2370 2662 2442 maiestati,
2693 2371 2839 2426 sicut
2862 2373 3106 2444 predixi,
3126 2376 3463 2436 reluctatur.

2005 2462 2094 2514 22.
2127 2460 2190 2513 In
2237 2459 2570 2529 precedenti
2609 2463 2789 2514 estate
2824 2471 2934 2527 (an.
2970 2465 3125 2534 1014)
3169 2465 3536 2538 Bernharius,

1932 2549 2147 2608 sanctae
2164 2547 2459 2603 Ferdensis
2471 2547 2739 2603 ecclesiae
2751 2549 2878 2621 pius
2888 2554 3056 2622 pater
3078 2555 3138 2607 et
3157 2553 3397 2610 antistes
3414 2564 3535 2626 1m,

1935 2650 2066 2690 cum
2100 2652 2158 2690 se
2176 2635 2303 2706 jam
2334 2637 2408 2690 ad
2437 2637 2800 2692 occasionem
2830 2638 3000 2708 hujus
3028 2641 3157 2695 vitae
3185 2649 3278 2684 1⁵⁷³
3305 2643 3540 2699 vidisset

1933 2723 2232 2789 inclinare,
2267 2727 2501 2779 cunctos
2531 2724 2818 2780 debitores
2841 2742 2973 2781 suos
2998 2728 3071 2782 ad
3094 2745 3154 2785 se
3180 2729 3423 2788 dulciter
3439 2748 3539 2788 voo

1934 2828 2090 2880 cans,
2142 2812 2203 2866 in
2238 2813 2422 2866 Deum
2467 2816 2524 2868 et
2570 2813 2630 2867 in
2669 2815 2988 2870 aacclesiam
3026 2817 3134 2872 sibi
3166 2820 3536 2878 commissam

1933 2901 2266 2956 humanitus
2301 2901 2603 2973 deliquisse
2638 2905 2983 2972 ammonuit,
3026 2910 3084 2961 et
3131 2909 3538 2966 conﬁtentibus

1935 2991 2152 3045 cunctis
2180 2991 2631 3046 misericorditer
2649 2991 2906 3048 indulsit.
2938 2995 3152 3052 Omnes
3193 3003 3411 3068 autem,
3441 2999 3540 3072 qui

1936 3097 1994 3134 se
2013 3080 2204 3151 aliquo
2225 3084 2428 3134 contra
2444 3095 2580 3134 eum
2613 3081 2738 3135 fore
2761 3083 3074 3153 culpabiles
3103 3089 3401 3159 negabant
3419 3097 3536 3157 ητα,

1936 3169 2016 3223 sic
2041 3169 2320 3240 arguebat
2347 3185 2361 3222 2
2388 3167 2483 3222 Me
2502 3186 2677 3240 gaeso,
2707 3170 2832 3238 ﬁlii,
2864 3174 2937 3225 sic
2963 3173 3186 3242 faciatis
3205 3176 3227 3228 ,ν
3252 3177 3382 3232 Non
3409 3193 3540 3234 con-

1939 3254 2141 3328 cupz'sco
2179 3275 2267 3312 vos
2292 3274 2355 3312 ex
2383 3274 2498 3312 mea
2528 3257 2610 3312 vel
2633 3262 2938 3313 successoris
2964 3263 3070 3316 mei
3083 3269 3244 3332 parte
3271 3265 3539 3322 ullatenus

1938 3346 2128 3417 decipi,
2158 3347 2247 3400 sed
2284 3363 2425 3400 nunc
2450 3363 2540 3402 vos
2587 3346 2704 3401 volo
2752 3365 2786 3400 a
2834 3348 3025 3404 talibus
3070 3353 3271 3408 cxsolvi
3320 3362 3374 3414 et.
3402 3373 3541 3426 pace

1939 3437 2142 3491 sincera
2171 3451 2203 3490 a
2233 3435 2377 3490 vobis
2405 3437 2698 3507 segregari.
2749 3435 2798 3490 ls
2845 3437 3162 3494 (ecclesiam
3193 3441 3406 3498 suimet
3435 3447 3540 3500 300

1942 3525 2160 3582 mansis
2171 3526 2324 3597 juste
2344 3523 2645 3597 adquisitis
2665 3524 2916 3592 adauxit,
2939 3519 3354 3597 imperatorem
3369 3547 3540 3590 suum

1942 3618 2212 3672 etomnes
2223 3615 2443 3670 Christo
2455 3614 2653 3670 ﬁdeles
2683 3631 2753 3668 ex
2771 3615 2946 3669 corde
2968 3615 3186 3680 dilexit,
3207 3621 3266 3671 et
3285 3621 3538 3677 maxime

1939 3705 2045 3760 sibi
2064 3705 2227 3761 subdi
2237 3709 2322 3761 tos
2338 3703 2552 3760 summi
2583 3704 2645 3776 (f.
2668 3704 2804 3776 155’)
2832 3704 3077 3775 pastoris
3096 3708 3363 3778 exemplo
3375 3724 3542 3765 ama.

1938 3794 2036 3849 vit.
2068 3795 2318 3851 Sedebat
2371 3795 2465 3849 ille
2506 3797 2591 3849 vir
2635 3794 2978 3849 venerabilis
3020 3795 3090 3852 24
3120 3811 3304 3851 annos
3332 3804 3449 3866 ωτι,
3480 3801 3542 3854 et

1939 3885 2145 3939 turrim
2181 3901 2360 3940 unam
2401 3885 2471 3938 de
2498 3884 2804 3956 lapidibus,
2833 3883 2930 3956 qui
2959 3883 3021 3938 in
3053 3884 3158 3939 hac
3186 3886 3343 3940 terra
3368 3887 3540 3958 pauci

1938 3973 2245 4042 habentur,
2260 3976 2426 4044 juxta
2455 3974 2801 4030 Ferdensem
2821 3973 3142 4029 ecclesiam
3160 3975 3428 4031 fabricari
3449 3978 3541 4034 in-

1937 4061 2101 4132 cipit;
2153 4065 2210 4116 et
2246 4064 2379 4118 exin
2424 4064 2746 4118 subtractus
2774 4067 2861 4119 est
2903 4080 2937 4118 a
2970 4064 3179 4120 nostris
3220 4066 3542 4138 aspectibus

1937 4152 2140 4206 lucifer
2172 4150 2266 4206 ille
2308 4154 2339 4205 8
2379 4153 2666 4210 Kalendas
2703 4153 2942 4225 Augusti
2985 4157 3154 4226 (877).
3197 4154 3369 4219 Quod
3409 4173 3544 4214 cum

1937 4239 2253 4312 imperator
2289 4243 2655 4312 comperiret,
2689 4248 2753 4298 ut
2789 4244 2937 4300 ﬁlius
2972 4244 3296 4302 absentiam
3341 4247 3543 4319 patris,

1937 4329 2014 4385 sic
2038 4329 2197 4384 tlevit
2219 4333 2475 4385 mortem
2494 4333 2642 4388 tanti
2656 4333 2916 4390 senioris.
2934 4335 2998 4390 lu
3009 4335 3168 4406 cujus
3183 4335 3303 4392 vice
3320 4336 3540 4396 Vidzie-

1937 4436 2067 4475 rum
2077 4420 2450 4487 ,Coloniensis
2464 4429 2558 4463 1m
2571 4423 2839 4479 aecclesize
2852 4425 3148 4497 quondam
3161 4427 3516 4497 prepositum
3527 4469 3544 4498 ,

1939 4514 2026 4565 set
2055 4515 2190 4565 tunc
2235 4510 2306 4564 ab
2352 4510 2654 4567 Heriberto
2703 4514 3088 4586 archipresule
3127 4514 3479 4586 depositum,
3511 4521 3544 4573 9

1940 4599 2225 4656 Kalendas
2255 4599 2612 4670 Septembris
2639 4601 2738 4658 diu
2767 4604 3118 4660 renitentem
3143 4603 3352 4675 posuit,
3383 4608 3442 4662 et
3472 4604 3546 4663 ab

1940 4689 2308 4745 Erkanbaldo
2358 4688 2773 4746 archiantistite
2819 4697 3219 4750 consecratum
3249 4694 3325 4750 ad
3346 4694 3550 4751 sedem

1551 4783 1781 4838 VARUE
1831 4781 2119 4839 LECTION
2130 4779 2232 4837 ES.

227 4860 323 4896 ωσι
356 4851 622 4908 auinculo
658 4857 706 4910 1.
789 4862 883 4897 1⁵³³
915 4853 1146 4927 cuidam
1176 4855 1263 4910 lc?
1337 4863 1430 4898 1³6³
1451 4856 1758 4927 comperiit
1789 4861 1874 4911 la.
1954 4863 2046 4897 ωσι
2066 4852 2348 4927 repallare
2384 4855 2469 4927 la.
2489 4850 2943 4909 corr.rebaallare
2965 4857 3048 4912 ib.
3127 4859 3221 4899 im
3243 4855 3425 4912 nostri
3451 4860 3542 4913 la.

226 4931 324 4998 issu
354 4928 787 4998 tum-cornuum
813 4929 860 4982 ί,
881 4935 970 4969 im
993 4926 1132 4981 time
1158 4932 1206 4982 ι,
1235 4927 1535 4995 ιδσδειιιάίο,
1559 4924 1656 4982 {ex
1680 4932 1783 4996 est,
1808 4927 1905 4998 qui
1924 4930 1976 4984 2,
2042 4933 2134 4966 1569
2151 4924 2501 4998 anstituml.
2563 4929 2656 4962 157°
2687 4939 2851 4998 suror
2887 4930 2935 4983 1.
2988 4935 3077 4970 1⁸⁷1
3106 4929 3209 4984 ita.
3242 4928 3321 4984 A.
3349 4927 3412 4984 S.
3454 4945 3537 4989 tre

225 4994 424 5071 (ierre)
456 5003 721 5071 mutatum
744 5000 798 5051 in
821 4998 903 5052 ire
939 5003 987 5052 1.
1065 5006 1158 5040 1³⁷³
1184 4999 1466 5054 antistites
1496 4994 1545 5054 1.
1624 5007 1717 5041 1⁵7³
1750 4994 1896 5055 vit—1.
1973 5005 2066 5040 1⁸η
2083 4996 2377 5066 negebant
2401 4996 2480 5049 sic
2502 4995 2842 5066 arguebani.
2877 5011 3132 5071 nequoso
3161 5000 3209 5056 f.
3238 5017 3283 5056 s.
3316 4999 3540 5066 faciasti

1780 5139 2000 5197 NOTIE.

230 5067 283 5122 1.
361 5074 456 5109 1³7⁸
480 5067 648 5123 annis
677 5072 762 5125 1α.
836 5077 930 5112 1⁵76
960 5071 1242 5125 coloensis
1281 5075 1331 5126 1.

255 5229 451 5356 ώᾷη)
483 5231 577 5310 Est
609 5229 657 5284 is
683 5247 876 5308 comes
913 5231 1043 5287 Otto
1089 5231 1420 5312 Wilhelmus
1447 5233 1490 5295 Ι,
1512 5230 1827 5312 _Adelberti

226 5302 247 5356 Ι
337 5318 406 5355 ne
448 5318 600 5357 regis
624 5307 681 5356 et
705 5305 1009 5357 Gerbereas
1038 5305 1413 5357 Buraundwze
1445 5304 1615 5357 filius.
1653 5321 1687 5357 δ,
1711 5319 1824 5357 auo

228 5306 406 5356 ltalite
448 5306 600 5373 regis
624 5307 681 5356 et
705 5306 1009 5375 Gerbergze
1038 5306 1413 5375 Burgundicze
1445 5306 1615 5371 filius,
1653 5321 1687 5357 δ,
1711 5319 1824 5375 quo

228 5373 452 5453 antiqui
475 5375 1096 5453 cernitesBurguudiae
1120 5375 1494 5453 descendunt.
1527 5375 1653 5453 Uns.
1682 5445 1713 5453 η
1781 5446 1796 5453 _

302 5447 444 5516 (875;
473 5446 702 5498 Basileze
732 5445 1047 5516 imperator
1070 5448 1178 5500 fuit
1217 5449 1325 5500 hoc
1374 5463 1527 5500 anno
1565 5445 1717 5500 Junii
1765 5446 1823 5502 d.

231 5518 320 5584 25,
355 5519 418 5568 ut
446 5532 515 5567 ex
542 5518 740 5570 charta
763 5517 842 5571 ibi
867 5519 1001 5572 data
1026 5521 1266 5573 constat.

299 5588 452 5665 (87g)
571 5587 836 5665 _E_cba.sin_
857 5590 1084 5665 captivi,
1127 5589 1294 5665 ed._l.
1325 5587 1541 5643 Grimm
1576 5588 1824 5645 Lateini-

229 5657 363 5715 sche
394 5657 668 5715 Gedichte
689 5659 790 5716 des
820 5657 1177 5722 lOfund‘ll.
1201 5661 1287 5720 lh.
1318 5676 1372 5716 v.
1403 5665 1497 5731 66,
1521 5677 1611 5734 sq.
1638 5677 1656 5718 :

2105 5229 2192 5285 Ac
2223 5230 2408 5282 misero
2441 5225 2805 5282 vitulo........

2203 5300 2296 5353 Illi
2338 5299 2623 5352 cansz'mzlts
2663 5303 2888 5368 patrum
2937 5301 3202 5370 frenabar
3241 5307 3537 5368 habenis...

2033 5390 2092 5434 ν,
2132 5377 2198 5429 88
2229 5389 2240 5426 :
2269 5370 2548 5443 Nititur...
2573 5387 2675 5443 quo
2690 5372 2858 5440 possit
2883 5388 3101 5428 currere
3134 5377 3260 5432 tale.

2104 5449 2206 5500 248
2238 5460 2249 5496 ;
2282 5442 2487 5512 Infelix
2515 5441 2778 5496 vitulus...

1996 5519 2135 5596 (887)
2170 5518 2292 5568 Non
2320 5530 2472 5596 anno
2505 5515 2930 5596 quidem-1015,
2966 5515 3067 5596 sed
3092 5518 3248 5596 1914,
3372 5523 3527 5596 ann.

1926 5586 2297 5642 Corbeienses
2326 5588 2384 5639 et
2409 5586 2714 5649 Quedlinb.
2746 5586 2912 5643 Diem
2937 5587 3114 5646 etiam
3143 5591 3388 5652 testatur
3418 5593 3528 5649 Ka-

1926 5659 2088 5716 lend.
2121 5657 2477 5730 Mcrseburg.
