3900 6216
419 412 554 475 1379

1362 399 1735 460 ΤΗΙΕΤΜΑΒῙ
1770 397 2383 459 MERSEBURGENSIS
2406 401 2724 462 EPISCOPI

3615 414 3745 471 1380

422 531 718 610 propriam
745 545 876 586 cum
918 528 1140 583 honore
1171 542 1385 596 magno
1416 525 1655 581 remisit.
1689 525 2015 580 Notandum
2050 524 2107 584 Δ
2131 529 2263 585 dem
2287 529 2360 583 ad
2389 528 2704 584 aacclesiam
2726 529 2980 584 delatum
3001 527 3069 584 de
3093 529 3485 587 confratribus
3513 534 3748 603 nostris,

421 638 650 695 quoque
679 622 764 676 est
791 621 850 674 et
879 634 995 672 non
1026 617 1241 687 absque
1267 613 1522 683 singultu
1551 613 1706 685 gravi
1734 615 2034 686 proferen-

422 712 581 778 dum,
606 709 759 783 quod
773 704 1185 761 monasterium
1212 703 1271 756 in
1299 702 1624 757 Miminlevo
1649 703 2024 756 constitutum

420 816 453 854 a
482 799 746 854 libertate
767 796 864 851 diu
887 793 1258 849 corroborata
1281 790 1339 844 in
1367 791 1696 845 servitutem
1728 793 2024 846 redactum

418 891 522 943 est.
573 885 839 958 Deposito
897 897 1149 952 namque
1199 880 1456 951 ejusdem
1509 880 1754 936 ccenobii
1810 881 2024 934 abbate

416 975 714 1042 Reinoldo,
766 971 1147 1042 dispersisque
1194 971 1306 1024 late
1345 968 1729 1024 confratribus
1760 969 1874 1022 hiis
1916 976 2031 1035 1577,

412 1061 828 1118 Heresfeldensi
860 1059 1130 1114 {ecclesiae
1171 1059 1408 1130 ejusque
1439 1062 1574 1111 tunc
1606 1057 1887 1129 provisori
1932 1060 2035 1110 Ar-

414 1151 586 1206 noldo
617 1150 758 1204 illud
785 1147 1079 1203 subditum
1107 1149 1212 1200 est.

481 1243 566 1296 23.
600 1240 664 1293 In
695 1237 944 1311 quadam
967 1235 1258 1308 provincia
1289 1243 1382 1276 1⁸⁷⁸
1413 1235 1633 1290 Sueviaa
1664 1233 1947 1305 regionis,
1977 1220 2044 1287 et

409 1330 470 1383 in
499 1327 777 1382 comitatu
797 1324 1032 1380 Becilini
1064 1323 1311 1390 comitis,
1344 1323 1552 1377 accidit
1576 1339 1667 1377 res
1702 1340 1820 1377 una
1858 1320 2040 1376 mira'

415 1416 615 1472 biliset
627 1414 942 1469 admodum
955 1419 1048 1454 ιιτο
1070 1411 1360 1466 terribilis.
1377 1412 1500 1466 Una
1527 1411 1738 1466 mulier
1766 1411 2040 1466 maritata

415 1504 731 1560 subitaneus
753 1502 956 1557 mortis
977 1499 1216 1554 nexibus
1238 1501 1510 1571 depressa
1527 1500 1694 1554 obiit.
1711 1500 1892 1570 Hujus
1910 1517 2038 1554 cor-

415 1605 530 1664 pus‘
547 1596 676 1665 post
706 1590 1059 1646 lavacionem
1091 1593 1148 1643 et
1171 1588 1425 1643 debitam
1453 1588 1929 1660 procuracionem
1955 1589 2028 1642 ad

415 1681 734 1736 ecclesiam
765 1697 798 1733 a
822 1677 1180 1734 merentibus
1219 1677 1387 1732 sociis
1417 1677 1671 1730 delatum
1703 1681 1804 1731 est.
1837 1677 1964 1730 Haec
1991 1692 2024 1731 a

418 1770 630 1824 feretro
644 1785 704 1823 se
723 1785 791 1822 ex
817 1766 1126 1839 improviso
1150 1765 1379 1836 erigens
1401 1781 1466 1818 ac
1484 1769 1777 1835 presentes
1792 1767 2024 1820 cunctos

418 1861 643 1929 fugans,
658 1859 852 1912 evocat
878 1854 951 1909 ad
968 1870 1028 1907 se
1053 1854 1239 1907 virum
1255 1853 1465 1907 suimet
1483 1870 1612 1906 cum
1632 1852 2041 1918 familiaribus

2134 621 2192 673 et
2215 617 2350 690 quia
2377 617 2596 688 vigilias
2625 618 2910 674 sustinere
2941 635 3058 673 non
3102 619 3284 690 potui,
3314 637 3349 674 a
3375 621 3597 676 vicario
3629 638 3752 678 meo

2134 706 2479 761 custoditum
2498 711 2602 762 est.
2624 707 2723 762 Hic
2746 725 2864 761 non
2886 708 3061 779 longe
3095 711 3221 778 post
3248 709 3616 779 sepulturam
3643 710 3755 780 ejus

2133 795 2193 848 in
2224 795 2442 850 somnis
2499 814 2783 869 apparens
2825 797 2967 851 mihi
3003 813 3014 851 :
3062 795 3260 862 Quare,
3296 797 3463 864 dixit,
3496 816 3606 853 non
3634 802 3756 855 visi-

2137 886 2288 939 tastis
2316 903 2416 952 me,
2444 891 2494 938 et
2516 888 2832 956 psalterium
2881 903 2988 939 non
3031 893 3307 953 cantastis,
3355 904 3530 958 neque
3559 905 3755 942 memo-

2135 974 2274 1027 riam
2321 976 2377 1026 in
2427 973 2786 1028 Throtmanni
2841 973 3116 1029 inventam
3163 975 3413 1044 fecistis?
3476 975 3588 1038 Qui
3631 993 3755 1032 cum

2139 1061 2576 1116 excusacionem
2608 1079 2799 1116 meam
2830 1062 3074 1129 audiret,
3107 1063 3411 1134 respondit
3439 1080 3452 1116 :
3481 1063 3753 1119 Malehzc

2140 1147 2511 1219 dereliquistis.
2558 1151 2626 1203 Et
2658 1153 2790 1204 tunc
2821 1149 3256 1221 interrogabam
3291 1168 3429 1206 eum
3463 1152 3752 1224 quomodo

2140 1238 2384 1305 valeret;
2419 1242 2476 1292 et
2501 1239 2596 1292 ille
2631 1256 2642 1292 :
2685 1239 2756 1294 Ut
2801 1241 2858 1293 in
2893 1241 3131 1308 sabbato,
3165 1240 3315 1308 inﬁt,
3346 1241 3678 1309 obdormivi,
3707 1245 3755 1295 in

2142 1325 2250 1382 alia
2283 1335 2377 1369 1⁸8³
2407 1327 2478 1381 ad
2505 1329 2707 1400 requiei
2746 1328 2915 1382 dulcis
2967 1329 3170 1399 gaudia
3209 1331 3459 1386 transivi.
3495 1330 3753 1404 Cumque

2142 1427 2252 1487 ego
2287 1415 2633 1470 sciscitarem
2656 1419 2728 1473 ab
2761 1434 2848 1485 eo,
2871 1419 3117 1490 qualiter
3141 1435 3200 1472 se
3226 1418 3408 1490 patris
3437 1419 3560 1473 mei
3592 1422 3754 1491 atque

2142 1505 2342 1559 matris
2372 1522 2461 1560 res
2492 1505 2730 1561 haberet
2759 1524 2772 1562 :
2802 1506 2968 1573 Bene,
3010 1508 3224 1573 retulit,
3257 1508 3338 1561 sic
3367 1511 3712 1580 prosecutus
3740 1526 3751 1563 :

2143 1591 2393 1648 Genitria;
2419 1601 2513 1648 tua
2549 1612 2646 1665 per
2691 1613 2773 1649 me
2803 1596 2901 1650 tibi
2923 1596 3150 1664 indixit,
3183 1599 3239 1650 in
3270 1599 3305 1650 2
3333 1605 3432 1650 aut
3458 1599 3524 1652 in
3558 1600 3590 1652 5
3622 1598 3754 1666 feria

2141 1697 2257 1734 eam
2308 1689 2685 1738 assecuturum.
2717 1685 2787 1738 Et
2827 1685 2950 1739 haec
2991 1684 3431 1755 ingemiscendo
3467 1686 3753 1757 evigilavi,

2140 1785 2244 1838 pro
2257 1774 2411 1825 certo
2425 1771 3306 1845 sciens,communemjustorum
3321 1774 3754 1829 institucionem

2141 1861 2398 1913 sanctam
2416 1878 2536 1914 esse
2559 1878 2622 1914 ac
2641 1863 2952 1929 salubrem,
2977 1863 3024 1917 si
3047 1863 3394 1930 custoditur;
3421 1864 3514 1918 sin
3538 1867 3753 1930 autem,

413 1927 654 2013 caeteris,
679 1961 744 2000 ac
776 1944 888 1998 hiis
916 1942 1243 2016 specialiter
1265 1959 1474 1996 munus
1502 1942 1793 2014 singulare
1820 1940 2022 1995 asscri-
2058 1927 2110 1984 Β
2143 1946 2844 2018 ςτειιάορθτὶοιιίιιηιῐῐιεί
2867 1951 2928 2004 in
2951 1952 3057 2006 hoc
3080 1952 3306 2006 nullum
3325 1969 3540 2006 accuso
3572 1956 3756 2022 preter

411 2035 544 2106 psit,
592 2034 777 2090 verbis
813 2032 876 2104 (f.
923 2033 1042 2102 156)
1088 2031 1381 2086 consolata
1425 2031 1729 2098 dulcibus;
1792 2048 1857 2085 ac
1907 2047 2042 2101 post

413 2125 535 2179 haec
564 2123 625 2178 in
656 2139 794 2194 pace
823 2121 1054 2195 quievit.
1079 2121 1281 2175 Mirum
1307 2123 1393 2174 est
1424 2121 1578 2192 quod
1610 2121 1758 2187 dico,
1795 2120 1896 2174 sed
1929 2118 2036 2172 mi-

416 2211 612 2267 rabilis
625 2210 856 2266 Domini
872 2211 994 2264 hazc
1007 2210 1194 2263 solum
1217 2226 1394 2279 opera
1412 2226 1724 2281 cognosco;
1757 2213 1812 2264 et
1827 2226 1896 2263 ne
1910 2207 2038 2280 quis

414 2302 537 2357 haec
569 2317 704 2355 vera
733 2315 854 2354 esse
877 2297 1118 2364 difﬁdat,
1141 2297 1540 2351 testimonium
1572 2298 1681 2352 hiis
1711 2299 1862 2352 haud
1892 2296 2039 2351 vitu-

413 2391 666 2463 perabile
697 2388 949 2462 profero.
987 2385 1278 2441 Predictus
1322 2402 1517 2440 comes
1548 2387 1655 2440 hoc
1689 2383 2032 2458 imperatori

415 2496 520 2552 pro
545 2495 678 2533 vero
702 2486 795 2520 1580
822 2476 1038 2542 retulit,
1063 2479 1119 2528 et
1142 2475 1238 2529 ille
1266 2475 1409 2529 mihi
1436 2492 1631 2529 coram
1664 2475 1861 2528 multis
1890 2491 2028 2527 con-

412 2567 686 2622 fratribus
716 2565 774 2620 id
803 2563 1107 2619 intimavit.
1143 2563 1290 2634 Sepe
1322 2563 1583 2632 contigit,
1617 2563 1771 2634 quod
1797 2563 1854 2616 in
1888 2561 2032 2616 ima-

417 2655 555 2726 gine
583 2658 946 2709 mortuorum
966 2651 1200 2705 callidus
1229 2651 1454 2704 homini
1480 2650 2023 2722 apparetinimicus,

415 2743 570 2798 hunc
593 2741 779 2797 modis
804 2742 1095 2810 temptans
1114 2738 1384 2792 deludere
1405 2738 1603 2804 variis;
1637 2743 1693 2792 et
1715 2738 1871 2792 stulti
1899 2739 2024 2811 qui-

415 2848 527 2903 que
552 2831 633 2885 sic
664 2846 784 2884 esse
815 2830 1136 2882 autumant.
1170 2828 1289 2898 Ego
1321 2829 1515 2880 autem
1545 2827 1822 2881 veraciter
1855 2828 2024 2881 inno-

413 2922 566 2973 tesco
587 2917 805 2973 cunctis
823 2915 1106 2983 ﬁdelibus,
1122 2915 1275 2986 quod
1296 2915 2025 2986 postcommendacionem

412 3007 625 3061 animae
648 3023 715 3061 ac
745 3004 1004 3060 debitum
1032 3003 1346 3075 sepeliendi
1368 3003 1645 3071 ofﬁcium,
1672 3021 1835 3058 more
1862 3004 2024 3059 Chri-

413 3096 600 3152 stiano
630 3093 937 3166 diligenter
961 3093 1334 3161 completum,
1358 3108 1564 3162 corpus
1595 3092 1733 3146 illud
1756 3093 2025 3147 exanime

417 3200 737 3256 numquam
791 3185 926 3236 ante
975 3179 1254 3234 universa:
1300 3181 1489 3234 carnis
1543 3182 2025 3237 resurrectionem

414 3275 628 3346 absque
643 3270 805 3326 omni
820 3265 1198 3339 ambiguitate
1216 3269 1621 3339 complendum
1639 3270 2024 3342 resurgit,nisi

414 3360 638 3417 meritis
654 3361 943 3432 justorum
975 3358 1047 3411 ad
1068 3360 1300 3429 tempus
1324 3358 1461 3426 ﬁat;
1491 3359 1645 3430 quod
1675 3363 1808 3413 tunc
1833 3360 2022 3414 solum

411 3450 634 3518 accidit,
663 3465 794 3504 cum
826 3447 1075 3502 mundus
1105 3446 1214 3501 ista
1239 3463 1441 3501 eorum
1487 3446 1682 3501 inclita
1724 3464 2022 3503 conversa-

409 3540 576 3596 cione
623 3538 838 3594 ﬂoruit.
879 3539 1023 3593 Puto
1075 3536 1394 3608 predictam
1442 3535 1747 3590 mulierem
1776 3538 2026 3592 multum

408 3627 650 3683 valuisse
683 3626 852 3699 (878),
885 3625 975 3680 cui
1020 3629 1151 3698 post
1194 3629 1448 3679 mortem
1481 3628 1766 3696 gustatam
1805 3626 2026 3696 justum

411 3718 706 3790 complere
747 3714 1118 3782 desiderium,
1153 3717 1210 3767 et
1251 3717 1390 3767 tunc
1429 3713 1552 3766 sine
1580 3713 1800 3784 gemitu
1837 3714 2026 3770 denuo

408 3805 568 3861 licuit
596 3821 802 3861 somno
841 3803 996 3876 pacis
1045 3800 1399 3856 obdormire.
1429 3801 1632 3854 Beatus
1687 3801 1780 3855 ille
1815 3806 1903 3856 est
1932 3798 2030 3875 qui

409 3911 553 3966 opus
589 3894 813 3949 bonum
844 3889 1266 3946 acceleracione
1289 3889 1626 3943 continuata
1649 3891 1897 3963 perﬁcit,
1920 3909 2025 3948 nec

407 3999 602 4038 moras
618 3978 1071 4052 prolongacione
1087 3976 1310 4031 diutina
1329 3978 1645 4048 suspendit.
1663 3980 1911 4034 Econtra
1928 3998 2034 4035 au-

407 4074 529 4125 tem
562 4069 658 4123 ille
683 4067 1032 4123 miserorum
1060 4067 1185 4119 loco
1222 4065 1568 4138 assignatur,
1609 4067 1706 4139 qui
1751 4073 1849 4123 aut
1875 4070 2037 4140 justa

406 4173 642 4230 prorsus
684 4170 980 4226 spernere,
1026 4156 1125 4207 aut
1172 4155 1316 4222 haec,
1360 4156 1422 4208 ut
1451 4172 1568 4210 non
1617 4157 1842 4229 possint
1875 4159 2034 4214 com"

405 4244 574 4318 pleri,
608 4242 841 4298 differre
873 4245 1134 4297 conatur.
1155 4244 1218 4297 In
1243 4243 1503 4317 utrisque
1534 4262 1642 4317 ego
1674 4264 1808 4319 sepe
1835 4249 2026 4320 culpa-

405 4332 559 4401 bilis,
613 4331 754 4386 duas
804 4333 1032 4386 tantum
1088 4348 1179 4387 res
1223 4350 1377 4387 nunc
1417 4335 1671 4405 profero,
1712 4335 1773 4390 in
1819 4336 2026 4408 quibus

403 4424 626 4478 memet
645 4420 837 4492 ipsum
865 4420 1116 4492 graviter
1147 4421 1208 4489 (f.
1243 4421 1381 4495 l56’)
1406 4439 1629 4478 accuso.

476 4513 565 4567 24.
579 4512 714 4566 Post
745 4510 1116 4565 decretumin
1148 4511 1527 4566 Throtmanni
1557 4515 1855 4584 peractum
1873 4513 1999 4585 (879

402 4600 721 4667 Richarius,
751 4600 1301 4671 Magadaburgensis
1343 4601 1614 4656 (ecclesia:
1655 4603 1942 4672 presbiter
1966 4619 2023 4671 et

400 4688 714 4762 Spiritualis
733 4688 912 4743 frater
936 4705 1118 4757 meus,
1136 4689 1490 4756 infirmatur;
1516 4694 1573 4743 et
1590 4706 1719 4761 ego,
1735 4691 1872 4762 quia
1898 4708 2018 4746 non

402 4795 565 4835 eram
594 4779 697 4848 ibi,
730 4778 984 4834 eundem
1039 4795 1157 4833 non
1201 4777 1437 4832 visitavi.
1484 4779 1627 4833 Cum
1675 4783 1869 4835 autem
1901 4790 2014 4848 πει,

399 4867 585 4940 pridie
615 4885 793 4942 quam
826 4867 923 4922 ille
954 4868 1039 4921 vir
1047 4869 1239 4940 justus
1261 4866 1470 4921 obierit
1494 4876 1608 4928 1⁵82,
1638 4870 1918 4939 venirem,
1945 4872 2017 4926 ad

401 4972 538 5012 eum
562 4974 682 5012 non
716 4955 949 5024 accessi,
978 4957 1078 5011 sed
1117 4955 1177 5011 in
1205 4959 1500 5030 posteram
1531 4957 1722 5012 distuli
1752 4958 1930 5027 diem,
1959 4973 2016 5025 et

401 5047 537 5102 tunc
558 5045 606 5101 is
628 5045 752 5102 sine
775 5061 908 5102 mea
928 5045 1164 5101 caritate
1193 5049 1454 5101 mortuus
1475 5050 1578 5102 est.
1607 5047 1824 5120 Corpus
1857 5049 2012 5121 ejus.

2001 4479 2096 4576 )D

2142 2052 2257 2102 me,
2289 2053 2490 2090 vereor
2517 2040 2734 2106 tamen,
2773 2039 3088 2095 maximam
3111 2041 3560 2096 multitudinem
3592 2042 3751 2113 hujus

2138 2123 2285 2195 pacti
2317 2125 2664 2198 alteriusque
2695 2144 2815 2181 esse
2856 2129 3351 2200 prevaricatricem
3379 2147 3394 2197 ;
3443 2133 3504 2184 et
3539 2133 3750 2202 quanto

2137 2211 2264 2280 plus
2294 2213 2620 2283 spernimus
2664 2217 2937 2271 mandata
2960 2217 3411 2288 prepositorum,
3447 2222 3619 2274 tanto
3642 2219 3748 2273 cul-

2135 2299 2354 2369 pabiles
2379 2319 2576 2356 sumus
2605 2305 2666 2358 in
2698 2305 2965 2359 examine
2998 2314 3091 2347 158‘
3117 2323 3340 2361 eorum.

2206 2389 2545 2457 25.(f.157)
2595 2393 2835 2465 Insuper
2881 2394 2941 2446 in
2985 2395 3166 2449 altero
3212 2395 3432 2466 deliqui
3485 2397 3744 2462 crimine,

2136 2475 2290 2547 quod
2320 2495 2414 2534 me
2444 2497 2723 2552 umquam
2743 2481 2965 2550 fecisse,
2997 2484 3216 2554 penitet
3235 2500 3302 2538 ex
3323 2485 3525 2539 corde.
3546 2485 3743 2540 Redin-

2129 2580 2254 2635 gus,
2281 2568 2840 2641 Parthenopolitanze
2870 2573 3348 2643 congregacionis
3388 2575 3738 2644 prepositus,

2130 2651 2189 2705 in
2221 2655 2663 2728 quadragesima
2693 2658 2809 2721 (an.
2848 2662 3002 2723 1015)
3033 2677 3160 2732 quae
3195 2660 3374 2716 ﬁnem
3407 2678 3585 2717 suum
3622 2679 3740 2735 pre-

2128 2746 2396 2811 cesserat,
2425 2761 2518 2800 me
2549 2746 2658 2800 huc
2690 2748 3018 2802 venientem
3058 2749 3352 2804 caritative
3405 2751 3735 2823 suscipiens,

2128 2830 2284 2903 loqui
2306 2850 2500 2888 secum
2521 2835 2580 2888 in
2609 2840 2826 2890 secreto
2849 2839 3119 2910 postulat,
3143 2843 3200 2893 et
3231 2840 3454 2894 obortis
3496 2857 3634 2895 mox
3666 2841 3736 2894 la-

2128 2921 2324 2975 crimis
2352 2922 2430 2976 sic
2461 2940 2694 2978 exorsus
2720 2928 2805 2980 est
2829 2943 2840 2980 :
2863 2926 3160 2982 Subitanea
3188 2945 3270 2982 me
3293 2929 3535 3000 deprimi
3558 2937 3734 2996 morte,

2128 3009 2358 3064 multum
2403 3013 2580 3082 timeo,
2629 3021 2679 3067 et
2713 3015 3048 3085 precedentes
3099 3034 3284 3071 causas
3344 3018 3497 3073 vobis
3543 3021 3731 3088 aperio.

2125 3093 2196 3149 In
2224 3096 2640 3167 Arnaburgensi
2665 3103 2877 3156 civitate
2903 3102 3061 3156 semel
3085 3118 3134 3157 et
3162 3105 3226 3158 in
3266 3105 3368 3157 ista
3402 3105 3478 3158 bis
3507 3107 3588 3160 sic
3613 3106 3738 3158 mihi

2125 3199 2189 3236 ex
2207 3187 2486 3254 improviso
2516 3189 2734 3254 accidit,
2764 3197 2820 3242 ut
2850 3208 2941 3245 nec
2970 3191 3148 3246 videre
3176 3193 3257 3246 vel
3283 3192 3494 3264 aliquid
3528 3196 3724 3263 potuis-

2125 3288 2233 3325 sem
2260 3274 2466 3342 audire,
2493 3292 2785 3347 exuperans
2833 3279 2928 3333 hoc
2975 3280 3131 3334 celeri
3156 3281 3362 3337 auxilio
3392 3280 3621 3339 Christi.
3652 3281 3732 3336 Es

2125 3361 2222 3414 hoc
2251 3369 2477 3433 tempore
2503 3368 2663 3420 nimis
2688 3367 2943 3423 sollicitus
2988 3369 3099 3438 fui,
3131 3377 3182 3423 et
3209 3370 3575 3439 confratribus
3605 3373 3730 3426 meis

2127 3448 2197 3502 ad
2225 3450 2342 3519 hoc,
2372 3459 2433 3505 ut
2459 3470 2628 3524 spero,
2679 3455 2900 3524 idoneis,
2947 3457 3137 3513 vulnus
3169 3460 3476 3530 iniquitatis
3518 3476 3630 3515 mee
3661 3478 3731 3514 re-

2131 3540 2291 3606 tecxi;
2335 3546 2384 3592 et
2420 3544 2546 3612 quia
2577 3560 2665 3597 vos
2695 3545 2829 3599 mihi
2847 3543 3025 3613 ﬁdeles
3058 3554 3152 3587 "85
3178 3563 3382 3618 semper
3415 3552 3635 3617 agnovi,
3666 3547 3728 3601 ad

2129 3629 2490 3684 testimonium
2519 3648 2646 3688 mea?
2675 3634 3013 3704 confessionis
3065 3635 3285 3706 supplex
3335 3636 3471 3706 loco,
3502 3639 3628 3708 quia
3659 3654 3730 3690 me

2133 3732 2239 3772 non
2258 3716 2358 3772 diu
2374 3720 2644 3776 victurum
2668 3723 2925 3776 existimo.
2950 3723 3105 3777 Hanc
3130 3724 3488 3795 peticionem
3511 3727 3728 3780 devotus

2135 3807 2374 3878 suscepi,
2407 3825 2472 3862 ac
2501 3826 2594 3865 me
2637 3810 2698 3864 in
2729 3811 3002 3866 omnibus
3034 3812 3224 3867 eidem
3256 3813 3588 3869 satisfacere
3617 3830 3728 3885 pro-

2137 3893 2290 3949 misi.
2324 3897 2458 3950 Post
2485 3899 2605 3953 hinc
2635 3898 2789 3954 idem
2818 3917 2914 3955 me
2950 3901 3020 3956 de
3051 3901 3259 3956 talibus
3284 3903 3650 3968 ammonuit;
3680 3906 3726 3956 et

2139 3983 2274 4054 quia
2309 3988 2444 4039 tunc
2473 3989 2700 4058 tempus
2734 4006 3055 4062 congruum
3102 4007 3221 4045 non
3259 3991 3389 4059 fuit,
3443 3991 3725 4048 laudabilis

2137 4071 2402 4126 desiderii
2439 4075 2770 4133 sacietatem
2797 4095 2832 4132 a
2868 4096 2963 4134 me
2993 4096 3110 4134 non
3140 4081 3420 4153 percepit.
3475 4079 3722 4146 Quamvis

2133 4159 2370 4231 alicujus
2381 4165 2640 4218 conversi
2653 4167 2886 4238 plagam
2905 4168 2978 4223 ob
2999 4168 3426 4239 infatigabilem
3451 4169 3723 4224 conscien-

2130 4247 2222 4303 tizn
2268 4250 2509 4306 meimet
2535 4254 2866 4323 peccatricis
2911 4255 3155 4310 fetorem
3201 4257 3454 4312 libenter
3487 4266 3576 4300 Im
3616 4273 3716 4311 non

2128 4336 2428 4409 inspiciam
2450 4343 2507 4395 et
2526 4357 2724 4396 curare
2745 4343 3074 4416 desperem,
3097 4350 3297 4401 tamen
3318 4347 3489 4419 hujus
3509 4347 3714 4402 confra-

2124 4425 2226 4480 tris
2236 4443 2381 4483 onus
2391 4429 2640 4485 libenter
2656 4432 2982 4501 subirem,si
2998 4436 3461 4504 oportunitatem
3475 4437 3711 4508 aliquam

2125 4516 2293 4572 nobis
2314 4519 2387 4573 ad
2415 4519 2537 4574 haec
2563 4521 2914 4592 respondere
2937 4522 3222 4579 vidissem.
3248 4528 3310 4579 ln
3339 4526 3602 4597 proxima
3622 4540 3710 4594 pa-

2121 4621 2349 4661 rasceve
2382 4608 2721 4678 Rotmanus,
2753 4611 3036 4682 presbiter
3073 4616 3129 4666 et
3158 4613 3568 4685 archiepiscopi
3595 4629 3708 4684 pre-

2121 4694 2337 4766 positus
2383 4697 2639 4765 Geronis,
2673 4699 2994 4771 improvisae
3027 4701 3183 4755 necis
3234 4701 3438 4772 inpetu
3487 4702 3544 4767 (Γ.
3585 4700 3705 4765 157⁷)

2122 4787 2287 4837 nocte
2325 4784 2668 4857 deprimitur
2716 4791 2773 4842 et
2815 4788 2876 4842 in
2913 4789 3058 4842 lecto
3110 4793 3375 4844 mortuus
3418 4790 3702 4844 invenitur.

2119 4872 2235 4926 Hoc
2259 4873 2598 4929 admirabile
2625 4879 2682 4929 et
2707 4876 2879 4930 nimis
2911 4878 3168 4932 terribile
3197 4879 3416 4933 cunctis
3437 4877 3703 4932 audienti-

2117 4960 2223 5015 bus
2248 4963 2572 5033 videbatur;
2600 4967 2702 5021 sed
2722 4966 2838 5020 Deo
2861 4965 3075 5037 gratias
3098 4966 3109 5020 ι
3138 4967 3323 5038 pridie
3346 4967 3699 5022 elemosinam

2116 5049 2378 5122 largitur,
2393 5056 2450 5108 et
2476 5054 2902 5112 confessionem
2930 5071 3096 5110 suam
3117 5046 3506 5113 communiter
3524 5058 3697 5110 etnon

1716 5215 1951 5273 VARUE
1996 5219 2289 5276 LECTION
2294 5221 2396 5280 ES.

1449 5344 1542 5383 "7°
1583 5340 1898 5398 addomum
1932 5347 1982 5399 1.

1674 5421 1766 5457 im
1795 5414 1927 5472 add.
1957 5415 2048 5473 ib.

467 5347 561 5384 im
589 5340 718 5400 add,
753 5344 774 5397 ί
816 5341 864 5397 b.
941 5337 1289 5407 1578'Euincia
1322 5342 1371 5398 1.

397 5410 510 5469 alio
541 5419 624 5472 la.
699 5411 966 5470 exanime
998 5415 1048 5468 1.
1125 5417 1220 5454 ﬂ"
1249 5428 1274 5466 s
1303 5427 1513 5468 erasum
1546 5416 1595 5471 1.

2060 5351 2154 5390 ιιεο
2195 5345 2320 5403 fero
2360 5352 2446 5406 la.

3612 5352 3692 5396 15::

2561 5358 2655 5394 1581
2704 5350 2836 5410 aur.
2870 5357 2922 5412 1,
3034 5361 3130 5399 1882
3185 5353 3392 5413 abierit
3427 5359 3506 5411 la.

1945 5555 2175 5615 NOTIE.

457 5635 610 5710 (878)
640 5636 731 5694 Sc.
753 5638 912 5710 apud
940 5639 1148 5703 Deum.

2181 5646 2324 5722 (879)
2354 5647 2417 5708 V.
2449 5667 2621 5727 supra
2645 5653 2686 5712 l.
2712 5669 2788 5729 vi,
2815 5669 2866 5711 c.
2912 5657 2999 5712 13.
