3900 6216
191 377 339 437 1381

1446 355 1872 429 ΟΗΒΟΝΙΕΟΝ.
1913 402 1982 414 -
2008 371 2137 429 LIB.
2169 371 2283 430 vn.

3393 385 3414 441 1
3425 382 3528 442 382

185 520 327 576 sine
350 517 492 574 fletu
516 532 734 589 magno
763 515 919 570 fecit.
947 515 1010 570 In
1031 514 1271 570 sabbato
1305 515 1500 569 sancto
1533 511 1683 585 (880)
1710 513 1820 567 huc
1843 494 1899 555 Α
1919 515 2250 582 solveretur,
2281 514 2418 587 quia
2445 516 2516 571 ab
2569 517 2790 572 occulta
2842 517 3225 590 pessimorum
3276 537 3532 580 susurra-

185 608 360 675 veni,
383 609 442 662 et
472 609 733 662 sanctam
768 605 917 659 hanc
949 603 1442 675 sollempnitatem
1471 618 1602 657 cum
1635 602 1824 656 archi-

185 697 434 768 presule
464 712 598 751 meo
647 693 946 748 celebriter
984 693 1181 764 peregi
1223 693 1394 764 (Apr.
1433 694 1537 760 10).
1583 691 1663 745 lbi
1690 694 1826 745 tunc

190 785 500 856 Redingus
521 792 635 850 ηδτ,
669 783 922 855 prudens
944 784 1120 836 homo
1162 785 1217 835 et
1250 797 1352 852 per
1383 780 1580 835 omnia
1604 783 1825 845 cautus,

184 873 371 928 fratri
403 891 505 928 suo
539 876 596 927 et
614 873 836 927 dilectm
867 870 1049 926 sorori
1083 886 1249 924 suam
1281 869 1542 924 dividens
1563 869 1829 923 substan-

190 961 357 1016 ciam
387 978 402 1017 :
430 961 643 1016 Habete
670 961 798 1026 haec,
831 959 979 1028 iniit,
1016 958 1177 1026 vobis,
1222 965 1301 1025 ut,
1327 975 1450 1012 cum
1486 973 1568 1012 me
1609 959 1710 1011 cito
1738 965 1832 1010 1536

187 1049 550 1121 corporaliter
565 1049 832 1121 perdatis,
868 1050 924 1102 in
965 1049 1064 1101 hac
1085 1049 1312 1104 caritate
1341 1047 1487 1100 vobis
1515 1063 1597 1100 me
1627 1045 1836 1114 ﬁdelem

193 1138 378 1207 fuisse
430 1140 746 1209 agnoscatis.
799 1138 868 1192 In
919 1136 1215 1191 nativitate
1253 1151 1386 1189 vero
1417 1142 1511 1177 1³8⁸
1539 1134 1720 1188 sancti
1749 1135 1839 1190 ,Ιο-

193 1227 423 1282 hannis
446 1226 708 1298 baptista:
728 1242 862 1280 cum
892 1225 1071 1279 fratre
1129 1239 1260 1278 meo
1303 1223 1512 1278 abbate
1565 1221 1838 1293 Sigifrido

1924 603 2090 658 cione
2120 620 2180 658 se
2205 604 2278 659 ob
2312 612 2407 647 1m
2433 605 2541 660 hoc
2572 622 2798 661 servum
2852 607 3143 663 nominari
3173 611 3538 682 comperiret,

1926 694 2081 764 quod
2110 693 2416 749 salubriter
2447 694 2501 748 in
2535 695 2730 766 paucis
2761 696 2950 751 ulcisci
2983 698 3187 768 potuit,
3214 699 3324 754 hoc
3355 699 3542 772 impa-

1926 780 2082 836 ciens
2107 782 2402 837 communi
2435 783 2712 855 dampno,
2760 787 2836 850 et,
2869 785 2913 839 si
2942 787 3208 842 voluisset
3229 787 3393 856 scire,
3439 790 3547 845 sibi

1933 869 2180 924 maxime
2195 871 2445 937 nocenti,
2469 872 2783 927 meditatur
2803 873 3093 928 vindicare
3111 875 3272 946 (883).
3297 878 3549 932 Potesta-

1934 960 2051 1010 tem
2093 974 2344 1029 namque
2395 975 2556 1013 suam
2597 959 2856 1014 hostibus
2884 963 3169 1016 extraneis
3195 966 3333 1018 tunc
3364 965 3539 1020 relin-

1938 1061 2137 1115 quens,
2160 1045 2525 1101 securitatem
2544 1047 2866 1118 vagatione,
2892 1066 3095 1120 pacem
3119 1050 3179 1122 (f.
3208 1051 3348 1122 158’)
3370 1053 3546 1122 bello,

1938 1148 2185 1204 regnum
2215 1134 2404 1202 exilio,
2427 1137 2608 1191 Deum
2635 1137 2760 1191 coeli
2791 1141 2848 1191 et
2867 1141 3033 1194 terrm
3061 1139 3291 1196 diabolo
3305 1142 3549 1198 mutavit

1942 1229 2056 1289 159°,
2098 1226 2156 1276 et
2196 1224 2455 1279 habitata
2503 1242 2744 1297 quaeque
2792 1229 3089 1296 vastando,
3119 1229 3198 1284 sic
3227 1247 3286 1286 se
3312 1249 3551 1289 suorum

182 1322 308 1356 .1388
341 1315 448 1378 sui,
475 1318 533 1369 et
556 1314 632 1369 ibi
652 1313 942 1386 preposito
981 1329 1115 1384 sepe
1145 1313 1470 1367 memorato
1503 1310 1706 1365 ultima
1750 1327 1843 1365 sa-
1943 1328 2061 1370 non
2076 1313 2609 1387 empticiumneque
2624 1315 2915 1370 volentem
2931 1316 3553 1395 dominum,sedspon-

196 1403 499 1458 lutacione
523 1403 866 1471 valedicens,
915 1402 995 1457 nil
1048 1418 1144 1456 me
1184 1401 1257 1455 ad
1314 1399 1715 1471 accipiendam
1743 1415 1840 1454 re-

199 1491 688 1546 conciliacionem
709 1490 816 1546 sibi
847 1499 959 1547 im.
993 1505 1096 1563 pro
1117 1491 1284 1546 dolor
1308 1489 1320 1544 !
1348 1488 1556 1556 exibui,
1605 1504 1712 1543 nec
1734 1495 1840 1543 mo

198 1581 369 1636 hunc
399 1597 494 1636 me
534 1581 780 1652 amplius
806 1583 1073 1652 expetere
1103 1579 1273 1647 sensi,
1303 1583 1360 1635 et
1389 1597 1523 1634 cum
1555 1579 1837 1661 eundem,

198 1670 359 1724 sicut
386 1671 626 1743 predixi,
645 1673 774 1742 post
803 1678 897 1712 1⁸8⁸
925 1674 1220 1724 mortuum
1265 1669 1655 1741 conperirem,
1694 1671 1833 1722 tunc

198 1774 342 1813 sero
372 1759 463 1813 hic
493 1758 852 1830 ingemui,ad
881 1758 1035 1830 quod
1052 1758 1210 1830 prius
1233 1758 1516 1828 respicere
1533 1755 1838 1827 neglecxi-

196 1847 431 1902 Prefuit
459 1851 654 1903 autem
674 1846 1059 1902 confratrihus
1078 1846 1194 1900 suis
1222 1850 1340 1901 tres
1371 1861 1558 1901 annos
1599 1848 1657 1898 et
1688 1846 1719 1897 6
1737 1845 1842 1899 eb'

198 1934 512 2003 domadas,
533 1935 620 1990 vir
632 1937 757 2006 pius
781 1939 839 1990 et
858 1935 1084 2007 sapiens
1107 1952 1171 1990 ac
1202 1935 1450 1988 nimium
1498 1933 1707 2000 ﬁdelis,
1754 1949 1840 1986 se-

195 2024 401 2094 pultus
429 2024 485 2077 in
516 2024 737 2095 porticu
763 2023 994 2079 australi
1009 2024 1173 2094 juxta
1213 2021 1653 2077 monasterium.
1700 2022 1842 2076 Huic

196 2111 263 2166 in
298 2111 564 2184 sequenti
589 2117 937 2169 successerat
966 2129 1121 2168 anno
1179 2111 1405 2185 (1016?)
1431 2112 1624 2167 Geddo
1667 2128 1838 2167 vene-

195 2201 406 2256 rabilis
449 2204 634 2272 pater,
667 2204 962 2274 quondam
993 2205 1159 2258 scolae
1192 2203 1469 2273 magister
1524 2201 1625 2256 sed
1680 2203 1817 2256 tunc

196 2289 479 2345 aacclesiae
509 2293 715 2356 custos,
745 2290 804 2344 in
821 2290 1127 2345 festivitate
1156 2291 1549 2362 apostolorum
1576 2289 1733 2344 Petri
1773 2305 1841 2354 et,

198 2379 406 2446 Pauli;
436 2377 496 2434 in
519 2395 770 2451 quorum
791 2379 981 2451 vigilia
1011 2380 1178 2452 prius
1204 2379 1347 2434 obiit
1369 2380 1526 2435 Esico
1558 2378 1813 2433 inclusus

199 2467 309 2538 qui
330 2469 515 2522 multa
544 2469 618 2523 ob
651 2467 856 2523 Christi
885 2451 1151 2524 amorem
1193 2471 1518 2523 mutaverat
1558 2468 1685 2522 loca
1715 2451 1835 2538 ιιοοξ

196 2554 266 2626 (f.
301 2555 426 2626 158)
450 2557 611 2611 Zelus
635 2556 948 2611 Dominicze
973 2557 1202 2625 domus,
1247 2574 1375 2629 quae
1405 2561 1490 2612 est
1516 2557 1575 2611 in
1605 2556 1832 2610 Christo

191 2645 396 2698 mater
421 2647 619 2699 nostra
636 2644 1088 2714 spiritualis,etsi
1115 2661 1270 2712 raro,
1299 2648 1497 2700 tamen
1529 2645 1828 2700 interdum

202 2733 472 2788 comedit
501 2750 632 2802 me;
663 2734 931 2806 ideoque,
973 2735 1128 2806 quod
1166 2735 1340 2790 modo
1373 2753 1499 2790 sum
1533 2737 1828 2812 loquutus,

197 2837 304 2876 me
325 2822 619 2894 preposito
651 2822 1043 2877 intermiscere
1085 2824 1246 2894 operi
1299 2825 1611 2896 compellit.

277 2913 370 2968 26.
394 2911 598 2965 Audivi
624 2911 811 2982 sepius
860 2928 1132 2976 numero,
1165 2913 1401 2983 Anglos,
1461 2914 1532 2968 ab
1564 2912 1827 2984 angelica

199 3001 380 3068 facie,
404 3000 462 3055 id
482 3004 566 3054 est
592 3000 847 3070 pulchra,
874 3001 986 3054 sive
1013 3001 1156 3071 (881)
1179 3001 1333 3072 quod
1351 3001 1409 3054 in
1425 3003 1635 3072 angulo
1664 3002 1824 3056 istius

199 3096 384 3146 terra:
414 3089 506 3143 siti
528 3091 679 3151 sunt,
711 3089 911 3155 dictos,
952 3087 1303 3143 inelfabilem
1328 3089 1618 3144 miseriam
1650 3107 1684 3144 a
1716 3091 1823 3146 Su-

200 3179 368 3246 cino,
397 3177 629 3231 Haraldi
654 3176 795 3243 filio,
828 3177 1040 3230 immiti
1069 3179 1366 3232 Danorum
1391 3194 1550 3248 rege,
1584 3195 1818 3250 perpes-

201 3285 302 3325 sos
322 3284 469 3334 esse,
503 3271 559 3321 et
587 3266 737 3321 adid
758 3269 986 3321 coactos
1013 3275 1127 3333 1591,
1162 3272 1223 3321 ut
1255 3268 1354 3339 qui
1389 3267 1545 3338 prius
1576 3268 1817 3323 tributa-

1939 1406 2178 1458 taueum
2200 1403 2401 1459 crebro
2427 1420 2486 1458 se
2504 1403 3052 1475 jactavitinimicum
3077 1406 3212 1474 late,
3234 1424 3338 1479 pro
3355 1408 3548 1465 dolori

1938 1496 2306 1564 regnantem.
2340 1493 2450 1547 Iste
2474 1496 2668 1547 autem
2716 1508 2848 1546 cum
2898 1493 3106 1564 grandi
3158 1494 3357 1550 labore
3383 1497 3469 1551 sui
3495 1501 3552 1552 et

1940 1580 2459 1652 contemporalium
2488 1581 2640 1635 inter
2658 1579 2782 1653 pios
2806 1589 2899 1624 m7
2930 1582 3140 1654 impius
3171 1591 3266 1625 1m
3291 1583 3388 1638 diu
3414 1601 3553 1640 con-

1940 1671 2213 1737 versatus,
2241 1671 2504 1740 respectu
2543 1669 2733 1724 divino
2777 1686 2934 1725 mors
2992 1672 3312 1726 multorum
3359 1675 3549 1729 morte

1939 1759 2105 1813 tarda
2125 1758 2467 1830 deprimitur
2496 1767 2588 1800 im
2615 1762 2672 1813 et
2699 1758 3052 1830 fugientibus
3081 1776 3216 1815 mox
3245 1760 3411 1817 sociis
3440 1762 3549 1818 ibi-

1941 1846 2076 1902 dem
2105 1847 2376 1919 sepelitur
2404 1847 2553 1918 (884)
2582 1849 2694 1910 [αη.
2729 1849 2907 1918 1014).
2943 1849 3106 1913 Quod
3154 1865 3288 1905 cum
3335 1851 3554 1906 Ethel-

1940 1936 2046 1992 rad
2075 1945 2189 2004 1600,
2220 1953 2318 1991 rex
2361 1938 2700 2006 Anglorum,
2731 1937 2912 1992 multo
2944 1940 3210 2010 tempore
3241 1940 3313 1994 ab
3342 1939 3549 1994 eodem

1939 2024 2187 2096 fugatus,
2213 2040 2318 2095 pro
2347 2028 2502 2078 certo
2562 2023 2928 2095 comperiret,
2957 2026 3172 2096 gratias
3199 2042 3376 2098 agens
3407 2028 3544 2095 Deo,

1939 2113 2186 2184 patriam
2215 2114 2362 2167 letus
2391 2111 2597 2179 divisit,
2629 2115 2706 2178 et,
2737 2112 2987 2167 collectis
3033 2113 3095 2167 in
3121 2130 3302 2168 unum
3333 2113 3550 2170 cunctis

1939 2203 2216 2258 militibus
2243 2201 2376 2266 suis,
2400 2218 2604 2273 corpus
2628 2200 2930 2256 inimicum
2961 2202 3343 2257 exterminare
3372 2219 3546 2258 cona-

1937 2293 2051 2348 tur.
2074 2292 2141 2345 Et
2166 2293 2229 2344 ut
2255 2291 2363 2344 hoc
2395 2306 2511 2345 non
2541 2290 2726 2357 ﬁeret,
2770 2290 3037 2361 quaedam
3082 2295 3352 2347 matrona
3388 2292 3546 2363 prius

1937 2395 2040 2450 per
2071 2379 2383 2434 familiares
2412 2396 2543 2434 suos
2567 2379 2910 2446 ammonita,
2937 2382 3223 2435 servatum
3278 2380 3488 2454 pignus
3511 2399 3546 2437 ι

1935 2474 2090 2524 terra
2117 2470 2364 2536 elevans,
2397 2469 2500 2523 etsi
2527 2468 2824 2540 indigena,
2849 2472 3047 2523 tamen
3097 2468 3171 2523 ad
3199 2469 3415 2542 patrias
3439 2487 3542 2525 na-

1932 2559 2083 2630 vigio
2115 2559 2400 2614 direxerat
2418 2560 2622 2625 arctos,
2655 2558 2714 2612 id
2739 2561 2825 2612 est
2853 2557 3387 2629 septemtrionalem
3415 2560 3540 2631 pla-

1932 2665 2065 2720 gam
2097 2649 2258 2720 (855),
2287 2665 2414 2721 quae
2445 2649 2552 2704 hoc
2579 2664 2793 2703 nomen
2823 2648 2896 2702 ab
2916 2647 3156 2702 arcturis
3179 2648 3542 2716 duabus,hoc

1932 2741 2016 2792 est
2044 2739 2116 2792 ab
2149 2737 2291 2792 ursis
2332 2737 2655 2793 minoribus
2703 2740 2875 2810 atque
2928 2736 3243 2808 majoribus
3281 2737 3541 2807 sortitur,

1929 2844 2071 2899 quas
2095 2844 2330 2899 serpens
2359 2844 2526 2895 unus,
2548 2830 2612 2881 ut
2640 2825 2915 2898 astrologi
2926 2830 3210 2891 asserunt,
3223 2825 3538 2882 circumdat

1927 2919 1983 2969 et
2008 2915 2226 2969 dividit.

1995 3008 2083 3058 27.
2113 3003 2250 3056 Pars
2273 3003 2440 3055 terra:
2467 3001 2615 3056 illius
2642 3004 2874 3057 tantum
2903 3001 3114 3073 frigida
3134 3004 3529 3075 est,quantum

1923 3107 1957 3144 a
1985 3090 2118 3145 solis
2139 3091 2327 3144 calore
2367 3090 2574 3156 aliena,
2607 3093 2665 3143 et
2682 3094 2904 3144 mentes
2925 3091 3247 3146 incolarum
3269 3091 3522 3146 caritatis

1920 3178 2169 3249 geminas
2198 3181 2456 3249 expertes
2483 3177 2562 3232 ibi
2592 3182 2726 3232 sunt
2765 3178 2956 3232 Scithe
3015 3187 3130 3246 ισοι,
3188 3179 3285 3251 qui
3330 3180 3536 3234 domos

1917 3283 2046 3322 suas
2069 3282 2262 3320 secum
2295 3265 2587 3326 vehentes,
2619 3265 2754 3319 feris
2785 3269 2842 3319 et
2868 3267 3080 3337 equino
3111 3267 3258 3321 lacte
3288 3283 3532 3337 pascun-

203 3357 282 3413 rii
303 3359 474 3412 erant
509 3355 784 3427 principis
812 3356 1205 3426 apostolorum
1230 3355 1380 3410 Petri
1421 3373 1485 3410 ac
1513 3357 1691 3411 sancti
1717 3375 1819 3430 pa—
1919 3361 2011 3412 tur
2031 3355 2196 3427 (886).
2241 3355 2303 3408 In
2356 3353 2466 3406 hiis
2515 3353 2774 3423 partibus
2805 3357 2891 3406 est
2921 3370 3067 3408 unus
3093 3356 3238 3425 ;rex,
3295 3355 3539 3427 Gutring

202 3445 315 3500 tris
356 3460 558 3500 eorum
581 3443 838 3515 Gregorii
860 3444 1186 3514 spirituales
1216 3443 1336 3513 ﬁlii,
1369 3445 1688 3502 immundis
1725 3465 1817 3502 ca-
1920 3454 2012 3489 160!
2043 3444 2278 3499 nomine
2311 3440 2475 3512 (877),
2509 3441 2606 3511 qui
2634 3441 2693 3494 in
2723 3441 3075 3496 monasterio
3107 3441 3379 3497 Ferdensi
3431 3443 3535 3498 sub

201 3535 382 3590 nibus
405 3532 547 3602 (882)
569 3532 904 3604 impositum
949 3532 1058 3587 sibi
1101 3549 1335 3587 censum
1367 3535 1675 3605 quotannis
1707 3539 1818 3592 sol-
1917 3534 2182 3608 episcopo
2205 3531 2464 3603 ejusdem
2493 3529 2602 3583 loci
2633 3529 2856 3600 Erpone
2877 3528 3527 3594 inclericatueducatus,

196 3625 431 3691 verent,
457 3625 515 3677 et
543 3622 857 3676 maximam
907 3621 1073 3693 regni
1109 3621 1320 3676 suimet
1369 3627 1619 3694 partem,
1651 3629 1819 3698 capto
1920 3624 1995 3680 ad
2024 3623 2355 3678 diaconatus
2384 3618 2629 3689 gradum
2641 3617 2899 3688 pervenit
2925 3617 3214 3689 indignus.
3238 3617 3349 3672 Sed
3370 3622 3526 3689 post-

195 3727 268 3766 ac
299 3711 653 3780 interempto
712 3710 1056 3778 habitatore,
1095 3714 1227 3764 tunc
1277 3710 1429 3764 hosti
1484 3712 1825 3769 ﬁducialiter
1925 3728 2097 3786 quam
2147 3710 2436 3782 predictus
2479 3707 2716 3762 antistes
2759 3705 2819 3778 (f.
2894 3709 2992 3762 159
3043 3705 3186 3762 obiit
3222 3707 3396 3778 (888),
3435 3707 3540 3761 iste

197 3799 652 3856 inhabitandam
684 3798 845 3853 inviti
873 3798 1702 3870 relinquerent.Consentiente
1717 3804 1826 3860 hoc
1926 3803 2170 3874 elapsus,
2211 3797 2428 3855 nomen
2449 3800 2505 3852 et
2535 3795 3379 3864 ordinem,alterJulianus,1°08
3392 3796 3525 3868 abje

206 3888 466 3946 Domino
497 3891 556 3943 et
580 3887 653 3942 ob
691 3887 1051 3959 castigandas
1073 3889 1438 3960 quorundam
1456 3892 1666 3947 suimet
1697 3892 1827 3948 inﬁ-
1932 3891 2029 3961 cit,
2060 3893 2118 3944 et
2142 3888 2482 3945 vocabulum
2520 3883 2961 3940 Christianitatis
3009 3885 3194 3940 solum
3227 3884 3536 3956 professus,

213 3977 439 4033 delium
471 3985 564 4018 1m
593 3977 786 4048 culpas
815 3977 1006 4031 hostes
1061 3977 1354 4047 predictos
1402 3979 1475 4034 ad
1517 3981 1626 4035 hoc
1678 3981 1838 4038 insti-
1934 3977 1996 4034 in
2025 3979 2218 4034 multis
2247 3976 2534 4034 invenitur
2562 3975 2734 4047 longe
2765 3973 3004 4030 alienus.
3054 3975 3104 4028 Is
3158 3991 3193 4029 a
3220 3973 3334 4028 suis
3355 3973 3544 4046 primo

209 4074 417 4139 gante,
446 4070 676 4121 tantum
696 4063 901 4120 insevit
923 4073 1274 4136 persecutor,
1303 4067 1399 4139 qui
1421 4085 1527 4122 nec
1545 4069 1658 4124 suis
1679 4087 1828 4142 par-
1937 4073 2002 4124 ut
2030 4072 2115 4123 est
2139 4068 2387 4139 agnitus,
2418 4063 2546 4120 ilico
2599 4063 2926 4134 succipitur,
2968 4065 3026 4118 et
3065 4062 3416 4119 hereditario
3455 4063 3557 4118 ho-

204 4171 343 4212 cere
372 4171 657 4227 umquam
675 4162 770 4196 1m
789 4153 1018 4223 didicit;
1051 4154 1396 4227 illeinquam
1418 4172 1790 4227 supramemo
1813 4188 1840 4202 -
1941 4174 2083 4213 nore
2112 4157 2472 4210 sublimatur.
2501 4152 2667 4218 Quod
2696 4153 2813 4206 Deo
2840 4151 3119 4224 displicet,
3134 4168 3309 4208 nemo
3325 4152 3543 4220 laudet,

214 4249 400 4312 ratus,
434 4260 552 4299 non
582 4251 774 4298 rector
792 4242 891 4296 sed
918 4242 1260 4313 destructor,
1287 4251 1420 4316 post
1445 4257 1700 4302 mortem
1748 4267 1846 4321 pa.
1945 4246 2136 4302 nullus
2171 4243 2464 4309 imitetur;
2487 4258 2722 4314 presens
2750 4242 2966 4296 fructus
2986 4242 3060 4296 ob
3089 4245 3375 4297 terrorem
3405 4239 3554 4296 futu-

215 4333 327 4389 tris
363 4332 448 4388 sui
496 4350 530 4388 a
583 4331 999 4388 Norlhmannis
1031 4339 1124 4374 159‘
1155 4332 1593 4404 insurgentibus
1624 4345 1844 4408 captus,
1946 4351 2078 4389 rum
2110 4335 2431 4405 spernatur.
2463 4331 2530 4384 Et
2557 4331 2652 4385 ille
2700 4347 2820 4399 rex,
2869 4347 3062 4386 servus
3113 4330 3352 4403 peccati,
3407 4328 3558 4384 ﬁlius

216 4439 357 4478 cum
378 4439 413 4477 a
441 4421 654 4494 populo
683 4421 792 4476 sibi
821 4428 955 4478 tunc
984 4419 1211 4478 subdito
1233 4437 1366 4477 cum
1399 4421 1627 4494 ingenti
1650 4428 1846 4495 precio
1874 4426 1929 4486 D
1951 4422 2172 4490 mortis,
2201 4422 2417 4488 non,ut
2429 4422 2610 4492 putat,
2625 4419 2978 4488 dominatur,
2994 4418 3093 4474 sed
3112 4417 3402 4474 cotidiano
3417 4433 3560 4490 pon-

1569 4531 1802 4588 VARI/E
1832 4531 2117 4590 LECTION
2126 4526 2206 4582 ES

301 4625 396 4663 1⁸8⁸1
425 4619 696 4691 rediggus
726 4624 809 4674 1a.
827 4625 920 4661 1568
941 4634 1102 4674 nova:
1133 4618 1390 4674 Corbeiae
1416 4621 1702 4675 monacho
1735 4622 1844 4676 add
1854 4665 1867 4677 .
1896 4627 1947 4678 2.
2008 4627 2101 4663 1⁵⁸9
2118 4635 2190 4673 ne
2222 4621 2272 4675 1.
2333 4615 2649 4691 "9°Prefuit
2671 4615 3358 4691 «flocazpsinsfnietmari
3380 4630 3546 4669 manu

217 4694 423 4764 scripta
439 4688 687 4746 ultimam
705 4693 1063 4762 quaternionis
1084 4693 1349 4760 paginam
1380 4691 1870 4759 concludunt,idem
1902 4691 2219 4764 insequentis
2239 4689 2598 4760 quaternionis
2630 4688 2785 4740 initio
2811 4690 3018 4758 scripsit
3038 4689 3222 4744 Zelus.
3303 4694 3395 4728 1m
3414 4703 3546 4741 coa-

218 4767 311 4818 tos
341 4769 387 4818 1.
450 4771 544 4804 159!
575 4762 631 4816 in
665 4778 876 4817 erasum
908 4766 954 4816 1.
1015 4769 1108 4804 1593
1124 4778 1443 4820 numquam
1472 4766 1556 4819 1a.
1625 4772 1717 4806 1591
1743 4763 2124 4820 norhmannis
2156 4765 2204 4816 1.
2284 4767 2378 4802 1⁵9⁵
2403 4758 2476 4813 ab
2507 4762 2588 4812 1a.
2653 4765 2748 4800 1m
2779 4762 3066 4814 mutatum
3091 4764 3176 4815 1a.
3238 4765 3332 4802 m7
3347 4773 3468 4820 pos.
3499 4761 3546 4816 1.

285 4781 311 4817 s
341 4778 387 4818 1.
450 4778 544 4804 1W!
575 4780 631 4816 1n
665 4778 876 4817 erasum
908 4778 954 4816 1.
1015 4778 1443 4820 lmnumauam
1472 4778 1556 4819 1a.
1625 4778 1717 4806 1m
1743 4778 2124 4820 norhmannis
2156 4778 2204 4816 1.
2284 4778 2378 4802 1m
2403 4778 2476 4813 an
2507 4778 2588 4812 ια.
2653 4778 2748 4800 me
2779 4778 3066 4814 muratum
3091 4778 3176 4815 1a.
3238 4778 3468 4820 "inpos.
3499 4778 3553 4816 1.

221 4780 311 4818 tos
341 4780 387 4818 1.
450 4780 544 4804 1m
575 4780 631 4816 1n
665 4780 876 4817 erasum
908 4780 954 4816 1.
1015 4780 1443 4833 Imnumquam
1472 4780 1556 4819 1a.
1625 4780 1717 4806 ιδνι
1743 4780 2124 4820 norhmannis
2156 4780 2204 4816 1.
2284 4780 2378 4802 1m
2403 4780 2476 4813 an
2507 4780 2588 4812 ια.
2654 4780 2748 4800 mo
2779 4780 3066 4814 mutatum
3091 4780 3176 4815 1a.
3238 4780 3468 4882 m'pos.
3499 4780 3549 4816 ι.

221 4842 320 4878 im
351 4832 466 4889 Hic
489 4851 590 4887 vox
631 4834 812 4888 libere
850 4839 1111 4902 expuncto
1152 4840 1202 4887 et
1235 4841 1356 4904 post
1400 4850 1550 4888 erasa
1610 4837 1666 4888 in
1713 4837 1828 4891 cod.
1861 4841 1911 4896 1.
2062 4841 2154 4875 1599
2182 4830 2473 4903 depmitur
2504 4833 2564 4904 1ἷ
2680 4830 3122 4904 ιίθοίξ-ωιιιθιιιιξδᾱ
3178 4836 3260 4888 la.
3311 4847 3343 4884 a
3369 4835 3476 4883 tero
3509 4829 3549 4882 h

218 4913 480 4976 expuncto
501 4913 550 4958 et
565 4912 835 4978 postcum
856 4899 1101 4978 primae
1127 4899 1295 4978 eraso.
1359 4912 1463 4978 _1601
1501 4905 1663 4960 scithi
1698 4911 1782 4963 1a.
1861 4917 1954 4952 1602
1987 4904 2220 4978 gulring
2249 4899 2386 4978 corr.
2417 4899 2654 4978 gutring
2690 4903 2710 4954 1
2756 4900 2895 4954 tinea
2915 4903 3052 4972 peri
3086 4909 3392 4960 transversa
3412 4906 3538 4973 post

221 4974 400 5034 erasa.
477 4974 587 5019 1°05
604 4974 890 5045 ordinem,
925 4977 985 5030 ut
1013 4974 1108 5031 ille
1139 4975 1402 5032 demonis
1433 4979 1730 5051 exemplar
1756 4974 2014 5035 Julianus
2045 4977 2310 5048 apostata
2341 4987 2502 5028 cesar
2531 4975 2589 5026 2.

302 5135 972 5220 (ξὲφ)ἓ.οίέ;.ρέιερξιεὲίε;
1020 5213 1046 5220 ,
1941 5140 2160 5220 ρηίεέεέρ
2193 5151 2354 5220 Ξςο..
2468 5206 2478 5220 .
2561 5219 2566 5220 ,
2649 5203 2707 5220 -,
2763 5205 2791 5220 η

302 5201 452 5287 (881)
482 5207 567 5287 Cf.
595 5201 924 5287 Widukind.
946 5211 999 5287 l,_
1017 5213 1070 5266 8.
1941 5201 1962 5214 ⁸
2014 5201 2159 5287 (886)
2187 5201 2280 5287 Cf.
2294 5206 2617 5287 _Horat.ﬂm,
2649 5203 2738 5270 24η,
2761 5205 2793 5258 9
2819 5201 3548 5287 etVirgi'13Ceorg.111,463.

326 5212 452 5273 881)
482 5210 567 5264 Cf.
595 5210 924 5265 Widukind.
946 5211 987 5278 Ι,
1017 5213 1070 5266 8.
1941 5210 1962 5214 “
2036 5213 2138 5265 886
2191 5210 2275 5262 Cf.
2310 5210 2506 5260 Horat.
2532 5219 2617 5270 ιιι,
2649 5210 2738 5270 24η,
2761 5210 2793 5258 9
2819 5210 2876 5257 et
2891 5210 3309 5287 Virgil.Georg.
3325 5210 3548 5270 111,463.

323 5281 451 5351 882)
483 5282 523 5354 lg.
559 5281 833 5354 expiralis
859 5281 1049 5336 Danis.
1127 5353 1137 5354 ί
2013 5210 2159 5354 (887;
2174 5278 2463 5354 _Gu_th_ru_u.
2493 5275 2750 5354 Fortasse
2778 5289 3002 5354 regum
3036 5275 3333 5354 Ilplandun
3362 5291 3553 5354 .unus,

321 5343 451 5417 883)
486 5343 652 5407 Coan
669 5353 875 5410 Adam.
902 5354 1090 5408 Brem.
1125 5353 1163 5406 l.
1191 5367 1262 5425 ῃ,
1283 5368 1332 5410 c.
1365 5356 1453 5409 21.
1544 5422 1552 5425 Α
1941 5343 2504 5425 qualis'Gudriodus,
2525 5362 2656 5425 _rex
2711 5343 3253 5425 Qulbrandsdalize,_
3279 5344 3378 5417 qui
3408 5343 3560 5425 circa

298 5417 726 5498 (884)7Mortuus
752 5436 839 5483 est
863 5425 1052 5493 Svein,
1073 5439 1173 5479 rex
1191 5423 1511 5493 Danorum,
1540 5422 1599 5480 in
1620 5425 1832 5498 Anglia
1941 5417 2178 5498 annum
2213 5422 2362 5498 _1_018
2394 5418 2468 5472 ad
2518 5418 2687 5498 Qlavo
2733 5417 2966 5498 sancto,
3025 5433 3163 5490 rege
3208 5417 3543 5498 Norwegiae.

226 5487 384 5553 anno
420 5487 558 5550 1014
595 5495 758 5551 Febr.
779 5503 834 5555 2.
1039 5487 1049 5493 ’
1497 5487 1507 5493 ⁷
1713 5487 1745 5498 ν
1929 5496 2106 5550 victus
2131 5494 2188 5548 et
2212 5492 2411 5563 lingua
2439 5490 2625 5563 excisa
2649 5489 2905 5563 exsulare
2935 5487 3129 5563 jussus
3159 5487 3345 5563 est.4V.
3371 5487 3545 5563 Shor-

296 5569 444 5641 (885)
485 5567 574 5623 Sc.
599 5567 970 5641 chskildiam
993 5567 1052 5641 in
1082 5567 1370 5641 selandia.
1398 5567 1565 5641 Conf.
1588 5567 1680 5623 hic
1707 5585 1828 5625 om-
1928 5583 1996 5624 ra
2009 5560 2322 5641 ‘Sturlesoni
2333 5560 2556 5641 S-agaaf
2562 5560 2705 5641 Olati
2717 5560 2921 5641 hinom
2934 5560 3114 5637 Helga
3138 5577 3190 5621 c.
3223 5561 3313 5633 34,
3331 5563 3422 5634 73,
3451 5561 3543 5620 74.

225 5633 369 5700 nino
419 5633 802 5714 Lappenberg
855 5640 1052 5700 Gesch.
1109 5639 1642 5700 Grossbritauniens
1699 5644 1740 5699 t.
1782 5643 1828 5713 Ι,
1998 5637 2151 5715 (888)
2178 5633 2333 5697 Obiit
2357 5633 2461 5692 ille
2486 5650 2641 5693 anno
2681 5637 2808 5695 993.
