3900 6216
381 396 531 459 me

1325 385 1713 448 THIETMARII
1748 380 2373 451 MEBURGENSIS
2419 384 2735 453 EPISCOPI

3592 390 3743 450 {38$

377 518 515 576 dare
557 515 951 588 aggravetur;
993 512 1065 568 de
1122 527 1237 585 quo
1283 509 1567 567 Dominus
1615 525 1719 583 per
1765 508 1993 564 Esaiam
2015 515 2069 573 Α
2094 515 2231 582 tem,
2265 530 2467 571 omnes
2494 520 2582 570 ter
2607 524 2700 561 ισιι
2747 514 3077 572 clamabant
3098 529 3207 571 eos
3245 520 3343 558 ωοθ
3368 528 3494 570 una
3538 512 3740 584 gladio

379 614 476 651 1⁸0³
526 605 767 661 clamat:
829 601 997 659 Filios
1045 601 1297 667 enutrivi,
1347 598 1605 670 exaltant,
1665 600 1768 669 ipsi
1817 604 1994 652 autem

375 699 687 766 spreverunt
730 708 813 748 me
868 688 1004 750 (13a.
1056 705 1097 757 ι,
1126 689 1202 759 2).
1234 690 1346 743 Pro
1377 688 1540 759 cujus
1572 687 1998 745 consociorum-

376 798 493 855 que
514 781 640 853 ejus
664 778 1036 835 conversione
1059 780 1117 831 et
1140 776 1317 848 digna
1336 776 1751 832 emendaciune
1781 792 1847 831 ac
1872 790 1998 846 per-

375 870 702 929 severancia
728 867 919 924 omnis
945 865 1343 922 Christianitas
1365 869 1513 934 oret,
1541 869 1603 919 et
1626 881 1699 919 ne
1722 866 1837 919 tale
1858 863 1998 935 quid

378 958 441 1017 in
471 957 750 1016 membris
773 956 889 1011 suis
909 954 1158 1025 amplius
1177 953 1458 1025 pacietur,
1490 955 1674 1009 Deum
1702 952 1995 1027 imploret.

381 1046 651 1113 Quamvis
698 1045 769 1100 de
818 1044 915 1099 ille
957 1044 1068 1098 hoc
1126 1042 1314 1098 solum
1359 1042 1633 1108 dicerem,
1698 1044 1852 1109 sunt,
1892 1055 1996 1111 pro

378 1135 570 1199 dolori
592 1134 712 1202 alii,
744 1133 844 1206 qui
886 1131 1140 1189 similem
1188 1131 1415 1187 subiere
1452 1130 1827 1197 sententiam,
1857 1128 1998 1185 illud

379 1224 540 1283 Pauli
570 1239 689 1281 non
713 1222 1115 1279 attendentes:
1143 1219 1285 1287 Quia
1317 1219 1508 1277 melius
1530 1227 1625 1263 tm
1644 1224 1719 1275 est
1743 1221 1889 1274 viam
1908 1235 1994 1272 ve-

376 1314 555 1373 ritati:
582 1328 688 1367 non
733 1326 1060 1382 cognoscere,
1098 1326 1257 1383 quam
1295 1316 1419 1381 post
1445 1310 1695 1364 notitiam
1735 1306 1999 1365 declinare

377 1400 467 1473 (1.1
484 1401 637 1461 Ρειν.
668 1417 732 1470 ιι,
761 1400 876 1472 21).

449 1493 541 1551 28.
583 1489 698 1547 Sed
726 1487 863 1560 quia
904 1488 1092 1545 nullus
1120 1486 1195 1544 ad
1232 1483 1807 1557 comprehendendas
1834 1482 1999 1556 aqui-

378 1578 597 1637 lonaris
616 1577 873 1649 regionis
915 1577 1239 1644 varietates,
1288 1592 1429 1647 quas
1483 1578 1693 1630 natura
1734 1589 1839 1645 pre
1885 1589 2001 1628 caa-

378 1668 519 1728 tel'is
548 1665 844 1727 mirabiles
869 1665 1087 1723 ibidem
1116 1668 1408 1737 operatur,
1437 1667 1492 1719 et
1511 1662 1769 1719 crudeles
1801 1649 2000 1733 populi

380 1757 545 1815 istius
571 1754 934 1813 executiones
970 1754 1201 1822 sufﬁcit,
1246 1754 1451 1809 omitto
1502 1760 1596 1796 ισοο
1643 1755 1700 1807 et
1735 1750 1807 1805 de
1836 1748 1999 1822 geni-

2094 603 2397 672 perituros.
2432 604 2782 660 Venerabilis
2802 618 2938 659 vero
2972 612 3066 646 1609
3081 603 3289 675 regina
3313 618 3452 657 cum
3481 601 3611 656 suis
3630 603 3742 658 hac

2094 690 2385 761 legatione
2414 693 2727 748 admodum
2750 693 3007 760 turbata,
3034 696 3163 764 post
3175 692 3427 763 longam.
3447 690 3741 747 θειωυὼ

2096 780 2277 835 animi
2305 780 2802 849 deliberationem,
2837 798 2898 838 se
2921 782 3001 837 sic
3026 782 3313 836 facturam
3346 788 3448 823 im
3472 794 3737 851 spopon-

2098 867 2180 923 dit
2209 876 2323 936 ιοισ,
2347 872 2405 923 et
2428 868 2487 923 id
2505 877 2597 911 1608
2621 885 2757 925 cum
2778 878 2873 913 N09
2892 869 3313 941 prenominatis
3338 867 3635 923 militibus
3646 868 3741 922 fir-

2097 960 2237 1011 mat.
2268 957 2329 1028 (ἰ.
2366 960 2508 1027 160).
2538 958 2775 1014 Interim
2797 960 3117 1014 confratres
3139 960 3253 1014 duo
3279 958 3472 1013 noctis
3496 956 3737 1013 silentio

2101 1052 2215 1113 m7,
2262 1045 2323 1099 in
2376 1046 2636 1101 navicula
2661 1048 3009 1117 promissum
3038 1048 3346 1104 evadentes
3374 1046 3733 1118 periculum,

2099 1150 2490 1206 quoscumque
2528 1138 2797 1206 poterant
2842 1136 2917 1191 ad
2963 1135 3365 1192 defensionem
3409 1135 3625 1206 patrie
3678 1137 3737 1187 et

2099 1221 2459 1291 ereptionem
2470 1221 2689 1289 matris,
2713 1222 2877 1277 hoste
2888 1221 3073 1277 adhuc
3094 1223 3201 1277 hoc
3224 1221 3571 1293 ignorante,
3591 1237 3738 1276 con-

2100 1310 2440 1379 gregabant.
2474 1310 2588 1367 Sed
2616 1327 2749 1366 cum
2778 1310 2838 1366 in
2870 1328 2988 1365 una
3011 1310 3239 1366 dierum
3261 1312 3534 1382 Thurgut
3575 1310 3734 1381 pira-

2098 1397 2291 1451 tarum
2320 1397 2528 1453 duxad
2565 1398 2998 1470 depopulandos
3044 1400 3191 1454 ﬁnes
3236 1399 3541 1471 proximos
3596 1414 3736 1453 eum

2098 1485 2464 1543 multitudine
2490 1486 2883 1556 egrederetur,
2912 1504 2981 1542 ex
3001 1486 3309 1559 improviso
3333 1487 3606 1545 hostibus
3635 1503 3735 1542 oc-

2100 1589 2337 1630 currens
2365 1591 2464 1630 eos
2490 1575 2756 1631 olfendit:
2786 1579 2844 1631 et
2864 1580 2926 1630 ut
2961 1576 3196 1633 eosdem
3217 1575 3452 1633 eminus
3480 1577 3735 1647 aspexit,

2102 1661 2283 1716 socios
2304 1665 2592 1731 exortans,
2616 1662 2853 1719 viriliter
2872 1664 3091 1719 hosim
3111 1663 3269 1732 adiit,
3297 1667 3357 1718 et
3383 1663 3741 1719 ceciderunt

2102 1750 2391 1822 utrimque
2415 1759 2506 1794 ιω
2526 1753 2802 1807 AZthmun
2831 1756 2890 1808 et
2914 1761 3009 1796 ιω
3025 1753 3283 1824 Thurgut
3310 1768 3447 1806 cum
3470 1750 3738 1807 maxima

380 1802 932 1916 3ιῖὲῖίῖθέΞὲιῖιῖ
970 1802 1555 1915 (ministra.
1594 1802 1815 1897 siin}:
1836 1802 2001 1911 Ἶιέτ-
2026 1802 2081 1864 Β
2102 1802 2389 1895 ...ἐπὶδᾮῶ
2416 1802 2802 1896 magna";
2824 1802 2893 1896 si
2921 1802 3169 1896 nec—iiiis
3181 1802 3738 1912 θιῖᾼᾴιῖἷεζῶἷῶἆ

392 1933 691 2002 secuturis,
739 1948 923 2005 pauca
975 1931 1247 1988 edissere.
1292 1932 1404 1987 Hos
1473 1931 1700 2004 peperit
1750 1931 1803 1986 ei
1848 1930 2006 1985 Mise-

382 2021 543 2083 conis
592 2020 715 2079 filia
749 2020 929 2089 ducis,
953 2035 1118 2075 soror
1148 2018 1405 2075 Bolizlavi
1427 2018 1771 2075 successoris
1797 2018 1919 2089 ejus
1949 2016 2006 2073 et

382 2110 539 2178 nati;
569 2126 697 2183 que
729 2109 902 2169 aviro
930 2108 1141 2164 suimet
1160 2107 1303 2179 (890)
1345 2108 1444 2163 diu
1480 2108 1716 2179 depulsa
1746 2124 1863 2162 non
1896 2105 2005 2161 mi-

382 2199 605 2259 nimam
632 2214 768 2260 cum
816 2197 1040 2254 ueteris
1088 2213 1360 2270 perpessa
1400 2200 1486 2252 est
1529 2194 2004 2256 controversiam.

382 2288 561 2360 Huius
596 2287 789 2360 proles
829 2286 1079 2342 multum
1109 2284 1169 2340 in
1202 2285 1476 2341 omnibus
1494 2285 1888 2357 patrissantes,
1920 2282 2009 2338 di-

381 2375 514 2441 lecti
524 2374 807 2448 genitoris
824 2390 1032 2445 corpus
1052 2373 1307 2431 delatum
1319 2373 1590 2428 ﬂebiliter
1608 2372 1921 2443 suscipiunt
1952 2373 2011 2425 et

382 2467 699 2534 tumulant,
742 2467 801 2518 et
821 2462 1095 2535 quicquid
1133 2462 1427 2519 dedecoris
1454 2463 1519 2534 (l‘.
1553 2461 1692 2532 159’)
1724 2460 1873 2532 patri
1894 2459 2007 2514 sui-

382 2556 509 2610 met
546 2550 736 2624 ingeri
761 2551 834 2608 ab
864 2550 1065 2621 Anglis
1116 2549 1479 2621 propositum
1527 2553 1633 2618 est,
1663 2548 1881 2620 paratis
1903 2564 2011 2602 na-

384 2642 548 2697 vibus
574 2639 767 2696 ulcisci
809 2639 1139 2695 studebant.
1184 2639 1398 2693 Eorum
1428 2637 1708 2705 facinora,
1738 2653 1868 2709 quae
1896 2636 2008 2691 hiis

385 2728 633 2785 intulere
661 2727 932 2799 plurima,
975 2743 1072 2781 me
1091 2727 1231 2799 quia
1254 2727 1453 2794 latent,
1485 2726 1829 2798 preteriens,
1867 2725 2008 2780 illud

385 2817 516 2874 stilo
544 2816 796 2873 breviter
824 2815 1045 2886 aperio,
1080 2815 1234 2887 quod
1271 2814 1415 2870 mihi
1454 2815 1690 2886 quidam
1723 2814 1869 2886 (981)
1900 2832 2006 2887 pro

383 2906 621 2961 veritate
651 2904 759 2959 sibi
790 2903 1090 2975 cognitum
1121 2902 1747 2959 intimavit.1Ethelred
1770 2911 1885 2971 1607,
1908 2920 2008 2958 rex

384 2994 732 3066 Anglorum,
757 2991 903 3051 obiit
913 3007 1070 3046 anno
1083 2991 1404 3047 Dominicae
1416 2991 1831 3046 incarnationis
1849 2995 2003 3060 1016,

387 3083 529 3139 etin
559 3097 763 3141 mense
805 3080 953 3136 Julio
1003 3079 1244 3151 predicti
1284 3080 1493 3135 fratres
1535 3080 1745 3135 Harald
1771 3084 1830 3135 et
1857 3075 2008 3135 Cnut

386 3179 504 3242 nos,
525 3187 595 3229 ac
616 3179 710 3214 i009
748 3187 883 3225 cum
909 3169 1050 3224 duce
1067 3169 1277 3224 suimet
1317 3169 1614 3240 Thurguto
1649 3168 1816 3241 (892))
1845 3185 2005 3223 cum-

386 3276 499 3334 que
519 3267 614 3304 “1°
641 3261 745 3317 340
770 3267 863 3302 iw
890 3259 1129 3314 navibus
1173 3257 1410 3330 egressi,
1457 3258 1663 3314 urbem
1713 3257 2006 3330 quandam

384 3348 624 3407 nomine
652 3348 1014 3417 Lundunam,
1069 3347 1168 3404 ubi
1212 3346 1436 3419 regina.
1488 3346 1666 3401 tristis
1718 3363 1859 3401 nece
1899 3345 2008 3401 viri

384 3437 599 3501 suimet
626 3440 686 3493 et
709 3435 1049 3505 defensoris,
1078 3452 1213 3492 cum
1232 3435 1366 3490 filiis
1384 3436 1718 3491 Ethelsteno
1758 3451 1824 3490 ac
1868 3435 2004 3490 Eth-

387 3528 585 3589 nundo
613 3531 672 3583 et
701 3527 924 3584 duobus
965 3525 1247 3599 episcopis
1283 3525 1619 3597 ueterisque
1662 3524 2006 3597 primatibus

384 3616 635 3692 presidio
660 3617 915 3686 sedebat,
942 3615 1325 3685 circumdant,
1356 3618 1416 3669 et
1442 3631 1614 3670 naves
1654 3614 1909 3685 singulas
1937 3616 2005 3670 80

386 3707 536 3765 viros
563 3707 867 3775 habentes,
895 3722 1000 3778 per
1028 3704 1270 3772 ﬂumen,
1315 3701 1471 3774 quod
1518 3702 1715 3757 Timisi
1746 3705 2004 3766 vocatur,

385 3795 678 3864 ducentes,
706 3800 739 3853 6
767 3794 1255 3852 menseseandem
1275 3791 1641 3863 impugnant.
1658 3789 1883 3861 Regina
1908 3807 2007 3846 au-

389 3886 511 3942 tem
539 3888 676 3941 tunc
712 3885 865 3941 bello
886 3882 1203 3953 defatigata
1220 3879 1449 3936 assiduo
1470 3878 1707 3934 nuntios
1726 3878 2008 3952 misit,qui

392 3972 466 4029 ab
496 3974 579 4029 eis
606 3989 810 4045 pacem
834 3972 1118 4043 peterent,
1152 3972 1214 4026 et
1240 3968 1378 4042 quid
1413 3975 1511 4011 1m
1537 3968 1610 4023 ab
1636 3984 1704 4024 ea
1730 3976 1824 4010 ιω
1845 3985 2012 4041 expe-

390 4057 1329 4132 scerentdiligenterinquirerent.
1342 4057 1739 4128 Respondetur
1747 4057 2013 4130 protinus

394 4148 506 4207 hiis
534 4150 611 4207 ub
632 4147 988 4218 inexplendis
1005 4146 1288 4215 hostibus,
1310 4145 1360 4201 si
1378 4145 1583 4217 regina
1596 4146 1864 4203 voluisset
1874 4146 2010 4202 dare

393 4236 545 4295 ﬁlios
565 4252 697 4295 suos
731 4235 793 4291 in
842 4237 1115 4304 mortem,
1147 4251 1321 4308 seque
1361 4251 1494 4291 cum
1550 4239 1615 4291 15
1663 4236 1896 4292 milibus
1922 4252 2013 4291 ar-

2103 1944 2231 1999 spes
2260 1931 2470 1999 optatae
2482 1929 3031 1997 venitvictoriaa;sed
3053 1930 3337 1986 vulnerati
3357 1932 3577 2002 sponte
3608 1928 3725 1983 dis-

2100 2021 2420 2085 cescerunt,
2435 2018 2540 2072 hoc
2558 2019 2746 2073 solum
2764 2022 3086 2090 gementes,
3110 2018 3266 2091 quod
3283 2018 3366 2073 sic
3384 2017 3652 2075 fortuitis
3669 2016 3731 2072 id

2105 2106 2309 2161 accidit
2336 2105 2577 2161 casibus.
2605 2107 2779 2162 Nobis
2808 2110 3001 2163 autem
3028 2107 3308 2177 scriptura
3338 2105 3503 2177 (Sap.
3558 2123 3625 2173 η,
3656 2106 3735 2175 2.)

2108 2194 2376 2265 prohibet
2434 2196 2668 2250 credere
2712 2196 2897 2250 fatum
2944 2197 3033 2250 vel
3086 2211 3283 2251 casum
3327 2194 3555 2266 aliquid
3584 2210 3733 2262 esse,

2108 2283 2253 2338 Dani
2300 2287 2436 2339 tunc
2468 2292 2582 2352 1°09,
2624 2285 2883 2356 quamvis
2925 2284 3262 2348 imbecilles,
3302 2283 3494 2340 socias
3531 2287 3733 2341 tamen

2111 2388 2283 2431 naves
2311 2373 2569 2441 visitant;
2597 2377 2655 2428 et
2698 2373 3109 2445 intelligentes,
3163 2374 3292 2429 urbi
3334 2373 3617 2428 solatium
3660 2372 3730 2427 ab

2109 2461 2461 2517 Ethelsteno
2487 2463 2789 2533 superstite
2820 2466 2879 2517 et
2911 2460 3198 2517 Britannis
3236 2460 3616 2519 venientibus
3647 2460 3729 2516 af-

2107 2548 2268 2617 ferri,
2295 2549 2571 2605 truncatis
2604 2558 2699 2593 ιωο
2728 2550 3040 2618 obsidibus,
3067 2550 3318 2621 fugiunt.
3377 2551 3450 2604 Et
3476 2550 3731 2604 destruat

2109 2654 2207 2692 eos
2221 2642 2394 2710 atque
2405 2639 2698 2710 disperdat
2707 2642 2999 2710 protector
3014 2639 3074 2694 in
3094 2656 3155 2694 se
3175 2638 3546 2711 sperantium
3561 2640 3725 2703 Deus,

2108 2742 2181 2780 ne
2202 2742 2478 2798 umquam
2517 2727 2685 2782 solito
2717 2726 2825 2781 hiis
2852 2728 2940 2781 vel
2967 2727 3092 2782 aliis
3129 2731 3381 2783 noceant
3430 2726 3723 2793 ﬁdelibus;

2107 2815 2170 2868 ln
2201 2818 2496 2887 ereptione
2514 2816 2753 2871 civitatis
2778 2815 2929 2871 illius
2953 2817 3331 2888 gaudeamus,
3360 2820 3423 2873 et
3440 2816 3505 2872 in
3525 2821 3725 2873 caetero

2108 2903 2428 2975 lugeamus.

2178 2994 2267 3047 29.
2316 2993 2551 3064 Percepi
2595 3009 2824 3066 quoque
2875 3009 2911 3048 a
2955 2994 3141 3050 relatu
3177 2994 3424 3067 predicti
3480 2993 3724 3051 hominis

2108 3080 2349 3137 Sewaldi
2377 3082 2592 3136 factum
2622 3081 2955 3138 miserabile
2987 3099 3053 3137 ac
3081 3082 3298 3138 idcirco
3321 3084 3722 3151 memorabile,

2107 3169 2262 3241 quod
2282 3170 2502 3241 perﬁda
2535 3171 3069 3227 Northmannorum
3088 3188 3317 3239 manus,
3340 3172 3487 3228 duce
3513 3172 3585 3227 ad
3605 3171 3719 3228 hoc!

2104 3258 2398 3325 Thurkilo,
2439 3258 2742 3314 Cantuarii:
2797 3268 2890 3302 1°21
2931 3259 3175 3315 civitatis
3211 3260 3481 3332 egreium
3510 3260 3719 3316 antisti-

2106 3348 2245 3415 tem,
2272 3348 2551 3403 Dunstem
2584 3356 2679 3390 1°”
2709 3348 2948 3405 nomine
2973 3348 3143 3421 (893),
3167 3366 3301 3404 cum
3316 3349 3547 3405 caeteris
3566 3364 3720 3420 cape-

2106 3438 2256 3503 rent;
2287 3439 2346 3490 et
2372 3436 2607 3491 vinculis
2634 3440 2694 3492 et
2732 3436 2928 3492 inedia
2962 3452 3028 3491 ac
3075 3437 3352 3492 ineffabili
3408 3454 3588 3509 poena
3613 3445 3714 3504 1⁸³³,

2105 3541 2269 3580 more
2299 3526 2359 3597 (f.
2397 3525 2538 3597 160’)
2567 3542 2671 3581 suo
2694 3526 2970 3595 nefando,
2991 3526 3471 3599 constringerent
3496 3536 3610 3582 Im.
3630 3526 3714 3581 Hie

2104 3614 2343 3669 lumana
2372 3618 2564 3671 motus
2600 3616 2932 3687 fragilitate,
2964 3615 3269 3687 pecuniam
3300 3616 3382 3672 eis
3412 3614 3709 3688 promittit,

2107 3707 2166 3759 et
2188 3704 2263 3758 ad
2291 3704 2439 3759 hanc
2469 3704 2897 3776 impetrandam
2932 3712 3025 3747 im
3054 3704 3312 3760 inducias
3348 3706 3565 3777 posuit,
3590 3702 3712 3759 utsi

2108 3792 2169 3848 in
2207 3793 2315 3848 hiis
2336 3793 2672 3865 acceptabili
2690 3793 3091 3866 redemptione
3126 3798 3382 3850 mortem
3410 3796 3711 3851 momenta-

2110 3897 2283 3936 neam
2314 3882 2554 3938 evadere
2597 3881 2962 3954 nequivisset,
2989 3886 3174 3938 semet
3195 3882 3389 3955 ipsum
3423 3882 3707 3955 gemitibus

2111 3972 2327 4028 crebris
2340 3972 2575 4027 interim
2595 3976 2887 4045 purgaret,
2911 3974 3160 4028 hostiam
3181 3972 3435 4028 Domino
3460 3974 3634 4028 vivam
3648 3968 3707 4026 ad

2113 4061 2559 4120 immolandum.
2589 4061 2907 4121 Transactis
2937 4073 3076 4116 tunc
3114 4061 3389 4118 omnibus
3421 4058 3708 4132 designatis

2114 4152 2492 4222 temporibus,
2523 4168 2697 4207 vorax
2730 4151 2991 4223 picurum
3034 4150 3281 4206 caribdis
3311 4150 3420 4206 Dei
3448 4149 3707 4205 famulum

2116 4243 2332 4310 evocat,
2357 4243 2415 4295 et
2440 4239 2546 4295 sibi
2574 4242 2924 4312 promissum
2974 4238 3239 4295 celeriter
3266 4238 3518 4311 persolvi
3544 4236 3702 4292 tribu-

395 4324 560 4397 genti
590 4323 965 4399 ponderibus,
996 4327 1055 4379 et
1092 4324 1391 4398 episcopos
1420 4340 1552 4383 cum
1601 4329 1668 4384 12
1695 4324 1928 4381 milibus
1959 4327 2017 4379 et
2114 4331 2264 4398 tum,
2294 4328 2597 4386 minaciter
2640 4330 2908 4401 postulat.
2958 4330 3027 4384 Et
3076 4328 3171 4384 ille
3220 4330 3286 4382 ut
3308 4327 3471 4383 mitis
3517 4339 3702 4399 agnus:

397 4413 670 4475 omnibus
698 4413 906 4483 loricis,
937 4430 1184 4487 quarum
1213 4414 1376 4472 milia
1415 4418 1484 4473 24
1522 4432 1799 4471 numerus
1826 4414 2088 4491 inore-.1)
2114 4418 2303 4475 Presto
2351 4436 2491 4488 sum,
2542 4418 2746 4492 inquit,
2798 4425 3030 4491 paratus
3071 4418 3144 4473 ad
3187 4417 3535 4493 omniaquae
3556 4417 3616 4472 is
3638 4428 3706 4470 ιιι

398 4504 590 4562 dibilis
619 4506 764 4573 erat,
792 4504 1106 4575 redimere,
1131 4507 1190 4559 et
1222 4504 1298 4559 ad
1345 4505 1468 4560 haec
1520 4504 1813 4577 speranda
1869 4501 2015 4561 300°’

2118 4524 2260 4564 nunc
2277 4509 2581 4580 presumitz's
2616 4509 2823 4578 facere;
2853 4524 2915 4561 ac
2948 4505 3161 4564 Christi
3183 4522 3386 4573 amore,
3421 4512 3480 4558 ut
3518 4518 3704 4558 suorum

395 4596 624 4655 obsides
647 4595 859 4651 electos
890 4594 1027 4650 dare
1040 4593 1332 4664 voluisset,
1344 4594 1453 4651 sibi
1481 4598 1709 4650 tantum
1738 4593 2019 4668 sociisque
2120 4612 2326 4653 merear
2347 4598 2472 4666 ﬁeri
2496 4596 2790 4669 exengulum
2821 4611 3118 4665 servorum,
3149 4611 3259 4650 non
3279 4611 3402 4649 sum
3431 4593 3583 4649 hodie
3607 4598 3703 4647 tur-

390 4684 605 4743 suimet
623 4699 827 4756 pacem
850 4698 985 4739 cum
1014 4681 1129 4739 vita
1148 4682 1385 4754 adipisci
1427 4682 1734 4755 potuisset;
1787 4681 1874 4739 sin
1918 4700 2019 4738 au-

2131 4686 2302 4742 bams.
2337 4683 2652 4759 Quodyolu's
2684 4684 2913 4741 mendae:
2943 4684 3150 4754 videor,
3176 4699 3284 4739 non
3311 4698 3435 4739 mea
3464 4682 3702 4742 voluntas:

1722 4770 1958 4828 νΑΒιλΕ
1984 4774 2271 4832 LECTION
2280 4776 2382 4831 ES.

467 4856 564 4894 ωοι
584 4845 803 4903 esaiam
828 4861 969 4901 corr.
1011 4842 1215 4899 isaiam
1248 4846 1299 4898 1.
1379 4850 1473 4887 ιοοι
1509 4842 1719 4898 melior
1751 4847 1834 4898 la.
1915 4853 2009 4887 ωοσ

395 4930 492 4967 ω’
519 4919 645 4976 add.
691 4918 773 4973 ib.
850 4920 946 4960 ιοίο

2037 4848 2223 4918 pmito
2262 4862 2402 4903 corr.
2444 4847 2626 4903 omito
2663 4852 2714 4905 1.

975 4932 1086 4992 que
1113 4915 1239 4970 add.
1269 4914 1392 4992 lb.__
1430 4922 1523 4958 1m
1567 4914 1696 4992 occ
1722 4915 1964 4992 «ξι-χω.
2014 4914 2137 4992 Δῑιη
2168 4919 2320 4992 qdl.
2399 4927 2493 4992 ιψ
2524 4920 2605 4974 eis
2653 4924 2739 4975 la.
2820 4920 3039 4992 m«_t.i
3121 4924 3218 4960 ms
3262 4918 3341 4970 ita
3389 4917 3697 4992 lcfuturam

2827 4853 2922 4890 ισοτ
2954 4847 3072 4902 ath.
3110 4848 3191 4901 lc.
3305 4852 3406 4887 ηοθ
3444 4839 3693 4899 conuita.

398 4997 484 5050 la.
561 4998 655 5034 1³1⁸
683 4984 1021 5061 spospondit
1044 4991 1144 5062 la.
1205 4994 1297 5028 im
1334 4986 1654 5062 Etmnndus
1697 4989 1756 5062 et
1782 4987 2141 5045 Edelsteinus
2185 4984 2357 5062 reges
2386 4991 2513 5047 add.
2551 4996 2630 5047 1ο.
2714 4998 2808 5034 1m
2838 4990 3070 5061 utrique
3117 4992 3196 5043 1ο.
3277 4995 3376 5031 ιω
3420 4984 3696 5041 ειωιωάω

394 5080 495 5120 rex
518 5066 577 5118 et
604 5058 836 5117 dux'thf
856 5064 934 5115 lc.
1012 5066 1107 5100 mo
1130 5058 1441 5112 trunccatis
1468 5062 1517 5114 1.
1599 5066 1692 5100 ιω
1718 5060 1797 5115 ita
1838 5063 1917 5115 lc.
1950 5064 2183 5117 cantare
2218 5058 2284 5118 1Ῑ
2349 5070 2444 5106 ιω
2469 5062 2716 5118 dunstan
2740 5067 2820 5122 lc.
2900 5058 2995 5105 ωῖ
3024 5077 3057 5116 o
3089 5076 3302 5115 erasum
3337 5063 3390 5115 1.
3470 5067 3562 5100 Im
3584 5070 3695 5111 cou-

1949 5204 2174 5261 NOTIE.

395 5135 708 5207 stringeret
735 5136 785 5190 1.
861 5137 957 5174 im
988 5130 1335 5202 petrandam
1370 5133 1419 5184 1.

358 5276 366 5283 ’
464 5295 619 5369 (889)
634 5292 1068 5369 Debebatesse:
1090 5288 1503 5369 geniminibus,
1519 5289 1626 5369 sed
1643 5289 2015 5369 desumptum

398 5362 741 5453 exi'Vul’gata‘
762 5364 976 5453 h'iatth;
991 5362 1148 5453 xiiii,
1183 5365 1269 5432 33,
1298 5379 1404 5418 nec
1434 5362 1601 5418 aliter
1628 5362 1781 5435 apud
1812 5362 2016 5421 Hiero-

400 5435 643 5508 nymum
672 5436 747 5492 ad
768 5436 882 5490 les.
908 5437 997 5489 30.
1026 5435 1185 5488 WAG.

474 5512 622 5575 (890)
643 5509 734 5563 Sc.
757 5506 919 5561 Erice
940 5521 1079 5576 rege
1099 5501 1337 5560 Sueciaa.
1361 5504 1666 5561 Dicebatur
1694 5505 1793 5561 illa
1820 5506 2014 5576 Sigrid

402 5576 697 5649 Storrada.
725 5577 892 5632 Conf.
918 5575 1121 5649 Adam.
1150 5577 1283 5649 lin,
1308 5578 1488 5632 schol.
1520 5580 1589 5633 22
1613 5580 1669 5632 et
1697 5593 1822 5649 cap.
1849 5575 1937 5635 28.

478 5646 624 5721 (881)
644 5649 735 5704 Sc.
758 5646 1067 5715 Sewaldus,
1088 5650 1152 5702 ut
1170 5646 1356 5720 liquet
1380 5663 1452 5703 ex
1467 5663 1595 5721 cap.
1615 5646 1902 5723 sequenti.

2187 5293 2341 5368 (892)
2359 5295 2580 5350 Nomen
2606 5293 2756 5350 illius
2776 5293 3033 5350 Thurkil.
3062 5292 3127 5348 V.
3150 5291 3355 5348 Gesch.
3390 5289 3582 5347 Grosb.
3602 5288 3636 5343 ι.
3659 5283 3691 5350 ly

2364 5439 2447 5519 _De
2475 5438 2732 5519 lilphego
2779 5437 3234 5519 archiepiscopo,
3274 5435 3376 5507 qui
3413 5426 3692 5519 annoltll}

2111 5511 2220 5565 hoc
2244 5510 2417 5565 modo
2451 5509 2613 5575 obiit,
2632 5509 2749 5564 non
2781 5526 2912 5564 vero
2936 5509 3007 5564 de
3031 5509 3355 5574 Dunstano,
3372 5510 3689 5575 antecessit"

2111 5582 2255 5654 ejus,
2286 5579 2475 5654 dicere
2502 5572 2681 5654 voluit
2716 5584 2930 5637 noster.
2958 5580 3126 5637 Conf.
3185 5594 3318 5652 qum
3343 5572 3467 5634 dixi
3496 5577 3555 5633 in
3578 5572 3688 5629 libro

2110 5652 2286 5727 supra
2308 5652 2539 5710 laudato
2570 5655 2614 5711 t.
2645 5653 2690 5724 Ι,
2731 5667 2791 5727 p.
2818 5655 2946 5713 444.
