3900 6216
229 502 255 564 1
268 508 378 564 389

1482 488 1903 558 CIIBONICON.
1923 528 1997 540 -
2014 487 2143 558 LIB.
2168 490 2284 557 VII.

3425 514 3561 576 1390

232 627 461 683 ibidem
493 625 709 681 diucius
737 633 831 669 ma
859 622 1104 692 turbata,
1138 640 1270 679 cum
1316 623 1585 679 omnibus
1609 638 1735 694 quae
1760 622 1856 676 ha-
1875 624 1933 684 Α
1955 621 2109 693 quod
2133 639 2200 677 ex
2220 626 2381 695 parte
2413 622 2676 681 Bolizlavi
2706 631 2963 700 rogatur,
2991 628 3187 688 laudat
3220 642 3335 703 im,
3355 653 3559 694 conve-

233 717 434 781 bebat,
464 731 568 787 pro
601 715 793 770 dolor!
814 717 1086 769 servatur.
1110 713 1311 768 Omnis
1338 711 1853 782 maledicio,quam

240 813 342 847 im
372 804 482 858 sibi
514 805 715 859 beatus
742 803 846 858 Job
891 803 1216 874 inprecatus
1247 804 1349 868 est,
1372 800 1503 855 huic
1528 801 1701 854 talem
1719 815 1852 870 pro-

234 892 491 948 merenti
523 892 764 946 eveniat.
800 893 862 946 ln
890 891 1141 963 presenti
1175 894 1433 960 tempore
1460 891 1686 942 tantum
1714 887 1851 941 mali

232 980 538 1053 percipiat,
564 984 624 1033 ut
642 980 702 1033 in
726 981 914 1035 futuro
936 979 1163 1033 veniam
1186 980 1388 1031 saltem
1410 992 1638 1048 sperare
1662 976 1848 1029 liceat.

243 1070 610 1139 Quicumque
663 1067 721 1121 in
753 1068 1030 1122 auxilium
1064 1067 1185 1137 ejus
1217 1066 1274 1119 in
1304 1067 1412 1120 hoc
1448 1072 1540 1106 ωσι
1573 1079 1850 1135 umquam

235 1158 501 1230 asspiret,
534 1159 895 1211 convertatur
932 1156 1004 1211 ad
1035 1157 1238 1223 Deum,
1285 1158 1341 1210 et
1389 1171 1447 1208 se
1480 1154 1852 1209 vehementer

236 1263 504 1320 peccasse
559 1246 869 1311 confessus,
902 1245 973 1299 ad
1000 1244 1467 1300 emendationem
1497 1243 1849 1314 condignam

236 1334 505 1389 festinet:
538 1334 674 1405 quia
710 1334 877 1387 sibilo
904 1351 1205 1389 venenosa:
1236 1334 1444 1405 aspidis
1474 1336 1630 1388 caret
1654 1334 1850 1387 recole-

238 1422 329 1477 sia
356 1422 500 1476 tanti
529 1421 865 1476 defensoris.
901 1424 965 1476 In
986 1424 1092 1477 hoc
1112 1426 1306 1477 autem
1334 1438 1488 1477 anno
1516 1420 1851 1476 Tbiedricus

242 1510 483 1565 antistes
498 1512 639 1580 (909)
657 1514 714 1564 et
736 1510 1105 1565 Hirimannus
1125 1528 1338 1579 comes,
1362 1512 1665 1581 Gerbergaa
1681 1510 1849 1577 filius,

243 1599 321 1653 de
352 1598 510 1652 inani
537 1615 598 1653 re
627 1603 825 1653 mutuo
857 1603 1160 1666 certantes,
1183 1617 1285 1654 sua
1298 1599 1613 1654 vastabant.
1636 1598 1853 1653 Dehinc

245 1687 451 1741 amicis
466 1689 940 1759 persuadentibus
954 1706 1018 1743 ac
1037 1688 1285 1743 maxime
1302 1689 1462 1760 jussu
1482 1686 1855 1759 imperatorio

250 1775 457 1842 sedati,
489 1778 848 1848 presenciam
890 1777 1097 1831 cesaris
1135 1777 1427 1849 utrimque
1465 1776 1859 1849 prestolaban-

250 1868 353 1920 tur
391 1872 505 1919 1m.

1953 710 2102 765 nisse
2133 711 2206 765 ad
2236 729 2367 766 eum
2392 712 2679 787 principes
2707 733 2868 786 suos;
2903 723 2961 773 et
2988 721 3033 775 si
3061 722 3200 793 quid
3229 723 3366 780 boni
3396 728 3562 783 vellet

1952 798 2060 854 sibi
2092 800 2381 867 exhibere,
2408 818 2539 857 cum
2572 820 2775 859 eorum
2802 808 3044 864 consilio
3075 810 3326 868 libenter
3340 815 3558 888 accipe-

1952 891 2058 942 ret.
2094 889 2650 946 Mittunturinvicem
2672 895 2953 964 nuntii,et
2984 897 3228 956 induciae
3240 907 3559 974 ponuntur.

2025 979 2113 1031 36.
2146 977 2334 1031 Caesar
2354 978 2589 1034 interim
2607 981 2679 1035 ad
2703 984 3303 1058 Merseburgveniens,
3327 993 3557 1048 certitu-

1954 1063 2149 1119 dinem
2170 1066 2253 1120 rei
2280 1067 2448 1138 hujus
2463 1072 2841 1140 exspectabat.
2859 1074 3088 1132 Ibitunc
3115 1080 3280 1135 multi
3305 1081 3560 1137 latrones

1952 1170 2003 1244 ag
2014 1155 2423 1224 gladiatoribus
2452 1157 2729 1230 singulari
2759 1166 3074 1221 certamine
3089 1168 3560 1244 devicti,suspen-

1953 1242 2045 1296 dio
2073 1244 2384 1313 perierunt.
2419 1248 2488 1301 Et
2524 1248 2935 1324 archiepiscopi
2981 1255 3115 1325 duo,
3158 1242 3557 1317 Erkanbaldus

1953 1340 2043 1374 ωτι
2070 1334 2217 1399 (911)
2252 1337 2309 1387 et
2332 1335 2497 1403 Gero,
2531 1340 2587 1391 et
2610 1340 2880 1395 Arnull‘us
2909 1345 3146 1401 antistes
3197 1364 3328 1404 cum
3351 1352 3554 1407 comti-

1950 1419 2055 1512 bus
2086 1420 2355 1512 Sigit‘rido
2373 1440 2438 1512 ac
2468 1426 2802 1483 Bernhardo
2823 1437 2916 1473 ηπ
2937 1434 3268 1507 caaterisque
3282 1438 3554 1512 principi-

1952 1508 2058 1564 bus
2080 1509 2243 1580 juxta
2264 1511 2494 1568 Mildam
2522 1515 2756 1571 ﬂuvium
2782 1522 3217 1590 quatuordecim
3248 1525 3368 1580 dies
3394 1508 3559 1583 sede-

1953 1596 2113 1665 bant,
2140 1599 2477 1656 Bolizlavum
2499 1620 2603 1674 per
2622 1604 3014 1663 internuntios
3034 1610 3244 1667 suimet
3273 1613 3346 1668 ad
3368 1615 3557 1671 Albim

1955 1687 2149 1741 venire
2162 1692 2433 1759 rogantes
2451 1691 2524 1745 ad
2545 1694 2895 1765 colloquium
2910 1713 2940 1751 a
2954 1714 3012 1752 se
3032 1699 3129 1754 diu
3148 1701 3557 1762 desideratum.

1958 1777 2026 1829 Et
2054 1776 2144 1830 hic
2174 1779 2311 1832 tunc
2335 1782 2460 1833 erat
2492 1781 2737 1837 Sciciani
2789 1783 2961 1856 (912),
3007 1791 3065 1842 et
3103 1793 3164 1843 ut
3208 1790 3561 1863 legationem

1964 1866 2194 1933 audivit,
2235 1883 2295 1922 se
2325 1868 2397 1922 ob
2429 1869 2699 1926 timorem
2730 1872 2982 1929 hostium
3008 1877 3220 1934 suimet
3247 1881 3345 1936 illo
3367 1883 3564 1937 venire

323 1955 411 2007 35.
446 1953 505 2023 (f.
545 1955 688 2025 164.)
717 1957 884 2010 Anno
911 1954 1229 2011 Dominicze
1262 1953 1864 2043 incarnationileH,
1885 1937 1936 1997 Β
1966 1956 2442 2012 dixitnullatenus
2458 1960 2771 2015 audere.Et
2784 1964 2971 2018 nuntii
2999 1965 3176 2032 τουτ’τί
3187 1970 3257 2036 εἰ,
3274 1969 3566 2043 inquiunt,

246 2043 521 2097 Kalendis
548 2044 803 2098 Januarii
835 2045 979 2099 Gero
1010 2044 1470 2116 archiepiscopus
1489 2045 1648 2115 jussu
1680 2042 1866 2114 impe-

249 2132 462 2187 ratoris
508 2132 903 2188 Bernhardum
970 2132 1367 2188 marchionem
1418 2131 1585 2186 nudis
1629 2131 1871 2204 pedibus

246 2221 724 2276 emendationem
741 2221 847 2276 sibi
864 2222 1299 2294 promittentem
1329 2223 1574 2295 suscepit
1602 2226 1658 2276 et
1682 2221 1874 2276 {eccle-

248 2311 352 2366 siae
367 2310 734 2382 presentavit,
750 2312 949 2365 solutis
968 2311 1240 2366 omnibus
1253 2312 1461 2367 bannis
1477 2313 1547 2367 ab
1560 2329 1627 2367 eo
1662 2313 1875 2385 inposi-

249 2400 323 2454 tis
355 2409 473 2454 m7.
508 2400 829 2471 Imperator
856 2418 889 2455 a
918 2400 1146 2467 Palithi,
1204 2401 1301 2455 ubi
1347 2402 1654 2456 celebravit
1678 2403 1871 2457 natale

247 2488 507 2555 Domini,
542 2489 735 2542 exiens
758 2497 871 2555 i668,
894 2489 954 2543 in
972 2489 1196 2543 Altstidi
1231 2490 1601 2561 epiphaniam
1634 2491 1867 2545 Domini

246 2577 652 2648 sollempniter
678 2578 922 2649 peregit,
948 2580 1004 2632 et
1042 2578 1100 2632 in
1132 2594 1292 2633 sacra
1323 2583 1488 2634 nocte
1520 2580 1723 2634 eadem
1771 2588 1867 2622 1669

248 2665 599 2719 Frithericus
631 2681 843 2733 comes,
877 2667 1061 2721 fidelis
1110 2666 1332 2722 Christo
1386 2671 1443 2722 et
1483 2668 1697 2722 seniori
1740 2684 1863 2736 suo,

249 2754 400 2809 obiit
428 2754 489 2807 in
520 2754 742 2808 civitate
772 2771 873 2809 sua
904 2756 1098 2827 Ilburg
1127 2756 1296 2811 dicta.
1346 2757 1444 2811 Hic
1475 2758 1611 2829 quia
1639 2758 1867 2830 sapiens

250 2847 382 2898 erat
411 2846 469 2897 et
492 2844 600 2898 sibi
648 2844 827 2898 finem
868 2845 1038 2915 hujus
1085 2845 1210 2900 vitae
1249 2847 1372 2917 jam
1405 2847 1866 2918 appropinquare

248 2933 549 3000 cernebat,
580 2933 894 3005 predictam
935 2933 1225 2988 civitatem
1265 2934 1456 2988 fratris
1482 2935 1691 2990 suimet
1718 2936 1866 3006 (910‘)

248 3021 397 3087 ﬁlio,
428 3021 666 3075 nomine
690 3021 1007 3089 'I‘hiedrico,
1059 3039 1127 3075 ea
1176 3022 1401 3077 racione
1428 3023 1603 3089 dedit,
1643 3028 1706 3077 ut
1735 3040 1867 3077 cum

250 3111 425 3165 laude
450 3125 569 3176 sua,
593 3109 729 3181 quia
770 3111 936 3165 heres
957 3110 1168 3164 suimet
1197 3110 1559 3165 fuitetaliter
1589 3111 1695 3165 hoc
1726 3111 1868 3183 legi-

1968 2047 2190 2100 sem'ores
2219 2049 2389 2100 nostri
2420 2047 2491 2101 ad
2527 2049 2737 2118 nigram
2769 2054 2985 2107 veniunt
3022 2051 3284 2124 Elstram,
3315 2060 3453 2131 quid
3474 2061 3569 2130 fa-

1973 2133 2091 2190 cis?
2120 2135 2188 2187 Et
2230 2134 2354 2189 ille:
2404 2135 2518 2190 Nec
2538 2145 2756 2208 pontem
2785 2140 2944 2207 hunc,
2979 2141 3126 2212 infit,
3150 2152 3405 2216 prelerzre
3431 2148 3569 2204 volo.

1972 2221 2199 2277 Talibus
2236 2223 2397 2277 dictis
2450 2224 2661 2278 reversi
2719 2231 2871 2293 sunt,
2918 2228 3284 2305 dominisque
3324 2243 3419 2279 1m
3449 2237 3572 2292 hinc

1976 2310 2175 2364 omnia
2186 2310 2535 2366 intimabant
2548 2311 2680 2369 suis.
2696 2314 3016 2386 Imperator
3026 2322 3220 2375 autem
3232 2323 3579 2394 purificatio-

1975 2414 2109 2453 nem
2136 2402 2345 2453 sanctaa
2368 2399 2467 2454 Dei
2508 2400 2802 2471 genitricis
2829 2405 3131 2463 nobiscum
3156 2410 3425 2467 celebrat.
3442 2414 3580 2470 Post

1970 2486 2119 2542 hanc
2136 2488 2386 2561 episcopi
2407 2492 2464 2542 et
2482 2489 2721 2544 comites
2740 2492 2814 2547 ob
2827 2497 3226 2569 contemptum
3242 2500 3502 2557 Bolizlavi
3515 2520 3577 2559 se

1968 2576 2219 2632 fallentis
2241 2576 2428 2631 tristes
2445 2578 2847 2646 adveniebant,
2861 2584 2920 2636 et
2938 2581 3302 2656 imperatoris
3317 2593 3578 2648 mentem

1969 2665 2180 2737 apertis
2211 2665 2594 2736 legationibus
2620 2666 2956 2725 incendunt.
2990 2672 3070 2726 lbi
3120 2677 3257 2730 tunc
3288 2676 3359 2731 de
3385 2677 3581 2736 futura

1971 2754 2331 2826 expeditione
2384 2757 2677 2824 tractatur,
2735 2760 2793 2811 et
2834 2758 3019 2814 fidelis
3060 2762 3300 2837 quisque
3331 2766 3404 2822 ad
3428 2767 3578 2823 banc

1968 2842 2265 2913 preparari
2294 2850 2387 2885 ωτι
2409 2848 2701 2918 monetur,
2729 2848 2787 2900 et
2816 2850 2878 2901 ut
2909 2849 3054 2903 ullus
3079 2850 3234 2906 intra
3254 2869 3358 2908 nos
3384 2858 3442 2910 et
3472 2873 3578 2929 pu-

1968 2930 2184 2984 blicum
2215 2932 2439 2986 hostem
2466 2932 2737 3005 deinceps
2760 2934 3083 2993 mitteretur
3106 2941 3340 2997 nuntius
3380 2944 3466 2999 vel
3486 2962 3580 2999 su-

1968 3017 2302 3088 sciperetur,
2336 3018 2584 3074 firmiter
2624 3022 2695 3076 ab
2730 3028 2972 3095 augusto
2998 3026 3056 3098 (f.
3091 3030 3211 3101 165)
3241 3032 3584 3102 prohibetur

1972 3113 2085 3165 mi,
2115 3110 2174 3160 et
2190 3106 2315 3178 quis
2333 3106 2440 3161 hoc
2456 3108 2733 3164 hactenus
2754 3128 2926 3183 agere
2946 3120 3581 3194 presumeret,diligen-

250 3199 402 3253 time
429 3197 553 3252 ﬁeri
582 3214 700 3252 non
724 3199 930 3270 potuit,
959 3199 1155 3253 liceret
1173 3198 1281 3253 sibi
1314 3198 1495 3253 tribus
1516 3199 1629 3252 suis
1646 3199 1870 3254 ﬁliabus
1892 3197 1941 3257 C
1973 3197 2062 3249 ter
2092 3193 2420 3265 inquiritur.

250 3286 526 3360 predium
556 3302 751 3354 omne,
793 3287 948 3359 quod
977 3287 1275 3355 remansit,
1308 3286 1553 3341 tradere.
1575 3288 1746 3358 Hujus
1777 3304 1872 3341 co-

248 3376 529 3433 mitatum
546 3378 781 3447 etsuper
794 3374 982 3429 Siusili
995 3392 1207 3447 pagum
1238 3378 1577 3448 potestatem
1601 3376 1695 3430 ille
1707 3376 1871 3431 'I‘hie-

252 3463 451 3518 dricus
497 3463 839 3533 inperatoris
886 3480 1127 3518 munere
1176 3467 1305 3535 post
1351 3472 1444 3505 ισσο
1480 3464 1743 3535 suscepit.
1779 3465 1866 3519 Fit

249 3552 518 3625 publicus
533 3551 861 3624 principum
879 3553 936 3606 in
949 3552 1173 3606 Altstidi
1195 3557 1509 3607 conventus
1531 3570 1544 3619 ;
1573 3553 1722 3607 inter
1734 3554 1867 3607 Ber-

254 3641 550 3697 nhardum
564 3641 961 3695 marchionem
974 3642 1450 3713 etpatruimemet
1463 3642 1607 3696 filios
1620 3641 1867 3713 litigium

254 3746 392 3785 cum
408 3728 819 3783 emendatione
836 3729 943 3784 sibi
957 3734 1187 3801 accepta
1202 3734 1256 3784 et
1261 3731 1530 3802 juramen
1541 3733 1594 3785 to
1613 3730 1871 3801 paciﬁca-

254 3822 383 3872 tum
398 3820 500 3871 est.
517 3816 1040 3871 Inter'l‘hiedricum
1058 3818 1372 3873 antistitem
1396 3822 1452 3873 et
1467 3819 1870 3875 Hirimannum

254 3905 540 3961 comitem
561 3904 885 3960 inimicicize
904 3906 1001 3960 diu
1018 3910 1250 3974 exortze,
1271 3911 1327 3960 et
1342 3907 1561 3975 odium,
1582 3908 1736 3980 quod
1750 3912 1874 3963 erat

254 3996 415 4050 inter
440 3993 834 4065 Eggihardum
867 3995 1271 4062 etconfratres,
1294 3996 1506 4050 Udonis
1522 3997 1669 4051 ﬂlios
1686 3996 1872 4051 senio-

255 4083 360 4151 ris,
390 4100 568 4155 usque
600 4082 660 4136 in
700 4083 904 4137 tercias
929 4083 1187 4138 Octobris
1202 4085 1593 4139 Kalendas!“o
1609 4084 1875 4156 abimpe-

254 4178 455 4228 ratore
502 4173 762 4227 sedatum
828 4177 931 4227 est.
979 4173 1060 4228 Ibi
1117 4174 1291 4228 etiam
1342 4174 1606 4246 promisit
1663 4172 1872 4227 Geroni

258 4260 693 4333 archiepiscopo
725 4262 1088 4316 Bernhardus
1121 4263 1376 4317 marchio
1407 4266 1510 4317 500
1541 4262 1765 4332 argenti
1788 4265 1871 4316 ta-
1910 4281 1913 4285 ·

257 4351 418 4406 lenta
443 4368 548 4422 pro
576 4350 811 4422 dampni
839 4351 1372 4423 recompensatione
1426 4351 1610 4405 inlati.
1644 4350 1874 4420 Optima

259 4456 506 4512 quasque
534 4439 850 4510 imperator
877 4439 955 4494 ibi
978 4440 1076 4495 diu
1101 4442 1465 4494 conversatus
1483 4437 1634 4496 fecit.
1664 4438 1875 4509 Fitpax

2038 3284 2124 3336 37.
2160 3282 2373 3336 Dehinc
2397 3283 2710 3355 imperator
2726 3304 2761 3341 a
2779 3289 2945 3345 nobis
2958 3292 3345 3365 proficiscens,
3381 3299 3454 3355 ad
3465 3302 3584 3357 Ma-

1971 3370 2270 3441 gadaburg
2300 3372 2456 3426 venit
2483 3374 2598 3445 (an.
2636 3377 2792 3443 1017,
2818 3376 2982 3434 Febr.
3009 3380 3082 3450 9),
3113 3399 3331 3455 magno
3366 3387 3587 3448 ibidem

1971 3465 2261 3530 susceptus
2294 3460 2533 3515 honore.
2560 3464 2797 3518 Postera
2816 3465 2964 3534 luce,
2993 3467 3052 3523 id
3074 3473 3160 3525 est
3185 3472 3481 3531 dominica
3500 3477 3592 3535 die

1972 3545 2152 3618 (Febr.
2192 3548 2441 3619 l0),quia
2469 3551 2891 3623 septuagesima
2909 3557 3044 3611 tunc
3066 3556 3590 3629 instabat,carnem

1972 3635 2237 3707 deposuit
2273 3640 2416 3706 913).
2446 3638 2514 3691 Et
2536 3638 2595 3691 in
2626 3643 2659 3696 2
2686 3640 2835 3695 feria
2867 3640 3044 3713 (Febr.
3082 3648 3165 3717 12)
3206 3649 3589 3722 archiepisco-

1971 3739 2076 3795 pus
2106 3725 2387 3797 capellam
2420 3727 2957 3798 septemtrionalem
2985 3731 3299 3805 benedixit,
3319 3745 3590 3811 presente

1972 3812 2341 3884 imperatore.
2366 3816 2429 3869 In
2456 3815 2722 3887 proxima
2739 3819 2934 3873 autem
2955 3818 3047 3874 die
3071 3821 3589 3886 oriturcommocio

1971 3901 2123 3957 inter
2140 3902 2324 3958 socios
2338 3904 2769 3959 archiantistitis
2790 3909 2847 3960 et
2868 3908 3188 3966 Bernhardi
3207 3915 3579 3987 marchionis,

1974 4006 2101 4062 quae
2133 3991 2254 4046 sine
2276 3992 2531 4064 periculo
2558 3993 2789 4048 sedatur
2810 3997 2867 4049 et
2894 3996 3163 4070 episcopo
3186 3999 3503 4060 honoriﬁce
3520 4007 3587 4062 Il-

1974 4078 2150 4133 nitur.
2180 4080 2545 4135 Conveniunt
2563 4081 2779 4138 ibidem
2804 4083 3591 4165 furesjussuimperatoris,et

1974 4183 2009 4221 a
2036 4169 2546 4239 congredientibus
2562 4171 2786 4240 devicti,
2819 4173 3026 4246 laqueo
3058 4177 3387 4236 traduntur.
3418 4182 3590 4240 Multa

1973 4256 2215 4310 salutem
2245 4258 2447 4326 patria:
2474 4260 2821 4332 respicentia
2848 4254 3067 4319 ibidem
3099 4265 3401 4325 finiuntur.
3447 4273 3588 4329 Inde

1972 4344 2277 4399 Gunterius
2308 4353 2402 4388 im
2433 4363 2742 4404 conversus
2771 4366 2941 4406 causa
2960 4352 3226 4410 Liuticios
3246 4358 3586 4429 predicandi

1975 4433 2075 4488 ivit
2106 4441 2199 4475 m7
2231 4435 2404 4505 (914).
2431 4434 2545 4490 Sed
2572 4452 2703 4492 cum
2721 4454 2831 4510 ego
2854 4441 3037 4496 multa
3059 4460 3192 4516 sepe
3214 4449 3445 4517 questus
3474 4448 3586 4506 sim

261 4527 417 4582 inter
448 4528 843 4583 Gevehardum
864 4529 1362 4583 etWillehelmum
1390 4528 1648 4582 comites.
1678 4527 1871 4582 Nuntii
1898 4542 1952 4602 D
1977 4520 2311 4594 imperatori
2344 4521 2413 4575 de
2446 4526 2609 4593 parte
2636 4525 2877 4581 meimet
2899 4531 3214 4599 parrochiae
3236 4533 3308 4590 ab
3329 4536 3587 4593 aacclesia

262 4614 335 4669 de
368 4616 528 4670 Italia
554 4615 970 4670 hucvenientes
982 4615 1386 4687 gratulabundi
1404 4615 1588 4670 adsua
1607 4615 1869 4671 redeunt.

262 4705 378 4760 Iter
406 4704 772 4776 imperatoris
800 4721 864 4759 ac
916 4705 1272 4760 occidentem
1299 4704 1636 4777 dispositum
1670 4706 1743 4760 ob
1769 4703 1872 4761 vim

262 4793 633 4865 asperitatem
658 4793 898 4849 dilatum
928 4795 1032 4850 est.
1072 4794 1130 4864 (f.
1182 4793 1315 4867 164’)
1371 4795 1689 4866 Imperator
1740 4794 1869 4862 hoc,

1972 4610 2237 4667 Misnensi
2270 4609 2480 4699 injuste
2506 4611 2696 4667 ablata
2713 4617 2770 4667 et
2792 4616 3015 4688 scriptis
3034 4620 3317 4691 restituta,
3335 4640 3584 4699 cumque

1973 4700 2128 4755 bona
2156 4699 2289 4753 inde
2320 4697 2463 4753 mihi
2511 4699 2811 4769 profutura
2855 4720 3172 4778 sperarem,
3206 4709 3373 4767 aliter
3406 4697 3584 4786 quam

1971 4792 2128 4845 ratus
2165 4788 2275 4844 sim
2306 4788 2413 4843 hoc
2458 4786 2687 4844 evenire
2731 4794 3173 4862 cognoscebam.
3218 4800 3477 4875 Namque
3519 4802 3581 4861 in

1588 4938 1819 4996 VARUE
1867 4935 2264 4996 LECTIONES.

340 5076 437 5113 ιω
466 5058 684 5123 diviciis
712 5069 797 5120 la.
876 5071 969 5107 ποθι

267 5139 531 5214 inpositis
722 5137 805 5214 1

1001 5078 1140 5135 quas
1178 5064 1226 5117 1.

268 5316 338 5328 -
373 5283 475 5341 ivit
500 5281 631 5338 add.
666 5278 750 5337 lb.

1339 5069 1433 5105 im
1454 5059 1513 5116 in
1544 5061 1653 5116 hoc
1682 5060 1807 5118 add.
1844 5060 1927 5116 lb.

920 5125 1275 5206 toﬂ‘exigens
1302 5137 1368 5206 l._
1430 5141 1523 5176 ισοο
1554 5132 1678 5188 add.
1713 5132 1797 5188 lb.
1875 5140 1969 5174 167°
1994 5130 2109 5185 clas
2139 5132 2251 5183 oet.
2285 5128 2367 5206 kl._
2398 5125 2753 5206 _i_n_"loco.raso
2892 5198 2904 5206 _
2948 5135 3042 5171 1m
3083 5131 3458 5194 erkinbaldus
3491 5146 3577 5197 la.

268 5197 362 5258 ιέὗ
389 5227 456 5266 ac
484 5212 543 5266 b.
570 5208 697 5265 add.
730 5207 814 5267 lb.
892 5215 987 5250 1m
1012 5197 1277 5277 que'add.
1317 5204 1400 5260 lb.
1482 5212 1577 5247 ωτι
1611 5219 1920 5277 preparare
1956 5207 2041 5258 la.
2119 5209 2214 5244 ιστῑ
2244 5197 2573 5270 prohibitur
2608 5200 2659 5253 1.

2022 5066 2115 5101 isse
2153 5059 2230 5113 ita
2266 5056 2337 5112 Α.
2369 5053 2432 5112 S.
2467 5053 2874 5128 prestobantur
2897 5060 2947 5115 1.
3038 5066 3134 5101 1⁸⁸⁷
3171 5061 3315 5119 mill.
3346 5065 3481 5125 XVII
3510 5099 3579 5112 -

2765 5205 2860 5241 ms
2889 5198 2908 5254 ί
2937 5215 3146 5255 erasum
3175 5206 3223 5257 ί,
3301 5213 3396 5248 wn
3437 5209 3578 5268 [nde

1833 5344 2061 5405 ΝΟΤᾹΞ.

362 5538 491 5612 910)
525 5544 617 5599 Sc.
638 5541 776 5596 Dedi
806 5541 877 5595 de
903 5555 1016 5612 quo
1047 5555 1099 5595 v.
1132 5552 1301 5611 supra
1323 5538 1362 5607 l,
1385 5552 1457 5592 vr.
1487 5553 1536 5591 c.
1563 5540 1651 5605 33,
1682 5553 1768 5608 sq.

367 5611 495 5673 911)
518 5611 906 5673 Moguntinus.

286 5701 296 5710 -
344 5688 497 5759 (912)

362 5472 492 5532 909)
517 5467 977 5528 Monasteriensis
1016 5465 1149 5523 add.
1208 5469 1359 5523 Ann.
1412 5465 1602 5521 Saxo..
1633 5482 1684 5521 a.
1722 5469 1876 5523 1017.

362 5477 467 5532 909
517 5476 970 5528 Monasteriensis

362 5476 495 5687 91οξ
525 5544 617 5599 Sc.
638 5541 776 5596 Dedi
806 5541 877 5595 de
903 5556 970 5612 qu

367 5618 467 5673 911
518 5614 606 5669 M0
690 5611 906 5667 ntinus.

370 5688 497 5759 912)
521 5684 585 5741 ν.
611 5628 767 5751 inv},
797 5698 847 5737 c.
877 5684 970 5738 45.

373 5759 504 5832 913)
555 5754 600 5817 I.
653 5770 706 5810 θ.
755 5768 929 5812 carne

1979 5465 2196 5612 Ἧῗίμ)
2226 5533 2392 5612 Con_f_.
2426 5532 2922 5612 Vit_am___Gnnteri_i
2970 5537 3123 5612 apud
3170 5539 3465 5603 Canisium
3523 5548 3589 5612 in

1978 5604 2233 5665 Lection.
2271 5604 2459 5681 antiq.
2498 5608 2539 5681 t_.
2595 5606 2797 5681 ωλι).
2857 5604 3094 5667 185-189
3147 5615 3205 5668 et
3246 5612 3387 5672 actis
3439 5604 3591 5678 Sari:

1976 5682 2202 5759 ctprum
2249 5677 2323 5735 ad
2368 5676 2567 5735 octob.
2592 5679 2644 5735 9.
2703 5676 2845 5739 Item
2902 5682 3056 5740 Ann.
3112 5683 3270 5759 Sax.,
3316 5703 3372 5750 a.
3422 5676 3562 5756 10οἱ

373 5749 504 5837 913')
555 5754 600 5817 Ι,
653 5770 706 5810 e.
754 5749 929 5812 Carne
975 5749 1122 5809 vesci
1168 5749 1356 5824 desiit,
1402 5751 1672 5828 jejunare
1711 5749 1882 5830 coepit
1980 5752 2140 5812 1008.
