3900 6216
405 475 535 536 1391
1394 461 1767 522 THIETMARI
1796 461 2110 524 EPISCOPI
2143 456 2755 526 MEBSEBURGENSIS
3587 473 3715 533 {392

399 593 670 650 cathedra
692 591 874 649 sancti
895 589 1070 657 Petri,
1103 605 1230 662 qua:
1277 591 1362 643 est
1409 589 1440 641 8
1473 584 1758 641 Kalendas
1796 583 2087 652 Marcii,'A
2110 583 2432 643 necessaria
2460 584 2821 659 disputantur
2847 587 3010 660 (91⁸7).
3048 585 3374 662 Imperator
3410 590 3552 648 inde
3596 611 3718 666 pro-

399 699 530 738 cum
546 682 1097 753 sederetimperator
1113 678 1471 749 etpresentes
1484 671 1732 747 episcopi
1746 673 2011 728 adessent
2108 691 2357 746 gressus,
2390 675 2499 730 hoc
2529 676 2770 744 malum,
2800 676 2957 748 quod
2997 675 3240 749 predixi,
3272 678 3549 753 primitus
3573 699 3722 738 com-

399 771 565 838 Gero,
600 769 980 835 Meinwercus,
1032 765 1196 835 Wigo
1247 768 1304 818 et
1350 763 1545 818 Ericus
1586 765 1645 817 et
1676 761 2006 829 Eilwardus,

397 859 612 913 surrexi
627 861 683 912 et
694 854 1172 912 lamentationem
1187 869 1379 908 meam
1391 851 1680 906 feci.Tunc
1693 849 2007 922 imperator

397 952 454 1004 et
488 945 907 1012 archiantistes,
931 960 964 1000 a
989 942 1196 1015 quibus
1241 941 1544 1012 sperabam
1568 938 1865 1004 auxilium,
1884 938 2003 1008 jus-

395 1039 592 1090 serunt
623 1033 788 1100 mihi,
821 1033 969 1087 Deus
997 1031 1101 1084 scit
1129 1029 1326 1095 invito,
1359 1028 1456 1100 qui
1475 1027 1583 1082 hiis
1605 1027 1869 1081 resistere
1886 1042 2004 1079 non

392 1121 749 1196 praesumpsi,
784 1124 845 1176 ut
862 1118 1228 1192 parrochiam
1259 1118 1318 1171 in
1342 1115 1606 1172 orientali
1626 1118 1785 1187 parte
1821 1114 2003 1168 Mildae

395 1211 651 1266 fluminis
673 1211 992 1282 jacentem,
1030 1207 1085 1261 id
1113 1211 1197 1260 est
1227 1206 1284 1260 in
1313 1203 1661 1276 burgwardis
1694 1211 1788 1245 N78
1806 1201 2003 1257 Bichni

394 1305 451 1356 et
478 1300 686 1354 Vurcin
707 1297 983 1353 Eilwardo
1005 1294 1404 1362 concederem,
1423 1298 1481 1348 et
1503 1309 1677 1364 quam
1705 1292 1798 1346 ille
1827 1291 1883 1344 in
1909 1308 2000 1345 oc-

391 1388 666 1444 cidentati
698 1387 822 1458 ripa
868 1389 1002 1439 tunc
1052 1392 1144 1426 im
1199 1385 1440 1448 teneret,
1474 1382 1538 1453 (f.
1576 1381 1698 1451 165)
1721 1381 1862 1436 mihi
1895 1381 2002 1436 hoc

397 1491 716 1548 numquam
733 1472 1078 1528 desideranti
1097 1471 1468 1542 relinqueret.
1504 1470 1564 1524 Id
1597 1468 2002 1525 concambium

395 1564 612 1620 baculis
636 1561 991 1616 firmavimus
1019 1560 1250 1614 mutuis.
1281 1559 1786 1613 Testiﬁcorcoram
1810 1559 1924 1612 Deo
1947 1561 2004 1611 et

397 1652 670 1709 omnibus
697 1650 904 1704 sanctis
926 1649 1066 1719 ejus,
1100 1649 1156 1702 id
1189 1646 1342 1719 quod
1366 1646 1658 1701 residuum
1688 1646 1816 1712 fuit,
1867 1649 2002 1700 tunc

398 1741 556 1795 nullo
585 1739 758 1794 modo
791 1736 1091 1809 dereliqui.
1121 1735 1290 1791 Jussit
1318 1751 1544 1806 quoque
1563 1735 1901 1806 imperator,
1945 1737 2006 1788 ut

397 1829 556 1883 villas
587 1837 680 1870 1680
709 1831 841 1894 tres;
874 1843 1000 1898 quae
1054 1825 1157 1879 sub
1205 1824 1480 1896 praedicto
1540 1828 1708 1878 erant
1737 1824 2003 1895 episcopo

2108 762 2358 832 periens,
2393 755 2464 820 de
2502 763 2693 818 futura
2725 765 3168 836 perturbacione
3198 767 3476 826 sollicitus
3501 771 3632 826 fuit.
3664 773 3721 826 In

2105 849 2200 906 illo
2225 851 2441 906 vernali
2479 855 2745 922 tempore
2792 857 2850 908 et
2892 853 2953 908 in
2998 855 3316 911 Bernhardi
3373 859 3722 915 marchionis

2103 940 2389 1010 potestate
2415 939 2670 995 nascitur
2699 940 2817 994 ovis
2845 958 2978 996 cum
3024 945 3055 995 5
3099 943 3380 999 cruribus.
3414 947 3478 1002 In
3528 963 3721 1004 mense

2102 1025 2281 1098 Aprili
2301 1031 2360 1082 et
2391 1030 2447 1104 6.
2481 1027 2612 1082 ldus
2641 1029 2889 1099 ejusdem
2921 1046 3049 1085 cum
3064 1031 3192 1101 jam
3213 1032 3617 1104 plenalunium
3638 1053 3721 1092 es-

2100 1095 2208 1181 set,
2241 1115 2379 1170 luna
2406 1095 2448 1170 θ)
2471 1095 2802 1170 multis-visa
2830 1120 2914 1172 est
2963 1120 3025 1173 ut
3055 1095 3231 1174 nova-
3251 1127 3368 1188 “9°,
3417 1121 3567 1178 hora
3615 1124 3724 1180 diei

2103 1202 2281 1256 tercia
2296 1203 2394 1257 diu
2411 1203 2652 1258 rutilans
2675 1213 2790 1259 “91.
2808 1205 3064 1276 Palmas(
3074 1209 3207 1278 Apr.
3231 1211 3322 1272 44)
3349 1225 3449 1263 rex
3472 1212 3725 1268 celebrat

2101 1289 2394 1360 Magoncia
2433 1300 2528 1334 tm
2579 1296 2635 1346 et
2665 1293 2722 1346 in
2769 1294 3110 1366 Ingilnenen
3157 1296 3394 1368 pascha,
3435 1302 3495 1352 et
3539 1299 3600 1353 in
3637 1299 3724 1355 his

2103 1379 2359 1449 partibus
2390 1380 2573 1452 magis
2594 1382 2910 1436 honoriﬁce
2944 1399 3008 1438 ac
3036 1386 3373 1455 potestative
3398 1403 3722 1460 numquam

2102 1467 2211 1521 fuit
2240 1475 2349 1520 im.
2386 1469 2453 1522 Et
2477 1469 2612 1540 quia
2641 1469 2714 1523 ob
2746 1473 2970 1525 tantam
3007 1473 3506 1545 sollempnitatem
3562 1476 3720 1547 (Apr.

2103 1560 2162 1611 21
2175 1556 2191 1626 )
2205 1556 2456 1611 maxima
2469 1557 2683 1612 ibidem
2698 1557 2853 1613 finiri
2879 1568 2973 1602 ποθι
2986 1577 3103 1615 non
3117 1565 3407 1632 poterant,
3421 1563 3496 1618 ad
3507 1566 3724 1635 Aquas-

2103 1643 2268 1715 grani
2300 1645 2534 1715 ponitur
2563 1649 2896 1714 conventus,
2927 1650 2985 1702 et
3014 1653 3151 1703 tunc
3187 1650 3302 1705 illic
3323 1667 3456 1706 cum
3485 1653 3724 1708 consilio

2104 1731 2386 1787 Heriberti
2418 1733 2815 1806 archipresulis
2837 1735 3202 1792 Thiedricum
3235 1739 3553 1794 Metensem
3608 1741 3725 1813 epi-

2105 1838 2340 1892 scopum
2359 1826 2417 1876 et
2436 1823 2763 1902 Heiqricum
2784 1823 2838 1877 fr
2852 1828 3024 1879 itrem
3047 1826 3095 1898 ej
3108 1843 3169 1880 us
3197 1827 3463 1898 placavit.
3508 1829 3728 1901 Regina

398 1917 770 1972 Hirimaunus
793 1914 1048 1969 marchio
1089 1916 1187 1968 aut
1212 1913 1474 1968 Misneusi
1504 1913 1771 1967 mcclesiae
1817 1929 2005 1968 sacra-
2039 1904 2300 1965 Bautem
2332 1918 2424 1952 im
2449 1927 2484 1964 a
2507 1911 2968 1968 Froncanavordi
2991 1930 3026 1968 a
3043 1930 3237 1969 cesare
3251 1915 3574 1979 discedens,
3595 1933 3727 1972 cum

373 2004 598 2061 'mento
627 2005 902 2059 retineret
939 2007 1036 2057 aut
1067 2002 1208 2057 mihi
1229 2002 1515 2056 redderet.

473 2095 557 2148 38.
587 2093 803 2148 Eodem
832 2091 924 2147 die
961 2092 1281 2162 imperator
1297 2094 1353 2145 et
1372 2089 1703 2145 contectalis
1719 2107 1819 2145 sua
1847 2108 1881 2145 a
1907 2091 2008 2146 Ge-

400 2198 544 2236 rone
576 2181 1002 2254 archiepiscopo
1029 2179 1261 2250 magnis
1275 2180 1634 2234 honorantur
1647 2179 2002 2235 muneribus.

399 2271 776 2344 Crastinoque
807 2278 898 2312 “81
933 2268 1110 2342 (Febr.
1137 2268 1225 2338 24)
1282 2267 1417 2322 inde
1468 2271 1794 2339 pergentes,
1833 2268 2008 2323 tercia

399 2360 512 2429 die,
541 2360 599 2416 id
623 2364 710 2415 est
737 2359 1047 2425 dominica,
1080 2357 1150 2412 ad
1204 2357 1540 2411 Halverstidi
1591 2360 2004 2428 pervenerunt;

400 2463 544 2520 quos
566 2446 644 2501 ibi
666 2445 936 2500 Arnulfus
959 2444 1147 2515 presul
1171 2443 1479 2514 magnifice
1501 2442 1767 2512 suscepit,
1791 2446 1848 2496 et
1869 2444 2009 2498 duas

401 2539 599 2590 noctes
629 2551 820 2588 secum
849 2541 943 2574 ηπ
970 2532 1197 2596 habuit;
1223 2534 1249 2584 '3
1271 2531 1414 2585 feria
1435 2531 1508 2584 ad
1530 2530 2010 2602 Quidiliugeburg

399 2621 664 2694 profecti,
697 2621 768 2675 ab
785 2619 1088 2675 Ethelhida
1113 2618 1422 2673 venerabili
1443 2619 1730 2673 abbatissa
1753 2636 1869 2674 non
1899 2620 2006 2674 mi-

403 2709 531 2764 nori
565 2707 751 2780 gloria
779 2711 1079 2762 ornantur.
1115 2707 1333 2770 Quarta
1372 2706 1464 2760 die
1503 2709 1919 2763 monasterium
1945 2708 2006 2762 in

403 2795 742 2850 occidentali
770 2798 972 2850 monte
1003 2793 1177 2848 situm
1220 2802 1334 2860 “7°,
1393 2794 1487 2848 ubi
1535 2811 1743 2866 sponso
1795 2795 2006 2851 caelesti

400 2883 870 2940 sanctimoniales
901 2881 1239 2938 monachico
1273 2891 1364 2925 ηδε
1389 2879 1590 2937 habitu
1631 2883 1900 2952 serviunt,
1934 2885 2007 2939 ab

396 2971 636 3027 Arnulfo
669 2971 922 3025 antistite
948 2972 1215 3042 presente
1251 2973 1492 3041 augusto
1515 2971 1842 3027 dedicatum
1863 2976 1948 3027 est
1975 2975 2006 3026 3

397 3060 686 3116 Kalendas
699 3059 886 3114 Marcii
909 3060 959 3130 (9
972 3061 986 3112 t
999 3059 1076 3130 ὅ),
1097 3058 1404 3113 auxiliante
1419 3075 1550 3113 eum
1569 3060 1640 3114 ad
1662 3060 1768 3115 hoc
1783 3062 2006 3116 Gerone

2105 1999 2178 2054 ad
2192 1999 2505 2072 locum,qui
2520 2002 2839 2073 Capungun
2854 2002 3080 2072 dicitur,
3104 2004 3347 2072 veniret,
3368 2005 3725 2072 inﬁrmatur,

2106 2091 2164 2142 et
2209 2087 2286 2142 ibi
2315 2091 2451 2142 tunc
2482 2089 2597 2144 Deo
2627 2091 2914 2160 promisit,
2957 2107 3016 2145 se
3046 2091 3120 2146 ad
3143 2092 3379 2147 laudem
3405 2094 3532 2164 ejus
3547 2112 3727 2150 unum

2105 2175 2383 2230 facturam
2407 2178 2825 2233 monasterium
2850 2187 2962 2233 ιοοσ.
2993 2179 3104 2235 Sed
3126 2181 3283 2253 quod
3321 2181 3617 2238 interhaec
3639 2199 3726 2238 ac-

2105 2263 2262 2329 cidit,
2286 2263 2395 2318 hiis
2423 2265 2649 2320 adnecti
2683 2274 2774 2308 1°97
2803 2267 2958 2322 haud
2984 2267 3372 2342 incongruum
3403 2273 3512 2325 est.

2176 2355 2272 2411 40.
2330 2353 2391 2406 In
2438 2354 2578 2407 urbe
2615 2354 3166 2426 Parthenopolitana
3212 2357 3340 2412 duae
3389 2374 3728 2416 consorores

2109 2439 2290 2509 fuere,
2323 2458 2568 2513 quarum
2606 2441 2767 2514 prior
2793 2444 3015 2499 Alwred
3057 2447 3116 2499 et
3149 2445 3350 2516 junior
3400 2447 3727 2520 Irmingerd

2111 2529 2424 2587 dicebatur.
2454 2531 2654 2585 Ambae
2684 2531 2999 2588 admodum
3017 2533 3080 2596 (f.
3108 2535 3228 2606 166)
3249 2535 3562 2591 laudabilis
3583 2537 3725 2598 vite,

2111 2635 2227 2673 non
2260 2635 2386 2674 cum
2403 2619 3166 2676 czeterissanctimonialibus
3187 2625 3612 2692 conversando,
3633 2625 3726 2680 sed

2107 2707 2476 2778 singulariter
2511 2708 2570 2762 in
2601 2708 2873 2776 (ecclesia,
2907 2727 3035 2783 quae
3083 2711 3354 2766 Rotunda
3409 2713 3723 2780 dicebatur,

2109 2793 2329 2848 Christo
2343 2795 2391 2865 ej
2404 2812 2578 2867 usque
2591 2795 2810 2851 dilecta1
2823 2797 3086 2868 genitrici
3100 2799 3362 2854 sedulum
3381 2801 3726 2857 exhibebant

2107 2883 2468 2956 obsequium.
2502 2884 2704 2939 Iunior
2720 2888 2913 2940 autem
2936 2887 3288 2942 exteriorum
3324 2889 3528 2944 lumen
3548 2891 3727 2946 oculo-

2107 2988 2236 3028 rum
2251 2971 2520 3044 perdens,
2550 2973 2811 3028 interiori
2825 2973 2960 3030 acia:
2973 2975 3389 3032 eternofruitur
3400 2977 3722 3050 splendore,

2109 3064 2168 3114 et
2207 3077 2323 3114 non
2355 3061 2526 3131 longe
2559 3065 2688 3132 post
2713 3062 2786 3116 ad
2815 3062 3064 3133 patriam
3103 3079 3336 3136 semper
3386 3069 3648 3138 optatam
3695 3068 3722 3120 6

397 3147 829 3218 archiepiscopo
860 3147 1196 3218 caeterisque
1235 3147 1620 3201 confratrihus
1654 3147 1838 3220 (Febr.
1892 3147 2005 3219 27).
2039 3164 2087 3224 α
2109 3148 2236 3203 Idus
2254 3148 2545 3204 Februarii
2563 3149 2809 3204 transiit.
2836 3151 3009 3223 Hujus
3045 3152 3241 3208 senior
3259 3170 3550 3225 germana
3575 3155 3725 3227 nepti

399 3236 483 3292 lbi
513 3239 650 3290 tunc
698 3235 1020 3307 imperatur
1049 3236 1330 3290 talentum
1363 3235 1486 3290 auri
1515 3235 1673 3290 dedit
1700 3236 1773 3291 ad
1805 3237 2003 3290 altare.

399 3323 541 3380 Inde
578 3327 715 3378 tunc
743 3325 1015 3395 percepta
1048 3340 1083 3377 a
1112 3326 1283 3394 nepte
1313 3341 1414 3378 sua
1438 3324 1674 3380 caritate
1705 3341 1920 3396 magna
1935 3325 2009 3380 ad

399 3411 745 3468 Goslerriam
767 3419 860 3454 1688
885 3411 1128 3466 tendens
1148 3420 1241 3453 ίοειι
1259 3412 1470 3479 villam,
1487 3412 1703 3467 ibidem
1721 3416 1754 3468 4
1774 3413 2012 3468 sedebat

397 3500 747 3556 ebdomadas
777 3507 899 3568 1m;
938 3501 1084 3555 hanc
1114 3500 1271 3555 enim
1305 3504 1438 3556 tunc
1478 3501 1724 3555 multum
1767 3502 2012 3557 excoluit

399 3598 514 3644 Im.
556 3591 625 3644 Et
663 3589 797 3660 quia
830 3592 962 3644 tunc
989 3589 1444 3662 Quadragesima
1471 3589 1600 3657 fuit,
1633 3606 1760 3660 qum
1788 3590 2010 3644 Christo

400 3679 747 3752 oportebant
766 3681 824 3732 et
843 3678 1032 3732 seculo
1055 3677 1113 3732 in
1129 3677 1324 3731 multis
1339 3678 1658 3732 necessaria
1671 3681 1858 3744 erant,
1874 3693 2010 3748 ope-

397 3765 516 3821 rari
530 3766 765 3822 studuit.
795 3767 927 3820 Post
937 3766 1058 3820 hinc
1073 3764 1389 3831 Bertoldus,
1408 3764 1680 3818 Liutharii
1694 3764 1864 3835 filius,
1879 3782 2012 3820 cum

402 3855 519 3910 suis
557 3855 876 3910 fautoribus
916 3854 1120 3909 urbem
1171 3853 1444 3907 Munnam
1493 3852 1763 3908 Kalendis
1802 3855 2015 3926 Aprilis

403 3943 685 4000 conducto
720 3941 953 3997 custode
1001 3940 1248 3994 diluculo
1271 3939 1427 4010 (Apr.
1456 3943 1475 3994 1
1511 3940 1732 3995 intrans
1764 3941 1826 4014 (ἰ.
1865 3942 2012 4014 166),

405 4030 730 4085 Baldricum
766 4037 881 4095 ηπ,
905 4027 1235 4098 Wigmanni
1264 4028 1492 4083 comitis
1513 4029 1775 4084 inclitum
1807 4031 2017 4086 satelli-

409 4123 552 4184 tem,
583 4133 716 4171 cum
744 4115 1024 4170 consociis
1050 4115 1148 4170 diu
1178 4121 1626 4188 repugnantem,
1659 4119 1889 4188 occidit,
1932 4120 2014 4176 vi-

409 4208 646 4275 ctorque
675 4203 885 4257 insedit
909 4205 1074 4274 (916).

486 4295 574 4348 39.
600 4290 787 4346 Pridie
805 4307 913 4364 ego
931 4293 1004 4347 ad
1025 4292 1187 4347 Misni
1212 4293 1462 4365 presidio
1485 4295 1807 4352 veniebam.
1825 4299 1888 4352 In
1908 4297 2018 4353 hac

416 4379 742 4436 ebdomada
773 4387 864 4422 ηδτ
888 4380 1176 4456 principes
1211 4383 1391 4438 nostri
1451 4385 1641 4440 edictu
1689 4386 1898 4442 cesaris
1945 4387 2018 4442 ad

2106 3257 2222 3294 suae
2250 3238 2446 3294 innixa
2479 3247 2572 3280 ίοοδ
2604 3238 3041 3308 Fritherunw,et
3069 3241 3274 3298 crebro
3306 3243 3536 3299 amissaa
3573 3260 3722 3300 soro-

2107 3327 2184 3382 ris
2211 3331 2269 3383 et
2295 3326 2532 3381 assidua:
2570 3327 2922 3383 infirmitatis
2951 3328 3150 3385 dolore
3181 3330 3478 3400 deﬁciens,
3508 3333 3588 3387 nil
3624 3331 3722 3392 nisi

2113 3417 2178 3470 14
2203 3416 2558 3471 ebdomadas
2588 3419 2647 3471 et
2695 3420 2810 3472 tres
2859 3417 2977 3473 dies
3030 3419 3341 3492 supervixit
3383 3423 3554 3492 (918).
3603 3423 3724 3476 Haec

2109 3504 2296 3578 pridie
2329 3513 2422 3547 1°99
2451 3521 2627 3576 quam
2648 3505 2836 3560 carnis
2873 3505 3132 3562 debitum
3153 3509 3514 3579 persolveret
3542 3509 3600 3565 in
3631 3527 3723 3564 ex-

2109 3611 2268 3649 cessu
2303 3593 2516 3651 mentis
2557 3593 2780 3662 effecta,
2835 3595 2894 3650 in
2953 3597 3308 3668 presentiam
3367 3602 3582 3655 sancta:
3629 3597 3721 3654 Dei

2110 3682 2400 3754 genitricis
2417 3683 2608 3738 delata
2629 3687 2732 3751 est,
2765 3683 2863 3739 ubi
2887 3685 3247 3758 Taginonem
3279 3690 3339 3742 et
3367 3687 3714 3744 Walterdum

2112 3771 2570 3843 archiepiscopos
2619 3775 2678 3826 et
2725 3772 2958 3828 Eidum
2995 3775 3286 3846 presulem
3326 3775 3713 3832 venerandum

2111 3875 2326 3931 magno
2354 3860 2608 3915 lucentes
2638 3861 2857 3916 honore
2902 3861 3008 3916 sibi
3056 3862 3360 3935 indulgere
3387 3863 3715 3936 promeruit.

2115 3947 2393 4019 Cognovit
2422 3965 2650 4020 quoque
2681 3949 2896 4004 ibidem
2919 3953 3258 4006 materteras
3273 3952 3515 4008 Geronis
3544 3951 3718 4008 archi-

2114 4035 2741 4108 episcopi,Mirisuidam
2768 4054 2832 4092 ac
2861 4038 3190 4094 Emnildam
3222 4043 3368 4109 (919)
3394 4043 3453 4095 et
3475 4040 3717 4096 Eddilam

2115 4131 2210 4166 ιτοο
2225 4123 2486 4192 nomine,
2500 4141 2628 4197 quae
2651 4125 2949 4180 abbaciam
2971 4127 3307 4198 relinquens
3318 4145 3505 4198 suam,
3526 4125 3719 4184 Christi

2115 4227 2315 4266 amore
2338 4211 2500 4284 juxta
2528 4213 2946 4268 monasterium
2987 4214 3238 4270 doctoris
3279 4216 3541 4288 gentium
3569 4215 3718 4270 Pauli

2117 4301 2315 4355 Romae
2346 4299 2674 4368 includitur,
2700 4304 2758 4356 et
2795 4301 2990 4371 aliam,
3018 4319 3146 4374 quae.
3163 4303 3289 4360 Odd
3308 4313 3401 4346 ’τοι
3417 4304 3716 4368 dicebatur,

2118 4404 2323 4444 omnes
2351 4388 2494 4444 illud
2532 4390 2962 4464 spalmographi
2997 4399 3302 4449 canentes:
3351 4392 3575 4450 Placebo
3609 4391 3719 4448 Do-

418 4469 633 4527 Gosleri
663 4470 1030 4539 conveniunt,
1061 4471 1258 4544 ibique
1312 4479 1406 4514 1m
1455 4476 1589 4528 tunc
1618 4475 1894 4531 avunculo
1925 4485 2018 4520 1689
2041 4491 2094 4552 D
2117 4479 2281 4544 mino,
2331 4479 2389 4532 in
2427 4479 2638 4550 regione
2665 4481 2907 4534 vivorum
2938 4487 3032 4522 "0!
3065 4479 3237 4551 (Psal.
3279 4481 3466 4553 cxiv,).
3494 4478 3716 4535 Interim

419 4559 660 4615 meimet
705 4557 977 4630 Sigifrido
1029 4560 1336 4616 comitatus
1362 4560 1554 4616 fratris
1583 4562 1830 4618 Heinrici
1861 4581 2018 4621 com-

418 4648 748 4714 mendatur,
763 4647 1123 4721 etexpedicio
1136 4648 1195 4703 in
1209 4649 1419 4704 nostris
1432 4651 1690 4721 partibus
1701 4652 2019 4723 ordinatur,

418 4741 739 4809 cateraque
750 4738 948 4807 patriae
961 4737 1338 4810 periclitantis
1360 4739 1618 4810 proﬁcua
1631 4741 2018 4798 etadmodum

2118 4565 2480 4640 presentibus
2508 4566 2726 4622 cunctis
2757 4567 2880 4622 haec
2896 4570 3127 4624 mortua
3147 4568 3478 4636 videbatur;
3497 4566 3715 4624 tandem

2119 4655 2518 4728 expergiscens
2546 4658 2604 4710 et
2632 4655 2827 4712 oculos
2846 4657 3094 4725 elevans,
3118 4659 3276 4731 quod
3301 4659 3441 4714 vidit
3468 4655 3718 4714 omnibus

2121 4743 2397 4799 innotuit:
2469 4743 2769 4814 Hactenus,
2826 4745 3115 4818 inquiens,
3185 4747 3453 4804 vobiscum
3515 4745 3717 4800 libatur

1727 4839 1962 4898 νΑιωΕ
2007 4841 2180 4899 LECT
2181 4843 2296 4898 1οΝ
2305 4843 2406 4899 ES.

492 4918 588 4955 ηπ
613 4908 982 4987 burguardiis
1014 4912 1100 4987 tq.
1178 4915 1272 4987 ίοςτο
1302 4909 1435 4964 add.
1476 4910 1559 4987 ib.
1598 4981 1613 4987 _
1639 4919 1734 4954 108°
1771 4914 1976 4970 uuillas
2018 4919 2102 4970 1α.
2183 4922 2273 4956 16⁸1
2301 4932 2412 4987 que
2445 4914 2571 4987 add.
2608 4914 2692 4983 1ὺ.
2773 4923 2866 4959 1⁸⁸³
2899 4915 3248 4987 ίωοηαοιιίιο
3297 4919 3345 4972 l.
3423 4923 3514 4960 1⁸³³
3539 4914 3716 4969 Gosla-

419 4981 568 5067 riam
603 4985 680 5036 lc.
713 4981 1304 5067 ςίθδξέςιθηάθῐιρβρ.
1381 4981 1788 5067 ίξξξρὺᾲοῐῐιρε
1821 4988 1915 5067 _la_.
1946 4993 2090 5067 qui?“
2119 5001 2291 5067 quam
2317 4981 2404 5040 ‘et
2445 4981 2808 5067 edificayerat
2840 4986 2964 5067 add;
3008 4993 3086 5067 te.
3111 4995 3259 5067 _m7
3299 4987 3541 5067 ebdomo
3581 5000 3713 5042 corr.

419 5053 672 5128 ebdoma
705 5057 763 5128 t._
785 5123 799 5128 _
833 5059 926 5128 Mf!
956 5068 1066 5124 que
1097 5051 1221 5105 add.
1241 5051 1338 5128 Η).
1375 5059 1498 5128 -ωξο
1527 5052 1786 5128 avinculo
1813 5058 1862 5109 1.
1896 5063 1900 5068 ’
1942 5064 2038 5100 mo
2067 5051 2282 5112 scilicet
2309 5073 2441 5112 cum
2465 5060 2551 5112 est
2570 5057 2761 5128 prima
2781 5057 2890 5114 add
2935 5060 2987 5112 2.
3008 5058 3164 5114 A.S.
3244 5067 3338 5102 1”!
3359 5060 3423 5113 in
3445 5072 3633 5112 mense
3652 5084 3715 5128 ς-ς-

419 5125 662 5178 rutilans
693 5123 817 5182 add.
854 5123 940 5178 1ὺ.

417 5195 544 5250 add.
581 5199 658 5250 lc.

416 5264 568 5321 necti
601 5272 688 5320 1a.

412 5337 527 5392 oda
551 5337 632 5396 A.
654 5335 718 5393 S.
795 5345 890 5380 17°!
921 5353 1124 5392 omnes
1153 5366 1220 5376 —
1251 5335 1510 5392 vivorum
1541 5337 1667 5397 add.
1703 5343 1723 5394 l

1051 5130 1146 5199 if"
1176 5137 1256 5176 m.
1289 5124 1348 5176 et
1371 5121 1430 5176 in
1461 5123 1501 5199 ίῘ
1538 5123 1621 5178 1ὀ.
1654 5126 1717 5180 in
1747 5126 1858 5199 loco
1900 5145 2042 5186 raso.
2120 5135 2214 5170 1m
2239 5144 2278 5181 n
2349 5129 2388 5182 f.
2421 5128 2546 5182 add.
2570 5121 2668 5182 'lb.
2753 5137 2848 5173 1m
2885 5128 3053 5183 finire
3089 5133 3154 5184 1ο
3255 5137 3350 5173 im
3391 5125 3714 5199 cunigundis

773 5203 867 5239 Im
892 5193 1330 5272 canonicarum,
1351 5195 1506 5272 quod
1530 5197 1901 5272 postquum
1929 5199 2169 5272 perfecit
2194 5203 2257 5272 et
2281 5203 2517 5272 vocatur
2553 5199 2944 5272 confugiensis
2984 5201 3195 5272 eclesia
3239 5200 3366 5256 add.
3399 5205 3473 5255 lc.
3505 5193 3634 5272 :5“?
3659 5198 3714 5250 et

802 5273 895 5309 1698
923 5265 1148 5320 innixta
1181 5268 1230 5319 1.
1259 5265 1452 5320 adraso
1482 5265 1547 5326 ιζ
1603 5275 1698 5310 ιω
1730 5269 1872 5324 "die
1905 5265 1955 5324 1”.
2070 5278 2165 5313 170°
2189 5269 2542 5325 Mirisuidam
2569 5301 2638 5310 —
2665 5265 2932 5327 Eddilam
2968 5270 3095 5326 add.
3137 5271 3222 5326 ib.
3337 5279 3432 5316 mi
3454 5268 3598 5326 odila
3633 5272 3710 5333 18»

802 5345 890 5380 I70!
921 5353 1124 5392 omnes
1153 5366 1220 5376 —
1251 5335 1510 5392 vivorum
1541 5337 1667 5392 add.
1703 5295 1787 5392 ig.
2178 5348 2191 5361 °

1955 5413 2174 5470 NOTIE.

481 5495 752 5570 (915)v_u1
783 5497 1101 5570 Kal._Mart.
1159 5496 1474 5553 secundum
1511 5500 1663 5555 Ann.
1715 5498 1943 5570 Quedl,
1979 5519 2013 5557 a

245 5591 255 5600 -
359 5565 370 5596 ³
407 5567 546 5620 1017
579 5565 636 5620 et
671 5567 882 5622 Chron.
913 5568 1045 5623 Sax.

496 5640 620 5716 916)
648 5637 830 5716 Aliter
851 5631 978 5694 hac
1004 5639 1178 5716 tradit
1203 5640 1470 5716 Alpertus
1523 5641 1564 5716 l_.
1611 5641 1769 5716 1,,_c.
1809 5647 1906 5716 15,Δ
1921 5659 2008 5716 sq.

403 5703 558 5778 (917)
589 5703 1006 5778 Imperatorem
1031 5709 1192 5766 Mart.
1224 5703 1315 5768 26.
1341 5710 1611 5769 Goslariaa
1636 5703 1831 5786 fuisse,
1858 5703 2012 5788 ejus-

2113 5502 2258 5582 dem
2277 5477 2486 5582 charta
2511 5503 2796 5582 quaedam
2811 5507 3078 5582 testatur,
3528 5571 3540 5582 θ

2175 5578 2330 5700 t(9&8)
2341 5571 2743 5702 tluilgecrolog.
2776 5577 2996 5637 Luneb.
3028 5576 3153 5650 ejus
3171 5591 3389 5646 nomen
3411 5571 3704 5647 ascriptum

2111 5661 2171 5700 es
2275 5661 2338 5700 ar
2369 5685 2383 5701 .
2491 5687 2506 5702 .

2183 5717 2331 5794 (919)
2348 5715 2413 5775 γ.
2442 5732 2618 5798 supra
2642 5717 2685 5776 l.
2705 5733 2782 5791 iv,
2809 5734 2860 5778 c.
2899 5720 2996 5778 11.
