3900 6216
357 387 493 450 1395

1312 392 1355 450 Τ
1374 393 1708 455 ΗῙΕΤΜᾹΒΙ
1757 394 2071 456 EPISCOPI
2111 398 2727 463 MERSEBURGENSIS

3556 408 3694 470 i396

431 520 522 579 4-4.
555 519 706 578 Dum
733 517 860 578 hinc
904 521 1174 596 aguntur,
1215 520 1442 590 Miseco,
1489 521 1752 578 Bolizalvi
1800 521 1968 585 filius.
1991 527 2046 587 Α
2069 544 2184 599 que
2211 527 2520 584 tacendum
2547 531 2633 585 est
2659 529 2814 604 quod
2843 528 2940 586 alii
2962 529 3173 588 milites
3202 530 3467 592 Bolizlavi
3481 534 3690 595 urbem

357 609 655 668 Boemiam
685 611 955 668 absencia
977 611 1245 668 Othelrici
1272 611 1428 666 ducis
1453 612 1538 666 sui
1579 612 1773 667 minus
1802 611 1969 667 solito

358 704 784 773 repugnantem
820 717 953 756 cum
1000 705 1064 756 10
1101 700 1426 771 legionibus
1479 701 1774 768 invadens,
1830 701 1972 756 duos

359 789 481 846 dies
508 791 780 864 predatur
807 791 1073 859 eandem,
1097 793 1155 845 et
1190 807 1322 844 cum
1351 791 1762 846 innumerabili
1793 789 1971 862 capti-

359 895 563 936 vorum
577 880 943 938 multitudine
958 889 1048 924 17!!
1071 898 1348 949 reversus,
1371 885 1596 954 patrem
1628 881 1854 954 gaudiis
1881 897 1971 936 re-

361 969 540 1042 plevit
565 970 866 1028 inmensis.
912 972 1086 1027 Cesar
1124 987 1258 1026 vero
1307 987 1438 1027 cum
1488 971 1737 1027 exercitu
1785 988 1886 1026 suo
1919 973 1976 1025 et

361 1059 732 1116 Boemiorum
762 1063 936 1133 atque
966 1060 1337 1116 Liuticiorum
1385 1061 1662 1116 comitatu
1688 1062 1974 1116 immenso

361 1148 530 1205 obvia
553 1167 798 1224 quaeque
828 1150 1150 1218 devastans,
1182 1154 1213 1205 5
1243 1150 1373 1206 Idus
1404 1151 1638 1222 Augusti
1665 1151 1738 1206 ad
1771 1151 1976 1205 urbem

363 1239 668 1313 Gloguam,
700 1239 798 1296 ubi
830 1239 1138 1296 Bolizlavus
1160 1255 1292 1294 cum
1323 1240 1438 1295 suis
1463 1257 1560 1295 eos
1583 1248 1676 1283 ίτιο
1700 1239 1974 1312 prestola-

367 1332 482 1399 tur,
495 1328 768 1386 sollicitus
788 1329 962 1396 venit,
976 1331 1034 1384 et
1047 1332 1454 1400 provocantem
1478 1329 1630 1384 inter
1649 1327 1976 1400 sagittarios

361 1419 656 1476 latitantes
684 1421 911 1475 hostem
938 1422 1163 1474 nostros
1187 1418 1451 1490 persequi
1491 1418 1804 1490 prohibuit.
1836 1419 1973 1474 Inde

360 1507 928 1566 electasabexercitu
959 1507 1143 1564 valido
1161 1515 1256 1550 1m
1284 1511 1347 1562 l2
1374 1508 1634 1578 legiones
1664 1509 1734 1564 ad
1766 1510 1972 1564 urbem

356 1597 551 1655 Nemzi
584 1598 749 1669 (926),
799 1614 867 1652 eo
893 1597 1048 1670 quod
1077 1615 1112 1653 a
1141 1597 1350 1653 nostris
1380 1597 1528 1669 (9'27)
1561 1598 1698 1653 olim
1729 1599 1801 1652 sit
1831 1615 1969 1654 con-

355 1686 479 1744 dita
511 1695 627 1754 1m,
659 1687 872 1742 dictam
917 1685 1200 1760 premisit,
1241 1704 1369 1760 qua:
1413 1686 1833 1742 habitatoribus
1861 1687 1970 1742 hiis

2072 616 2330 686 Belegori
2379 617 2588 673 dictam
2620 621 2684 674 18
2715 619 2998 675 Kalendas
3020 620 3377 694 Septembris
3409 625 3688 696 aggressi,

2071 707 2128 759 et
2161 705 2312 760 bello
2343 722 2472 760 eam
2499 706 2892 780 inpugnantes
2922 709 3168 777 diutino,
3206 711 3325 767 Deo
3352 713 3576 783 gratia!
3613 714 3689 769 nil

2073 793 2466 866 proficiebant.
2501 795 2872 852 Liuticiorum
2894 801 3088 853 autem
3117 815 3335 870 magna
3354 801 3687 868 multitudo,

2074 899 2200 954 quas
2223 883 2378 938 domi
2407 885 2654 952 fuerant,
2678 887 2971 958 quandam
2999 887 3286 943 civitatem
3303 888 3516 960 prefati
3534 889 3688 945 ducis

2075 972 2381 1044 petierunt.
2416 973 2724 1046 Ibique!m
2754 976 2879 1046 plus
2900 993 3076 1049 quam
3105 977 3170 1039 (f.
3209 978 3347 1049 169’)
3384 981 3488 1034 100
3507 978 3690 1034 socios

2076 1061 2399 1133 perdentes,
2432 1079 2562 1117 cum
2584 1063 2806 1134 ingenti
2833 1065 3071 1120 tristicia
3085 1066 3449 1134 remeabant,
3465 1071 3686 1139 postea-

2077 1166 2188 1222 que
2219 1151 2474 1222 ejusdem
2514 1153 2669 1208 bona
2697 1155 2943 1209 multum
2972 1156 3290 1212 vastabant.

2145 1240 2235 1294 45.
2269 1240 2385 1294 Hiis
2413 1258 2641 1313 quoque
2677 1243 2945 1314 adjiciam
2989 1245 3356 1300 mortiferum
3395 1245 3688 1302 Godefridi

2074 1327 2232 1382 ducis
2259 1333 2314 1384 et
2345 1331 2576 1386 Gerardi
2612 1331 2840 1387 comitis
2881 1350 3274 1404 congressum.
3313 1333 3400 1390 Illi
3433 1351 3689 1409 namque

2074 1418 2172 1473 diu
2197 1418 2436 1474 invicem
2459 1421 2745 1476 discordes
2777 1425 2997 1478 certum
3026 1423 3335 1478 condixere
3370 1424 3554 1492 diem,
3576 1442 3691 1498 qua

2072 1523 2204 1562 cum
2231 1507 2345 1561 suis
2366 1508 2684 1564 fautoribus
2712 1511 2833 1565 haec
2851 1515 3006 1566 certo
3037 1511 3206 1566 duelli
3233 1511 3453 1584 judicio
3475 1513 3685 1569 discer-

2072 1599 2295 1651 nerent.
2313 1599 2502 1651 Mense
2513 1600 2766 1668 Augusto
2788 1615 2852 1654 ac
2866 1603 2897 1653 6
2916 1599 3200 1654 Kalendas
3213 1600 3582 1672 Septembris
3594 1609 3688 1644 im

2070 1684 2129 1739 in
2153 1686 2402 1758 quadam
2426 1687 2574 1758 prati
2605 1688 2861 1742 ﬂorentis
2889 1689 3154 1744 condicta
3176 1697 3272 1732 1⁷³0
3285 1691 3540 1761 planicie
3556 1709 3690 1748 con-

358 1779 664 1832 venturum
696 1779 1147 1848 preoccuparent
1192 1775 1486 1832 auxilium.
1530 1775 1745 1840 Quibus
1786 1780 1970 1830 castra
1993 1847 2030 1850 _
2069 1773 2352 1842 ﬂigebant
2387 1776 2548 1847 (929).
2583 1776 2696 1831 Sed
2743 1778 3072 1850 superbiam
3111 1779 3346 1834 Gerardi
3387 1780 3688 1837 humilitas

351 1847 1129 1933 metatis,ho$tesadventare
1149 1864 1614 1932 rumorinduxit;
1645 1865 1778 1920 etin
1800 1867 1968 1919 nocte
1993 1847 2042 1908 Β
2069 1862 2274 1917 Christi
2305 1864 2570 1918 molliens
2593 1881 2656 1918 ac
2687 1847 2868 1919 socios
2897 1867 3017 1937 ejus
3041 1867 3097 1920 in
3128 1867 3329 1939 fugam
3343 1868 3539 1924 subito
3570 1887 3690 1925 ver-

347 1955 658 2012 tenebrosa
673 1955 808 2010 acin
831 1971 1048 2027 magna
1061 1953 1338 2010 imbrium
1361 1954 1636 2010 effusione
1653 1955 1758 2010 hos
1775 1954 1967 2010 ledere

355 2060 723 2118 nequaquam
753 2044 1026 2111 valentes,
1041 2043 1322 2116 quosdam
1349 2043 1696 2113 effugerunt,
1722 2044 1968 2098 nonnul-

351 2135 551 2208 losque
579 2132 870 2189 civitatem
899 2133 1120 2188 intrare
1147 2131 1308 2188 inviti
1345 2133 1741 2206 paciebantur.
1778 2133 1969 2188 Posita

349 2225 436 2277 est
463 2225 657 2278 autem
688 2221 812 2277 haac
830 2220 890 2276 in
918 2237 1068 2293 pago
1100 2220 1328 2287 Silensi,
1347 2222 1625 2277 vocabulo
1646 2221 1754 2276 hoc
1773 2237 1964 2293 aquo.

351 2311 489 2367 dam
537 2314 737 2367 monte
763 2309 937 2366 nimis
964 2311 1188 2365 excelso
1215 2313 1274 2365 et
1299 2310 1503 2382 grandi
1545 2309 1685 2366 olim
1731 2310 1837 2364 sibi
1882 2308 1966 2364 in-

347 2399 467 2456 dito
499 2409 593 2444 1m
627 2400 806 2473 (928);
839 2400 896 2470 (f.
924 2401 1050 2471 169)
1078 2403 1138 2455 et
1173 2398 1265 2454 hic
1309 2399 1383 2454 ob
1429 2399 1767 2472 qualitatem
1799 2415 1964 2453 suam

346 2492 408 2546 et
444 2489 854 2564 quantitatem,
901 2505 1034 2544 cum
1077 2489 1400 2544 execranda
1429 2496 1523 2530 im
1555 2487 1846 2559 gentilitas
1884 2487 1963 2542 ibi

345 2582 739 2645 veneraretur,
754 2578 826 2634 ab
843 2576 1044 2633 incolis
1064 2577 1338 2633 omnibus
1357 2576 1528 2631 nimis
1547 2577 1961 2632 honorabatur.

347 2669 671 2742 Imperator
700 2669 895 2722 autem
925 2671 1055 2739 post
1101 2669 1218 2722 tres
1257 2665 1380 2721 dies
1419 2665 1493 2721 ad
1541 2666 1788 2721 eandem
1829 2683 1961 2722 cum

347 2755 599 2814 exercitu
622 2755 810 2811 valido
849 2755 1106 2824 veniens,
1143 2755 1342 2811 castris
1370 2757 1618 2812 eandem
1650 2755 1961 2828 undiques-

348 2863 509 2904 secus
535 2843 881 2902 circumdari
905 2844 1090 2916 jubet,
1141 2860 1380 2916 sperans
1408 2845 1484 2900 sic
1533 2862 1770 2900 omnem
1811 2845 1965 2901 hosti

347 2952 450 2992 suo
472 2934 740 2992 claudere
759 2950 1052 2990 accessum
1107 2933 1348 3006 Sapiens
1373 2935 1630 3006 ejusdem
1660 2935 1965 2990 consilium

349 3029 409 3082 et
432 3025 493 3082 in
524 3023 794 3082 omnibus
822 3023 979 3079 bona
997 3025 1260 3080 voluntas
1287 3025 1534 3080 multum
1557 3023 1637 3079 ibi
1649 3025 1966 3097 prodesset,

2069 1954 2216 2018 tens,
2248 1968 2365 2006 non
2397 1952 2588 2007 minus
2611 1971 2678 2008 ex
2701 1954 2809 2009 hiis
2838 1971 3012 2026 quam
3040 1958 3143 2012 300
3165 1957 3475 2027 prostravit
3509 1957 3684 2026 viros,

2069 2056 2136 2094 ex
2158 2039 2364 2112 quibus
2391 2041 2498 2096 fuit
2519 2059 2666 2096 unus
2684 2043 2914 2097 Walteri
2935 2044 3190 2099 Pulvere]
3209 2045 3454 2100 nomine
3475 2054 3594 2112 173°,
3616 2063 3684 2102 eo

2068 2129 2224 2200 quod
2249 2129 2308 2184 in
2340 2130 2588 2185 favillam
2619 2131 2726 2186 sibi
2765 2132 3052 2188 contraria
3101 2133 3402 2204 redigisset
3429 2138 3683 2202 vocatus,

2066 2217 2268 2273 habitu
2297 2219 2552 2285 clericus,
2587 2221 2685 2275 sed
2716 2237 2776 2276 re
2816 2221 2960 2275 latro
2992 2220 3253 2280 eximius.
3287 2222 3388 2277 Hic
3417 2224 3683 2279 centurio

2066 2307 2190 2362 lacu
2220 2326 2348 2363 cum
2371 2309 2486 2363 suis
2523 2310 2807 2364 clauditur
2827 2327 2964 2377 uno,
2997 2313 3054 2365 et
3083 2314 3218 2366 tunc
3247 2311 3686 2386 saciatusjacuit

2065 2397 2123 2451 in
2155 2398 2358 2469 prelio,
2389 2399 2478 2454 cui
2513 2417 2812 2472 nunquam
2855 2400 3078 2455 suffecit
3118 2401 3420 2472 sanguinis
3455 2402 3678 2462 effusio.

2064 2488 2206 2542 Nam
2237 2488 2545 2559 perhibent
2570 2490 2787 2561 populi,
2819 2490 2974 2544 hunc
2998 2490 3294 2545 dumtaxat
3315 2499 3412 2534 ίτιο
3431 2509 3568 2548 cum
3585 2493 3678 2548 lae-

2063 2575 2197 2631 ticia
2238 2577 2460 2632 duxisse
2503 2579 2680 2647 diem,
2743 2596 2856 2650 quo
2891 2581 3116 2635 hastam
3164 2580 3378 2636 suimet
3419 2582 3677 2638 humano

2061 2681 2264 2721 cruore
2293 2683 2606 2737 aspersam,
2637 2672 2695 2723 et
2719 2669 2924 2724 domus
2961 2669 3214 2736 Domini,
3232 2670 3446 2742 quibus
3463 2671 3562 2726 alii
3580 2686 3677 2744 pe-

2064 2772 2297 2829 percere
2319 2757 2584 2828 maligni,
2618 2758 2880 2813 incensas
2909 2775 3076 2814 ruere
3105 2758 3262 2816 vidit.
3285 2761 3384 2814 Hic
3415 2761 3674 2834 Burgun-

2065 2845 2161 2900 dia
2193 2844 2440 2916 genitus,
2474 2849 2531 2901 et
2563 2864 2598 2902 a
2617 2847 2873 2919 predicto
2903 2847 3116 2904 comite
3147 2850 3450 2922 quondam
3466 2855 3678 2925 captus,

2069 2951 2187 2989 non
2219 2935 2375 3006 prius
2403 2937 2476 2992 ab
2505 2953 2573 2990 eo
2603 2937 2790 3008 potuit
2813 2938 3051 3005 absolvi,
3083 2955 3257 3011 quam
3275 2956 3337 2994 se
3357 2941 3568 2998 eodem
3589 2951 3676 2987 ml

2067 3039 2299 3094 semper
2322 3023 2726 3079 auxiliaturum
2743 3041 2808 3079 ac
2837 3027 2962 3080 loco
2984 3027 3170 3081 devoti
3193 3028 3397 3083 militis
3425 3030 3480 3085 ei
3510 3032 3678 3086 servi-

352 3114 400 3171 si
423 3113 485 3170 in
507 3111 1423 3170 efficiendisrebusauxiliantium
1444 3113 1548 3169 sibi
1573 3113 1807 3168 affectus
1818 3114 1969 3168 hunc
1995 3131 2042 3192 ο
2069 3115 2261 3166 turum
2276 3113 2650 3168 sacramentis
2670 3114 2932 3172 sanxivit.
2950 3117 3099 3187 Ergo
3111 3117 3220 3171 huc
3251 3121 3485 3173 vocatus
3509 3121 3676 3188 venit,

354 3203 670 3276 adiuvaret.
699 3204 865 3258 Nunc
889 3205 1084 3258 autem
1115 3219 1220 3274 per
1249 3219 1455 3258 omnes
1483 3203 1767 3258 custodias
1791 3202 1972 3276 presi-

341 3292 520 3350 ‘dium
532 3292 662 3348 urbi
676 3291 738 3348 in
751 3291 1174 3349 noctissilentio
1187 3292 1499 3348 advenerat
1510 3293 1973 3364 magnum.Tunc

356 3380 809 3454 omnigenorum
837 3388 932 3425 1m
956 3381 1703 3454 speciesinstrumentorum
1717 3397 1750 3436 a
1765 3380 1974 3436 nostris

357 3470 551 3545 parari
566 3470 866 3543 jubentur,
893 3473 951 3526 et
974 3487 1108 3527 mox
1134 3488 1201 3527 ex
1232 3473 1396 3544 parte
1426 3469 1718 3526 contraria
1740 3469 1851 3525 hiis
1871 3471 1975 3525 ad-

357 3559 602 3616 modum
629 3559 843 3615 similia
855 3560 1142 3615 videntur.
1159 3560 1486 3632 Numquam
1517 3559 1706 3615 audivi
1729 3560 1971 3630 aliquos,

357 3648 457 3723 qui
487 3648 715 3704 meliori
737 3649 1022 3720 pacientia
1047 3666 1111 3704 ac
1131 3648 1492 3720 prudentiori
1508 3647 1744 3703 consilio
1771 3665 1830 3702 se
1850 3665 1974 3702 um-

357 3753 536 3810 quam
565 3737 878 3794 defendere
902 3739 1246 3794 niterentur.
1262 3739 1338 3792 Ex
1353 3740 1514 3808 parte
1533 3737 1970 3808 gentilicrucem

358 3829 620 3884 sanctam
663 3827 984 3900 erigebant,
1036 3827 1410 3899 ejusdemque
1451 3825 1659 3880 auxilio
1692 3825 1794 3880 hos
1821 3826 1970 3881 vinci

358 3915 672 3988 sperabant
731 3915 790 3972 Si
821 3915 960 3988 quid
992 3922 1086 3958 m7
1114 3914 1225 3969 hiis
1252 3913 1511 3985 prosperi
1541 3913 1764 3981 accidit,
1797 3931 1972 3969 num-

359 4020 537 4078 quam
560 4003 982 4070 exclamabant,
997 4019 1101 4058 nec
1117 4001 1516 4058 adversitatem
1539 4001 1731 4075 aliquo
1745 4002 1964 4075 gemitu

357 4091 793 4164 ingravescente
811 4090 1170 4163 aperiebant.
1187 4091 1422 4146 Interim
1447 4093 1798 4147 Mararenses
1827 4093 1966 4148 Boe-

357 4179 538 4236 miam
560 4179 825 4250 ingressi,
857 4179 1061 4234 urbem
1083 4176 1373 4252 quandam
1394 4186 1748 4254 expugnant,
1767 4185 1964 4238 etcum

353 4266 773 4342 predaingenti
786 4267 1102 4325 incolumes
1117 4270 1368 4326 exibant.
1379 4270 1542 4336 Quod
1553 4288 1682 4326 cum
1706 4273 1962 4327 marchio

353 4353 653 4412 Heinricus
677 4357 784 4414 hos
805 4360 1001 4430 petere
1029 4376 1161 4415 cum
1181 4359 1429 4415 exercitu
1459 4364 1696 4416 conatus
1716 4361 1960 4428 audiret,

2070 3201 2170 3255 sed
2191 3201 2263 3255 ad
2284 3203 2734 3274 perpetrandum
2747 3204 2896 3260 soliti
2922 3205 3193 3260 facinoris
3208 3212 3585 3264 aucmentum
3598 3209 3677 3264 di-

2071 3289 2204 3344 vina
2233 3291 2486 3346 tardatus
2528 3291 2926 3361 miseracionc,
2967 3311 3084 3348 non
3125 3295 3310 3350 rediit.
3349 3296 3513 3369 Capti
3552 3301 3677 3353 sunt

2073 3382 2268 3434 autem
2296 3382 2431 3434 tunc
2453 3397 2520 3434 ex
2540 3385 2702 3452 parte
2719 3382 2963 3437 senioris
2975 3383 3060 3437 sui
3083 3383 3412 3456 Sigifridus,
3431 3387 3681 3458 ejusdem

2071 3467 2242 3534 illius,
2271 3485 2453 3540 nepos
2482 3473 2675 3525 autem
2709 3469 3091 3544 imperatricis
3137 3475 3372 3540 nostrae,
3402 3491 3538 3530 cum
3566 3476 3679 3530 Bal-

2072 3555 2262 3612 derico
2275 3557 2514 3630 aliisque
2532 3576 2708 3631 quam
2729 3559 2792 3632 (f.
2832 3563 2956 3628 170)
2983 3561 3266 3633 plurimis.
3291 3562 3587 3619 Sauciatas
3605 3567 3684 3620 est

2071 3643 2151 3699 ibi
2179 3645 2336 3701 Cono
2368 3647 2538 3718 (930),
2571 3648 2662 3703 cui
2684 3649 2808 3720 jam
2859 3649 3075 3704 inlicite
3105 3649 3303 3724 nupsit
3329 3653 3523 3724 neptis
3564 3669 3677 3720 sua,

2071 3733 2292 3789 Ernesti
2326 3736 2484 3790 ducis
2509 3736 2682 3792 vidua
2705 3745 2817 3792 1m.
2851 3738 3145 3793 Predictus
3163 3756 3298 3795 vero
3329 3740 3444 3796 dux
3480 3741 3565 3797 nil
3579 3741 3680 3797 nisi

2073 3827 2140 3878 30
2164 3824 2375 3878 milites
2405 3825 2673 3896 perdidit,
2703 3829 2761 3880 et
2784 3827 2889 3882 hos
2918 3828 3238 3898 elegantes.

2105 3913 2174 3968 46
2209 3913 2432 3968 Interea
2444 3914 2707 3984 perfectis
2717 3915 2986 3970 omnibus
2997 3915 3558 3985 instrumentis,cum
3563 3919 3680 3992 jam

2070 3999 2148 4056 ibi
2177 4003 2292 4054 tres
2339 4001 2565 4055 sederet
2603 4002 2958 4058 ebdomadas
2989 4019 3168 4072 cesar,
3197 4005 3272 4060 ad
3300 4006 3514 4062 urbem
3537 4005 3679 4076 (931)

2069 4106 2329 4162 pugnare
2343 4091 2594 4160 jussit,et
2608 4091 2728 4145 haec
2744 4091 3164 4165 omniainjecto
3185 4110 3220 4148 a
3237 4095 3679 4167 propugnaculis

2064 4180 2201 4250 igne
2219 4179 2484 4234 celeriter
2498 4180 2700 4236 ardere
2721 4181 2879 4239 vidit.
2909 4183 3043 4237 Post
3059 4183 3179 4237 hmo
3199 4183 3525 4240 Othelricus
3553 4200 3676 4238 cum

2065 4268 2179 4323 suis
2209 4268 2413 4323 urbem
2443 4269 2755 4326 ascendere
2787 4273 3097 4342 temptans,
3130 4272 3210 4326 nil
3246 4273 3512 4342 profecit.
3528 4275 3675 4329 Tunc

2065 4357 2262 4414 Liutici
2305 4358 2518 4413 similia
2531 4359 2787 4430 aggressi
2803 4359 3164 4432 dejiciuntur.
3187 4361 3362 4418 Cesar
3378 4367 3571 4419 autem
3601 4363 3672 4418 vi-

355 4443 596 4502 festinus
638 4445 996 4520 insequitur;
1041 4452 1100 4505 et
1145 4447 1344 4506 occisis
1373 4467 1439 4504 ex
1479 4466 1684 4505 eorum
1717 4466 1962 4505 numero
1987 4423 2039 4482 Β
2063 4449 2204 4505 dens
2229 4450 2541 4504 exercitum
2572 4449 2906 4505 infirmitate
2937 4451 3295 4522 depressum,
3326 4453 3387 4508 in
3418 4455 3560 4510 urbe
3587 4471 3670 4508 ca-

350 4533 482 4608 plus
497 4551 672 4608 quam
689 4536 849 4594 mille
868 4536 1021 4607 viris,
1035 4539 1501 4612 fugientibusque
1512 4538 1751 4606 casteris,
1783 4538 1966 4609 capti-

349 4621 586 4684 vitatem
613 4626 764 4684 hanc
787 4643 1024 4684 omnem
1047 4629 1296 4684 solutam
1325 4627 1564 4684 domum
1595 4627 1835 4686 remisit.
1854 4629 1961 4682 Ne-

2063 4538 2274 4610 pienda
2297 4539 2355 4593 in
2368 4555 2579 4594 vanum
2603 4539 2888 4608 laborare,
2911 4539 3021 4594 iter
3040 4557 3208 4596 suum
3234 4541 3412 4598 nimis
3434 4543 3669 4598 arduum

2062 4627 2134 4684 ad
2163 4628 2458 4684 Boemiam
2484 4627 2716 4695 direxit;
2760 4629 2956 4702 ibique
2981 4629 3055 4686 ab
3081 4631 3340 4703 ejusdem
3371 4632 3667 4704 provinciae

1681 4745 1918 4801 VARLE
1945 4747 2344 4803 LECTIONES.

421 4827 514 4865 im
538 4817 866 4878 militudine
898 4823 948 4876 1.
1063 4827 1158 4862 1m
1183 4818 1371 4875 valida
1395 4821 1482 4874 ta.

1595 4825 1689 4861 1m
1716 4834 1784 4872 eo
1814 4847 1887 4858 —
1913 4817 2146 4873 condita
2171 4819 2296 4874 add.
2336 4819 2419 4874 ib.

2535 4827 2630 4892 173‘
2663 4818 2849 4890 posita
2877 4848 2949 4860 —
2977 4819 3158 4876 indito
3192 4823 3300 4892 ipse
3331 4821 3666 4878 Tbietmaru:

343 4891 557 5018 iam:
579 4893 639 4948 in
659 4893 902 4949 extremis
926 4889 1026 4964 fol.
1051 4894 1150 4948 168
1176 4890 1327 4971 lineis
1400 4897 1496 4932 1m
1521 4887 1692 4945 itaA.
1717 4887 1780 4944 S.
1807 4889 2147 4961 exequanda
2177 4894 2226 4945 1.
2293 4897 2400 4971 ,ιτεο
2430 4887 2880 4962 omnigenarum
2904 4893 2952 4972 l.
3015 4899 3110 4933 m7
3133 4887 3290 4974 quod
3315 4896 3364 4946 1.
3447 4901 3540 4935 1m
3561 4909 3663 4964 que

344 4981 378 5016 α
456 5005 472 5018 .
510 4963 594 5018 ib.
672 4970 766 5008 Im
793 4979 859 5018 ac
882 4993 953 5004 -—
976 4960 1339 5018 Septembris
1362 4959 1490 5018 add.
1527 4959 1608 5015 tb.
1687 4967 1782 5002 ίτοο
1807 4959 1932 5014 add.
1970 4959 2052 5016 lb.
2133 4968 2222 5002 ιτθι
2255 4961 2448 5017 eidem
2487 4967 2566 5017 lc.
2644 4969 2740 5003 "8!
2780 4961 3078 5018 Sauciatus
3106 4993 3175 5002 —
3207 4962 3378 5018 vidua
3405 4963 3533 5018 add.
3583 4963 3640 5018 ib

344 4959 472 5020 add.
510 4963 594 5021 ib.
672 4970 766 5008 1⁷³⁸
793 4979 859 5018 ac
882 4959 953 5004 -—'
976 4960 1339 5034 Septembris
1362 4959 1490 5018 add.
1527 4959 1608 5015 tb.
1687 4967 1782 5002 ίτοο
1807 4959 1949 5014 addi
1970 4959 2052 5016 lb.
2133 4968 2222 5002 ιτθι
2255 4961 2448 5017 eidem
2487 4967 2566 5017 lc.
2602 4959 2622 4962 “
2644 4969 2740 5003 ¹⁷³²
2780 4961 3078 5018 Sauciatus
3106 4959 3175 5002 —'
3207 4962 3378 5018 vidua
3405 4963 3533 5019 add.
3576 4959 3658 5034 ib.

1910 5065 2130 5122 NOTAE.

416 5157 559 5232 (926)
597 5157 889 5232 Nimptsch
923 5158 1090 5230 juxta
1143 5155 1378 5212 ﬂuvium
1429 5155 1602 5226 Lohe,
1639 5155 1792 5213 inter
1828 5157 1954 5213 Rei-

340 5228 640 5286 chenbach
669 5228 956 5288 et‘Ohlau‘.

413 5300 558 5374 (927)
577 5301 706 5382 .Nox
735 5301 966 5382 Niemez
995 5297 1174 5354 Slavis
1201 5301 1290 5354 est
1318 5301 1516 5382 mutus.
1548 5299 1663 5382 sive
1695 5299 1951 5382 peregri-

339 5369 468 5440 nus,
621 5387 826 5428 eorum
857 5371 1121 5444 linguam
1159 5385 1279 5424 non
1334 5369 1647 5442 intelligit;
1695 5369 1950 5443 ideoque

333 5441 657 5515 praesertim
684 5441 1047 5515 Teutonic’us.

401 5511 554 5584 (928)
580 5513 742 5584 Mons
768 5514 958 5584 Zlenz,
987 5528 1156 5567 mons
1196 5511 1442 5580 Silentii,
1489 5511 1662 5568 hodie
1700 5512 1944 5584 Zobten-

330 5578 480 5652 berg
520 5578 556 5652 a
609 5581 742 5637 villa
776 5578 994 5639 Zobten
1033 5586 1279 5638 vocatus.
1313 5578 1476 5638 Con'f.
1513 5585 1577 5638 Κ.
1625 5584 1796 5640 Zeuss
1837 5583 1947 5640 Dic

327 5647 632 5704 Deu'tschen
662 5653 772 5704 und
802 5653 892 5708 die
919 5652 1402 5708 Nachbarstamme
1437 5669 1568 5726 pag.
1602 5656 1726 5709 663.

2127 5161 2272 5230 (9'29;
2311 5158 2599 5230 Cogitasse
2649 5157 2870 5212 videtur
2917 5161 3113 5213 noster
3150 5157 3223 5214 de
3275 5175 3474 5230 pugna
3517 5157 3654 5230 apud

2127 5175 2272 5230 (wzu;
2311 5175 2388 5212 uo
2435 5175 2599 5212 nasse
2649 5175 2870 5212 videtur
2917 5175 3113 5213 noeter
3150 5175 3223 5214 ue
3275 5176 3352 5230 pu
3395 5175 3474 5214 na
3517 5175 3548 5212 a
3589 5175 3652 5211 ua

2058 5229 2334 5297 Florinas,
2382 5175 2452 5284 ge
2482 5244 2619 5302 qua
2647 5245 2695 5281 v.
2728 5246 2899 5302 supra
2946 5244 3072 5300 cap.
3112 5232 3198 5286 32.
3253 5233 3335 5286 De
3355 5177 3516 5287 bello
3553 5175 3652 5282 ῗιοε

2053 5302 2287 5355 Gerardi
2316 5317 2367 5354 v.
2399 5299 2759 5355 Baldericum
2787 5299 2826 5356 l'.
2859 5318 2942 5369 ιιι,
2977 5299 3031 5354 οξ
3063 5304 3150 5356 11.

2124 5375 2267 5454 (900)
2295 5371 2590 5454 Ορῃιιαάιιε
2611 5372 2658 5452 li
2689 5371 3006 5454 imperator
3026 5370 3250 5453 futurus
3264 5372 3412 5454 ςλαΠί
3434 5371 3650 5454 duxerat

2051 5442 2316 5510 Giselam,
2345 5441 2662 5496 Hermanni
2693 5441 2850 5497 ducis
2878 5443 3239 5498 Alamannim
3271 5441 3650 5510 tiliam,Erne-

2046 5513 2117 5568 sti
2145 5513 2301 5568 ducis
2331 5512 2689 5568 Alamanniae
2712 5513 2962 5569 viduam.

2118 5585 2264 5657 (931)
2298 5585 2389 5644 Sc.
2417 5584 2732 5657 Nimptsch.
