3900 6216
213 479 355 542 1397
1465 481 1753 544 CBRONIC

1999 473 2107 541 LIB
2121 526 2135 542 .
2175 481 2289 541 νη.
3400 475 3532 538 1398

223 609 448 683 injusto
472 613 566 654 1⁷³³
603 608 743 666 duce
775 609 1063 668 Othelrico
1095 613 1406 686 susceptus,
1457 611 1678 668 decenti
1711 629 1832 666 mu—
1856 617 1910 676 Α
1933 610 2320 667 Erkaenbaldo
2353 605 2740 682 archipresule
2771 621 3050 663 consensu
3072 620 3204 662 meo
3217 607 3536 662 consecrari

224 719 370 759 nere
395 702 736 759 honoratur.
776 702 1015 758 Interim
1061 702 1318 756 marchio
1346 701 1662 771 Heinricus,
1694 701 1832 757 ami—
1942 699 2300 772 praecipiens.
2336 698 2417 753 lbi
2450 703 2585 753 tunc
2631 696 2893 765 Bolizlavi
2926 695 3166 751 nuncius
3209 696 3536 750 Liudulfum

215 793 294 845 ιω
327 790 573 844 meimet
607 790 776 856 ﬁlius,
809 791 986 861 longa
1041 792 1408 860 egrotacione
1466 794 1717 855 vexatus,
1766 795 1830 845 14
1933 790 2213 860 juvenem
2263 786 2356 841 diu
2389 787 2676 859 captivum
2716 785 2930 840 remitti
2971 785 3256 858 promisit,
3292 802 3535 858 suosque

218 879 516 934 Kalendas
547 879 825 947 Octobris,
856 879 1226 935 orientalium
1259 881 1430 934 decus
1454 881 1826 944 Francorum,
1931 875 2146 930 milites
2176 875 2328 946 apud
2361 892 2464 929 nos
2498 875 2666 929 firma
2699 875 2959 929 detentos
2988 874 3243 929 custodia
3278 892 3383 946 pro
3414 875 3537 946 ejus

217 968 450 1034 obiit,et
467 969 526 1023 in
548 968 1006 1040 septemtrionali
1030 972 1194 1040 parte
1213 968 1545 1022 monasterii
1575 967 1632 1022 in
1667 967 1831 1023 Suin-
1931 964 2271 1019 liberatione
2304 963 2546 1018 relaxari
2575 962 2782 1035 peciit;
2830 966 2888 1017 et
2931 962 2973 1016 si
3006 963 3257 1034 aliquem
3293 963 3537 1035 impera-

213 1057 384 1113 vordi
415 1057 640 1112 civitate
674 1073 774 1111 sua
806 1057 1043 1128 positus,
1077 1057 1150 1111 ab
1177 1057 1464 1129 episcopis
1497 1065 1590 1098 17³³
1625 1057 1827 1122 tribus,
1930 1052 2040 1106 tori
2074 1052 2353 1106 nuncium
2383 1051 2452 1105 de
2496 1051 2846 1122 acquirenda
2887 1051 3147 1122 ejusdem
3197 1052 3384 1122 gratia
3409 1052 3538 1106 mit-

215 1145 514 1212 Heinrico,
566 1145 894 1200 Evurhardo
942 1149 1002 1199 et
1029 1145 1343 1200 venerabili
1391 1145 1611 1200 Ricult‘o
1658 1145 1828 1214 (932),
1929 1143 2052 1194 tere
2081 1140 2362 1202 licuisset,
2393 1139 2701 1210 diligenter
2729 1139 2989 1210 inquirit.
3036 1140 3274 1194 Assiduo
3327 1140 3537 1211 princi-

214 1237 384 1289 extra
415 1233 734 1296 ecclesiam,
766 1237 827 1287 ut
856 1233 974 1305 ipse
1007 1233 1199 1303 peciit,
1251 1233 1417 1304 juxta
1460 1234 1701 1304 januam
1736 1241 1830 1274 im
1932 1245 2072 1300 pum
2098 1229 2310 1282 suimet
2338 1228 2668 1282 interventu
2715 1243 2873 1282 cesar
2902 1227 3010 1281 hiis
3052 1229 3320 1283 omnibus
3350 1246 3537 1283 assen-

211 1323 477 1394 sepultus
505 1325 608 1376 est.
642 1322 758 1376 Hoc
791 1337 950 1377 cesar
996 1321 1056 1376 in
1081 1321 1242 1376 Misni
1273 1322 1653 1394 comperiens,
1685 1322 1829 1376 mul-
1931 1334 2057 1372 sum
2078 1317 2328 1388 prebuit,
2357 1320 2413 1370 et
2435 1320 2571 1371 tunc
2595 1315 2783 1387 primo
2807 1317 3090 1388 comperit
3111 1318 3422 1372 Buszorum
3442 1326 3536 1361 1⁷η

221 1413 353 1464 tum
386 1409 587 1465 doluit.
1927 1423 2152 1478 regem,
2223 1409 2284 1461 ut
2326 1405 2430 1460 sibi
2479 1421 2583 1478 per
2639 1405 3070 1459 internuncium
3139 1415 3234 1448 1m
3271 1407 3540 1478 promisit

289 1500 383 1553 47.
421 1497 728 1552 Bolizlavus
752 1515 886 1553 vero
950 1499 1008 1552 in
1067 1499 1401 1553 Wortizlava
1456 1505 1550 1540 1⁷³³
1602 1497 1830 1553 civitate
1932 1512 2096 1550 suum
2132 1503 2247 1561 i7“,
2273 1494 2618 1549 Bolizlavum
2645 1493 2903 1566 peciisse,
2927 1494 3122 1565 nilque
3142 1493 3218 1548 ibi
3241 1495 3311 1548 ad
3337 1496 3536 1549 urbem

139 1599 156 1612 '
218 1589 502 1641 eventum
528 1585 610 1639 rei
633 1585 906 1640 sollicitus
934 1595 1029 1629 1m
1059 1590 1385 1658 expectans,
1413 1603 1546 1641 cum
1584 1586 1831 1658 impera—
1933 1599 2260 1655 possessam
2287 1582 2597 1656 proﬁcisse.
2632 1584 2808 1654 Ilujus
2855 1599 3102 1652 regnum
3144 1583 3398 1655 prefatus
3428 1584 3536 1638 dux

217 1678 417 1730 torem
444 1675 628 1729 abisse
656 1676 978 1747 urbemque
997 1693 1158 1730 suam
1190 1676 1543 1730 incolomem
1567 1683 1719 1730 stare
1739 1692 1834 1729 au-
1933 1675 2134 1745 postea
2162 1687 2292 1725 cum
2325 1671 2575 1726 exercitu
2602 1671 2901 1738 invadens,
2935 1689 3216 1743 generum
3252 1672 3461 1726 suimet
3485 1675 3543 1726 et

221 1764 397 1830 diret,
413 1765 638 1818 laetatur
657 1763 716 1818 in
740 1766 985 1819 Domino
1011 1764 1401 1836 militibusque
1424 1763 1749 1834 congaudet
1773 1762 1830 1816 in
1934 1761 2176 1814 fratrem
2208 1760 2330 1830 ejus
2362 1760 2458 1813 diu
2497 1761 2797 1830 expulsum
2828 1760 3235 1817 inthmnizavit
3264 1763 3321 1815 et
3345 1760 3542 1815 hilaris

219 1853 432 1906 saeculo
461 1860 574 1904 1787.
609 1852 830 1908 Pedites
868 1856 1062 1906 autem
1112 1852 1262 1906 illius
1323 1854 1448 1923 plus
1500 1868 1676 1923 quam
1706 1867 1827 1905 sex-
1863 1873 1915 1932 B
1935 1857 2027 1891 m5
2060 1848 2250 1902 rediit.
2282 1850 2603 1919 Imperator
2626 1864 2660 1902 a
2683 1848 2850 1903 nobis
2876 1848 3070 1902 exiens
3090 1849 3202 1903 tria
3241 1849 3396 1904 dedit
3416 1850 3543 1904 dor-

220 1941 379 1996 centi
404 1948 500 1984 1⁷³³
521 1941 818 1995 Boemiam
832 1941 894 2012 (ἲ.
919 1945 1044 2009 170)
1073 1941 1397 1994 clanculum
1420 1943 1834 2012 petentes,pre-
1931 1936 2074 1992 salia
2105 1942 2162 1991 et
2199 1953 2439 1991 urceum
2468 1939 2810 2007 argenteum
2839 1945 2954 1990 ίτισ.
2981 1938 3120 1992 Inde
3137 1938 3208 1991 ad
3230 1937 3428 1992 Alstidi
3454 1955 3542 1993 ve-

220 2028 776 2100 damquesibimore
790 2029 957 2084 solito
981 2029 1113 2084 inde
1127 2033 1440 2101 sperantes,
1462 2045 1634 2100 quem
1660 2027 1832 2082 hosti-
1925 2025 2039 2091 ‘nit,
2073 2024 2270 2096 ibique
2297 2024 2559 2078 omnium
2591 2024 2937 2079 memoriam
2981 2029 3310 2080 sanctorum
3363 2025 3542 2095 digna

218 2118 329 2172 bus
354 2118 630 2188 laqueum
662 2118 955 2183 extendre,
981 2117 1174 2190 paucis
1194 2117 1618 2184 excedentibus,
1642 2117 1832 2170 incur-
1932 2113 2305 2168 veneratione
2327 2114 2666 2180 celebravit,
2701 2117 2758 2167 et
2787 2117 2922 2166 tunc
2967 2112 3026 2166 in
3075 2113 3134 2181 (ἲ.
3174 2113 3290 2184 171)
3334 2113 3540 2169 eodem

217 2221 372 2260 rere.
411 2205 524 2260 Sed
549 2205 747 2260 Liutici
778 2205 1086 2260 redeuntes
1116 2205 1264 2272 irati,
1304 2205 1548 2260 dedecus
1578 2205 1698 2259 dea:
1724 2204 1832 2259 sui-
1933 2201 2023 2256 die
2081 2202 2431 2272 Herdingus,
2482 2203 2648 2256 Nova:
2695 2200 2934 2256 civitatis
2959 2202 3031 2256 ab
3062 2201 3410 2274 imperatore
3441 2201 3543 2257 ibi-

219 2297 348 2348 met
374 2294 598 2348 illatum
629 2300 967 2364 queruntur.
993 2296 1133 2348 Nam
1164 2295 1306 2361 hinc,
1364 2294 1421 2348 in
1479 2293 1690 2348 vexillis
1720 2294 1830 2348 for-
1932 2291 2065 2346 dem
2115 2292 2459 2346 constitutus
2514 2291 2714 2358 abbas,
2768 2308 2802 2346 a
2856 2293 3080 2346 Gerone
3109 2291 3540 2364 archiepiscopo

216 2389 385 2437 mata
415 2390 530 2449 173°,
565 2398 598 2435 a
625 2383 876 2453 quodam
930 2382 1266 2436 Herimanni
1325 2391 1419 2424 m0
1480 2381 1828 2437 marchionis
1930 2383 2320 2434 consecratur.
2361 2383 2424 2434 lu
2449 2380 2713 2452 sequenti
2744 2379 3031 2434 dominica
3053 2380 3166 2448 die,
3190 2380 3343 2435 idest
3363 2381 3542 2436 tercia

217 2471 378 2526 socio
404 2470 602 2540 lapide
626 2487 739 2524 uno
770 2471 1009 2541 trajecta
1034 2474 1146 2537 est;
1181 2473 1238 2525 et
1270 2471 1405 2524 dum
1445 2471 1553 2524 hoc
1579 2469 1826 2524 ministri
1933 2471 2127 2524 Nonas
2159 2470 2516 2537 Novembris,
2549 2485 2708 2523 cesar
2736 2469 3026 2541 quoddam
3054 2469 3319 2541 predium
3353 2472 3535 2542 Roga-

218 2561 346 2632 ejus
369 2559 711 2632 imperatori
745 2559 1005 2614 dolenter
1033 2559 1380 2626 retulissent,
1432 2559 1504 2614 ad
1548 2559 1827 2613 emenda-
1928 2557 2018 2612 lici
2054 2558 2199 2628 (933)
2229 2561 2513 2625 vocatum,
2556 2558 2710 2629 quod
2739 2561 2874 2612 tunc
2923 2558 2993 2612 ab
3040 2559 3319 2613 Hatholdo
3350 2558 3534 2613 milite

221 2647 450 2702 tionem
480 2652 546 2702 12
571 2648 785 2702 talenta
809 2650 1210 2718 perceperunt.
1263 2649 1330 2701 Et
1355 2665 1485 2702 cum
1508 2648 1670 2718 juxta
1693 2648 1829 2701 Vur—
1930 2644 2037 2700 sibi
2071 2645 2279 2715 placito
2306 2646 2606 2718 acquisivit
2631 2646 2995 2712 concambio,
3022 2647 3404 2701 confratribus
3443 2664 3543 2702 no-

215 2735 313 2790 cin
340 2735 638 2789 civitatem
669 2735 900 2789 Mildam
945 2734 1120 2788 nimis
1176 2735 1415 2789 effusam
1464 2735 1706 2788 transire
1737 2751 1830 2789 vo-
1930 2733 2138 2788 strisin
2169 2735 2504 2807 Merseburg
2551 2734 2776 2789 Christo
2799 2735 3213 2790 famulantibus
3267 2735 3442 2803 dedit,
3486 2739 3543 2791 et

215 2823 487 2888 luissent,
511 2823 681 2877 deam
711 2839 840 2877 cum
858 2823 1054 2894 egrejo
1082 2827 1148 2878 50
1179 2823 1430 2878 militum
1457 2823 1734 2878 comitatu
1755 2824 1832 2877 al-
1931 2822 2125 2876 lucum
2149 2824 2462 2894 quendam,
2497 2824 2567 2879 ab
2600 2825 2822 2895 Hagero
2867 2832 2982 2891 1747,
3033 2824 3274 2896 predicti
3300 2824 3542 2880 senioris

215 2914 413 2967 teram
448 2911 770 2984 perdidere.
800 2912 939 2966 Tam
965 2912 1118 2966 malo
1151 2911 1569 2966 omineresidui
1593 2912 1831 2966 domum
1935 2926 2240 2981 germano,
2271 2915 2336 2967 10
2364 2911 2594 2966 talentis
2623 2912 2848 2984 argenti
2879 2915 3299 2985 comparatum,
3339 2930 3544 2969 eorun-

225 3004 559 3070 v‘saquaiue
587 3016 620 3053 a
644 2999 879 3055 servicio
929 2999 1152 3054 caesaris
1200 3017 1257 3054 se
1290 3002 1573 3054 malorum
1608 2999 1836 3054 instinc-
1935 2998 2066 3052 dem
2103 2999 2443 3054 utilitatibus
2495 3001 2972 3068 accommodavit,
3008 3002 3404 3074 preceptisque
3435 3001 3543 3056 sui-

214 3092 281 3143 tu
317 3088 649 3143 abalienare
679 3089 969 3155 nituntur;
1001 3089 1099 3143 sed
1123 3089 1319 3143 habito
1369 3093 1496 3160 post
1537 3089 1835 3144 communi
1935 3089 2057 3139 met
2103 3086 2328 3141 ﬁrmari
2373 3088 2650 3160 precepit.
2691 3090 2827 3144 Tres
2864 3106 3095 3162 quoque
3147 3089 3429 3145 aecclesias
3481 3090 3542 3145 in

213 3177 439 3232 suimet
462 3177 690 3248 placito.
715 3193 748 3231 a
779 3176 1065 3248 prioribus
1109 3176 1222 3231 suis
1252 3181 1687 3232 convertuntur.
1738 3179 1837 3232 La-
1860 3215 1904 3251 ρ
1936 3173 2094 3228 Libzi
2128 3178 2184 3228 et
2222 3175 2281 3229 in
2311 3175 2550 3230 Olscuizi
2579 3180 2722 3242 (934)
2751 3193 2814 3232 ac
2839 3177 2899 3232 in
2930 3179 3118 3234 Gusua
3149 3179 3359 3251 positas
3401 3179 3608 3234 mihio
3685 3171 3696 3182 ’

219 3266 436 3322 borem
481 3264 646 3319 istius
675 3264 896 3320 itineris
939 3269 997 3319 et
1047 3281 1362 3320 commune
1416 3267 1834 3322 detrimentum
1863 3264 1906 3278 ν
1936 3267 2215 3317 concessit
2244 3264 2414 3334 (935).
2447 3265 2511 3318 In
2539 3264 2647 3318 hoc
2668 3265 2889 3320 vernali
2918 3269 3181 3338 tempore
3211 3268 3358 3338 (936)
3389 3268 3542 3323 idem

213 3354 350 3427 quis
383 3369 662 3426 umquam
681 3355 832 3408 valet
853 3354 1183 3425 explicare?
1202 3355 1680 3427 Inexsuperabilis
1701 3357 1838 3412 Boe-
1936 3367 2176 3406 aureum
2204 3352 2384 3406 altare
2423 3353 2494 3406 ad
2527 3352 2698 3406 decus
2729 3354 2980 3408 ecclesia:
3015 3354 3284 3409 fabricari
3311 3363 3406 3398 m8
3429 3358 3546 3428 jus-

213 3443 355 3498 miee
389 3442 645 3514 regionis
669 3443 962 3509 introitus,
1027 3443 1125 3498 sed
1169 3444 1351 3498 multo
1407 3444 1659 3500 deterior
1694 3447 1837 3518 ejus-
1937 3443 2088 3494 serat
2113 3444 2344 3508 nostrae,
2380 3441 2452 3495 ad
2477 3441 2632 3513 quod
2662 3457 2769 3511 ego
2803 3458 2870 3495 ex
2899 3442 3120 3514 antiqui
3137 3443 3333 3498 altaris
3364 3444 3543 3499 nostri

215 3531 361 3587 dem
393 3531 507 3586 fuit
545 3531 747 3586 exitus.
771 3531 940 3586 Facta
979 3533 1065 3585 est
1084 3531 1206 3586 haec
1233 3533 1525 3604 expedicio
1555 3533 1628 3587 ad
1649 3535 1838 3605 perni-
1936 3535 2168 3603 sumptu
2190 3531 2314 3584 auri
2335 3538 2429 3572 17H
2460 3536 2491 3587 6
2519 3531 2694 3585 libras
2722 3529 2873 3586 dedi.
2903 3531 3016 3586 Sed
3044 3548 3176 3585 cum
3203 3531 3262 3585 in
3284 3533 3542 3604 predicta

213 3620 371 3674 ciem
403 3619 617 3686 hostis;
650 3620 750 3674 sed
791 3620 1034 3675 crimine
1080 3623 1276 3676 nostro
1307 3623 1554 3675 multum
1584 3623 1711 3677 lesit
1730 3623 1838 3678 vic-
1936 3619 2162 3675 civitate
2188 3636 2348 3675 cesar
2380 3623 2409 3674 5
2442 3619 2792 3675 ebdomadas
2817 3627 2874 3674 et
2898 3623 2933 3674 4
2959 3619 3078 3675 dies
3119 3621 3364 3688 sederet,
3397 3621 3542 3675 dile-

214 3707 448 3763 toribus
476 3707 708 3764 nostris.
757 3708 920 3772 Quod
955 3708 1114 3762 enim
1176 3712 1314 3764 tunc
1347 3708 1406 3763 in
1439 3709 1603 3763 nobis
1629 3727 1745 3764 non
1776 3712 1837 3766 li-
1937 3712 2089 3764 ctum
2114 3709 2222 3763 sibi
2254 3710 2446 3763 locum
2478 3708 3018 3780 Bavenbergvisitat
3039 3716 3154 3776 m9,
3178 3708 3276 3764 ubi
3299 3711 3543 3764 motunc

214 3796 339 3849 cuit
371 3794 642 3862 inimicis,
694 3800 992 3869 peractum
1023 3799 1108 3851 est
1140 3801 1339 3868 postea
1375 3797 1711 3852 criminibus
1738 3815 1836 3853 no-
1937 3814 2137 3852 mense
2166 3797 2465 3852 Decembri
2495 3799 2554 3851 et
2583 3805 2676 3838 i750
2707 3797 2765 3851 in
2789 3796 2974 3870 prima
3007 3801 3196 3865 nocte,
3231 3814 3356 3870 quin
3392 3813 3542 3853 cesa-

213 3883 372 3938 stris.
403 3883 661 3938 Deﬂeam
684 3901 932 3956 quoque,
962 3885 1120 3956 quod
1154 3885 1416 3940 Bolizlavi
1455 3886 1725 3941 satellites
1751 3887 1834 3942 iu-
1933 3886 2010 3940 ris
2043 3887 2359 3941 adventum
2391 3886 2691 3941 subsecuta
2743 3889 2846 3952 est,
2881 3886 3227 3941 Guncelinus
3268 3886 3327 3941 in
3359 3888 3543 3942 custo-

212 3973 311 4026 ter
339 3971 531 4027 Albim
561 3975 618 4026 et
650 3973 882 4027 Mildam
932 3973 1155 4028 facinus
1184 3975 1616 4046 perpetrabant.
1651 3963 1844 4030 Nam;
1932 3975 2026 4029 dia
2053 3976 2146 4029 diu
2171 3980 2369 4031 tentus
2396 3978 2542 4046 (957)
2577 3975 2834 4043 solvitur,
2868 3978 3073 4031 catena
3089 3977 3158 4032 de
3188 3975 3426 4048 pedibus
3453 3975 3536 4031 di-

217 4075 333 4130 que
363 4059 445 4113 hii
465 4060 625 4130 jussu
653 4060 894 4115 senioris
916 4060 1000 4114 sui
1031 4062 1306 4116 velociter
1331 4063 1567 4132 egressi,
1614 4066 1678 4118 13
1718 4065 1827 4118 Ka-
1928 4063 2064 4117 vina
2098 4067 2400 4136 majestate
2434 4064 2756 4120 constrictis
2783 4065 2988 4121 leniter
3019 4067 3258 4122 cadente
3289 4066 3540 4140 integra-

214 4148 422 4203 lendas
451 4147 714 4202 Octobris
745 4148 804 4214 {f.
846 4152 968 4216 171)
996 4151 1121 4220 plus
1153 4167 1328 4222 quam
1354 4152 1512 4205 mille
1539 4153 1829 4222 mancipia
1927 4168 2040 4221 que
2063 4157 2465 4222 permanente.
2503 4154 2834 4209 Heinricum
2877 4155 3051 4210 etiam
3095 4163 3210 4224 17“,
3244 4156 3539 4227 quondam

210 4236 275 4291 in
302 4236 414 4290 hiis
443 4236 701 4308 partibus
721 4244 1112 4308 sumpserunt,
1144 4239 1508 4310 plurimaque
1558 4240 1823 4296 incendio
1924 4240 2351 4296 Bawuariorum
2383 4243 2588 4298 ducem
2610 4247 2668 4298 et
2694 4246 2828 4298 tunc
2850 4248 2882 4300 8
2913 4260 3098 4299 annos
3151 4248 3209 4299 et
3255 4261 3402 4318 pene
3453 4248 3540 4300 tot

206 4327 326 4380 late
357 4329 785 4392 consumentes,
818 4343 1094 4398 prospero
1127 4327 1335 4382 itinere
1364 4331 1748 4383 revertuntur.
1922 4343 2151 4382 menses
2182 4345 2282 4383 sua
2317 4331 2641 4403 depositum
2679 4335 2864 4405 culpa,
2924 4333 3180 4405 pristinis
3221 4333 3539 4407 imperator

275 4417 366 4471 48.
387 4415 709 4483 Imperator
728 4417 926 4468 autem
953 4416 1220 4469 Kalendis
1235 4415 1496 4471 Octobris
1526 4418 1824 4488 Mersburg
1923 4422 2014 4457 ΠΗ
2045 4417 2294 4471 restituit
2315 4418 2632 4476 honoribus
2671 4421 2762 4476 die
2809 4429 2900 4463 1⁷⁵1
2934 4421 3256 4488 dominica;
3309 4421 3454 4476 sicut
3483 4422 3536 4476 ei

201 4502 386 4564 venit,
407 4501 604 4573 ibique
617 4502 1036 4570 Ekkihardum,
1062 4505 1230 4558 Novae
1272 4504 1515 4559 civitatis
1551 4505 1822 4560 abba'em
1851 4529 1902 4588 Ι)
1921 4504 2216 4559 firmatum
2241 4509 2326 4560 est
2352 4507 2512 4579 prius
2542 4526 2576 4563 a
2600 4509 3233 4584 POppone,Treverensi
3257 4509 3535 4582 archiepi-

201 4597 264 4647 et
281 4591 412 4645 huic
430 4593 497 4646 23
519 4605 703 4645 annos
725 4593 829 4645 et5
849 4607 1078 4645 menses
1101 4593 1514 4663 presidentem,
1544 4594 1821 4664 Pragensi
1921 4609 2114 4665 scopo.
2147 4593 2202 4659 (Υ.
2239 4595 2388 4659 172).
2421 4596 2533 4651 Sed
2562 4601 2876 4671 antequam
2905 4599 3075 4670 hujus
3105 4597 3532 4652 conclusionem

202 4678 448 4750 prefecit
475 4677 766 4745 ascclesim,
786 4677 1036 4732 eundem
1058 4683 1090 4733 2
1112 4680 1302 4735 Nonas
1332 4680 1590 4736 Octobris
1629 4688 1721 4722 17H
1750 4681 1821 4735 ab
1920 4680 2059 4735 anni
2091 4681 2324 4749 faciam,
2361 4685 2626 4755 quaedam
2669 4685 2729 4741 in
2759 4688 2868 4742 hoc
2896 4687 3138 4742 dicenda
3166 4685 3529 4742 interseram.

1531 4777 1765 4832 VARle
1821 4777 2110 4833 LECTION
2118 4779 2218 4836 ES.

276 4855 372 4890 m0
403 4847 464 4901 in
496 4861 707 4902 erasum
743 4851 791 4900 1.
870 4847 990 4888 1⁷³³¹
1023 4847 1149 4902 add.
1186 4849 1269 4902 ib.
1349 4856 1443 4891 17M
1474 4850 1512 4904 i.
1547 4849 1585 4903 i.
1632 4849 1755 4903 add.
1805 4848 1887 4904 lb.
1969 4856 2062 4892 1⁷³³
2116 4850 2479 4907 uuordizlavo
2537 4857 2620 4908 la.
2701 4863 2794 4898 im
2834 4857 3053 4913 sollitus
3099 4861 3148 4913 1.
3223 4862 3318 4899 1⁷³⁷
3359 4853 3531 4910 Verba

203 4917 263 4972 in
317 4917 569 4974 Domino
617 4924 667 4970 et
721 4917 778 4971 in
833 4919 1023 4973 seculo
1069 4936 1219 4973 erasa
1259 4922 1315 4973 in
1357 4920 1471 4975 cod.
1527 4924 1546 4974 l
1596 4919 1654 4974 in
1699 4920 1960 4975 secundis
2010 4924 2062 4975 2.
2146 4929 2240 4964 1⁷⁸⁸
2288 4923 2559 4978 sixccenti
2608 4929 2691 4979 la.
2739 4925 2755 4979 i
2804 4943 2940 4983 corr.
2997 4930 3059 4984 in
3101 4946 3132 4984 e
3187 4928 3267 4982 lb.
3347 4934 3439 4968 17³³
3487 4927 3525 4982 i.

203 5006 256 5067 γ’.
305 4991 344 5043 f.
406 4987 532 5067 add.
584 4989 668 5067 lb.
713 4989 1266 5067 ._1'If°_heramanni
1295 5007 1433 5067 cor_r_.
1467 4990 1797 5045 herimanni
1851 4994 1934 5045 la.
1983 4991 1997 5044 i
2024 4999 2149 5062 post
2187 5010 2331 5047 eraso
2367 4998 2414 5047 1.
2528 5003 2622 5067 ml
2666 4999 2740 5048 sic
2787 4997 3060 5067 legendum
3103 5017 3207 5054 esse
3249 5016 3356 5054 non
3407 5014 3529 5051 vero

200 5059 506 5139 vaemb.,
527 5060 603 5139 “ut
631 5056 1026 5139 ςρᾱάλωὸςηι,
1047 5077 1122 5139 ex
1149 5063 1490 5139 sequentibus
1515 5070 1756 5139 apparet.
1799 5133 1809 5139 _
1839 5069 1932 5104 17ιὲ
1958 5056 2274 5139 _ruszurum
2319 5068 2411 5139 _la.
2454 5065 2543 5119 sed
2567 5069 2672 5139 ipse
2718 5056 2856 5139 corr:
2933 5077 3027 5111 1m
3053 5087 3113 5124 η.
3147 5088 3192 5124 s.
3238 5086 3294 5139 p.
3327 5070 3364 5123 i.
3399 5069 3526 5125 add.

205 5129 288 5206 ib;
345 5137 440 5172 i7“
467 5128 599 5206 add.
635 5128 712 5206 l_b.
781 5138 885 5206 fw
914 5130 1112 5184 hiralis
1134 5128 1234 5206 tu:
1251 5132 1446 5206 hilaris
1473 5128 1598 5187 1b."
1619 5141 1710 5206 17"}
1737 5133 1850 5206 tria
1870 5163 1935 5172 -
1957 5134 2094 5206 Inde
2117 5135 2242 5189 add.
2276 5136 2358 5190 lb.
2395 5151 2521 5206 arg.
2549 5128 2802 5190 ecclesiae
2826 5143 3036 5193 nostra}
3056 5145 3107 5194 2.
3165 5128 3281 5184 ’Ἱῖῖτ
3306 5141 3525 5206 hogero

204 5200 307 5280 to}
367 5207 463 5280 ξτ-ιθ
495 5198 794 5254 frabricari
831 5205 880 5256 1.
958 5208 1053 5244 im
1095 5201 1337 5258 visitavit
1366 5208 1451 5260 la.
1531 5212 1624 5247 175°
1654 5203 1750 5259 ubi
1791 5207 1928 5258 tunc
1970 5211 2018 5258 et
2059 5205 2119 5261 in
2165 5206 2356 5278 prima
2385 5198 2862 5280 ——permanente
2911 5209 3037 5267 add.
3087 5212 3168 5268 lb.
3247 5219 3341 5255 νηί
3373 5198 3430 5268 d.
3465 5212 3522 5268 d.

204 5270 325 5326 add.
364 5271 452 5330 Η).

1751 5345 1973 5403 NOTIE.

203 5430 424 5557 8ιὶξὲἓέ
480 5430 990 5503 Wirzeburgensis,
1055 5433 1498 5506 Bambergensis
1546 5437 1605 5491 et
1660 5435 1811 5491 Trie-
1909 5437 2307 5566 23330532152;
2327 5417 2862 5497 donatione'charta
2879 5459 2931 5498 a.
2961 5443 3116 5508 1017,
3149 5442 3287 5498 Nov.
3317 5445 3521 5511 3,data

271 5574 427 5711 £933)
455 5570 696 5640 Rceglitz
717 5589 897 5643 prope
923 5573 1283 5657 Schheuditz.
1453 5608 1470 5623 ε
1985 5583 2123 5653 (936)
2158 5583 2247 5638 Sc.
2283 5582 2341 5638 in
2368 5598 2499 5638 vere
2527 5582 2698 5658 hujus
2723 5585 2883 5639 anni.

297 5647 427 5711 934)
473 5641 747 5697 (Elschau
774 5660 953 5711 prope
976 5645 1223 5711 Leipzig.
1986 5655 2128 5711 (937)
2158 5653 2323 5710 Conf.
2366 5671 2538 5711 super
2564 5656 2601 5710 l.
2637 5673 2710 5711 v1.
2737 5673 2786 5711 c.
2810 5659 2877 5711 36

774 5641 953 5724 prope
976 5645 1228 5730 Leipzig:
1301 5717 1311 5728 ⁸
1418 5719 1451 5730 Α
1743 5718 1755 5730 .
1986 5641 2128 5725 (937)
2158 5653 2323 5710 Conf.
2366 5671 2538 5730 super
2564 5641 2710 5724 l.'v1,
2737 5673 2786 5711 c.
2810 5659 2898 5714 36.

275 5715 432 5785 (935)
471 5713 840 5785 Imperatoris
883 5713 1366 5788 super'Ecclesim
1413 5718 1808 5789 Gusuavensis,
