3900 6216
1374 467 1746 526 ΤΗῙΕἸἮΔΒΙ
1785 467 2103 528 EPlSCOPl
2141 468 2762 532 IERSEBURGENSIS

3603 479 3743 538 H00

453 589 1294 661 49.Thietmarus,venerabilis
1308 595 1523 648 sanctae
1537 591 2006 648 Asenbrunensis
2025 594 2080 656 Α
2110 594 2274 651 ribus
2299 597 2410 652 hoc
2439 601 2826 672 compleatur.
2871 602 2998 656 Non
3021 603 3108 658 est
3133 599 3551 658 admirandum
3581 601 3739 674 quod

385 688 481 728 Im
504 680 775 738 ecclesiis
823 680 1144 754 episcopus,
1199 695 1392 734 servus
1439 682 1620 736 sancti
1652 681 1909 736 Mauricii
1945 682 2004 737 in

383 769 776 842 Hagadaburg
800 772 859 823 et
888 768 1045 840 prius
1066 767 1218 822 utilis
1235 769 1550 839 Magonciaa
1572 772 1630 824 et
1655 757 2004 841 Aquisgrani

384 858 729 931 propositus,
755 856 1002 928 caligine
1023 855 1275 928 quadam
1305 857 1645 912 obfuscante
1668 858 1863 912 lumen
1897 859 2007 912 hoc

386 946 608 1002 visibile
636 946 695 1001 in
714 945 892 1018 priori
918 945 1164 1018 perdidit
1185 961 1342 1000 anno
1363 953 1550 1012 1⁷⁸³,εο
1565 946 1828 1001 interiori
1842 947 2007 1001 oculo

388 1051 458 1093 eo
482 1034 723 1091 lucidius
739 1033 1023 1101 radiante,
1055 1033 1320 1089 fomitem
1344 1034 1524 1089 tocius
1559 1034 1700 1090 lucis
1721 1035 2009 1091 Christum

389 1123 678 1180 indefesso
715 1123 917 1179 labore
964 1123 1089 1194 jam
1140 1124 1587 1195 contemplatur.
1650 1124 1748 1178 llic
1793 1140 1827 1178 a
1873 1141 2011 1194 rege

388 1212 656 1269 Heinrico
688 1210 958 1268 successit
1001 1211 1354 1266 antecessori
1411 1229 1513 1266 suo
1581 1211 1874 1279 Nonnoni,
1915 1203 2012 1283 qui

389 1300 699 1358 0thilulfus
727 1300 1212 1371 dicebatur(938).
1229 1299 1622 1355 Obieruntim
1645 1301 1704 1355 in
1727 1301 1835 1355 hoc
1856 1317 2010 1355 anno

387 1389 673 1446 antistites
702 1388 937 1460 praclui
966 1387 1222 1444 Amulric
1259 1388 1410 1460 (939)
1434 1405 1498 1442 ac
1540 1396 1634 1431 17"
1657 1389 2012 1443 lierniundus

389 1479 451 1534 et
476 1476 795 1544 Becelinus,
829 1479 890 1531 et
915 1491 1126 1546 paucas
1141 1475 1350 1532 sedens
1373 1476 1732 1532 ebdomadas
1751 1478 2011 1530 Altman-

391 1582 518 1622 nus.
540 1565 641 1620 Hic
662 1565 984 1620 monachus
1013 1563 1123 1620 fuit
1147 1564 1329 1620 sancti
1361 1564 1644 1619 Johannis
1672 1565 1932 1637 baptista:
1953 1564 2014 1618 in

392 1652 806 1725 Magadaburg,
837 1651 1088 1725 indeque
1123 1653 1196 1708 ab
1219 1652 1614 1708 Haethelheida
1643 1661 1737 1694 1756
1770 1652 2016 1707 abbatis-

389 1758 472 1810 sa,
499 1758 569 1798 eo
601 1741 754 1814 quod
785 1741 855 1797 de
897 1758 1000 1798 sua
1045 1745 1196 1797 esset
1243 1741 1489 1809 familia,
1539 1743 1804 1809 Arnulfo,
1860 1741 2014 1812 regis

390 1846 673 1903 germano
705 1832 762 1885 et
787 1847 940 1886 nunc
959 1829 1392 1902 archiepiscopo
1439 1831 1785 1886 Ravennatis
1823 1831 2016 1886 wccle'

2108 685 2168 740 in
2195 685 2305 741 hiis
2333 689 2592 760 partibus
2613 691 2726 745 tale
2757 695 3080 747 ostentatur
3097 693 3157 757 (f.
3198 696 3324 762 173)
3367 693 3733 766 prodigium-

2109 775 2251 828 Nam
2285 776 2643 833 habitatores
2673 779 2750 834 illi
2780 797 2911 836 raro
2947 781 3018 836 ad
3050 783 3371 837 aecclesiam
3401 782 3731 850 venientes,

2110 862 2179 916 de
2209 880 2440 918 suorum
2474 866 2798 923 visitatione
2825 871 3124 924 custodum
3158 871 3238 925 nil
3257 875 3495 925 curant.
3526 873 3731 926 Dome—

2110 951 2283 1006 sticos
2312 953 2509 1008 colunt
2533 955 2689 1022 deos,
2729 959 3094 1029 multumque
3142 967 3236 1002 im
3283 959 3393 1013 sibi
3455 960 3728 1032 prodesse

2112 1039 2346 1094 eosdem
2368 1047 2686 1113 sperantes,
2717 1045 2828 1099 hiis
2884 1046 3190 1102 inmolant.
3238 1047 3441 1102 Audivi
3497 1048 3570 1102 de
3600 1065 3732 1119 quo-

2113 1127 2246 1182 dam
2269 1129 2504 1198 baculo;
2531 1131 2590 1185 in
2614 1133 2774 1204 cujus
2792 1135 3060 1190 sumitate
3086 1152 3293 1190 manus
3313 1139 3654 1203 erat,unum
3673 1138 3730 1190 in

2113 1231 2171 1269 se
2198 1217 2451 1272 ferreum
2477 1227 2570 1262 I7“
2603 1228 2808 1276 tenens
2830 1223 3128 1288 circulum,
3152 1224 3311 1294 quod
3339 1239 3477 1278 cum
3503 1228 3732 1296 pastore

2113 1303 2268 1358 illius
2301 1305 2470 1373 villa},
2501 1308 2561 1362 in
2587 1326 2700 1380 quo
2730 1309 2778 1364 is
2810 1319 2904 1353 17“
2923 1312 3132 1378 fuerat,
3164 1327 3270 1382 per
3301 1328 3513 1366 omnes
3533 1312 3733 1367 domos

2118 1390 2218 1445 has
2249 1392 2621 1463 singulariter
2640 1397 2859 1464 ductus,
2912 1397 2972 1452 in
3004 1399 3192 1470 primo
3246 1397 3494 1454 introitu
3543 1416 3646 1455 suo
3699 1417 3733 1454 a

2117 1479 2396 1550 portitore
2422 1483 2500 1537 sic
2523 1485 2898 1540 salutaretur:
2936 1486 3138 1557 Vigila,
3170 1487 3397 1553 Henm'l,
3434 1488 3613 1558 vigila
3635 1487 3730 1541 l—

2117 1567 2194 1621 sic
2243 1571 2401 1625 enim
2434 1572 2655 1628 rustica
2684 1575 2999 1629 vocabatur
3025 1575 3224 1647 lingua
3250 1605 3321 1616 —
3345 1579 3405 1629 et
3430 1577 3730 1648 epulantes
3755 1591 3769 1604 ’

2117 1655 2195 1711 ibi
2229 1659 2470 1714 delicate
2498 1669 2613 1728 17“,
2645 1663 2716 1717 de
2747 1663 3004 1734 ejusdem
3031 1681 3090 1718 se
3121 1664 3270 1719 tueri
3291 1665 3554 1719 custodia
3577 1665 3728 1718 stulti

2118 1749 2498 1804 autumabant
2516 1753 2685 1818 (941),
2732 1751 3067 1822 ignorantes
3095 1753 3237 1807 illud
3265 1753 3588 1807 Daviticum
3613 1752 3732 1808 :Si-

2118 1837 2364 1892 mulacra
2390 1841 2630 1909 gentium
2659 1856 2816 1910 opera
2843 1841 3142 1908 hominum,
3173 1845 3230 1895 et
3261 1844 3492 1896 caetera.
3517 1841 3730 1898 Similes

391 1919 512 1986 site,
535 1920 608 1974 ad
639 1918 935 1976 servitium
983 1918 1056 1974 ab
1093 1936 1163 1974 ea
1190 1919 1358 1974 datus
1407 1922 1513 1986 est,
1578 1936 1614 1973 a
1657 1936 1771 1990 quo
1813 1926 2014 1991 postea
2033 1915 2084 1975 Β
2115 1925 2219 1979 illis
2243 1925 2379 1998 ﬁant
2398 1928 2654 1996 facientes
2677 1947 2738 1984 ea
2766 1935 2818 1984 et
2845 1930 3162 1999 conﬁdentes
3188 1931 3289 1985 hiis
3345 1930 3517 2001 (Psal.
3559 1945 3729 2002 cxm,

390 2010 781 2075 consecratus,
809 2023 843 2062 a
867 2007 981 2062 suis
1016 2007 1293 2062 tocxicata
1336 2015 1430 2050 i757
1461 2007 1696 2079 potione
1727 2009 1876 2062 Iesus
1905 2009 2012 2061 est~

461 2098 552 2153 50.
588 2097 654 2151 In
682 2112 815 2151 mea
843 2095 1132 2151 vicinitate
1153 2098 1212 2151 et
1232 2096 1291 2150 in
1317 2096 1532 2169 oppido
1556 2095 2014 2165 Silivellun(9-'rO)

391 2182 544 2240 dicto
587 2183 933 2240 miraculum
960 2184 1252 2257 quoddam
1295 2184 1502 2239 accidit
1525 2184 1583 2238 in
1617 2184 1865 2239 secunda
1913 2185 2014 2238 De.

391 2272 643 2329 cembris
665 2272 1010 2330 ebdomada.
1049 2273 1176 2328 Fuit
1223 2273 1299 2328 ibi
1337 2273 1588 2345 quedam
1627 2272 1837 2328 mulier
1862 2289 2012 2342 quae,

390 2377 524 2419 cum
553 2361 742 2418 virum
763 2361 976 2417 suimet
1011 2360 1172 2416 domi
1204 2378 1320 2415 non
1351 2361 1612 2425 haberet,
1649 2376 1822 2432 super
1859 2377 1918 2414 se
1954 2362 2016 2414 et

393 2465 566 2523 super
596 2449 745 2505 ﬁlios
762 2449 1090 2523 hospicium
1120 2448 1427 2504 obserabat
1455 2457 1549 2491 175°
1591 2465 1780 2515 suum,
1804 2449 1862 2502 et
1886 2463 2016 2502 ecce

391 2541 529 2595 ante
558 2537 916 2610 gallicinium
960 2537 1183 2592 sonitus
1215 2537 1286 2591 ab
1317 2553 1390 2591 ea
1441 2536 1741 2590 inmensus
1767 2535 2013 2590 auditur.

392 2626 537 2684 Haec
567 2625 774 2681 talibus
797 2625 1217 2698 obstupefacta,
1243 2624 1730 2680 vicinosclamore
1742 2624 2017 2680 continuo

393 2729 638 2770 evocans
661 2721 776 2782 17",
805 2713 1212 2768 necessitatem
1245 2729 1408 2767 suam
1434 2711 1669 2767 indicat.
1699 2711 1806 2776 Qui
1829 2713 2020 2767 volen-

391 2815 481 2872 tes
497 2801 689 2860 eidem
707 2818 1064 2868 succurrere,
1099 2803 1160 2872 (f.
1201 2802 1324 2874 l72)
1356 2802 1558 2856 crebra
1571 2801 1908 2872 jactacione
1935 2818 2022 2856 re-

393 2892 710 2967 pelluntur.
722 2891 980 2946 Tandem
990 2891 1095 2964 jan
1104 2907 1238 2946 uam
1252 2891 1610 2962 frangentes,
1625 2890 1943 2962 gladiisque
1961 2889 2021 2944 in

392 2981 616 3041 trantes
627 2979 959 3054 evaginatis,
969 2980 1107 3052 quid
1120 2979 1543 3035 matrifamilias
1553 2979 1638 3034 vel
1654 2979 1785 3050 ipsis
1798 2981 2024 3033 tantum

395 3068 784 3138 rebellaverit,
797 3068 971 3141 dilige
979 3068 1428 3140 nterlinquirunt
1443 3085 1456 3136 ;
1481 3070 1539 3122 et
1551 3067 1685 3139 quia
1699 3071 2025 3122 monstrum

2113 2017 2168 2081 4,
2209 2016 2284 2091 8).

2187 2178 2432 2244 5l.Quia
2459 2187 2554 2222 17“
2574 2197 2708 2236 vero
2741 2197 2918 2236 omne
2950 2198 3147 2236 rarum
3199 2183 3287 2236 est
3325 2181 3527 2254 utique
3555 2181 3730 2237 admi~

2115 2269 2360 2324 randum
2392 2285 2457 2323 ac
2487 2285 2724 2341 persepe
2777 2271 2838 2323 ut
2881 2273 3152 2342 portenta
3178 2271 3552 2343 stupendum.
3602 2271 3728 2325 ideo

2116 2357 2408 2430 quandam
2438 2375 2582 2422 rem,
2619 2375 2746 2430 qua:
2778 2359 2838 2413 in
2888 2360 3099 2414 nostris
3134 2359 3326 2414 evenit
3355 2360 3729 2432 temporibus,

2117 2447 2383 2518 explano.
2413 2447 2796 2502 Serenissimo
2819 2465 2954 2519 rege
2975 2449 3239 2518 Heinrico
3264 2451 3404 2503 tunc
3426 2456 3521 2492 ιτστ
3555 2448 3731 2504 domi-

2120 2539 2318 2603 nante,
2352 2552 2415 2590 ac
2436 2536 2733 2604 Wigberto
2764 2541 3125 2592 antecessore
3177 2555 3310 2592 meo
3364 2539 3626 2609 vigente,
3673 2539 3728 2594 in

2120 2623 2253 2678 villa
2285 2632 2379 2667 1768
2409 2625 2661 2696 quadam
2691 2625 2893 2680 Rotlizi
2935 2634 3030 2668 ίτσο
3077 2629 3230 2696 (942)
3279 2627 3456 2694 dicta,
3492 2645 3664 2697 quam
3697 2643 3730 2681 a

2123 2716 2392 2768 matrona
2419 2713 2733 2768 venerabili
2763 2715 2880 2782 Ida,
2915 2732 3063 2770 nuru
3107 2717 3282 2788 primi
3338 2717 3568 2772 Ottonis
3593 2716 3726 2787 (9431

2126 2809 2337 2856 nostra:
2357 2803 2625 2857 traditam
2650 2803 3093 2872 (ecclesiaaﬁezo
3118 2806 3444 2877 prepositus
3483 2810 3622 2860 tunc
3646 2813 3734 2848 ιττο

2124 2888 2184 2943 in
2214 2890 2560 2946 beneﬁcium
2581 2892 2788 2957 tenuit,
2823 2892 2966 2947 sicut
2993 2893 3066 2948 ab
3087 2910 3156 2948 eo
3185 2893 3470 2950 veraciter
3485 2894 3735 2966 comperi

2124 2978 2346 3034 accidit.
2374 2981 2436 3034 In
2469 2996 2652 3034 messe
2680 2981 2989 3049 laboriosa,
3051 2999 3184 3037 cum
3237 2982 3296 3037 in
3347 2999 3468 3038 una
3520 2984 3737 3039 dierum

2127 3068 2373 3140 operarii
2410 3069 2666 3140 ejusdem
2689 3069 2812 3139 jam
2844 3071 2974 3126 lassi
3033 3088 3092 3125 se
3140 3071 3460 3127 voluissent
3485 3073 3737 3140 reﬁcere,

321 3189 376 3231 ς
398 3161 545 3226 erat,
573 3158 798 3214 hostem
831 3174 950 3214 non
979 3158 1363 3227 invenientes,
1389 3157 1603 3229 egressi
1636 3159 1770 3211 sunt
1813 3155 2020 3214 tristes.
2057 3171 2104 3231 ο
2127 3172 2336 3228 panem
2353 3157 2878 3228 primitusincisum
2914 3159 3262 3227 sanguinem
3281 3159 3560 3215 viderunt
3573 3161 3740 3216 eﬂ’un-

399 3247 604 3307 Mulier
618 3249 813 3304 autem
835 3247 1094 3319 predicta
1123 3247 1277 3302 diem
1319 3259 1659 3320 exspectans
1690 3244 2021 3314 sollicitum,

399 3334 650 3394 crastino
676 3335 1007 3408 proximum
1025 3335 1320 3392 accersivit
1334 3333 1754 3408 presbiterum;
1783 3332 1882 3404 qui
1903 3349 2024 3388 om-

404 3441 543 3482 nem
570 3424 724 3482 hanc
745 3425 986 3482 domum
1032 3425 1291 3498 reliquiis
1319 3427 1651 3479 sanctorum
1681 3427 1740 3477 et
1767 3439 1918 3494 aqua
1944 3422 2024 3476 lu—

401 3511 601 3569 stravit
628 3514 953 3572 benedicta.
986 3515 1050 3572 In
1089 3513 1355 3586 sequenti
1404 3521 1501 3556 ’τσο
1529 3527 1663 3568 vero
1717 3513 1885 3566 nocte
1927 3527 2025 3582 pa-

401 3617 533 3660 rum
553 3603 624 3658 de
648 3605 976 3677 supradicto
1004 3607 1230 3660 terrore
1259 3602 1608 3667 concutitur,
1641 3603 1700 3655 et
1737 3600 1855 3656 Deo
1898 3616 2028 3669 gra-

400 3689 511 3748 tias
537 3690 551 3746 l
578 3693 781 3748 crebra
825 3692 1130 3764 presbiteri
1176 3692 1501 3747 visitatione
1537 3689 1838 3744 liberatur.
1891 3688 2022 3741 Tale

401 3779 636 3854 aliquid,
667 3781 1014 3854 ubicumque
1035 3781 1251 3846 evenit,
1289 3795 1506 3834 novum
1548 3775 1766 3848 aliquid
1795 3779 2024 3847 preten-

403 3867 505 3924 dit.
529 3869 928 3943 Unusquisque
948 3869 1207 3924 ﬁdelium
1229 3884 1347 3922 non
1378 3867 1486 3921 sibi
1507 3865 1709 3920 timeat
1739 3867 2020 3918 terrorem

399 3959 566 4015 illum
594 3977 608 4028 ;
648 3976 708 4016 se
737 3963 1103 4032 peccatorem
1121 3974 1188 4012 ex
1208 3956 1379 4012 corde
1404 3955 1736 4026 cognoscat,
1759 3954 1818 4007 et
1847 3951 2017 4021 signo

401 4051 615 4103 sanctas
644 4047 828 4103 crucis
850 4046 1072 4119 jugiter
1101 4062 1162 4100 se
1193 4043 1485 4111 muniens,
1535 4057 1772 4098 omnem
1823 4040 2020 4096 adver-

401 4135 615 4192 sariam
643 4137 988 4208 potestatem
1017 4149 1254 4207 prorsus
1300 4131 1578 4188 excludat.
1621 4129 1804 4186 Hostis
1828 4129 2024 4184 incau-

400 4226 494 4280 tos
518 4239 778 4296 quosque
806 4223 885 4278 sic
918 4223 1152 4291 inludit,
1205 4227 1262 4278 et
1290 4223 1350 4279 in
1381 4240 1440 4279 se
1479 4219 1696 4294 aliquid
1723 4219 2022 4275 credentes

400 4311 478 4369 ad
501 4310 772 4370 ultimum
803 4311 1035 4385 decipit.
1066 4313 1172 4370 Ubi
1200 4312 1483 4369 desolacio
1509 4314 1644 4367 tunc
1671 4312 1776 4375 est,
1817 4309 1915 4362 aut
1942 4307 2021 4366 {aL

401 4401 1026 4459 cinussubsecuturum
1059 4405 1144 4458 est
1193 4404 1280 4458 vel
1334 4402 1528 4474 aliqua
1584 4397 1860 4460 mutacio,
1893 4395 2020 4450 talis

2124 3245 2280 3312 dere;
2305 3245 2476 3316 idque
2507 3245 2882 3312 admirantes,
2911 3247 3122 3302 seniori
3153 3265 3257 3302 suo
3297 3249 3740 3321 concivibusque

2125 3334 2456 3389 ostendunt.
2485 3335 2537 3400 (f
2577 3335 2718 3407 l73')
2735 3336 2823 3402 Et,
2841 3337 2903 3388 ut
2919 3352 3070 3402 mor,
3089 3336 3198 3392 hoc
3212 3337 3556 3408 prodigium
3571 3329 3742 3392 futuri

2126 3420 2338 3477 exitum
2369 3423 2503 3488 belli
2530 3439 2596 3478 ac
2616 3423 2676 3478 in
2706 3440 2774 3478 eo
2795 3424 3114 3478 multorum
3135 3440 3405 3481 cruorem
3435 3425 3740 3480 hominum

2124 3509 2477 3582 presignavit
2523 3513 2952 3567 emanaturum.
3003 3512 3262 3568 Alteram
3313 3529 3554 3584 quoque
3595 3529 3737 3579 rem,

2125 3598 2386 3669 quamvis
2413 3600 2595 3654 multo
2644 3599 3105 3664 laudabiliorem,
3145 3604 3345 3656 tamen
3412 3601 3738 3658 mirabilem

2124 3687 2537 3758 memoriasque
2566 3686 2802 3758 dignam
2833 3687 3114 3744 describo.
3149 3691 3212 3743 ln
3265 3705 3402 3746 arce
3441 3691 3736 3755 Romulea,

2125 3790 2252 3846 quae
2277 3775 2537 3830 omnium
2559 3778 2645 3830 est
2659 3776 2844 3848 capud
2864 3775 3094 3831 urbium
3107 3777 3181 3832 ob
3194 3777 3557 3834 diversarum
3569 3777 3741 3851 quali-

2123 3865 2302 3917 tatem
2325 3880 2647 3933 causarum,
2675 3864 2734 3918 in
2759 3881 2872 3919 una
2885 3865 3142 3920 ecclesia
3163 3869 3222 3920 et
3239 3865 3302 3921 in
3325 3867 3568 3924 dextera
3582 3875 3739 3943 parte

2122 3952 2338 4019 altaris,
2365 3952 2435 4008 ab
2467 3970 2582 4008 uno
2615 3953 2934 4026 pavimenti
2959 3955 3248 4010 foramine
3293 3972 3400 4026 per
3447 3957 3738 4028 integrum

2123 4041 2298 4108 diem,
2355 4041 2550 4096 multis
2597 4042 2706 4096 hoc
2736 4043 3106 4098 cernentibus
3148 4046 3324 4116 atque
3353 4046 3740 4118 stupentibus,

2124 4130 2316 4184 oleum
2338 4130 2652 4185 emanavit.
2688 4131 2863 4202 Hujus
2891 4133 3117 4204 partem
3137 4131 3436 4187 Iohannes
3463 4133 3744 4190 Crecentii

2121 4216 2272 4272 filius
2301 4217 2362 4272 in
2391 4219 2626 4289 ampula
2665 4219 2914 4291 quadam
2975 4219 3242 4275 Heinrico
3284 4221 3504 4278 seniori
3535 4239 3636 4278 suo
3687 4227 3746 4278 et

2122 4309 2256 4362 tunc
2272 4307 2395 4380 regi
2420 4312 2614 4363 nostro
2633 4308 2972 4373 transmisit,
2997 4311 3056 4363 et
3092 4308 3230 4380 quia
3249 4310 3448 4364 oleum
3466 4328 3618 4366 nunc
3634 4329 3743 4384 pro

2121 4394 2512 4452 misericordia
2535 4396 2792 4469 ponitur,
2829 4399 2893 4450 ut
2920 4399 3007 4450 est
3031 4396 3168 4451 illud
3199 4412 3212 4451 :
3242 4396 3436 4452 Oleum
3463 4398 3528 4453 de
3561 4402 3742 4470 capite

398 4507 526 4550 rom
553 4489 812 4564 procedit
835 4490 1050 4547 indicio
1076 4500 1192 4547 17“.
1229 4491 1374 4556 Quia
1397 4490 1565 4548 nobis
1591 4489 1870 4544 adherere
1900 4487 2017 4541 Deo
2039 4524 2093 4585 Β
2229 4501 2338 4540 non
2361 4485 2570 4554 deﬁciet
2609 4485 2812 4585 ἐξα-[ε.
2839 4501 2914 4552 ιχ,
2947 4487 3020 4550 8),
3055 4501 3208 4583 nunc
3235 4500 3345 4584 pro
3375 4487 3740 4554 adulacione,

399 4583 459 4636 et
485 4596 650 4654 spem
681 4583 941 4636 nostram
970 4597 1189 4654 ponere
1221 4581 1282 4637 in
1311 4597 1380 4637 eo
1403 4581 1622 4638 bonum
1666 4579 1770 4642 est,
1823 4590 2019 4648 preoc-

399 4685 677 4743 cupemus
701 4671 964 4728 sanctam
993 4670 1204 4726 faciem
1232 4671 1358 4742 ejus
1381 4667 1621 4726 assiduis
1633 4665 1915 4739 precibus,
1933 4665 2014 4732 ut,

399 4759 518 4815 sive
537 4757 762 4832 aliquid
789 4759 958 4816 nobis
984 4759 1356 4833 presignetur
1387 4757 1503 4812 sive
1541 4756 1757 4810 celetur
1811 4760 1902 4795 1761
1945 4752 2016 4806 de

400 4855 496 4894 Im
523 4845 1064 4904 misericordissima
1087 4847 1303 4920 pietate
1323 4862 1426 4901 sua
1463 4843 1525 4900 in
1566 4843 1733 4899 nobis
1757 4843 2016 4914 peccato-

2119 4575 2184 4627 ut
2197 4572 2308 4628 hoc
2323 4575 2410 4628 est
2431 4580 2523 4615 ίττι
2555 4589 2569 4628 :
2602 4572 2791 4628 Oleum
2813 4573 3112 4644 peccatoris
3133 4588 3244 4626 non
3266 4573 3554 4645 inpinguet
3579 4583 3739 4646 captu

2117 4660 2706 4732 meum(Psal.cxr.,5);
2738 4660 2798 4716 in
2824 4660 2932 4715 hoc
2951 4658 3120 4730 signo
3155 4661 3532 4718 clementiam
3559 4667 3740 4720 recto-

2115 4747 2193 4804 ris
2221 4749 2400 4806 nostri
2443 4749 2884 4804 habundantem
2911 4751 2969 4802 et
3003 4745 3154 4802 illius
3179 4748 3410 4821 patricii
3449 4750 3736 4806 lasciviam

2113 4838 2396 4894 latentem
2427 4837 2746 4911 perpendo.
2779 4838 3038 4908 Namque
3087 4833 3136 4889 is
3191 4838 3528 4908 apostolicae
3589 4841 3733 4902 sedis

1724 4929 1955 4984 VARLE
1995 4925 2394 4983 LECTIONES.

467 5013 565 5050 im
587 5005 1100 5062 asenbrunniensis
1129 5009 1212 5060 la.
1325 5011 1422 5048 ίτῑι
1448 5002 1507 5058 in

398 5075 548 5134 I‘lcus
588 5079 694 5150 lc.)
723 5094 789 5134 ac
825 5077 951 5134 add.
988 5077 1074 5132 lb.
1151 5084 1247 5150 εἴη
1277 5076 1438 5134 hath.
1476 5077 1566 5129 lc?

395 5156 492 5222 17'}
519 5146 795 5222 sequente
822 5151 914 5204 la.
994 5156 1086 5191 1m
1119 5148 1335 5204 celatur
1369 5151 1417 5201 1.
1497 5153 1591 5222 tm
1619 5146 1677 5200 in
1711 5149 1796 5200 la.

391 5218 519 5292 Alia
539 5218 722 5292 pirgil
750 5236 919 5278 manu
942 5223 993 5275 l.
1030 5289 1040 5292 _
1066 5290 1076 5292 μ
1107 5227 1200 5292 mf!
1229 5234 1441 5275 erasum
1489 5219 1539 5272 1.

395 5289 592 5348 oleum
619 5289 694 5334 -ι-
719 5292 830 5348 hoc
857 5293 943 5348 est
968 5289 1096 5347 add.
1129 5291 1212 5347 lb.

1875 5149 1970 5184 1763

1537 5001 1717 5074 priori
1763 5008 1831 5074 ετξ
1859 5015 2017 5074 anno
2052 4995 2194 5074 add.
2231 4996 2315 5053 lb.

1640 5081 1732 5116 m7
1763 5072 1888 5126 add.
1926 5070 2005 5124 lb.
2037 5069 2098 5122 in
2128 5067 2238 5119 loco
2266 5083 2453 5122 vacuo.

2001 5154 2112 5211 que
2143 5137 2270 5192 add.
2310 5139 2391 5193 lb.
2469 5145 2564 5211 f7“
2594 5137 2689 5211 his
2721 5139 2804 5190 la.
2892 5143 2988 5211 ηοξ
3016 5152 3069 5194 e.
3107 5135 3146 5194 i.
3174 5136 3231 5189 ἀ.
3280 5135 3410 5193 add.
3438 5137 3524 5211 lb.

1653 5223 1748 5258 1m
1789 5215 1965 5269 uuilla
2006 5208 2091 5265 1ἀ.
2172 5215 2266 5251 17"
2296 5212 2394 5264 tet
2423 5209 2648 5264 alterum
2676 5208 2691 5263 i
2719 5222 2928 5262 erasum
2961 5210 3011 5261 1.

2428 5004 2522 5039 rm
2553 4994 2682 5052 add.
2727 4993 2808 5049 lb.
2887 5001 2985 5036 Im
3036 4992 3281 5048 amulric

3331 4993 3497 5066 (corr.
3548 4996 3727 5050 ama]-

2568 5074 2664 5108 ¹⁷⁸³
2693 5065 2999 5121 obserebat
3029 5068 3077 5118 l.

3195 5071 3292 5106 m0
3333 5064 3614 5120 invocans
3649 5071 3723 5120 la.

3640 5144 3726 5179 17⁸1

3125 5213 3223 5250 17⁸10
3259 5223 3474 5262 erasnm
3509 5210 3555 5260 ί,
3639 5215 3722 5249 {ﬁt

1963 5347 2183 5406 NOTAE.

461 5434 614 5508 (9381
642 5435 890 5508 Vocatur
910 5432 1011 5508 _ill_e
1041 5431 1462 5508 Wodilqulphus-
1482 5431 1541 5484 in
1560 5429 1781 5508 charta
1835 5427 2014 5508 impe-

392 5499 607 5583 ratoris
632 5521 688 5561 a.
713 5506 870 5583 1992,
901 5505 1013 5583 J_u_l_.
1037 5499 1526 5583 .28.;nWot'ellplfus
1554 5500 1618 5583 in
1661 5500 1793 5583 Xita
1813 5499 2010 5583 .Mein-

391 5574 563 5655 alorci
593 5591 721 5655 cap.
761 5578 824 5630 l2
847 5569 1591 5655 έυνιὴὶιρῐζιξεξλώδεα-01.
1657 5569 2004 5637 Osnabrug.,

395 5639 557 5697 Febr.
593 5639 682 5702 17ξ
711 5660 824 5714 qua
849 5639 945 5699 die
966 5645 1109 5702 anni
1143 5648 1280 5702 1003
1309 5643 1474 5700 obiit.

464 5712 613 5780 (939)
642 5713 806 5765 Conf.
839 5715 1060 5766 Necrol.
1096 5713 1446 5783 Luneburg.,
1475 5713 1637 5765 Febr.

2185 5422 2336 5502 (9&9!
2360 5420 2573 5502 $919011
2601 5416 3126 5502 PPOP°.D°!i‘5.°hi-’.
3171 5489 3206 5502 ..
3273 5490 3288 5502 .
3380 5488 3392 5498 .

2191 5495 2346 5565 (941)
2367 5493 2431 5545 V.
2449 5493 2490 5546 Ι.
2523 5489 2743 5547 Grimm
2775 5489 3054 5544 Deutsche
3079 5489 3448 5560 Mythologia:
3479 5505 3612 5562 pag.
3633 5489 3723 5544 286

2107 5572 2242 5626 699.

2187 5639 2338 5708 (942)
2363 5633 2641 5708 Bochlitz.

2176 5704 2329 5780 (943)
2359 5707 2421 5758 V.
2463 5719 2634 5774 supra
2664 5704 2680 5758 l
2725 5720 2785 5768 ιι,
2811 5718 2860 5756 c.
2887 5706 2938 5756 2.
