3900 6216
175 459 309 522 1401

1441 455 1865 519 CHRONICON.
1893 485 1964 501 --
1993 459 2122 516 LIB.
2152 459 2266 517 VII.

3370 463 3510 524 1402

171 585 544 654 destructor,
573 582 914 642 muneribus
960 581 1078 640 suis
1129 584 1188 640 et
1210 583 1685 656 promissionibus
1713 592 1808 630 "78
1827 583 1884 643 Α
1907 583 2148 657 duaeque
2178 582 2460 640 oracionis
2488 599 2556 638 ex
2581 583 2752 640 corde
2775 583 3020 641 contrito
3051 583 3288 659 prolatae
3322 584 3510 642 hostia

173 675 512 749 phaleratis
545 675 694 747 (944)
716 690 917 746 regem
943 676 1108 730 aDeo
1136 675 1509 729 constitutum
1536 675 1594 728 in
1617 675 1807 745 palam

174 781 310 836 sepe
349 763 788 831 honorificavit,
807 763 904 817 sed
925 763 1313 834 imperatoria:
1336 763 1630 834 dignitatis
1651 763 1807 818 fasti-

177 855 342 925 gium
358 853 530 908 hunc
547 853 858 908 ascendere
871 853 1118 907 multum
1130 853 1808 924 timuit,omnim0disque

174 943 232 998 id
280 941 610 1013 prohibere
657 941 806 996 clam
853 941 1175 1012 temptavit;
1235 940 1370 1012 quia
1417 940 1562 995 sicut
1609 941 1808 994 beatus

177 1030 388 1086 asserit
419 1029 764 1102 Gregorius:
799 1029 1032 1082 Terrena
1044 1029 1654 1098 altitudoconfunditur,
1687 1043 1810 1084 cum

183 1117 448 1174 celsitudo
473 1118 690 1172 celestis
721 1120 977 1190 aperitur.
1007 1119 1118 1171 Rex
1140 1117 1354 1172 etenim
1378 1121 1589 1184 noster,
1605 1134 1807 1188 quam-

177 1207 260 1262 vis
307 1208 502 1262 homo
555 1210 721 1272 esset,
762 1206 945 1260 zelum
997 1204 1098 1260 Dei
1145 1205 1345 1260 habuit
1384 1207 1442 1259 et
1480 1208 1806 1259 sanctarum

178 1296 470 1352 violentas
504 1294 881 1365 predaciones
917 1293 1300 1348 accclesiarum
1349 1293 1512 1348 fortis
1554 1296 1808 1347 armatus

181 1383 538 1450 vendicavit,
571 1384 833 1453 hancque
877 1381 1296 1452 benignitatem
1315 1381 1420 1436 nisi
1442 1381 1662 1435 ccelitus
1703 1379 1808 1435 sibi

181 1479 278 1514 i778
309 1471 376 1538 (f.
417 1469 554 1542 174)
579 1470 890 1543 prestitam,
925 1486 1042 1525 non
1063 1470 1290 1537 habuit;
1325 1470 1428 1524 iste
1460 1473 1722 1524 terrenus
1753 1471 1810 1522 et

183 1563 396 1614 natura
427 1562 492 1614 et
517 1559 756 1626 actibus,
799 1559 1072 1630 voragine
1103 1559 1590 1614 eenulentatraxit
1610 1558 1667 1612 in
1686 1575 1811 1628 pre-

180 1647 337 1714 dam,
368 1647 536 1718 quod
563 1648 878 1702 multorum
908 1648 1109 1701 devota
1152 1665 1358 1702 manus
1385 1647 1456 1701 ad
1482 1664 1642 1701 aram
1670 1663 1810 1719 apo-

183 1737 470 1790 stolorum
487 1753 599 1807 pro
619 1735 866 1814 peccatis
892 1735 1179 1806 congessit
1208 1735 1374 1789 17'H'in
1397 1734 1667 1792 hostiam.
1703 1733 1809 1798 Qui

182 1841 314 1880 cum
345 1842 470 1880 non
505 1825 682 1895 longe
713 1827 840 1894 post
865 1824 1070 1891 obiret,
1117 1823 1322 1895 duplici
1353 1823 1596 1891 ulcione,
1629 1826 1687 1877 ut
1716 1840 1808 1877 ve-

187 1929 340 1981 reor,
364 1913 770 1980 confunditur,
791 1915 848 1966 et
873 1912 1090 1966 domno
1112 1928 1275 1983 papae
1288 1912 1558 1967 securitas
1571 1911 1808 1983 regique
1831 1896 1882 1957 Β

189 2007 388 2059 nostro
422 2002 682 2076 amplior
705 2003 957 2074 potestas
981 2000 1255 2072 aperitur.

259 2097 348 2148 5‘2.
381 2091 654 2162 Amplius
673 2089 1010 2162 progrediar
1030 2089 1392 2160 disputando,
1416 2087 1680 2161 regisque
1702 2090 1810 2144 Ru-

187 2198 418 2237 scorum
431 2179 775 2234 Wlodemiri
787 2178 1080 2232 accionem
1092 2179 1351 2250 iniquam
1365 2178 1808 2251 perstringenda

193 2271 289 2326 Hic
316 2287 352 2323 a
382 2268 594 2324 Grecia
616 2268 828 2322 ducens
855 2284 1110 2334 uxorem,
1137 2266 1410 2320 Helenam
1436 2267 1672 2338 npmine
1692 2274 1806 2333 1⁷⁷³,

192 2357 366 2412 tercio
407 2365 506 2400 i775
541 2355 734 2412 Ottoni
779 2355 1202 2429 desponsatam,
1236 2355 1335 2408 sed
1364 2358 1421 2409 et
1450 2354 1814 2408 fraudulenta

193 2445 508 2504 calliditate
555 2444 902 2498 subtractam
945 2445 1117 2508 (9'95),
1147 2442 1573 2497 christianitatis
1601 2445 1812 2497 sancta:

193 2534 366 2588 ﬁdem
393 2535 524 2606 ejus
543 2536 730 2588 ortatu
745 2533 1011 2605 suscepit,
1028 2549 1198 2602 quam
1222 2532 1388 2603 justis
1409 2531 1682 2605 operibus
1695 2549 1811 2586 non

199 2625 443 2679 ornavit.
469 2625 610 2678 Erat
631 2621 786 2676 enim
809 2621 1449 2675 fornicatorimmensus
1471 2624 1527 2674 et
1546 2621 1810 2689 crudelis,

200 2729 600 2784 magnamque
626 2710 740 2764 vim
762 2709 970 2764 Danais
990 2709 1258 2764 mollibus
1280 2708 1535 2780 ingessit.
1570 2709 1668 2763 llic
1700 2713 1813 2764 tres

195 2800 411 2854 habens
442 2800 620 2866 filios,
663 2798 766 2852 uni
815 2815 1017 2852 eorum
1058 2798 1205 2870 (946)
1235 2798 1492 2853 Bolizlavi
1523 2797 1680 2852 ducis
1705 2815 1813 2853 no-

197 2891 406 2962 strique
439 2888 827 2962 persecutoris
857 2888 1034 2942 filiam
1067 2886 1127 2941 in
1167 2887 1606 2943 matrimonium
1633 2889 1810 2956 duxit,

197 2995 322 3033 cum
353 2996 471 3051 qua
502 2977 711 3032 missus
735 2980 820 3030 est
863 2993 896 3030 a
945 2976 1172 3030 Polenis
1212 2975 1592 3043 Reinbernus,
1620 2978 1811 3048 presul

199 3067 367 3121 Salsa:
398 3064 888 3136 Cholbergiensis.
943 3065 1040 3118 Ille
1072 3063 1130 3118 in
1158 3079 1305 3135 pago
1337 3065 1629 3136 llassegun
1659 3064 1808 3119 dicto

201 3156 362 3209 natus
390 3155 739 3228 liberalique
765 3154 1004 3211 scientia
1031 3170 1064 3208 a
1097 3152 1476 3224 prudentibus
1521 3152 1810 3225 magistris

1906 689 2136 728 summo
2167 674 2444 728 sacerdoti
2467 674 2862 728 reconciliaret
2882 682 2996 742 Im,
3021 691 3087 728 ex
3107 677 3231 729 arto
3254 675 3509 746 corporis

1907 778 2132 816 carcere
2163 764 2376 816 solutus
2407 763 2478 816 ad
2509 761 2832 817 libertatem
2862 764 3134 835 perennis
3148 763 3347 834 gloriae
3368 779 3510 834 gau-

1910 850 2050 904 dens
2095 851 2335 904 transiit.
2386 850 2595 905 Prefati
2639 867 2772 906 vero
2826 851 2975 924 regis
3007 868 3221 906 nomen
3261 854 3510 924 potestas

1910 939 2062 1009 pacis
2089 939 2298 1010 injuste
2325 939 2761 1010 interpretatur;
2783 941 2918 1012 quia
2937 956 3053 994 non
3077 939 3193 1008 illa,
3215 955 3390 1012 quam
3411 942 3510 994 aut

1909 1026 2067 1098 impii
2101 1027 2339 1082 invicem
2381 1030 2579 1080 tenent
2606 1028 2692 1081 vel
2717 1029 3065 1083 habitatores
3107 1029 3277 1100 hujus
3306 1029 3508 1083 mundi

1908 1117 2222 1186 possident,
2255 1116 2390 1187 quia
2418 1133 2648 1188 semper
2663 1124 2758 1158 i773
2775 1119 2938 1170 nutat
2955 1125 3066 1184 1779,
3088 1133 3198 1188 pax
3220 1134 3355 1171 vera
3369 1116 3509 1171 dici-

1907 1205 2020 1269 tur,
2055 1205 2153 1258 sed
2179 1205 2270 1258 ille
2301 1205 2452 1259 solus
2481 1221 2548 1257 ea
2573 1204 2890 1274 specialiter
2920 1205 3114 1272 utitur,
3143 1205 3238 1278 qui
3271 1221 3509 1260 omnem

1908 1291 2092 1346 animi
2118 1293 2330 1346 suimet
2373 1295 2598 1346 motum
2621 1309 2996 1364 componens,
3020 1311 3266 1364 regnum
3287 1294 3384 1349 Dei
3409 1311 3508 1366 pa-

1907 1380 2138 1435 eienciae
2181 1380 2459 1434 vincentis
2491 1381 2754 1451 angustia
2792 1382 3000 1436 solacio
3029 1385 3410 1452 promeretur.
3445 1384 3507 1436 In

1908 1469 2118 1523 caelesti
2145 1469 2442 1523 securitate
2490 1469 2694 1523 sedens
2743 1470 3040 1541 episcopus
3078 1470 3192 1535 ille,
3232 1469 3380 1524 ridet
3405 1469 3510 1523 viri

1910 1556 2100 1610 minas
2136 1557 2354 1628 injusti,
2386 1560 2443 1612 et
2489 1558 2748 1613 castitate
2800 1557 3036 1628 gemina
3082 1557 3227 1630 (947)
3275 1557 3508 1628 potitur,

1909 1661 1974 1699 ac
2001 1653 2094 1688 1778
2121 1646 2484 1700 fornicatoris
2527 1646 2678 1700 illius
2717 1646 2943 1700 ultrices
2964 1647 3227 1700 ﬂammas
3257 1647 3510 1719 specula-

1910 1737 2030 1800 tur;
2063 1736 2198 1806 quia
2225 1740 2420 1791 nostro
2448 1736 2679 1791 doctore
2719 1737 2897 1791 Paulo
2919 1739 3082 1802 teste,
3115 1735 3402 1790 adulteros
3418 1736 3511 1806 ju-

1911 1823 2058 1877 dicat
2087 1826 2234 1879 Deus
2280 1825 2472 1895 (Hebr.
2509 1843 2626 1892 xm,
2675 1825 2748 1896 4).
2801 1825 3106 1879 Bolizlavus
3154 1827 3346 1878 autem
3389 1824 3513 1878 haec

1909 1911 2106 1966 omnia
2133 1914 2514 1984 comperiens,
2547 1913 2606 1967 in
2637 1916 2918 1985 quantum
2949 1913 3134 1984 potuit
3157 1912 3218 1984 (f.
3251 1914 3368 1980 175)
3394 1913 3514 1966 vin-

1908 2000 2097 2054 dicare
2128 2018 2244 2055 non
2279 2002 2496 2056 desistit
2529 2004 2661 2057 Post
2679 2003 2800 2056 haec
2823 2017 2921 2055 rex
2949 2001 3044 2055 ille
3067 2002 3271 2072 plenus
3287 2001 3511 2054 dierum

1909 2089 2072 2156 obiit,
2105 2089 2498 2161 integritatem
2528 2089 2860 2145 hereditatis
2911 2106 3026 2144 suae
3075 2089 3297 2143 duobus
3333 2083 3510 2143 relin-

1910 2195 2090 2248 quens
2117 2180 2266 2247 filiis,
2319 2179 2492 2234 tercio
2547 2180 2732 2234 adhuc
2777 2179 2838 2233 in
2883 2195 3109 2234 carcere
3154 2177 3358 2249 posito,
3412 2177 3509 2248 qui

1911 2270 2108 2336 postea
2136 2269 2378 2338 elapsus,
2411 2268 2658 2339 conjuge
2679 2267 2894 2322 ibidem
2916 2266 3132 2334 relicta,
3156 2266 3228 2320 ad
3247 2281 3510 2321 socerum

1911 2355 2080 2424 fugit.
2113 2359 2227 2411 Rex
2253 2365 2348 2400 i790
2374 2357 2660 2430 prodictus
2691 2356 2890 2411 habuit
2915 2357 3176 2410 lumbare
3196 2371 3510 2411 venereum

1913 2451 2028 2512 "91,
2047 2446 2260 2502 innatae
2280 2447 2602 2519 fragilitatis
2617 2447 2802 2517 majus
2831 2448 3228 2516 augmentum.
3253 2443 3367 2499 Sed
3387 2459 3512 2497 ma-

1915 2534 2091 2606 gister
2120 2541 2328 2592 nostra:
2349 2537 2546 2591 salutis
2573 2535 2825 2591 Christus
2856 2551 2986 2588 cum
3017 2533 3244 2588 lumbos
3272 2531 3509 2586 luxuriae

1914 2625 2590 2679 nocentishabundaneia
2609 2625 2848 2679 refertos
2867 2621 3287 2694 precingi(Luc.
3307 2638 3404 2687 xu,
3423 2619 3508 2688 35)
3542 2655 3549 2664 -

1907 2711 2930 2786 juberetnostros1773,00ntinenciam
2945 2713 3130 2764 etnon
3141 2709 3373 2782 aliquod
3385 2725 3514 2780 pro-

1911 2802 2548 2858 vocameninnotuit.Et
2559 2801 2695 2875 quia
2705 2801 2775 2855 de
2794 2803 3024 2855 lucerna
3035 2798 3272 2853 ardente
3285 2797 3516 2869 apredi-

1911 2891 2198 2946 catoribus
2218 2891 2331 2946 suis
2350 2908 2446 2946 rex
2464 2891 2716 2963 prefatus
2731 2889 2964 2956 audivit,
2977 2886 3194 2959 peccati
3229 2887 3514 2941 maculam

1909 2979 2123 3050 peracti
2171 2979 2396 3034 assidua
2445 2979 2894 3034 elemosinarum
2935 2975 3202 3047 largitate
3258 2973 3510 3030 detersit.

1910 3067 2200 3139 Scriptum
2247 3071 2332 3122 est
2357 3067 2543 3122 enim:
2583 3067 2773 3122 Facite
2802 3067 3158 3132 elemosinam,
3219 3081 3282 3119 ac
3335 3069 3514 3119 omnia

1908 3163 2034 3211 sunt
2062 3157 2208 3210 vobis
2239 3156 2462 3210 munda.
2513 3155 2610 3210 Hic
2649 3171 2780 3209 cum
2803 3157 2927 3227 jam
2981 3153 3286 3228 decrepitae
3331 3153 3513 3209 mtatis

199 3243 483 3313 educatus,
524 3215 767 3317 gradum
817 3215 1199 3316 episcopalem
1245 3241 1520 3308 ascendit,
1552 3215 1808 3314 utvspero
1830 3215 1876 3275 Ο
1911 3248 2074 3312 esset,
2104 3261 2462 3316 regnumque
2489 3243 2586 3298 diu
2613 3215 2852 3299 haberet
2874 3215 3214 3316 predictum,
3239 3243 3400 3311 obiit,
3424 3259 3512 3298 se-

201 3329 422 3402 dignus.
448 3334 747 3398 Quantum
771 3335 964 3386 autem
992 3331 1049 3384 in
1099 3347 1234 3384 cura
1260 3329 1366 3385 sibi
1394 3329 1698 3384 commissa
1727 3331 1808 3385 1a-

199 3418 486 3478 boraverit
511 3422 688 3490 idem,
714 3439 830 3478 non
853 3437 1000 3476 mea:
1023 3420 1229 3474 sufficit
1243 3419 1502 3475 scienciaa
1515 3436 1620 3474 nec
1633 3419 1808 3476 etiam

202 3505 507 3566 facundiae.
559 3511 712 3566 Fana
761 3511 1050 3566 idolorum
1104 3509 1403 3563 destruens
1449 3508 1722 3576 incendit,
1753 3513 1811 3564 et

204 3611 355 3652 mare
369 3598 721 3654 demonibus
737 3599 949 3653 cultum
961 3639 974 3664 ,
1014 3596 1263 3651 inmissis
1275 3597 1810 3668 quatuorlapidibus

205 3699 355 3740 sacro
386 3687 664 3742 crismato
704 3686 1016 3759 perunctis,
1071 3689 1126 3739 et
1173 3701 1323 3757 aqua
1347 3701 1600 3756 purgans
1629 3685 1811 3742 bene-

205 3770 366 3840 dicta,
393 3792 612 3831 novam
644 3783 738 3818 177°
760 3775 820 3846 (f.
855 3773 1252 3842 l74’)Domino
1281 3773 1666 3844 omnipotenti
1683 3791 1811 3845 pro-

202 3860 471 3932 paginam
507 3863 568 3918 in
597 3863 948 3918 infructuosa
969 3869 1063 3905 1777
1093 3863 1321 3930 arbore,
1343 3861 1403 3916 id
1419 3865 1503 3916 est
1520 3861 1578 3916 in
1597 3864 1808 3934 populo

205 3948 371 4006 nimis
414 3953 657 4019 insulso,
687 3955 899 4006 sanctm
937 3950 1348 4024 predicacionis
1383 3951 1807 4022 plantacionem

206 4037 407 4096 eduxit.
438 4040 778 4112 Vigiliarum
805 4043 865 4094 et
900 4039 1269 4095 abstinenciaa
1313 4055 1378 4094 ac
1425 4039 1640 4094 silencii
1671 4038 1807 4094 assi-

203 4123 410 4184 duitate
439 4145 650 4200 corpus
679 4145 844 4183 suum
875 4128 1160 4199 afﬂigens,
1189 4143 1290 4183 cor
1323 4128 1396 4182 ad
1417 4129 1705 4200 speculum
1730 4129 1809 4184 di-

200 4212 344 4270 vinae
377 4217 894 4288 contemplacionis
927 4216 1128 4272 inﬁxit.
1163 4216 1344 4282 Quem
1396 4217 1680 4288 predictus
1710 4235 1805 4272 rex

203 4303 456 4374 audiens,
487 4305 671 4359 lilium
699 4305 928 4371 suimet,
956 4308 1146 4360 ortatu
1165 4305 1421 4360 Bolizlavi
1455 4303 1623 4358 tacito
1653 4306 1802 4359 relu-

204 4391 485 4448 ctatumm
516 4393 646 4461 sibi,
677 4393 830 4464 cepit
855 4410 986 4448 cum
1013 4393 1218 4449 eodem
1249 4395 1307 4448 et
1336 4409 1530 4460 uxore,
1549 4391 1679 4446 etin
1695 4391 1808 4446 sin-

201 4478 378 4546 gulari
427 4481 688 4538 custodia
725 4482 952 4536 claudit.
1009 4483 1074 4537 In
1117 4498 1231 4554 qua
1259 4483 1422 4553 pater
1449 4479 1806 4548 venerabilis,

207 4567 355 4634 quod
380 4568 440 4625 in
461 4573 664 4642 aperto
688 4570 813 4624 ﬁeri
839 4587 955 4625 non
975 4569 1181 4642 potuit,
1202 4569 1260 4624 in
1283 4571 1500 4624 secreto
1528 4567 1810 4624 studiosus

205 4647 263 4704 in
291 4653 482 4716 divina
511 4659 679 4715 laude
707 4659 951 4732 peregit.
989 4659 1086 4714 Hic
1129 4675 1271 4736 cuml
1290 4676 1350 4714 se
1375 4657 1624 4713 lacrimis
1671 4658 1809 4712 assi-

1908 3335 2100 3406 pultus
2121 3334 2180 3387 in
2207 3333 2433 3404 Cujewa
2453 3334 2598 3404 (948)
2629 3333 2853 3386 civitate
2879 3348 3114 3402 magna,
3139 3335 3196 3386 et
3224 3332 3283 3385 in
3314 3332 3511 3387 (eccle-

1909 3423 1993 3478 sia
2018 3423 2224 3479 Christi
2245 3422 2498 3477 martiris
2518 3425 2577 3476 et
2600 3439 2762 3493 papae
2803 3421 3115 3476 Clementis
3136 3422 3298 3491 juxta
3318 3420 3513 3492 predi-

1909 3516 2058 3569 ctam
2073 3512 2379 3584 conjugem
2393 3526 2576 3576 suam,
2591 3508 2900 3579 sarcofagis
2913 3508 3228 3563 eorundem
3243 3507 3302 3561 in
3321 3507 3512 3562 medio

1909 3601 2108 3672 templi
2139 3600 2329 3672 palam
2360 3597 2660 3653 stantibus.
2694 3597 2864 3668 Cujus
2891 3598 3144 3667 potestas
3189 3595 3342 3648 inter
3364 3594 3514 3653 filios

1911 3689 2198 3756 dividitur,
2229 3687 2552 3758 Christique
2575 3683 2870 3756 eloquium
2892 3683 2953 3738 in
2967 3682 3238 3738 omnibus
3256 3681 3514 3737 afﬁrma-

1908 3781 2022 3834 tur.
2063 3779 2321 3849 Namque
2346 3791 2545 3830 vereor
2569 3774 2626 3828 id
2655 3771 2942 3844 subsequi,
2967 3772 3122 3844 quod
3136 3788 3241 3826 vox
3262 3769 3516 3826 veritatis

1908 3867 2255 3940 pronunciat
2277 3863 2580 3937 compleri;
2630 3862 2768 3918 dicit
2787 3861 2968 3917 enim:
3005 3859 3174 3916 Omne
3201 3877 3421 3930 regnum
3451 3860 3516 3915 in

1907 3972 1960 4009 se
1987 3957 2156 4026 ipsum
2185 3955 2414 4010 divisum
2439 3949 2920 4022 desolabitur(L‘uc.
2953 3967 3028 4018 ιιι,
3057 3948 3164 4020 17),
3189 3952 3244 4002 et
3270 3952 3512 4018 caetera;

1909 4059 2084 4115 quam
2113 4047 2176 4097 ut
2203 4045 2428 4098 mutare
2449 4042 2507 4096 in
2537 4041 2647 4096 hiis
2673 4039 2930 4112 partibus
2949 4038 3085 4094 velit
3108 4040 3254 4094 Deus
3280 4040 3512 4092 senten-

1906 4131 2078 4198 ciam,
2111 4133 2299 4186 omnis
2329 4129 2712 4185 christianitas
2743 4131 2868 4184 oret
2895 4126 2958 4200 (f.
2994 4127 3153 4200 175Ί.
3184 4127 3330 4193 Quia
3357 4141 3512 4182 nunc

1907 4219 2204 4290 paululum
2231 4219 2527 4286 declinavi,
2560 4219 2816 4285 redeam,
2849 4233 2978 4289 quae
3009 4216 3069 4271 in
3099 4216 3355 4288 predicto
3385 4232 3514 4272 eve-

1907 4307 2102 4361 nerint
2123 4325 2277 4361 anno
2302 4309 2560 4380 superius
2587 4305 3206 4373 indiseussa,succinete
3227 4305 3510 4377 aperiens.

1979 4397 2066 4450 53.
2090 4393 2276 4448 Curtis
2295 4413 2425 4466 pars
2443 4395 2692 4450 maxima
2715 4393 3009 4466 inperialis
3055 4393 3114 4447 in
3136 4393 3436 4462 Palithi,et
3455 4394 3514 4450 in

1829 4509 1882 4568 D
1904 4482 2252 4554 Trajectensi
2280 4482 2505 4536 civitate
2559 4483 2748 4554 major
2775 4479 3032 4538 ecclesia
3075 4496 3208 4535 cum
3246 4481 3516 4536 omnibus

1907 4569 2231 4654 Ethelbaldi
2276 4569 2518 4640 presulis
2559 4569 2978 4638 mansionibus,
3026 4582 3091 4624 ac
3139 4568 3512 4654 cumllburg,

1907 4652 2189 4714 Thiedrici
2211 4657 2438 4712 comitis
2458 4659 2620 4725 urbe,
2639 4673 2772 4714 casu
2800 4657 3092 4714 accidente
3113 4652 3413 4713 combusta
3431 4661 3518 4713 est

1529 4800 1751 4855 VABUE
1791 4799 2190 4866 LECTIONES.

275 4921 368 4959 1'"!
394 4917 510 4974 suis
539 4934 749 4974 erasum
782 4923 831 4973 1.
911 4927 1007 4960 1778
1032 4918 1157 4974 add.
1193 4918 1276 4975 lb.
1357 4925 1450 4960 ’ττι
1490 4918 1770 4974 concessit
1799 4923 1851 4975 2.
1877 4919 1954 4974 A.
1981 4918 2046 4975 S.
2123 4925 2217 4960 1m
2249 4917 2419 4972 tertia
2449 4919 2708 4972 ottonem
2744 4923 2830 4976 la.
2859 4927 2957 4964 ητα
2981 4938 3119 4980 corr.
3165 4915 3422 4976 novum?
3463 4921 3512 4971 1.

211 4987 298 5025 "7"
326 4986 573 5045 inﬂuosa
592 5006 730 5046 corr.
763 4989 1106 5062 inlluctuosa
1128 4994 1177 5046 1.
1256 4997 1351 5032 im
1382 4990 1808 5045 reconciaretur
1841 4995 1888 5044 1.
1968 4997 2062 5033 1⁷⁷⁸
2096 4992 2304 5044 nutant
2333 4993 2418 5043 la.
2498 4995 2593 5030 ιτθο
2621 4987 2731 5043 alia
2755 5005 2922 5046 manu
2948 4995 3126 5062 pergit
3165 4997 3214 5048 1.
3290 4997 3382 5033 ίτθί
3412 5004 3514 5044 ve-

211 5068 442 5114 nereum
474 5077 613 5115 corr.
650 5060 948 5115 veneriam
987 5065 1032 5115 t.

1748 5150 1974 5207 NOTIE.

277 5262 418 5338 1944)
449 5267 614 5323 Conf.
648 5283 819 5338 supra
844 5269 880 5322 l.
911 5285 962 5336 v,
1007 5284 1054 5322 c.
1089 5272 1142 5335 6,
1171 5284 1229 5322 ιι.
1261 5269 1385 5324 609.

245 5331 419 5455 .3942)
447 5339 532 5394 Cf.
562 5331 770 5413 Annal
807 5331 1082 5406 Hildesh.,
1113 5331 1146 5392 a
1212 5341 1334 5393 995.
1369 5339 1483 5394 Huc
1525 5341 1814 5410 pertinere

245 5415 258 5451 ι
302 5409 468 5455 entnr
497 5425 584 5455 ea-
617 5425 744 5455 num
771 5409 826 5455 h-
876 5409 912 5455 1-
955 5408 1311 5455 Thiet.marns
1341 5411 1409 5455 de
1438 5410 1788 5455 \Vlndnmirn

212 5408 468 5480 videntur
497 5425 586 5474 ea,
617 5425 744 5480 quin
768 5409 826 5480 ιι.
861 5409 912 5480 Vl.
955 5408 1311 5463 Thietmarus
1341 5411 1416 5480 de
1438 5408 1810 5479 Wlodemiro,

213 5467 512 5548 [iussorum
545 5467 703 5548 rege,
763 5479 916 5533 dicit.
967 5481 1088 5533 Non
1138 5483 1332 5534 tamen
1385 5479 1680 5547 Helenam,
1713 5467 1813 5538 sed

214 5539 451 5615 Annam,
486 5539 672 5604 Basilii
693 5539 759 5602 'et
813 5549 1174 5608 Constantini
1222 5566 1480 5605 sororem
1521 5551 1580 5604 in
1610 5539 1809 5608 matri-

213 5615 401 5692 ingnio
420 5619 1041 5692 habuitﬁYlodemirus;
1066 5619 1237 5692 idque
1245 5636 1438 5692 connn
1447 5621 1603 5675 binm
1615 5623 1739 5692 jam
1754 5642 1806 5679 ει.

215 5679 308 5735 998
333 5687 588 5762 adeoque
618 5679 716 5742 diu
738 5692 869 5744 ante
899 5679 1063 5743 istam
1087 5679 1808 5760 legationemcontractum

1913 5269 2130 5327 notavit
2156 5268 2366 5341 Pagius
2391 5267 2462 5341 ad
2487 5281 2644 5341 ann._
2659 5265 2784 5341 987,
2811 5281 2956 5341 num
3008 5267 3060 5341 ξ.
3099 5266 3227 5341 Ηιιε.

1982 5342 2130 5415 (946)
2161 5336 2468 5412 Zentopulc
2510 5357 2556 5393 s.
2600 5336 2964 5410 'Swactopolc.
3014 5337 3078 5392 V.
3139 5338 3292 5394 infra
3321 5340 3359 5395 l.
3391 5356 3513 5408 vni,

1909 5429 1956 5566 (f.
1983 5418 2240 5566 (9221)
2284 5481 2346 5549 ν,
2409 5485 2497 5548 25,
2543 5481 2760 5551 gemina
2813 5479 3032 5545 caritas,
3094 5475 3256 5545 VIII,
3299 5481 3512 5547 gemina

1908 5562 2229 5609 innocentia.

1979 5628 2125 5697 (948)
2159 5624 2327 5680 Kiew.
