3900 6216
1327 410 1715 476 CHRONICON

1818 440 1846 457 ι·
1880 410 2008 471 LIB.
2042 411 2160 469 VIII
3267 400 3405 466 H06

81 430 212 497 M05

80 555 179 614 dus
205 554 265 611 et
293 547 456 609 tardi
485 546 601 606 ritu
641 541 788 605 asini
822 537 1211 616 castigandus,
1269 541 1328 595 et
1367 538 1490 595 sine
1534 534 1777 610 poenaA
1818 537 2080 593 cei-dotes
2101 531 2355 602 Domini,
2381 529 2623 588 viriliter
2647 526 2950 602 assurgite,
2976 526 3037 583 et
3058 525 3210 583 hanc
3228 541 3413 598 nuper

81 644 228 719 gravi
262 659 388 697 non
412 641 606 714 potest
638 653 770 692 cum
815 635 993 691 salute
1031 628 1305 705 principis
1360 626 1613 683 tractari.
1642 626 1701 682 Si
1813 629 2075 681 exortam
2125 624 2358 689 filicem,
2400 622 2557 676 nulla
2604 636 2666 676 re
2721 619 2779 674 id
2837 615 3192 689 inpediente,
3224 613 3412 686 sepius

82 733 200 807 quis
228 732 288 786 in
331 731 450 785 hoc
474 726 679 783 alienis
700 723 859 780 abuti
893 720 1164 778 uxoribus
1182 720 1270 775 vel
1307 718 1384 772 sic
1430 713 1703 772 fornicari
1813 719 1979 770 acuto
2008 729 2242 768 vomere
2295 710 2569 766 radicitus
2624 709 2926 778 extirpate.
2989 705 3098 760 Vos
3152 719 3404 776 quoque,

84 806 396 895 praesumit,
434 818 590 872 hanc
622 813 896 868 vindictas
918 806 1316 879 subsequentis
1331 821 1560 877 pinnam
1578 820 1705 876 pro-

81 889 228 966 tinus
255 906 463 962 sentit.
501 906 563 959 In
596 905 839 976 pontem
867 897 1105 953 mercati
1140 896 1187 951 is
1218 895 1437 958 ductus,
1475 892 1526 961 (f
1581 889 1704 961 177)

84 1014 178 1071 per
204 996 411 1051 follem
434 991 690 1049 testiculi
722 992 882 1045 clavo
910 995 1004 1030 1m
1054 985 1306 1056 aﬁgitur,
1351 986 1408 1037 et
1434 980 1708 1035 novacula

86 1102 253 1158 prope
290 1082 513 1158 posita,
556 1080 649 1134 hic
683 1075 971 1133 moriendi
1001 1074 1116 1129 sive
1142 1073 1211 1128 de
1242 1071 1351 1126 hiis
1380 1068 1709 1157 absolvendi

86 1175 219 1230 dura
236 1171 458 1228 eleccio
484 1170 591 1226 sibi
621 1169 812 1224 datur.
839 1169 909 1222 Et
937 1166 1287 1238 quicumque
1329 1164 1457 1233 post
1487 1161 1711 1231 septua_

86 1262 357 1333 gesimam
402 1275 649 1314 carnem
710 1255 1086 1311 manducasse
1145 1250 1453 1315 invenitur,
1504 1243 1711 1305 abcisis

86 1348 342 1405 dentibus
367 1347 628 1419 graviter
665 1344 922 1418 punitur.
967 1344 1077 1397 Lex
1109 1356 1363 1411 namque
1420 1335 1612 1391 divina
1641 1333 1707 1387 in

86 1437 185 1492 hiis
203 1433 787 1507 regionibusnoviter
816 1434 1034 1491 exorta.
1096 1431 1376 1502 potestate
1429 1426 1528 1479 tali
1589 1435 1708 1477 me'

87 1526 186 1581 lius
212 1541 387 1598 quam
401 1524 631 1597 jejunio
661 1529 756 1565 1m
797 1523 869 1576 ab
902 1518 1183 1593 episcOpis
1219 1516 1483 1572 instituto
1518 1518 1707 1567 corro‘

88 1614 326 1668 boratur.
360 1614 519 1668 Sunt
546 1611 724 1666 etiam
744 1610 828 1664 illi
860 1616 951 1650 1797
983 1623 1173 1661 mores
1206 1604 1302 1660 alii
1353 1603 1463 1658 hiis
1520 1601 1702 1656 multo

91 1702 405 1765 inferiores,
457 1700 559 1774 qui
615 1716 722 1754 nec
752 1700 868 1753 Deo
905 1698 1136 1770 placent
1164 1711 1271 1749 nec
1296 1690 1585 1762 indigenis
1624 1688 1706 1742 nil

94 1791 189 1846 nisi
218 1790 288 1846 ad
310 1793 609 1845 terrorem
644 1789 919 1861 prosunt;
954 1800 1096 1857 quos
1132 1784 1193 1838 in
1224 1780 1614 1853 superioribus
1639 1793 1705 1832 ex

97 1880 325 1951 quadam
358 1881 530 1951 parte
555 1873 1113 1948 comprehendi.Nec
1129 1888 1273 1943 Opus
1295 1887 1416 1924 esse
1447 1871 1710 1957 autumo,
1732 1874 1784 1934 Β

98 1968 158 2022 de
184 1969 285 2022 hoc
316 1966 575 2039 amplius
605 1965 909 2029 disserere,
937 1961 1097 2032 cujus
1128 1976 1354 2014 nomen
1389 1961 1445 2013 et
1470 1972 1714 2011 conver-

97 2057 252 2123 sacio,
293 2056 338 2109 si
370 2056 528 2110 Deus
562 2052 932 2125 omnipotens
960 2051 1150 2115 vellet,
1177 2049 1359 2103 sacius
1381 2045 1546 2101 nobis
1577 2046 1712 2099 late-

101 2149 194 2200 ret.
225 2146 406 2201 Omne
436 2146 574 2210 hoc,
611 2142 765 2215 quod
796 2143 960 2214 pater
984 2156 1118 2193 suus
1170 2140 1228 2192 et
1280 2136 1385 2191 iste
1436 2135 1601 2190 nobis
1648 2135 1707 2188 in

102 2234 351 2306 conjugio
416 2251 484 2288 ac
544 2230 938 2286 familiaritate
986 2244 1203 2299 magna
1244 2223 1489 2296 copulati
1552 2227 1705 2289 sunt,

108 2323 218 2394 plus
244 2321 442 2377 damni
478 2318 887 2391 subsequentis
929 2332 1104 2389 quam
1157 2313 1293 2369 boni
1352 2310 1708 2385 precedentis

109 2410 281 2464 attulit
307 2426 372 2465 ac
393 2410 458 2465 in
496 2409 691 2463 futuro
730 2406 934 2471 infert;
973 2404 1126 2476 quia,
1150 2402 1251 2459 etsi
1277 2417 1415 2475 pace
1442 2401 1710 2455 simulata

115 2514 205 2553 nos
231 2498 300 2553 ad
319 2500 560 2570 tempus
590 2496 814 2566 diligat,
844 2496 1043 2548 tamen
1075 2509 1178 2564 per
1203 2492 1448 2545 secretas
1470 2490 1712 2560 tempta-

116 2586 326 2641 cionum
354 2586 672 2641 varietates
704 2601 807 2638 nos
839 2600 872 2638 a
899 2582 1136 2637 caritate
1168 2577 1711 2645 mutua,alibertate

120 2673 301 2729 innata
327 2676 636 2740 deducere,
666 2675 724 2729 et
752 2672 797 2726 si
830 2670 1059 2743 quando
1090 2672 1316 2741 tempus
1342 2666 1393 2721 ei
1446 2682 1511 2720 ac
1557 2667 1713 2718 locus

123 2763 375 2835 contigit,
409 2764 470 2819 in
508 2760 823 2835 perniciem
854 2762 1114 2833 apertam
1145 2772 1443 2828 assurgere
1476 2770 1593 2809 non
1623 2753 1717 2809 de-

126 2851 274 2907 sistit.
300 2854 362 2911 In
396 2855 666 2922 tempore
691 2849 867 2923 patris
894 2848 999 2911 sui,
1029 2863 1158 2903 cum
1188 2846 1276 2900 his
1298 2846 1422 2917 jam
1457 2851 1551 2886 1m
1577 2859 1719 2914 gen-

129 2939 230 2995 tilis
254 2946 794 3013 esset,unaquasque
829 2937 1038 2993 mulier
1067 2939 1195 3009 post
1213 2934 1317 2988 viri
1349 2932 1613 3005 exequias
1632 2931 1717 2987 sui

129 3027 247 3099 igne
279 3030 525 3086 cremati
552 3030 832 3084 decollata
868 3025 1252 3098 subsequitur.
1296 3025 1365 3078 Et
1387 3022 1433 3076 si
1463 3038 1577 3093 qua
1604 3037 1722 3076 me-

1803 803 1935 858 laici
1966 811 2083 869 ίδοι,
2122 802 2303 856 nolite
2331 800 2539 855 talibus
2571 795 2830 852 auxiliari
2865 803 2978 850 1803.
3031 793 3223 848 Liceat
3252 790 3411 846 Chri-

1805 894 1891 946 sto
1924 889 2246 965 conjugatis
2300 889 2641 943 innocenter
2690 885 2899 951 vivere,
2950 882 3242 953 erutisque
3271 878 3404 935 sub-

1806 978 2225 1053 plantatoribus
2256 985 2349 1019 1808
2386 975 2515 1041 hiis,
2549 971 2901 1028 indeficienti
2931 971 3151 1043 pudore
3182 969 3242 1023 in
3275 984 3409 1040 per-

1810 1069 2047 1137 petuum
2080 1081 2335 1137 gemere.
2361 1065 2627 1119 Destruat
2648 1061 2775 1116 illos
2799 1060 3030 1131 adjutor
3070 1060 3266 1112 noster
3309 1064 3404 1098 ίεοι

1810 1154 2068 1209 Christus
2092 1151 2314 1224 potenti
2340 1151 2554 1223 Spiritu
2583 1148 2763 1203 sancti
2793 1148 2908 1203 oris
2937 1146 3042 1213 sui,
3077 1146 3183 1200 nisi
3211 1142 3407 1216 resipi-

1809 1245 1973 1296 scant
2020 1249 2137 1303 4805,
2183 1244 2240 1295 et
2289 1239 2580 1311 disperget
2637 1252 2854 1307 magna
2907 1233 3295 1289 illustracione
3325 1248 3406 1286 se-

1813 1330 1983 1386 cundi
2015 1329 2292 1384 adventus
2322 1328 2426 1382 sui.
2461 1328 2529 1380 Et
2560 1340 2710 1380 nunc
2737 1323 2807 1377 de
2842 1321 2950 1375 hiis
2977 1322 3039 1392 (f.
3060 1320 3296 1382 t78)ista
3324 1318 3406 1373 di—

1808 1418 1955 1474 xisse
1987 1417 2130 1472 mihi
2159 1415 2423 1482 sufficiat,
2445 1413 2580 1486 quia
2604 1413 2675 1467 de
2706 1409 2913 1483 prefati
2958 1408 3116 1463 ducis
3171 1407 3409 1462 infortu-

1809 1506 1910 1563 nio
1933 1523 2025 1563 res
2055 1506 2307 1579 quedam
2332 1502 2625 1558 narranda
2651 1501 2849 1554 restat.

1877 1656 1930 1706 3.
1959 1648 2169 1705 Habuit
2206 1647 2296 1703 hic.
2321 1644 2612 1718 quendam
2643 1642 2844 1696 urbem
2872 1638 2930 1693 in
2959 1634 3210 1693 confinio
3242 1632 3408 1705 regni

1808 1739 2017 1794 suimet
2063 1742 2122 1792 et
2163 1734 2553 1807 Ungariorum
2604 1731 2797 1796 sitam,
2844 1728 3002 1799 cujus
3047 1727 3174 1780 erat
3222 1724 3410 1777 custos

1810 1828 2012 1882 Procui
2034 1825 2245 1891 senior,
2292 1822 2600 1877 avunculus
2650 1826 2743 1860 180°
2788 1818 2946 1886 regis
2998 1809 3338 1877 Pannonici,
3379 1826 3413 1864 a

1815 1916 1928 1971 suis
1956 1916 2183 1970 sedibus
2208 1913 2278 1967 ab
2307 1911 2537 1976 eodem,
2567 1912 2629 1962 ut
2656 1905 2855 1972 modo,
2904 1905 3079 1957 antea
3124 1900 3406 1970 expulsus.

1815 2006 1921 2071 Qui
1951 2021 2083 2060 cum
2130 2017 2367 2069 uxorem
2399 2014 2561 2053 suam
2605 2012 2639 2051 a
2665 1992 2995 2066 captivitate
3048 2006 3167 2044 non
3218 1988 3411 2058 posset

1811 2095 2125 2160 absolvere,
2159 2091 2412 2163 gratuitu
2443 2084 2668 2159 nepotis
2717 2082 2803 2138 sui
2852 2077 3112 2153 quamvis
3167 2073 3405 2142 inimici,

1808 2186 2055 2256 suscepit
2085 2202 2213 2240 eam
2270 2199 2337 2236 ex
2387 2193 2649 2233 munere.
2688 2174 3015 2243 Numquam
3070 2164 3261 2222 audivi
3312 2161 3411 2218 ali-

1811 2253 1989 2349 quem
2016 2282 2131 2341 1807,
2184 2271 2279 2343 qui
2330 2272 2560 2324 tantum
2609 2263 2875 2336 parceret
2900 2255 3085 2324 victis;
3117 2258 3174 2310 et
3196 2254 3270 2309 ob
3300 2253 3411 2308 hoc

1809 2364 1869 2418 in
1901 2362 2128 2417 civitate
2159 2358 2416 2432 superius
2437 2353 2784 2417 memorata,
2800 2349 2943 2403 sicut
2963 2346 3024 2400 in
3052 2341 3293 2408 cazteris,
3322 2356 3409 2395 se-

1811 2452 2006 2506 dulam
2037 2451 2186 2505 Deus
2216 2429 2405 2503 eidem
2433 2439 2713 2499 concessit
2740 2434 3061 2493 victoriam.
3112 2429 3288 2502 Hujus
3314 2444 3412 2500 pa-

1811 2543 1899 2595 ter
1950 2542 2096 2604 erat,
2145 2535 2333 2592 Dewix
2385 2531 2642 2597 nomine,
2695 2524 3011 2583 admodum
3060 2517 3302 2575 crudelis
3355 2517 3415 2571 et

1813 2628 2029 2682 multos
2053 2627 2126 2681 ob
2156 2624 2409 2680 subitum
2447 2621 2706 2675 furorem
2760 2630 2927 2669 suum
2975 2608 3258 2666 occidens.
3305 2602 3415 2668 Qui
3520 2632 3525 2641 -

1814 2731 1947 2769 cum
1999 2714 2342 2769 Christianus
2399 2709 2744 2771 efficeretur,
2791 2702 2865 2757 ad
2920 2692 3416 2755 corroborandam

1815 2806 1965 2860 hanc
1995 2805 2171 2859 ﬁdem
2199 2804 2402 2857 contra
2432 2798 2778 2853 reluctantes
2835 2786 3092 2845 subditos
3139 2782 3303 2850 sevit,
3360 2783 3418 2837 et

1817 2894 2119 2965 antiquum
2161 2890 2380 2947 facinus
2419 2888 2537 2942 zelo
2588 2883 2687 2940 Dei
2728 2881 3030 2937 exestuans
3061 2872 3258 2929 abluit.
3317 2868 3420 2924 Hie

1819 2984 1937 3038 Deo
1967 2979 2354 3053 omnipotenti
2414 2975 2697 3047 variisque
2745 2974 2998 3028 Deorum
3036 2959 3419 3020 inlusionibus

1820 3070 2155 3134 immolans,
2192 3085 2322 3124 cum
2354 3067 2427 3122 ab
2462 3063 2715 3121 antistite
2746 3076 2849 3117 sua
2878 3058 2950 3113 ob
2980 3057 3092 3110 hoc
3133 3064 3422 3108 accusare-

131 3117 287 3175 l‘etrix
315 3118 742 3182 inveniebatur,
765 3115 825 3169 in
863 3113 1099 3185 genitali
1128 3129 1251 3179 suo,
1282 3109 1433 3182 turpi
1466 3113 1523 3164 et
1551 3125 1788 3199 pcenac
1820 3109 2155 3169 """""f“f“”
2192 3109 2322 3124 W’“
2354 3109 2426 3122 ““’
2462 3109 2581 3121 ⁸³⁸⁵⁷·
2603 3109 2714 3117 ""'
2746 3109 2848 3159 j"
2882 3109 2944 3113 '“
2983 3109 3050 3154 ἦ

610 3221 678 3225 ψ,
698 3203 986 3225 λεμμιπ
1041 3202 1210 3225 ,μή
1264 3199 1304 3225 ,ε
1330 3199 1406 3225 λε,
1428 3197 1532 3225 ’κλς
1568 3197 1693 3225 κη,
1818 3162 1935 3225 tur,
1965 3159 2203 3213 dmtem
2232 3172 2291 3211 se
2323 3158 2381 3210 et
2411 3154 2485 3209 ad
2514 3155 2637 3207 haec
2657 3148 2924 3204 faeienda
2946 3148 3084 3200 satis
3120 3141 3422 3215 potentem

132 3205 444 3275 miserabili,
466 3203 1007 3264 circumcidebatur,
1041 3202 1233 3273 idque,
1263 3199 1307 3253 si
1329 3199 1406 3253 sic
1426 3197 1535 3252 dici
1566 3197 1719 3263 licet,

134 3295 442 3365 preputinm
500 3294 562 3349 in
590 3293 807 3348 foribus
835 3290 1194 3365 supenditur,
1249 3288 1310 3357 (f.
1338 3287 1473 3358 ΠΤ)
1519 3288 1583 3340 ut
1637 3285 1723 3341 in-

132 3381 317 3436 trantis
342 3386 543 3439 oculus
573 3383 633 3437 in
662 3382 772 3437 hoc
792 3380 1111 3447 offendens,
1139 3378 1200 3432 in
1221 3376 1427 3432 futuris
1456 3375 1626 3430 rebus
1651 3389 1720 3429 eo

134 3470 300 3541 magis
324 3472 603 3529 sollicitus
626 3475 774 3527 esset
798 3475 856 3526 et
889 3470 1161 3543 prudens.
1186 3469 1298 3523 Lex
1323 3464 1722 3521 dominicahu-

129 3555 362 3625 jusmodi
382 3561 648 3634 precepit
672 3559 936 3633 lapidari,
983 3563 1039 3614 et
1073 3560 1381 3629 parentum
1418 3552 1722 3609 nostrimet

133 3649 424 3704 carnalium
458 3650 748 3705 institutio
789 3649 931 3703 tales
977 3649 1199 3701 ortatur
1234 3643 1523 3699 decollari.
1555 3641 1721 3712 Apud

132 3736 416 3793 modernos
447 3745 673 3805 autem,
697 3736 832 3809 quia
858 3736 1089 3790 libertas
1119 3731 1392 3805 peccandi
1417 3733 1543 3802 plus
1565 3731 1719 3802 justo

134 3826 284 3895 atque
311 3827 479 3883 solito
517 3826 731 3899 ubique
772 3823 1121 3890 dominatur,
1180 3824 1306 3895 plus
1356 3838 1532 3893 quam
1570 3835 1724 3874 com-

134 3928 306 3982 pressa
325 3918 674 3973 ancillarum
706 3913 1034 3979 multitudo,
1066 3911 1329 3984 quaedam
1350 3927 1483 3984 pars
1511 3914 1724 3965 matro-

136 4017 343 4074 narum,
367 4006 640 4080 cupidine
668 4003 903 4060 veneria
953 4001 1198 4073 pruritui
1255 4001 1425 4056 noxio
1482 4000 1724 4055 subscal-

133 4097 304 4161 pente,
334 4098 546 4152 marito
569 4096 795 4151 vivente
820 4108 973 4147 nunc
994 4098 1089 4134 ιτοο
1110 4091 1428 4145 mechatur.
1454 4090 1520 4142 Et
1538 4089 1596 4142 in
1613 4088 1723 4142 hoc

131 4179 201 4234 eis
227 4199 338 4238 non
367 4184 602 4251 sufﬁcit,
639 4184 741 4239 sed
760 4184 911 4240 hunc
942 4198 1044 4253 per
1073 4181 1399 4236 adulterum
1420 4179 1593 4233 morti
1608 4179 1723 4233 fur-

1822 3248 2154 3303 afﬁrmavit.
2185 3247 2336 3300 Uxor
2365 3246 2558 3298 autem
2606 3240 2727 3311 ejus
2774 3229 3170 3303 Beleknegini,
3224 3228 3284 3283 id
3336 3227 3423 3281 est

1821 3338 2063 3409 pulchra
2090 3334 2347 3399 domina,
2381 3327 2697 3386 sclavonice
2729 3325 2903 3386 dicta,
2949 3337 3123 3392 supra
3181 3316 3422 3372 modum

1819 3425 2074 3490 bibebat,
2104 3426 2163 3477 et
2190 3422 2248 3476 in
2283 3437 2431 3492 equo
2459 3432 2622 3472 more
2653 3411 2871 3468 millitis
2900 3410 3009 3464 iter
3025 3423 3222 3481 agens,
3246 3420 3424 3492 quen-

1822 3515 1955 3569 dam
1982 3512 2167 3567 virum
2196 3490 2508 3565 iracundiae
2557 3511 2651 3547 1808
2703 3498 2884 3556 nimio
2921 3497 3145 3552 fervore
3193 3490 3422 3548 occidit.

1820 3605 2015 3660 Manus
2044 3602 2167 3656 haec
2196 3599 2417 3670 polluta
2453 3596 2645 3650 fusum
2680 3588 2886 3646 melius
2917 3585 3184 3657 tangeret
3226 3588 3321 3624 1809
3364 3580 3423 3633 et

1822 3694 2084 3747 mentem
2114 3703 2390 3744 vesanam
2422 3681 2707 3757 pacientia
2726 3678 3068 3733 refrenaret.

1890 3821 1944 3875 4.
1971 3820 2031 3891 (f.
2056 3817 2196 3886 178’)
2224 3816 2288 3869 In
2308 3813 2404 3869 illo
2421 3814 2684 3882 tempore
2698 3800 2981 3891 Liuticiin
3004 3798 3162 3891 male
3191 3807 3424 3891 semper

1822 3908 2128 3964 unanimes
2141 3904 2514 3961 Mistizlavum
2534 3881 2848 3960 seniorem,
2877 3888 2983 3945 sibi
3001 3883 3058 3942 in
3073 3881 3251 3958 priori
3267 3894 3422 3935 anno

1823 3999 1898 4053 ad
1923 3984 2807 4069 expedicioneminperatoriam
2852 3980 2994 4051 (955)
3042 3974 3122 4029 nil
3152 3968 3425 4069 auxilian-

1823 4089 1962 4151 tem,
1995 4056 2310 4139 turmatim
2368 4056 2594 4152 petunt,
2637 4071 3065 4145 plurimamque
3106 4058 3275 4132 regni
3309 4056 3426 4112 sui-

1825 4177 1948 4227 met
1976 4176 2201 4244 partem
2230 4168 2613 4230 devastantes,
2648 4175 2888 4216 uxorem
2919 4169 3083 4211 suam
3121 4152 3181 4206 et
3212 4160 3426 4202 nurum

230 4234 338 4238 η-
368 4234 602 4251 --η--η,
640 4234 906 4240 ---μ-νη-
942 4234 965 4253 τ
990 4234 1034 4237 η
1222 4234 1225 4235 ν
1976 4234 1993 4244 .

131 4267 231 4324 tiva
256 4274 471 4328 consilii
496 4271 883 4345 inspiracione
914 4270 1110 4337 tradit,
1165 4273 1224 4324 et
1275 4270 1403 4341 post
1453 4268 1576 4322 haec
1606 4283 1727 4320 ma-
1825 4261 2104 4332 effugere,
2150 4275 2214 4313 ac
2244 4260 2429 4312 semet
2474 4256 2664 4325 ipsum
2691 4251 2847 4304 intra
2891 4243 3148 4301 Zuarinas
3184 4234 3427 4293 civitatis

132 4356 236 4414 lum
279 4364 500 4418 caeteris
553 4362 902 4433 exemplum,
936 4360 1143 4415 eodem
1174 4360 1301 4432 post
1346 4365 1441 4398 im
1498 4355 1726 4428 publice
1827 4331 2223 4408 municionem
2254 4362 2385 4400 cum
2424 4343 2702 4398 militibus
2749 4337 2943 4395 electis
3007 4331 3277 4402 colligere
3328 4340 3425 4381 co-

132 4452 358 4521 διὶῐῐιρίο,
404 4416 513 4524 pro
546 4416 743 4506 dolori
788 4416 1127 4523 potestative
1174 4416 1456 4502 abutitur.
1500 4416 1805 4524 LegalisD
1830 4444 1994 4514 gunt.
2053 4437 2387 4507 Deindeque
2452 4434 2772 4487 malesuasa
2828 4426 3042 4481 suimet
3087 4416 3422 4524 calliditate,

791 4504 811 4523 ,ν
1580 4504 1611 4515 ν
1753 4504 1863 4518 ,ν
2297 4504 2313 4507 _

132 4538 419 4593 earundem
460 4539 657 4594 senior
703 4536 1151 4592 abhominabilis
1210 4533 1628 4606 repudiabitur,
1669 4521 1730 4588 εἴ
1788 4560 1791 4563 ν
1828 4545 1933 4602 per
1965 4521 2528 4597 indigenasﬁhristo
2550 4516 2879 4589 seniorique
2906 4510 3141 4587 proprio
3158 4504 3421 4567 rebelles,

133 4621 278 4679 miles
310 4591 672 4699 ejusdem?
704 4626 833 4693 hiis,
868 4629 931 4680 ut
962 4626 1083 4680 Abo
1144 4634 1237 4667 1800
1264 4591 1415 4695 (954)
1448 4591 1626 4676 dulcis
1663 4623 1722 4675 et
1822 4591 2125 4691 apaterna
2154 4611 2476 4669 hereditate
2533 4607 2624 4661 vix
2675 4606 2919 4691 evadere
2971 4603 3128 4656 hunc
3179 4591 3428 4660 compel-

133 4707 284 4805 Jason
314 4688 465 4772 mitis
495 4688 858 4790 preponitur.
891 4716 1009 4770 Hoc
1051 4713 1186 4787 quia
1214 4688 1367 4767 nunc
1395 4688 1567 4784 pinna
1594 4726 1719 4783 gra-
1817 4688 1947 4778 lunt
1982 4705 2285 4780 (956).!la2c
2322 4688 2731 4756 abominabilis
2754 4689 3110 4765 presumptio
3137 4688 3203 4743 fit
3228 4693 3429 4739 mense

133 4795 204 4894 V‘is
225 4816 338 4857 non
370 4806 674 4873 ulciscitur,
735 4804 806 4859 de
850 4803 942 4859 die
989 4804 1049 4858 in
1094 4802 1252 4858 diem
1279 4819 1381 4874 pro
1412 4803 1718 4855 consuetu-
1821 4795 2157 4862 Februario,
2184 4792 2282 4866 qui
2308 4810 2341 4847 a
2370 4785 2682 4862 gentilibus
2710 4781 3057 4837 lustracioue
3082 4781 3140 4835 et
3170 4772 3428 4831 muneris

1034 4892 1042 4894 Α
1273 4892 1279 4894 _
1445 4890 1467 4894 -
1842 4889 1857 4894 _
1899 4888 1913 4894 -
1943 4886 2000 4894 .-.
2122 4884 2136 4894 .
2166 4883 2198 4894 ..
2226 4881 2237 4892 .
2282 4881 2292 4892 .
2580 4890 2704 4894 η.--
2722 4871 2819 4894 λ---
2889 4869 2956 4894 -1.
3016 4866 3285 4894 :..l'....n..l:
3316 4864 3423 4894 Ann

134 4883 250 4943 dine
279 4908 440 4964 nova,
463 4900 526 4951 ut
554 4910 776 4961 vereor,
809 4911 843 4949 a
877 4892 1078 4948 multis
1104 4892 1401 4948 excolitur.
1435 4890 1479 4946 Ο
1512 4906 1609 4945 vos
1640 4906 1723 4944 sa-
1826 4886 2004 4943 debiti
2053 4864 2413 4939 exhibicione
2460 4871 2841 4938 venerandus,
2887 4869 2959 4923 ab
3016 4866 3289 4922 infernali
3315 4864 3424 4919 deo

1424 5010 1658 5066 VARle
1705 5006 2104 5064 LECTIONES.

193 5086 278 5122 "95
319 5084 474 5141 claue
507 5090 557 5141 1.
674 5093 767 5127 I793
796 5084 989 5139 ienuio
1043 5088 1092 5141 1.
1128 5091 1221 5126 1797
1254 5083 1334 5138 illi
1364 5056 2169 5152 duci-2‘.ml'lauj-amieigum
2222 5077 2271 5128 1.
2315 5142 2328 5152 _
2359 5078 2478 5152 .1739
2502 5064 2627 5121 add.
2660 5063 2744 5119 ib.
2787 5135 2803 5152 ι
2844 5068 2968 5152 .1200.
2990 5056 3323 5152 amab‘qnta.
3352 5083 3422 5096 —

131 5146 357 5227 Absolon
386 5161 438 5212 2.
514 5166 605 5200 ιεοι
638 5156 893 5227 religiosi
925 5161 977 5212 2.
1056 5131 1683 5227 ιέοιγοεῗζῖλὶἱχῖἱίειιοί
1728 5131 1981 5208 αοῐέίῗῖῡ.
2060 5155 2153 5190 mo:
2186 5141 2480 5227 meghisg.
2558 5145 2652 5227 w‘oi
2683 5131 3075 5227 uestri?nl‘a.a
3140 5133 3244 5227 ⁸ξιιοι
3275 5143 3333 5180 n.
3366 5141 3415 5179 r.

135 5217 358 5297 ﬁdd._lb.
434 5236 527 5271 ιθοο
553 5196 851 5283 auinmﬁns
877 5232 927 5282 1.
1005 5233 1098 5268 ίδοτ
1132 5196 1400 5297 aliquem
1423 5196 1694 5282 idin-:81);
2038 5224 2087 5276 1.
2165 5196 2413 5269 {gitlth
2440 5211 2659 5267 incesta
2678 5221 2886 5262 manus
2921 5202 3019 5257 fila
3044 5198 3116 5254 de
3140 5196 3266 5252 fuso
3294 5210 3405 5251 meo

136 5285 228 5344 lius
254 5295 518 5366 traheret,
541 5316 717 5371 quam
750 5298 1009 5370 gladium
1038 5314 1068 5352 e
1100 5285 1308 5367 vagina
1336 5297 1614 5364 traheret,
1647 5299 1754 5351 etc.
1778 5300 1834 5351 2.

199 5478 335 5552 (954)
364 5489 533 5544 Menti
561 5488 870 5544 Thietmari
888 5488 1220 5542 observatus
1245 5486 1329 5539 est
1360 5484 1540 5547 Abro,
1575 5413 1748 5539 G139
1750 5413 2035 5553 ΤΕὉδδ)
2082 5480 2369 5536 Incertum
2396 5472 2537 5553 mihi
2584 5469 2807 5553 Videt}?
2860 5469 3053 5545 utrm.“
3075 5463 3151 5553 Pd
3177 5460 3300 5515 hac
3325 5470 3416 5553 £3:

364 5529 533 5544 ...νηυι
574 5529 1046 5544 ...ωιηηιηυυυω
1247 5529 1328 5539 νυ-
1360 5529 1540 5547 --.μη
1579 5529 1698 5539 ω...
1915 5529 2010 5543 νγ-
2082 5529 2366 5536 -..η----κη

140 5553 592 5629 φξῇἱὺὶὰίῐιοδηε,
624 5561 783 5629 cujus
812 5559 925 5613 vita
955 5558 1233 5629 dissoluta
1246 5556 1316 5629 in
1336 5555 1719 5629 proverbium
1818 5529 2060 5629 ferenda
2086 5553 2220 5613 sint.
2253 5564 2381 5620 quas
2430 5544 2685 5629 ᾼόξλξηιξξι
2724 5534 3047 5629 Bremensis
3073 5537 3122 5629 l.’
3150 5550 3212 5629 1‘1,
3243 5547 3294 5586 c.
3328 5529 3417 5593 30,

956 5603 1316 5694 “edit:
1336 5603 1719 5680 {véc’iiéﬁéﬁ'a‘é
1818 5603 2298 5707 iﬁiiiiié‘séiiaiioﬁ
2326 5622 2389 5673 25
2425 5617 2494 5672 de
2521 5611 2774 5688 Mystivoi
2800 5608 3057 5664 tradunt.
3073 5603 3421 5663 Meliuscon-

274 5736 282 5738 Α
363 5716 420 5738 ιη
1817 5697 2058 5738 mnium.
2080 5711 2209 5738 num
2242 5690 2601 5738 'l‘hietmaro.
2629 5701 2758 5738 ause
2789 5682 2884 5738 ille
2932 5696 3056 5738 can.
3091 5682 3157 5737 33
3202 5675 3259 5730 et
3288 5669 3417 5729 Hel-

322 5669 746 5687 ..μωσιω
797 5669 851 5685 μ.
914 5671 927 5684 .
968 5669 1098 5685 ...υ
1169 5669 1304 5681 να...
1357 5669 1719 5680 ..-πωπω
1946 5669 2012 5679 ,η
2040 5669 2382 5678 --_-.-v-__,.
2431 5669 2532 5672 _-,

174 5694 285 5751 °99-
317 5698 439 5755 URS-
755 5672 786 5701 δ
871 5669 906 5702 Β
1108 5670 1121 5694 ’
1817 5669 2058 5750 veniunt
2080 5711 2213 5750 cum
2242 5669 2601 5754 'l‘hietmaro‘,
2629 5701 2758 5759 quae
2789 5682 2884 5739 ille
2932 5696 3056 5754 cap.
3091 5682 3157 5737 33
3202 5675 3259 5730 et
3288 5669 3417 5729 Hel-

205 5760 340 5835 (955)
364 5771 427 5830 V.
454 5772 682 5846 supral.
715 5788 809 5840 vu,
841 5787 890 5827 c.
928 5771 1018 5827 44.
1818 5765 2105 5824 moldusl.
2139 5784 2178 5835 ι,
2207 5781 2256 5824 c.
2292 5763 2358 5821 t8
2379 5759 2658 5819 referunt.
3200 5808 3203 5809 ν

2386 5078 2478 5113 mo
2502 5064 2627 5121 add.
2660 5063 2744 5119 ib.
