3900 6216
483 451 620 510 110⁸1

1433 443 1808 504 THIETMARI
1841 439 2156 502 EPISCOPI
2175 441 2793 502 MERSEBURGENSIS

3667 447 3802 508 “08

485 569 753 636 Plutone,
784 567 882 642 qui
912 567 1166 624 Februus
1194 567 1421 636 dicitur,
1467 568 1579 623 hoc
1619 583 1834 623 nomen
1871 565 2164 638 accepitA
2197 581 2334 636 gere
2362 569 2614 638 exoptet,
2643 566 2779 640 quia
2811 564 3104 623 timendus
3137 567 3222 624 est
3241 565 3432 640 justis,
3489 583 3561 624 ae
3624 571 3806 626 multo

487 659 653 729 (957).
682 659 842 713 Tunc
873 676 1077 714 omnes
1107 659 1375 713 aacclesiae
1407 657 1480 712 ad
1505 659 1789 712 honorem
1821 659 1878 710 et
1906 657 2088 710 famu-

484 747 664 801 latum
701 746 908 802 Christi
940 747 998 800 in
1031 746 1139 800 hiis
1173 747 1426 816 partibus
1447 749 1672 811 erectai,
1715 744 1993 799 incendiis
2032 746 2090 797 et

486 834 980 890 destruccionibus
1008 835 1131 889 aliis
1161 833 1438 900 cecidere,
1491 837 1548 888 et
1582 835 1736 906 quod
1771 832 2088 888 miserabil-

484 921 692 978 limum
719 924 847 990 fuit,
881 923 1074 995 imago
1117 923 1379 978 Crucitixi
1411 927 1674 977 truncata
1697 925 1783 976 est
1816 929 1931 988 m0,
1972 921 2092 974 eul-

484 1014 691 1082 tusque
723 1011 1013 1066 idolorum
1047 1013 1164 1066 Deo
1197 1011 1520 1084 prepositus
1549 1011 1810 1079 erigitur,
1842 1013 1898 1064 et
1929 1025 2093 1062 mens

487 1099 685 1170 populi
717 1099 897 1167 istius,
932 1101 1030 1171 qui
1061 1099 1305 1154 Abotriti
1337 1103 1394 1153 et
1423 1100 1572 1154 Wari
1608 1099 1750 1169 (358)
1791 1100 2090 1166 vocantur,

489 1191 558 1242 ut
581 1204 681 1242 eor
713 1189 982 1244 Faraonis
1013 1189 1084 1243 ad
1115 1189 1238 1242 haec
1266 1189 1590 1243 induratur.
1625 1187 1976 1242 Libertatem
2020 1187 2093 1240 si-

485 1274 544 1330 bi
571 1293 733 1331 more
773 1277 1008 1332 Liutieio
1041 1281 1182 1331 nota
1208 1285 1298 1319 ιοίί
1333 1277 1534 1331 fraude
1561 1277 1964 1342 vendicahant,
1998 1274 2096 1329 sed

489 1364 773 1418 cervicem
800 1382 960 1419 suam
991 1364 1146 1418 suavi
1179 1366 1325 1437 jugo
1357 1365 1561 1420 Christi
1611 1381 1904 1418 excussam
1955 1380 2094 1418 one-

489 1466 621 1505 roso
655 1451 954 1506 diabolicae
983 1451 1406 1507 dominacionis
1433 1450 1675 1523 ponderi
1697 1460 1789 1493 181!
1805 1467 1906 1504 sua
1929 1468 2097 1522 spon-

489 1539 545 1591 te
578 1538 986 1605 subdiderant,
1011 1539 1235 1594 meliori
1260 1539 1416 1610 prius
1438 1542 1599 1610 patre
1623 1547 1716 1581 1⁸1³
1745 1555 1810 1592 ac
1827 1538 2096 1593 nobiliori

489 1632 586 1666 "13
619 1625 868 1681 domino
917 1626 977 1681 in
1033 1627 1303 1681 omnibus
1352 1627 1454 1681 usi.
1519 1628 1673 1680 lianc
1725 1626 2090 1680 debilitatem

489 1727 656 1766 suam
687 1715 953 1768 membra
1001 1714 1206 1768 Christi
1252 1715 1526 1779 defleant,
1555 1717 1612 1767 et
1638 1723 1729 1755 18H
1763 1713 1932 1786 capiti
1959 1730 2093 1768 con-

2189 655 2376 727 magis
2402 656 2824 728 corrigibilibus
2845 655 3082 713 cunctis.

2262 745 2462 800 5.Jam
2493 745 2778 800 declinam
2835 747 2906 800 ab
2937 745 3067 814 hiis,
3109 749 3166 801 et
3209 747 3416 819 loquar
3454 747 3805 818 inperatoris

2193 834 2373 888 nostri
2400 835 2844 907 prosperitatem
2879 851 3066 906 nuper
3090 834 3195 890 sibi
3227 839 3513 890 exortam.
3537 837 3805 890 Avuncu-

2193 924 2277 976 lus
2308 939 2560 994 namque
2582 940 2714 977 suus
2743 925 2801 978 et
2827 931 2920 966 im
2947 923 3412 995 Burgundiorum
3447 940 3547 978 rex
3569 923 3803 978 Rothul-

2193 1010 2284 1064 fus
2307 1025 2584 1065 coronam
2617 1010 2828 1065 suimet
2851 1014 2910 1065 et
2940 1014 3229 1082 sceptrum
3288 1027 3422 1066 cum
3482 1027 3665 1066 uxore
3709 1028 3807 1066 sua

2196 1101 2252 1152 et
2281 1097 2556 1168 privignis
2581 1114 2644 1152 ac
2673 1098 3050 1170 optimatibus
3093 1097 3371 1152 universis
3425 1098 3537 1152 sibi
3578 1114 3808 1153 conces-

2195 1185 2286 1251 sit,
2306 1185 2727 1256 reiteraturque
2757 1184 3108 1240 sacramenti
3133 1185 3554 1252 confirmacio;
3583 1187 3809 1240 actum-

2197 1287 2307 1342 que
2337 1275 2422 1325 est
2451 1271 2588 1326 illud
2614 1271 2908 1342 Magoncia
2927 1274 2986 1326 et
3014 1271 3073 1326 in
3107 1271 3364 1344 predicto
3405 1288 3637 1327 mense.
3673 1273 3807 1327 Pro-

2198 1361 2423 1431 digium
2448 1361 2513 1416 fit
2541 1360 2597 1414 in
2625 1362 2860 1416 Malacin
2911 1365 2974 1417 13
3030 1361 3315 1416 Kalendas
3353 1361 3571 1416 Marcii.
3623 1361 3805 1416 Mense

2197 1453 2393 1504 autem
2417 1451 2623 1505 eodem
2650 1455 2708 1506 et
2734 1455 2795 1507 17
2817 1450 3103 1506 Kalendas
3130 1449 3341 1521 Aprilis
3367 1465 3622 1522 magnus
3647 1449 3714 1503 ﬁt
3742 1449 3796 1504 in

2199 1539 2526 1612 Niumagun
2561 1540 2814 1608 sinodus,
2839 1543 2896 1595 et
2939 1556 3120 1612 nepos
3151 1543 3313 1595 meus
3363 1539 3529 1595 Oddo
3557 1539 3711 1606 (961)
3753 1540 3808 1592 et

2197 1644 2342 1682 uxor
2367 1630 2489 1698 ejus
2513 1627 2844 1699 lrmirgerd,
2877 1627 3383 1698 consanguinitate
3418 1625 3698 1698 proxima
3722 1626 3802 1680 in-

2188 1715 2343 1786 juste
2375 1717 2470 1770 diu
2502 1725 2594 1758 ιωι
2625 1715 3492 1786 conjuncti,obinobedienciam
3520 1713 3806 1769 continua

492 1803 815 1870 querantur
845 1818 970 1866 suo,
1005 1801 1232 1856 assidua
1251 1818 1388 1855 voce
1417 1802 1627 1854 mentis
1655 1802 1764 1855 hoc
1795 1803 1854 1855 in
1893 1801 2095 1855 melius
2123 1873 2149 1874 ί
2195 1804 2518 1858 vocacionis
2539 1803 3020 1859 excommunicati
3051 1806 3216 1870 sunt;
3249 1805 3669 1874 cooperatores
3716 1817 3806 1854 ve-

494 1884 557 1953 (f.
597 1889 711 1957 179)
745 1889 956 1942 mutari
987 1892 1306 1960 poscentes,
1341 1893 1398 1942 et
1425 1906 1490 1942 ex
1514 1892 1677 1959 parte
1701 1905 1821 1954 sua,
1837 1888 1893 1942 in
1919 1906 2095 1958 quan-
2118 1873 2171 1934 Β
2197 1908 2260 1945 ro
2287 1909 2489 1947 eorum
2504 1893 2576 1947 ab
2608 1892 2886 1963 episcopis
2915 1893 3192 1946 vocantur
3206 1889 3320 1944 suis
3351 1873 3425 1944 ad
3452 1889 3801 1945 satisfaccio-

495 1977 618 2028 tum
653 1975 778 2029 ﬁeri
808 1976 1004 2047 possit,
1064 1977 1186 2030 haec
1239 1977 1552 2048 perdurare
1602 1994 1717 2031 non
1784 1977 2092 2048 pacientes.

501 2063 827 2118 Bernardus
854 2073 946 2106 ιδιε
985 2065 1134 2136 (959)
1166 2065 1456 2120 confrater
1492 2066 2092 2136 Parthenopolitanus,

500 2155 558 2204 et
591 2156 865 2226 apostata:
893 2153 1056 2208 istius
1085 2155 1275 2225 gentis
1296 2157 1430 2208 tunc
1460 2155 1778 2224 episcopus,
1806 2153 1859 2207 id
1890 2157 1950 2207 ut
1978 2153 2093 2226 pri-

492 2259 588 2297 mo
623 2242 926 2314 comperit,
961 2259 1078 2298 non
1103 2245 1389 2299 swcularis
1444 2244 1653 2298 suimet
1703 2242 1940 2313 dampni
1996 2241 2097 2296 sed

493 2332 691 2403 pocius
719 2331 1028 2404 spiritualis
1058 2333 1322 2389 inmenso
1351 2335 1547 2388 dolore
1570 2337 1914 2399 commotus,
1933 2333 2095 2404 inpe-

506 2423 684 2477 ratori
707 2427 904 2478 nostro
936 2424 994 2477 id
1027 2431 1118 2465 ιθίι
1153 2424 1428 2478 nunciare
1459 2441 1575 2478 non
1608 2424 1846 2478 desistit.
1882 2425 1995 2478 Hae
2025 2425 2099 2477 le-

494 2511 736 2582 gacione
765 2512 979 2577 audita,
1010 2529 1170 2566 cesar
1195 2512 1445 2582 graviter
1471 2513 1736 2582 suspirat,
1767 2513 1866 2567 sed
1906 2513 1976 2567 de
2009 2516 2099 2567 ta-

491 2599 641 2652 libus
671 2601 1021 2670 respondere
1043 2600 1114 2654 ad
1136 2617 1306 2672 pasca
1322 2600 1510 2656 ditl'ert
1532 2603 1700 2668 (960),
1725 2604 1785 2654 ut
1811 2619 1941 2656 cum
1966 2619 2099 2674 pru-

505 2685 664 2740 denti
695 2688 932 2742 consilio
955 2689 1062 2742 hoc
1086 2689 1393 2753 anulletur,
1436 2689 1589 2760 quod
1607 2689 1854 2744 infausta
1870 2691 2096 2762 conspi-

501 2773 734 2828 racione
765 2776 1212 2847 conglutinatur.
1241 2778 1357 2831 Hoc
1383 2781 1580 2832 votum
1628 2783 1686 2833 et
1714 2780 1960 2834 salutare
2007 2797 2097 2834 se-

511 2866 732 2917 cretum
764 2872 858 2905 im
887 2866 1036 2918 Deus
1067 2865 1436 2937 omnipotens
1461 2867 1754 2922 secundet.
1791 2868 2004 2923 Nullius
2029 2869 2098 2923 Ii-

505 2951 646 3006 delis
671 2968 771 3008 cor
795 2953 868 3008 ob
895 2954 1044 3008 hanc
1069 2954 1463 3009 infelicitatem
1498 2956 1554 3010 in
1601 2957 1853 3029 aliquam
1895 2959 2095 3029 despe-

497 3038 793 3095 racionem
824 3041 1037 3108 veniat,
1065 3043 1152 3096 vel
1192 3043 1346 3098 diem
1388 3043 1589 3114 judicii
1631 3045 2096 3118 appropinquare

496 3127 669 3195 dicat,
692 3128 826 3201 quia
850 3131 1166 3186 secundum
1205 3132 1448 3187 veredici
1481 3141 1572 3176 1817
1603 3135 2095 3190 ammonicionem

2197 1996 2353 2036 nem.
2390 1979 2470 2034 lbi
2510 1979 2884 2034 constitutum
2918 1982 3004 2033 est
3041 1977 3281 2050 antiquo
3309 1979 3654 2049 exemplare
3683 1993 3801 2050 per-

2196 2069 2366 2134 lecto,
2395 2072 2458 2121 ut
2489 2084 2697 2138 corpus
2713 2067 3078 2122 Dominicum
3100 2065 3546 2138 [adsinistram],
3572 2067 3651 2121 ad
3681 2066 3802 2120 dex-

2199 2160 2388 2212 teram
2417 2159 2642 2230 partem
2673 2157 2815 2211 calix
2848 2163 2941 2198 1m
2972 2158 3291 2226 poneretur
3329 2162 3448 2208 ιω.
3485 2155 3550 2208 In
3583 2157 3801 2227 tempo-

2200 2262 2264 2302 re
2289 2246 2385 2301 illo
2417 2245 2852 2301 Mediolanensis
2881 2233 3344 2317 archiepiscopus
3375 2242 3523 2298 obiit
3551 2242 3732 2314 (962),
3754 2245 3805 2297 et

2197 2335 2519 2408 propositus
2549 2335 2810 2406 ejusdem
2840 2333 3110 2389 aacclesize
3151 2333 3470 2388 Hiribertus
3525 2331 3801 2387 successit.

2199 2425 2261 2480 ln
2285 2425 2483 2497 Anglis
2511 2424 2748 2495 triginta
2777 2422 3012 2479 navium
3035 2422 3392 2478 habitatores
3429 2420 3640 2493 piratae
3664 2436 3698 2474 a
3719 2435 3801 2474 re-

2199 2530 2269 2584 ge
2296 2530 2519 2579 eorum,
2543 2511 2762 2568 Suenni
2795 2511 2947 2584 regis
2976 2509 3114 2577 filio,
3163 2511 3278 2564 Deo
3333 2507 3582 2580 gratias!
3641 2507 3796 2564 occisi

2199 2605 2332 2656 sunt
2350 2605 2518 2670 (963);
2543 2604 2600 2655 et
2619 2600 2714 2672 qui
2734 2599 2889 2670 prius
2910 2615 3041 2654 cum
3057 2601 3222 2670 patre
3242 2598 3414 2669 hujus
3433 2600 3566 2652 erat
3587 2597 3800 2652 invasor

2198 2694 2256 2746 et
2280 2689 2538 2744 assiduus
2569 2689 2892 2744 destructor
2918 2685 3246 2759 provincias,
3292 2702 3450 2741 nunc
3485 2685 3642 2742 solus
3669 2685 3798 2740 sedit

2199 2781 2486 2846 defensor,
2520 2781 2582 2832 ut
2618 2779 2677 2833 in
2711 2777 2911 2832 Libicis
2941 2775 3240 2831 basiliscus
3291 2775 3534 2830 harenis
3585 2775 3793 2836 (Lucas.

2199 2887 2274 2936 1x,
2306 2873 2430 2938 726)
2458 2870 2677 2924 cultore
2707 2866 2915 2922 vacuis.
2954 2867 3016 2920 In
3048 2865 3154 2920 hac
3193 2864 3646 2938 quadragesima
3673 2863 3794 2918 etin

2199 2958 2526 3030 episcopatu
2555 2973 2685 3011 meo
2715 2955 2951 3028 quidam
2991 2954 3230 3009 fratrem
3258 2969 3449 3020 suum,
3479 2968 3588 3025 pro
3620 2951 3789 3007 dolor!

2199 3045 2422 3102 occidit.
2458 3047 2758 3117 lnperator
2783 3046 2980 3098 autem
3029 3041 3089 3097 in
3139 3041 3400 3114 predicto
3428 3042 3557 3096 loco
3589 3040 3794 3112 palmas

2199 3139 2256 3190 et
2284 3138 2545 3189 sanctum
2573 3134 2785 3206 pascha
2815 3129 3126 3188 celebravit
3155 3131 3270 3202 (an.
3315 3131 3478 3196 lOl8,
3509 3127 3684 3185 Mart.
3713 3130 3790 3194 30,

494 3217 656 3272 Pauli
687 3221 822 3274 ante
851 3219 1267 3276 dissensionem
1287 3229 1380 3263 ιω
1406 3225 1463 3277 et
1490 3223 1822 3278 Antichristi
1845 3232 1938 3266 181°
1963 3237 2096 3279 exe-
2117 3244 2166 3306 α
2198 3233 2248 3281 et
2270 3226 2413 3296 Apr.
2448 3224 2534 3297 6);
2570 3223 2704 3296 quia
2752 3219 3096 3286 Baldricum,
3158 3218 3230 3274 de
3286 3235 3428 3274 nece
3473 3216 3790 3291 Wigmanni

497 3307 771 3362 crabilem
811 3309 1124 3364 adventum
1170 3308 1262 3375 (II
1281 3310 1454 3368 Thess.
1504 3329 1564 3376 ιι,
1601 3313 1650 3380 1)
1681 3329 1798 3367 non
1856 3313 2023 3369 debet
2065 3331 2096 3368 e

493 3395 700 3452 talibus
721 3397 924 3469 aliquis
947 3398 1084 3453 oriri
1118 3416 1333 3468 sermo,
1380 3417 1487 3456 nec
1539 3401 1691 3456 inter
1747 3401 2097 3458 christicolas

492 3485 680 3541 subita
708 3488 902 3542 venire
926 3488 1270 3556 commocio,
1299 3505 1430 3544 cum
1456 3490 1779 3545 eorundum
1803 3491 2094 3546 unanimi-

490 3575 577 3629 tas
597 3591 718 3628 esse
745 3575 953 3630 debeat
974 3575 1032 3630 in
1065 3577 1306 3631 summis
1347 3585 1440 3618 m0
1479 3576 1776 3632 stabilitas.
1813 3577 2004 3646 Nutet,
2036 3578 2095 3634 in

490 3667 774 3736 quantum
790 3663 943 3730 velit,
971 3665 1232 3720 mortalis
1252 3665 1548 3720 diversitas
1591 3669 1650 3720 et
1705 3683 1938 3722 morum
1969 3668 2096 3738 eju-

491 3753 654 3808 sdem
677 3753 1050 3808 multiformis
1104 3753 1466 3826 inequalitas.
1515 3754 1716 3808 Omnis
1761 3755 1962 3824 homo,
1989 3756 2097 3812 ﬂos

492 3842 639 3916 agri,
665 3844 837 3899 debet
865 3859 899 3898 a
924 3846 1110 3897 matre
1140 3843 1380 3898 ecclesia
1407 3841 1566 3912 prius
1594 3843 1816 3898 renasci
1835 3843 1894 3898 in
1924 3844 2093 3900 inno-

491 3933 742 3988 centiam
786 3931 1081 3987 salvatoris
1111 3931 1355 3998 Christi;
1403 3934 1462 3986 et
1499 3933 1637 3986 tunc
1693 3931 1954 3988 timenda
2009 3937 2096 3990 est

493 4021 783 4094 inprovisa
804 4019 1210 4091 inportunitas,
1244 4036 1374 4075 cum
1399 4019 1612 4094 ubique
1652 4022 1956 4078 nunciatur
1983 4040 2092 4096 pax

491 4110 660 4164 ﬁrma
720 4124 786 4162 ac
843 4106 1247 4179 tranquillitas.
1311 4110 1380 4163 Et
1434 4113 1671 4180 propter
1706 4111 1816 4166 hoc
1861 4127 2094 4184 semper

493 4212 862 4262 amonemur,
896 4197 957 4249 ut
987 4195 1166 4251 simus
1211 4197 1435 4253 solliciti
1481 4215 1546 4253 ac
1603 4199 1928 4272 pervigiles,
1958 4217 2092 4254 cum

489 4301 609 4340 non
639 4284 894 4338 valemus
918 4300 1039 4338 esse
1067 4285 1207 4340 certi
1239 4285 1310 4341 de
1340 4288 1544 4342 futuris
1567 4305 1632 4343 ac
1656 4289 1714 4342 in
1748 4291 1946 4345 nostra
1975 4288 2090 4343 fra-

2198 3313 2422 3370 comitis
2452 3313 2528 3368 nil
2561 3329 2620 3366 se
2641 3312 3008 3368 excusantem
3035 3307 3314 3380 legitime,
3341 3323 3480 3362 cum
3516 3308 3632 3362 suis
3664 3323 3790 3362 con-

2197 3402 2573 3474 spiratoribus
2624 3399 2987 3454 recalcitrare
3063 3393 3366 3468 comperit.
3423 3395 3788 3460 Wolcmarus,

2198 3487 2374 3547 abbas
2403 3487 2696 3544 Fuldensis
2723 3490 2781 3542 et
2812 3482 3218 3550 Lar'semensis,
3243 3482 3389 3538 obiit
3409 3483 3580 3554 (964).
3608 3482 3791 3552 (2180)

2198 3582 2257 3635 In
2284 3579 2485 3634 diebus
2522 3577 2632 3631 illis
2659 3577 2742 3632 sol
2769 3581 2902 3631 ante
2929 3573 3143 3629 suimet
3185 3587 3454 3627 occasum
3509 3569 3792 3627 nonnullis

2197 3666 2470 3724 dimidius
2497 3665 2826 3737 prodigiose
2848 3662 3118 3735 apparuit
3147 3669 3261 3715 1m.

2267 3761 2320 3812 6.
2349 3755 2586 3810 Interim
2614 3753 2753 3808 dum
2781 3754 2940 3807 fama
2967 3751 3129 3806 velox
3160 3749 3379 3822 aliquid
3436 3757 3538 3792 1⁸³⁸
3573 3746 3697 3804 novi
3723 3746 3786 3803 ad

2195 3842 2566 3900 scribendum
2586 3841 2812 3896 deferat
2831 3839 2994 3906 mihi,
3009 3839 3321 3894 hominum
3343 3838 3531 3894 vitam
3556 3837 3780 3910 piorum,

2196 3949 2370 4006 quam
2429 3948 2538 4003 ego
2588 3929 2884 4002 culpabilis
2913 3932 2972 3984 et
3008 3927 3316 3984 obliviosus
3346 3927 3528 3982 nimis
3553 3925 3782 4000 superius

2196 4021 2499 4078 dicendam
2524 4019 2791 4091 preterivi
2823 4025 2938 4087 ηπ,
2969 4018 3282 4089 explanare
3313 4032 3473 4072 nunc
3515 4016 3701 4073 ardeo.
3727 4014 3778 4068 in

2192 4109 2555 4183 temporibus
2585 4107 2816 4164 secundi
2851 4115 2945 4150 im
2965 4106 3121 4177 regis
3141 4105 3394 4160 Heinrici
3409 4105 3524 4161 fuit
3540 4101 3781 4178 quedam

2193 4199 2450 4255 solitaria
2488 4197 2612 4252 Sisu
2631 4199 2853 4262 vocata,
2885 4195 2946 4250 in
2985 4197 3111 4250 loco
3153 4193 3423 4249 Thrubizi
3451 4195 3604 4264 (965)
3628 4192 3778 4256 dicto,

2194 4289 2474 4343 inmensa!
2504 4286 2733 4359 pietatis
2759 4302 2825 4340 ac
2860 4301 2964 4357 per
2985 4283 3094 4338 hoc
3127 4283 3268 4338 mihi
3296 4282 3632 4338 inetfabilis.
3661 4279 3779 4344 One

489 4371 711 4445 gilitate
757 4373 1063 4430 durabiles.
1113 4374 1295 4431 Nemo
1354 4376 1570 4432 ultimae
1609 4377 1721 4432 diei
1780 4379 2088 4434 adventum
2184 4378 2311 4449 jam
2335 4376 2530 4431 adulta
2554 4391 2684 4430 cum
2711 4391 2747 4430 a
2772 4373 3026 4445 quodam
3053 4371 3510 4444 desponsaretur
3533 4376 3776 4442 tempore

489 4464 588 4518 aut
605 4462 803 4518 venire
836 4469 928 4507 1m
951 4457 1176 4520 difﬂdat
1195 4467 1296 4520 aut
1323 4465 1587 4521 celeriter
1611 4466 1675 4538 (f.
1703 4467 1846 4539 179’)
1865 4467 2090 4522 contin-
2116 4450 2169 4508 D
2194 4465 2432 4520 maximi
2463 4463 2707 4532 Oltonis,
2727 4463 2802 4518 ad
2821 4460 3132 4528 Christum,
3149 4475 3331 4534 quem
3351 4458 3416 4515 in
3446 4458 3646 4532 primis
3663 4453 3776 4512 ﬁdei

1809 4583 2046 4642 VARLE
2075 4585 2246 4641 LECT
2251 4585 2362 4640 1οΝ
2369 4583 2471 4640 ES.

1571 4691 1642 4731 ue
1670 4673 1794 4730 add.
1829 4673 1911 4732 lb.
2025 4683 2117 4718 ίείί
2149 4677 2310 4730 mota
2336 4677 2422 4730 la.
2533 4679 2628 4715 1⁸η

558 4679 653 4715 1810
682 4676 740 4728 et
762 4674 919 4748 quod
941 4705 1020 4748 -τ
1039 4677 1306 4748 truncata
1335 4677 1420 4729 est
1450 4681 1500 4730 et
1530 4691 1642 4748 que
1670 4673 1794 4730 add.
1829 4673 1911 4748 ib.
2025 4683 2117 4718 ίείι
2149 4677 2310 4748 mota
2336 4677 2422 4730 la.
2456 4742 2471 4748 _
2533 4679 2628 4748 ίειξ
2657 4669 2917 4748 pondere
2939 4671 2999 4748 1ἒ
3105 4675 3215 4748 ηιξ,
3227 4669 3392 4748 patre
3412 4683 3481 4724 ac
3511 4662 3774 4748 mobiliori

488 4745 574 4800 la.
623 4815 660 4818 __
689 4737 932 4818 ιειῐᾳειά.
970 4747 1054 4804 lb.
1131 4753 1225 4791 1⁸1³
1255 4747 1396 4818 με.
1425 4737 1708 4818 partheno
1741 4749 1798 4801 in
1839 4745 1949 4802 loco
1995 4763 2093 4818 ras;

2200 4747 2233 4800 i.
2315 4752 2408 4787 ιειτ
2441 4737 2738 4818 decretum
2775 4745 2831 4800 2.
2907 4747 3001 4784 ίοιτ
3025 4737 3270 4818 veredici
3311 4754 3456 4794 corr.
3481 4737 3774 4818 veridici}.

486 4821 581 4858 1³1³
607 4815 1014 4872 discessionem
1040 4818 1290 4890 Romani
1317 4805 1551 4890 imperii
1575 4821 1628 4872 2.
1708 4826 1802 4860 ιιίο
1835 4817 2093 4890 antechri

2211 4833 2350 4871 corr.
2382 4813 2723 4890 antichristi
2751 4816 2801 4868 l.
2841 4882 2855 4890 _
2879 4885 2889 4890 _
2916 4819 3011 4854 ιω
3035 4809 3216 4890 sumis
3249 4814 3316 4890 t._
3415 4807 3662 4890 ξω.αᾴιῇ
3700 4805 3774 4862 Ην.

486 4894 582 4928 ιω
610 4903 821 4942 erasum
848 4892 898 4942 l.
973 4897 1069 4932 1⁸³³
1099 4879 1422 4944 sacerdotis.
1441 4889 1582 4943 calix
1619 4891 1672 4944 2.
1785 4895 1878 4930 im
1911 4889 1994 4944 Ibi
2023 4918 2086 4929 --
2113 4888 2468 4958 ponerentur
2497 4885 2623 4939 add.
2667 4883 2753 4938 lb.
2784 4882 2897 4958 sibi:
2911 4890 3088 4958 tamen
3123 4881 3316 4958 desunt
3360 4879 3439 4958 ad
3486 4879 3775 4958 sinistram.

611 4959 988 5084 Uuolcm‘arus
1039 4959 1286 5028 (secundo
1336 4976 1371 5012 u
1410 4967 1531 5030 post
1575 4960 1743 5030 eraso)
1804 4991 1869 4999 -
1915 4947 2185 5032 appara“
2224 4958 2350 5013 add.
2403 4957 2485 5011 ιδ,
2599 4963 2694 4998 ιω
2746 4953 2903 5026 aliqd
2969 4957 3018 5009 ί.
3130 4958 3223 4993 ηπ
3276 4952 3335 5004 επ
3391 4951 3504 5005 ιοοο
3550 4964 3662 5004 ram
3707 4947 3773 5002 η.

601 5046 811 5084 erasum
879 5071 894 5084 .

601 5046 811 5086 erasum
844 5046 894 5086 1.

2029 5101 2074 5156 Ν
2080 5098 2257 5157 ΟΤΛΕ.

2189 5221 2248 5277 8.
2280 5217 2606 5276 Godehardi
2641 5215 3228 5290 episc.jlildeshem.,
3269 5229 3322 5272 c.
3349 5217 3420 5290 Δ4.
3453 5211 3774 5290 Οᾳιιΐ.ᾼιιιι.

2189 5291 2522 5358 Quedlinb.,
2549 5307 2602 5346 a.
2639 5286 2800 5347 1020.
2827 5288 3016 5344 Vitam
3045 5286 3389 5350 Meinwerci,
3417 5301 3472 5343 c.
3501 5287 3590 5352 62,
3620 5287 3701 5337 75.

2258 5384 2402 5451 (962)
2432 5379 2727 5434 Arnulfus.

2257 5470 2405 5542 (963)
2437 5469 2499 5524 V.
2531 5467 2863 5524 Geschichte
2894 5464 3151 5521 Grossbr.
3183 5466 3227 5519 t.
3254 5465 3298 5530 Ι,
3332 5481 3392 5537 p.
3423 5465 3550 5519 464.

2258 5559 2406 5628 (964)
2441 5557 2637 5630 lnhoc
2664 5556 2902 5630 nomine
2928 5555 3199 5630 deceptus
3245 5555 3336 5630 est
3382 5551 3768 5630 κιθάρῃ-..Ληιιο

2192 5620 2350 5698 1018,
2375 5620 2553 5702 April.
2587 5635 2642 5695 7,
2675 5627 2822 5684 obiit
2846 5626 3040 5682 Bobbo
3071 5620 3272 5693 abbas,
3301 5623 3376 5679 de
3403 5639 3520 5696 quo
3543 5620 3668 5676 vide
3691 5634 3765 5671 su-

2188 5717 2296 5775 pra
2323 5702 2363 5757 l.
2405 5717 2479 5769 v1,
2500 5716 2550 5755 c.
2577 5703 2666 5757 56.

2264 5787 2413 5862 (965)
2439 5786 2721 5844 Traubitz.

2599 4963 2694 4998 ιω
2746 4953 2903 5026 aliqd
2969 4957 3018 5009 1.

551 5223 695 5290 (957)
728 5221 792 5279 ν.
823 5220 1093 5276 Macrobii
1122 5220 1413 5277 Saturnal.
1441 5221 1480 5276 l.
1515 5237 1553 5288 ι,
1586 5235 1636 5276 c.
1672 5222 1758 5276 13.

555 5293 708 5368 (958)
735 5291 936 5368 Waris_.
979 5291 1174 5368 Wiari,
1228 5292 1518 5365 Wagrien,
1538 5291 1634 5347 ubi
1658 5291 2092 5366 Aldenbergse-

489 5363 590 5422 des
619 5364 870 5436 episcopi
905 5363 1198 5419 Bernardi.

552 5433 706 5504 (959)
735 5433 960 5490 Adamo
993 5434 1288 5490 Bremensi
1316 5436 1355 5490 l.
1389 5451 1449 5502 ιι,
1477 5451 1525 5491 c.
1553 5435 1620 5491 34
1639 5433 1846 5490 dicitur
1862 5435 2080 5490 Benno.

553 5441 681 5504 (959
735 5441 960 5490 Adamo
993 5441 1288 5490 Bremensi
1316 5441 1355 5490 l.
1389 5451 1449 5502 ιι,
1477 5451 1525 5491 c.
1553 5441 1620 5491 31
1639 5441 1846 5490 dicitur
1863 5441 2080 5490 Benno.

553 5441 706 5576 (960i
728 5505 916 5562 Mense
946 5506 1144 5561 Martio
1165 5505 1302 5561 anni
1328 5508 1464 5562 1019
1482 5507 1818 5561 Bennonem
1851 5505 2084 5560 Slaven-

483 5593 604 5650 sem
637 5593 767 5632 cum
800 5577 1153 5648 imperatore
1173 5576 1501 5634 invenimus
1533 5578 1592 5632 V.
1624 5594 1796 5650 supra
1827 5577 2024 5649 legum
2039 5579 2082 5631 t.

483 5645 968 5788 l_l’(g6iiguidam
1018 5717 1090 5772 de
1134 5717 1487 5788 primoribus
1539 5718 1913 5788 Francorum,
1945 5721 2087 5774 teste

488 5782 638 5852 Ann,
671 5785 829 5850 Sax.,
859 5786 916 5840 h.
941 5801 996 5842 a.
1022 5782 1228 5842 Comes
1249 5788 1321 5842 de
1338 5787 1699 5844 Hamerstdin
1721 5789 1883 5845 audit
1899 5782 2088 5845 inVita
