3900 6216
189 429 306 496 ms
1392 422 1818 490 ‘C'HRONICON.
1847 461 1919 474 —
1935 430 2062 486 Lis.
2093 415 2230 485 Vili.
3333 435 3473 496 mi

187 558 452 614 Kalendas
478 555 579 612 Mai
609 555 755 628 (973)
789 555 1044 612 decimus
1078 555 1458 612 ordinationis
1499 574 1644 612 mete
1677 556 1764 610 in-
1787 558 1840 615 Α
1864 551 2322 608 indeﬁcientibus
2354 567 2666 606 succurras.
2701 547 2820 608 Heu
2864 554 3006 609 mihi
3034 555 3243 614 misero
3276 561 3373 632 qui
3403 561 3463 616 in

185 646 359 704 troivit
387 663 587 701 annus.
625 647 689 700 Et
720 645 902 716 pridie
943 646 1000 700 in
1045 645 1314 700 suburbio
1350 645 1558 701 Gnezni
1588 645 1767 699 archi-
1864 643 1971 696 hoc
2002 642 2188 694 seculo
2219 641 2432 694 multos
2460 639 2830 710 spiritualiter
2854 643 3125 714 adjuvare
3151 646 3467 714 debui,nec

185 733 412 808 episc0pi
443 735 592 788 illius
620 735 873 788 aecclesia
923 751 1055 788 cum
1097 734 1494 789 mansionibus
1545 733 1767 788 caeteris
1864 730 1972 784 hiis
2005 747 2259 801 prosum,
2311 745 2413 783 nec
2456 746 2549 782 me
2591 730 2738 784 tueri
2771 732 3034 801 possum!
3083 735 3241 790 Unde
3275 740 3469 793 autem

186 821 519 878 comburitur
541 829 654 874 18⁸⁷.
691 822 757 874 Et
777 823 910 892 quia
939 823 1193 876 humana
1215 839 1305 876 res
1325 823 1517 876 omnis
1537 838 1767 893 semper
1864 818 2122 889 prodicta
2153 817 2454 888 temptatio
2474 817 2536 889 (f.
2573 818 2705 886 i85’)
2743 819 2883 872 mihi
2915 824 3187 889 evenerit,
3212 823 3476 881 fidelibus

187 911 236 964 in
267 907 431 962 dubio
464 912 569 975 est,
595 909 733 962 libet
756 926 1023 963 evomere
1068 909 1390 964 antidotum
1435 911 1575 964 illud
1614 909 1764 981 peri-
1868 906 1977 959 tuis
2017 906 2247 959 auribus
2272 905 2535 959 infundo.
2561 906 2742 960 Multis
2775 907 3106 962 hominibus
3127 928 3160 964 a
3184 913 3476 982 predicto-

190 998 443 1062 culosum,
487 997 641 1068 quod
672 997 846 1050 miser
877 998 1092 1052 dudum
1134 998 1424 1066 absorbui,
1481 1003 1538 1052 et
1596 998 1770 1051 nimis
1869 1009 1998 1046 rum
2056 993 2362 1046 vexacione
2413 991 2664 1045 hostium
2729 994 3124 1050 laborantibus
3171 1000 3475 1055 subvenire

191 1085 315 1138 mihi
351 1085 628 1139 hactenus
657 1085 715 1138 id
748 1102 954 1140 nocere
997 1087 1274 1157 persensi.
1300 1089 1360 1139 In
1378 1087 1626 1158 quadam
1642 1103 1767 1139 cur-
1870 1081 2079 1145 studui,
2112 1084 2425 1151 etpropter
2449 1079 2556 1133 hoc
2576 1080 3048 1137 adinsidiandum
3079 1085 3216 1139 mihi
3241 1089 3475 1143 eosdem

190 1178 237 1227 te
261 1189 384 1227 mea
411 1173 677 1244 Heslinge
701 1179 919 1241 vocata,
954 1179 1118 1229 nocte
1155 1192 1267 1229 una
1297 1192 1430 1229 cum
1456 1174 1767 1246 requiesce-
1873 1168 2107 1222 accendi
2136 1170 2529 1233 vehementer,
2561 1170 2820 1238 quamvis
2846 1171 2901 1224 in
2933 1175 3150 1228 malum
3171 1177 3338 1244 proni
3361 1177 3479 1232 sint

191 1277 318 1327 rem,
346 1278 446 1333 per
476 1278 750 1316 somnum
809 1263 919 1317 vidi
967 1264 1194 1318 turbam
1255 1267 1438 1317 astare
1473 1279 1768 1333 magnam,
1872 1273 2118 1326 semper.
2151 1256 2331 1327 Spero
2351 1261 2542 1311 autem
2578 1258 2634 1310 in
2673 1259 2854 1312 Deum
2897 1263 3358 1332 omnipotentem
3413 1270 3478 1320 ut

192 1353 310 1403 tunc
345 1349 411 1402 de
450 1351 713 1421 apposita
770 1350 913 1404 mihi
955 1355 1100 1405 testa
1156 1351 1370 1422 aliquid
1420 1352 1772 1404 manducare
1875 1362 1991 1399 non
2012 1345 2084 1398 ad
2104 1345 2565 1399 consumendum
2590 1353 2682 1386 187!
2717 1363 2808 1399 me
2841 1346 2946 1400 hiis
2979 1350 3185 1418 tradat,
3214 1354 3312 1408 sed
3344 1358 3475 1426 post

194 1441 503 1508 cogentem;
535 1441 593 1491 et
649 1455 758 1508 ego
785 1439 888 1493 hos
916 1439 1276 1509 persentiens
1315 1456 1434 1493 esse
1484 1438 1770 1505 inimicos,
1872 1433 2281 1504 purgationem
2312 1433 2498 1486 diram
2532 1434 2850 1487 clementer
2877 1436 3102 1506 eripiat.

195 1525 440 1595 primitus
466 1527 788 1596 contempsi
823 1535 936 1593 1868,
964 1527 1034 1582 ad
1062 1528 1327 1582 ultimum
1347 1544 1478 1581 vero
1501 1527 1556 1580 iu
1592 1525 1776 1579 nomi-
1945 1525 1996 1575 9.
2031 1521 2220 1573 Mense
2252 1519 2510 1591 predicto
2545 1523 2602 1572 et
2634 1523 2696 1573 i8
2731 1521 3015 1576 Kalendas
3055 1524 3160 1578 Mai
3198 1525 3341 1582 Gero
3385 1545 3475 1584 ar-

196 1629 257 1666 ne
283 1613 374 1667 Dei
407 1614 588 1683 patris
620 1631 712 1668 me
742 1614 890 1668 istud
921 1617 1216 1687 percipere
1265 1614 1556 1686 respondi.
1610 1614 1775 1678 Quod
1875 1607 2266 1678 chiepiscopus
2289 1612 2346 1660 et
2378 1609 2737 1661 Bernhardus
2766 1611 3022 1664 marchio
3069 1611 3127 1665 in
3177 1615 3481 1671 Wonclava

195 1715 308 1754 cum
331 1701 410 1756 eis
440 1703 691 1756 multum
723 1702 1068 1773 displiceret,
1097 1708 1154 1758 et
1183 1703 1500 1758 haecinvisa
1529 1716 1772 1771 congre-
1876 1705 1968 1738 1873
2006 1699 2154 1763 (974)
2189 1696 2540 1751 reconciliati
2569 1702 2734 1764 sunt;
2785 1702 2843 1752 et
2871 1699 3225 1757 Liudherdus
3263 1705 3482 1776 presbi-

194 1789 330 1857 gatio
362 1789 417 1842 id
441 1790 609 1844 aliter
629 1789 753 1843 ﬁeri
801 1807 917 1844 non
987 1807 1151 1862 posse
1208 1791 1448 1856 videret,
1483 1789 1643 1862 quasi
1675 1804 1776 1858 ge-
1800 1838 1848 1862 ἡ
1873 1789 1962 1838 ter
1989 1783 2129 1838 obiit
2152 1791 2243 1824 ιθτι
2267 1785 2435 1853 (975).
2473 1785 2813 1840 Godefridus
2843 1804 3073 1859 quoque
3101 1791 3212 1844 dux
3246 1795 3304 1846 et
3345 1793 3481 1848 Ger-

197 1891 343 1929 mens
370 1876 661 1943 laudabat,
691 1877 826 1948 quia
868 1894 963 1931 me
1008 1895 1238 1949 prorsus
1269 1879 1509 1949 perdere
1568 1893 1774 1931 conve-
1800 1872 1850 1896 “
1876 1872 2088 1926 bardus
2117 1888 2310 1925 comes
2339 1872 2696 1941 inperatoria
2719 1877 3001 1942 potestate
3044 1878 3325 1947 pacificati
3348 1885 3484 1935 sunt

197 1963 396 2032 niebat;
431 1969 488 2020 et
511 1965 619 2019 nisi
642 1969 775 2020 tunc
795 1966 1154 2020 dominicum
1183 1983 1396 2021 nomen
1422 1963 1774 2031 invocarem,
1876 1960 2174 2014 Bertoldus
2206 1967 2298 2001 1875
2328 1964 2545 2027 autem,
2566 1961 2790 2015 Munna:
2827 1963 3066 2017 civitatis
3096 1965 3341 2034 invasor,
3370 1968 3481 2024 im-

197 2052 304 2106 sine
327 2056 606 2124 perpetua
635 2055 815 2108 salute
843 2071 1166 2109 manerem.
1202 2056 1278 2109 Ex
1310 2055 1414 2108 hac
1457 2054 1778 2125 perceptio-
1881 2047 2180 2120 peratoriaa
2213 2048 2478 2118 potestati
2503 2051 2708 2118 sponte
2731 2067 2830 2102 sua
2851 2067 2982 2104 cum
3023 2052 3138 2106 suis
3160 2053 3482 2112 fautoribus

199 2158 280 2206 ne,
311 2145 367 2195 ut
397 2141 543 2195 mihi
572 2142 754 2196 visum
787 2147 890 2209 est,
945 2143 1391 2214 omnigenarum
1430 2141 1616 2212 specie
1647 2143 1777 2195 her-
1878 2136 2142 2202 traditur,
2177 2139 2234 2189 et
2255 2136 2458 2189 eadem
2499 2139 2816 2191 multorum
2847 2155 3019 2208 poena
3055 2141 3318 2211 protinus
3347 2159 3484 2198 con-

198 2229 382 2284 barum
415 2230 616 2296 mixta,
637 2230 1015 2301 pessimarum
1039 2231 1342 2285 varietates
1361 2229 1780 2300 cogitationum
1879 2228 2203 2288 crematur;
2239 2226 2295 2277 et
2323 2223 2493 2277 faciat
2519 2225 2666 2278 Deus
2715 2242 2810 2279 rex
2845 2226 3133 2297 pacificus,
3192 2233 3256 2283 ut
3312 2249 3481 2287 num-

200 2319 414 2391 sumpsi,
446 2335 576 2390 quae
611 2318 712 2372 etsi
747 2335 838 2373 me
865 2319 924 2372 in
968 2319 1174 2374 divinis
1219 2318 1482 2372 laudibus
1531 2317 1781 2372 maxime
1882 2329 2056 2382 quam
2080 2313 2201 2366 haec
2233 2312 2478 2384 amplius
2508 2313 2778 2368 elevetur.
2815 2314 2998 2378 Quam
3038 2316 3186 2371 bene
3219 2323 3385 2388 esset,
3418 2326 3482 2376 ut

201 2408 435 2474 turbent,
468 2410 667 2461 tamen
699 2407 1007 2462 auxiliante
1047 2408 1186 2473 Deo,
1222 2423 1396 2478 quem
1444 2405 1552 2458 hiis
1580 2420 1783 2476 prepo-
1879 2399 2233 2454 habitatores
2264 2399 2427 2471 regni
2459 2400 2629 2466 illius,
2672 2418 2902 2472 semper
2933 2404 3236 2460 unanimes
3267 2406 3325 2460 in
3367 2425 3485 2463 ma-

200 2495 292 2562 δαὶ,
323 2496 392 2550 ad
422 2512 568 2567 opus
593 2494 906 2551 infaustum
958 2512 1089 2550 raro
1152 2498 1250 2550 aut,
1315 2511 1635 2567 numquam
1689 2510 1783 2548 me
1884 2487 1961 2554 10,
1990 2487 2061 2541 ad
2085 2488 2472 2559 expletionem
2502 2489 2622 2559 ejus
2671 2506 2787 2543 non
2829 2491 3114 2546 haberent
3152 2494 3486 2550 munimen-

201 2584 594 2653 perduxerunt.
627 2584 848 2638 Sufficit
872 2588 1065 2638 autem
1096 2583 1307 2655 iniqnae
1339 2600 1538 2638 eorum
1581 2582 1784 2637 volun-
1882 2575 2090 2630 tumin
2124 2576 2346 2648 aliquo!
2372 2577 2531 2630 Nunc
2561 2579 2754 2632 autem
2782 2581 2934 2646 sunt,
2989 2596 3093 2649 pro
3153 2581 3346 2637 dolor!
3380 2585 3485 2638 ho-

202 2671 310 2738 tati,
333 2673 485 2744 quod
516 2672 771 2743 aliquam
802 2672 1077 2742 putantin
1096 2689 1186 2726 me
1211 2672 1535 2744 portionem
1551 2670 1783 2724 habere.
1885 2681 2015 2718 rum
2055 2664 2192 2718 situs
2213 2666 2493 2731 locorum,
2527 2669 2587 2718 ut
2616 2669 3490 2741 exposcuntmentesindigena-

204 2759 282 2814 Sic
310 2762 460 2816 enim
484 2761 598 2815 alio
629 2765 888 2832 tempore
919 2760 981 2832 (f.
1019 2762 1136 2830 135)
1185 2760 1397 2815 iterum
1457 2775 1551 2813 me
1605 2758 1789 2828 signa-
1888 2767 2037 2804 rum.
2063 2753 2361 2822 Inperator
2401 2769 2533 2807 vero
2559 2757 2690 2824 post
2727 2755 2963 2826 longam
2996 2755 3488 2813 inhabitaeionem

205 2849 311 2902 tum
340 2850 565 2904 eminus
604 2849 682 2902 hii
712 2851 986 2903 vallantes
1018 2866 1030 2903 :
1063 2847 1362 2903 Custodistz'
1391 2855 1458 2910 te,
1496 2846 1785 2918 inquiunt,
1888 2857 1922 2893 a
1960 2839 2284 2911 Niumagun
2336 2841 2653 2909 discedens,
2711 2844 3062 2915 sollempnes
3111 2847 3491 2916 rogacionum

204 2935 350 2991 bene?
378 2939 445 2992 Et
471 2954 605 3009 ego,
645 2954 737 2991 me
769 2937 848 2991 ita
872 2954 1127 3008 sperare,
1161 2937 1464 3008 respondi;
1500 2941 1557 2990 et
1594 2935 1790 2989 subse~
1889 2927 2007 2981 dies
2029 2927 2085 2981 in
2110 2929 2452 3000 Aquisgrani
2489 2931 2738 2984 studiose
2761 2932 3043 2999 celebrat;
3093 2934 3300 3005 quibus
3331 2938 3487 2990 tran-

203 3030 440 3095 quuntur
462 3045 476 3082 ;
515 3026 626 3083 Sed
649 3043 752 3080 non
773 3028 846 3080 sic
867 3029 965 3079 erit
987 3028 1041 3080 ιή
1223 3026 1456 3079 Illorum
1475 3024 1661 3078 minas
1684 3041 1787 3077 nec
1888 3015 2074 3082 saetis,
2105 3016 2441 3083 Lanbertus,
2476 3021 2686 3072 sanctas
2707 3019 3168 3076 Constanciensis
3183 3031 3276 3064 1⁸⁷⁸
3297 3023 3492 3095 (£186)

203 3113 384 3184 timeo,
413 3132 520 3171 nec
549 3115 844 3170 blandiciis
867 3115 1058 3180 credo,
1083 3115 1216 3186 quia
1236 3115 1357 3168 haec
1383 3130 1512 3167 cum
1542 3116 1740 3166 auctor

1952 3104 2155 3157 :clesiae
2185 3103 2503 3175 episcopus,
2541 3109 2604 3158 i7
2630 3107 2914 3161 Kalendas
2961 3109 3113 3162 Junii
3159 3110 3303 3165 obiit
3323 3111 3492 3182 (975).

203 3203 296 3258 bus
334 3206 444 3259 suis
496 3205 718 3259 vanitas
771 3207 874 3258 est.
925 3203 1228 3258 Commissi
1261 3201 1641 3274 quantitatem
1673 3201 1789 3255 mei
1889 3191 2001 3244 HOC
2025 3207 2202 3257 cesar,
2235 3207 2367 3244 cum
2404 3195 2780 3262 Ρθηιθοοδὶθη
2821 3195 2880 3248 in
2915 3197 3274 3267 ingilenhem
3305 3215 3496 3253 sumo-

203 3292 505 3348 admodum
531 3310 753 3360 vereor,
784 3296 842 3348 et
870 3293 1147 3347 veraciter
1191 3291 1250 3345 id
1278 3291 1412 3357 scio,
1463 3290 1618 3362 quod
1666 3291 1790 3344 talis
1888 3295 2024 3350 ΡοῐῸ
2057 3279 2389 3348 Ρθΐθὲίεεθῖι
2445 3281 2830 3349 comperiens.
2878 3283 3236 3339 ROihet‘dum
3283 3286 3497 3341 suimet

203 3378 448 3451 fantasia,
498 3381 756 3452 quamvis
809 3378 1188 3450 corporaliter
1225 3385 1320 3420 i869
1363 3378 1660 3448 appareat.
1688 3391 1792 3446 per
1889 3367 2251 3436 capellanum
2283 3367 2502 3437 prefate
2533 3367 2650 3421 sedi
2693 3369 2946 3439 profecit.
2985 3371 3202 3434 Quibus
3233 3374 3493 3444 expletis,

203 3484 254 3522 se
280 3469 610 3524 hominibus
637 3486 754 3522 non
780 3471 984 3523 noceat
1011 3475 1123 3534 mo,
1174 3466 1273 3521 sed
1313 3482 1446 3520 cum
1500 3463 1790 3536 peccando
1890 3457 1956 3508 fit
1981 3453 2273 3525 magnoin
2315 3453 2587 3523 Birgilum
2613 3456 2752 3525 (976)
2781 3456 3105 3527 principum
3121 3459 3494 3529 confluentia,

204 3555 394 3613 faciem
423 3558 681 3614 divinam
714 3575 748 3611 a
787 3557 953 3612 nobis
978 3555 1310 3620 avertimus,
1353 3554 1587 3608 illorum
1633 3568 1791 3606 vesa-
1892 3549 1956 3598 ut
1979 3543 2056 3597 ibi
2087 3542 2474 3613 corrigeretur
2494 3542 2856 3612 peI‘jUdiCia,
2887 3545 3041 3614 quod
3086 3545 3184 3598 diu
3227 3547 3499 3604 viciatum

206 3661 296 3699 nas
338 3664 547 3703 manus
572 3645 794 3701 nemini
819 3649 1120 3717 parcentes
1148 3642 1342 3697 miseri
1379 3641 1704 3709 incidimus,
1737 3645 1796 3695 et,
1894 3635 1979 3687 est
2006 3630 2201 3703 populi
2232 3630 2390 3684 istius
2430 3631 2818 3701 neglegentia,
2852 3634 2908 3684 et
2937 3634 3229 3688 temeritas
3258 3651 3500 3706 magna.

205 3736 270 3790 ab
294 3736 398 3790 hiis
423 3745 519 3780 187i
548 3735 808 3808 protinus
832 3733 1200 3799 absolvimur,
1233 3749 1364 3786 cum
1395 3735 1494 3784 aut
1518 3731 1622 3801 ipsi
1655 3747 1793 3785 con-
1894 3723 2028 3776 Post
2067 3721 2189 3774 haec
2239 3719 2400 3774 Oddo
2444 3734 2638 3773 comes
2688 3719 2973 3790 predictns
3021 3721 3080 3774 in
3145 3723 3500 3794 presentiam

206 3824 488 3893 vertimur,
513 3807 604 3879 vel
631 3824 702 3878 ab
738 3822 933 3878 electis
976 3821 1077 3875 Dei
1120 3820 1442 3874 visitatione
1475 3819 1677 3873 crebra
1705 3819 1793 3872 fo-
1895 3808 2241 3882 inperatoris
2301 3811 2358 3862 et
2407 3807 2746 3861 El‘Canbaidi
2801 3807 3202 3877 aPChiPresuiis
3264 3813 3502 3883 supplex

205 3927 412 3969 vemur.
441 3914 500 3970 Si
536 3913 662 3985 quis
679 3929 812 3967 vero
844 3926 1080 3982 compos
1110 3909 1194 3962 sui
1226 3907 1543 3962 meditatur
1581 3906 1640 3959 in
1666 3907 1794 3977 lege
1894 3900 2152 3961 veniens,
2191 3897 2735 3985 injustamuxorem
2767 3913 2928 3951 suam
2970 3897 3150 3952 tribus
3180 3915 3505 3955 sacramen-

207 3999 318 4070 Dei,
347 4020 463 4068 non
495 3984 591 4057 hic
620 4021 655 4057 ε,
696 4003 905 4057 talibus
934 3999 1243 4072 appetitur,
1278 3997 1376 4051 sed
1405 3995 1593 4069 potius
1620 3995 1793 4050 time-
1895 3988 1968 4042 tis
2011 3988 2223 4042 amisit.
2268 3984 2595 4040 Baldericus
2641 3985 3066 4053 reconciliatur,
3101 3990 3158 4041 et
3199 3987 3505 4060 promissio

206 4090 308 4157 tur,
341 4108 457 4147 non
489 4108 526 4144 a
555 4107 634 4158 se,
667 4090 767 4145 sed
798 4107 862 4144 ex
894 4090 1034 4160 ejus,
1071 4104 1243 4159 quem
1274 4086 1360 4139 his
1386 4084 1799 4155 diligit,sancta
1897 4075 2090 4130 divina
2137 4075 2502 4130 obliviscitur.
2560 4075 2626 4128 Et
2683 4074 2980 4128 transactis
3030 4076 3229 4130 diebus
3288 4076 3505 4148 paucis.

204 4181 504 4247 potestate;
544 4179 679 4250 quia
709 4182 896 4233 custos
925 4181 1011 4232 est
1043 4179 1188 4231 Deus
1220 4173 1484 4229 omnium
1513 4175 1699 4225 semet
1727 4188 1796 4226 ex
1898 4166 2215 4226 Heiuricus,
2255 4163 2352 4236 qui
2384 4180 2647 4218 marcam
2669 4164 2820 4219 inter
2836 4164 3116 4235 Ungarios
3147 4168 3204 4220 et
3225 4165 3508 4221 Bawarios

204 4269 314 4321 toto
344 4269 518 4324 corde
535 4265 1254 4338 semperamancium.Ego
1271 4263 1536 4334 peccator
1561 4263 1618 4313 et
1630 4258 1800 4330 fragi-
1899 4253 2146 4324 positam
2162 4252 2369 4318 tenuit,
2394 4255 2425 4305 8
2449 4252 2734 4307 Kalendas
2763 4253 2894 4306 Julii
2927 4261 3018 4296 1877
3050 4254 3216 4308 fortis
3252 4257 3508 4308 armatus

201 4351 339 4410 litati
365 4374 514 4412 mea:
535 4373 640 4429 per
665 4355 864 4410 omnia
893 4353 1173 4419 conscius,
1213 4350 1346 4422 quia
1378 4347 1619 4403 summis
1658 4363 1800 4400 con-
1818 4377 1879 4440 D
1901 4342 2062 4399 obiit.
2099 4343 2324 4394 Interea
2354 4357 2513 4394 cesar
2533 4341 2605 4394 ad
2631 4342 3000 4396 Basulensem
3043 4342 3277 4397 veniens
3312 4343 3512 4398 civita-

202 4428 568 4501 solationibus
590 4461 704 4499 non
723 4443 962 4509 innitor,
981 4441 1119 4514 quid
1135 4441 1371 4504 mirum,
1401 4437 1447 4491 si
1480 4436 1552 4491 ab
1583 4428 1873 4489 infimis"
1902 4435 2043 4497 tem,
2098 4428 2346 4482 exercitu
2382 4430 2617 4482 collecto
2674 4429 2732 4482 in
2785 4429 3173 4502 Burgundiam
3213 4432 3510 4501 properat.

203 4533 466 4601 quacior?
498 4535 564 4587 Et
579 4532 920 4588 haecidcirco
935 4529 1124 4585 dixiut
1141 4532 1223 4595 tu,
1247 4529 1446 4582 lector.
1479 4524 1798 4579 mortalita-
1902 4515 2240 4589 lmperatrix
2263 4519 2458 4570 autem
2500 4515 2572 4568 ad
2607 4516 2872 4571 dilectam
2915 4517 3020 4572 sibi
3045 4517 3378 4588 Capungam
3414 4533 3510 4571 ve-

201 4620 252 4672 te
280 4637 342 4676 ac
365 4622 571 4677 innata
608 4621 968 4676 humanitate
1027 4617 1170 4673 mihi
1209 4613 1547 4680 consimilis,
1581 4612 1640 4666 in
1691 4611 1802 4666 hoc
1904 4607 2088 4676 niens,
2119 4602 2518 4658 manachicam
2536 4603 2613 4656 ibi
2628 4604 2801 4658 vitam
2822 4605 3386 4677 ordinavit;indeque
3409 4621 3514 4676 per

180 4711 478 4766 'consensu
497 4727 590 4765 me
611 4710 857 4782 graviter
875 4723 1135 4780 peccasse
1152 4705 1316 4769 scias,
1335 4705 1393 4758 et
1409 4699 1800 4758 amminiculis
1903 4693 2248 4751 orientalem
2296 4689 2601 4745 Franciam
2658 4692 2936 4761 profecta,
2985 4693 3300 4750 Bawariam
3341 4693 3518 4767 peciit

1509 4825 1746 4882 VARL‘E
1794 4818 2193 4878 LECTIONES.

399 4945 470 5002 Et
516 4941 1170 5020 ριοίάίςτ-,ροωδιηῖίιιιτ
1207 4935 1330 5020 add-
1360 4936 1441 5020 ης-
1471 4921 3514 5020 ξτίάῨ9,.¹ί³¹θ¹Ξά³ἱίΡδίηῗοξΡ-ῨῨΡΡῙΕΞῩΑΡῗθττῖίρτηδῖθῗξῗὲξεῗορί,,ΨίΡὲ

211 4995 1094 5074 ecclesia'cdrii‘e-diﬁcii‘svcoieris
1111 4995 1312 5068 exusta
1342 5013 1444 5064 est.
1473 5012 1526 5063 2.
1605 5013 1698 5047 1868
1729 5006 1898 5058 conte
1943 5000 1987 5055 si
2019 4995 2066 5053 ἰ.
2148 5004 2240 5038 136°
2266 4995 2640 5073 corporaliter
2688 4997 2733 5046 i.
2814 4999 2906 5033 187°
2947 4995 3159 5050 nocent
3190 4995 3272 5052 if
3319 5005 3411 5040 ίετι
3442 4999 3516 5053 ab

212 5087 313 5126 ma.
336 5090 442 5126 mm
499 5091 561 5126 υ.
660 5097 752 5126 ητα
781 5084 1304 5126 ιιηηαιιτητηρηδιιηι
1340 5085 1422 5126 ia-
1502 5086 1595 5120 ms
1623 5077 1680 5126 in
1715 5019 2029 5126 uuonCiJava
2056 5067 2183 5126 add.
2223 5067 2304 5123 ib.
2384 5074 2476 5109 ωτι
2510 5069 2567 5120 et
2593 5062 2925 5119 liudherdus
2974 5081 3062 5126 pr.
3096 5067 3236 5122 obiit
3265 5066 3392 5124 add,
3427 5070 3513 5125 ib,

625 5062 1310 5142 "Kié'éb'n‘éiiﬁ'rﬁeiiiidi
1340 5062 1422 5136 ie.
1475 5062 1595 5120 7771878
1623 5077 1681 5131 in
1715 5062 2029 5145 uuonclava
2056 5067 2183 5127 add.
2223 5067 2304 5123 ib.
2367 5062 2476 5109 ’ωτι
2510 5069 2567 5120 et
2593 5062 2925 5119 liudherdus
2972 5081 3062 5135 pr.
3096 5067 3236 5122 obiit
3265 5066 3392 5124 add.
3427 5070 3513 5125 ib.

213 5165 300 5202 ηπ
330 5163 437 5216 alia
465 5144 631 5216 mahu
657 5161 830 5232 pergit
862 5163 912 5215 i.
989 5165 1084 5200 N76
1114 5149 1555 5210 cosstanciensis
1591 5156 1673 5203 ia.
1754 5153 1847 5188 1877
1879 5144 2016 5199 deest
2050 5145 2099 5195 i.

1751 5264 1973 5323 NOTAE.

282 5409 426 5477 (973)
467 5405 693 5462 Rectius
715 5403 946 5461 dixisset
974 5415 1070 5458 vm
1102 5399 1224 5457 Kal.
1251 5397 1379 5456 Maii
1417 5417 1429 5466 ;
1473 5413 1532 5456 v.
1570 5409 1743 5466 supra
1769 5389 1813 5446 l.
1914 5377 2415 5477 inmergi???ch
2429 5378 2488 5477 εξ
2520 5371 3522 5477 igaffini-ﬂ{ﬁgigﬁnffugmﬁﬂtngr

214 5443 693 5544 νιξξίυέγῗωωωῦ
715 5443 946 5461 unm“
1103 5443 1224 5457 mm
1253 5443 1379 5456 mm
1417 5443 1429 5466 ’
1484 5443 1532 5456 η
1571 5443 1742 5466 "rw
1771 5443 1812 5446 Ἴ
1915 5449 2578 5544 Οοά..[ῗι’ἰὶξ1¹0οί’.,ρ24,5,
2603 5451 2655 5500 9.
2800 5443 2936 5544 filia
2959 5443 3428 5544 Plirgoﬁecclesiuaa

280 5513 810 5617 ἱξθῶἳνναηκιθνεη,
1107 5613 1116 5617 λ
1206 5614 1221 5617 _
1915 5525 2071 5617 ἓξὲξ
2098 5513 3525 5617 ίξξὲίοξξιξίίὶὶρξθξξέἳίὲἱντςὲἓπξξίέίξξὲἳτη⁸83⁸

277 5585 1075 5684 ἰόέέίύἷ“ιῖεῖῑέἐιῖἴ’ωθιηεοι›.,
1106 5613 1247 5671 1....
1366 5681 1376 5684 _
1472 5680 1520 5684 __
1643 5675 1690 5684 __
1915 5585 3148 5684 gkeitnNro.‘ire;ip'e‘oderpjocgogtgili
3178 5585 3288 5643 mu
3315 5586 3522 5660 ωορδ.

1331 5681 1460 5756 ripa
1471 5675 1660 5738 Moeni
1675 5675 1820 5732 laeva
1914 5656 2047 5727 Iun.
2070 5670 2127 5738 2,
2156 5667 2303 5722 teste
2323 5661 2586 5737 ejusdem
2612 5660 2812 5717 charta
2832 5656 2926 5717 hic
2968 5657 3123 5716 data.
