3900 6216
138 444 286 497 1421

1411 432 1831 491 CIIRONICON.
1856 462 1924 473 -—
1966 432 2094 492 LIB.
2124 433 2234 488 VII.

3345 441 3481 497 1422

125 559 405 623 veniens,
432 556 651 612 ibidem
668 553 978 610 exercitum
991 553 1605 609 suimclcaelrametari
1620 568 1762 625 pon-
1787 557 1842 614 Α
1868 551 2173 623 driugente
2201 552 2491 608 habentur
2527 552 2778 609 ecclesia;
2809 558 2867 608 et
2890 559 3174 611 mercatus
3198 562 3251 624 8,
3278 560 3478 631 populi

123 649 349 718 tesque
396 644 750 699 necessarios
771 660 975 716 parare
1012 644 1198 714 jubet.
1245 644 1412 698 Juxta
1449 658 1624 715 quem
1666 658 1765 696 rex

134 735 477 789 Ruscorum
493 741 589 775 19³⁸
612 736 904 804 (991)cum
917 732 1034 786 suis
1052 732 1278 798 sedens,
1307 732 1564 786 futurum
1592 730 1765 785 duelli

134 822 396 878 invicem
418 822 667 877 condicti
700 825 970 876 eventum
997 821 1269 875 sollicitus
1301 821 1654 891 expectabat.
1681 821 1767 873 ln-

140 911 326 966 terim
359 909 733 966 Poleniorum
754 908 1167 980 provocacione
1208 917 1302 950 m9
1332 908 1510 963 hostis
1530 924 1766 979 presens

133 999 218 1053 ad
246 999 474 1054 bellum
532 997 807 1052 excitatur
832 1000 890 1051 et
932 997 1003 1051 ab
1034 1013 1230 1062 amne,
1262 1013 1434 1068 quem
1472 997 1761 1062 tuebatur,

135 1087 531 1159 exinopinata
555 1084 934 1157 prosperitate
990 1084 1243 1155 fugatur.
1288 1085 1365 1137 Ex
1397 1085 1504 1138 hoc
1528 1101 1762 1139 rumore

135 1175 470 1230 Bolizlavus
493 1173 806 1239 extollitur,
837 1174 896 1228 et
919 1171 1214 1227 consocios
1265 1172 1455 1243 parari
1506 1175 1565 1227 et
1603 1172 1762 1226 acce-

133 1264 341 1318 lerare
405 1277 641 1333 rogans,
684 1261 943 1327 ﬂuvium,
982 1260 1085 1314 etsi
1137 1260 1443 1326 laboriose,
1493 1261 1764 1315 velociter

134 1350 535 1406 transcendit.
584 1349 823 1403 Inimica
865 1352 1059 1403 autem
1096 1348 1246 1402 acies
1282 1351 1485 1403 contra
1538 1352 1761 1403 turma-

139 1440 260 1495 tim
291 1447 389 1481 ηιο
411 1437 679 1494 ordinata
708 1436 956 1510 patriam
997 1436 1309 1501 defendere
1348 1454 1510 1491 suam
1549 1437 1760 1491 frustra

139 1529 380 1584 nititur.
405 1527 665 1597 Namque
694 1526 753 1580 in
780 1526 968 1597 primo
999 1526 1267 1581 conﬂictu
1301 1526 1470 1593 cedit,
1495 1542 1560 1579 ac
1591 1543 1763 1580 num-

139 1632 332 1691 quam
357 1619 561 1687 postea
588 1614 819 1669 fortiter
841 1613 1071 1668 resistit.
1093 1614 1177 1669 lbi
1196 1617 1320 1668 tum
1349 1631 1477 1669 cesa
1490 1617 1574 1667 est
1594 1613 1765 1668 inuu-

139 1720 319 1759 mera
341 1702 659 1758 multitudo
672 1702 1026 1773 fugiencium
1049 1704 1291 1773 etparva
1303 1701 1766 1757 victorum.Heri—

136 1808 245 1847 cus
280 1792 459 1847 miles
482 1790 709 1846 inclitus
740 1808 805 1845 ex
837 1790 1046 1846 nostris
1075 1790 1339 1862 oppetiit,
1372 1807 1544 1862 quem
1587 1790 1767 1861 impe-

1868 643 2064 694 autem
2096 639 2294 711 ignota
2315 658 2540 708 manus,
2574 660 2700 714 qua:
2732 644 2871 698 sicut
2891 644 3020 699 onis
3040 644 3164 699 haec
3187 644 3481 718 provincia

1868 743 1935 783 ex
1968 728 2340 799 fugitivorum
2372 731 2581 785 robore
2612 748 2907 788 servorum
2936 732 3048 788 huc
3068 733 3323 806 undique
3349 750 3482 790 con-

1870 817 2205 883 fluencium,
2232 821 2289 871 et
2308 818 2560 873 maxime
2591 836 2654 873 ex
2690 820 2977 875 velocibus
3006 821 3198 889 Danis,
3232 823 3483 879 multum

1866 921 1927 959 se
1960 906 2304 960 nocentibus
2316 906 2610 977 Pecinegis
2632 908 2908 963 hactenus
2929 909 3233 965 resistebat
3252 913 3311 966 et
3339 911 3484 967 alios

1867 994 2147 1049 vincebat.
2185 995 2310 1049 Hac
2362 996 2543 1050 elatus
2591 998 2971 1068 prosperitate
3009 999 3341 1068 Bolizlavus,
3387 1017 3483 1056 ar-

1866 1082 2297 1155 chiepisc0pum
2326 1084 2595 1155 predictze
2656 1093 2750 1126 i9“
2807 1086 2880 1140 ad
2917 1085 3254 1142 Jarizlavum
3300 1087 3480 1155 misit,

1866 1170 1963 1242 qui
1988 1172 2060 1226 ab
2101 1189 2168 1225 eo
2201 1172 2379 1226 tiliam
2410 1172 2617 1225 suimet
2641 1172 2835 1227 reduci
2881 1177 3120 1245 peteret,
3150 1177 3209 1230 et
3244 1193 3483 1232 uxorem

1865 1275 2029 1313 suam
2063 1275 2196 1313 cum
2224 1276 2468 1314 noverca
2501 1261 2559 1313 et
2595 1261 2997 1315 consororibus
3045 1262 3208 1317 reddi
3244 1264 3486 1335 promit.-

1866 1348 2035 1401 teret.
2066 1347 2201 1400 Post
2230 1347 2353 1401 haec
2392 1348 2666 1402 dilectum
2692 1348 2962 1404 abbatem
2993 1367 3181 1408 suum.
3204 1352 3346 1406 Tum
3378 1361 3474 1395 ml

1866 1434 1941 1488 ad
1973 1438 2235 1490 nostrum
2271 1436 2670 1506 inperatorem
2701 1453 2834 1491 cum
2876 1438 3103 1509 magnis
3142 1440 3479 1496 muneribus

1869 1522 2048 1590 misit,
2075 1526 2137 1577 ut
2153 1541 2316 1578 suam
2348 1524 2598 1595 amplius
2629 1524 2876 1596 gratiam
2909 1530 2966 1580 et
2990 1525 3265 1581 auxilium
3291 1528 3484 1600 acqui-

1867 1613 2043 1677 reret,
2072 1615 2129 1665 et
2182 1628 2240 1666 se
2287 1615 2492 1667 cuncta
2547 1620 2641 1654 m0
2691 1613 2797 1667 sibi
2856 1614 3150 1684 placencia
3196 1615 3487 1671 facturum

1870 1698 2155 1754 indicaret
2178 1700 2347 1769 (996).
2379 1700 2465 1755 Ad
2495 1700 2754 1755 Greciam
2777 1709 2870 1743 m7
2891 1719 3123 1775 quoque
3162 1702 3267 1758 sibi
3293 1703 3488 1775 proxi-

1870 1804 2032 1842 mam
2056 1788 2298 1843 nuncios
2328 1788 2505 1855 misit,
2539 1788 2636 1860 qui
2659 1790 2917 1860 ejusdem
2938 1790 3278 1861 imperatori
3309 1792 3488 1861 bona,

140 1883 317 1935 rator
347 1883 546 1935 noster
582 1879 642 1934 in
690 1878 929 1933 vinculis
957 1878 1054 1933 diu
1083 1878 1322 1933 retinuit
1353 1882 1527 1948 (992).
1565 1880 1638 1932 Ex
1671 1872 1838 1932 illaB
1869 1876 1916 1930 si
1946 1877 2120 1930 vellet
2145 1876 2210 1947 (f.
2269 1878 2388 1948 193)
2449 1877 2634 1931 fidelis
2678 1877 2896 1932 amicus
2921 1879 3142 1946 haberi,
3181 1881 3488 1951 promitte-

138 1968 241 2023 die
265 1967 578 2022 Bolizlavus
602 1970 798 2039 optata
823 1965 1483 2039 prosperitateinimicos
1504 1968 1768 2037 palantes

137 2056 497 2128 insequitur,
520 2058 578 2111 et
590 2057 663 2111 ab
684 2056 886 2110 incolis
908 2055 1177 2110 omnibus
1207 2054 1511 2127 suscipitur
1540 2055 1766 2109 multis-

135 2162 259 2217 que
293 2144 635 2200 muneribus
663 2146 1003 2202 honoratur.
1030 2145 1518 2215 Iutereaquedam
1549 2144 1766 2210 civitas,

132 2233 311 2287 fratri
338 2249 440 2287 suo
470 2235 608 2303 (993)
642 2237 777 2287 tunc
809 2232 1106 2299 obediens,
1138 2250 1171 2287 a
1198 2233 1469 2287 Jarizlavo
1520 2232 1570 2286 vi
1604 2231 1760 2303 capi-

136 2324 262 2390 tur,
296 2325 357 2376 et
386 2322 679 2377 habitator
733 2321 995 2392 ejusdem
1025 2321 1345 2375 abducitur.
1379 2321 1522 2376 Urbs
1570 2323 1766 2375 autem

140 2412 357 2467 Kitava
404 2413 552 2484 (994)
600 2411 772 2465 nimis
822 2410 1006 2465 valida
1064 2411 1134 2464 ab
1177 2409 1435 2464 hostibus
1486 2410 1768 2466 Pedeneis

141 2503 347 2556 ortatu
374 2500 633 2555 Bolizlavi
666 2500 838 2554 creba
878 2498 1305 2571 inpugnacione
1360 2498 1684 2553 concutitur
1709 2510 1767 2561 et

140 2589 425 2645 incendio
452 2589 609 2660 gravi
656 2589 998 2643 minoratur.
1059 2588 1306 2642 Defensa
1336 2591 1421 2641 est
1464 2590 1659 2643 autem
1694 2577 1765 2645 ιιι)

144 2678 270 2733 suis
298 2677 743 2746 habitatoribus,
796 2677 897 2731 sed
949 2676 1212 2731 celeriter
1260 2675 1444 2747 patuit
1475 2679 1767 2733 extraneis

143 2764 409 2836 viribus;
435 2781 687 2837 namque
717 2782 750 2819 a
780 2781 915 2836 rege
971 2772 1065 2806 ίοιι
1115 2780 1216 2817 suo
1258 2762 1316 2816 in
1366 2763 1564 2835 fugam
1603 2782 1762 2821 verso

149 2855 383 2923 relicta,
420 2858 505 2911 19.
552 2854 838 2909 Kalendas
866 2851 1223 2927 Septembris
1279 2851 1651 2920 Bolizlavum,
1707 2856 1765 2908 et

137 2960 325 3018 quem
358 2944 457 2999 diu
488 2942 777 3009 amiserat,
809 2942 1216 3014 Zentepulcum
1251 2940 1537 2995 seniorem
1570 2957 1760 3010 suum,

148 3034 321 3104 cujus
350 3032 537 3104 gratia
559 3035 616 3086 et
645 3034 973 3085 nostrorum
1021 3030 1232 3084 timore
1255 3028 1444 3083 omnis
1471 3030 1575 3083 hec
1602 3029 1762 3100 regio

143 3137 434 3177 conversa
462 3123 567 3187 est,
614 3119 876 3191 suscepit.
904 3118 1378 3190 ArchiepiscOpus
1418 3116 1612 3187 (£192)
1638 3116 1765 3170 civi-

1870 1967 2003 2019 rent
2028 1982 2041 2032 ;
2078 1964 2165 2018 sin
2188 1967 2406 2032 autem,
2436 1965 2664 2019 hostem
2691 1965 3091 2021 firmissimum
3113 1984 3178 2022 ac
3196 1968 3490 2024 invincibi-

1871 2054 1985 2107 lem
2012 2054 2134 2108 fieri
2165 2050 2525 2107 intimarent.
2560 2056 2715 2107 Inter
2742 2054 2865 2108 haec
2895 2054 3093 2110 omnia
3119 2056 3490 2128 omnipotens

1869 2144 2020 2199 Deus
2052 2142 2278 2197 assistat
2311 2142 2555 2209 medius,
2597 2146 2654 2197 et
2701 2142 2838 2213 quid
2864 2143 2969 2197 sibi
3023 2145 3097 2200 sit
3124 2145 3400 2215 placitum
3431 2150 3490 2203 et

1873 2232 2039 2286 nobis
2067 2230 2417 2303 proficuum,
2442 2230 2761 2284 clementer
2781 2231 3133 2287 ostendatJn
3157 2233 3355 2288 diebus
3380 2233 3487 2289 illis

1871 2320 1994 2374 Udo
2018 2335 2212 2373 comes
2226 2327 2343 2383 1M,
2364 2335 2543 2391 nepos
2565 2336 2748 2387 meus,
2763 2318 3478 2393 Hirimanum,coequalen‘

1870 2407 1977 2462 sibi
2015 2413 2135 2462 tam
2167 2408 2226 2461 in
2273 2407 2580 2462 nobilitate
2611 2424 2784 2479 quam
2806 2408 2865 2462 in
2888 2412 3191 2479 potestate,
3221 2411 3391 2482 cepit,
3425 2415 3483 2468 et

1870 2496 2113 2551 invitum
2144 2497 2201 2551 in
2233 2512 2400 2550 suam
2427 2496 2823 2551 municionem
2846 2497 3024 2552 duxit.
3047 2498 3130 2553 Ob
3145 2498 3253 2554 hoc
3278 2514 3485 2555 vereor

1873 2586 2129 2658 aliquam
2179 2586 2391 2641 filicem
2462 2586 2844 2657 periculosam
2902 2588 3061 2657 oriri,
3103 2605 3231 2661 qua:
3269 2588 3357 2645 vix
3387 2592 3489 2646 aut

1873 2676 2201 2730 nullatenus
2229 2674 2407 2746 possit
2437 2674 2736 2733 eradicari.

1945 2766 2031 2817 17.
2067 2765 2145 2818 De
2168 2764 2525 2835 imperatore
2547 2766 2741 2819 nostro
2773 2779 2928 2819 nunc
2950 2781 3142 2821 sermo
3168 2765 3313 2821 mihi
3339 2766 3485 2822 oria-

1868 2854 1983 2919 tur,
2018 2853 2113 2925 qui
2146 2854 2217 2907 de
2264 2853 2446 2907 invisa
2476 2853 2849 2925 expedicione
2889 2854 3040 2927 (997)
3081 2872 3339 2913 reversus
3369 2857 3483 2930 (an.

1871 2944 2030 3007 1818,
2063 2940 2258 3013 Sept.),
2288 2941 2368 2996 nil
2392 2941 2461 2995 de
2501 2941 2797 3012 promissis
2824 2944 3101 3014 percepit,
3144 2945 3245 3000 sed
3275 2961 3482 3017 parum

1867 3029 1974 3083 sibi
2005 3030 2390 3084 renitentibus
2423 3030 2635 3087 nocuit.
2671 3031 2846 3102 Hujus
2866 3032 3031 3088 miles
3062 3035 3291 3106 egreius
3308 3038 3482 3108 atque

1868 3117 2073 3183 fidelis,
2104 3118 2215 3171 dux
2240 3118 2574 3172 Thiedricus
2606 3119 2779 3191 (998),
2813 3136 2945 3175 cum
2976 3122 3049 3177 ab
3089 3139 3157 3177 eo
3185 3126 3481 3194 separatus

143 3210 289 3265 tatis
316 3208 469 3264 illius
495 3224 627 3262 cum
665 3206 919 3279 reliquiis
949 3209 1280 3260 sanctorum
1335 3208 1392 3258 et
1422 3203 1641 3258 caeteris
1669 3221 1761 3259 or-
1788 3184 1836 3243 C
1866 3205 2106 3260 domum
2140 3222 2381 3277 pergere
2414 3207 2699 3274 voluisset,
2736 3224 2771 3261 a
2800 3209 3055 3279 quodam
3084 3184 3330 3281 seniore,
3360 3211 3481 3268 Ste-

136 3297 378 3353 natibus
399 3295 632 3351 diversis
655 3296 761 3351 hos
780 3294 1147 3351 advenientes
1166 3292 1468 3348 honoravit
1490 3293 1545 3346 in
1569 3294 1761 3348 sancte

134 3385 505 3441 monasterio
536 3384 770 3451 Sofhiae,
805 3383 961 3456 quod
991 3383 1048 3437 in
1074 3381 1248 3453 priori
1279 3397 1432 3436 anno
1465 3381 1762 3435 miserabi-

134 3475 275 3530 liter
299 3490 434 3529 casu
467 3473 760 3528 accidente
786 3472 1158 3527 combustum
1184 3472 1269 3524 est
1307 3469 1453 3541 (995)
1481 3470 1572 3530 [an
1601 3473 1758 3538 1018,

133 3561 423 3634 Aug.].lbi
450 3560 562 3615 fuit
587 3576 834 3615 noverca
861 3558 1015 3631 regis
1046 3557 1309 3630 predicti,
1346 3574 1503 3623 uxor,
1530 3560 1586 3610 et
1607 3560 1638 3611 9
1668 3574 1758 3612 so-

134 3669 302 3708 rores
320 3652 370 3721 cj
384 3649 605 3717 usdem,
629 3664 874 3721 quarum
902 3664 1078 3701 unam
1108 3645 1261 3718 prius
1292 3646 1363 3700 ab
1391 3661 1459 3699 eo
1494 3654 1588 3686 ιω
1611 3644 1758 3700 desi-

135 3741 411 3797 deratam
435 3738 706 3811 antiquus
734 3736 1051 3793 fornicator
1070 3736 1401 3801 Bolizlavus,
1418 3734 1596 3788 oblita
1626 3750 1760 3788 con-

136 3830 335 3884 tectali
359 3843 484 3895 sua,
516 3826 725 3898 injuste
774 3822 1347 3881 duxeratJneffabilis
1391 3822 1469 3876 ibi
1515 3822 1760 3893 pecunia

136 3917 193 3973 ei
216 3915 573 3983 ostenditur,
597 3916 755 3986 cujus
788 3930 1002 3986 magna
1045 3928 1177 3985 pars
1202 3910 1524 3983 hospitibus
1548 3910 1662 3965 suis
1693 3927 1758 3965 ac

142 4006 475 4063 fautoribus
507 4003 885 4071 distribuitur,
935 4002 1183 4074 quedam
1231 4016 1365 4055 vero
1409 4001 1482 4055 ad
1510 4000 1758 4072 patriam

140 4094 447 4150 mitttitur.
481 4094 728 4147 Fuerant
761 4094 820 4147 in
844 4090 1053 4147 auxilio
1078 4089 1317 4161 predicti
1338 4088 1494 4143 ducis
1514 4105 1580 4143 ex
1594 4092 1757 4160 parte

140 4187 347 4239 nostra
381 4182 648 4248 trecenti,
682 4183 740 4235 et
767 4196 837 4235 ex
868 4179 1130 4250 Ungariis
1160 4178 1483 4250 quingenti,
1516 4194 1581 4230 ex
1613 4178 1761 4232 Peti-

1864 3294 2057 3365 phauo
2086 3301 2179 3335 1M
2212 3293 2694 3356 nomine,cesaris
2722 3299 2896 3366 atque
2914 3296 3149 3365 suimet,
3179 3298 3243 3354 ut
3268 3301 3475 3371 patuit,

1863 3382 2124 3450 inimico,
2160 3382 2296 3436 locis
2354 3382 2730 3453 impugnatur
2770 3385 3019 3454 abditis;
3054 3390 3114 3441 et
3169 3404 3300 3443 cum
3347 3390 3477 3460 jam

1864 3470 2043 3525 victor
2065 3470 2352 3537 existeret,
2388 3469 2569 3525 milite
2599 3470 2657 3525 in
2690 3471 2931 3543 predam
2962 3474 3228 3544 cadente,
3261 3475 3475 3533 iterum

1862 3559 2059 3627 initur,
2109 3564 2165 3614 et
2209 3576 2311 3631 pro
2345 3559 2550 3614 dolor!
2580 3564 2897 3632 superatus,
2952 3577 3084 3617 cum
3138 3564 3331 3635 paucis
3376 3573 3474 3609 mo

1861 3648 2079 3719 effugit.
2117 3648 2245 3702 Hu'c
2291 3648 2397 3702 fuit
2419 3648 2473 3703 ei
2502 3646 2559 3702 in
2586 3648 2793 3703 talibus
2822 3650 3075 3705 secunda
3117 3653 3428 3723 temptacio
3452 3672 3468 3725 ;

1859 3740 1918 3792 et
1935 3737 2108 3792 faciat
2127 3737 2277 3791 Deus
2305 3740 2366 3791 ut
2394 3752 2511 3791 non
2542 3736 2767 3792 eveniat
2788 3737 2869 3791 illi
2888 3737 3068 3793 tercia
3092 3740 3467 3812 periclitacio.

1859 3826 2183 3897 Imperator
2212 3829 2409 3880 noster
2442 3841 2573 3879 cum
2605 3826 2675 3881 de
2715 3826 2803 3880 his
2842 3828 3114 3883 omnibus
3143 3836 3235 3871 1⁸⁸1
3276 3829 3471 3886 effice-

1860 3916 2020 3967 retur
2039 3916 2245 3981 certus,
2278 3930 2458 3968 unum
2491 3913 2551 3968 in
2591 3913 2794 3969 Suevia
2831 3914 3071 3986 regione
3114 3916 3467 3989 colloquium

1862 4001 1932 4055 de
1960 4018 2023 4055 re
2056 4002 2284 4073 publica
2308 4002 2529 4067 habuit,
2557 4005 2616 4057 et
2648 4019 2781 4058 mox
2810 4020 2915 4075 per
2942 4004 3167 4060 Renum
3195 4004 3467 4062 sollicitus

1861 4089 2441 4162 descendit.Namque
2453 4094 2859 4161 cooperatores
2871 4092 2991 4164 ejus
3004 4096 3063 4147 et
3076 4092 3241 4164 regni
3254 4093 3469 4149 suimet

1858 4178 2125 4230 columne
2143 4178 2395 4232 maxima
2412 4184 2573 4249 parte
2589 4194 2693 4250 pro
2714 4179 2909 4236 dolor!
2943 4180 3221 4248 cecidere,
3243 4181 3465 4255 sibique

137 4272 265 4327 neis
296 4273 497 4325 autem
541 4269 699 4324 mille
728 4268 853 4324 viri.
886 4268 1099 4323 Omnes
1127 4266 1206 4319 bii
1230 4268 1366 4319 tunc
1396 4264 1637 4318 domum
1664 4273 1757 4307 im
1859 4281 2032 4335 grave
2049 4265 2574 4336 pondusoccultum
2600 4274 2693 4310 m8
2713 4267 3469 4327 ﬁdeisimulatoresoccultis

137 4352 1758 4428 remittebantur,cumindigenasadventareﬁdelessibi
1858 4353 2124 4407 resistere
2171 4352 2391 4408 insidiis
2439 4371 2546 4425 per
2584 4359 2887 4411 extraneos
2919 4357 3201 4426 nituntur,
3237 4362 3299 4413 ut
3345 4375 3463 4415 non

124 4462 449 4520 apparere,
480 4446 674 4500 senior
702 4445 957 4516 prefetus
983 4443 1283 4497 letabatur.
1322 4442 1383 4494 In
1413 4456 1628 4511 magna
1651 4440 1757 4496 hac
1858 4439 2027 4494 liceat
2074 4439 2126 4493 ei
2166 4440 2431 4497 libertate
2489 4445 2829 4514 congruenti
2884 4445 3172 4517 inperare,
3239 4463 3468 4503 comm-

138 4535 394 4603 civitate,
426 4551 538 4607 que
566 4534 725 4589 istius
753 4533 919 4605 regni
950 4534 1123 4603 caput
1140 4533 1247 4593 est,
1268 4530 1395 4602 plus
1423 4545 1597 4601 quam
1629 4546 1762 4601 qua-
1781 4527 1833 4585 D
1859 4526 2254 4600 queinjustam
2270 4530 2822 4588 temeritatemimin
2834 4533 3027 4605 aliquo
3041 4533 3460 4592 minorareim.

1459 4618 1694 4672 VARUE
1731 4615 2133 4673 LECTIONES.

211 4704 312 4741 1m
343 4711 614 4752 rurorum
644 4698 695 4749 1.
717 4702 826 4767 ,ηιξ
854 4689 1260 4767 provocatione
1285 4692 1463 4767 tum?
1492 4689 1784 4767 tuimatim
1808 4695 1860 4745 1.
1883 4696 1973 4767 Ἦ)
1999 4689 2083 4767 ita.
2212 4686 2276 4741 S.
2309 4704 2480 4759 agere
2510 4692 2704 4767 l._i°fi_
2726 4690 2851 4767 b_ab_
2866 4709 2933 4748 eo
2970 4698 2990 4749 1
3030 4711 3082 4767 α,
3102 4699 3158 4767 Δει
3187 4697 3262 4750 ita
3290 4696 3459 4767 infra.

137 4778 236 4814 ιω
269 4768 515 4824 domum
551 4772 571 4822 1
610 4768 667 4819 in
694 4757 900 4819 duabus
924 4763 1223 4836 linesz'._i9“
1251 4758 1448 4836 scilicet
1486 4761 1758 4829 ecclesiae,
1779 4768 1874 4803 ίοιι
1902 4757 2109 4836 Thurii,
2142 4758 2199 4812 in
2232 4757 2664 4836 quo'regnabat
2694 4763 2813 4836 tota
2836 4757 3193 4836 hypochrisis
3216 4769 3269 4823 2.
3293 4757 3368 4824 Α.
3395 4766 3461 4824 S.

136 4849 238 4885 mo
292 4842 465 4893 cunct
507 4840 553 4891 1.
617 4844 709 4878 ιοιτ
740 4852 906 4907 gram
958 4838 1008 4907 1.
1039 4833 1244 4907 urbem
1286 4834 1484 4907 2.__1_N°
1515 4847 1654 4907 oms
1699 4835 1764 4907 Δ1.
1807 4838 1903 4907 ίρεο
1931 4829 2213 4907 __stphano_
2250 4829 2329 4907 '1;
2363 4829 2460 4871 ιπσ
2513 4844 2713 4907 ιζθιιιρδ⁸
2733 4835 2780 4907 1,.
2814 4829 2935 4907 126T
2962 4836 3231 4892 omnibus
3284 4842 3333 4893 1.
3365 4846 3462 4881 im

133 4910 198 4966 in
228 4911 455 4966 occulto
486 4897 831 4962 imminebat
858 4913 913 4962 2.
937 4905 1013 4959 A.
1033 4903 1095 4959 S.
1131 4912 1226 4945 im
1256 4906 1313 4957 et
1360 4902 1641 4956 libertatis
1697 4897 2065 4957 insolentiam
2098 4903 2130 4954 2
2173 4897 2347 4970 A.VS.
2404 4907 2494 4970 1”"
2514 4897 2654 4955 Cod.
2689 4902 2798 4954 2ιή
2823 4902 2930 4970 ﬁne
2954 4906 3107 4961 addit
3141 4924 3155 4963 :
3192 4908 3465 4965 Continet

134 4982 248 5037 iste
278 4981 427 5034 liber
455 4984 615 5051 gesta
646 4979 900 5051 quisque
930 4977 1368 5051 imperatorum,
1400 4973 1458 5051 id
1498 4977 1596 5051 est.
1630 4973 1878 5051 ῌβίιπὲοί
1909 4970 2081 5051 primi
2100 4973 2170 5051 3t
2200 4969 2373 5051 ἒτίἚιπι
2399 4969 2650 5051 θιίρνῑιπι
2701 4969 2843 5039 elusi
2877 4975 3251 5051 οιέριξίεναυί
3280 4981 3463 5036 dictus

135 5057 228 5109 est
266 5040 487 5117 Βυταδῖ
497 5055 556 5105 et
575 5040 1082 5117 Ott'onissecundg,
1109 5061 1216 5117 nec
1230 5061 1347 5100 non
1367 5048 1424 5099 et
1446 5044 1600 5099 tertii
1630 5044 1878 5106 Ottonis,
1910 5040 2019 5117 qui
2044 5040 2375 5117 _dic_eba_tur
2424 5040 2662 5117 pulcher
2680 5056 2843 5110 puer,
2873 5048 2930 5096 et
2950 5040 3197 5102 licini-io}
3224 5052 3463 5108 secundi

134 5124 230 5179 cui
256 5110 473 5177 nomen
525 5121 749 5175 adhesit
781 5110 1165 5191 pietatisL'Qui
1194 5116 1577 5191 imperatores
1603 5110 2020 5191 Romanum—et
2044 5110 2769 5191 Teutoni‘cum’imperium
2802 5128 2907 5182 per
2924 5129 3109 5191 annos
3138 5124 3373 5178 centum
3405 5126 3465 5178 et

135 5197 369 5266 septem
407 5180 1360 5266 strenn_ue_reierunt._t]onscripsit
1386 5190 1581 5241 autem
1609 5187 2075 5266 ea‘Thietrnarus
2105 5180 2586 5266 Merseburgensis
2625 5180 2963 5253 episcopus;
2994 5186 3129 5256 quia
3149 5204 3283 5245 saxo
3314 5196 3461 5263 erat,

133 5253 397 5323 maxime
428 5262 568 5336 quid
596 5263 656 5317 in
676 5259 924 5317 Saxonia
950 5257 1031 5314 hii
1062 5253 1448 5329 imperatores
1477 5257 1706 5330 egerint
1716 5255 2061 5384 Ῑὲἰὸῗὲδθνθ
2091 5253 2334 5309 videtur.

1929 5404 2068 5484 ὶ997)
2109 5404 2326 5484 Nempe
2353 5401 2816 5484 ethurgundia.
2859 5403 3028 5484 Conf.
3054 5421 3378 5484 supracap.
3412 5413 3466 5484 9.

1860 5475 1962 5534 Die
1992 5476 2148 5545 Sept.
2184 5480 2238 5537 9,
2265 5474 2322 5529 in
2340 5474 2566 5531 civitate
2591 5474 2792 5529 Zurich
2807 5474 3159 5543 monasterio
3185 5474 3473 5538 Meiurad-

1860 5548 1989 5627 s_zell
2022 5546 2243 5627 silvam,
2277 5546 2333 5600 in
2357 5562 2473 5619 qua
2505 5546 2682 5600 situm
2712 5549 2817 5616 est,
2851 5547 3104 5621 donavit,
3144 5555 3287 5611 teste
3316 5552 3473 5627 ejus-

1861 5619 1997 5678 dem
2029 5619 2245 5672 charta.

1935 5690 2084 5767 (998)
2109 5686 2497 5765 Lethariugiae
2522 5688 2856 5768 superioris.

213 5417 364 5488 (991)
400 5413 659 5488 Jarislav.

216 5482 367 5558 (992)
408 5485 579 5543 Conf.
612 5500 788 5558 supra
819 5484 858 5539 1.
884 5499 980 5549 vn,
1021 5496 1072 5536 c.
1107 5482 1192 5534 t2.

213 5556 367 5627 (993)
391 5556 761 5627 Swaatopolk.

236 5631 366 5699 994)
406 5628 589 5684 Kiew.

237 5696 360 5763 995)
403 5699 572 5756 Conf.
594 5696 633 5751 l.
661 5711 739 5763 ιν,
768 5710 820 5751 c.
863 5696 951 5749 37.

397 5769 464 5835 v.
490 5771 654 5831 Anu.
677 5764 1013 5841 Quodlinb.,
1040 5778 1098 5823 ο..
1138 5763 1301 5845 mis.
