3900 6216
133 586 155 643 l
166 583 275 643 425

791 579 1155 641 anmrmm
1199 578 1655 640 BAMESIENSIS
1704 578 1966 637 nouem
1993 580 2151 639 VITA
2193 538 2823 643 smc'nnuivsrm.

3329 590 3462 648 “26

140 712 395 764 tenuem
411 703 492 779 (3)
506 704 1147 778 nostrilibellisegetem
1172 704 1495 760 litterarum
1519 704 1756 776 pedibus
1780 706 1835 765 Α
1875 703 1967 759 vix
1999 705 2249 761 ebenina
2284 712 2388 780 (ll)
2415 708 2738 764 titulatione
2767 709 3027 782 styloque
3055 709 3301 765 fuscanti
3325 727 3461 767 con-

141 799 607 863 transmeantes,
626 798 749 851 toto
781 796 967 851 cordis
987 795 1445 867 intuitu,tuoque
1463 795 1650 867 potius
1677 796 1754 864 (4)

131 885 443 955 suffragio,
470 885 673 939 itidem
692 885 880 940 facere
902 900 1252 956 permoneo;
1286 888 1411 938 astu
1434 887 1649 949 tamen,
1684 899 1756 937 ne

131 977 254 1031 rari
270 973 557 1046 germinis
569 974 879 1029 seminaria
890 974 1120 1028 incaute
1134 974 1417 1027 calcantes
1428 971 1759 1045 deprimant

131 1081 255 1119 neu
272 1064 505 1119 interea
521 1062 705 1132 (dum)
724 1062 782 1116 in
797 1078 1034 1117 annona
1054 1062 1322 1132 depressa
1339 1060 1588 1134 petitura
1600 1062 1758 1116 olera

141 1153 397 1225 penitus
414 1152 727 1224 exstirpare
749 1152 1031 1221 nituntur,
1052 1151 1207 1222 justa
1235 1150 1424 1223 potius
1448 1149 1755 1222 plantaria,

137 1259 282 1298 cum
306 1241 477 1297 malis
493 1242 710 1313 pariter
724 1240 940 1295 secanti
963 1238 1283 1311 intercepta
1313 1240 1555 1307 sarculo,
1570 1239 1759 1293 eradi-

132 1330 335 1386 cando
364 1329 714 1403 prmcidant;
743 1328 842 1383 sed
864 1328 1235 1383 exsecrabilia
1254 1329 1423 1398 hujus
1437 1327 1758 1399 superficiei

136 1418 310 1487 lolia,
339 1418 593 1490 quodam
626 1416 734 1471 levi
773 1416 1099 1483 conamine,
1128 1416 1340 1489 passim
1367 1433 1471 1487 per
1498 1417 1759 1471 locorum

148 1507 349 1580 spatia
368 1506 731 1577 negligenter
745 1521 1028 1577 respersa,
1042 1504 1222 1559 fundo
1244 1507 1412 1559 tenus
1427 1503 1759 1576 explodant.

156 1594 225 1649 Si
253 1596 378 1649 haec
402 1593 543 1648 mihi
560 1593 848 1649 affectanti
874 1591 1765 1664 praecamina(5)...concedenda

153 1682 483 1756 persentio,
517 1682 650 1737 satis
680 1681 931 1752 gratiosa
949 1680 1231 1736 beneficia
1259 1680 1634 1753 rependenda
1664 1681 1763 1734 de-

146 1788 406 1845 promo;
435 1769 520 1825 sin
548 1773 739 1825 autem
762 1770 971 1825 invidis
989 1770 1332 1824 aemulorum
1350 1769 1766 1824 abdicamentis

147 1860 415 1917 refutata
438 1861 797 1925 temnuntur,
849 1857 1152 1929 ignoratur
1183 1856 1379 1927 utique
1418 1856 1555 1929 quid
1595 1856 1769 1911 satius

158 1950 489 2020 inceptem,
523 1963 697 2018 quam
732 1948 795 2000 ut
820 1945 1054 2018 propria
1088 1945 1368 2013 falcicula,
1395 1945 1529 1999 licet
1558 1946 1628 2000 sit
1647 1962 1769 1999 sca-

1864 798 2314 862 cretam,contra
2327 797 2839 854 omnesinvisorios
2855 800 3093 855 aemulos
3114 800 3323 856 invicta
3335 817 3463 873 pro-

1856 883 2212 954 pugnatione
2235 886 2536 953 tuendam,
2575 904 2693 941 non
2720 888 2935 943 favorio
2969 888 3225 944 deditam
3258 906 3460 944 rumu-

1856 972 2032 1037 sculo,
2066 973 2165 1027 sed
2192 976 2304 1028 tuae
2333 974 2658 1044 specialiter
2688 976 3025 1031 sublimitati
3060 978 3357 1036 collatam.
3395 981 3459 1033 ln

1856 1058 1963 1113 hac
1991 1060 2201 1132 quippe
2222 1063 2451 1117 litterali
2475 1062 2738 1133 planitie,
2762 1069 3016 1119 mentem
3038 1065 3463 1137 magissponta-

1857 1163 2029 1201 neam
2050 1150 2561 1223 ambientis,quam
2576 1155 2858 1223 agrestem
2882 1154 3284 1225 componentis
3302 1154 3462 1227 igna-

1856 1235 2033 1302 viam,
2054 1238 2341 1307 explorari
2359 1238 2476 1310 (12)
2491 1239 2738 1311 deposco
2765 1257 2778 1294 :
2802 1242 2993 1312 teque,
3013 1241 3133 1296 sine
3152 1244 3265 1297 tum
3285 1242 3462 1298 oﬁ‘en-

1861 1321 2036 1377 sionis
2066 1325 2353 1393 molestia,
2382 1343 2618 1394 moneo,
2656 1328 2803 1383 tanti
2835 1329 3018 1383 Patris
3045 1329 3343 1385 virtutibus
3368 1331 3457 1386 in-

1862 1409 2126 1479 formari,
2154 1414 2431 1486 exemplis
2447 1415 2568 1486 ejus
2589 1415 2814 1485 instrui,
2834 1416 3091 1472 moribus
3116 1418 3464 1487 muniri,dis-

1863 1499 2087 1569 ciplinis
2107 1501 2417 1571 justiﬁcari
2450 1521 2468 1558 :
2518 1508 2581 1559 ut
2602 1505 2761 1576 cujus
2789 1505 3050 1560 exstitisti
3089 1522 3375 1563 successor
3402 1508 3464 1563 in

1863 1588 2054 1656 terris,
2097 1590 2219 1660 ejus
2272 1592 2553 1647 merearis
2600 1593 2875 1664 perennis
2927 1610 3048 1648 esse
3089 1594 3381 1650 confessor
3407 1596 3464 1652 in

1866 1675 2040 1744 caelis,
2087 1677 2369 1749 largiente
2408 1680 2654 1736 Domino
2686 1684 2882 1736 nostro
2935 1683 3065 1737 Jesu
3095 1683 3339 1751 Christo,
3372 1683 3470 1756 qui

1868 1780 2001 1818 cum
2043 1769 2333 1822 comterno
2389 1770 2557 1824 Patre
2611 1773 2923 1842 sanctoque
2974 1770 3191 1843 Spiritu
3229 1772 3363 1828 vivit
3414 1775 3473 1828 et

1868 1856 2077 1925 regnat
2105 1855 2272 1923 Deus,
2304 1873 2411 1927 per
2441 1858 2639 1913 omnia
2658 1861 2863 1914 saecula
2884 1860 3470 1919 smeulorum.Amen.

2403 1945 2625 2001 CAPUT
2656 1948 2941 2003 PRIMUM.

152 2018 1613 2104 brosa,mutilationetenuatimobducta,propriam
1628 2050 1773 2087 mes—
1795 2018 1846 2079 Β
1872 2029 2054 2099 Ortus,
2086 2030 2350 2097 educatio,
2400 2032 2598 2102 studia,
2628 2051 2777 2089 mora
2820 2036 2875 2088 in
2918 2035 3046 2091 aula
3074 2039 3237 2109 regis,
3274 2044 3325 2093 et
3352 2038 3475 2094 inde

155 2142 287 2181 sem
328 2122 520 2178 sudati
561 2121 772 2177 laboris
801 2138 906 2193 pro
936 2138 1100 2193 posse
1139 2121 1346 2176 virium
1384 2121 1543 2193 piare
1572 2138 1773 2193 proce-

155 2213 302 2268 dam
329 2228 341 2266 :
365 2210 416 2266 si
443 2213 643 2266 tamen
671 2210 924 2282 quodam
943 2209 1365 2264 demonstranti
1388 2210 1627 2281 digitulo
1650 2227 1773 2266 cor-

157 2299 418 2373 rigentis
442 2298 728 2353 indicetur
758 2315 871 2369 qua
897 2300 1058 2370 parte
1083 2298 1342 2353 locorum
1367 2298 1583 2353 inserta
1608 2299 1773 2355 vitia-

154 2389 293 2445 bilis
309 2386 503 2458 campi
519 2386 1149 2458 vituperiaprovocatus
1164 2385 1437 2443 incidam.
1456 2388 1603 2459 Ergo
1627 2405 1772 2459 quo-

161 2478 328 2533 niam
356 2492 531 2531 causa
554 2474 791 2529 inscitiae
822 2474 881 2529 id
909 2474 1034 2528 ﬁeri
1066 2475 1220 2546 quod
1240 2476 1367 2530 volo
1400 2475 1679 2547 nequibit,
1712 2476 1772 2531 id

165 2566 414 2622 tandem
437 2563 592 2636 quod
614 2579 761 2636 queo
789 2564 931 2617 velle
954 2563 1292 2637 compellor.
1317 2564 1433 2618 Hoc
1462 2563 1769 2636 siquidem,

158 2658 227 2711 ut
252 2655 370 2725 (ad)
410 2655 669 2724 optatam
695 2651 989 2723 praelocuti
1021 2652 1275 2723 theologi
1311 2654 1384 2723 (6)
1408 2653 1770 2708 mentionem

160 2749 367 2817 (quam
393 2741 587 2814 lepido
604 2740 891 2795 facilitatis
910 2739 1158 2811 eulogio,
1173 2742 1280 2807 vel,
1297 2741 1339 2795 si
1362 2743 1598 2814 possim,
1612 2759 1769 2797 sum-

168 2832 380 2887 matim
419 2832 497 2896 (7)
522 2829 784 2895 rimatus,
807 2828 1070 2900 capitella
1085 2845 1438 2901 omnemque
1468 2846 1771 2900 proceram

164 2922 411 2992 hujusce
427 2922 668 2974 texturas
682 2917 887 2972 seriem
898 2959 911 2984 ,
927 2916 1290 2989 chrysidineo
1309 2920 1380 2983 (8)
1400 2918 1692 2973 schemate
1706 2934 1773 2974 ac

157 3009 405 3066 biformi
430 3009 505 3081 (9)
530 3006 834 3062 renitentis
859 3005 1054 3061 electri
1081 3008 1273 3061 colore
1300 3006 1643 3078 gemmatim
1666 3007 1775 3063 dis-

165 3115 389 3165 serere,
428 3096 769 3169 gestiebam)
797 3112 950 3150 nunc
991 3097 1194 3151 saltem
1226 3095 1470 3167 satyrica
1510 3095 1774 3150 fatuitate

161 3203 487 3263 gressuque
516 3184 777 3257 lapsandi
810 3184 969 3257 quasi
997 3183 1189 3239 minus
1208 3185 1434 3257 sapiens
1454 3185 1771 3240 vacillando

2542 2123 2792 2193 expulsio.

1940 2215 2154 2275 2.Cum
2192 2213 2509 2269 multorum
2549 2215 2881 2284 temporum
2912 2229 2947 2267 a
2968 2229 3101 2269 vero
3131 2215 3284 2270 cultu
3309 2213 3473 2270 Chri-

1872 2306 2073 2361 stianaz
2096 2302 2397 2375 religionis
2419 2317 2593 2357 vacua
2622 2300 2921 2356 transisset
2940 2302 3238 2373 curricula,
3271 2304 3476 2376 quibus

1868 2398 2088 2451 vetusto
2124 2392 2306 2449 errori
2346 2391 2460 2446 ritu
2481 2390 2820 2463 gentilitatis
2848 2407 2989 2463 gens
3018 2393 3336 2464 Anglorum
3357 2410 3479 2450 ma-

1871 2483 1957 2555 gis
1988 2500 2165 2556 quam
2212 2481 2435 2537 Christo
2482 2480 2739 2535 Creatori
2786 2482 3122 2537 cunctorum
3157 2481 3479 2556 mancipari

1872 2573 2240 2638 decernebat,
2277 2569 2603 2624 misericors
2648 2569 2949 2637 Dominus,
2987 2587 3060 2625 ne
3104 2572 3325 2627 factura
3353 2588 3476 2639 sua,

1870 2660 2091 2734 laqueis
2107 2660 2328 2715 irretita
2348 2656 2641 2713 diabolicis
2654 2657 2713 2712 in
2732 2658 3015 2712 aeternum
3041 2659 3318 2714 damnata
3334 2660 3483 2732 peri-

1870 2755 1979 2818 ret,
1996 2749 2196 2805 salutis
2212 2753 2444 2803 interna:
2466 2745 2793 2801 remedium
2819 2747 3076 2818 ejusdem
3098 2748 3337 2803 caecitati
3352 2766 3482 2821 pro-

1872 2838 2075 2910 spexit,
2106 2854 2170 2891 ac
2193 2836 2593 2891 venerandum
2623 2836 2857 2889 Patrem
2883 2836 3263 2908 Augustinum
3281 2837 3325 2909 (l
3339 2836 3416 2905 3),
3447 2855 3483 2893 a

1870 2929 2040 2983 beato
2062 2941 2215 2997 papa
2228 2926 2475 2980 electum
2492 2923 2788 2993 Gregorio,
2805 2923 2877 2978 ad
2891 2924 3060 2996 hujus
3077 2929 3269 2997 partes
3278 2926 3482 2999 patrita

1875 3012 2181 3067 miseratus
2193 3010 2528 3066 destinavit:
2549 3008 2647 3082 qui
2668 3011 2857 3083 sagaci
2871 3011 3327 3085 mentisiugenio
3344 3013 3482 3069 inde

1874 3115 2212 3156 conversam
2265 3098 2495 3169 plebem
2548 3097 2828 3175 ﬁdelium,
2888 3099 3182 3155 hecredem
3238 3100 3485 3156 sociaret

1874 3190 2043 3243 beato
2077 3186 2462 3241 contubernio
2485 3187 2850 3257 angelorum.
2869 3188 2993 3243 Mox
3012 3188 3187 3260 igitur
3206 3193 3268 3245 ut
3283 3189 3367 3245 vir
3382 3189 3484 3246 Dei

159 3274 666 3333 incedam.Melius
685 3277 881 3327 tamen
904 3276 1081 3327 tantae
1103 3273 1230 3327 vitm
1255 3275 1615 3327 venustatem
1646 3272 1775 3327 ido-
1810 3276 2027 3361 Cinter
2064 3274 2257 3329 inscite
2289 3274 2538 3328 nationis
2568 3291 2770 3346 vepres
2825 3277 3043 3331 sulcum
3086 3278 3482 3334 celeberrima:

159 3366 286 3422 neis
302 3360 1040 3434 compositoribusmibeati
1073 3360 1342 3415 antistitis
1367 3360 1773 3416 imminentem
1826 3360 1841 3361 ί
1875 3363 2152 3419 doctrinas
2200 3377 2615 3432 vomeremque
2677 3362 2778 3415 Dei
2824 3362 3164 3417 visitationis
3191 3364 3393 3434 inﬁxit,
3427 3370 3485 3421 et

155 3453 307 3507 iram
323 3449 1237 3524 pertimescam)conscribendam
1251 3450 1642 3521 reserv0;quia
1655 3467 1773 3507 non

164 3556 407 3597 summa
436 3538 767 3611 profitente,
818 3554 1108 3609 quoquam
1160 3538 1217 3593 in
1262 3539 1430 3609 hujus
1459 3540 1636 3593 cosmi
1665 3540 1775 3595 situ

165 3626 585 3701 praestantior;
621 3630 708 3681 ast
744 3626 1005 3699 personis
1061 3626 1349 3694 omnibus,
1397 3627 1527 3682 divo
1574 3644 1776 3683 carens

165 3719 475 3790 dogmate,
494 3715 837 3786 despectior.
854 3715 997 3769 Nam
1019 3731 1051 3768 e
1070 3715 1448 3786 prudentibus
1478 3716 1776 3772 neminem

163 3804 394 3861 liberali
428 3803 721 3858 eruditum
756 3803 988 3873 ingenio
1012 3804 1434 3875 propemodum
1462 3804 1773 3877 pernoscis,

161 3894 263 3967 qui
281 3897 406 3948 tam
431 3892 685 3947 deformi
716 3892 982 3946 facundia
1008 3890 1068 3946 in
1092 3893 1406 3948 scribendis
1426 3894 1700 3966 prologis,
1716 3897 1778 3950 ut

163 3982 581 4057 ego,videatur
601 3981 774 4036 abuti.
794 3983 903 4036 Has
921 3985 1116 4037 tamen
1130 3986 1434 4055 sequentes
1451 3984 1774 4056 paginulas,

164 4090 352 4145 parvo
371 4070 701 4143 capacitatis
722 4071 925 4125 fomite
949 4074 1236 4143 utcunque
1254 4073 1779 4143 compositas,ﬁdis-

164 4164 320 4218 sima
336 4160 596 4215 fidelium
621 4160 987 4214 attestatione
1004 4160 1397 4232 purgato(lO),
1420 4160 1463 4214 si
1504 4178 1618 4232 qua
1645 4178 1775 4233 pro-

164 4249 299 4325 pria
330 4248 662 4303 temeritate
688 4247 944 4319 effigiata
973 4246 1221 4320 insignia
1248 4248 1308 4302 in
1340 4246 1427 4301 his
1458 4264 1553 4302 me
1575 4264 1775 4303 conse-

171 4337 359 4393 ruisse
392 4335 639 4402 difﬁdas,
672 4334 782 4389 nisi
812 4335 961 4389 forte
992 4352 1119 4407 quae
1142 4337 1232 4391 vel
1279 4335 1527 4392 videndo
1556 4339 1644 4392 vel
1675 4354 1775 4391 au-

164 4425 407 4493 diendo,
446 4424 580 4479 licet
632 4424 929 4478 intellectu
976 4424 1252 4497 torpenti,
1286 4426 1358 4480 ab
1405 4424 1526 4497 ipso
1561 4425 1777 4480 didice-

162 4531 332 4582 ram;
367 4514 455 4567 vel
481 4513 658 4567 etiam
681 4529 747 4567 ex
775 4512 898 4583 ejus
924 4512 1193 4577 alumnis,
1219 4529 1363 4585 quos
1392 4531 1426 4569 a
1446 4516 1659 4570 tenella
1681 4514 1775 4587 ju-

1874 3452 2161 3508 triticeum
2181 3454 2393 3505 sanctae
2406 3449 2699 3503 Trinitatis
2722 3467 2920 3505 semen
2943 3451 3210 3519 inseruit;
3231 3453 3308 3507 sic
3324 3454 3481 3523 vipe-

1874 3558 2041 3596 reum
2071 3539 2365 3612 pereuntis
2386 3537 2505 3592 lolii
2529 3554 2771 3609 germen
2809 3538 2880 3593 ab
2908 3539 3015 3593 hac
3045 3539 3393 3611 exstirpavit,
3425 3545 3485 3595 ut

1876 3631 2113 3686 ulterius
2134 3628 2361 3684 dumosi
2382 3627 2530 3682 ruris
2552 3627 2764 3681 rudera
2786 3626 2846 3681 in
2877 3641 2953 3682 ea
2974 3629 3255 3700 pullulare
3285 3630 3484 3701 prohi-

1875 3721 2124 3789 beret,et
2140 3718 2347 3790 dignos
2368 3719 2486 3772 Deo
2510 3715 2864 3789 poenitentiae
2890 3716 3106 3771 fructus
3131 3717 3480 3775 documento

1877 3809 2093 3883 pariter
2122 3812 2180 3864 et
2224 3807 2486 3878 exemplo
2526 3804 2737 3860 debere
2786 3805 2980 3861 offerri
3033 3806 3480 3865 demonstraret.

1876 3901 2094 3971 Itaque,
2127 3897 2224 3970 qui
2272 3898 2406 3951 ante
2440 3911 2570 3950 eam
2603 3896 2920 3966 spreverat,
2951 3894 3192 3949 credidit
3236 3896 3480 3952 Domino

1876 3987 2173 4041 universus
2203 3984 2515 4040 Albionum
2538 3983 2807 4055 populus,
2846 3986 2905 4037 et
2934 3982 3237 4053 adjunctus
3266 3987 3351 4038 est
3378 4000 3483 4056 per

1874 4079 2024 4131 verae
2075 4075 2209 4130 ﬁdei
2253 4074 2615 4146 agnitionem
2648 4074 2766 4128 Deo
2795 4088 2913 4127 suo.
2966 4072 3064 4127 Hic
3094 4075 3312 4137 autem,
3359 4073 3481 4129 sine

1876 4165 2034 4235 cujus
2065 4162 2447 4218 sollicitudine
2472 4161 2632 4234 parvi
2655 4177 2776 4216 non
2789 4162 3175 4217 succumbunt
3201 4179 3480 4234 passeres,

1875 4268 2073 4306 curam
2092 4251 2327 4323 optimae
2345 4250 2739 4322 proventionis
2751 4250 2824 4305 ob
2841 4267 2958 4306 suae
2974 4253 3186 4305 statum
3203 4250 3485 4307 conditio-

1875 4340 1963 4394 nis
1980 4339 2085 4411 ipsi
2111 4339 2318 4393 deinde
2337 4338 2619 4395 adhibuit.
2646 4338 2832 4411 Elegit
2853 4356 3108 4411 namque
3131 4339 3387 4395 venturis
3409 4341 3482 4395 ad

1876 4444 1934 4481 se
1961 4426 2164 4481 exinde
2184 4426 2382 4482 liberis
2402 4427 2692 4495 nutritios,
2716 4444 2902 4499 reges,
2936 4427 3254 4500 pontifices,
3289 4428 3480 4496 duces,

1877 4516 2509 4586 decanos,pra3positos,
2523 4519 2877 4588 coaterosque
2892 4515 3150 4572 Ecclesiae
3164 4533 3278 4571 sua:
3294 4520 3483 4572 recto-

165 4601 423 4659 ventutis
451 4604 620 4656 aetate
648 4600 720 4656 ad
749 4600 900 4655 viros
926 4617 1104 4673 usque
1134 4602 1440 4674 perfectos,
1486 4603 1775 4660 doctrina-
1804 4623 1858 4683 D
1880 4622 1991 4672 res,
2017 4603 2113 4675 qui
2136 4606 2259 4675 post
2276 4619 2514 4658 emensa
2533 4604 2894 4675 singulorum
2913 4605 3096 4675 spatia
3111 4621 3350 4678 gregem
3364 4606 3482 4661 Deo

166 4710 299 4747 rum
332 4690 557 4765 pabulis
581 4690 854 4744 decenter
874 4689 1197 4757 instractos,
1217 4690 1460 4761 ipsemet
1478 4692 1778 4749 educando

168 4780 428 4835 deduxit.
452 4781 745 4848 Acceptes,
769 4778 1029 4846 obsecro,
1050 4777 1171 4832 sola
1195 4783 1390 4849 septus
1420 4781 1778 4837 connexione

167 4868 485 4936 charitatis,
513 4868 727 4922 horum
750 4865 1124 4937 apicellorum
1157 4868 1395 4923 tenuem
1420 4869 1773 4941 congeriem,

237 4996 310 5061 (3)
345 4991 584 5061 ferrem,
610 4988 759 5045 forte
780 4996 1028 5047 ten-eam.

242 5060 313 5133 (4)
346 5060 578 5116 Potitus.

245 5131 321 5205 (ὅ)
357 5133 680 5205 prec-gmina
723 5131 1131 5205 addunturque
1157 5131 1293 5205 haec
1311 5134 1504 5199 verba,
1533 5137 1779 5205 quiscun-

167 5204 267 5279 que
287 5224 316 5260 e
342 5204 716 5279 nebulosorum
752 5204 995 5279 porculis,
1029 5221 1180 5279 quze
1218 5204 1557 5279 videbantur
1583 5223 1774 5279 posse

169 5274 392 5342 abesse,
451 5275 637 5349 donec
691 5274 910 5349 felicior
965 5274 1294 5345 conjectura
1352 5274 1773 5349 intelligihilem

169 5363 402 5404 sensum
436 5346 764 5417 reperisset.

241 5422 325 5489 (6)
352 5414 592 5471 Videtur
613 5414 1053 5489 S._Dunstar_mm
1083 5433 1258 5489 quem
1301 5434 1474 5489 supra
1514 5419 1775 5475 decentem

170 5486 460 5570 aedituum,
479 5487 640 5570 quasi
666 5486 887 5569 dignum
918 5486 1351 5570 domus—Domini
1371 5486 1656 5560 custodem,
1681 5508 1776 5564 ap-

169 5563 418 5636 pellarat
446 5557 539 5614 hic
566 5557 869 5636 nominare
886 5558 1215 5636 theologum.

242 5640 313 5699 (7)
345 5631 699 5688 Summorum
729 5633 1005 5684 rz'matum.

245 5699 737 5828 l8)tCh;ysidineus
760 5728 776 5765 ,-
808 5717 882 5756 an
913 5700 1122 5756 dicitur
1141 5701 1303 5775 quasi
1323 5720 1517 5758 aureus
1540 5706 1625 5759 vel
1647 5723 1777 5760 auro

245 5782 317 5828 ‘ea:
342 5791 406 5828 us

174 5778 406 5831 intextus

240 5846 311 5918 (9)
346 5847 530 5902 Prosa
561 5839 777 5896 scilicet
817 5842 876 5897 et
923 5856 1108 5913 versu,
1157 5846 1327 5917 atque
1380 5842 1461 5900 ita
1508 5845 1779 5919 deinceps

1878 4695 2148 4749 renatum
2176 4692 2280 4746 sub
2305 4693 2463 4763 pacis
2489 4692 2747 4747 custodia
2782 4698 3055 4764 regerent
3083 4712 3214 4750 cum
3237 4695 3480 4767 justitia.

1949 4786 2003 4840 3.
2037 4783 2191 4836 Inter
2238 4781 2341 4836 hos
2369 4781 2687 4853 praecipuos
2722 4780 2896 4851 regiae
2929 4784 3282 4854 praslationis
3310 4784 3482 4854 viros,

1879 4888 2055 4945 quem
2085 4868 2552 4925 Christianissimi
2574 4872 2633 4923 et
2660 4868 2963 4923 orthodoxi
2989 4874 3156 4927 multi
3176 4874 3482 4945 regnando

1876 4995 2062 5073 varios
2092 5009 2307 5073 versus,
2333 4992 2431 5073 sed
2461 4995 2662 5073 metro.
2683 5006 2966 5073 perquam
2986 4996 3285 5073 vacillanti
3322 4996 3480 5073 inve-

1876 5066 2000 5138 nies
2021 5060 2312 5138 contextui
2341 5063 2488 5138 Vitae
2509 5060 2785 5138 admistos
2806 5060 2827 5116 Ξ
2851 5064 3007 5132 quod
3030 5080 3165 5122 mox
3188 5069 3481 5138 appellare

1876 5137 2100 5191 videtur
2130 5134 2432 5204 satyricum
2464 5132 2811 5188 fatuitatem.

1950 5209 2055 5280 (10)
2083 5206 2361 5280 [Erga/10.

1948 5273 1992 5349 (l
2013 5273 2057 5344 l)
2096 5273 2341 5331 Ebém'na
2375 5276 2675 5349 tz'tulati'orte
2703 5273 2944 5349 iudicari
2971 5279 3110 5349 puto
3142 5279 3477 5349 scrqitz'onem

1866 5344 1966 5421 per
1995 5356 2355 5404 atramentum
2386 5350 2498 5421 (est
2549 5346 2707 5421 enim
2750 5344 2970 5421 ebenum
3000 5348 3191 5421 colore
3224 5344 3477 5421 nigrum)

1875 5417 1934 5475 et
1953 5421 2030 5475 sic
2052 5437 2223 5494 supra
2237 5418 2529 5493 usurpavit
2536 5418 2839 5490 plorantem
2852 5417 3195 5489 pz'zmiculam
3209 5417 3480 5490 pro/tuen}

1874 5496 1940 5550 tis
1968 5495 2221 5547 encausti.

1974 5564 2059 5635 t2)
2090 5563 2409 5635 Explorare.

1977 5629 2057 5700 l3)
2092 5629 2371 5690 Coluntur
2393 5632 2456 5689 S.
2485 5631 2825 5703 Augustinus
2850 5629 3004 5687 infra
3047 5633 3114 5687 26
3145 5630 3297 5701 Maii,
3328 5636 3386 5689 et
3414 5634 3477 5689 S.

1879 5704 2173 5777 Gregorius
2204 5710 2267 5762 l2
2290 5705 2496 5776 Martii,
2529 5721 2563 5760 a
2596 5721 2710 5778 quo
2742 5704 2835 5760 ille
2868 5704 3074 5760 missus
3104 5705 3261 5762 venit
3283 5705 3343 5763 in
3372 5708 3484 5763 An-

1880 5778 2055 5849 gliam
2088 5794 2241 5835 anno
2273 5782 2397 5835 597.
