3900 6216
421 527 444 586 ι
455 526 558 584 427

1449 511 1816 572 BRIDFEBTI
1861 506 2322 567 BAMESIENSIS
2358 507 2688 568 MONACHI.

3609 517 3630 571 l
3639 515 3762 573 428

419 647 880 722 prtecesserant,
896 658 1142 718 quorum
1161 657 1314 699 nunc
1339 644 1578 701 nomina
1593 645 1892 701 difficultas
1921 655 2040 698 non
2064 635 2122 696 Α
2149 647 2408 706 Plurima
2431 649 2740 707 verborum
2771 664 2948 706 vacuo
2965 645 3242 720 jacumet
3267 644 3342 706 ab
3367 661 3490 705 ore.

422 738 560 795 sinit
588 736 792 794 rimari
826 753 932 809 per
959 734 1212 809 singula,
1264 739 1545 810 gloriosus
1597 753 1697 793 rex
1743 737 2041 794 Ethelsta-

420 847 528 884 nus
549 829 654 896 (14)
689 826 855 882 annis
880 827 1328 883 succedentibus
1353 831 1438 882 est
1465 845 1562 883 rex
1583 830 1903 899 Anglorum
1935 846 2040 884 an-

421 919 782 973 numeratus.
819 915 993 988 Hujus
1023 915 1199 987 igitur
1230 915 1836 990 imperiiteinporibus
1857 917 2039 972 oritur

421 1024 566 1081 puer
596 1010 867 1061 strenuus
893 1005 950 1060 in
979 1006 1419 1060 Westsaxonum
1445 1006 1657 1061 ﬁnibus
1689 1009 1796 1078 (lii)
1827 1024 1839 1061 :
1877 1007 2038 1078 cujus

419 1099 585 1168 pater
612 1094 959 1150 Heorstanus
985 1093 1124 1164 (l6),
1159 1097 1346 1148 mater
1397 1113 1530 1150 vero
1565 1096 1916 1168 Cynedrydis
1947 1113 2037 1152 vo-

421 1183 646 1239 citatur.
683 1181 865 1247 Quem
896 1181 974 1254 pii
1006 1184 1456 1253 parentes,sacri
1481 1185 1842 1256 baptismatis
1868 1184 2036 1240 undis

422 1275 720 1334 renatum,
757 1273 1122 1328 Dunstanum
1177 1276 1541 1328 vocaverant.
1603 1273 1793 1330 Crevit
1841 1273 2034 1345 itaque

421 1377 586 1437 puer,
619 1364 678 1415 et
701 1361 936 1416 effectus
975 1363 1061 1414 est
1117 1363 1238 1415 tam
1294 1363 1409 1416 Deo
1475 1380 1651 1435 quam
1702 1362 2035 1418 hominibus

425 1451 652 1506 charus.
711 1450 844 1504 Erat
877 1451 1072 1504 autem
1106 1449 1372 1521 quaedam
1412 1452 1622 1523 regalis
1675 1451 1732 1506 in
1781 1450 2033 1507 confinio

427 1538 692 1609 ejusdem
717 1537 941 1608 praefati
972 1537 1076 1592 viri
1105 1537 1310 1604 insula,
1341 1539 1580 1611 antiquo
1603 1540 1917 1594 vicinorum
1944 1556 2036 1594 vo-

425 1627 629 1682 cabulo
664 1626 956 1681 Glastonia
997 1629 1346 1697 nuncupata,
1378 1627 1502 1681 latis
1527 1629 1786 1681 locorum
1807 1627 2033 1682 dimen-

424 1731 488 1770 sa
516 1712 754 1779 sinibus,
789 1713 1026 1784 piscosis
1083 1715 1244 1786 aquis
1285 1715 1652 1786 stagneisqne
1706 1715 2038 1770 circumdu-

427 1805 519 1858 cta
555 1800 908 1868 ﬂuminibus,
971 1805 1028 1856 et
1078 1801 1340 1874 plurimis
1391 1803 1664 1860 humanae
1699 1803 2035 1874 indigentiae

427 1895 564 1964 apta
594 1891 807 1958 usibus,
833 1895 1009 1964 atque
1041 1893 1216 1948 sacris
1242 1893 1425 1964 (quod
1457 1894 1775 1948 maximum
1801 1894 1908 1963 est)
1936 1892 2034 1948 Dei

429 1980 618 2056 dicata
647 1980 1000 2035 muneribus.
1033 1982 1094 2036 In
1125 1998 1194 2036 ea
1231 1981 1518 2053 siquidem
1561 1981 1736 2054 ipsius
1766 1983 1891 2038 loca
1919 1983 2034 2054 pri-

430 2069 511 2124 mi
542 2068 837 2124 catholicaz
868 2069 1010 2141 legis
1041 2069 1315 2141 neophyti
1347 2071 1649 2142 antiquam
1669 2075 1780 2141 (l7)
1809 2072 1924 2126 Deo
1958 2071 2038 2126 di-

428 2161 620 2213 ctante
651 2160 994 2228 repererunt
1025 2158 1348 2226 ecclesiam,
1379 2161 1537 2215 nulla
1576 2160 1881 2215 hominum
1913 2162 2035 2215 arte

429 2247 844 2314 constructam,
877 2245 998 2302 imo
1056 2247 1329 2302 humana:
1387 2247 1554 2302 saluti
1601 2249 1819 2303 cmlitus
1876 2266 2039 2320 para-

363 2331 371 2338 ’
428 2338 589 2390 tam:
625 2351 800 2407 quam
822 2335 1197 2406 postmodum
1237 2336 1357 2406 ipse
1403 2337 1678 2392 ccelorum
1710 2337 2040 2392 Fabricator

431 2421 627 2478 multis
658 2422 1072 2478 miraculorum
1099 2423 1274 2494 gestis
1303 2423 1610 2495 multisque
1632 2425 2038 2495 mysteriorum

431 2509 759 2579 virtutibus,
787 2511 937 2566 hanc
974 2511 1080 2566 sibi
1107 2515 1436 2582 sanctasque
1459 2511 1725 2582 genitrici
1770 2531 1885 2568 suae
1917 2515 2036 2568 Ma-

430 2597 534 2653 riae
590 2601 987 2654 consecratam
1041 2599 1166 2654 fore
1221 2599 1656 2654 demonstravit.
1693 2601 1828 2655 lluic
1858 2600 2036 2655 etiam

431 2685 588 2740 aliud
613 2686 961 2742 addiderunt
990 2703 1166 2758 Opere
1188 2687 1481 2760 lapideum
1515 2687 1855 2755 oratorium,
1881 2689 2038 2760 quod

435 2771 657 2828 Christo
689 2774 926 2844 ejusque
957 2775 1216 2844 apostolo
1262 2775 1319 2829 S.
1382 2776 1552 2830 Petro
1604 2775 2033 2830 dedicaverunt.

431 2863 614 2917 Porro
646 2860 853 2915 dehinc
875 2861 1271 2918 universorum
1303 2863 1752 2936 circumquaque
1779 2864 2036 2919 fidelium

432 2949 760 3022 frequentia
789 2949 1035 3018 colebat,
1063 2954 1122 3004 et
1146 2952 1276 3022 jam
1307 2953 1474 3007 dictae
1505 2953 1702 3008 insulae
1723 2953 2039 3026 pretiosum

433 3037 629 3092 locum
669 3030 966 3092 humiliter
994 3039 1419 3111 frequentabat.
1483 3041 1742 3112 Contigit
1771 3059 1910 3113 ergo
1936 3041 2041 3096 hu-

427 3123 756 3198 juscemodi
786 3126 966 3182 causis
995 3128 1332 3200 praedictum
1393 3129 1579 3185 virum
1635 3130 2042 3198 Heorstanum,

2157 739 2426 795 Cladibus
2446 739 2534 794 his
2558 740 2738 795 fessus
2757 738 3140 794 committitur
3163 741 3222 794 et
3236 737 3466 794 mulieri

2153 828 2416 895 Cuidam,
2441 846 2567 900 quae
2581 832 2780 884 tereno
2805 831 2940 882 tunc
2959 827 3354 900 suppeditaret
3378 827 3633 897 alumno,

2147 917 2216 972 Et
2248 933 2443 972 curam
2467 919 2697 987 gereret
2725 917 2830 972 sub
2855 933 2924 971 ea
2949 933 3022 971 ne
3052 918 3210 989 peste
3238 915 3474 988 periret.

2138 1007 2214 1060 At
2245 1008 2570 1061 memorata
2596 1005 2715 1061 lues
2747 1022 2992 1078 puerum
3021 1021 3194 1077 super
3214 1005 3332 1060 alta
3350 1005 3679 1076 premebat,

2141 1094 2213 1149 Ut
2247 1095 2403 1149 velut
2428 1094 2709 1150 exanimis
2725 1094 2997 1164 jacuisset
3037 1094 3114 1150 ad
3141 1093 3346 1150 ultima
3372 1097 3605 1152 stratus.

2143 1182 2424 1238 Omnibus
2451 1187 2507 1237 et
2535 1183 2812 1238 membris
2833 1182 2999 1238 ﬁeret
3011 1181 3172 1254 quasi
3191 1182 3319 1254 jam
3339 1181 3678 1238 moriturus.

2151 1273 2408 1344 Cumque
2437 1271 2532 1326 diu
2565 1271 2642 1325 sic
2664 1272 2817 1326 mole
2837 1271 2974 1326 mali
3003 1273 3340 1343 gravaretur
3362 1269 3585 1342 operti;

2145 1362 2534 1433 Ecccrepcnte
2561 1377 2800 1415 movens
2821 1359 3005 1426 abiit“
3020 1359 3466 1432 8),propereque
3477 1359 3757 1431 resurgit,

2136 1449 2361 1504 Fustcm
2395 1466 2461 1504 ac
2495 1449 2821 1504 surculeum
2847 1447 3040 1520 rapuit
3067 1452 3201 1503 tunc
3222 1448 3372 1503 forte
3389 1451 3696 1522 repertum
3739 1465 3756 1517 ;

2144 1537 2267 1602 Quo
2299 1554 2430 1593 cum
2455 1537 2780 1608 percutiens
2806 1537 3091 1592 ambabus
3119 1536 3378 1608 partibus
3406 1553 3597 1604 auras,

2137 1627 2186 1680 A
2216 1626 2450 1681 canibus
2469 1625 2681 1682 rabidis
2709 1624 2872 1697 quasi
2889 1642 2950 1680 se
2986 1624 3346 1692 defenderet,
3374 1624 3518 1682 ibat.

2139 1714 2229 1769 Sic
2244 1731 2474 1786 quoque
2493 1717 2661 1769 nocte
2682 1713 2876 1768 ferunt
2893 1717 2954 1768 ut
2976 1713 3050 1768 ad
3064 1729 3242 1786 usque
3265 1713 3534 1785 peribola
3547 1713 3760 1784 templi

2137 1801 2432 1872 Solivagns
2463 1805 2822 1874 properaret,
2855 1803 2915 1856 et
2936 1799 3072 1856 inde
3097 1800 3321 1856 veniret
3337 1800 3413 1856 ad
3432 1801 3580 1856 altos

2138 1893 2418 1948 Ascensus
2433 1889 2744 1963 graduum,
2767 1905 2882 1961 quo
2907 1889 3184 1944 scandere
3231 1905 3462 1944 summa
3484 1889 3764 1945 solebant

2141 1981 2401 2037 Artiﬁces
2422 1996 2686 2050 operum,
2720 1977 2816 2050 qui
2838 1993 2971 2032 cum
2998 1976 3327 2032 discrimine
3357 1977 3570 2050 grandi

2138 2069 2335 2142 Ipsius,
2373 2070 2486 2124 heu
2523 2065 2751 2122 timidi!
2787 2069 2981 2121 texere
3009 2065 3311 2121 cacumina
3340 2065 3568 2137 templi.

2140 2158 2348 2224 lllic,ut
2363 2155 2899 2222 validus,summam
2923 2152 3332 2208 conscenditin
3355 2169 3574 2220 arcem,

2139 2248 2208 2302 Et
2235 2245 2407 2301 nimis
2439 2245 2665 2300 incaute
2696 2259 2868 2314 super
2897 2243 3002 2297 hac
3031 2241 3190 2298 stetit
3212 2245 3386 2314 atque
3411 2241 3649 2298 meavit.

2144 2335 2256 2392 Sed
2279 2333 2514 2389 Domini
2544 2331 2727 2405 pietas
2748 2330 2936 2402 rapuit
2973 2329 3046 2385 de
3075 2330 3441 2401 fastigiorum

2140 2423 2377 2479 Casibus
2395 2421 2705 2483 insontem;
2731 2435 2951 2492 ponens
2973 2435 3202 2490 quoque
3221 2417 3355 2474 inde
3376 2417 3656 2474 deorsum

2146 2512 2501 2568 Incolumem
2535 2508 2834 2575 membris,
2867 2509 3108 2572 salvum,
3141 2523 3467 2578 sanumque
3495 2507 3756 2562 locatum

2137 2603 2298 2656 Intus
2322 2599 2379 2652 in
2401 2598 2511 2652 hoc
2537 2597 2692 2651 idem
2722 2596 3026 2666 templum,
3075 2594 3148 2650 de
3193 2594 3447 2650 culmine
3472 2597 3708 2650 vectum
3741 2611 3754 2662 ;

2147 2690 2270 2754 Quo
2293 2689 2405 2743 duo
2429 2686 2692 2742 custodes
2720 2685 2937 2756 pariter
2968 2684 3040 2740 de
3071 2700 3236 2739 more
3263 2683 3578 2751 cubabant,

2149 2781 2220 2836 Ut
2249 2778 2418 2833 simul
2444 2777 2594 2830 inter
2621 2791 2718 2829 eos
2741 2775 3010 2846 pausaret
3039 2773 3241 2828 tertius
3271 2771 3386 2828 ille.

2143 2870 2266 2939 lpse
2299 2870 2492 2920 tamen
2527 2861 2785 2929 nescivit,
2817 2879 2933 2934 qua
2961 2861 3189 2917 ratione
3220 2861 3464 2928 veniret,

2142 2956 2474 3026 Excogitare
2488 2950 3062 3022 modum,vivensqne
3078 2950 3182 3004 sub
3195 2949 3409 3004 aethere
3423 2949 3756 3023 quisquam.

2146 3043 2300 3100 Ostia
2329 3059 2465 3097 nam
2499 3039 2699 3112 templi
2732 3038 2872 3094 nulli
2900 3042 3136 3110 patuere
3167 3037 3412 3105 meanti,

2143 3131 2340 3188 Arcuit
2369 3133 2454 3186 ast
2483 3128 2690 3184 eadem
2715 3127 2936 3182 ferrum
2973 3126 3077 3181 sub
3107 3125 3321 3181 cortice
3371 3126 3583 3182 durum
3613 3130 3758 3195 (19).

440 3215 756 3271 comitante
787 3233 981 3272 secum
1003 3217 1172 3272 beato
1205 3233 1384 3290 puero
1432 3219 1755 3286 Dunstano,
1803 3219 2042 3273 transire
2070 3217 2122 3282 C
2145 3221 2372 3294 Optime
2401 3234 2552 3273 nunc
2582 3219 2781 3281 lector,
2814 3213 2985 3269 celeri
3014 3231 3284 3269 sermone
3307 3213 3514 3282 fatere,

441 3303 817 3368 Glastoniam,
852 3309 910 3359 et
935 3322 1066 3360 cum
1093 3305 1234 3360 inibi
1261 3323 1430 3361 causa
1448 3306 1723 3361 orationis
1742 3311 2042 3378 pernocta-

439 3393 728 3460 rent,ecce
749 3393 936 3448 suavis
953 3393 1054 3448 imi
1069 3395 1290 3466 seporis
1304 3394 1528 3450 felicem
1545 3395 1764 3450 obtexit
1784 3395 2044 3466 pausatio

441 3497 684 3554 puerum
705 3482 960 3555 viditque
992 3483 1195 3538 mentis
1229 3501 1458 3538 excessu
1500 3485 1814 3556 quemdam
1846 3500 2047 3538 senem

442 3568 606 3624 niveo
637 3570 889 3626 candore
919 3573 1208 3641 vestitum,
1233 3589 1335 3644 per
1365 3589 1666 3627 amoenase
1681 3573 1826 3626 sacri
1849 3571 2048 3643 templi

443 3656 588 3713 atria
601 3658 1003 3728 ducentem,ac
1019 3662 1338 3716 monastica
1357 3661 1618 3728 aedificia,
1643 3679 1772 3733 qua:
1797 3665 1925 3732 post
1945 3678 2050 3732 per

442 3746 566 3817 ejus
597 3751 950 3820 pastoratum
985 3750 1325 3805 aedificanda
1351 3750 1604 3816 fuerant,
1641 3749 2046 3804 demonstran-

446 3835 587 3904 tem,
615 3852 683 3891 eo
707 3837 910 3892 ordine
941 3856 1053 3909 quo
1076 3855 1227 3893 nunc
1250 3841 1464 3893 statuta
1494 3838 1822 3893 referuntur
1854 3839 2048 3898 fuisse.

525 3944 579 3997 4.
611 3943 819 3998 Postea
842 3960 976 4000 vero
1007 3943 1259 4016 religiosi
1287 3943 1448 4016 pueri
1477 3944 1754 3998 Dunstani
1779 3949 2053 4017 parentes

443 4037 620 4095 sacris
645 4052 780 4092 eum
820 4033 1146 4087 litterarum
1203 4032 1338 4087 otiis
1391 4035 1764 4088 contulerunt
1815 4035 2050 4090 studen-

447 4129 570 4182 tem
603 4141 618 4180 :
651 4123 741 4177 cui
767 4120 1070 4176 confestim
1101 4120 1381 4176 Dominus
1406 4124 1629 4177 tantam
1665 4123 1723 4177 in
1761 4123 1850 4178 his
1879 4123 2052 4196 largi-

447 4211 583 4268 tatis
613 4226 730 4266 snaa
759 4208 1025 4266 conferre
1055 4208 1323 4280 dignatus
1367 4213 1453 4264 est
1506 4210 1780 4283 gratiam,
1815 4215 1878 4266 ut
1909 4228 2052 4268 coae-

448 4303 654 4357 taneos
679 4314 936 4371 quosque
961 4299 1335 4370 praecelleret,
1381 4301 1440 4354 et
1499 4315 1738 4355 suorum
1789 4303 2057 4372 tempora

451 4387 774 4446 studiorum
797 4386 951 4443 facili
975 4404 1145 4443 cursu
1171 4387 1486 4444 transiliret
1513 4405 1529 4442 :

451 4476 567 4534 Sed
591 4477 746 4550 quod
768 4477 1094 4533 contulerat
1116 4476 1221 4532 sibi
1252 4476 1482 4548 signum
1510 4494 1741 4533 summa
1771 4479 2054 4551 Maiestas,

451 4568 516 4623 In
540 4565 741 4622 studiis
769 4565 906 4638 ipsis
935 4581 1110 4638 parvo
1143 4582 1245 4637 pro
1271 4581 1438 4636 posse
1464 4566 1697 4638 patebo.

454 4655 712 4728 Contigit
731 4656 886 4711 hunc
905 4655 1172 4711 laborare
1202 4653 1297 4710 diu
1329 4672 1466 4710 nam
1496 4655 1754 4710 febribus
1793 4658 1983 4726 arctis,

451 4745 522 4803 In
547 4746 777 4802 tantum
789 4747 853 4800 ut
868 4743 1167 4816 phrenesis
1176 4743 1447 4799 morbum
1463 4746 2030 4815 patereturamarum
2041 4788 2059 4818 ,

454 4836 754 4892 Inmemor
777 4836 952 4907 atque
976 4832 1064 4888 sui
1090 4848 1193 4904 per
1221 4831 1608 4887 deliramenta
1639 4850 1948 4904 nugarum,

527 4944 640 5014 (14)
667 4940 1057 4998 zE'thclstanus
1068 4937 1218 5014 patri
1240 4954 1342 4993 suo
1357 4938 1634 5014 Edwardo
1661 4941 2056 5014 seniori,anno

458 5009 564 5073 924
586 5009 838 5082 mortuo,
867 5009 1152 5066 successit.
1179 5009 1485 5082 ltapassim
1512 5027 1732 5066 omnes.
1770 5009 1966 5068 Solum
2000 5015 2059 5072 in

460 5081 1180 5156 ChronologiaSaxonica,
1217 5081 1396 5156 Bedaer
1415 5081 1673 5137 Historiae
1697 5083 2063 5156 subnexa,re-

460 5159 646 5234 feritur
672 5154 784 5234 ὲιοέ
805 5154 1135 5234 essanun!
1161 5155 1525 5234 sequentem.-

531 5229 644 5302 (l5)
664 5225 859 5302 Secuti
881 5223 1314 5302 \Yigorniensis,
1345 5224 1764 5302 Dunelmcnsis,
1787 5226 2064 5302 Westmo-

463 5292 834 5358 nasteriensis
886 5292 1224 5369 aliique_his
1282 5295 1506 5350 verbis:
1536 5292 1711 5369 Cujus
1741 5300 2062 5368 temporibus

461 5375 638 5428 oritur
661 5387 799 5443 puer
825 5367 1072 5443 strenuus
1099 5367 1414 5443 Dunstanns
1446 5369 1503 5422 in
1535 5367 1908 5443 ll’eslsaxoniw
1931 5371 2061 5438 [ini-

466 5445 578 5510 bus,
611 5438 828 5499 scilicet
856 5440 914 5494 in
947 5438 1391 5510 Somerscttensi
1423 5438 1720 5492 comitatu.

537 5507 1213 5587 (l6)_ﬂeorstunus,_aliis_
1245 5508 1548 5587 Herslanus
1577 5527 1589 5564 :
1623 5514 1695 5587 at
1716 5507 2060 5580 Cynedrydis

463 5579 609 5652 aliis,
625 5579 982 5652 'Kynedrida,
1022 5579 1331 5652 Kinedrita
1349 5585 1407 5652 et
1439 5580 1768 5652 Clu'nedrz’ta.

539 5649 650 5724 (l7)
691 5649 770 5710 De
813 5655 918 5708 hac
936 5651 1173 5724 antiqua
1191 5651 1497 5724 traditione
1525 5649 1929 5724 Glastoniensis
1956 5652 2060 5724 Ec-

466 5719 672 5791 clesiae,
709 5724 770 5778 in
800 5724 972 5792 citato
1003 5719 1445 5792 soinersettcnsi
1471 5721 1747 5792 comitatu
1774 5719 2061 5792 δίωξιθεὶ-

471 5805 598 5846 mus
617 5789 887 5846 Kalendis
904 5790 1085 5844 Martii
1101 5794 1234 5844 ante
1254 5791 1442 5844 Vitam
1464 5791 1503 5845 S
1545 5789 1765 5844 Davidis
1781 5789 2056 5861 archiepi-

2147 3311 2296 3377 Quid
2325 3307 2429 3364 tibi
2450 3305 2696 3362 veridico
2723 3304 2986 3360 videatur
3005 3303 3065 3358 in
3095 3303 3207 3358 hoc
3225 3305 3467 3374 pusione
3493 3321 3508 3359 :

2150 3400 2208 3456 Si
2238 3400 2413 3454 talem
2437 3395 2662 3451 dubites
2689 3408 2960 3464 superum
2993 3391 3383 3448 conscendere
3416 3393 3716 3466 templum
3746 3411 3762 3462 ;

2149 3489 2256 3554 Qui
2289 3489 2379 3542 hic
2409 3484 2611 3539 clausis
2634 3481 2855 3537 foribus
2888 3497 2990 3551 pro
3017 3480 3331 3535 salvatione
3355 3481 3543 3537 ruina;

2151 3577 2430 3634 Conditur
2450 3574 2508 3628 in
2524 3577 2640 3626 tem
2647 3570 2880 3642 plo,(ut)
2899 3568 3150 3624 redimat
3167 3569 3238 3623 de
3253 3569 3385 3624 labe
3410 3571 3686 3644 maligna

2149 3670 2361 3724 Postea
2385 3663 2682 3736 perplures
2711 3663 2770 3714 et
2799 3657 2993 3713 mittat
3024 3657 3098 3712 ad
3126 3658 3347 3712 aethera
3369 3662 3613 3727 turmas,

2152 3757 2438 3826 Dogmata
2467 3749 2947 3813 distribuens,nec
2973 3761 3091 3801 non
3114 3747 3384 3818 exempla
3399 3747 3766 3820 relinquens.

2152 3844 2430 3913 Exsurgat
2457 3837 2680 3912 patiens
2709 3834 2962 3902 humilis,
2989 3837 3120 3889 ruat
3147 3835 3321 3906 atque
3349 3835 3662 3907 superbus.

2155 3935 2298 3988 Nam
2331 3932 2545 4001 quanto
2574 3927 2698 3981 crat
2727 3923 3036 3978 crescendo
3067 3922 3394 3991 sublimior,
3418 3927 3585 3980 tanto
3607 3925 3762 3982 acui-

2155 4021 2288 4076 tatis
2313 4016 2548 4089 ingenio
2579 4011 2956 4084 locupletior;
2988 4015 3323 4083 quantoque
3359 4011 3619 4068 roticulis
3666 4031 3766 4070 an-

2159 4126 2366 4165 norum
2397 4102 2701 4170 maturior,
2733 4105 2894 4157 tanlo
2922 4100 3026 4155 Dei
3053 4100 3361 4156 dilectione
3401 4101 3724 4160 ferventior
3750 4121 3764 4172 ;

2157 4201 2374 4274 quanto
2409 4209 2540 4247 vero
2586 4191 2644 4245 in
2686 4188 2890 4244 divinis
2921 4188 3185 4244 laudibus
3240 4187 3545 4258 assuetior,
3600 4195 3766 4249 tanto

2156 4279 2547 4363 perseveranti
2569 4277 2766 4335 animo
2793 4276 3122 4333 instantior.

2229 4384 2279 4434 5.
2309 4369 2783 4438 Videntesitaque
2800 4367 3067 4438 parentes
3099 4367 3513 4438 praenominati
3537 4373 3768 4430 tantam

2157 4469 2242 4529 sui
2265 4459 2663 4523 excellentiam
2708 4455 2830 4521 filii,
2881 4453 3127 4526 dignum
3185 4455 3292 4512 sibi
3345 4457 3630 4516 clericalis
3662 4464 3763 4533 (20)

2084 4591 2138 4650 D
2157 4563 2485 4631 imposuere
2515 4560 2818 4642 censuram
2847 4542 3043 4610 officii,
3064 4543 3242 4616 inque
3271 4545 3498 4602 famoso
3547 4550 3764 4608 almo-

2159 4645 2346 4707 niensi
2363 4637 2621 4699 Ecclesia
2638 4631 3002 4689 sociaverunt
3020 4633 3315 4703 coenobio;
3353 4640 3649 4709 quatenus
3667 4640 3740 4696 ibi
3754 4669 3768 4681 ο

2163 4743 2297 4798 dem
2319 4736 2410 4791 die
2443 4729 2730 4796 noctuque
2769 4722 2886 4776 Deo
2913 4722 3131 4795 Deique
3155 4727 3422 4798 genitrici
3453 4729 3769 4786 deserviret

2162 4828 2642 4892 Mariae,tempore
2659 4809 2955 4866 continuo.
2979 4815 3221 4888 Jamque
3257 4817 3576 4890 disciplinis
3608 4819 3766 4876 inne-

2163 4937 2316 5010 scopi
2327 4930 2908 5010 _Mei_ie_ven_sis,_num‘._
2930 4928 3014 5009 1?.

2235 4995 2348 5079 (i8)
2369 4995 2699 5079 Adalardus'
2712 4995 3150 5079 Blandiniensis,
3167 4995 3490 5079 ςςιιὶεεεῌτῃρ
3507 4997 3767 5079 angelica,

2165 5066 2370 5136 ut'verc
2399 5076 2542 5132 credi
2567 5074 2653 5144 fas
2681 5079 2776 5139 est,
2809 5069 3010 5125 medela
3047 5069 3302 5140 pristinae
3345 5068 3516 5123 saluti
3541 5066 3622 5122 est
3651 5066 3770 5123 red-

2163 5153 2325 5206 ditus.

2237 5170 2345 5294 ὅδᾴ)
2373 5219 2532 5273 Idem
2561 5210 3076 5294 Adalardusnaddit
3136 5225 3148 5264 :
3195 5209 3280 5264 At
3322 5217 3596 5294 φαςνοηα,
3625 5208 3770 5279 cui,“

2161 5279 2304 5353 curm
2327 5279 2591 5361 aegrotans
2648 5293 2722 5339 est
2769 5283 3022 5361 creditus,
3078 5295 3243 5361 Mque
3287 5279 3359 5333 ad
3409 5288 3769 5361 transcuun

2157 5351 2337 5438 pinum
2368 5351 2633 5438 indefessa
2664 5355 2994 5438 explorarer
3022 5351 3563 5438 ςιιηειειρνφρὶςιξηε
3585 5351 3771 5438 celem

2155 5421 2402 5509 jn'odigzp
2449 5421 2610 5509 ΔΙῐὶίιιὶρ
2655 5421 3007 5509 (ac-timorum):
3069 5421 3374 5504 perhibuit:
3424 5421 3765 5509 Μιγαςκιυνη

2151 5494 2606 5580 ὶλίίιηενᾰίυίὶτιιηι,
2662 5499 2834 5580 cujus_
2863 5513 3083 5580 ωιτη-’δε
3117 5494 3242 5564 pius
3286 5500 3627 5580 pernegaret.
3659 5509 3766 5580 con-

2160 5566 2345 5634 lscz'um.
2403 5581 2570 5629 totum
2594 5566 2600 5569 ⁷
2626 5566 2834 5624 constat
2883 5566 3082 5620 uelit-us
3131 5571 3440 5635 peractum,
3495 5573 3547 5616 el
3607 5571 3764 5617 totum

2159 5653 2326 5723 [luisse
2350 5647 2644 5723 deiﬁcum.

2231 5722 2338 5793 (20,
2364 5719 2486 5783 Msa,
2517 5714 2811 5768 clerimlm,
