3900 6216
238 477 401 534 1429
1506 464 1660 519 VITA
1700 461 1946 518 SANCTI
1984 459 2349 519 DUNS’I‘ANI.
3455 473 3591 530 ,430

223 613 371 654 .xus
390 594 648 665 Deiﬁcis,
690 594 968 652 ﬂorentes
986 610 1101 650 suae
1144 589 1462 665 pubertatis
1491 608 1674 647 annos
1704 590 1885 646 evicta
1909 587 1964 646 Α
1988 585 2108 658 ipse
2140 589 2415 645 Dominus
2440 589 2499 647 in
2525 589 2834 664 Evangelia
2866 590 2981 649 ait:
3015 589 3178 649 Beati
3203 596 3347 650 eritis
3373 612 3591 654 cumcos

223 687 563 758 juventute
591 685 832 741 calcavit
853 700 866 739 :
891 686 949 738 et
966 684 1153 754 justus
1183 682 1241 735 in
1275 681 1450 736 domo
1482 680 1579 735 Dei
1608 679 1716 747 sui,
1739 679 1884 734 sicut
1984 680 2189 734 oderint
2237 681 2488 748 homines,
2536 684 2643 736 etc.
2678 681 2832 753 (Luc.
2874 700 2947 750 v1,
2997 688 3105 750 2'2).
3138 686 3204 739 Et
3236 685 3591 743 auditoribus

234 775 473 830 cedrus
502 774 730 842 Libani,
761 771 1053 845 vigoribus
1081 770 1354 825 virtutum
1404 769 1599 823 ﬂoruit
1650 784 1662 822 :
1708 767 1883 839 inque
1987 769 2101 823 suis
2127 788 2139 823 :
2170 768 2239 824 Si
2263 770 2326 823 de
2355 770 2550 823 mundo
2570 771 2822 840 fuissetis,
2856 772 3084 827 mundus
3113 774 3253 845 quod
3279 793 3437 830 suum
3478 783 3591 833 erat

236 863 474 919 divinis
504 864 800 935 plantatus
831 859 1008 925 atriis,
1040 858 1384 913 incrementi
1410 857 1495 912 sui
1536 857 1746 912 robora
1767 856 1882 910 sin-
1987 858 2263 927 diligeret;
2293 860 2419 930 quia
2446 876 2564 912 vero
2614 859 2681 912 de
2713 861 2911 915 mundo
2940 878 3045 915 non
3064 864 3208 931 estis,
3230 864 3320 918 sed
3342 881 3436 936 ego
3462 864 3595 936 elegi

240 952 414 1023 gulis
463 950 670 1007 diebus
709 949 1103 1023 protendebat
1148 948 1220 1003 ad
1258 947 1463 1002 sidera.
1510 946 1733 1001 Interea
1765 950 1883 999 tam
1986 963 2073 1000 vos
2104 947 2166 1000 (te
2195 947 2414 1013 mundo,
2438 952 2717 1017 propterea
2758 948 2867 1003 odit
2906 967 2993 1003 vos
3024 952 3254 1005 mundus
3282 953 3467 1017 (Joan.
3498 970 3588 1021 xv,

237 1057 487 1113 magna
507 1057 625 1095 sua:
648 1039 985 1095 constantiae
1011 1038 1169 1092 fama
1191 1036 1341 1107 regis
1366 1035 1423 1089 in
1442 1035 1652 1106 palatio
1678 1034 1879 1105 patuit,
1989 1036 2096 1105 19).
2144 1036 2404 1106 Itemque
2440 1053 2452 1089 :
2484 1036 2652 1090 Beati
2694 1038 2811 1089 estis
2857 1055 2978 1092 cum
3028 1040 3403 1095 inaledzlrerint
3444 1042 3592 1099 vobis

236 1133 318 1184 ut.
349 1130 535 1200 longe
563 1131 791 1200 lateque
823 1125 1145 1198 magniﬁcis
1174 1141 1371 1180 rerum
1396 1123 1767 1177 laudabilium
1796 1122 1884 1176 di-
1986 1122 2272 1190 homines,
2323 1131 2372 1177 et
2394 1126 2661 1194 persecuti
2686 1142 2775 1179 vos
2812 1127 3039 1195 fuerint,
3080 1136 3129 1183 et
3166 1129 3397 1184 dixerint
3438 1148 3616 1185 omne-

234 1219 602 1290 vulgaretur
632 1216 878 1271 indiciis.
915 1217 1038 1269 Non
1067 1217 1259 1269 autem
1292 1213 1386 1283 buj
1399 1229 1460 1266 us
1481 1211 1682 1265 mundi
1706 1227 1882 1265 vanos
1986 1210 2195 1262 malum
2227 1211 2509 1265 adcersmn
2536 1227 2647 1278 eos,
2674 1216 2980 1268 mentientes
2990 1224 3209 1287 prapter
3232 1236 3332 1274 me.
3351 1218 3590 1278 Gaudete

236 1307 548 1379 captabat
589 1305 833 1370 favores,
888 1304 988 1359 sed
1033 1303 1212 1375 capiis
1257 1302 1531 1356 virtutum
1558 1304 1881 1370 praeventus
1982 1295 2040 1349 in
2076 1297 2169 1352 illo
2203 1299 2292 1352 die
2325 1307 2373 1352 et
2402 1300 2680 1366 cxsultate,
2700 1304 2953 1373 quoniam
2977 1321 3169 1361 merces
3192 1314 3361 1362 vestra
3381 1312 3587 1380 copiosa

232 1395 420 1450 illam
450 1394 655 1449 aeterni
680 1392 849 1464 Regis
876 1391 1122 1463 gloriam
1144 1390 1385 1444 abintus
1405 1390 1686 1459 gestabat,
1703 1404 1878 1460 quam
1982 1395 2054 1441 est
2084 1389 2143 1442 in
2187 1387 2327 1442 C(B/is
2359 1386 2583 1459 (Matth.
2630 1406 2686 1455 v,
2751 1391 2858 1461 11).
2914 1392 3025 1446 Hac
3066 1410 3203 1465 ergo
3253 1412 3443 1452 servus
3484 1398 3588 1454 Dei

234 1484 361 1538 sibi
390 1483 620 1554 pollens
634 1480 939 1553 sapientia,
956 1480 1125 1534 docto
1148 1479 1327 1549 digito
1351 1477 1635 1532 donorum
1660 1477 1882 1548 spirita-
1982 1478 2311 1531 Dunstanus
2340 1475 2671 1533 ﬁrmissima
2696 1479 3003 1550 sponsione
3035 1483 3409 1553 confortatus,
3432 1488 3589 1542 velut

236 1573 428 1639 lium,
446 1570 723 1626 varietate
739 1570 915 1625 etiam
928 1568 1273 1634 studiorum,
1290 1583 1396 1620 nec
1411 1583 1526 1620 non
1542 1569 1878 1636 gemmante
1979 1563 2161 1619 homo
2194 1565 2401 1619 surdus
2432 1569 2488 1618 et
2509 1565 2669 1638 quasi
2700 1582 2899 1622 vocem
2921 1569 3339 1640 objurgationis
3359 1589 3477 1627 non
3498 1590 3590 1629 cu—

212 1663 453 1717 rnitore
466 1676 777 1717 aureorum
802 1661 1137 1724 ornatuum,
1158 1656 1406 1711 dictavit.
1428 1656 1572 1709 Nam
1596 1655 1880 1709 multasa-
1977 1669 2133 1718 rans,
2167 1652 2398 1706 effectus
2420 1657 2503 1706 est
2537 1670 2550 1707 :
2584 1671 2714 1708 cum
2732 1655 2819 1709 vix
2849 1674 3105 1728 unquam
3132 1659 3368 1715 canibus
3388 1665 3590 1718 contra

238 1766 504 1807 crorum
536 1752 594 1804 et
620 1747 945 1803 divinorum
975 1745 1332 1801 voluminum
1366 1748 1550 1816 prata,
1583 1745 1735 1797 velut
1756 1743 1878 1815 apis
1978 1755 2037 1792 se
2065 1738 2406 1793 latrantibus
2432 1741 2722 1809 aperuerit
2742 1759 2806 1795 os
2834 1759 2999 1797 suum
3028 1760 3133 1814 per
3158 1762 3373 1802 amarae
3401 1748 3590 1804 incre-

241 1838 592 1910 ingeniosa,
622 1835 699 1890 sic
718 1834 921 1906 rapido
940 1850 1105 1888 cursu
1133 1833 1354 1905 capacis
1374 1832 1591 1904 ingenii
1620 1833 1879 1902 pervola—
1910 1908 1942 1910 _
1978 1826 2229 1897 pationis
2252 1827 2568 1898 eloquium.
2586 1828 2695 1899 Ipsi
2715 1830 3409 1891 veroinmachinamento
3430 1838 3592 1892 mali-

239 1908 357 1994 vit,
374 1930 442 1981 ut
469 1927 726 1980 mentem
747 1923 936 1995 potius
966 1938 1139 1994 quam
1163 1938 1369 1993 corpus
1390 1921 1595 1975 divinis
1616 1920 1878 1975 reficeret
1908 1908 1957 1965 Β
1978 1914 2071 1968 tia:
2090 1919 2539 1984 perseverantes,
2555 1916 2844 1972 criminati
2859 1920 3167 1974 suntillum
3181 1921 3323 1977 falsa
3335 1925 3588 1994 quadam

247 2012 636 2078 lectionibus,
659 2014 717 2064 et
738 2010 1165 2080 receptaculum
1189 2008 1326 2063 casti
1352 2007 1876 2079 peetusculi,sancti
1981 2002 2308 2073 objectione
2361 2021 2556 2058 coram
2605 2022 2762 2075 rege,
2803 2006 3372 2081 impetraveruntque
3415 2016 3477 2065 ut
3514 2013 3586 2068 ab

245 2101 512 2173 Spiritus
533 2100 675 2154 ﬂatu
700 2098 1018 2170 perfusum,
1038 2100 1205 2169 gustu
1230 2100 1498 2151 nectarco
1523 2097 1725 2150 devote
1747 2113 1875 2167 sup-
1979 2107 2190 2145 eorum
2214 2092 2501 2147 consortio
2524 2095 2834 2163 pelleretur
2864 2111 2876 2149 :
2912 2112 3085 2167 quem
3113 2097 3158 2151 si
3187 2114 3341 2153 sanas
3373 2100 3588 2156 mentis

241 2189 446 2261 pleret
478 2203 732 2242 sensum.
769 2188 946 2240 Porro
980 2184 1440 2240 Hiberniensium
1470 2183 1761 2255 peregrini
1786 2185 1875 2239 lo-
1978 2183 2186 2243 essent,
2206 2179 2369 2234 unice
2389 2180 2731 2236 dilexissent.
2758 2183 2977 2237 Deinde
3004 2185 3359 2242 atrocissima
3378 2186 3584 2260 impie-

246 2292 415 2343 cum,
447 2291 624 2347 quem
657 2273 792 2342 dixi,
820 2272 1123 2328 Glastoniaz
1173 2273 1317 2326 sicut
1368 2276 1425 2327 et
1471 2275 1692 2326 caetera:
1738 2272 1874 2326 ﬁde-

245 2366 400 2421 lium
434 2364 644 2430 turbas,
677 2378 891 2433 magno
923 2362 1189 2416 colebant
1205 2360 1432 2427 affectu,
1456 2364 1513 2415 et
1530 2360 1780 2415 maxime
1800 2361 1872 2415 ob

246 2455 311 2511 Β.
346 2451 583 2508 Patricii
626 2451 738 2523 (21)
762 2450 1009 2521 junioris
1052 2450 1361 2516 honorem,
1405 2449 1502 2521 qui
1528 2449 1744 2503 faustus
1772 2449 1873 2503 ibi-

250 2542 392 2597 dem
421 2540 483 2595 in
533 2540 779 2595 Domino
811 2539 1087 2611 quievisse
1126 2541 1412 2595 narratur.
1452 2539 1667 2592 Horum
1694 2538 1871 2593 etiam

245 2630 437 2685 libros
464 2631 637 2684 recta:
667 2625 801 2682 ﬁdei
820 2626 1110 2681 tramitem
1140 2626 1612 2697 philosophantes
1633 2626 1871 2697 diligen-

246 2720 338 2773 ter
362 2716 635 2780 excoluit,
668 2716 1029 2787 aliorumque
1056 2714 1450 2787 prudentium,
1483 2732 1627 2787 quos
1676 2716 1747 2769 ab
1780 2715 1866 2769 in-

246 2807 397 2861 timo
431 2805 624 2861 cordis
654 2809 886 2876 aspectu
912 2806 1151 2859 Patrum
1180 2805 1512 2857 sanctorum
1553 2804 1866 2858 assertione

248 2894 531 2949 solidatas
549 2909 671 2948 esse
692 2893 991 2964 persensit,
1007 2891 1233 2947 solubili
1258 2908 1488 2962 semper
1516 2892 1865 2946 scrutamine

1975 2266 2108 2320 tatis
2134 2269 2575 2338 preevalescente
2605 2271 2786 2338 rabie,
2817 2272 3107 2343 rapientes
3128 2273 3419 2329 insontem
3442 2292 3582 2348 qua-

1975 2354 2191 2411 driﬁdis
2205 2358 2659 2423 membris,velut
2671 2376 2837 2413 ovem
2855 2359 3583 2437 patientem,manibusque

1974 2462 2037 2500 ac
2070 2445 2310 2518 pedibus
2337 2446 2683 2513 restrictum,
2708 2448 3077 2519 projecerunt
3100 2449 3160 2504 in
3190 2451 3471 2506 lutulenta
3488 2470 3584 2525 pa-

1979 2534 2246 2588 lustrium
2285 2535 2410 2588 loca
2444 2551 2457 2589 :
2492 2538 2548 2589 et
2579 2540 2641 2590 ut
2670 2553 2802 2590 eum
2834 2537 2890 2590 in
2922 2537 3132 2592 furoris
3174 2538 3258 2593 sui
3289 2539 3584 2596 dementia

1972 2623 2560 2695 contemptibiliorem
2595 2624 2912 2691 efﬁcerent,
2944 2626 3186 2696 pedibus
3206 2628 3580 2701 superimpri-

1972 2711 2215 2764 mebant
2233 2727 2245 2764 :
2265 2728 2581 2782 quousque,
2599 2713 2916 2767 secundum
2929 2714 3447 2770 voluntatiseorum
3464 2733 3584 2772 ma-

1970 2798 2179 2861 litiam,
2234 2799 2292 2853 in
2352 2800 2556 2854 fetenti
2603 2802 2903 2856 volutabra
2957 2802 3429 2860 dehonestarent.
3469 2804 3581 2860 Illis

1970 2889 2164 2941 autem
2192 2889 2614 2955 recedentibus,
2636 2890 2722 2943 vix
2742 2889 2859 2963 ipse
2883 2908 2912 2944 e
2928 2891 3134 2964 palude
3147 2892 3403 2947 ﬂuminis
3415 2893 3576 2965 quasi

1967 2974 2262 3046 depicatus
2283 2978 2558 3032 surrexit:
2584 2982 2642 3033 et
2672 2980 2743 3033 ad
2765 2980 3076 3052 quemdam
3102 2981 3571 3049 amicorum,uno

1966 3062 2099 3117 inde
2134 3065 2445 3119 distantem
2474 3067 2768 3135 milliaria,
2802 3072 2863 3122 ut
2887 3068 2964 3123 ibi
2988 3086 3045 3124 se
3066 3070 3344 3137 ablueret,
3378 3071 3572 3126 venire

1963 3149 2259 3221 disposuit.
2281 3154 2810 3210 Occurreruntvero
2830 3156 2908 3210 illi
2932 3174 3101 3211 canes
3123 3158 3381 3229 ejusdem
3411 3176 3568 3214 acer-

242 2982 568 3054 indagavit.
603 2984 686 3036 Ita
706 2998 838 3036 vero
866 2982 991 3035 vitae
1021 2998 1135 3035 sum
1161 2981 1416 3035 studium
1448 2981 1769 3047 coercebat,
1804 2983 1866 3034 ut

246 3071 707 3142 quotiescunque
734 3069 939 3125 divinus
970 3070 1277 3140 Scriptura:
1299 3070 1474 3124 libros
1491 3071 1859 3135 scrutaretur,

244 3161 394 3215 Deus
420 3176 555 3215 cum
585 3175 654 3213 eo
694 3158 909 3231 pariter
962 3159 1330 3229 loqueretur;
1376 3157 1600 3229 quoties
1643 3160 1858 3224 autem,

245 3247 396 3303 curis
431 3247 800 3302 saecularibus
825 3248 1063 3309 solutus,
1109 3245 1440 3300 orationum
1481 3245 1609 3299 otiis
1643 3246 1855 3299 mulce-
1895 3237 2092 3292 urimi
2129 3256 2140 3293 ε
2177 3241 2537 3311 etquoniam
2586 3244 2705 3297 luto
2752 3244 3145 3316 deturpatum,
3179 3246 3364 3317 magis
3398 3265 3570 3303 mon-

244 3336 437 3403 batur,
470 3336 593 3407 ipse
621 3352 753 3391 cum
782 3334 1029 3390 Domino
1060 3335 1277 3406 pariter
1304 3334 1411 3387 fari
1442 3333 1748 3391 videretur,
1958 3331 2141 3380 strum
2172 3344 2346 3398 quam
2382 3329 2683 3384 hominem
2713 3335 3079 3401 putaverunt,
3113 3334 3329 3389 crudeli
3356 3336 3567 3391 latratu

315 3428 367 3479 6,
402 3424 586 3497 Igitur
615 3425 755 3479 dum
801 3424 927 3478 hac
972 3422 1235 3478 exercitia
1267 3423 1556 3477 bonorum
1613 3439 1855 3493 operum
1956 3416 2108 3469 hunc
2137 3416 2501 3472 invaserunt:
2532 3422 2727 3473 tamen
2760 3423 2821 3473 ut
2850 3420 3201 3475 blandientis
3228 3439 3429 3477 vocem
3462 3441 3561 3480 au-

244 3531 439 3570 secum
463 3516 799 3585 agerentur,
815 3512 1075 3568 nonnulli
1096 3511 1464 3583 propriorum
1494 3512 1774 3565 sodalium
1798 3514 1855 3566 et
1958 3506 2205 3572 diernnt,
2241 3522 2372 3561 mox
2402 3508 2563 3578 (esse)
2598 3507 2746 3561 illius
2772 3525 2838 3562 ex
2874 3525 2942 3563 eo
2986 3511 3395 3566 tantummodo
3422 3512 3562 3567 reti-

243 3602 663 3673 palatinorum,
697 3604 820 3655 tum
852 3617 1027 3672 quam
1062 3600 1311 3654 maxime
1340 3616 1473 3653 vero
1505 3600 1849 3670 consangui-
1953 3600 2145 3650 centes
2175 3600 2553 3665 agnoverunt.
2592 3597 2746 3651 Tunc
2777 3597 2869 3651 ille
2912 3614 3106 3651 secum
3156 3615 3224 3654 ex
3264 3600 3567 3671 profundo

244 3706 490 3746 neorum
517 3706 777 3756 suorum,
798 3689 893 3761 qui
920 3688 1225 3744 salutiferis
1250 3688 1468 3741 actibus
1490 3689 1610 3757 ejus
1630 3688 1846 3744 invide-
1952 3684 2140 3739 cordis
2170 3684 2410 3757 suspirio
2446 3684 2851 3757 ingemiscens,
2884 3685 2962 3739 ait
2996 3703 3007 3739 :
3042 3686 3084 3741 Ο
3122 3703 3270 3742 smva
3314 3688 3557 3759 propin-

242 3780 401 3847 bant,
420 3782 636 3834 sancte
649 3777 829 3832 vinea:
847 3778 1023 3832 vitem
1040 3776 1481 3850 palmitemque,
1506 3777 1579 3831 ad
1598 3779 1848 3834 coelestia
1950 3791 2198 3846 quorum
2232 3792 2495 3830 meorum
2527 3774 2773 3843 vesania,
2800 3774 2855 3828 in
2887 3773 3157 3829 caninam
3183 3774 3461 3832 saevitiam
3482 3777 3553 3833 de

243 3884 423 3941 regna
454 3866 817 3934 tendentem,
843 3867 1078 3920 beatum
1109 3865 1372 3920 videlicet
1395 3866 1755 3921 Dunstanum
1785 3868 1845 3922 in
1948 3863 2269 3919 dilectionis
2284 3864 2643 3921 humanitate
2678 3863 2932 3918 mutata!
2967 3865 3109 3917 Nam
3141 3863 3553 3921 irrationabilis

246 3957 464 4012 Christo
476 3956 817 4028 pollentem,
839 3954 1048 4026 linguis
1061 3954 1240 4008 acutis
1265 3955 1619 4026 serpentium
1638 3958 1846 4011 morsi-
1947 3974 2157 4013 canum
2182 3960 2389 4010 natura
2416 3952 2790 4008 humanitatis
2816 3952 2957 4007 mihi
2978 3953 3345 4010 dilectionem
3368 3957 3553 4012 cauda

242 4045 459 4117 busque
494 4044 755 4098 dirarum
786 4043 1067 4106 dentium,
1105 4046 1164 4097 ut
1192 4042 1335 4096 hirci
1365 4042 1617 4113 setigeri,
1640 4046 1846 4100 rodere
1946 4045 2270 4101 blandienti
2304 4044 2558 4100 exhibuit
2588 4060 2600 4098 :
2635 4042 3033 4116 propinquitas
3063 4061 3196 4099 vero
3225 4045 3551 4102 humanita-

242 4131 1845 4206 velpraacidereconatisunt.Conﬂabantenimsublivido
1946 4135 2018 4188 tis
2059 4134 2255 4200 oblita,
2307 4150 2517 4189 canum
2565 4132 2709 4187 mihi
2757 4132 3155 4188 infestantium
3184 4133 3549 4191 severitatem

242 4224 403 4277 antro
451 4220 670 4277 neevosi
710 4221 957 4291 pectoris
976 4220 1337 4293 inopinatam
1360 4220 1416 4273 in
1443 4235 1575 4273 eum
1593 4220 1845 4276 scabiem
1946 4222 2224 4290 inseruit;
2257 4222 2336 4276 sic
2364 4223 2660 4296 improbus
2685 4222 2824 4278 ordo
2855 4223 3163 4279 amborum
3192 4222 3252 4279 in
3292 4224 3549 4298 utrisque

243 4310 548 4377 mendacii,
586 4310 842 4365 dicentes
899 4310 1061 4365 illum
1111 4326 1177 4363 ex
1227 4308 1386 4363 libris
1415 4309 1757 4364 salutaribus
1786 4314 1845 4365 et
1944 4310 2189 4364 mutavit
2209 4310 2427 4381 justam
2457 4311 2631 4366 viam.

241 4398 368 4454 viris
395 4398 617 4470 peritis,
665 4415 784 4453 non
826 4398 992 4453 saluti
1024 4397 1353 4453 animarum
1384 4397 1706 4470 profutura,
1739 4399 1840 4453 sed
2583 4404 2806 4460 CAPUT
2832 4406 2901 4462 II.

242 4487 399 4543 avitze
429 4487 771 4560 gentilitatis
814 4486 1122 4542 vanissima
1166 4486 1426 4541 didicisse
1469 4485 1746 4553 carmina,
1781 4489 1840 4542 et
1939 4487 2316 4571 Moaqc'ha'tlus'
2356 4488 2804 4571 S.._Duns‘tani._
2837 4492 2997 4549 Gesta
3066 4499 3117 4571 et
3178 4494 3305 4565 pius
3346 4493 3548 4571 -obitus

240 4558 605 4632 historiarum
631 4576 862 4631 frivolas
892 4577 1080 4631 colere
1111 4575 1570 4631 incantationum
1597 4575 1835 4634 naanias.
2008 4559 2103 4613 1E
2108 4558 2362 4626 mel/led“?
2385 4561 2576 4617 vidua-"-
2607 4563 2921 4635 Antllvhona
2947 4583 3010 4619 ex
3024 4558 3473 4637 Citha7:aP"Olatao

243 4666 371 4721 Iluic
399 4668 597 4745 autem
637 4664 842 4720 morbo
878 4664 1165 4720 mendacii
1210 4665 1409 4719 beatus
1450 4665 1560 4719 tiro
1608 4682 1839 4736 semper
1866 4667 1917 4725 D
2012 4672 2066 4722 7.
2094 4666 2380 4720 Intellexit
2402 4666 2576 4736 igitur
2604 4668 2699 4724 ille
2731 4671 2911 4727 avitus
2929 4672 3544 4746 humanigenerismi-

243 4754 522 4810 Christum
560 4744 859 4826 apposuit,
910 4752 1007 4825 qui
1048 4753 1269 4817 omnia,
1317 4755 1630 4824 antequam
1673 4753 1835 4822 ﬁant,
1940 4753 2139 4820 micus,
2173 4757 2564 4809 memoratum
2579 4755 2880 4826 juvenem,
2909 4779 3014 4833 per
3039 4744 3296 4818 sinistros
3314 4762 3547 4818 nuntios

241 4843 427 4897 novit:
461 4840 522 4895 in
545 4841 707 4911 cujus
736 4857 985 4912 persona
1008 4840 1294 4912 benignus
1324 4842 1607 4912 propheta
1637 4842 1835 4909 David,
1939 4842 2267 4897 invidorum
2298 4842 2582 4898 sodalium
2617 4860 2760 4914 quos
2786 4846 3043 4917 miserat,
3076 4850 3265 4921 pravis
3280 4852 3546 4906 volunta-

241 4933 292 4984 et
308 4928 672 4985 fidelissimus
690 4929 811 5000 ejus
829 4928 1011 4995 testis,
1034 4930 1266 4983 oraculo
1304 4932 1627 4999 praeventus
1659 4929 1834 5003 Spiri-
1940 4931 2091 4985 tibus
2112 4930 2224 4985 suis
2249 4947 2454 5001 parum
2472 4931 2723 4999 cessisse,
2740 4934 2947 5004 quibus
2976 4936 3031 4991 in
3062 4954 3197 4993 eum
3217 4938 3543 4995 insidianti-

240 5021 318 5073 tus
349 5018 552 5085 sancti,
598 5017 657 5072 in
708 5018 879 5073 falsos
919 5021 1183 5074 auctores
1211 5017 1527 5073 Dominicis
1556 5018 1837 5091 passionis
1938 5021 2043 5074 bus
2064 5018 2241 5073 armis
2262 5018 2540 5081 dimicare
2568 5017 2885 5089 inchoavit;
2918 5023 3017 5077 sed
3043 5029 3260 5096 quanta
3289 5027 3399 5083 sibi
3422 5030 3546 5083 ten-

239 5105 609 5179 itainquiens,
632 5105 739 5160 ait:
765 5104 1177 5161 Insurrexerunt
1199 5108 1255 5160 in
1280 5124 1362 5161 me
1393 5114 1539 5162 testes
1565 5109 1759 5180 iniqui,
1787 5114 1837 5163 et
1940 5111 2334 5164 tamentorum
2367 5108 2680 5163 luctamina
2721 5108 3044 5180 ingesserit,
3089 5130 3336 5186 sequens
3364 5116 3543 5174 libelli

238 5197 445 5250 mentita
459 5201 537 5249 est
558 5196 831 5267 iniquitas
856 5195 1149 5267 sibi(Psal.
1174 5212 1328 5264 xxvr,
1368 5197 1475 5270 l2).
1497 5198 1564 5251 Et
1580 5196 1789 5251 iterum
1818 5213 1831 5250 :
1936 5199 2106 5270 hujus
2119 5199 2332 5271 pagina
2344 5197 2554 5270 partim
2569 5197 3151 5256 intimabit.Primum
3165 5203 3321 5258 enim
3334 5207 3544 5263 mulie-

241 5283 335 5351 Qui
358 5283 666 5357 quaerebant
717 5285 856 5338 mihi
894 5283 1064 5352 mala,
1106 5285 1274 5341 locuti
1316 5293 1443 5340 sunt
1472 5288 1752 5353 vanitates,
1787 5291 1835 5339 et
1936 5306 2067 5345 rum
2094 5288 2174 5343 illi
2206 5286 2707 5359 injecitamorem,
2740 5303 2852 5359 quo
2883 5302 2986 5358 per
3011 5287 3318 5345 familiares
3334 5294 3541 5350 mulie-

238 5373 363 5428 dolos
420 5378 531 5428 tota
588 5371 674 5429 die
721 5373 1120 5429 meditabantur
1148 5372 1324 5447 (Psal.
1364 5392 1573 5439 xxxvn,
1619 5378 1729 5447 l3).
1768 5376 1836 5428 Et
1937 5395 2068 5433 rum
2091 5380 2386 5451 amplexus
2412 5376 2726 5432 mundanis
2764 5376 3200 5432 oblectamentis
3228 5378 3537 5438 frueretur.

299 5566 404 5639 (21)
429 5566 809 5643 Jocelinusin
832 5567 965 5643 Yita
995 5568 1052 5624 S.
1104 5570 1334 5625 Patricii
1363 5574 1607 5643 apostoli
1634 5575 1833 5631 Hiber-

241 5637 395 5710 niosa
416 5638 585 5694 nobis
611 5643 673 5710 l7
703 5639 884 5693 Martii
909 5639 1212 5708 illustrata,
1247 5637 1416 5697 num:
1438 5646 1557 5710 163,
1591 5663 1832 5703 enume-

244 5712 320 5763 rat
345 5709 495 5764 inter
534 5708 703 5780 hujus
728 5710 1027 5781 disci'pulos,
1073 5714 1168 5784 qui
1203 5713 1316 5784 ejus
1345 5715 1488 5768 Acta
1517 5708 1831 5790 conscripse-

1936 5583 2081 5643 runt,
2107 5574 2169 5631 S.
2202 5574 2506 5631 Patricium
2549 5574 2777 5647 ﬁliolum
2806 5575 2939 5646 ejus,
2971 5574 3091 5647 qui,
3114 5580 3234 5647 post
3273 5573 3537 5631 decessum

1925 5650 2116 5720 patrui
2150 5649 2234 5701 sui
2250 5647 2602 5720 Britanniam
2636 5666 2889 5716 remeans,
2925 5649 2980 5702 in
3006 5648 3128 5718 fata
3156 5647 3369 5704 decessit
3396 5655 3445 5701 et
3480 5650 3538 5703 in

1935 5718 2302 5775 Glastoniensi
2321 5718 2541 5775 ecclesia
2569 5722 2803 5794 sepultus
2831 5728 2904 5775 est
2931 5721 3233 5791 honoriﬁce.
