  <div class='ocr_page' id='page_1' title='image "/cluster/home/n/w/nwhite01/storage/ocr_20150623/139/uva.x000829787/725.png"; bbox 0 0 3900 6216; ppageno 0'>
   <div class='ocr_carea' id='block_1_1' title="bbox 424 511 559 568">
    <p class='ocr_par' dir='ltr' id='par_1_1' title="bbox 424 511 559 568">
     <span class='ocr_line' id='line_1_1' title="bbox 424 511 559 568; baseline -0.007 0"><span class='ocrx_word' id='word_1_1' title='bbox 424 511 447 568; x_wconf 82' lang='grc'><strong>1</strong></span> <span class='ocrx_word' id='word_1_2' title='bbox 460 514 559 568; x_wconf 65' lang='grc'><strong>435</strong></span> 
     </span>
    </p>
   </div>
   <div class='ocr_carea' id='block_1_2' title="bbox 1460 502 2696 564">
    <p class='ocr_par' dir='ltr' id='par_1_2' title="bbox 1460 502 2696 564">
     <span class='ocr_line' id='line_1_2' title="bbox 1460 502 2696 564; baseline -0.001 -4"><span class='ocrx_word' id='word_1_3' title='bbox 1460 505 1829 562; x_wconf 80' lang='lat' dir='ltr'><strong>BRIDFERTI</strong></span> <span class='ocrx_word' id='word_1_4' title='bbox 1866 503 2317 564; x_wconf 75' lang='lat' dir='ltr'><strong>RAMESIENSIS</strong></span> <span class='ocrx_word' id='word_1_5' title='bbox 2364 502 2696 560; x_wconf 77' lang='lat' dir='ltr'><strong>MONACHI.</strong></span> 
     </span>
    </p>
   </div>
   <div class='ocr_carea' id='block_1_3' title="bbox 3619 509 3741 566">
    <p class='ocr_par' dir='ltr' id='par_1_3' title="bbox 3619 509 3741 566">
     <span class='ocr_line' id='line_1_3' title="bbox 3619 509 3741 566; baseline 0.033 -3"><span class='ocrx_word' id='word_1_6' title='bbox 3619 509 3741 566; x_wconf 70' lang='lat' dir='ltr'><strong>H36</strong></span> 
     </span>
    </p>
   </div>
   <div class='ocr_carea' id='block_1_4' title="bbox 428 625 3744 704">
    <p class='ocr_par' dir='ltr' id='par_1_4' title="bbox 428 625 3744 704">
     <span class='ocr_line' id='line_1_4' title="bbox 428 625 3744 704; baseline -0.001 -13"><span class='ocrx_word' id='word_1_7' title='bbox 428 634 500 692; x_wconf 88' lang='lat' dir='ltr'><strong>de</strong></span> <span class='ocrx_word' id='word_1_8' title='bbox 529 631 666 691; x_wconf 86' lang='lat' dir='ltr'><strong>sein</strong></span> <span class='ocrx_word' id='word_1_9' title='bbox 706 633 875 691; x_wconf 86' lang='lat' dir='ltr'><strong>nocte</strong></span> <span class='ocrx_word' id='word_1_10' title='bbox 899 629 1011 689; x_wconf 87' lang='lat' dir='ltr'><strong>hoc</strong></span> <span class='ocrx_word' id='word_1_11' title='bbox 1042 629 1101 687; x_wconf 89' lang='lat' dir='ltr'><strong>in</strong></span> <span class='ocrx_word' id='word_1_12' title='bbox 1132 629 1224 687; x_wconf 89' lang='lat' dir='ltr'><strong>die</strong></span> <span class='ocrx_word' id='word_1_13' title='bbox 1253 630 1514 688; x_wconf 84' lang='lat' dir='ltr'><strong>futurum</strong></span> <span class='ocrx_word' id='word_1_14' title='bbox 1547 630 1692 702; x_wconf 86' lang='lat' dir='ltr'><strong>(erat</strong></span> <span class='ocrx_word' id='word_1_15' title='bbox 1711 629 2028 703; x_wconf 88' lang='lat' dir='ltr'><strong>ostensum)</strong></span> <span class='ocrx_word' id='word_1_16' title='bbox 2053 635 2108 694; x_wconf 77' lang='grc' dir='ltr'><strong>Α</strong></span> <span class='ocrx_word' id='word_1_17' title='bbox 2133 629 2233 686; x_wconf 88' lang='lat' dir='ltr'><strong>Dei</strong></span> <span class='ocrx_word' id='word_1_18' title='bbox 2259 631 2378 686; x_wconf 89' lang='lat' dir='ltr'><strong>Deo</strong></span> <span class='ocrx_word' id='word_1_19' title='bbox 2401 630 2644 686; x_wconf 88' lang='lat' dir='ltr'><strong>reddere</strong></span> <span class='ocrx_word' id='word_1_20' title='bbox 2677 625 2968 686; x_wconf 75' lang='lat' dir='ltr'><strong>festinavit</strong></span> <span class='ocrx_word' id='word_1_21' title='bbox 3006 626 3192 700; x_wconf 73' lang='grc' dir='ltr'><strong>(Μαιή</strong></span> <span class='ocrx_word' id='word_1_22' title='bbox 3220 645 3359 700; x_wconf 85' lang='lat' dir='ltr'><strong>xxu,</strong></span> <span class='ocrx_word' id='word_1_23' title='bbox 3396 631 3515 704; x_wconf 77' lang='lat' dir='ltr'><strong>2t).</strong></span> <span class='ocrx_word' id='word_1_24' title='bbox 3546 630 3744 690; x_wconf 86' lang='lat' dir='ltr'><strong>Simili-</strong></span> 
     </span>
    </p>
   </div>
   <div class='ocr_carea' id='block_1_5' title="bbox 427 720 2028 795">
    <p class='ocr_par' dir='ltr' id='par_1_5' title="bbox 427 720 2028 795">
     <span class='ocr_line' id='line_1_5' title="bbox 427 720 2028 795; baseline -0.001 -17"><span class='ocrx_word' id='word_1_25' title='bbox 427 722 632 778; x_wconf 88' lang='lat' dir='ltr'><strong>ordine</strong></span> <span class='ocrx_word' id='word_1_26' title='bbox 664 739 777 795; x_wconf 89' lang='lat' dir='ltr'><strong>quo</strong></span> <span class='ocrx_word' id='word_1_27' title='bbox 815 721 1158 795; x_wconf 63' lang='lat' dir='ltr'><strong>praedixerat</strong></span> <span class='ocrx_word' id='word_1_28' title='bbox 1199 720 1514 776; x_wconf 82' lang='lat' dir='ltr'><strong>certissime</strong></span> <span class='ocrx_word' id='word_1_29' title='bbox 1558 721 1868 792; x_wconf 80' lang='lat' dir='ltr'><strong>complevit</strong></span> <span class='ocrx_word' id='word_1_30' title='bbox 1900 738 1916 788; x_wconf 89' lang='lat'><strong>;</strong></span> <span class='ocrx_word' id='word_1_31' title='bbox 1949 721 2028 776; x_wconf 88' lang='lat' dir='ltr'><strong>ita</strong></span> 
     </span>
    </p>
   </div>
   <div class='ocr_carea' id='block_1_6' title="bbox 425 808 2032 882">
    <p class='ocr_par' dir='ltr' id='par_1_6' title="bbox 425 808 2032 882">
     <span class='ocr_line' id='line_1_6' title="bbox 425 808 2032 882; baseline 0 -18"><span class='ocrx_word' id='word_1_32' title='bbox 425 809 686 882; x_wconf 89' lang='lat' dir='ltr'><strong>inquam,</strong></span> <span class='ocrx_word' id='word_1_33' title='bbox 721 814 782 865; x_wconf 90' lang='lat' dir='ltr'><strong>ut</strong></span> <span class='ocrx_word' id='word_1_34' title='bbox 811 813 939 882; x_wconf 88' lang='lat' dir='ltr'><strong>post</strong></span> <span class='ocrx_word' id='word_1_35' title='bbox 966 808 1152 864; x_wconf 64' lang='lat' dir='ltr'><strong>missas</strong></span> <span class='ocrx_word' id='word_1_36' title='bbox 1209 809 1568 880; x_wconf 78' lang='lat' dir='ltr'><strong>mysterium,</strong></span> <span class='ocrx_word' id='word_1_37' title='bbox 1623 814 1753 882; x_wconf 90' lang='lat' dir='ltr'><strong>post</strong></span> <span class='ocrx_word' id='word_1_38' title='bbox 1775 811 2032 864; x_wconf 87' lang='lat' dir='ltr'><strong>saluber-</strong></span> 
     </span>
    </p>
   </div>
   <div class='ocr_carea' id='block_1_7' title="bbox 426 897 2030 970">
    <p class='ocr_par' dir='ltr' id='par_1_7' title="bbox 426 897 2030 970">
     <span class='ocr_line' id='line_1_7' title="bbox 426 897 2030 970; baseline -0.001 -16"><span class='ocrx_word' id='word_1_39' title='bbox 426 899 641 955; x_wconf 87' lang='lat' dir='ltr'><strong>rimum</strong></span> <span class='ocrx_word' id='word_1_40' title='bbox 693 897 1057 954; x_wconf 68' lang='lat' dir='ltr'><strong>Eucharistias</strong></span> <span class='ocrx_word' id='word_1_41' title='bbox 1119 901 1372 969; x_wconf 90' lang='lat' dir='ltr'><strong>gustum,</strong></span> <span class='ocrx_word' id='word_1_42' title='bbox 1430 897 1552 968; x_wconf 89' lang='lat' dir='ltr'><strong>ipsa</strong></span> <span class='ocrx_word' id='word_1_43' title='bbox 1625 897 1843 970; x_wconf 90' lang='lat' dir='ltr'><strong>pariter</strong></span> <span class='ocrx_word' id='word_1_44' title='bbox 1898 915 2030 954; x_wconf 92' lang='lat' dir='ltr'><strong>cum</strong></span> 
     </span>
    </p>
   </div>
   <div class='ocr_carea' id='block_1_8' title="bbox 426 985 2030 1042">
    <p class='ocr_par' dir='ltr' id='par_1_8' title="bbox 426 985 2030 1042">
     <span class='ocr_line' id='line_1_8' title="bbox 426 985 2030 1042; baseline -0.001 -1"><span class='ocrx_word' id='word_1_45' title='bbox 426 985 591 1042; x_wconf 79' lang='lat' dir='ltr'><strong>finita</strong></span> <span class='ocrx_word' id='word_1_46' title='bbox 621 985 795 1042; x_wconf 87' lang='lat' dir='ltr'><strong>missa</strong></span> <span class='ocrx_word' id='word_1_47' title='bbox 821 985 999 1040; x_wconf 87' lang='lat' dir='ltr'><strong>vitam</strong></span> <span class='ocrx_word' id='word_1_48' title='bbox 1029 985 1258 1040; x_wconf 90' lang='lat' dir='ltr'><strong>felicem</strong></span> <span class='ocrx_word' id='word_1_49' title='bbox 1280 985 1339 1040; x_wconf 92' lang='lat' dir='ltr'><strong>in</strong></span> <span class='ocrx_word' id='word_1_50' title='bbox 1371 985 1618 1042; x_wconf 91' lang='lat' dir='ltr'><strong>Domino</strong></span> <span class='ocrx_word' id='word_1_51' title='bbox 1646 988 1779 1041; x_wconf 81' lang='lat' dir='ltr'><strong>Jesu</strong></span> <span class='ocrx_word' id='word_1_52' title='bbox 1809 986 2030 1041; x_wconf 88' lang='lat' dir='ltr'><strong>Christo</strong></span> 
     </span>
    </p>
   </div>
   <div class='ocr_carea' id='block_1_9' title="bbox 431 1075 644 1130">
    <p class='ocr_par' dir='ltr' id='par_1_9' title="bbox 431 1075 644 1130">
     <span class='ocr_line' id='line_1_9' title="bbox 431 1075 644 1130; baseline 0.005 -1"><span class='ocrx_word' id='word_1_53' title='bbox 431 1075 644 1130; x_wconf 82' lang='lat' dir='ltr'><strong>finiret.</strong></span> 
     </span>
    </p>
   </div>
   <div class='ocr_carea' id='block_1_10' title="bbox 424 1160 2030 1234">
    <p class='ocr_par' dir='ltr' id='par_1_10' title="bbox 424 1160 2030 1234">
     <span class='ocr_line' id='line_1_10' title="bbox 424 1160 2030 1234; baseline -0.001 -16"><span class='ocrx_word' id='word_1_54' title='bbox 424 1163 579 1218; x_wconf 89' lang='lat' dir='ltr'><strong>Tunc</strong></span> <span class='ocrx_word' id='word_1_55' title='bbox 594 1161 862 1234; x_wconf 71' lang='lat' dir='ltr'><strong>praevisor</strong></span> <span class='ocrx_word' id='word_1_56' title='bbox 873 1161 1334 1228; x_wconf 86' lang='lat' dir='ltr'><strong>ovans,animam</strong></span> <span class='ocrx_word' id='word_1_57' title='bbox 1352 1177 1484 1217; x_wconf 91' lang='lat' dir='ltr'><strong>cum</strong></span> <span class='ocrx_word' id='word_1_58' title='bbox 1507 1164 1660 1217; x_wconf 89' lang='lat' dir='ltr'><strong>sorte</strong></span> <span class='ocrx_word' id='word_1_59' title='bbox 1682 1160 2030 1232; x_wconf 89' lang='lat' dir='ltr'><strong>propinqua,</strong></span> 
     </span>
    </p>
   </div>
   <div class='ocr_carea' id='block_1_11' title="bbox 427 1249 2030 1317">
    <p class='ocr_par' dir='ltr' id='par_1_11' title="bbox 427 1249 2030 1317">
     <span class='ocr_line' id='line_1_11' title="bbox 427 1249 2030 1317; baseline -0.002 -10"><span class='ocrx_word' id='word_1_60' title='bbox 427 1250 730 1308; x_wconf 78' lang='lat' dir='ltr'><strong>Commisit</strong></span> <span class='ocrx_word' id='word_1_61' title='bbox 765 1251 1034 1317; x_wconf 91' lang='lat' dir='ltr'><strong>Domino,</strong></span> <span class='ocrx_word' id='word_1_62' title='bbox 1066 1251 1361 1305; x_wconf 89' lang='lat' dir='ltr'><strong>tumulans</strong></span> <span class='ocrx_word' id='word_1_63' title='bbox 1386 1251 1489 1305; x_wconf 89' lang='lat' dir='ltr'><strong>sub</strong></span> <span class='ocrx_word' id='word_1_64' title='bbox 1516 1251 1738 1305; x_wconf 82' lang='lat' dir='ltr'><strong>honore</strong></span> <span class='ocrx_word' id='word_1_65' title='bbox 1771 1249 2030 1316; x_wconf 80' lang='lat' dir='ltr'><strong>cadaver,</strong></span> 
     </span>
    </p>
   </div>
   <div class='ocr_carea' id='block_1_12' title="bbox 426 1338 1786 1410">
    <p class='ocr_par' dir='ltr' id='par_1_12' title="bbox 426 1338 1786 1410">
     <span class='ocr_line' id='line_1_12' title="bbox 426 1338 1786 1410; baseline -0.004 -14"><span class='ocrx_word' id='word_1_66' title='bbox 426 1342 494 1396; x_wconf 90' lang='lat' dir='ltr'><strong>Et</strong></span> <span class='ocrx_word' id='word_1_67' title='bbox 522 1357 624 1396; x_wconf 88' lang='lat' dir='ltr'><strong>sua</strong></span> <span class='ocrx_word' id='word_1_68' title='bbox 655 1341 754 1395; x_wconf 89' lang='lat' dir='ltr'><strong>dat</strong></span> <span class='ocrx_word' id='word_1_69' title='bbox 783 1339 1014 1406; x_wconf 85' lang='lat' dir='ltr'><strong>sanctis,</strong></span> <span class='ocrx_word' id='word_1_70' title='bbox 1033 1339 1176 1394; x_wconf 83' lang='lat' dir='ltr'><strong>sicut</strong></span> <span class='ocrx_word' id='word_1_71' title='bbox 1209 1342 1381 1394; x_wconf 86' lang='lat' dir='ltr'><strong>antea</strong></span> <span class='ocrx_word' id='word_1_72' title='bbox 1410 1338 1534 1410; x_wconf 90' lang='lat' dir='ltr'><strong>ipsa</strong></span> <span class='ocrx_word' id='word_1_73' title='bbox 1558 1339 1786 1394; x_wconf 90' lang='lat' dir='ltr'><strong>volebat</strong></span> 
     </span>
    </p>
   </div>
   <div class='ocr_carea' id='block_1_13' title="bbox 425 1425 1924 1500">
    <p class='ocr_par' dir='ltr' id='par_1_13' title="bbox 425 1425 1924 1500">
     <span class='ocr_line' id='line_1_13' title="bbox 425 1425 1924 1500; baseline -0.004 -15"><span class='ocrx_word' id='word_1_74' title='bbox 425 1429 680 1500; x_wconf 87' lang='lat' dir='ltr'><strong>Corpore</strong></span> <span class='ocrx_word' id='word_1_75' title='bbox 711 1428 850 1482; x_wconf 90' lang='lat' dir='ltr'><strong>dum</strong></span> <span class='ocrx_word' id='word_1_76' title='bbox 879 1427 1033 1493; x_wconf 80' lang='lat' dir='ltr'><strong>vixit,</strong></span> <span class='ocrx_word' id='word_1_77' title='bbox 1064 1427 1177 1482; x_wconf 90' lang='lat' dir='ltr'><strong>Sed</strong></span> <span class='ocrx_word' id='word_1_78' title='bbox 1202 1429 1259 1481; x_wconf 93' lang='lat' dir='ltr'><strong>et</strong></span> <span class='ocrx_word' id='word_1_79' title='bbox 1290 1427 1504 1480; x_wconf 85' lang='lat' dir='ltr'><strong>assecla</strong></span> <span class='ocrx_word' id='word_1_80' title='bbox 1530 1425 1679 1480; x_wconf 90' lang='lat' dir='ltr'><strong>liber</strong></span> <span class='ocrx_word' id='word_1_81' title='bbox 1709 1426 1924 1492; x_wconf 89' lang='lat' dir='ltr'><strong>abibat,</strong></span> 
     </span>
    </p>
   </div>
   <div class='ocr_carea' id='block_1_14' title="bbox 428 1514 1923 1588">
    <p class='ocr_par' dir='ltr' id='par_1_14' title="bbox 428 1514 1923 1588">
     <span class='ocr_line' id='line_1_14' title="bbox 428 1514 1923 1588; baseline 0.001 -16"><span class='ocrx_word' id='word_1_82' title='bbox 428 1515 646 1588; x_wconf 88' lang='lat' dir='ltr'><strong>Optans</strong></span> <span class='ocrx_word' id='word_1_83' title='bbox 674 1515 804 1581; x_wconf 90' lang='lat' dir='ltr'><strong>hoc,</strong></span> <span class='ocrx_word' id='word_1_84' title='bbox 836 1515 1069 1570; x_wconf 87' lang='lat' dir='ltr'><strong>Domini</strong></span> <span class='ocrx_word' id='word_1_85' title='bbox 1098 1514 1420 1586; x_wconf 81' lang='lat' dir='ltr'><strong>requiescat</strong></span> <span class='ocrx_word' id='word_1_86' title='bbox 1451 1519 1512 1570; x_wconf 90' lang='lat' dir='ltr'><strong>ut</strong></span> <span class='ocrx_word' id='word_1_87' title='bbox 1537 1515 1595 1569; x_wconf 90' lang='lat' dir='ltr'><strong>in</strong></span> <span class='ocrx_word' id='word_1_88' title='bbox 1626 1515 1923 1573; x_wconf 87' lang='lat' dir='ltr'><strong>suavitate.</strong></span> 
     </span>
    </p>
   </div>
   <div class='ocr_carea' id='block_1_15' title="bbox 499 1603 2032 1670">
    <p class='ocr_par' dir='ltr' id='par_1_15' title="bbox 499 1603 2032 1670">
     <span class='ocr_line' id='line_1_15' title="bbox 499 1603 2032 1670; baseline 0 -11"><span class='ocrx_word' id='word_1_89' title='bbox 499 1608 586 1659; x_wconf 86' lang='grc'><strong>12.</strong></span> <span class='ocrx_word' id='word_1_90' title='bbox 615 1603 714 1660; x_wconf 78' lang='lat' dir='ltr'><strong>Hic</strong></span> <span class='ocrx_word' id='word_1_91' title='bbox 743 1603 918 1659; x_wconf 88' lang='lat' dir='ltr'><strong>etiam</strong></span> <span class='ocrx_word' id='word_1_92' title='bbox 947 1604 1098 1658; x_wconf 87' lang='lat' dir='ltr'><strong>inter</strong></span> <span class='ocrx_word' id='word_1_93' title='bbox 1127 1620 1288 1658; x_wconf 90' lang='lat' dir='ltr'><strong>sacra</strong></span> <span class='ocrx_word' id='word_1_94' title='bbox 1309 1605 1631 1658; x_wconf 86' lang='lat' dir='ltr'><strong>litterarum</strong></span> <span class='ocrx_word' id='word_1_95' title='bbox 1647 1605 1854 1670; x_wconf 88' lang='lat' dir='ltr'><strong>studia,</strong></span> <span class='ocrx_word' id='word_1_96' title='bbox 1887 1607 1948 1659; x_wconf 90' lang='lat' dir='ltr'><strong>ut</strong></span> <span class='ocrx_word' id='word_1_97' title='bbox 1974 1603 2032 1659; x_wconf 92' lang='lat' dir='ltr'><strong>in</strong></span> 
     </span>
    </p>
   </div>
   <div class='ocr_carea' id='block_1_16' title="bbox 430 1691 2034 1759">
    <p class='ocr_par' dir='ltr' id='par_1_16' title="bbox 430 1691 2034 1759">
     <span class='ocr_line' id='line_1_16' title="bbox 430 1691 2034 1759; baseline -0.001 -11"><span class='ocrx_word' id='word_1_98' title='bbox 430 1692 701 1749; x_wconf 87' lang='lat' dir='ltr'><strong>omnibus</strong></span> <span class='ocrx_word' id='word_1_99' title='bbox 730 1695 878 1748; x_wconf 84' lang='lat' dir='ltr'><strong>esset</strong></span> <span class='ocrx_word' id='word_1_100' title='bbox 907 1691 1166 1759; x_wconf 88' lang='lat' dir='ltr'><strong>idoneus,</strong></span> <span class='ocrx_word' id='word_1_101' title='bbox 1211 1695 1396 1746; x_wconf 84' lang='lat' dir='ltr'><strong>artem</strong></span> <span class='ocrx_word' id='word_1_102' title='bbox 1428 1693 1738 1759; x_wconf 86' lang='lat' dir='ltr'><strong>scribendi,</strong></span> <span class='ocrx_word' id='word_1_103' title='bbox 1781 1710 1886 1746; x_wconf 90' lang='lat' dir='ltr'><strong>nec</strong></span> <span class='ocrx_word' id='word_1_104' title='bbox 1916 1711 2034 1748; x_wconf 89' lang='lat' dir='ltr'><strong>non</strong></span> 
     </span>
    </p>
   </div>
   <div class='ocr_carea' id='block_1_17' title="bbox 426 1779 2035 1852">
    <p class='ocr_par' dir='ltr' id='par_1_17' title="bbox 426 1779 2035 1852">
     <span class='ocr_line' id='line_1_17' title="bbox 426 1779 2035 1852; baseline -0.001 -16"><span class='ocrx_word' id='word_1_105' title='bbox 426 1779 797 1836; x_wconf 82' lang='lat' dir='ltr'><strong>citharizandi</strong></span> <span class='ocrx_word' id='word_1_106' title='bbox 813 1780 1138 1852; x_wconf 87' lang='lat' dir='ltr'><strong>pariterque</strong></span> <span class='ocrx_word' id='word_1_107' title='bbox 1154 1779 1428 1851; x_wconf 80' lang='lat' dir='ltr'><strong>pingendi</strong></span> <span class='ocrx_word' id='word_1_108' title='bbox 1447 1779 1715 1852; x_wconf 86' lang='lat' dir='ltr'><strong>peritiam</strong></span> <span class='ocrx_word' id='word_1_109' title='bbox 1729 1780 2035 1851; x_wconf 87' lang='lat' dir='ltr'><strong>diligenter</strong></span> 
     </span>
    </p>
   </div>
   <div class='ocr_carea' id='block_1_18' title="bbox 427 1868 2030 1940">
    <p class='ocr_par' dir='ltr' id='par_1_18' title="bbox 427 1868 2030 1940">
     <span class='ocr_line' id='line_1_18' title="bbox 427 1868 2030 1940; baseline -0.002 -15"><span class='ocrx_word' id='word_1_110' title='bbox 427 1869 693 1934; x_wconf 82' lang='lat' dir='ltr'><strong>excoluit,</strong></span> <span class='ocrx_word' id='word_1_111' title='bbox 713 1872 905 1940; x_wconf 89' lang='lat' dir='ltr'><strong>atque,</strong></span> <span class='ocrx_word' id='word_1_112' title='bbox 925 1873 987 1923; x_wconf 89' lang='lat' dir='ltr'><strong>ut</strong></span> <span class='ocrx_word' id='word_1_113' title='bbox 1015 1868 1092 1923; x_wconf 89' lang='lat' dir='ltr'><strong>ita</strong></span> <span class='ocrx_word' id='word_1_114' title='bbox 1109 1869 1319 1935; x_wconf 90' lang='lat' dir='ltr'><strong>dicam,</strong></span> <span class='ocrx_word' id='word_1_115' title='bbox 1354 1868 1616 1924; x_wconf 91' lang='lat' dir='ltr'><strong>omnium</strong></span> <span class='ocrx_word' id='word_1_116' title='bbox 1647 1885 1843 1923; x_wconf 88' lang='lat' dir='ltr'><strong>rerum</strong></span> <span class='ocrx_word' id='word_1_117' title='bbox 1868 1873 2030 1924; x_wconf 88' lang='lat' dir='ltr'><strong>uten-</strong></span> 
     </span>
    </p>
   </div>
   <div class='ocr_carea' id='block_1_19' title="bbox 2133 719 3738 793">
    <p class='ocr_par' dir='ltr' id='par_1_19' title="bbox 2133 719 3738 793">
     <span class='ocr_line' id='line_1_19' title="bbox 2133 719 3738 793; baseline 0.002 -19"><span class='ocrx_word' id='word_1_118' title='bbox 2133 723 2220 774; x_wconf 89' lang='lat' dir='ltr'><strong>ter</strong></span> <span class='ocrx_word' id='word_1_119' title='bbox 2249 719 3101 790; x_wconf 83' lang='lat' dir='ltr'><strong>autem,B.Jacobi(30)apostoli</strong></span> <span class='ocrx_word' id='word_1_120' title='bbox 3121 719 3457 776; x_wconf 88' lang='lat' dir='ltr'><strong>admonitus</strong></span> <span class='ocrx_word' id='word_1_121' title='bbox 3464 721 3738 793; x_wconf 84' lang='lat' dir='ltr'><strong>jussione,</strong></span> 
     </span>
    </p>
   </div>
   <div class='ocr_carea' id='block_1_20' title="bbox 2131 808 3742 880">
    <p class='ocr_par' dir='ltr' id='par_1_20' title="bbox 2131 808 3742 880">
     <span class='ocr_line' id='line_1_20' title="bbox 2131 808 3742 880; baseline 0.002 -18"><span class='ocrx_word' id='word_1_122' title='bbox 2131 808 2293 862; x_wconf 88' lang='lat' dir='ltr'><strong>omni</strong></span> <span class='ocrx_word' id='word_1_123' title='bbox 2324 809 2594 862; x_wconf 64' lang='lat' dir='ltr'><strong>humanis</strong></span> <span class='ocrx_word' id='word_1_124' title='bbox 2612 812 2888 862; x_wconf 74' lang='lat' dir='ltr'><strong>creaturae</strong></span> <span class='ocrx_word' id='word_1_125' title='bbox 2909 808 3274 880; x_wconf 83' lang='lat' dir='ltr'><strong>maximeque</strong></span> <span class='ocrx_word' id='word_1_126' title='bbox 3292 809 3524 880; x_wconf 87' lang='lat' dir='ltr'><strong>potenti</strong></span> <span class='ocrx_word' id='word_1_127' title='bbox 3547 825 3608 864; x_wconf 88' lang='lat' dir='ltr'><strong>se</strong></span> <span class='ocrx_word' id='word_1_128' title='bbox 3626 811 3742 865; x_wconf 85' lang='lat' dir='ltr'><strong>sub-</strong></span> 
     </span>
    </p>
   </div>
   <div class='ocr_carea' id='block_1_21' title="bbox 2133 895 3743 968">
    <p class='ocr_par' dir='ltr' id='par_1_21' title="bbox 2133 895 3743 968">
     <span class='ocr_line' id='line_1_21' title="bbox 2133 895 3743 968; baseline 0.002 -17"><span class='ocrx_word' id='word_1_129' title='bbox 2133 897 2270 951; x_wconf 87' lang='lat' dir='ltr'><strong>dere</strong></span> <span class='ocrx_word' id='word_1_130' title='bbox 2301 912 2417 951; x_wconf 91' lang='lat' dir='ltr'><strong>non</strong></span> <span class='ocrx_word' id='word_1_131' title='bbox 2450 895 2705 962; x_wconf 87' lang='lat' dir='ltr'><strong>cessavit,</strong></span> <span class='ocrx_word' id='word_1_132' title='bbox 2759 898 2868 950; x_wconf 81' lang='lat' dir='ltr'><strong>sive</strong></span> <span class='ocrx_word' id='word_1_133' title='bbox 2915 899 3030 966; x_wconf 87' lang='lat' dir='ltr'><strong>regi</strong></span> <span class='ocrx_word' id='word_1_134' title='bbox 3077 899 3236 967; x_wconf 75' lang='lat' dir='ltr'><strong>quasi</strong></span> <span class='ocrx_word' id='word_1_135' title='bbox 3255 897 3612 968; x_wconf 63' lang='lat' dir='ltr'><strong>pra-cedenti,</strong></span> <span class='ocrx_word' id='word_1_136' title='bbox 3641 901 3743 954; x_wconf 75' lang='lat' dir='ltr'><strong>sive</strong></span> 
     </span>
    </p>
   </div>
   <div class='ocr_carea' id='block_1_22' title="bbox 2131 985 3734 1056">
    <p class='ocr_par' dir='ltr' id='par_1_22' title="bbox 2131 985 3734 1056">
     <span class='ocr_line' id='line_1_22' title="bbox 2131 985 3734 1056; baseline 0 -16"><span class='ocrx_word' id='word_1_137' title='bbox 2131 985 2352 1040; x_wconf 83' lang='lat' dir='ltr'><strong>ducibus</strong></span> <span class='ocrx_word' id='word_1_138' title='bbox 2375 991 2631 1056; x_wconf 82' lang='lat' dir='ltr'><strong>tanquam</strong></span> <span class='ocrx_word' id='word_1_139' title='bbox 2653 985 2720 1039; x_wconf 89' lang='lat' dir='ltr'><strong>ab</strong></span> <span class='ocrx_word' id='word_1_140' title='bbox 2744 1003 2802 1040; x_wconf 88' lang='lat' dir='ltr'><strong>eo</strong></span> <span class='ocrx_word' id='word_1_141' title='bbox 2832 985 3102 1050; x_wconf 83' lang='lat' dir='ltr'><strong>missis,ad</strong></span> <span class='ocrx_word' id='word_1_142' title='bbox 3129 986 3428 1041; x_wconf 86' lang='lat' dir='ltr'><strong>vindictam</strong></span> <span class='ocrx_word' id='word_1_143' title='bbox 3450 987 3734 1050; x_wconf 86' lang='lat' dir='ltr'><strong>malorum,</strong></span> 
     </span>
    </p>
   </div>
   <div class='ocr_carea' id='block_1_23' title="bbox 2134 1073 3743 1141">
    <p class='ocr_par' dir='ltr' id='par_1_23' title="bbox 2134 1073 3743 1141">
     <span class='ocr_line' id='line_1_23' title="bbox 2134 1073 3743 1141; baseline 0.002 -15"><span class='ocrx_word' id='word_1_144' title='bbox 2134 1073 2343 1127; x_wconf 85' lang='lat' dir='ltr'><strong>laudem</strong></span> <span class='ocrx_word' id='word_1_145' title='bbox 2371 1089 2491 1128; x_wconf 90' lang='lat' dir='ltr'><strong>vero</strong></span> <span class='ocrx_word' id='word_1_146' title='bbox 2523 1074 2797 1141; x_wconf 87' lang='lat' dir='ltr'><strong>bonorum,</strong></span> <span class='ocrx_word' id='word_1_147' title='bbox 2817 1077 2926 1127; x_wconf 91' lang='lat' dir='ltr'><strong>etc.</strong></span> <span class='ocrx_word' id='word_1_148' title='bbox 2951 1073 3004 1139; x_wconf 83' lang='lat'><strong>(1</strong></span> <span class='ocrx_word' id='word_1_149' title='bbox 3023 1073 3376 1141; x_wconf 85' lang='lat' dir='ltr'><strong>Petr.u,l3).</strong></span> <span class='ocrx_word' id='word_1_150' title='bbox 3408 1075 3536 1130; x_wconf 83' lang='lat' dir='ltr'><strong>Non</strong></span> <span class='ocrx_word' id='word_1_151' title='bbox 3563 1075 3743 1130; x_wconf 88' lang='lat' dir='ltr'><strong>minus</strong></span> 
     </span>
    </p>
   </div>
   <div class='ocr_carea' id='block_1_24' title="bbox 2133 1161 3741 1231">
    <p class='ocr_par' dir='ltr' id='par_1_24' title="bbox 2133 1161 3741 1231">
     <span class='ocr_line' id='line_1_24' title="bbox 2133 1161 3741 1231; baseline 0.002 -15"><span class='ocrx_word' id='word_1_152' title='bbox 2133 1177 2292 1229; x_wconf 88' lang='lat' dir='ltr'><strong>vero,</strong></span> <span class='ocrx_word' id='word_1_153' title='bbox 2325 1161 2382 1216; x_wconf 91' lang='lat' dir='ltr'><strong>ni</strong></span> <span class='ocrx_word' id='word_1_154' title='bbox 2409 1161 2829 1228; x_wconf 87' lang='lat' dir='ltr'><strong>fallor,B.Pauli</strong></span> <span class='ocrx_word' id='word_1_155' title='bbox 2846 1162 3192 1231; x_wconf 84' lang='lat' dir='ltr'><strong>apostoliinf</strong></span> <span class='ocrx_word' id='word_1_156' title='bbox 3196 1179 3257 1217; x_wconf 88' lang='lat' dir='ltr'><strong>ra</strong></span> <span class='ocrx_word' id='word_1_157' title='bbox 3279 1163 3741 1227; x_wconf 85' lang='lat' dir='ltr'><strong>comminiscens,</strong></span> 
     </span>
    </p>
   </div>
   <div class='ocr_carea' id='block_1_25' title="bbox 2133 1249 3744 1321">
    <p class='ocr_par' dir='ltr' id='par_1_25' title="bbox 2133 1249 3744 1321">
     <span class='ocr_line' id='line_1_25' title="bbox 2133 1249 3744 1321; baseline 0.004 -19"><span class='ocrx_word' id='word_1_158' title='bbox 2133 1249 2230 1321; x_wconf 86' lang='lat' dir='ltr'><strong>qui</strong></span> <span class='ocrx_word' id='word_1_159' title='bbox 2289 1249 2410 1316; x_wconf 85' lang='lat' dir='ltr'><strong>ait;</strong></span> <span class='ocrx_word' id='word_1_160' title='bbox 2460 1249 2646 1304; x_wconf 84' lang='lat' dir='ltr'><strong>Omnis</strong></span> <span class='ocrx_word' id='word_1_161' title='bbox 2697 1252 2882 1303; x_wconf 88' lang='lat' dir='ltr'><strong>anima</strong></span> <span class='ocrx_word' id='word_1_162' title='bbox 2933 1250 3290 1320; x_wconf 66' lang='lat' dir='ltr'><strong>potestatibus</strong></span> <span class='ocrx_word' id='word_1_163' title='bbox 3343 1251 3744 1308; x_wconf 66' lang='lat' dir='ltr'><strong>sublimioribus</strong></span> 
     </span>
    </p>
   </div>
   <div class='ocr_carea' id='block_1_26' title="bbox 2132 1337 3744 1408">
    <p class='ocr_par' dir='ltr' id='par_1_26' title="bbox 2132 1337 3744 1408">
     <span class='ocr_line' id='line_1_26' title="bbox 2132 1337 3744 1408; baseline 0.001 -16"><span class='ocrx_word' id='word_1_164' title='bbox 2132 1337 2343 1394; x_wconf 86' lang='lat' dir='ltr'><strong>subdita</strong></span> <span class='ocrx_word' id='word_1_165' title='bbox 2371 1344 2482 1392; x_wconf 80' lang='lat' dir='ltr'><strong>est:</strong></span> <span class='ocrx_word' id='word_1_166' title='bbox 2511 1355 2614 1391; x_wconf 88' lang='lat' dir='ltr'><strong>non</strong></span> <span class='ocrx_word' id='word_1_167' title='bbox 2645 1343 2718 1391; x_wconf 83' lang='lat' dir='ltr'><strong>est</strong></span> <span class='ocrx_word' id='word_1_168' title='bbox 2749 1339 2890 1392; x_wconf 85' lang='lat' dir='ltr'><strong>enim</strong></span> <span class='ocrx_word' id='word_1_169' title='bbox 2927 1344 3186 1408; x_wconf 73' lang='lat' dir='ltr'><strong>potestas,</strong></span> <span class='ocrx_word' id='word_1_170' title='bbox 3220 1341 3327 1392; x_wconf 84' lang='lat' dir='ltr'><strong>nisi</strong></span> <span class='ocrx_word' id='word_1_171' title='bbox 3349 1357 3382 1392; x_wconf 92' lang='lat' dir='ltr'><strong>a</strong></span> <span class='ocrx_word' id='word_1_172' title='bbox 3413 1339 3528 1394; x_wconf 88' lang='lat' dir='ltr'><strong>Deo</strong></span> <span class='ocrx_word' id='word_1_173' title='bbox 3570 1355 3584 1394; x_wconf 91' lang='lat'>:</span> <span class='ocrx_word' id='word_1_174' title='bbox 3622 1338 3744 1406; x_wconf 77' lang='lat' dir='ltr'><strong>Quae</strong></span> 
     </span>
    </p>
   </div>
   <div class='ocr_carea' id='block_1_27' title="bbox 2132 1427 3743 1500">
    <p class='ocr_par' dir='ltr' id='par_1_27' title="bbox 2132 1427 3743 1500">
     <span class='ocr_line' id='line_1_27' title="bbox 2132 1427 3743 1500; baseline 0.001 -20"><span class='ocrx_word' id='word_1_175' title='bbox 2132 1433 2310 1482; x_wconf 84' lang='lat' dir='ltr'><strong>autem</strong></span> <span class='ocrx_word' id='word_1_176' title='bbox 2343 1433 2486 1489; x_wconf 83' lang='lat' dir='ltr'><strong>sunt,</strong></span> <span class='ocrx_word' id='word_1_177' title='bbox 2515 1445 2548 1480; x_wconf 88' lang='lat' dir='ltr'><strong>a</strong></span> <span class='ocrx_word' id='word_1_178' title='bbox 2573 1428 2686 1482; x_wconf 86' lang='lat' dir='ltr'><strong>Deo</strong></span> <span class='ocrx_word' id='word_1_179' title='bbox 2712 1427 2969 1482; x_wconf 89' lang='lat' dir='ltr'><strong>ordinata</strong></span> <span class='ocrx_word' id='word_1_180' title='bbox 3012 1433 3138 1482; x_wconf 79' lang='lat' dir='ltr'><strong>sunt</strong></span> <span class='ocrx_word' id='word_1_181' title='bbox 3165 1455 3185 1495; x_wconf 78' lang='lat'><strong>,-</strong></span> <span class='ocrx_word' id='word_1_182' title='bbox 3219 1431 3400 1500; x_wconf 88' lang='lat' dir='ltr'><strong>itaque</strong></span> <span class='ocrx_word' id='word_1_183' title='bbox 3416 1430 3522 1500; x_wconf 80' lang='lat' dir='ltr'><strong>qui</strong></span> <span class='ocrx_word' id='word_1_184' title='bbox 3556 1429 3743 1482; x_wconf 76' lang='lat' dir='ltr'><strong>resistit</strong></span> 
     </span>
    </p>
   </div>
   <div class='ocr_carea' id='block_1_28' title="bbox 2124 1515 3735 1588">
    <p class='ocr_par' dir='ltr' id='par_1_28' title="bbox 2124 1515 3735 1588">
     <span class='ocr_line' id='line_1_28' title="bbox 2124 1515 3735 1588; baseline 0.001 -19"><span class='ocrx_word' id='word_1_185' title='bbox 2124 1516 2505 1586; x_wconf 80' lang='lat' dir='ltr'><strong>potestati,Dei</strong></span> <span class='ocrx_word' id='word_1_186' title='bbox 2530 1515 2858 1570; x_wconf 77' lang='lat' dir='ltr'><strong>ordinatiom&#39;</strong></span> <span class='ocrx_word' id='word_1_187' title='bbox 2875 1517 3104 1580; x_wconf 72' lang='lat' dir='ltr'><strong>resistit;</strong></span> <span class='ocrx_word' id='word_1_188' title='bbox 3135 1519 3232 1588; x_wconf 88' lang='lat' dir='ltr'><strong>qui</strong></span> <span class='ocrx_word' id='word_1_189' title='bbox 3258 1525 3444 1571; x_wconf 88' lang='lat' dir='ltr'><strong>autem</strong></span> <span class='ocrx_word' id='word_1_190' title='bbox 3465 1519 3735 1584; x_wconf 78' lang='lat' dir='ltr'><strong>resistunt,</strong></span> 
     </span>
    </p>
   </div>
   <div class='ocr_carea' id='block_1_29' title="bbox 2135 1603 3744 1676">
    <p class='ocr_par' dir='ltr' id='par_1_29' title="bbox 2135 1603 3744 1676">
     <span class='ocr_line' id='line_1_29' title="bbox 2135 1603 3744 1676; baseline 0.001 -20"><span class='ocrx_word' id='word_1_191' title='bbox 2135 1604 2236 1674; x_wconf 82' lang='lat' dir='ltr'><strong>ipsi</strong></span> <span class='ocrx_word' id='word_1_192' title='bbox 2263 1604 2367 1658; x_wconf 84' lang='lat' dir='ltr'><strong>sibi</strong></span> <span class='ocrx_word' id='word_1_193' title='bbox 2389 1603 2791 1658; x_wconf 82' lang='lat' dir='ltr'><strong>damnationem</strong></span> <span class='ocrx_word' id='word_1_194' title='bbox 2846 1607 3133 1676; x_wconf 81' lang='lat' dir='ltr'><strong>acquirunt</strong></span> <span class='ocrx_word' id='word_1_195' title='bbox 3177 1603 3367 1676; x_wconf 84' lang='lat' dir='ltr'><strong>(Prov.</strong></span> <span class='ocrx_word' id='word_1_196' title='bbox 3403 1621 3531 1672; x_wconf 83' lang='lat' dir='ltr'><strong>xm,</strong></span> <span class='ocrx_word' id='word_1_197' title='bbox 3583 1609 3650 1674; x_wconf 88' lang='grc'><strong>1).</strong></span> <span class='ocrx_word' id='word_1_198' title='bbox 3681 1606 3744 1658; x_wconf 80' lang='lat' dir='ltr'><strong>Et</strong></span> 
     </span>
    </p>
   </div>
   <div class='ocr_carea' id='block_1_30' title="bbox 2133 1691 3736 1763">
    <p class='ocr_par' dir='ltr' id='par_1_30' title="bbox 2133 1691 3736 1763">
     <span class='ocr_line' id='line_1_30' title="bbox 2133 1691 3736 1763; baseline 0 -17"><span class='ocrx_word' id='word_1_199' title='bbox 2133 1691 2344 1747; x_wconf 87' lang='lat' dir='ltr'><strong>iterum</strong></span> <span class='ocrx_word' id='word_1_200' title='bbox 2373 1709 2385 1746; x_wconf 92' lang='lat'><strong>:</strong></span> <span class='ocrx_word' id='word_1_201' title='bbox 2417 1692 2641 1746; x_wconf 80' lang='lat' dir='ltr'><strong>Reddite</strong></span> <span class='ocrx_word' id='word_1_202' title='bbox 2669 1693 3042 1763; x_wconf 81' lang='lat' dir='ltr'><strong>ergo,fratres,</strong></span> <span class='ocrx_word' id='word_1_203' title='bbox 3103 1693 3350 1746; x_wconf 85' lang='lat' dir='ltr'><strong>omnibus</strong></span> <span class='ocrx_word' id='word_1_204' title='bbox 3388 1693 3571 1748; x_wconf 83' lang='lat' dir='ltr'><strong>debita</strong></span> <span class='ocrx_word' id='word_1_205' title='bbox 3608 1711 3621 1760; x_wconf 88' lang='lat'><strong>;</strong></span> <span class='ocrx_word' id='word_1_206' title='bbox 3652 1695 3736 1749; x_wconf 78' lang='lat' dir='ltr'><strong>cvi</strong></span> 
     </span>
    </p>
   </div>
   <div class='ocr_carea' id='block_1_31' title="bbox 2133 1780 3740 1850">
    <p class='ocr_par' dir='ltr' id='par_1_31' title="bbox 2133 1780 3740 1850">
     <span class='ocr_line' id='line_1_31' title="bbox 2133 1780 3740 1850; baseline 0.001 -18"><span class='ocrx_word' id='word_1_207' title='bbox 2133 1780 2412 1846; x_wconf 87' lang='lat' dir='ltr'><strong>tributum,</strong></span> <span class='ocrx_word' id='word_1_208' title='bbox 2439 1781 2701 1836; x_wconf 79' lang='lat' dir='ltr'><strong>tributum</strong></span> <span class='ocrx_word' id='word_1_209' title='bbox 2729 1797 2744 1850; x_wconf 89' lang='lat'><strong>;</strong></span> <span class='ocrx_word' id='word_1_210' title='bbox 2774 1781 2867 1835; x_wconf 87' lang='lat' dir='ltr'><strong>cui</strong></span> <span class='ocrx_word' id='word_1_211' title='bbox 2897 1780 3138 1850; x_wconf 82' lang='lat' dir='ltr'><strong>vectigal,</strong></span> <span class='ocrx_word' id='word_1_212' title='bbox 3163 1780 3401 1849; x_wconf 83' lang='lat' dir='ltr'><strong>vectigal</strong></span> <span class='ocrx_word' id='word_1_213' title='bbox 3421 1798 3438 1843; x_wconf 89' lang='lat'><em>;</em></span> <span class='ocrx_word' id='word_1_214' title='bbox 3461 1783 3557 1836; x_wconf 85' lang='lat' dir='ltr'><strong>cui</strong></span> <span class='ocrx_word' id='word_1_215' title='bbox 3589 1783 3740 1835; x_wconf 85' lang='lat' dir='ltr'><strong>timo-</strong></span> 
     </span>
    </p>
   </div>
   <div class='ocr_carea' id='block_1_32' title="bbox 2135 1868 3731 1939">
    <p class='ocr_par' dir='ltr' id='par_1_32' title="bbox 2135 1868 3731 1939">
     <span class='ocr_line' id='line_1_32' title="bbox 2135 1868 3731 1939; baseline 0.001 -17"><span class='ocrx_word' id='word_1_216' title='bbox 2135 1885 2266 1935; x_wconf 65' lang='lat' dir='ltr'><strong>rem,</strong></span> <span class='ocrx_word' id='word_1_217' title='bbox 2299 1872 2580 1934; x_wconf 81' lang='lat' dir='ltr'><strong>timorem;</strong></span> <span class='ocrx_word' id='word_1_218' title='bbox 2618 1869 2711 1924; x_wconf 85' lang='lat' dir='ltr'><strong>cui</strong></span> <span class='ocrx_word' id='word_1_219' title='bbox 2757 1870 3032 1936; x_wconf 76' lang='lat' dir='ltr'><strong>honorem,</strong></span> <span class='ocrx_word' id='word_1_220' title='bbox 3061 1870 3314 1924; x_wconf 84' lang='lat' dir='ltr'><strong>honorem</strong></span> <span class='ocrx_word' id='word_1_221' title='bbox 3343 1868 3646 1939; x_wconf 83' lang='lat' dir='ltr'><strong>(Ibid.,7);</strong></span> <span class='ocrx_word' id='word_1_222' title='bbox 3679 1873 3731 1924; x_wconf 89' lang='lat' dir='ltr'><strong>et</strong></span> 
     </span>
    </p>
   </div>
   <div class='ocr_carea' id='block_1_33' title="bbox 427 1953 3738 2029">
    <p class='ocr_par' dir='ltr' id='par_1_33' title="bbox 427 1953 3738 2029">
     <span class='ocr_line' id='line_1_33' title="bbox 427 1953 3738 2029; baseline 0 -17"><span class='ocrx_word' id='word_1_223' title='bbox 427 1957 620 2012; x_wconf 89' lang='lat' dir='ltr'><strong>silium</strong></span> <span class='ocrx_word' id='word_1_224' title='bbox 646 1956 782 2027; x_wconf 83' lang='lat' dir='ltr'><strong>vigil</strong></span> <span class='ocrx_word' id='word_1_225' title='bbox 827 1957 1122 2027; x_wconf 88' lang='lat' dir='ltr'><strong>inspector</strong></span> <span class='ocrx_word' id='word_1_226' title='bbox 1163 1957 1391 2015; x_wconf 72' lang='lat' dir='ltr'><strong>effulsit.</strong></span> <span class='ocrx_word' id='word_1_227' title='bbox 1434 1957 1797 2029; x_wconf 80' lang='lat' dir='ltr'><strong>Quapmpter</strong></span> <span class='ocrx_word' id='word_1_228' title='bbox 1827 1957 2032 2012; x_wconf 90' lang='lat' dir='ltr'><strong>nobilis</strong></span> <span class='ocrx_word' id='word_1_229' title='bbox 2064 1953 2276 2012; x_wconf 89' lang='lat' dir='ltr'><strong>Bitem</strong></span> <span class='ocrx_word' id='word_1_230' title='bbox 2329 1959 2459 2011; x_wconf 90' lang='lat' dir='ltr'><strong>huic</strong></span> <span class='ocrx_word' id='word_1_231' title='bbox 2481 1958 2672 2012; x_wconf 89' lang='lat' dir='ltr'><strong>eidem</strong></span> <span class='ocrx_word' id='word_1_232' title='bbox 2730 1959 2991 2028; x_wconf 85' lang='lat' dir='ltr'><strong>apostolo</strong></span> <span class='ocrx_word' id='word_1_233' title='bbox 3035 1957 3096 2012; x_wconf 87' lang='lat' dir='ltr'><strong>in</strong></span> <span class='ocrx_word' id='word_1_234' title='bbox 3136 1957 3261 2028; x_wconf 87' lang='lat' dir='ltr'><strong>ipsa</strong></span> <span class='ocrx_word' id='word_1_235' title='bbox 3312 1975 3418 2012; x_wconf 89' lang='lat' dir='ltr'><strong>sua</strong></span> <span class='ocrx_word' id='word_1_236' title='bbox 3463 1958 3738 2014; x_wconf 85' lang='lat' dir='ltr'><strong>electione</strong></span> 
     </span>
    </p>
   </div>
   <div class='ocr_carea' id='block_1_34' title="bbox 425 2044 3740 2118">
    <p class='ocr_par' dir='ltr' id='par_1_34' title="bbox 425 2044 3740 2118">
     <span class='ocr_line' id='line_1_34' title="bbox 425 2044 3740 2118; baseline -0 -18"><span class='ocrx_word' id='word_1_237' title='bbox 425 2044 634 2116; x_wconf 79' lang='lat' dir='ltr'><strong>quaeda</strong></span> <span class='ocrx_word' id='word_1_238' title='bbox 660 2048 950 2110; x_wconf 86' lang='lat' dir='ltr'><strong>matrona,</strong></span> <span class='ocrx_word' id='word_1_239' title='bbox 1003 2045 1337 2116; x_wconf 62' lang='lat' dir='ltr'><strong>:Edelpyrm</strong></span> <span class='ocrx_word' id='word_1_240' title='bbox 1368 2049 1720 2118; x_wconf 86' lang='lat' dir='ltr'><strong>nuncupata,</strong></span> <span class='ocrx_word' id='word_1_241' title='bbox 1777 2045 2030 2116; x_wconf 90' lang='lat' dir='ltr'><strong>quodam</strong></span> <span class='ocrx_word' id='word_1_242' title='bbox 2130 2047 2409 2102; x_wconf 85' lang='lat' dir='ltr'><strong>Dominus</strong></span> <span class='ocrx_word' id='word_1_243' title='bbox 2436 2047 2666 2102; x_wconf 88' lang='lat' dir='ltr'><strong>dicebat</strong></span> <span class='ocrx_word' id='word_1_244' title='bbox 2694 2062 2706 2100; x_wconf 92' lang='lat'>:</span> <span class='ocrx_word' id='word_1_245' title='bbox 2733 2048 2955 2101; x_wconf 88' lang='lat' dir='ltr'><strong>Durum</strong></span> <span class='ocrx_word' id='word_1_246' title='bbox 2986 2048 3072 2100; x_wconf 86' lang='lat' dir='ltr'><strong>est</strong></span> <span class='ocrx_word' id='word_1_247' title='bbox 3103 2045 3205 2100; x_wconf 86' lang='lat' dir='ltr'><strong>tibi</strong></span> <span class='ocrx_word' id='word_1_248' title='bbox 3234 2045 3740 2116; x_wconf 64' lang='lat' dir='ltr'><strong>contrafpotestatis</strong></span> 
     </span>
    </p>
   </div>
   <div class='ocr_carea' id='block_1_35' title="bbox 423 2133 3736 2206">
    <p class='ocr_par' dir='ltr' id='par_1_35' title="bbox 423 2133 3736 2206">
     <span class='ocr_line' id='line_1_35' title="bbox 423 2133 3736 2206; baseline -0 -18"><span class='ocrx_word' id='word_1_249' title='bbox 423 2135 787 2189; x_wconf 87' lang='lat' dir='ltr'><strong>momentulo</strong></span> <span class='ocrx_word' id='word_1_250' title='bbox 814 2134 1032 2189; x_wconf 88' lang='lat' dir='ltr'><strong>vocavit</strong></span> <span class='ocrx_word' id='word_1_251' title='bbox 1065 2151 1198 2188; x_wconf 91' lang='lat' dir='ltr'><strong>eum</strong></span> <span class='ocrx_word' id='word_1_252' title='bbox 1228 2133 1502 2188; x_wconf 82' lang='lat' dir='ltr'><strong>familiari</strong></span> <span class='ocrx_word' id='word_1_253' title='bbox 1549 2137 1784 2206; x_wconf 91' lang='lat' dir='ltr'><strong>precatu</strong></span> <span class='ocrx_word' id='word_1_254' title='bbox 1847 2133 1917 2188; x_wconf 77' lang='lat' dir='ltr'><strong>ad</strong></span> <span class='ocrx_word' id='word_1_255' title='bbox 1947 2151 2027 2195; x_wconf 85' lang='lat' dir='ltr'><strong>se.</strong></span> <span class='ocrx_word' id='word_1_256' title='bbox 2131 2152 2278 2190; x_wconf 72' lang='lat' dir='ltr'><strong>mea:</strong></span> <span class='ocrx_word' id='word_1_257' title='bbox 2310 2135 2608 2189; x_wconf 91' lang='lat' dir='ltr'><strong>stimulum</strong></span> <span class='ocrx_word' id='word_1_258' title='bbox 2631 2134 2927 2189; x_wconf 89' lang='lat' dir='ltr'><strong>calcitrare</strong></span> <span class='ocrx_word' id='word_1_259' title='bbox 2947 2133 3104 2201; x_wconf 88' lang='lat' dir='ltr'><strong>(Act,</strong></span> <span class='ocrx_word' id='word_1_260' title='bbox 3137 2151 3212 2201; x_wconf 75' lang='grc' dir='ltr'><strong>ιν,</strong></span> <span class='ocrx_word' id='word_1_261' title='bbox 3247 2134 3322 2205; x_wconf 85' lang='grc'><strong>5).</strong></span> <span class='ocrx_word' id='word_1_262' title='bbox 3351 2133 3482 2188; x_wconf 68' lang='lat' dir='ltr'><strong>Haec</strong></span> <span class='ocrx_word' id='word_1_263' title='bbox 3505 2133 3661 2188; x_wconf 88' lang='lat' dir='ltr'><strong>enim</strong></span> <span class='ocrx_word' id='word_1_264' title='bbox 3686 2137 3736 2188; x_wconf 88' lang='lat' dir='ltr'><strong>et</strong></span> 
     </span>
    </p>
   </div>
   <div class='ocr_carea' id='block_1_36' title="bbox 424 2221 3734 2294">
    <p class='ocr_par' dir='ltr' id='par_1_36' title="bbox 424 2221 3734 2294">
     <span class='ocr_line' id='line_1_36' title="bbox 424 2221 3734 2294; baseline 0.001 -18"><span class='ocrx_word' id='word_1_265' title='bbox 424 2224 707 2294; x_wconf 75' lang='lat' dir='ltr'><strong>quatenus</strong></span> <span class='ocrx_word' id='word_1_266' title='bbox 737 2222 831 2278; x_wconf 90' lang='lat' dir='ltr'><strong>ille</strong></span> <span class='ocrx_word' id='word_1_267' title='bbox 861 2222 935 2278; x_wconf 88' lang='lat' dir='ltr'><strong>ed</strong></span> <span class='ocrx_word' id='word_1_268' title='bbox 961 2221 1220 2277; x_wconf 89' lang='lat' dir='ltr'><strong>divinum</strong></span> <span class='ocrx_word' id='word_1_269' title='bbox 1237 2223 1453 2276; x_wconf 91' lang='lat' dir='ltr'><strong>cultum</strong></span> <span class='ocrx_word' id='word_1_270' title='bbox 1477 2223 1790 2294; x_wconf 90' lang='lat' dir='ltr'><strong>quamdam</strong></span> <span class='ocrx_word' id='word_1_271' title='bbox 1821 2223 2029 2278; x_wconf 87' lang='lat' dir='ltr'><strong>stolam</strong></span> <span class='ocrx_word' id='word_1_272' title='bbox 2128 2224 2218 2280; x_wconf 88' lang='lat' dir='ltr'><strong>his</strong></span> <span class='ocrx_word' id='word_1_273' title='bbox 2245 2223 2459 2278; x_wconf 86' lang='lat' dir='ltr'><strong>similia</strong></span> <span class='ocrx_word' id='word_1_274' title='bbox 2509 2239 2805 2278; x_wconf 89' lang='lat' dir='ltr'><strong>sacrarum</strong></span> <span class='ocrx_word' id='word_1_275' title='bbox 2837 2222 3266 2292; x_wconf 87' lang='lat' dir='ltr'><strong>Scripturarum</strong></span> <span class='ocrx_word' id='word_1_276' title='bbox 3322 2225 3618 2294; x_wconf 63' lang='lat' dir='ltr'><strong>praecepta</strong></span> <span class='ocrx_word' id='word_1_277' title='bbox 3679 2222 3734 2279; x_wconf 87' lang='grc' dir='ltr'><strong>Β.</strong></span> 
     </span>
    </p>
   </div>
   <div class='ocr_carea' id='block_1_37' title="bbox 421 2309 3730 2383">
    <p class='ocr_par' dir='ltr' id='par_1_37' title="bbox 421 2309 3730 2383">
     <span class='ocr_line' id='line_1_37' title="bbox 421 2309 3730 2383; baseline -0.001 -17"><span class='ocrx_word' id='word_1_278' title='bbox 421 2309 526 2366; x_wconf 84' lang='lat' dir='ltr'><strong>sibi</strong></span> <span class='ocrx_word' id='word_1_279' title='bbox 551 2309 788 2366; x_wconf 81' lang='lat' dir='ltr'><strong>diversis</strong></span> <span class='ocrx_word' id='word_1_280' title='bbox 809 2310 1193 2365; x_wconf 88' lang='lat' dir='ltr'><strong>formularum</strong></span> <span class='ocrx_word' id='word_1_281' title='bbox 1224 2310 1610 2366; x_wconf 87' lang='lat' dir='ltr'><strong>schematibus</strong></span> <span class='ocrx_word' id='word_1_282' title='bbox 1640 2311 1758 2382; x_wconf 88' lang='lat' dir='ltr'><strong>ipse</strong></span> <span class='ocrx_word' id='word_1_283' title='bbox 1778 2311 2031 2383; x_wconf 80' lang='lat' dir='ltr'><strong>praepin-</strong></span> <span class='ocrx_word' id='word_1_284' title='bbox 2128 2311 2459 2365; x_wconf 89' lang='lat' dir='ltr'><strong>Dunstanus</strong></span> <span class='ocrx_word' id='word_1_285' title='bbox 2478 2311 2535 2364; x_wconf 91' lang='lat' dir='ltr'><strong>in</strong></span> <span class='ocrx_word' id='word_1_286' title='bbox 2563 2311 2690 2364; x_wconf 91' lang='lat' dir='ltr'><strong>sinu</strong></span> <span class='ocrx_word' id='word_1_287' title='bbox 2705 2309 2991 2364; x_wconf 92' lang='lat' dir='ltr'><strong>cordissui</strong></span> <span class='ocrx_word' id='word_1_288' title='bbox 3012 2309 3321 2380; x_wconf 83' lang='lat' dir='ltr'><strong>diligenter</strong></span> <span class='ocrx_word' id='word_1_289' title='bbox 3337 2309 3730 2379; x_wconf 87' lang='lat' dir='ltr'><strong>abscondit,ne</strong></span> 
     </span>
    </p>
   </div>
   <div class='ocr_carea' id='block_1_38' title="bbox 424 2397 2026 2471">
    <p class='ocr_par' dir='ltr' id='par_1_38' title="bbox 424 2397 2026 2471">
     <span class='ocr_line' id='line_1_38' title="bbox 424 2397 2026 2471; baseline -0.001 -18"><span class='ocrx_word' id='word_1_290' title='bbox 424 2400 790 2471; x_wconf 82' lang='lat' dir='ltr'><strong>geret,quam</strong></span> <span class='ocrx_word' id='word_1_291' title='bbox 805 2401 1001 2469; x_wconf 87' lang='lat' dir='ltr'><strong>postea</strong></span> <span class='ocrx_word' id='word_1_292' title='bbox 1021 2401 1210 2470; x_wconf 85' lang='lat' dir='ltr'><strong>posset</strong></span> <span class='ocrx_word' id='word_1_293' title='bbox 1222 2415 1360 2452; x_wconf 91' lang='lat' dir='ltr'><strong>auro</strong></span> <span class='ocrx_word' id='word_1_294' title='bbox 1377 2397 1738 2470; x_wconf 87' lang='lat' dir='ltr'><strong>gemmisque</strong></span> <span class='ocrx_word' id='word_1_295' title='bbox 1751 2398 2026 2453; x_wconf 86' lang='lat' dir='ltr'><strong>variando</strong></span> 
     </span>
    </p>
   </div>
   <div class='ocr_carea' id='block_1_39' title="bbox 421 2486 2020 2558">
    <p class='ocr_par' dir='ltr' id='par_1_39' title="bbox 421 2486 2020 2558">
     <span class='ocr_line' id='line_1_39' title="bbox 421 2486 2020 2558; baseline -0.001 -16"><span class='ocrx_word' id='word_1_296' title='bbox 421 2503 725 2558; x_wconf 90' lang='lat' dir='ltr'><strong>pompare.</strong></span> <span class='ocrx_word' id='word_1_297' title='bbox 779 2487 945 2550; x_wconf 84' lang='lat' dir='ltr'><strong>Quod</strong></span> <span class='ocrx_word' id='word_1_298' title='bbox 974 2502 1106 2542; x_wconf 91' lang='lat' dir='ltr'><strong>cum</strong></span> <span class='ocrx_word' id='word_1_299' title='bbox 1155 2486 1358 2540; x_wconf 89' lang='lat' dir='ltr'><strong>venien</strong></span> <span class='ocrx_word' id='word_1_300' title='bbox 1389 2486 1462 2542; x_wconf 93' lang='lat' dir='ltr'><strong>do</strong></span> <span class='ocrx_word' id='word_1_301' title='bbox 1489 2486 1734 2553; x_wconf 86' lang='lat' dir='ltr'><strong>fecisset,</strong></span> <span class='ocrx_word' id='word_1_302' title='bbox 1777 2487 2020 2556; x_wconf 89' lang='lat' dir='ltr'><strong>sumpsit</strong></span> 
     </span>
    </p>
   </div>
   <div class='ocr_carea' id='block_1_40' title="bbox 421 2574 2025 2645">
    <p class='ocr_par' dir='ltr' id='par_1_40' title="bbox 421 2574 2025 2645">
     <span class='ocr_line' id='line_1_40' title="bbox 421 2574 2025 2645; baseline -0.001 -16"><span class='ocrx_word' id='word_1_303' title='bbox 421 2591 616 2632; x_wconf 90' lang='lat' dir='ltr'><strong>secum</strong></span> <span class='ocrx_word' id='word_1_304' title='bbox 630 2592 697 2631; x_wconf 87' lang='lat' dir='ltr'><strong>ex</strong></span> <span class='ocrx_word' id='word_1_305' title='bbox 711 2591 874 2630; x_wconf 90' lang='lat' dir='ltr'><strong>more</strong></span> <span class='ocrx_word' id='word_1_306' title='bbox 889 2575 1172 2630; x_wconf 85' lang='lat' dir='ltr'><strong>citharam</strong></span> <span class='ocrx_word' id='word_1_307' title='bbox 1187 2591 1346 2628; x_wconf 87' lang='lat' dir='ltr'><strong>suam</strong></span> <span class='ocrx_word' id='word_1_308' title='bbox 1357 2590 1553 2644; x_wconf 91' lang='lat' dir='ltr'><strong>,quam</strong></span> <span class='ocrx_word' id='word_1_309' title='bbox 1566 2574 1768 2644; x_wconf 85' lang='lat' dir='ltr'><strong>lingua</strong></span> <span class='ocrx_word' id='word_1_310' title='bbox 1782 2577 2025 2645; x_wconf 88' lang='lat' dir='ltr'><strong>paterna</strong></span> 
     </span>
    </p>
   </div>
   <div class='ocr_carea' id='block_1_41' title="bbox 420 2662 2024 2734">
    <p class='ocr_par' dir='ltr' id='par_1_41' title="bbox 420 2662 2024 2734">
     <span class='ocr_line' id='line_1_41' title="bbox 420 2662 2024 2734; baseline -0.001 -15"><span class='ocrx_word' id='word_1_311' title='bbox 420 2663 664 2734; x_wconf 84' lang='lat' dir='ltr'><strong>harpam</strong></span> <span class='ocrx_word' id='word_1_312' title='bbox 686 2679 976 2728; x_wconf 89' lang='lat' dir='ltr'><strong>vocamus,</strong></span> <span class='ocrx_word' id='word_1_313' title='bbox 1003 2679 1115 2734; x_wconf 93' lang='lat' dir='ltr'><strong>quo</strong></span> <span class='ocrx_word' id='word_1_314' title='bbox 1139 2679 1197 2716; x_wconf 90' lang='lat' dir='ltr'><strong>se</strong></span> <span class='ocrx_word' id='word_1_315' title='bbox 1221 2662 1578 2733; x_wconf 88' lang='lat' dir='ltr'><strong>temporibus</strong></span> <span class='ocrx_word' id='word_1_316' title='bbox 1605 2663 1840 2717; x_wconf 85' lang='lat' dir='ltr'><strong>alternis</strong></span> <span class='ocrx_word' id='word_1_317' title='bbox 1865 2680 2024 2718; x_wconf 91' lang='lat' dir='ltr'><strong>men-</strong></span> 
     </span>
    </p>
   </div>
   <div class='ocr_carea' id='block_1_42' title="bbox 415 2750 2022 2822">
    <p class='ocr_par' dir='ltr' id='par_1_42' title="bbox 415 2750 2022 2822">
     <span class='ocr_line' id='line_1_42' title="bbox 415 2750 2022 2822; baseline 0.001 -17"><span class='ocrx_word' id='word_1_318' title='bbox 415 2753 615 2822; x_wconf 85' lang='lat' dir='ltr'><strong>tesque</strong></span> <span class='ocrx_word' id='word_1_319' title='bbox 651 2751 725 2805; x_wconf 87' lang='lat' dir='ltr'><strong>ad</strong></span> <span class='ocrx_word' id='word_1_320' title='bbox 753 2767 812 2806; x_wconf 89' lang='lat' dir='ltr'><strong>se</strong></span> <span class='ocrx_word' id='word_1_321' title='bbox 838 2751 1202 2806; x_wconf 87' lang='lat' dir='ltr'><strong>tendentium</strong></span> <span class='ocrx_word' id='word_1_322' title='bbox 1215 2751 1636 2820; x_wconf 85' lang='lat' dir='ltr'><strong>jucundaretur</strong></span> <span class='ocrx_word' id='word_1_323' title='bbox 1657 2750 1714 2804; x_wconf 91' lang='lat' dir='ltr'><strong>in</strong></span> <span class='ocrx_word' id='word_1_324' title='bbox 1747 2750 2022 2806; x_wconf 89' lang='lat' dir='ltr'><strong>illa.Tunc</strong></span> 
     </span>
    </p>
   </div>
   <div class='ocr_carea' id='block_1_43' title="bbox 422 2839 2024 2912">
    <p class='ocr_par' dir='ltr' id='par_1_43' title="bbox 422 2839 2024 2912">
     <span class='ocr_line' id='line_1_43' title="bbox 422 2839 2024 2912; baseline 0 -18"><span class='ocrx_word' id='word_1_325' title='bbox 422 2839 636 2912; x_wconf 90' lang='lat' dir='ltr'><strong>quippe</strong></span> <span class='ocrx_word' id='word_1_326' title='bbox 654 2839 907 2912; x_wconf 91' lang='lat' dir='ltr'><strong>quadam</strong></span> <span class='ocrx_word' id='word_1_327' title='bbox 933 2839 1025 2893; x_wconf 91' lang='lat' dir='ltr'><strong>die</strong></span> <span class='ocrx_word' id='word_1_328' title='bbox 1055 2841 1184 2910; x_wconf 87' lang='lat' dir='ltr'><strong>post</strong></span> <span class='ocrx_word' id='word_1_329' title='bbox 1211 2839 1690 2908; x_wconf 91' lang='lat' dir='ltr'><strong>prandium,dum</strong></span> <span class='ocrx_word' id='word_1_330' title='bbox 1720 2839 1794 2894; x_wconf 90' lang='lat' dir='ltr'><strong>ad</strong></span> <span class='ocrx_word' id='word_1_331' title='bbox 1818 2839 2024 2894; x_wconf 89' lang='lat' dir='ltr'><strong>iterata</strong></span> 
     </span>
    </p>
   </div>
   <div class='ocr_carea' id='block_1_44' title="bbox 423 2927 2022 2999">
    <p class='ocr_par' dir='ltr' id='par_1_44' title="bbox 423 2927 2022 2999">
     <span class='ocr_line' id='line_1_44' title="bbox 423 2927 2022 2999; baseline -0.001 -15"><span class='ocrx_word' id='word_1_332' title='bbox 423 2943 602 2998; x_wconf 85' lang='lat' dir='ltr'><strong>opera</strong></span> <span class='ocrx_word' id='word_1_333' title='bbox 633 2929 753 2982; x_wconf 91' lang='lat' dir='ltr'><strong>tam</strong></span> <span class='ocrx_word' id='word_1_334' title='bbox 785 2927 906 2999; x_wconf 88' lang='lat' dir='ltr'><strong>ipse</strong></span> <span class='ocrx_word' id='word_1_335' title='bbox 939 2943 1110 2998; x_wconf 91' lang='lat' dir='ltr'><strong>quam</strong></span> <span class='ocrx_word' id='word_1_336' title='bbox 1146 2927 1422 2998; x_wconf 78' lang='lat' dir='ltr'><strong>przedicta</strong></span> <span class='ocrx_word' id='word_1_337' title='bbox 1451 2929 1719 2981; x_wconf 85' lang='lat' dir='ltr'><strong>matrona</strong></span> <span class='ocrx_word' id='word_1_338' title='bbox 1747 2943 1880 2982; x_wconf 88' lang='lat' dir='ltr'><strong>cum</strong></span> <span class='ocrx_word' id='word_1_339' title='bbox 1908 2927 2022 2982; x_wconf 89' lang='lat' dir='ltr'><strong>suis</strong></span> 
     </span>
    </p>
   </div>
   <div class='ocr_carea' id='block_1_45' title="bbox 422 3015 2020 3088">
    <p class='ocr_par' dir='ltr' id='par_1_45' title="bbox 422 3015 2020 3088">
     <span class='ocr_line' id='line_1_45' title="bbox 422 3015 2020 3088; baseline -0.001 -16"><span class='ocrx_word' id='word_1_340' title='bbox 422 3015 835 3088; x_wconf 86' lang='lat' dir='ltr'><strong>operatricibus</strong></span> <span class='ocrx_word' id='word_1_341' title='bbox 847 3018 1366 3082; x_wconf 88' lang='lat' dir='ltr'><strong>reverterentur,ex</strong></span> <span class='ocrx_word' id='word_1_342' title='bbox 1394 3019 1600 3070; x_wconf 91' lang='lat' dir='ltr'><strong>eventu</strong></span> <span class='ocrx_word' id='word_1_343' title='bbox 1614 3015 1862 3070; x_wconf 87' lang='lat' dir='ltr'><strong>mirabili</strong></span> <span class='ocrx_word' id='word_1_344' title='bbox 1883 3033 2020 3070; x_wconf 87' lang='lat' dir='ltr'><strong>con-</strong></span> 
     </span>
    </p>
   </div>
   <div class='ocr_carea' id='block_1_46' title="bbox 421 3103 2020 3176">
    <p class='ocr_par' dir='ltr' id='par_1_46' title="bbox 421 3103 2020 3176">
     <span class='ocr_line' id='line_1_46' title="bbox 421 3103 2020 3176; baseline 0.001 -17"><span class='ocrx_word' id='word_1_345' title='bbox 421 3103 556 3176; x_wconf 86' lang='lat' dir='ltr'><strong>tigit</strong></span> <span class='ocrx_word' id='word_1_346' title='bbox 585 3107 648 3160; x_wconf 89' lang='lat' dir='ltr'><strong>ut</strong></span> <span class='ocrx_word' id='word_1_347' title='bbox 674 3104 797 3160; x_wconf 68' lang='lat' dir='ltr'><strong>hinc</strong></span> <span class='ocrx_word' id='word_1_348' title='bbox 826 3104 1031 3159; x_wconf 89' lang='lat' dir='ltr'><strong>eadem</strong></span> <span class='ocrx_word' id='word_1_349' title='bbox 1045 3103 1197 3158; x_wconf 88' lang='lat' dir='ltr'><strong>beati</strong></span> <span class='ocrx_word' id='word_1_350' title='bbox 1212 3103 1412 3158; x_wconf 87' lang='lat' dir='ltr'><strong>tironis</strong></span> <span class='ocrx_word' id='word_1_351' title='bbox 1432 3103 1670 3172; x_wconf 86' lang='lat' dir='ltr'><strong>cithara,</strong></span> <span class='ocrx_word' id='word_1_352' title='bbox 1693 3105 2020 3176; x_wconf 88' lang='lat' dir='ltr'><strong>pendensin</strong></span> 
     </span>
    </p>
   </div>
   <div class='ocr_carea' id='block_1_47' title="bbox 2127 2387 3731 2470">
    <p class='ocr_par' dir='ltr' id='par_1_47' title="bbox 2127 2387 3731 2470">
     <span class='ocr_line' id='line_1_47' title="bbox 2127 2387 3731 2470; baseline -0.001 -17"><span class='ocrx_word' id='word_1_353' title='bbox 2127 2403 2392 2470; x_wconf 87' lang='lat' dir='ltr'><strong>peccaret</strong></span> <span class='ocrx_word' id='word_1_354' title='bbox 2419 2399 2664 2454; x_wconf 90' lang='lat' dir='ltr'><strong>Domino</strong></span> <span class='ocrx_word' id='word_1_355' title='bbox 2693 2416 2705 2466; x_wconf 93' lang='lat'><strong>;</strong></span> <span class='ocrx_word' id='word_1_356' title='bbox 2730 2399 2832 2454; x_wconf 90' lang='lat' dir='ltr'><strong>sed</strong></span> <span class='ocrx_word' id='word_1_357' title='bbox 2852 2398 2910 2452; x_wconf 92' lang='lat' dir='ltr'><strong>in</strong></span> <span class='ocrx_word' id='word_1_358' title='bbox 2928 2387 3339 2453; x_wconf 87' lang='lat' dir='ltr'><strong>mandatorum</strong></span> <span class='ocrx_word' id='word_1_359' title='bbox 3355 2398 3480 2468; x_wconf 88' lang='lat' dir='ltr'><strong>ejus</strong></span> <span class='ocrx_word' id='word_1_360' title='bbox 3493 2397 3731 2470; x_wconf 88' lang='lat' dir='ltr'><strong>eloquia,</strong></span> 
     </span>
    </p>
   </div>
   <div class='ocr_carea' id='block_1_48' title="bbox 2125 2487 3733 2560">
    <p class='ocr_par' dir='ltr' id='par_1_48' title="bbox 2125 2487 3733 2560">
     <span class='ocr_line' id='line_1_48' title="bbox 2125 2487 3733 2560; baseline -0.002 -16"><span class='ocrx_word' id='word_1_361' title='bbox 2125 2489 2497 2560; x_wconf 89' lang='lat' dir='ltr'><strong>faucibusque</strong></span> <span class='ocrx_word' id='word_1_362' title='bbox 2563 2488 2738 2559; x_wconf 87' lang='lat' dir='ltr'><strong>ipsius</strong></span> <span class='ocrx_word' id='word_1_363' title='bbox 2781 2504 2952 2560; x_wconf 91' lang='lat' dir='ltr'><strong>super</strong></span> <span class='ocrx_word' id='word_1_364' title='bbox 3007 2487 3122 2541; x_wconf 90' lang='lat' dir='ltr'><strong>mel</strong></span> <span class='ocrx_word' id='word_1_365' title='bbox 3154 2490 3213 2541; x_wconf 91' lang='lat' dir='ltr'><strong>et</strong></span> <span class='ocrx_word' id='word_1_366' title='bbox 3257 2487 3456 2542; x_wconf 85' lang='lat' dir='ltr'><strong>favum</strong></span> <span class='ocrx_word' id='word_1_367' title='bbox 3488 2487 3733 2542; x_wconf 87' lang='lat' dir='ltr'><strong>dulciora</strong></span> 
     </span>
    </p>
   </div>
   <div class='ocr_carea' id='block_1_49' title="bbox 2125 2575 3726 2650">
    <p class='ocr_par' dir='ltr' id='par_1_49' title="bbox 2125 2575 3726 2650">
     <span class='ocr_line' id='line_1_49' title="bbox 2125 2575 3726 2650; baseline -0.002 -18"><span class='ocrx_word' id='word_1_368' title='bbox 2125 2577 2297 2650; x_wconf 87' lang='lat' dir='ltr'><strong>(Psal.</strong></span> <span class='ocrx_word' id='word_1_369' title='bbox 2330 2595 2486 2644; x_wconf 79' lang='lat' dir='ltr'><strong>xviii,</strong></span> <span class='ocrx_word' id='word_1_370' title='bbox 2528 2581 2606 2638; x_wconf 84' lang='lat' dir='ltr'><strong>ll)</strong></span> <span class='ocrx_word' id='word_1_371' title='bbox 2620 2577 2938 2640; x_wconf 85' lang='lat' dir='ltr'><strong>,lucernam</strong></span> <span class='ocrx_word' id='word_1_372' title='bbox 2957 2575 3322 2630; x_wconf 88' lang='lat' dir='ltr'><strong>veriluminis</strong></span> <span class='ocrx_word' id='word_1_373' title='bbox 3341 2576 3588 2648; x_wconf 86' lang='lat' dir='ltr'><strong>pedibus</strong></span> <span class='ocrx_word' id='word_1_374' title='bbox 3606 2575 3726 2640; x_wconf 88' lang='lat' dir='ltr'><strong>suis,</strong></span> 
     </span>
    </p>
   </div>
   <div class='ocr_carea' id='block_1_50' title="bbox 2125 2663 3730 2738">
    <p class='ocr_par' dir='ltr' id='par_1_50' title="bbox 2125 2663 3730 2738">
     <span class='ocr_line' id='line_1_50' title="bbox 2125 2663 3730 2738; baseline -0.001 -18"><span class='ocrx_word' id='word_1_375' title='bbox 2125 2667 2329 2738; x_wconf 88' lang='lat' dir='ltr'><strong>quibus</strong></span> <span class='ocrx_word' id='word_1_376' title='bbox 2359 2666 2475 2720; x_wconf 88' lang='lat' dir='ltr'><strong>vias</strong></span> <span class='ocrx_word' id='word_1_377' title='bbox 2523 2663 2753 2720; x_wconf 90' lang='lat' dir='ltr'><strong>Domini</strong></span> <span class='ocrx_word' id='word_1_378' title='bbox 2807 2664 3152 2731; x_wconf 87' lang='lat' dir='ltr'><strong>ambularet,</strong></span> <span class='ocrx_word' id='word_1_379' title='bbox 3190 2663 3476 2736; x_wconf 89' lang='lat' dir='ltr'><strong>disposuit</strong></span> <span class='ocrx_word' id='word_1_380' title='bbox 3519 2667 3644 2735; x_wconf 86' lang='grc'><strong>(31).</strong></span> <span class='ocrx_word' id='word_1_381' title='bbox 3670 2664 3730 2718; x_wconf 84' lang='lat' dir='ltr'><strong>Et</strong></span> 
     </span>
    </p>
   </div>
   <div class='ocr_carea' id='block_1_51' title="bbox 2124 2751 3726 2826">
    <p class='ocr_par' dir='ltr' id='par_1_51' title="bbox 2124 2751 3726 2826">
     <span class='ocr_line' id='line_1_51' title="bbox 2124 2751 3726 2826; baseline -0.002 -18"><span class='ocrx_word' id='word_1_382' title='bbox 2124 2759 2427 2826; x_wconf 90' lang='lat' dir='ltr'><strong>postquam</strong></span> <span class='ocrx_word' id='word_1_383' title='bbox 2441 2770 2500 2807; x_wconf 91' lang='lat' dir='ltr'><strong>se</strong></span> <span class='ocrx_word' id='word_1_384' title='bbox 2519 2752 2810 2806; x_wconf 85' lang='lat' dir='ltr'><strong>mandatis</strong></span> <span class='ocrx_word' id='word_1_385' title='bbox 2829 2751 2930 2807; x_wconf 91' lang='lat' dir='ltr'><strong>Dei</strong></span> <span class='ocrx_word' id='word_1_386' title='bbox 2943 2753 3029 2806; x_wconf 91' lang='lat' dir='ltr'><strong>sui</strong></span> <span class='ocrx_word' id='word_1_387' title='bbox 3050 2751 3273 2806; x_wconf 89' lang='lat' dir='ltr'><strong>cordati</strong></span> <span class='ocrx_word' id='word_1_388' title='bbox 3285 2769 3348 2806; x_wconf 92' lang='lat' dir='ltr'><strong>us</strong></span> <span class='ocrx_word' id='word_1_389' title='bbox 3360 2752 3630 2806; x_wconf 88' lang='lat' dir='ltr'><strong>edoctum</strong></span> <span class='ocrx_word' id='word_1_390' title='bbox 3648 2751 3726 2806; x_wconf 89' lang='lat' dir='ltr'><strong>vel</strong></span> 
     </span>
    </p>
   </div>
   <div class='ocr_carea' id='block_1_52' title="bbox 2123 2841 3720 2913">
    <p class='ocr_par' dir='ltr' id='par_1_52' title="bbox 2123 2841 3720 2913">
     <span class='ocr_line' id='line_1_52' title="bbox 2123 2841 3720 2913; baseline 0 -17"><span class='ocrx_word' id='word_1_391' title='bbox 2123 2841 2517 2897; x_wconf 88' lang='lat' dir='ltr'><strong>illuminatum</strong></span> <span class='ocrx_word' id='word_1_392' title='bbox 2549 2844 2881 2913; x_wconf 88' lang='lat' dir='ltr'><strong>agnoverat,</strong></span> <span class='ocrx_word' id='word_1_393' title='bbox 2915 2841 3129 2912; x_wconf 88' lang='lat' dir='ltr'><strong>juravit</strong></span> <span class='ocrx_word' id='word_1_394' title='bbox 3175 2857 3372 2896; x_wconf 89' lang='lat' dir='ltr'><strong>secum</strong></span> <span class='ocrx_word' id='word_1_395' title='bbox 3405 2846 3464 2895; x_wconf 91' lang='lat' dir='ltr'><strong>et</strong></span> <span class='ocrx_word' id='word_1_396' title='bbox 3491 2841 3720 2896; x_wconf 76' lang='lat' dir='ltr'><strong>firmiter</strong></span> 
     </span>
    </p>
   </div>
   <div class='ocr_carea' id='block_1_53' title="bbox 2121 2929 3726 2995">
    <p class='ocr_par' dir='ltr' id='par_1_53' title="bbox 2121 2929 3726 2995">
     <span class='ocr_line' id='line_1_53' title="bbox 2121 2929 3726 2995; baseline -0.001 -10"><span class='ocrx_word' id='word_1_397' title='bbox 2121 2930 2320 2986; x_wconf 86' lang='lat' dir='ltr'><strong>statuit</strong></span> <span class='ocrx_word' id='word_1_398' title='bbox 2345 2931 2402 2984; x_wconf 91' lang='lat' dir='ltr'><strong>iu</strong></span> <span class='ocrx_word' id='word_1_399' title='bbox 2429 2929 2692 2985; x_wconf 82' lang='lat' dir='ltr'><strong>cordium</strong></span> <span class='ocrx_word' id='word_1_400' title='bbox 2724 2945 2961 2984; x_wconf 90' lang='lat' dir='ltr'><strong>suorum</strong></span> <span class='ocrx_word' id='word_1_401' title='bbox 3009 2929 3262 2995; x_wconf 81' lang='lat' dir='ltr'><strong>secretis,</strong></span> <span class='ocrx_word' id='word_1_402' title='bbox 3293 2929 3585 2984; x_wconf 88' lang='lat' dir='ltr'><strong>custodire</strong></span> <span class='ocrx_word' id='word_1_403' title='bbox 3621 2931 3726 2984; x_wconf 82' lang='lat' dir='ltr'><strong>fine</strong></span> 
     </span>
    </p>
   </div>
   <div class='ocr_carea' id='block_1_54' title="bbox 2125 3017 3725 3090">
    <p class='ocr_par' dir='ltr' id='par_1_54' title="bbox 2125 3017 3725 3090">
     <span class='ocr_line' id='line_1_54' title="bbox 2125 3017 3725 3090; baseline -0.001 -16"><span class='ocrx_word' id='word_1_404' title='bbox 2125 3023 2290 3074; x_wconf 86' lang='lat' dir='ltr'><strong>tenus</strong></span> <span class='ocrx_word' id='word_1_405' title='bbox 2307 3019 2526 3090; x_wconf 90' lang='lat' dir='ltr'><strong>judicia</strong></span> <span class='ocrx_word' id='word_1_406' title='bbox 2544 3017 2782 3089; x_wconf 76' lang='lat' dir='ltr'><strong>justitize</strong></span> <span class='ocrx_word' id='word_1_407' title='bbox 2797 3035 2934 3081; x_wconf 76' lang='lat' dir='ltr'><strong>suae,</strong></span> <span class='ocrx_word' id='word_1_408' title='bbox 2962 3020 3024 3071; x_wconf 90' lang='lat' dir='ltr'><strong>ut</strong></span> <span class='ocrx_word' id='word_1_409' title='bbox 3051 3017 3210 3072; x_wconf 89' lang='lat' dir='ltr'><strong>idem</strong></span> <span class='ocrx_word' id='word_1_410' title='bbox 3234 3017 3520 3072; x_wconf 90' lang='lat' dir='ltr'><strong>Dominus</strong></span> <span class='ocrx_word' id='word_1_411' title='bbox 3543 3017 3611 3072; x_wconf 88' lang='lat' dir='ltr'><strong>de</strong></span> <span class='ocrx_word' id='word_1_412' title='bbox 3631 3019 3725 3072; x_wconf 85' lang='lat' dir='ltr'><strong>hac</strong></span> 
     </span>
    </p>
   </div>
   <div class='ocr_carea' id='block_1_55' title="bbox 2123 3105 3719 3177">
    <p class='ocr_par' dir='ltr' id='par_1_55' title="bbox 2123 3105 3719 3177">
     <span class='ocr_line' id='line_1_55' title="bbox 2123 3105 3719 3177; baseline -0.001 -16"><span class='ocrx_word' id='word_1_413' title='bbox 2123 3107 2326 3162; x_wconf 88' lang='lat' dir='ltr'><strong>eadem</strong></span> <span class='ocrx_word' id='word_1_414' title='bbox 2360 3107 2649 3162; x_wconf 90' lang='lat' dir='ltr'><strong>sententia</strong></span> <span class='ocrx_word' id='word_1_415' title='bbox 2679 3106 2812 3161; x_wconf 91' lang='lat' dir='ltr'><strong>alibi</strong></span> <span class='ocrx_word' id='word_1_416' title='bbox 2863 3106 3090 3160; x_wconf 90' lang='lat' dir='ltr'><strong>dicebat</strong></span> <span class='ocrx_word' id='word_1_417' title='bbox 3120 3123 3134 3172; x_wconf 91' lang='lat'><strong>;</strong></span> <span class='ocrx_word' id='word_1_418' title='bbox 3177 3105 3288 3172; x_wconf 82' lang='lat' dir='ltr'><strong>Qui</strong></span> <span class='ocrx_word' id='word_1_419' title='bbox 3305 3107 3719 3177; x_wconf 77' lang='lat' dir='ltr'><strong>perseveraverit</strong></span> 
     </span>
    </p>
   </div>
   <div class='ocr_carea' id='block_1_56' title="bbox 421 3191 3728 3268">
    <p class='ocr_par' dir='ltr' id='par_1_56' title="bbox 421 3191 3728 3268">
     <span class='ocr_line' id='line_1_56' title="bbox 421 3191 3728 3268; baseline 0 -20"><span class='ocrx_word' id='word_1_420' title='bbox 421 3192 620 3249; x_wconf 84' lang='lat' dir='ltr'><strong>cabilis</strong></span> <span class='ocrx_word' id='word_1_421' title='bbox 647 3193 886 3264; x_wconf 88' lang='lat' dir='ltr'><strong>pariete,</strong></span> <span class='ocrx_word' id='word_1_422' title='bbox 907 3191 1269 3248; x_wconf 90' lang='lat' dir='ltr'><strong>audientibus</strong></span> <span class='ocrx_word' id='word_1_423' title='bbox 1295 3193 1512 3246; x_wconf 88' lang='lat' dir='ltr'><strong>cunctis</strong></span> <span class='ocrx_word' id='word_1_424' title='bbox 1526 3196 1731 3264; x_wconf 89' lang='lat' dir='ltr'><strong>sponte</strong></span> <span class='ocrx_word' id='word_1_425' title='bbox 1760 3211 1881 3261; x_wconf 89' lang='lat' dir='ltr'><strong>sua,</strong></span> <span class='ocrx_word' id='word_1_426' title='bbox 1902 3192 2023 3248; x_wconf 91' lang='lat' dir='ltr'><strong>sine</strong></span> <span class='ocrx_word' id='word_1_427' title='bbox 2048 3199 2094 3260; x_wconf 81' lang='lat' dir='ltr'><strong>C.</strong></span> <span class='ocrx_word' id='word_1_428' title='bbox 2125 3213 2286 3267; x_wconf 81' lang='lat' dir='ltr'><strong>usque</strong></span> <span class='ocrx_word' id='word_1_429' title='bbox 2316 3199 2370 3249; x_wconf 84' lang='lat' dir='ltr'><strong>in</strong></span> <span class='ocrx_word' id='word_1_430' title='bbox 2397 3197 2668 3264; x_wconf 83' lang='lat' dir='ltr'><strong>ﬁnem,hic</strong></span> <span class='ocrx_word' id='word_1_431' title='bbox 2717 3196 2894 3250; x_wconf 78' lang='lat' dir='ltr'><strong>sulcus</strong></span> <span class='ocrx_word' id='word_1_432' title='bbox 2948 3197 3047 3250; x_wconf 89' lang='lat' dir='ltr'><strong>erit</strong></span> <span class='ocrx_word' id='word_1_433' title='bbox 3074 3193 3294 3268; x_wconf 68' lang='lat' dir='ltr'><strong>(Matth.</strong></span> <span class='ocrx_word' id='word_1_434' title='bbox 3327 3199 3506 3264; x_wconf 70' lang='lat'><strong>1,22).</strong></span> <span class='ocrx_word' id='word_1_435' title='bbox 3550 3197 3616 3250; x_wconf 86' lang='lat' dir='ltr'><strong>Et</strong></span> <span class='ocrx_word' id='word_1_436' title='bbox 3634 3195 3728 3249; x_wconf 87' lang='lat' dir='ltr'><strong>ite-</strong></span> 
     </span>
    </p>
   </div>
   <div class='ocr_carea' id='block_1_57' title="bbox 419 3280 2022 3354">
    <p class='ocr_par' dir='ltr' id='par_1_57' title="bbox 419 3280 2022 3354">
     <span class='ocr_line' id='line_1_57' title="bbox 419 3280 2022 3354; baseline 0 -18"><span class='ocrx_word' id='word_1_437' title='bbox 419 3283 574 3336; x_wconf 86' lang='lat' dir='ltr'><strong>tactu</strong></span> <span class='ocrx_word' id='word_1_438' title='bbox 603 3281 960 3354; x_wconf 87' lang='lat' dir='ltr'><strong>cujusquam,</strong></span> <span class='ocrx_word' id='word_1_439' title='bbox 993 3280 1352 3351; x_wconf 88' lang='lat' dir='ltr'><strong>jubilationis</strong></span> <span class='ocrx_word' id='word_1_440' title='bbox 1381 3281 1684 3336; x_wconf 89' lang='lat' dir='ltr'><strong>modulum</strong></span> <span class='ocrx_word' id='word_1_441' title='bbox 1731 3282 1846 3336; x_wconf 87' lang='lat' dir='ltr'><strong>alta</strong></span> <span class='ocrx_word' id='word_1_442' title='bbox 1889 3297 2022 3336; x_wconf 87' lang='lat' dir='ltr'><strong>voce</strong></span> 
     </span>
    </p>
   </div>
   <div class='ocr_carea' id='block_1_58' title="bbox 416 3369 2024 3442">
    <p class='ocr_par' dir='ltr' id='par_1_58' title="bbox 416 3369 2024 3442">
     <span class='ocr_line' id='line_1_58' title="bbox 416 3369 2024 3442; baseline 0.001 -18"><span class='ocrx_word' id='word_1_443' title='bbox 416 3373 772 3440; x_wconf 87' lang='lat' dir='ltr'><strong>personaret.</strong></span> <span class='ocrx_word' id='word_1_444' title='bbox 805 3370 982 3442; x_wconf 87' lang='lat' dir='ltr'><strong>Hujus</strong></span> <span class='ocrx_word' id='word_1_445' title='bbox 1011 3369 1168 3424; x_wconf 90' lang='lat' dir='ltr'><strong>enim</strong></span> <span class='ocrx_word' id='word_1_446' title='bbox 1191 3369 1522 3441; x_wconf 64' lang='lat' dir='ltr'><strong>antiphonas</strong></span> <span class='ocrx_word' id='word_1_447' title='bbox 1554 3369 1870 3424; x_wconf 89' lang='lat' dir='ltr'><strong>melodiam</strong></span> <span class='ocrx_word' id='word_1_448' title='bbox 1891 3386 2024 3425; x_wconf 83' lang='lat' dir='ltr'><strong>con-</strong></span> 
     </span>
    </p>
   </div>
   <div class='ocr_carea' id='block_1_59' title="bbox 415 3457 2020 3530">
    <p class='ocr_par' dir='ltr' id='par_1_59' title="bbox 415 3457 2020 3530">
     <span class='ocr_line' id='line_1_59' title="bbox 415 3457 2020 3530; baseline -0.001 -16"><span class='ocrx_word' id='word_1_449' title='bbox 415 3457 664 3514; x_wconf 82' lang='lat' dir='ltr'><strong>cinendo</strong></span> <span class='ocrx_word' id='word_1_450' title='bbox 687 3457 1152 3530; x_wconf 84' lang='lat' dir='ltr'><strong>personuit,etad</strong></span> <span class='ocrx_word' id='word_1_451' title='bbox 1177 3457 1355 3513; x_wconf 83' lang='lat' dir='ltr'><strong>finem</strong></span> <span class='ocrx_word' id='word_1_452' title='bbox 1379 3475 1555 3529; x_wconf 90' lang='lat' dir='ltr'><strong>usque</strong></span> <span class='ocrx_word' id='word_1_453' title='bbox 1575 3457 1718 3512; x_wconf 88' lang='lat' dir='ltr'><strong>serie</strong></span> <span class='ocrx_word' id='word_1_454' title='bbox 1732 3459 2020 3513; x_wconf 89' lang='lat' dir='ltr'><strong>cantando</strong></span> 
     </span>
    </p>
   </div>
   <div class='ocr_carea' id='block_1_60' title="bbox 411 3545 2017 3619">
    <p class='ocr_par' dir='ltr' id='par_1_60' title="bbox 411 3545 2017 3619">
     <span class='ocr_line' id='line_1_60' title="bbox 411 3545 2017 3619; baseline -0.001 -18"><span class='ocrx_word' id='word_1_455' title='bbox 411 3545 670 3619; x_wconf 78' lang='lat' dir='ltr'><strong>perduxit</strong></span> <span class='ocrx_word' id='word_1_456' title='bbox 697 3563 710 3601; x_wconf 87' lang='lat'><strong>:</strong></span> <span class='ocrx_word' id='word_1_457' title='bbox 742 3547 1004 3606; x_wconf 82' lang='lat' dir='ltr'><strong>Gaudent</strong></span> <span class='ocrx_word' id='word_1_458' title='bbox 1033 3545 1091 3601; x_wconf 92' lang='lat' dir='ltr'><strong>in</strong></span> <span class='ocrx_word' id='word_1_459' title='bbox 1122 3547 1276 3603; x_wconf 65' lang='lat' dir='ltr'><strong>caelis</strong></span> <span class='ocrx_word' id='word_1_460' title='bbox 1303 3546 1516 3602; x_wconf 77' lang='lat' dir='ltr'><strong>animae</strong></span> <span class='ocrx_word' id='word_1_461' title='bbox 1539 3551 1897 3612; x_wconf 88' lang='lat' dir='ltr'><strong>sanctorum,</strong></span> <span class='ocrx_word' id='word_1_462' title='bbox 1921 3546 2017 3618; x_wconf 93' lang='lat' dir='ltr'><strong>qui</strong></span> 
     </span>
    </p>
   </div>
   <div class='ocr_carea' id='block_1_61' title="bbox 412 3633 2016 3707">
    <p class='ocr_par' dir='ltr' id='par_1_61' title="bbox 412 3633 2016 3707">
     <span class='ocr_line' id='line_1_61' title="bbox 412 3633 2016 3707; baseline -0.001 -17"><span class='ocrx_word' id='word_1_463' title='bbox 412 3634 618 3692; x_wconf 87' lang='lat' dir='ltr'><strong>Christi</strong></span> <span class='ocrx_word' id='word_1_464' title='bbox 636 3635 1020 3707; x_wconf 86' lang='lat' dir='ltr'><strong>vestigiasunt</strong></span> <span class='ocrx_word' id='word_1_465' title='bbox 1049 3633 1225 3690; x_wconf 90' lang='lat' dir='ltr'><strong>secuti</strong></span> <span class='ocrx_word' id='word_1_466' title='bbox 1251 3652 1266 3703; x_wconf 91' lang='lat'><strong>;</strong></span> <span class='ocrx_word' id='word_1_467' title='bbox 1290 3637 1349 3688; x_wconf 90' lang='lat' dir='ltr'><strong>et</strong></span> <span class='ocrx_word' id='word_1_468' title='bbox 1379 3634 1515 3706; x_wconf 90' lang='lat' dir='ltr'><strong>quia</strong></span> <span class='ocrx_word' id='word_1_469' title='bbox 1533 3651 1636 3706; x_wconf 91' lang='lat' dir='ltr'><strong>pro</strong></span> <span class='ocrx_word' id='word_1_470' title='bbox 1668 3635 1796 3704; x_wconf 89' lang='lat' dir='ltr'><strong>ejus</strong></span> <span class='ocrx_word' id='word_1_471' title='bbox 1815 3650 2016 3688; x_wconf 90' lang='lat' dir='ltr'><strong>amore</strong></span> 
     </span>
    </p>
   </div>
   <div class='ocr_carea' id='block_1_62' title="bbox 411 3723 2022 3795">
    <p class='ocr_par' dir='ltr' id='par_1_62' title="bbox 411 3723 2022 3795">
     <span class='ocr_line' id='line_1_62' title="bbox 411 3723 2022 3795; baseline -0.001 -17"><span class='ocrx_word' id='word_1_472' title='bbox 411 3723 934 3795; x_wconf 81' lang='lat' dir='ltr'><strong>sanguinemsuum</strong></span> <span class='ocrx_word' id='word_1_473' title='bbox 950 3723 1242 3790; x_wconf 88' lang='lat' dir='ltr'><strong>fuderunt,</strong></span> <span class='ocrx_word' id='word_1_474' title='bbox 1275 3723 1404 3777; x_wconf 91' lang='lat' dir='ltr'><strong>ideo</strong></span> <span class='ocrx_word' id='word_1_475' title='bbox 1429 3739 1561 3776; x_wconf 90' lang='lat' dir='ltr'><strong>cum</strong></span> <span class='ocrx_word' id='word_1_476' title='bbox 1580 3723 1802 3776; x_wconf 76' lang='lat' dir='ltr'><strong>Christo</strong></span> <span class='ocrx_word' id='word_1_477' title='bbox 1815 3738 2022 3792; x_wconf 89' lang='lat' dir='ltr'><strong>regna-</strong></span> 
     </span>
    </p>
   </div>
   <div class='ocr_carea' id='block_1_63' title="bbox 414 3809 2020 3882">
    <p class='ocr_par' dir='ltr' id='par_1_63' title="bbox 414 3809 2020 3882">
     <span class='ocr_line' id='line_1_63' title="bbox 414 3809 2020 3882; baseline -0.001 -15"><span class='ocrx_word' id='word_1_478' title='bbox 414 3811 637 3868; x_wconf 86' lang='lat' dir='ltr'><strong>huntin</strong></span> <span class='ocrx_word' id='word_1_479' title='bbox 666 3815 970 3872; x_wconf 75' lang='lat' dir='ltr'><strong>aeternum.</strong></span> <span class='ocrx_word' id='word_1_480' title='bbox 1013 3811 1175 3876; x_wconf 84' lang='lat' dir='ltr'><strong>Quod</strong></span> <span class='ocrx_word' id='word_1_481' title='bbox 1219 3827 1350 3865; x_wconf 90' lang='lat' dir='ltr'><strong>cum</strong></span> <span class='ocrx_word' id='word_1_482' title='bbox 1387 3809 1700 3878; x_wconf 88' lang='lat' dir='ltr'><strong>audissent,</strong></span> <span class='ocrx_word' id='word_1_483' title='bbox 1728 3810 2020 3882; x_wconf 89' lang='lat' dir='ltr'><strong>perterriti</strong></span> 
     </span>
    </p>
   </div>
   <div class='ocr_carea' id='block_1_64' title="bbox 411 3903 2021 3975">
    <p class='ocr_par' dir='ltr' id='par_1_64' title="bbox 411 3903 2021 3975">
     <span class='ocr_line' id='line_1_64' title="bbox 411 3903 2021 3975; baseline -0.001 -19"><span class='ocrx_word' id='word_1_484' title='bbox 411 3903 534 3956; x_wconf 87' lang='lat' dir='ltr'><strong>tam</strong></span> <span class='ocrx_word' id='word_1_485' title='bbox 563 3903 684 3975; x_wconf 87' lang='lat' dir='ltr'><strong>ipse</strong></span> <span class='ocrx_word' id='word_1_486' title='bbox 705 3919 880 3974; x_wconf 88' lang='lat' dir='ltr'><strong>quam</strong></span> <span class='ocrx_word' id='word_1_487' title='bbox 895 3903 1223 3956; x_wconf 91' lang='lat' dir='ltr'><strong>memorata</strong></span> <span class='ocrx_word' id='word_1_488' title='bbox 1241 3903 1527 3965; x_wconf 87' lang='lat' dir='ltr'><strong>matrona,</strong></span> <span class='ocrx_word' id='word_1_489' title='bbox 1543 3915 1860 3971; x_wconf 78' lang='lat' dir='ltr'><strong>omnesque</strong></span> <span class='ocrx_word' id='word_1_490' title='bbox 1881 3917 2021 3972; x_wconf 90' lang='lat' dir='ltr'><strong>ope-</strong></span> 
     </span>
    </p>
   </div>
   <div class='ocr_carea' id='block_1_65' title="bbox 410 3987 2019 4060">
    <p class='ocr_par' dir='ltr' id='par_1_65' title="bbox 410 3987 2019 4060">
     <span class='ocr_line' id='line_1_65' title="bbox 410 3987 2019 4060; baseline -0.001 -16"><span class='ocrx_word' id='word_1_491' title='bbox 410 3988 647 4045; x_wconf 86' lang='lat' dir='ltr'><strong>ratrices</strong></span> <span class='ocrx_word' id='word_1_492' title='bbox 674 3989 868 4060; x_wconf 90' lang='lat' dir='ltr'><strong>ipsius,</strong></span> <span class='ocrx_word' id='word_1_493' title='bbox 923 3988 1324 4045; x_wconf 86' lang='lat' dir='ltr'><strong>obliviscentes</strong></span> <span class='ocrx_word' id='word_1_494' title='bbox 1393 3987 1636 4042; x_wconf 90' lang='lat' dir='ltr'><strong>omnino</strong></span> <span class='ocrx_word' id='word_1_495' title='bbox 1671 4003 1912 4058; x_wconf 77' lang='lat' dir='ltr'><strong>operum</strong></span> <span class='ocrx_word' id='word_1_496' title='bbox 1959 3987 2019 4042; x_wconf 90' lang='lat' dir='ltr'><strong>in</strong></span> 
     </span>
    </p>
   </div>
   <div class='ocr_carea' id='block_1_66' title="bbox 411 4074 2019 4148">
    <p class='ocr_par' dir='ltr' id='par_1_66' title="bbox 411 4074 2019 4148">
     <span class='ocr_line' id='line_1_66' title="bbox 411 4074 2019 4148; baseline 0 -16"><span class='ocrx_word' id='word_1_497' title='bbox 411 4077 700 4144; x_wconf 87' lang='lat' dir='ltr'><strong>manibus,</strong></span> <span class='ocrx_word' id='word_1_498' title='bbox 733 4076 962 4132; x_wconf 86' lang='lat' dir='ltr'><strong>attoniti</strong></span> <span class='ocrx_word' id='word_1_499' title='bbox 991 4093 1114 4131; x_wconf 90' lang='lat' dir='ltr'><strong>sese</strong></span> <span class='ocrx_word' id='word_1_500' title='bbox 1168 4074 1426 4130; x_wconf 90' lang='lat' dir='ltr'><strong>invicem</strong></span> <span class='ocrx_word' id='word_1_501' title='bbox 1455 4075 1832 4148; x_wconf 89' lang='lat' dir='ltr'><strong>aspiciebant,</strong></span> <span class='ocrx_word' id='word_1_502' title='bbox 1882 4077 2019 4132; x_wconf 89' lang='lat' dir='ltr'><strong>satis</strong></span> 
     </span>
    </p>
   </div>
   <div class='ocr_carea' id='block_1_67' title="bbox 411 4163 2018 4238">
    <p class='ocr_par' dir='ltr' id='par_1_67' title="bbox 411 4163 2018 4238">
     <span class='ocr_line' id='line_1_67' title="bbox 411 4163 2018 4238; baseline 0.001 -18"><span class='ocrx_word' id='word_1_503' title='bbox 411 4164 693 4220; x_wconf 85' lang='lat' dir='ltr'><strong>mirantes</strong></span> <span class='ocrx_word' id='word_1_504' title='bbox 721 4163 862 4236; x_wconf 87' lang='lat' dir='ltr'><strong>quid</strong></span> <span class='ocrx_word' id='word_1_505' title='bbox 879 4163 1018 4220; x_wconf 89' lang='lat' dir='ltr'><strong>illud</strong></span> <span class='ocrx_word' id='word_1_506' title='bbox 1047 4163 1310 4220; x_wconf 86' lang='lat' dir='ltr'><strong>mirabile</strong></span> <span class='ocrx_word' id='word_1_507' title='bbox 1344 4167 1572 4236; x_wconf 87' lang='lat' dir='ltr'><strong>gestum</strong></span> <span class='ocrx_word' id='word_1_508' title='bbox 1591 4165 1722 4220; x_wconf 89' lang='lat' dir='ltr'><strong>novi</strong></span> <span class='ocrx_word' id='word_1_509' title='bbox 1744 4167 2018 4238; x_wconf 80' lang='lat' dir='ltr'><strong>praefigu-</strong></span> 
     </span>
    </p>
   </div>
   <div class='ocr_carea' id='block_1_68' title="bbox 413 4251 865 4323">
    <p class='ocr_par' dir='ltr' id='par_1_68' title="bbox 413 4251 865 4323">
     <span class='ocr_line' id='line_1_68' title="bbox 413 4251 865 4323; baseline 0.002 -17"><span class='ocrx_word' id='word_1_510' title='bbox 413 4253 576 4308; x_wconf 86' lang='lat' dir='ltr'><strong>raret</strong></span> <span class='ocrx_word' id='word_1_511' title='bbox 597 4251 865 4323; x_wconf 85' lang='lat' dir='ltr'><strong>exempli.</strong></span> 
     </span>
    </p>
   </div>
   <div class='ocr_carea' id='block_1_69' title="bbox 1075 4341 1417 4398">
    <p class='ocr_par' dir='ltr' id='par_1_69' title="bbox 1075 4341 1417 4398">
     <span class='ocr_line' id='line_1_69' title="bbox 1075 4341 1417 4398; baseline 0.006 -2"><span class='ocrx_word' id='word_1_512' title='bbox 1075 4341 1296 4396; x_wconf 78' lang='lat' dir='ltr'><strong>CAPUT</strong></span> <span class='ocrx_word' id='word_1_513' title='bbox 1325 4343 1417 4398; x_wconf 89' lang='lat' dir='ltr'><strong>IIl.</strong></span> 
     </span>
    </p>
   </div>
   <div class='ocr_carea' id='block_1_70' title="bbox 403 4425 2014 4502">
    <p class='ocr_par' dir='ltr' id='par_1_70' title="bbox 403 4425 2014 4502">
     <span class='ocr_line' id='line_1_70' title="bbox 403 4425 2014 4502; baseline 0.001 -18"><span class='ocrx_word' id='word_1_514' title='bbox 403 4425 509 4484; x_wconf 79' lang='lat' dir='ltr'><strong>Res</strong></span> <span class='ocrx_word' id='word_1_515' title='bbox 533 4433 692 4500; x_wconf 66' lang='lat' dir='ltr'><strong>gestae</strong></span> <span class='ocrx_word' id='word_1_516' title='bbox 721 4427 814 4484; x_wconf 78' lang='lat' dir='ltr'><strong>sub</strong></span> <span class='ocrx_word' id='word_1_517' title='bbox 839 4426 1128 4486; x_wconf 87' lang='lat' dir='ltr'><strong>Edmundo</strong></span> <span class='ocrx_word' id='word_1_518' title='bbox 1156 4445 1296 4502; x_wconf 73' lang='lat' dir='ltr'><strong>rege.</strong></span> <span class='ocrx_word' id='word_1_519' title='bbox 1342 4430 1587 4486; x_wconf 86' lang='lat' dir='ltr'><strong>Abbatia</strong></span> <span class='ocrx_word' id='word_1_520' title='bbox 1635 4430 2014 4487; x_wconf 80' lang='lat' dir='ltr'><strong>Glastoniensis</strong></span> 
     </span>
    </p>
   </div>
   <div class='ocr_carea' id='block_1_71' title="bbox 651 4519 1766 4590">
    <p class='ocr_par' dir='ltr' id='par_1_71' title="bbox 651 4519 1766 4590">
     <span class='ocr_line' id='line_1_71' title="bbox 651 4519 1766 4590; baseline 0 -16"><span class='ocrx_word' id='word_1_521' title='bbox 651 4524 892 4590; x_wconf 84' lang='lat' dir='ltr'><strong>suscepta</strong></span> <span class='ocrx_word' id='word_1_522' title='bbox 920 4546 938 4586; x_wconf 89' lang='lat'><strong>,-</strong></span> <span class='ocrx_word' id='word_1_523' title='bbox 967 4519 1272 4576; x_wconf 71' lang='lat' dir='ltr'><strong>daemonum</strong></span> <span class='ocrx_word' id='word_1_524' title='bbox 1300 4519 1510 4576; x_wconf 66' lang='lat' dir='ltr'><strong>insidiae</strong></span> <span class='ocrx_word' id='word_1_525' title='bbox 1537 4521 1766 4574; x_wconf 67' lang='lat' dir='ltr'><strong>evitatas.</strong></span> 
     </span>
    </p>
   </div>
   <div class='ocr_carea' id='block_1_72' title="bbox 478 4607 2009 4680">
    <p class='ocr_par' dir='ltr' id='par_1_72' title="bbox 478 4607 2009 4680">
     <span class='ocr_line' id='line_1_72' title="bbox 478 4607 2009 4680; baseline 0.002 -17"><span class='ocrx_word' id='word_1_526' title='bbox 478 4610 563 4664; x_wconf 87' lang='grc'><strong>13.</strong></span> <span class='ocrx_word' id='word_1_527' title='bbox 595 4607 814 4664; x_wconf 88' lang='lat' dir='ltr'><strong>Deinde</strong></span> <span class='ocrx_word' id='word_1_528' title='bbox 841 4611 1034 4666; x_wconf 89' lang='lat' dir='ltr'><strong>autem</strong></span> <span class='ocrx_word' id='word_1_529' title='bbox 1056 4608 1326 4665; x_wconf 86' lang='lat' dir='ltr'><strong>defuncto</strong></span> <span class='ocrx_word' id='word_1_530' title='bbox 1353 4625 1492 4680; x_wconf 88' lang='lat' dir='ltr'><strong>rege</strong></span> <span class='ocrx_word' id='word_1_531' title='bbox 1505 4609 1860 4665; x_wconf 68' lang='lat' dir='ltr'><strong>Ethelstano</strong></span> <span class='ocrx_word' id='word_1_532' title='bbox 1879 4609 2009 4680; x_wconf 84' lang='lat'><strong>(29),</strong></span> 
     </span>
    </p>
   </div>
   <div class='ocr_carea' id='block_1_73' title="bbox 407 4697 2010 4770">
    <p class='ocr_par' dir='ltr' id='par_1_73' title="bbox 407 4697 2010 4770">
     <span class='ocr_line' id='line_1_73' title="bbox 407 4697 2010 4770; baseline 0 -18"><span class='ocrx_word' id='word_1_533' title='bbox 407 4698 466 4752; x_wconf 86' lang='lat' dir='ltr'><strong>et</strong></span> <span class='ocrx_word' id='word_1_534' title='bbox 493 4698 644 4752; x_wconf 86' lang='lat' dir='ltr'><strong>statu</strong></span> <span class='ocrx_word' id='word_1_535' title='bbox 675 4697 1096 4770; x_wconf 89' lang='lat' dir='ltr'><strong>regnimutato,</strong></span> <span class='ocrx_word' id='word_1_536' title='bbox 1112 4697 1268 4770; x_wconf 90' lang='lat' dir='ltr'><strong>regis</strong></span> <span class='ocrx_word' id='word_1_537' title='bbox 1287 4697 1662 4765; x_wconf 90' lang='lat' dir='ltr'><strong>succedentis,</strong></span> <span class='ocrx_word' id='word_1_538' title='bbox 1685 4697 2010 4753; x_wconf 87' lang='lat' dir='ltr'><strong>Eadmundi</strong></span> 
     </span>
    </p>
   </div>
   <div class='ocr_carea' id='block_1_74' title="bbox 405 4783 2010 4858">
    <p class='ocr_par' dir='ltr' id='par_1_74' title="bbox 405 4783 2010 4858">
     <span class='ocr_line' id='line_1_74' title="bbox 405 4783 2010 4858; baseline 0.001 -18"><span class='ocrx_word' id='word_1_539' title='bbox 405 4783 640 4853; x_wconf 85' lang='lat' dir='ltr'><strong>scilicet,</strong></span> <span class='ocrx_word' id='word_1_540' title='bbox 667 4785 991 4842; x_wconf 85' lang='lat' dir='ltr'><strong>sublimitas</strong></span> <span class='ocrx_word' id='word_1_541' title='bbox 1016 4787 1076 4844; x_wconf 87' lang='grc' dir='ltr'><strong>Β.</strong></span> <span class='ocrx_word' id='word_1_542' title='bbox 1103 4787 1486 4854; x_wconf 88' lang='lat' dir='ltr'><strong>Dunstanum,</strong></span> <span class='ocrx_word' id='word_1_543' title='bbox 1509 4784 1608 4858; x_wconf 93' lang='lat' dir='ltr'><strong>qui</strong></span> <span class='ocrx_word' id='word_1_544' title='bbox 1633 4785 1762 4841; x_wconf 62' lang='lat' dir='ltr'><strong>vitae</strong></span> <span class='ocrx_word' id='word_1_545' title='bbox 1797 4787 2010 4856; x_wconf 90' lang='lat' dir='ltr'><strong>proba-</strong></span> 
     </span>
    </p>
   </div>
   <div class='ocr_carea' id='block_1_75' title="bbox 402 4872 2008 4946">
    <p class='ocr_par' dir='ltr' id='par_1_75' title="bbox 402 4872 2008 4946">
     <span class='ocr_line' id='line_1_75' title="bbox 402 4872 2008 4946; baseline 0 -16"><span class='ocrx_word' id='word_1_546' title='bbox 402 4872 531 4930; x_wconf 82' lang='lat' dir='ltr'><strong>bilis</strong></span> <span class='ocrx_word' id='word_1_547' title='bbox 560 4877 620 4930; x_wconf 91' lang='lat' dir='ltr'><strong>et</strong></span> <span class='ocrx_word' id='word_1_548' title='bbox 647 4873 861 4946; x_wconf 70' lang='lat' dir='ltr'><strong>linguas</strong></span> <span class='ocrx_word' id='word_1_549' title='bbox 884 4875 1181 4930; x_wconf 88' lang='lat' dir='ltr'><strong>exstiterat</strong></span> <span class='ocrx_word' id='word_1_550' title='bbox 1193 4873 1454 4940; x_wconf 66' lang='lat' dir='ltr'><strong>eruditae,</strong></span> <span class='ocrx_word' id='word_1_551' title='bbox 1477 4873 1872 4946; x_wconf 89' lang='lat' dir='ltr'><strong>conspectibus</strong></span> <span class='ocrx_word' id='word_1_552' title='bbox 1886 4875 2008 4946; x_wconf 90' lang='lat' dir='ltr'><strong>ejus</strong></span> 
     </span>
    </p>
   </div>
   <div class='ocr_carea' id='block_1_76' title="bbox 403 4961 2008 5034">
    <p class='ocr_par' dir='ltr' id='par_1_76' title="bbox 403 4961 2008 5034">
     <span class='ocr_line' id='line_1_76' title="bbox 403 4961 2008 5034; baseline 0.001 -17"><span class='ocrx_word' id='word_1_553' title='bbox 403 4961 601 5020; x_wconf 88' lang='lat' dir='ltr'><strong>adesse</strong></span> <span class='ocrx_word' id='word_1_554' title='bbox 632 4961 996 5034; x_wconf 64' lang='lat' dir='ltr'><strong>praecepitmt</strong></span> <span class='ocrx_word' id='word_1_555' title='bbox 1020 4963 1195 5018; x_wconf 89' lang='lat' dir='ltr'><strong>etiam</strong></span> <span class='ocrx_word' id='word_1_556' title='bbox 1223 4963 1345 5034; x_wconf 91' lang='lat' dir='ltr'><strong>ipse</strong></span> <span class='ocrx_word' id='word_1_557' title='bbox 1366 4961 1520 5017; x_wconf 89' lang='lat' dir='ltr'><strong>inter</strong></span> <span class='ocrx_word' id='word_1_558' title='bbox 1541 4963 1732 5034; x_wconf 88' lang='lat' dir='ltr'><strong>regios</strong></span> <span class='ocrx_word' id='word_1_559' title='bbox 1743 4978 2008 5033; x_wconf 89' lang='lat' dir='ltr'><strong>proceres</strong></span> 
     </span>
    </p>
   </div>
   <div class='ocr_carea' id='block_1_77' title="bbox 403 5049 2008 5124">
    <p class='ocr_par' dir='ltr' id='par_1_77' title="bbox 403 5049 2008 5124">
     <span class='ocr_line' id='line_1_77' title="bbox 403 5049 2008 5124; baseline 0.001 -19"><span class='ocrx_word' id='word_1_560' title='bbox 403 5053 464 5105; x_wconf 92' lang='lat' dir='ltr'><strong>et</strong></span> <span class='ocrx_word' id='word_1_561' title='bbox 489 5049 775 5124; x_wconf 85' lang='lat' dir='ltr'><strong>palatinos</strong></span> <span class='ocrx_word' id='word_1_562' title='bbox 803 5051 1097 5124; x_wconf 89' lang='lat' dir='ltr'><strong>principes</strong></span> <span class='ocrx_word' id='word_1_563' title='bbox 1127 5053 1615 5107; x_wconf 86' lang='lat' dir='ltr'><strong>annumeraretur</strong></span> <span class='ocrx_word' id='word_1_564' title='bbox 1646 5051 1878 5106; x_wconf 89' lang='lat' dir='ltr'><strong>electus.</strong></span> <span class='ocrx_word' id='word_1_565' title='bbox 1912 5051 2008 5106; x_wconf 89' lang='lat' dir='ltr'><strong>His</strong></span> 
     </span>
    </p>
   </div>
   <div class='ocr_carea' id='block_1_78' title="bbox 397 5136 2008 5212">
    <p class='ocr_par' dir='ltr' id='par_1_78' title="bbox 397 5136 2008 5212">
     <span class='ocr_line' id='line_1_78' title="bbox 397 5136 2008 5212; baseline 0.001 -18"><span class='ocrx_word' id='word_1_566' title='bbox 397 5136 498 5196; x_wconf 85' lang='lat' dir='ltr'><strong>ille</strong></span> <span class='ocrx_word' id='word_1_567' title='bbox 517 5139 778 5212; x_wconf 85' lang='lat' dir='ltr'><strong>imperiis</strong></span> <span class='ocrx_word' id='word_1_568' title='bbox 789 5141 1011 5196; x_wconf 89' lang='lat' dir='ltr'><strong>temere</strong></span> <span class='ocrx_word' id='word_1_569' title='bbox 1024 5156 1141 5194; x_wconf 91' lang='lat' dir='ltr'><strong>non</strong></span> <span class='ocrx_word' id='word_1_570' title='bbox 1154 5139 1550 5206; x_wconf 88' lang='lat' dir='ltr'><strong>resistens,sed</strong></span> <span class='ocrx_word' id='word_1_571' title='bbox 1565 5155 1793 5194; x_wconf 89' lang='lat' dir='ltr'><strong>memor</strong></span> <span class='ocrx_word' id='word_1_572' title='bbox 1816 5139 2008 5212; x_wconf 90' lang='lat' dir='ltr'><strong>potius</strong></span> 
     </span>
    </p>
   </div>
   <div class='ocr_carea' id='block_1_79' title="bbox 399 5225 2004 5299">
    <p class='ocr_par' dir='ltr' id='par_1_79' title="bbox 399 5225 2004 5299">
     <span class='ocr_line' id='line_1_79' title="bbox 399 5225 2004 5299; baseline 0 -15"><span class='ocrx_word' id='word_1_573' title='bbox 399 5225 634 5286; x_wconf 87' lang='lat' dir='ltr'><strong>Domini</strong></span> <span class='ocrx_word' id='word_1_574' title='bbox 660 5227 954 5298; x_wconf 60' lang='lat' dir='ltr'><strong>praecepti,</strong></span> <span class='ocrx_word' id='word_1_575' title='bbox 977 5243 1106 5299; x_wconf 67' lang='lat' dir='ltr'><strong>quae</strong></span> <span class='ocrx_word' id='word_1_576' title='bbox 1125 5226 1278 5298; x_wconf 84' lang='lat' dir='ltr'><strong>regis</strong></span> <span class='ocrx_word' id='word_1_577' title='bbox 1306 5229 1474 5282; x_wconf 85' lang='lat' dir='ltr'><strong>erant</strong></span> <span class='ocrx_word' id='word_1_578' title='bbox 1491 5226 1634 5298; x_wconf 88' lang='lat' dir='ltr'><strong>regi,</strong></span> <span class='ocrx_word' id='word_1_579' title='bbox 1665 5244 1793 5298; x_wconf 69' lang='lat' dir='ltr'><strong>quae</strong></span> <span class='ocrx_word' id='word_1_580' title='bbox 1809 5231 2004 5284; x_wconf 89' lang='lat' dir='ltr'><strong>autem</strong></span> 
     </span>
    </p>
   </div>
   <div class='ocr_carea' id='block_1_80' title="bbox 465 5332 2005 5402">
    <p class='ocr_par' dir='ltr' id='par_1_80' title="bbox 465 5332 2005 5402">
     <span class='ocr_line' id='line_1_80' title="bbox 465 5332 2005 5402; baseline 0.001 -14"><span class='ocrx_word' id='word_1_581' title='bbox 465 5333 606 5402; x_wconf 84' lang='lat'><strong>(29).</strong></span> <span class='ocrx_word' id='word_1_582' title='bbox 637 5332 1024 5388; x_wconf 62' lang='lat' dir='ltr'><strong>xEthelstanus</strong></span> <span class='ocrx_word' id='word_1_583' title='bbox 1047 5349 1147 5386; x_wconf 84' lang='lat' dir='ltr'><strong>rex</strong></span> <span class='ocrx_word' id='word_1_584' title='bbox 1167 5335 1432 5388; x_wconf 90' lang='lat' dir='ltr'><strong>mortuus</strong></span> <span class='ocrx_word' id='word_1_585' title='bbox 1461 5334 1546 5387; x_wconf 89' lang='lat' dir='ltr'><strong>est</strong></span> <span class='ocrx_word' id='word_1_586' title='bbox 1567 5348 1720 5387; x_wconf 92' lang='lat' dir='ltr'><strong>anno</strong></span> <span class='ocrx_word' id='word_1_587' title='bbox 1753 5336 1882 5399; x_wconf 69' lang='grc'><strong>940,</strong></span> <span class='ocrx_word' id='word_1_588' title='bbox 1913 5334 2005 5390; x_wconf 91' lang='lat' dir='ltr'><strong>die</strong></span> 
     </span>
    </p>
   </div>
   <div class='ocr_carea' id='block_1_81' title="bbox 396 5403 2006 5472">
    <p class='ocr_par' dir='ltr' id='par_1_81' title="bbox 396 5403 2006 5472">
     <span class='ocr_line' id='line_1_81' title="bbox 396 5403 2006 5472; baseline 0.002 -15"><span class='ocrx_word' id='word_1_589' title='bbox 396 5420 451 5460; x_wconf 76' lang='grc' dir='ltr'><strong>γι</strong></span> <span class='ocrx_word' id='word_1_590' title='bbox 471 5404 756 5460; x_wconf 83' lang='lat' dir='ltr'><strong>Kalendas</strong></span> <span class='ocrx_word' id='word_1_591' title='bbox 767 5403 1124 5472; x_wconf 85' lang='lat' dir='ltr'><strong>Novembris,</strong></span> <span class='ocrx_word' id='word_1_592' title='bbox 1146 5403 1236 5460; x_wconf 90' lang='lat' dir='ltr'><strong>cui</strong></span> <span class='ocrx_word' id='word_1_593' title='bbox 1247 5403 1603 5460; x_wconf 81' lang='lat' dir='ltr'><strong>Eadmundus</strong></span> <span class='ocrx_word' id='word_1_594' title='bbox 1628 5403 2006 5460; x_wconf 78' lang='lat' dir='ltr'><strong>siveEdmun-</strong></span> 
     </span>
    </p>
   </div>
   <div class='ocr_carea' id='block_1_82' title="bbox 397 5473 1011 5530">
    <p class='ocr_par' dir='ltr' id='par_1_82' title="bbox 397 5473 1011 5530">
     <span class='ocr_line' id='line_1_82' title="bbox 397 5473 1011 5530; baseline -0.003 0"><span class='ocrx_word' id='word_1_595' title='bbox 397 5474 495 5530; x_wconf 87' lang='lat' dir='ltr'><strong>dus</strong></span> <span class='ocrx_word' id='word_1_596' title='bbox 525 5475 706 5530; x_wconf 84' lang='lat' dir='ltr'><strong>frater</strong></span> <span class='ocrx_word' id='word_1_597' title='bbox 727 5473 1011 5530; x_wconf 86' lang='lat' dir='ltr'><strong>successit.</strong></span> 
     </span>
    </p>
   </div>
   <div class='ocr_carea' id='block_1_83' title="bbox 493 5543 1526 5612">
    <p class='ocr_par' dir='ltr' id='par_1_83' title="bbox 493 5543 1526 5612">
     <span class='ocr_line' id='line_1_83' title="bbox 493 5543 1526 5612; baseline -0.001 -11"><span class='ocrx_word' id='word_1_598' title='bbox 493 5549 582 5612; x_wconf 86' lang='lat'><strong>30)</strong></span> <span class='ocrx_word' id='word_1_599' title='bbox 621 5547 742 5600; x_wconf 90' lang='lat' dir='ltr'><strong>lmo</strong></span> <span class='ocrx_word' id='word_1_600' title='bbox 764 5546 824 5600; x_wconf 90' lang='grc' dir='ltr'><strong>Β.</strong></span> <span class='ocrx_word' id='word_1_601' title='bbox 855 5543 1009 5600; x_wconf 90' lang='lat' dir='ltr'><strong>Petri</strong></span> <span class='ocrx_word' id='word_1_602' title='bbox 1035 5545 1120 5598; x_wconf 87' lang='lat' dir='ltr'><strong>est</strong></span> <span class='ocrx_word' id='word_1_603' title='bbox 1149 5543 1332 5599; x_wconf 91' lang='lat' dir='ltr'><strong>dictus</strong></span> <span class='ocrx_word' id='word_1_604' title='bbox 1349 5545 1526 5600; x_wconf 90' lang='lat' dir='ltr'><strong>locus.</strong></span> 
     </span>
    </p>
   </div>
   <div class='ocr_carea' id='block_1_84' title="bbox 469 5614 2011 5696">
    <p class='ocr_par' dir='ltr' id='par_1_84' title="bbox 469 5614 2011 5696">
     <span class='ocr_line' id='line_1_84' title="bbox 469 5614 2011 5696; baseline 0.002 -27"><span class='ocrx_word' id='word_1_605' title='bbox 469 5614 585 5696; x_wconf 77' lang='grc'><strong>(31)</strong></span> <span class='ocrx_word' id='word_1_606' title='bbox 607 5616 883 5696; x_wconf 77' lang='lat' dir='ltr'><strong>Expungo</strong></span> <span class='ocrx_word' id='word_1_607' title='bbox 913 5614 1205 5686; x_wconf 84' lang='lat' dir='ltr'><strong>superﬂua</strong></span> <span class='ocrx_word' id='word_1_608' title='bbox 1233 5615 1346 5671; x_wconf 93' lang='lat' dir='ltr'><strong>duo</strong></span> <span class='ocrx_word' id='word_1_609' title='bbox 1377 5617 1572 5684; x_wconf 88' lang='lat' dir='ltr'><strong>verba,</strong></span> <span class='ocrx_word' id='word_1_610' title='bbox 1599 5615 2011 5674; x_wconf 78' lang='lat' dir='ltr'><strong>misericorditer</strong></span> 
     </span>
    </p>
   </div>
   <div class='ocr_carea' id='block_1_85' title="bbox 397 5686 789 5738">
    <p class='ocr_par' dir='ltr' id='par_1_85' title="bbox 397 5686 789 5738">
     <span class='ocr_line' id='line_1_85' title="bbox 397 5686 789 5738; baseline 0.008 -5"><span class='ocrx_word' id='word_1_611' title='bbox 397 5686 789 5738; x_wconf 81' lang='lat' dir='ltr'><strong>ministrarent.</strong></span> 
     </span>
    </p>
   </div>
   <div class='ocr_carea' id='block_1_86' title="bbox 477 5751 1146 5819">
    <p class='ocr_par' dir='ltr' id='par_1_86' title="bbox 477 5751 1146 5819">
     <span class='ocr_line' id='line_1_86' title="bbox 477 5751 1146 5819; baseline 0.007 -16"><span class='ocrx_word' id='word_1_612' title='bbox 477 5751 594 5819; x_wconf 79' lang='lat'><strong>(32)</strong></span> <span class='ocrx_word' id='word_1_613' title='bbox 614 5753 732 5816; x_wconf 83' lang='lat' dir='ltr'><strong>Ns,,</strong></span> <span class='ocrx_word' id='word_1_614' title='bbox 758 5751 1146 5808; x_wconf 82' lang='lat' dir='ltr'><strong>conversionis.</strong></span> 
     </span>
    </p>
   </div>
   <div class='ocr_carea' id='block_1_87' title="bbox 2123 3283 3728 3356">
    <p class='ocr_par' dir='ltr' id='par_1_87' title="bbox 2123 3283 3728 3356">
     <span class='ocr_line' id='line_1_87' title="bbox 2123 3283 3728 3356; baseline -0.001 -18"><span class='ocrx_word' id='word_1_615' title='bbox 2123 3301 2283 3338; x_wconf 89' lang='lat' dir='ltr'><strong>rum:</strong></span> <span class='ocrx_word' id='word_1_616' title='bbox 2315 3283 2447 3338; x_wconf 84' lang='lat' dir='ltr'><strong>Esto</strong></span> <span class='ocrx_word' id='word_1_617' title='bbox 2497 3283 2668 3352; x_wconf 80' lang='lat' dir='ltr'><strong>ﬁdelis</strong></span> <span class='ocrx_word' id='word_1_618' title='bbox 2731 3301 2892 3356; x_wconf 83' lang='lat' dir='ltr'><strong>usque</strong></span> <span class='ocrx_word' id='word_1_619' title='bbox 2947 3283 3018 3338; x_wconf 88' lang='lat' dir='ltr'><strong>ad</strong></span> <span class='ocrx_word' id='word_1_620' title='bbox 3074 3291 3318 3351; x_wconf 82' lang='lat' dir='ltr'><strong>mortem,</strong></span> <span class='ocrx_word' id='word_1_621' title='bbox 3372 3290 3424 3340; x_wconf 85' lang='lat' dir='ltr'><strong>et</strong></span> <span class='ocrx_word' id='word_1_622' title='bbox 3478 3285 3611 3339; x_wconf 87' lang='lat' dir='ltr'><strong>dabo</strong></span> <span class='ocrx_word' id='word_1_623' title='bbox 3639 3284 3728 3338; x_wconf 85' lang='lat' dir='ltr'><strong>tibi</strong></span> 
     </span>
    </p>
   </div>
   <div class='ocr_carea' id='block_1_88' title="bbox 2123 3370 3725 3445">
    <p class='ocr_par' dir='ltr' id='par_1_88' title="bbox 2123 3370 3725 3445">
     <span class='ocr_line' id='line_1_88' title="bbox 2123 3370 3725 3445; baseline 0 -19"><span class='ocrx_word' id='word_1_624' title='bbox 2123 3388 2368 3426; x_wconf 83' lang='lat' dir='ltr'><strong>coronam</strong></span> <span class='ocrx_word' id='word_1_625' title='bbox 2395 3376 2517 3428; x_wconf 75' lang='lat' dir='ltr'><strong>vitae</strong></span> <span class='ocrx_word' id='word_1_626' title='bbox 2547 3374 2851 3444; x_wconf 77' lang='lat' dir='ltr'><strong>(Apoc.,u,</strong></span> <span class='ocrx_word' id='word_1_627' title='bbox 2884 3373 2989 3444; x_wconf 89' lang='grc'><strong>10).</strong></span> <span class='ocrx_word' id='word_1_628' title='bbox 3025 3370 3117 3427; x_wconf 92' lang='lat' dir='ltr'><strong>Sic</strong></span> <span class='ocrx_word' id='word_1_629' title='bbox 3167 3388 3444 3444; x_wconf 89' lang='lat' dir='ltr'><strong>namque,</strong></span> <span class='ocrx_word' id='word_1_630' title='bbox 3479 3373 3725 3445; x_wconf 86' lang='lat' dir='ltr'><strong>quamvis</strong></span> 
     </span>
    </p>
   </div>
   <div class='ocr_carea' id='block_1_89' title="bbox 2122 3459 3722 3531">
    <p class='ocr_par' dir='ltr' id='par_1_89' title="bbox 2122 3459 3722 3531">
     <span class='ocr_line' id='line_1_89' title="bbox 2122 3459 3722 3531; baseline -0.001 -17"><span class='ocrx_word' id='word_1_631' title='bbox 2122 3460 2426 3526; x_wconf 82' lang='lat' dir='ltr'><strong>laboriose,</strong></span> <span class='ocrx_word' id='word_1_632' title='bbox 2445 3477 2562 3514; x_wconf 88' lang='lat' dir='ltr'><strong>una</strong></span> <span class='ocrx_word' id='word_1_633' title='bbox 2585 3477 2718 3514; x_wconf 91' lang='lat' dir='ltr'><strong>cum</strong></span> <span class='ocrx_word' id='word_1_634' title='bbox 2751 3459 3090 3514; x_wconf 88' lang='lat' dir='ltr'><strong>sublimibus</strong></span> <span class='ocrx_word' id='word_1_635' title='bbox 3118 3459 3177 3514; x_wconf 93' lang='lat' dir='ltr'><strong>in</strong></span> <span class='ocrx_word' id='word_1_636' title='bbox 3205 3460 3384 3530; x_wconf 84' lang='lat' dir='ltr'><strong>regali</strong></span> <span class='ocrx_word' id='word_1_637' title='bbox 3411 3461 3621 3531; x_wconf 86' lang='lat' dir='ltr'><strong>palatio</strong></span> <span class='ocrx_word' id='word_1_638' title='bbox 3635 3459 3722 3514; x_wconf 92' lang='lat' dir='ltr'><strong>diu</strong></span> 
     </span>
    </p>
   </div>
   <div class='ocr_carea' id='block_1_90' title="bbox 2123 3547 3720 3618">
    <p class='ocr_par' dir='ltr' id='par_1_90' title="bbox 2123 3547 3720 3618">
     <span class='ocr_line' id='line_1_90' title="bbox 2123 3547 3720 3618; baseline 0.001 -18"><span class='ocrx_word' id='word_1_639' title='bbox 2123 3547 2389 3618; x_wconf 82' lang='lat' dir='ltr'><strong>degebat,</strong></span> <span class='ocrx_word' id='word_1_640' title='bbox 2420 3547 2582 3602; x_wconf 90' lang='lat' dir='ltr'><strong>binas</strong></span> <span class='ocrx_word' id='word_1_641' title='bbox 2608 3548 2862 3602; x_wconf 85' lang='lat' dir='ltr'><strong>habenas</strong></span> <span class='ocrx_word' id='word_1_642' title='bbox 2891 3564 3051 3602; x_wconf 88' lang='lat' dir='ltr'><strong>sacro</strong></span> <span class='ocrx_word' id='word_1_643' title='bbox 3082 3548 3490 3603; x_wconf 88' lang='lat' dir='ltr'><strong>moderamine</strong></span> <span class='ocrx_word' id='word_1_644' title='bbox 3505 3552 3720 3613; x_wconf 86' lang='lat' dir='ltr'><strong>tenens,</strong></span> 
     </span>
    </p>
   </div>
   <div class='ocr_carea' id='block_1_91' title="bbox 2120 3635 3720 3708">
    <p class='ocr_par' dir='ltr' id='par_1_91' title="bbox 2120 3635 3720 3708">
     <span class='ocr_line' id='line_1_91' title="bbox 2120 3635 3720 3708; baseline 0.001 -20"><span class='ocrx_word' id='word_1_645' title='bbox 2120 3635 2534 3705; x_wconf 83' lang='lat' dir='ltr'><strong>legisvidelicet</strong></span> <span class='ocrx_word' id='word_1_646' title='bbox 2553 3640 2610 3691; x_wconf 88' lang='lat' dir='ltr'><strong>et</strong></span> <span class='ocrx_word' id='word_1_647' title='bbox 2625 3636 2917 3702; x_wconf 70' lang='lat' dir='ltr'><strong>tbeoricaa,</strong></span> <span class='ocrx_word' id='word_1_648' title='bbox 2938 3651 3045 3690; x_wconf 89' lang='lat' dir='ltr'><strong>nec</strong></span> <span class='ocrx_word' id='word_1_649' title='bbox 3067 3653 3186 3690; x_wconf 91' lang='lat' dir='ltr'><strong>non</strong></span> <span class='ocrx_word' id='word_1_650' title='bbox 3210 3639 3268 3690; x_wconf 90' lang='lat' dir='ltr'><strong>et</strong></span> <span class='ocrx_word' id='word_1_651' title='bbox 3292 3636 3566 3708; x_wconf 61' lang='lat' dir='ltr'><strong>practice;</strong></span> <span class='ocrx_word' id='word_1_652' title='bbox 3586 3635 3720 3690; x_wconf 62' lang='lat' dir='ltr'><strong>vita.</strong></span> 
     </span>
    </p>
   </div>
   <div class='ocr_carea' id='block_1_92' title="bbox 2124 3723 3724 3780">
    <p class='ocr_par' dir='ltr' id='par_1_92' title="bbox 2124 3723 3724 3780">
     <span class='ocr_line' id='line_1_92' title="bbox 2124 3723 3724 3780; baseline 0.001 -6"><span class='ocrx_word' id='word_1_653' title='bbox 2124 3723 2393 3778; x_wconf 85' lang='lat' dir='ltr'><strong>Videntes</strong></span> <span class='ocrx_word' id='word_1_654' title='bbox 2404 3740 2536 3778; x_wconf 90' lang='lat' dir='ltr'><strong>vero</strong></span> <span class='ocrx_word' id='word_1_655' title='bbox 2549 3724 2812 3779; x_wconf 90' lang='lat' dir='ltr'><strong>nonnulli</strong></span> <span class='ocrx_word' id='word_1_656' title='bbox 2825 3723 3314 3778; x_wconf 89' lang='lat' dir='ltr'><strong>commorantium</strong></span> <span class='ocrx_word' id='word_1_657' title='bbox 3331 3723 3580 3780; x_wconf 89' lang='lat' dir='ltr'><strong>militum</strong></span> <span class='ocrx_word' id='word_1_658' title='bbox 3590 3725 3724 3780; x_wconf 87' lang='lat' dir='ltr'><strong>hanc</strong></span> 
     </span>
    </p>
   </div>
   <div class='ocr_carea' id='block_1_93' title="bbox 2121 3813 3721 3884">
    <p class='ocr_par' dir='ltr' id='par_1_93' title="bbox 2121 3813 3721 3884">
     <span class='ocr_line' id='line_1_93' title="bbox 2121 3813 3721 3884; baseline 0 -18"><span class='ocrx_word' id='word_1_659' title='bbox 2121 3813 2804 3884; x_wconf 66' lang='lat' dir='ltr'><strong>conversationis(3‘2;suze</strong></span> <span class='ocrx_word' id='word_1_660' title='bbox 2836 3813 3248 3882; x_wconf 88' lang='lat' dir='ltr'><strong>constantiam,</strong></span> <span class='ocrx_word' id='word_1_661' title='bbox 3275 3819 3578 3884; x_wconf 64' lang='lat' dir='ltr'><strong>coeperunt</strong></span> <span class='ocrx_word' id='word_1_662' title='bbox 3601 3828 3721 3868; x_wconf 90' lang='lat' dir='ltr'><strong>eum</strong></span> 
     </span>
    </p>
   </div>
   <div class='ocr_carea' id='block_1_94' title="bbox 2121 3895 3719 3972">
    <p class='ocr_par' dir='ltr' id='par_1_94' title="bbox 2121 3895 3719 3972">
     <span class='ocr_line' id='line_1_94' title="bbox 2121 3895 3719 3972; baseline -0.001 -17"><span class='ocrx_word' id='word_1_663' title='bbox 2121 3900 2289 3955; x_wconf 90' lang='lat' dir='ltr'><strong>unica</strong></span> <span class='ocrx_word' id='word_1_664' title='bbox 2317 3901 2612 3956; x_wconf 84' lang='lat' dir='ltr'><strong>charitatis</strong></span> <span class='ocrx_word' id='word_1_665' title='bbox 2659 3901 2960 3956; x_wconf 89' lang='lat' dir='ltr'><strong>dulcedine</strong></span> <span class='ocrx_word' id='word_1_666' title='bbox 2990 3903 3078 3956; x_wconf 89' lang='lat' dir='ltr'><strong>vel</strong></span> <span class='ocrx_word' id='word_1_667' title='bbox 3104 3895 3506 3972; x_wconf 81' lang='lat' dir='ltr'><strong>germanitatis</strong></span> <span class='ocrx_word' id='word_1_668' title='bbox 3539 3916 3719 3958; x_wconf 85' lang='lat' dir='ltr'><strong>amore</strong></span> 
     </span>
    </p>
   </div>
   <div class='ocr_carea' id='block_1_95' title="bbox 2121 3988 3716 4060">
    <p class='ocr_par' dir='ltr' id='par_1_95' title="bbox 2121 3988 3716 4060">
     <span class='ocr_line' id='line_1_95' title="bbox 2121 3988 3716 4060; baseline 0.001 -18"><span class='ocrx_word' id='word_1_669' title='bbox 2121 3988 2361 4060; x_wconf 88' lang='lat' dir='ltr'><strong>diligere</strong></span> <span class='ocrx_word' id='word_1_670' title='bbox 2372 3991 2468 4044; x_wconf 90' lang='lat' dir='ltr'><strong>.Pe</strong></span> <span class='ocrx_word' id='word_1_671' title='bbox 2477 3991 2701 4060; x_wconf 89' lang='lat' dir='ltr'><strong>rplures</strong></span> <span class='ocrx_word' id='word_1_672' title='bbox 2712 3993 2896 4044; x_wconf 88' lang='lat' dir='ltr'><strong>autem</strong></span> <span class='ocrx_word' id='word_1_673' title='bbox 2911 4006 2942 4044; x_wconf 93' lang='lat' dir='ltr'><strong>e</strong></span> <span class='ocrx_word' id='word_1_674' title='bbox 2956 3989 3574 4058; x_wconf 82' lang='lat' dir='ltr'><strong>contrario,nebulosis</strong></span> <span class='ocrx_word' id='word_1_675' title='bbox 3587 4005 3716 4044; x_wconf 82' lang='lat' dir='ltr'><strong>men-</strong></span> 
     </span>
    </p>
   </div>
   <div class='ocr_carea' id='block_1_96' title="bbox 2120 4075 3716 4150">
    <p class='ocr_par' dir='ltr' id='par_1_96' title="bbox 2120 4075 3716 4150">
     <span class='ocr_line' id='line_1_96' title="bbox 2120 4075 3716 4150; baseline -0.001 -18"><span class='ocrx_word' id='word_1_676' title='bbox 2120 4077 2271 4132; x_wconf 86' lang='lat' dir='ltr'><strong>tibus</strong></span> <span class='ocrx_word' id='word_1_677' title='bbox 2297 4077 2550 4143; x_wconf 88' lang='lat' dir='ltr'><strong>obducti,</strong></span> <span class='ocrx_word' id='word_1_678' title='bbox 2587 4093 2811 4150; x_wconf 86' lang='lat' dir='ltr'><strong>coepere</strong></span> <span class='ocrx_word' id='word_1_679' title='bbox 2842 4077 3114 4132; x_wconf 89' lang='lat' dir='ltr'><strong>eumdem</strong></span> <span class='ocrx_word' id='word_1_680' title='bbox 3149 4077 3250 4132; x_wconf 91' lang='lat' dir='ltr'><strong>Dei</strong></span> <span class='ocrx_word' id='word_1_681' title='bbox 3279 4077 3466 4132; x_wconf 90' lang='lat' dir='ltr'><strong>virum</strong></span> <span class='ocrx_word' id='word_1_682' title='bbox 3494 4075 3716 4134; x_wconf 80' lang='lat' dir='ltr'><strong>amaris-</strong></span> 
     </span>
    </p>
   </div>
   <div class='ocr_carea' id='block_1_97' title="bbox 2119 4163 3719 4238">
    <p class='ocr_par' dir='ltr' id='par_1_97' title="bbox 2119 4163 3719 4238">
     <span class='ocr_line' id='line_1_97' title="bbox 2119 4163 3719 4238; baseline -0.002 -18"><span class='ocrx_word' id='word_1_683' title='bbox 2119 4164 2265 4220; x_wconf 89' lang='lat' dir='ltr'><strong>simo</strong></span> <span class='ocrx_word' id='word_1_684' title='bbox 2300 4163 2432 4220; x_wconf 91' lang='lat' dir='ltr'><strong>odio</strong></span> <span class='ocrx_word' id='word_1_685' title='bbox 2488 4164 2760 4220; x_wconf 88' lang='lat' dir='ltr'><strong>vanitatis</strong></span> <span class='ocrx_word' id='word_1_686' title='bbox 2819 4165 3113 4234; x_wconf 89' lang='lat' dir='ltr'><strong>detestari,</strong></span> <span class='ocrx_word' id='word_1_687' title='bbox 3161 4167 3220 4219; x_wconf 91' lang='lat' dir='ltr'><strong>et</strong></span> <span class='ocrx_word' id='word_1_688' title='bbox 3259 4164 3719 4238; x_wconf 86' lang='lat' dir='ltr'><strong>prosperitatibus</strong></span> 
     </span>
    </p>
   </div>
   <div class='ocr_carea' id='block_1_98' title="bbox 2116 4252 3718 4324">
    <p class='ocr_par' dir='ltr' id='par_1_98' title="bbox 2116 4252 3718 4324">
     <span class='ocr_line' id='line_1_98' title="bbox 2116 4252 3718 4324; baseline 0 -18"><span class='ocrx_word' id='word_1_689' title='bbox 2116 4252 2293 4324; x_wconf 89' lang='lat' dir='ltr'><strong>ipsius</strong></span> <span class='ocrx_word' id='word_1_690' title='bbox 2321 4257 2506 4308; x_wconf 88' lang='lat' dir='ltr'><strong>morte</strong></span> <span class='ocrx_word' id='word_1_691' title='bbox 2541 4252 3088 4308; x_wconf 87' lang='lat' dir='ltr'><strong>tenusiuvidere.Hi</strong></span> <span class='ocrx_word' id='word_1_692' title='bbox 3114 4253 3394 4308; x_wconf 90' lang='lat' dir='ltr'><strong>nimirum</strong></span> <span class='ocrx_word' id='word_1_693' title='bbox 3420 4255 3718 4309; x_wconf 72' lang='lat' dir='ltr'><strong>exsecram-</strong></span> 
     </span>
    </p>
   </div>
   <div class='ocr_carea' id='block_1_99' title="bbox 2114 4340 3708 4414">
    <p class='ocr_par' dir='ltr' id='par_1_99' title="bbox 2114 4340 3708 4414">
     <span class='ocr_line' id='line_1_99' title="bbox 2114 4340 3708 4414; baseline -0.001 -19"><span class='ocrx_word' id='word_1_694' title='bbox 2114 4357 2227 4408; x_wconf 91' lang='lat' dir='ltr'><strong>res,</strong></span> <span class='ocrx_word' id='word_1_695' title='bbox 2250 4340 2308 4396; x_wconf 93' lang='lat' dir='ltr'><strong>in</strong></span> <span class='ocrx_word' id='word_1_696' title='bbox 2335 4345 2714 4412; x_wconf 85' lang='lat' dir='ltr'><strong>augmentum</strong></span> <span class='ocrx_word' id='word_1_697' title='bbox 2749 4342 2985 4397; x_wconf 69' lang='lat' dir='ltr'><strong>malitias</strong></span> <span class='ocrx_word' id='word_1_698' title='bbox 3029 4357 3548 4414; x_wconf 68' lang='lat' dir='ltr'><strong>suae,quoscunque</strong></span> <span class='ocrx_word' id='word_1_699' title='bbox 3584 4340 3708 4401; x_wconf 63' lang='lat' dir='ltr'><strong>alios</strong></span> 
     </span>
    </p>
   </div>
   <div class='ocr_carea' id='block_1_100' title="bbox 2115 4422 3702 4501">
    <p class='ocr_par' dir='ltr' id='par_1_100' title="bbox 2115 4422 3702 4501">
     <span class='ocr_line' id='line_1_100' title="bbox 2115 4422 3702 4501; baseline -0.001 -17"><span class='ocrx_word' id='word_1_700' title='bbox 2115 4433 2406 4501; x_wconf 88' lang='lat' dir='ltr'><strong>poterant,</strong></span> <span class='ocrx_word' id='word_1_701' title='bbox 2439 4431 2512 4485; x_wconf 89' lang='lat' dir='ltr'><strong>ad</strong></span> <span class='ocrx_word' id='word_1_702' title='bbox 2539 4430 3005 4500; x_wconf 87' lang='lat' dir='ltr'><strong>persequendum</strong></span> <span class='ocrx_word' id='word_1_703' title='bbox 3059 4430 3235 4485; x_wconf 89' lang='lat' dir='ltr'><strong>etiam</strong></span> <span class='ocrx_word' id='word_1_704' title='bbox 3281 4430 3566 4484; x_wconf 83' lang='lat' dir='ltr'><strong>famulum</strong></span> <span class='ocrx_word' id='word_1_705' title='bbox 3617 4422 3702 4483; x_wconf 80' lang='lat' dir='ltr'><strong>Dei</strong></span> 
     </span>
    </p>
   </div>
   <div class='ocr_carea' id='block_1_101' title="bbox 2116 4515 3710 4590">
    <p class='ocr_par' dir='ltr' id='par_1_101' title="bbox 2116 4515 3710 4590">
     <span class='ocr_line' id='line_1_101' title="bbox 2116 4515 3710 4590; baseline -0.003 -17"><span class='ocrx_word' id='word_1_706' title='bbox 2116 4518 2522 4590; x_wconf 89' lang='lat' dir='ltr'><strong>deposcebant.</strong></span> <span class='ocrx_word' id='word_1_707' title='bbox 2553 4519 2775 4574; x_wconf 85' lang='lat' dir='ltr'><strong>Tandiu</strong></span> <span class='ocrx_word' id='word_1_708' title='bbox 2825 4518 2984 4573; x_wconf 88' lang='lat' dir='ltr'><strong>enim</strong></span> <span class='ocrx_word' id='word_1_709' title='bbox 3032 4519 3186 4574; x_wconf 89' lang='lat' dir='ltr'><strong>circa</strong></span> <span class='ocrx_word' id='word_1_710' title='bbox 3220 4518 3387 4574; x_wconf 90' lang='lat' dir='ltr'><strong>illum</strong></span> <span class='ocrx_word' id='word_1_711' title='bbox 3437 4515 3710 4573; x_wconf 85' lang='lat' dir='ltr'><strong>torserunt</strong></span> 
     </span>
    </p>
   </div>
   <div class='ocr_carea' id='block_1_102' title="bbox 2110 4605 3706 4680">
    <p class='ocr_par' dir='ltr' id='par_1_102' title="bbox 2110 4605 3706 4680">
     <span class='ocr_line' id='line_1_102' title="bbox 2110 4605 3706 4680; baseline -0.003 -17"><span class='ocrx_word' id='word_1_712' title='bbox 2110 4607 2428 4663; x_wconf 72' lang='lat' dir='ltr'><strong>funiculum</strong></span> <span class='ocrx_word' id='word_1_713' title='bbox 2463 4607 2781 4680; x_wconf 86' lang='lat' dir='ltr'><strong>iniquitatis</strong></span> <span class='ocrx_word' id='word_1_714' title='bbox 2828 4625 3053 4675; x_wconf 91' lang='lat' dir='ltr'><strong>eorum,</strong></span> <span class='ocrx_word' id='word_1_715' title='bbox 3096 4607 3312 4678; x_wconf 89' lang='lat' dir='ltr'><strong>seipsos</strong></span> <span class='ocrx_word' id='word_1_716' title='bbox 3352 4606 3542 4679; x_wconf 88' lang='lat' dir='ltr'><strong>potius</strong></span> <span class='ocrx_word' id='word_1_717' title='bbox 3567 4605 3622 4660; x_wconf 91' lang='lat' dir='ltr'><strong>in</strong></span> <span class='ocrx_word' id='word_1_718' title='bbox 3646 4619 3706 4660; x_wconf 83' lang='lat' dir='ltr'><strong>eo</strong></span> 
     </span>
    </p>
   </div>
   <div class='ocr_carea' id='block_1_103' title="bbox 2111 4690 3702 4768">
    <p class='ocr_par' dir='ltr' id='par_1_103' title="bbox 2111 4690 3702 4768">
     <span class='ocr_line' id='line_1_103' title="bbox 2111 4690 3702 4768; baseline -0.003 -17"><span class='ocrx_word' id='word_1_719' title='bbox 2111 4695 2309 4751; x_wconf 82' lang='lat' dir='ltr'><strong>nexuri</strong></span> <span class='ocrx_word' id='word_1_720' title='bbox 2349 4712 2522 4768; x_wconf 89' lang='lat' dir='ltr'><strong>quam</strong></span> <span class='ocrx_word' id='word_1_721' title='bbox 2537 4696 2723 4764; x_wconf 89' lang='lat' dir='ltr'><strong>illum,</strong></span> <span class='ocrx_word' id='word_1_722' title='bbox 2749 4699 2810 4750; x_wconf 90' lang='lat' dir='ltr'><strong>ut</strong></span> <span class='ocrx_word' id='word_1_723' title='bbox 2829 4697 3016 4767; x_wconf 90' lang='lat' dir='ltr'><strong>ipsum</strong></span> <span class='ocrx_word' id='word_1_724' title='bbox 3033 4713 3234 4768; x_wconf 89' lang='lat' dir='ltr'><strong>regem</strong></span> <span class='ocrx_word' id='word_1_725' title='bbox 3281 4695 3560 4750; x_wconf 85' lang='lat' dir='ltr'><strong>infectum</strong></span> <span class='ocrx_word' id='word_1_726' title='bbox 3593 4690 3702 4746; x_wconf 82' lang='lat' dir='ltr'><strong>vitii</strong></span> 
     </span>
    </p>
   </div>
   <div class='ocr_carea' id='block_1_104' title="bbox 2110 4783 3708 4857">
    <p class='ocr_par' dir='ltr' id='par_1_104' title="bbox 2110 4783 3708 4857">
     <span class='ocr_line' id='line_1_104' title="bbox 2110 4783 3708 4857; baseline -0.003 -19"><span class='ocrx_word' id='word_1_727' title='bbox 2110 4783 2366 4857; x_wconf 90' lang='lat' dir='ltr'><strong>ipsorum</strong></span> <span class='ocrx_word' id='word_1_728' title='bbox 2407 4784 2823 4840; x_wconf 82' lang='lat' dir='ltr'><strong>attaminareut</strong></span> <span class='ocrx_word' id='word_1_729' title='bbox 2855 4787 2914 4839; x_wconf 89' lang='lat' dir='ltr'><strong>et</strong></span> <span class='ocrx_word' id='word_1_730' title='bbox 2940 4785 3239 4840; x_wconf 90' lang='lat' dir='ltr'><strong>credulum</strong></span> <span class='ocrx_word' id='word_1_731' title='bbox 3263 4783 3504 4839; x_wconf 80' lang='lat' dir='ltr'><strong>fallaciis</strong></span> <span class='ocrx_word' id='word_1_732' title='bbox 3525 4794 3708 4837; x_wconf 87' lang='lat' dir='ltr'><strong>eorum</strong></span> 
     </span>
    </p>
   </div>
   <div class='ocr_carea' id='block_1_105' title="bbox 2109 4867 3708 4944">
    <p class='ocr_par' dir='ltr' id='par_1_105' title="bbox 2109 4867 3708 4944">
     <span class='ocr_line' id='line_1_105' title="bbox 2109 4867 3708 4944; baseline -0.005 -16"><span class='ocrx_word' id='word_1_733' title='bbox 2109 4873 2408 4928; x_wconf 83' lang='lat' dir='ltr'><strong>efﬁcerent</strong></span> <span class='ocrx_word' id='word_1_734' title='bbox 2462 4890 2474 4928; x_wconf 91' lang='lat'>:</span> <span class='ocrx_word' id='word_1_735' title='bbox 2501 4872 2597 4944; x_wconf 91' lang='lat' dir='ltr'><strong>qui</strong></span> <span class='ocrx_word' id='word_1_736' title='bbox 2627 4873 2994 4940; x_wconf 87' lang='lat' dir='ltr'><strong>continuo,ut</strong></span> <span class='ocrx_word' id='word_1_737' title='bbox 3013 4873 3172 4944; x_wconf 88' lang='lat' dir='ltr'><strong>prius</strong></span> <span class='ocrx_word' id='word_1_738' title='bbox 3199 4873 3391 4926; x_wconf 86' lang='lat' dir='ltr'><strong>fuerat</strong></span> <span class='ocrx_word' id='word_1_739' title='bbox 3421 4872 3492 4927; x_wconf 91' lang='lat' dir='ltr'><strong>ab</strong></span> <span class='ocrx_word' id='word_1_740' title='bbox 3512 4867 3708 4941; x_wconf 87' lang='lat' dir='ltr'><strong>iniquis</strong></span> 
     </span>
    </p>
   </div>
   <div class='ocr_carea' id='block_1_106' title="bbox 2107 4959 3707 5032">
    <p class='ocr_par' dir='ltr' id='par_1_106' title="bbox 2107 4959 3707 5032">
     <span class='ocr_line' id='line_1_106' title="bbox 2107 4959 3707 5032; baseline -0.003 -17"><span class='ocrx_word' id='word_1_741' title='bbox 2107 4961 2436 5026; x_wconf 89' lang='lat' dir='ltr'><strong>instructus,</strong></span> <span class='ocrx_word' id='word_1_742' title='bbox 2478 4976 2692 5030; x_wconf 88' lang='lat' dir='ltr'><strong>magno</strong></span> <span class='ocrx_word' id='word_1_743' title='bbox 2723 4960 2918 5015; x_wconf 86' lang='lat' dir='ltr'><strong>furore</strong></span> <span class='ocrx_word' id='word_1_744' title='bbox 2968 4963 3289 5032; x_wconf 87' lang='lat' dir='ltr'><strong>permotus,</strong></span> <span class='ocrx_word' id='word_1_745' title='bbox 3343 4959 3512 5032; x_wconf 85' lang='lat' dir='ltr'><strong>jussit</strong></span> <span class='ocrx_word' id='word_1_746' title='bbox 3569 4971 3707 5020; x_wconf 75' lang='lat' dir='ltr'><strong>cuni,</strong></span> 
     </span>
    </p>
   </div>
   <div class='ocr_carea' id='block_1_107' title="bbox 2123 5041 3698 5120">
    <p class='ocr_par' dir='ltr' id='par_1_107' title="bbox 2123 5041 3698 5120">
     <span class='ocr_line' id='line_1_107' title="bbox 2123 5041 3698 5120; baseline -0.004 -16"><span class='ocrx_word' id='word_1_747' title='bbox 2123 5049 2315 5104; x_wconf 88' lang='lat' dir='ltr'><strong>ablata</strong></span> <span class='ocrx_word' id='word_1_748' title='bbox 2339 5048 2820 5120; x_wconf 79' lang='lat' dir='ltr'><strong>dignitate,etiam</strong></span> <span class='ocrx_word' id='word_1_749' title='bbox 2849 5048 3013 5103; x_wconf 89' lang='lat' dir='ltr'><strong>omni</strong></span> <span class='ocrx_word' id='word_1_750' title='bbox 3033 5049 3254 5103; x_wconf 87' lang='lat' dir='ltr'><strong>honore</strong></span> <span class='ocrx_word' id='word_1_751' title='bbox 3284 5046 3516 5118; x_wconf 86' lang='lat' dir='ltr'><strong>privari,</strong></span> <span class='ocrx_word' id='word_1_752' title='bbox 3541 5041 3698 5101; x_wconf 87' lang='lat' dir='ltr'><strong>etsibi</strong></span> 
     </span>
    </p>
   </div>
   <div class='ocr_carea' id='block_1_108' title="bbox 2118 5135 3707 5208">
    <p class='ocr_par' dir='ltr' id='par_1_108' title="bbox 2118 5135 3707 5208">
     <span class='ocr_line' id='line_1_108' title="bbox 2118 5135 3707 5208; baseline -0.004 -16"><span class='ocrx_word' id='word_1_753' title='bbox 2118 5135 2240 5192; x_wconf 86' lang='lat' dir='ltr'><strong>seni</strong></span> <span class='ocrx_word' id='word_1_754' title='bbox 2269 5140 2560 5192; x_wconf 89' lang='lat' dir='ltr'><strong>moratum</strong></span> <span class='ocrx_word' id='word_1_755' title='bbox 2591 5139 2709 5204; x_wconf 80' lang='grc'><strong>(33)</strong></span> <span class='ocrx_word' id='word_1_756' title='bbox 2740 5137 2837 5191; x_wconf 88' lang='lat' dir='ltr'><strong>ubi</strong></span> <span class='ocrx_word' id='word_1_757' title='bbox 2872 5136 3063 5203; x_wconf 88' lang='lat' dir='ltr'><strong>vellet,</strong></span> <span class='ocrx_word' id='word_1_758' title='bbox 3089 5135 3214 5190; x_wconf 88' lang='lat' dir='ltr'><strong>sine</strong></span> <span class='ocrx_word' id='word_1_759' title='bbox 3243 5151 3304 5190; x_wconf 89' lang='lat' dir='ltr'><strong>se</strong></span> <span class='ocrx_word' id='word_1_760' title='bbox 3341 5135 3564 5208; x_wconf 86' lang='lat' dir='ltr'><strong>suisque</strong></span> <span class='ocrx_word' id='word_1_761' title='bbox 3588 5148 3707 5188; x_wconf 91' lang='lat' dir='ltr'><strong>con.</strong></span> 
     </span>
    </p>
   </div>
   <div class='ocr_carea' id='block_1_109' title="bbox 2125 5221 3705 5298">
    <p class='ocr_par' dir='ltr' id='par_1_109' title="bbox 2125 5221 3705 5298">
     <span class='ocr_line' id='line_1_109' title="bbox 2125 5221 3705 5298; baseline -0.004 -18"><span class='ocrx_word' id='word_1_762' title='bbox 2125 5224 2373 5298; x_wconf 90' lang='lat' dir='ltr'><strong>quirere.</strong></span> <span class='ocrx_word' id='word_1_763' title='bbox 2416 5226 2596 5280; x_wconf 86' lang='lat' dir='ltr'><strong>Erant</strong></span> <span class='ocrx_word' id='word_1_764' title='bbox 2615 5227 2807 5280; x_wconf 86' lang='lat' dir='ltr'><strong>autem</strong></span> <span class='ocrx_word' id='word_1_765' title='bbox 2831 5223 2984 5296; x_wconf 91' lang='lat' dir='ltr'><strong>apud</strong></span> <span class='ocrx_word' id='word_1_766' title='bbox 3015 5223 3302 5279; x_wconf 89' lang='lat' dir='ltr'><strong>Ceodriun</strong></span> <span class='ocrx_word' id='word_1_767' title='bbox 3328 5225 3467 5296; x_wconf 70' lang='grc'><strong>(34),</strong></span> <span class='ocrx_word' id='word_1_768' title='bbox 3489 5223 3581 5278; x_wconf 84' lang='lat' dir='ltr'><strong>ubi</strong></span> <span class='ocrx_word' id='word_1_769' title='bbox 3599 5221 3705 5275; x_wconf 69' lang='lat' dir='ltr'><strong>haec</strong></span> 
     </span>
    </p>
   </div>
   <div class='ocr_carea' id='block_1_110' title="bbox 2177 5329 3135 5402">
    <p class='ocr_par' dir='ltr' id='par_1_110' title="bbox 2177 5329 3135 5402">
     <span class='ocr_line' id='line_1_110' title="bbox 2177 5329 3135 5402; baseline 0 -16"><span class='ocrx_word' id='word_1_770' title='bbox 2177 5335 2292 5402; x_wconf 84' lang='lat'><strong>(33)</strong></span> <span class='ocrx_word' id='word_1_771' title='bbox 2327 5329 2601 5397; x_wconf 82' lang='lat' dir='ltr'><strong>Moratus,</strong></span> <span class='ocrx_word' id='word_1_772' title='bbox 2634 5331 2692 5386; x_wconf 90' lang='lat' dir='ltr'><strong>id</strong></span> <span class='ocrx_word' id='word_1_773' title='bbox 2723 5335 2831 5397; x_wconf 88' lang='lat' dir='ltr'><strong>est,</strong></span> <span class='ocrx_word' id='word_1_774' title='bbox 2855 5331 3135 5386; x_wconf 81' lang='lat' dir='ltr'><strong>habitatio.</strong></span> 
     </span>
    </p>
   </div>
   <div class='ocr_carea' id='block_1_111' title="bbox 2182 5397 3699 5475">
    <p class='ocr_par' dir='ltr' id='par_1_111' title="bbox 2182 5397 3699 5475">
     <span class='ocr_line' id='line_1_111' title="bbox 2182 5397 3699 5475; baseline -0.006 -15"><span class='ocrx_word' id='word_1_775' title='bbox 2182 5397 2292 5474; x_wconf 71' lang='grc'><strong>(34)</strong></span> <span class='ocrx_word' id='word_1_776' title='bbox 2333 5402 2602 5475; x_wconf 82' lang='lat' dir='ltr'><strong>Suspicor</strong></span> <span class='ocrx_word' id='word_1_777' title='bbox 2629 5401 2906 5458; x_wconf 84' lang='lat' dir='ltr'><strong>Seorsium</strong></span> <span class='ocrx_word' id='word_1_778' title='bbox 2938 5400 3300 5475; x_wconf 73' lang='lat' dir='ltr'><strong>legendum,</strong></span> <span class='ocrx_word' id='word_1_779' title='bbox 3357 5400 3540 5475; x_wconf 60' lang='lat' dir='ltr'><strong>idque</strong></span> <span class='ocrx_word' id='word_1_780' title='bbox 3565 5397 3699 5475; x_wconf 71' lang='lat' dir='ltr'><strong>idem</strong></span> 
     </span>
    </p>
   </div>
   <div class='ocr_carea' id='block_1_112' title="bbox 2107 5467 3700 5545">
    <p class='ocr_par' dir='ltr' id='par_1_112' title="bbox 2107 5467 3700 5545">
     <span class='ocr_line' id='line_1_112' title="bbox 2107 5467 3700 5545; baseline -0.003 -16"><span class='ocrx_word' id='word_1_781' title='bbox 2107 5467 2229 5530; x_wconf 83' lang='lat' dir='ltr'><strong>esse</strong></span> <span class='ocrx_word' id='word_1_782' title='bbox 2259 5467 2414 5545; x_wconf 83' lang='lat' dir='ltr'><strong>quod</strong></span> <span class='ocrx_word' id='word_1_783' title='bbox 2433 5467 2671 5528; x_wconf 78' lang='lat' dir='ltr'><strong>nmine</strong></span> <span class='ocrx_word' id='word_1_784' title='bbox 2693 5467 3362 5545; x_wconf 58' lang='lat' dir='ltr'><strong>composito&#39;vulgariter</strong></span> <span class='ocrx_word' id='word_1_785' title='bbox 3375 5467 3616 5545; x_wconf 68' lang='lat' dir='ltr'><strong>Windsor</strong></span> <span class='ocrx_word' id='word_1_786' title='bbox 3629 5467 3700 5522; x_wconf 86' lang='lat' dir='ltr'><strong>di-</strong></span> 
     </span>
    </p>
   </div>
   <div class='ocr_carea' id='block_1_113' title="bbox 2108 5540 3697 5615">
    <p class='ocr_par' dir='ltr' id='par_1_113' title="bbox 2108 5540 3697 5615">
     <span class='ocr_line' id='line_1_113' title="bbox 2108 5540 3697 5615; baseline -0.005 -16"><span class='ocrx_word' id='word_1_787' title='bbox 2108 5540 2296 5613; x_wconf 54' lang='lat' dir='ltr'><strong>citur;</strong></span> <span class='ocrx_word' id='word_1_788' title='bbox 2310 5545 2605 5599; x_wconf 86' lang='lat' dir='ltr'><strong>castellum</strong></span> <span class='ocrx_word' id='word_1_789' title='bbox 2636 5540 2900 5615; x_wconf 82' lang='lat' dir='ltr'><strong>regium,</strong></span> <span class='ocrx_word' id='word_1_790' title='bbox 2927 5543 3051 5598; x_wconf 89' lang='lat' dir='ltr'><strong>aliis</strong></span> <span class='ocrx_word' id='word_1_791' title='bbox 3092 5540 3438 5615; x_wconf 74' lang='lat' dir='ltr'><strong>Windefora,</strong></span> <span class='ocrx_word' id='word_1_792' title='bbox 3478 5540 3697 5597; x_wconf 89' lang='lat' dir='ltr'><strong>adsitum</strong></span> 
     </span>
    </p>
   </div>
   <div class='ocr_carea' id='block_1_114' title="bbox 2111 5612 3698 5687">
    <p class='ocr_par' dir='ltr' id='par_1_114' title="bbox 2111 5612 3698 5687">
     <span class='ocr_line' id='line_1_114' title="bbox 2111 5612 3698 5687; baseline -0.007 -15"><span class='ocrx_word' id='word_1_793' title='bbox 2111 5612 2330 5672; x_wconf 86' lang='lat' dir='ltr'><strong>habens</strong></span> <span class='ocrx_word' id='word_1_794' title='bbox 2351 5631 2588 5687; x_wconf 83' lang='lat' dir='ltr'><strong>parcum</strong></span> <span class='ocrx_word' id='word_1_795' title='bbox 2617 5616 2690 5687; x_wconf 81' lang='lat' dir='ltr'><strong>ad</strong></span> <span class='ocrx_word' id='word_1_796' title='bbox 2706 5612 3088 5687; x_wconf 34' lang='lat' dir='ltr'><strong>fvenationem</strong></span> <span class='ocrx_word' id='word_1_797' title='bbox 3109 5617 3170 5668; x_wconf 90' lang='lat' dir='ltr'><strong>et</strong></span> <span class='ocrx_word' id='word_1_798' title='bbox 3212 5612 3414 5687; x_wconf 75' lang='lat' dir='ltr'><strong>silvam</strong></span> <span class='ocrx_word' id='word_1_799' title='bbox 3450 5615 3561 5687; x_wconf 80' lang='lat' dir='ltr'><strong>late</strong></span> <span class='ocrx_word' id='word_1_800' title='bbox 3585 5623 3698 5687; x_wconf 59' lang='lat' dir='ltr'><strong>pro-</strong></span> 
     </span>
    </p>
   </div>
   <div class='ocr_carea' id='block_1_115' title="bbox 2109 5680 3693 5757">
    <p class='ocr_par' dir='ltr' id='par_1_115' title="bbox 2109 5680 3693 5757">
     <span class='ocr_line' id='line_1_115' title="bbox 2109 5680 3693 5757; baseline -0.007 -16"><span class='ocrx_word' id='word_1_801' title='bbox 2109 5680 2365 5742; x_wconf 56' lang='lat' dir='ltr'><strong>tensam:</strong></span> <span class='ocrx_word' id='word_1_802' title='bbox 2387 5687 2508 5742; x_wconf 82' lang='lat' dir='ltr'><strong>Mox</strong></span> <span class='ocrx_word' id='word_1_803' title='bbox 2543 5685 2767 5744; x_wconf 83' lang='lat' dir='ltr'><strong>C’eoddis</strong></span> <span class='ocrx_word' id='word_1_804' title='bbox 2804 5685 3092 5754; x_wconf 86' lang='lat' dir='ltr'><strong>scribitur,</strong></span> <span class='ocrx_word' id='word_1_805' title='bbox 3130 5683 3288 5757; x_wconf 91' lang='lat' dir='ltr'><strong>quod</strong></span> <span class='ocrx_word' id='word_1_806' title='bbox 3320 5684 3550 5756; x_wconf 84' lang='lat' dir='ltr'><strong>longius</strong></span> <span class='ocrx_word' id='word_1_807' title='bbox 3577 5680 3693 5734; x_wconf 79' lang='lat' dir='ltr'><strong>abit.</strong></span> 
     </span>
    </p>
   </div>
  </div>
