3900 6216
211 477 365 537 1437

1530 478 1689 536 VITA
1726 474 1983 536 SANCTI
1996 475 2367 536 DUNSTANI.

3470 482 3492 541 1
3503 484 3606 540 438

210 606 387 663 facta
400 603 692 675 fuerant,
712 603 819 664 viri
831 603 1206 676 venerabiles,
1228 605 1398 680 regni
1417 605 1680 664 videlicet
1696 606 1897 663 Orien-
1922 606 1978 667 Δ
2001 623 2139 663 num
2162 625 2178 676 ;
2200 610 2259 663 et
2273 608 2633 681 apprehensa
2661 607 2783 679 ejus
2812 606 3065 675 dextera,
3078 620 3248 664 causa
3274 604 3610 679 placationis

211 684 293 748 tis
324 692 456 765 (35)
492 695 721 758 nuntii,
740 712 872 751 cum
896 712 1032 767 rege
1052 699 1188 753 tunc
1208 697 1590 769 hospitantes:
1617 715 1758 772 quos
1778 698 1894 766 ille,

217 782 401 854 quasi
469 783 631 854 jam.
662 784 856 840 exsilio
901 785 1225 853 deputatus,
1274 786 1425 842 aliud
1476 782 1581 844 sibi
1618 789 1893 860 ignorans

212 870 575 928 consilium
607 890 910 945 aggressus
940 878 1044 937 est,
1078 874 1136 930 id
1185 891 1356 931 orans
1389 893 1462 930 ne
1483 893 1543 932 se
1574 877 1835 934 relictum
1858 896 1892 934 a

211 975 363 1032 rege
395 960 527 1032 ipsi
557 962 912 1029 desererent,
930 963 1031 1017 sed
1048 979 1239 1018 secum
1264 964 1336 1018 ad
1360 965 1606 1036 patriam
1631 967 1891 1038 quamvis

211 1047 293 1104 ad
326 1047 693 1106 incolatum
726 1051 1127 1123 perducerent.
1180 1054 1252 1107 At
1298 1052 1376 1107 illi
1405 1054 1688 1110 maestitiae
1715 1055 1891 1126 ipsius

212 1137 713 1209 compatientes,
746 1139 1184 1211 spoponderunt
1219 1140 1270 1194 ei
1312 1158 1554 1213 qumque
1606 1142 1771 1214 regni
1804 1143 1888 1199 sui

217 1226 604 1290 commoda,
628 1227 672 1282 si
702 1244 895 1282 secum
926 1227 1303 1283 comitaturus
1328 1230 1531 1285 adiret.

294 1319 387 1371 14.
424 1315 578 1370 Ibat
606 1316 799 1388 itaque
828 1332 927 1371 rex
959 1332 1092 1371 mox
1124 1317 1304 1372 altera
1334 1318 1446 1386 die,
1498 1335 1610 1391 quo
1670 1336 1731 1377 se
1776 1336 1892 1376 una

214 1419 361 1459 eum
389 1402 530 1459 suis
573 1420 737 1459 more
784 1405 951 1459 solito
992 1405 1411 1474 jucundaretur
1467 1409 1782 1464 venabulo:
1835 1415 1892 1468 et

214 1492 370 1547 dum
439 1494 529 1548 ad
565 1493 729 1547 silvas
753 1492 1009 1547 venaturi
1039 1494 1404 1564 perveniunt,
1442 1495 1691 1551 diversos
1723 1498 1892 1552 calles

213 1596 710 1636 nemorosorum
734 1581 1034 1635 tramitum
1059 1582 1321 1637 certatim
1344 1584 1647 1655 arripiunt.
1675 1586 1742 1639 Et
1759 1602 1891 1641 ecce

216 1685 287 1723 ex
325 1669 707 1725 multimodo
763 1670 1244 1725 corniculantium
1291 1672 1531 1743 strepitu
1562 1689 1887 1746 canumque

214 1757 481 1824 latratu,
526 1758 696 1813 multi
727 1774 1026 1814 cervorum
1059 1760 1247 1814 levem
1274 1761 1472 1831 fugam
1506 1760 1788 1817 inierunt:
1818 1780 1885 1817 ex

218 1846 448 1918 quibus
486 1863 596 1901 rex
616 1848 769 1901 solus
790 1863 921 1901 cum
953 1864 1165 1902 canum
1195 1853 1423 1903 caterva
1453 1867 1633 1905 unum
1664 1850 1885 1907 sibive-

217 1938 491 1990 naturus
510 1934 764 2008 excepit:
786 1936 1009 1991 ethunc
1026 1936 1123 1991 diu
1140 1953 1243 2007 per
1260 1937 1483 1992 diversa
1494 1938 1656 1993 devia
1672 1939 1883 2010 equina

220 2022 515 2094 agilitate
537 2040 862 2096 canumque
882 2023 1257 2079 insectatione
1272 2024 1549 2096 fatigavit.
1582 2028 1674 2080 Est
1688 2031 1880 2082 autem

219 2109 304 2165 ibi
342 2111 411 2166 in
443 2111 736 2184 proximis
765 2111 903 2166 locis
930 2112 1193 2179 Ceoddis,
1252 2113 1548 2184 quoddam
1580 2114 1732 2169 inter
1769 2115 1883 2170 alia

220 2200 405 2270 plura
432 2200 671 2272 praecisi
704 2200 920 2255 montis
939 2200 1346 2273 praecipitium,
1379 2202 1527 2258 mira
1557 2203 1790 2274 quidem
1822 2206 1881 2258 et

224 2286 544 2343 immensa
565 2288 956 2359 profunditate
981 2288 1257 2344 devexum
1283 2306 1297 2344 :
1321 2290 1393 2344 ad
1410 2290 1563 2360 quod
1588 2291 1736 2345 idem
1766 2308 1881 2346 cer-

223 2391 351 2442 vus,
390 2375 600 2430 nescio
633 2392 746 2447 quo
779 2378 968 2447 pacto,
1030 2375 1136 2431 nisi
1170 2394 1234 2431 ex
1265 2377 1362 2432 Dei
1394 2381 1450 2431 et
1476 2380 1696 2433 occulto
1727 2379 1878 2434 arbi-

225 2463 369 2529 trio,
396 2463 691 2535 fugiendo
714 2464 972 2531 devenit;
997 2467 1054 2519 et
1084 2481 1337 2536 praeceps
1366 2482 1486 2520 sese
1510 2466 1568 2520 in
1599 2466 1878 2538 imaejus-

225 2549 368 2606 dem
426 2551 752 2624 prmcepitii
789 2569 900 2606 una
946 2570 1077 2607 cum
1117 2552 1354 2607 canibus
1382 2554 1752 2626 sequentibus
1781 2555 1879 2611 de-

230 2639 476 2707 mersit,
521 2643 579 2694 et
617 2640 1002 2710 particulatim
1032 2640 1210 2695 attriti
1264 2640 1323 2694 in
1374 2646 1624 2697 mortem
1666 2644 1882 2714 pariter

228 2730 620 2782 corruerunt.
655 2727 933 2783 Similiter
961 2732 1154 2783 autem
1180 2731 1239 2782 et
1263 2745 1356 2783 rex
1389 2746 1633 2801 sequens
1648 2748 1877 2787 cervum

234 2817 297 2868 et
332 2832 546 2880 canes,
575 2832 706 2870 cum
730 2833 945 2888 magno
967 2816 1210 2872 volantis
1226 2817 1358 2890 equi
1384 2817 1605 2889 impetu
1626 2821 1797 2889 venit,
1822 2829 1880 2880 et

232 2902 445 2958 statim
506 2902 622 2958 viso
676 2903 990 2976 praecipitio
1043 2921 1271 2959 cursum
1322 2907 1692 2962 accelerantis
1721 2910 1875 2981 equi,

237 2994 539 3061 quantum
594 2990 791 3062 quibat
818 2992 1049 3057 viribus,
1081 2993 1333 3047 retinere
1364 2997 1601 3050 conatus
1631 3000 1734 3050 est.
1764 2997 1877 3052 Sed

236 3080 536 3150 quoniam
569 3080 699 3135 colli
739 3081 1094 3136 contumacis
1122 3085 1181 3136 et
1231 3082 1430 3154 rigidae
1475 3083 1707 3138 cervicis
1729 3088 1872 3153 erat,

1995 712 2095 750 seu
2119 697 2295 752 etiam
2323 697 2617 767 dignitatis
2637 697 2920 752 osculatus
2941 702 3025 752 est
3065 696 3248 766 illum,
3282 695 3609 766 ducensque

1994 784 2066 839 ad
2096 786 2509 840 sacerdotalem
2541 786 2897 853 cathedram,
2940 790 2997 840 et
3023 785 3331 856 imponens
3362 784 3523 839 illum
3547 782 3607 837 in

1995 889 2147 938 eam,
2179 873 2351 928 dixit:
2384 876 2513 928 Esto
2536 874 2686 928 sedis
2712 874 2867 928 istius
2892 873 3160 947 princeps
3189 873 3609 947 potensquein-

1993 978 2197 1025 sessor,
2230 965 2285 1016 et
2318 962 2615 1033 praesentis
2644 963 2903 1018 Ecclesiae
2925 961 3288 1019 ﬁdelissimus
3320 962 3525 1029 abbas;
3550 964 3609 1016 et

1991 1050 2270 1122 quidquid
2299 1050 2402 1104 tibi
2435 1051 2507 1105 ad
2538 1050 2713 1105 divini
2763 1052 2943 1106 cultus
2982 1054 3363 1123 augmentum
3412 1052 3497 1105 vel
3533 1049 3606 1104 ad

1995 1154 2169 1194 sacrae
2196 1140 2409 1207 regula:
2442 1140 2906 1211 supplementum
2925 1139 2994 1194 de
3020 1140 3257 1211 propria
3286 1137 3607 1194 adminicu-

1992 1226 2208 1281 latione
2257 1227 2521 1295 defuerit,
2566 1243 2675 1297 ego
2720 1225 2862 1281 illud
2902 1227 3065 1299 regia
3108 1226 3372 1299 largitate
3402 1226 3605 1282 devote

1990 1315 2289 1387 supplebo.

2068 1406 2152 1458 15.
2186 1403 2362 1475 Igitur
2394 1406 2519 1474 post
2572 1403 2695 1459 haec
2743 1420 2936 1458 servus
2975 1403 3077 1458 Dei
3133 1405 3456 1460 Dunstanus
3480 1403 3605 1474 jam

1992 1490 2203 1546 dictam
2230 1491 2571 1563 dignitatem
2591 1492 2753 1563 jussu
2770 1491 2925 1562 regis
2947 1491 3186 1563 regendi
3207 1491 3392 1563 gratia
3420 1508 3605 1546 susce-

1989 1580 2100 1652 pit:
2129 1583 2187 1635 et
2211 1581 2317 1637 hoc
2348 1581 2619 1652 praedicto
2646 1581 2819 1636 modo
2872 1580 3309 1636 saluberrimam
3339 1580 3396 1636 S.
3424 1582 3605 1635 Bene-

1990 1667 2123 1722 dicti
2162 1686 2408 1740 sequens
2429 1669 2871 1735 institutionem,
2901 1669 3121 1741 primus
3150 1670 3327 1724 abbas
3356 1668 3462 1739 (36)
3490 1669 3607 1723 An-

1987 1758 2148 1827 glicas
2164 1758 2412 1813 nationis
2432 1758 2664 1814 enituit:
2692 1758 2884 1830 sicque
2902 1760 3287 1829 spontaneum
3314 1774 3381 1812 ex
3399 1756 3605 1811 aﬂ‘ect‘u

1984 1846 2172 1901 cordis
2184 1846 2527 1901 famulatum
2543 1849 2658 1901 Deo
2673 1846 2915 1901 reddere
2929 1847 3261 1901 devovebat.
3275 1847 3429 1900 Tunc
3442 1862 3604 1916 ergo:

1984 1934 2342 2005 perprudens
2355 1934 2550 2006 opilio,
2569 1934 2822 2005 primum
2838 1937 2999 2005 septa
3010 1934 3389 1988 claustrorum
3405 1950 3606 1988 mona-

1984 2023 2136 2078 sticis
2161 2022 2417 2079 aedificiis
2452 2023 2788 2095 caeterisque
2826 2020 3352 2087 immunitiouibus,
3393 2024 3457 2076 ut
3477 2020 3600 2092 jam

1986 2110 2124 2167 olim
2140 2128 2174 2166 a
2186 2111 2437 2184 quodam
2452 2127 2588 2165 sene
2604 2110 2708 2165 sibi
2723 2110 3061 2165 denotatum
3074 2124 3177 2179 per
3188 2107 3601 2163 revelationem

1983 2200 2188 2266 fuerat,
2218 2216 2283 2253 ex
2317 2199 2477 2255 omni
2505 2201 2666 2271 parte
2702 2197 2944 2254 ﬁrmiter
2998 2194 3272 2263 munivit;
3326 2194 3425 2251 ubi
3466 2212 3599 2250 oves

1980 2286 2326 2347 Dominivas,
2357 2288 2531 2357 longe
2562 2287 2790 2357 lateque
2823 2284 3111 2356 gregatim
3142 2284 3429 2350 collectas,
3462 2300 3535 2338 ne
3564 2299 3598 2338 a

1982 2378 2114 2447 lupo
2164 2374 2432 2429 invisibili
2475 2373 2913 2440 dilaniarentur,
2965 2372 3300 2428 includeret.
3354 2370 3595 2439 Deinde,

1981 2462 2138 2518 idem
2156 2463 2256 2518 Dei
2273 2462 2692 2534 dogmatizator
2711 2464 3093 2534 aggregatum
3121 2458 3446 2515 coenobium
3463 2457 3595 2513 sibi-

1981 2568 2093 2623 que
2120 2551 2491 2606 commissum
2512 2550 2689 2606 divini
2714 2549 2872 2605 verbi
2890 2549 3060 2621 coepit
3075 2548 3335 2605 fomento
3356 2546 3595 2612 nutrire,

1980 2642 2039 2695 et
2066 2641 2227 2695 fonte
2258 2656 2528 2711 superno,
2549 2655 2723 2694 sacra:
2743 2638 2954 2693 scilicet
2984 2637 3291 2708 Scriptura
3318 2635 3596 2690 mellitluo

1982 2729 2328 2783 documento
2358 2732 2580 2800 potare,
2604 2728 2815 2781 docens
2830 2742 2933 2797 per
2972 2728 3242 2797 augustas
3272 2724 3439 2794 huius
3469 2723 3597 2778 vitae

1979 2817 2211 2871 semitas
2242 2818 2315 2872 ad
2331 2820 2575 2871 aeternas
2586 2815 2815 2871 delicias
2833 2815 3132 2887 epularum
3146 2812 3459 2869 caelestium
3474 2828 3595 2866 esse

1979 2892 2416 2959 transeundum.
2434 2907 2594 2961 Patet
2615 2920 2868 2976 namque
2892 2902 3161 2959 omnibus
3186 2917 3333 2974 pene
3359 2899 3601 2955 circum-

1979 3010 2204 3064 quaque
2242 2994 2523 3059 ﬁdelibus,
2566 2994 2742 3065 quod,
2782 2996 2911 3065 post
2959 3007 3276 3063 paucorum
3312 3004 3597 3044 annorum

1976 3080 2459 3151 intercapedines,
2487 3081 2748 3152 discipuli
2780 3097 2924 3152 quos
2950 3080 3070 3151 ipse
3099 3083 3331 3134 teneros
3360 3077 3415 3132 in
3446 3092 3597 3131 veras

239 3182 367 3220 non
391 3168 605 3239 potuit.
643 3168 787 3233 Quid
814 3169 1033 3224 multa?
1060 3169 1227 3225 Omni
1255 3187 1352 3242 spe
1368 3170 1494 3225 vita:
1517 3189 1631 3226 sua:
1664 3173 1872 3241 ablata,
1900 3177 1946 3237 α
1974 3167 2107 3222 ﬁdei
2124 3168 2611 3234 vitem,Christum
2625 3164 3596 3232 videlicetetDominum,suadendo

241 3251 301 3307 in
348 3272 569 3311 manus
621 3256 719 3311 Dei
758 3256 843 3312 sui
883 3257 1138 3312 animam
1188 3259 1634 3328 commendavit,
1683 3261 1875 3316 dicens

239 3341 461 3399 tamen
494 3343 647 3399 intra
681 3361 768 3399 se:
801 3344 1018 3399 Gratias
1064 3346 1165 3400 tibi
1220 3363 1351 3418 ago,
1390 3347 1694 3415 Altissime,
1723 3350 1878 3420 quod

248 3444 345 3485 me
369 3449 496 3487 non
527 3432 768 3487 memini
814 3432 1064 3504 aliquem
1118 3434 1205 3488 his
1263 3435 1462 3489 diebus
1512 3436 1740 3503 laesisse,
1774 3438 1882 3496 nisi

243 3518 439 3575 solum
461 3520 824 3576 Dunstanum
846 3539 859 3575 :
889 3525 945 3576 et
973 3522 1078 3575 hoc
1092 3526 1363 3594 prompta
1382 3526 1674 3580 voluntate
1696 3529 1752 3580 et
1768 3527 1884 3581 vita

250 3613 483 3664 servata
511 3610 910 3665 reconciliatus
938 3610 1044 3664 sibi
1089 3612 1433 3667 emendabo.
1470 3614 1556 3667 Ad
1593 3616 1747 3685 quod
1793 3616 1880 3671 di-

247 3697 440 3765 ctum,
475 3697 631 3753 beati
666 3697 772 3752 viri
800 3698 1041 3765 meritis,
1094 3699 1299 3753 restitit
1329 3717 1508 3771 equus
1548 3702 1727 3773 (quod
1748 3704 1877 3774 jam

260 3782 480 3841 horreo
493 3785 708 3850 dicere)
724 3786 781 3841 in
801 3787 1002 3842 ultimo
1025 3786 1322 3859 praecipitii
1340 3790 1572 3861 cespite,
1588 3792 1681 3847 ubi
1704 3794 1880 3863 pedes

252 3871 482 3941 priores
513 3873 647 3946 equi
673 3874 845 3946 ipsius
870 3892 1019 3948 pene
1048 3876 1282 3930 fuerant
1331 3876 1391 3930 in
1442 3878 1560 3933 ima
1600 3881 1881 3951 voragini-

249 3961 483 4018 ruituri.
514 3963 671 4019 Tunc
692 3963 786 4019 ille
816 3964 987 4019 corde
1010 3964 1226 4035 pariter
1264 3968 1322 4020 et
1338 3983 1435 4021 ore
1461 3968 1742 4024 maximas
1762 3973 1877 4027 Deo

258 4064 365 4120 pro
384 4051 516 4106 vitae
537 4068 652 4107 suae
673 4052 1033 4108 restitutione
1055 4052 1269 4123 gratias
1284 4055 1571 4109 referebat
1586 4060 1643 4111 et
1663 4058 1877 4127 laudes,

253 4152 452 4194 secum
482 4140 655 4211 plane
676 4140 1028 4212 intelligens,
1052 4144 1111 4195 et
1139 4141 1345 4213 saepius
1377 4142 1434 4196 in
1466 4143 1727 4198 cordium
1748 4163 1883 4202 suo-

257 4239 391 4281 rum
422 4227 657 4282 secretis
693 4244 1168 4299 recompensans,
1204 4246 1263 4284 se
1303 4246 1425 4283 esse
1462 4246 1568 4300 pro
1610 4233 1755 4287 tanti
1780 4232 1883 4289 viri

261 4314 516 4370 vindicta
532 4315 789 4371 finitimae
804 4317 977 4372 morti
995 4318 1178 4372 ferme
1200 4317 1561 4389 deputatum;
1580 4324 1636 4372 et
1655 4322 1884 4386 veniens

1974 3255 2318 3322 inseruerat,
2347 3254 2598 3310 ubertim
2646 3255 2999 3322 crescebant,
3061 3258 3118 3309 et
3177 3255 3427 3309 fructum
3459 3251 3597 3307 boni

1980 3344 2166 3417 operis
2187 3343 2480 3410 morigera
2521 3344 2815 3397 venustate
2861 3342 3144 3397 ferebant.
3166 3341 3441 3412 Quodque
3468 3337 3602 3411 post

1982 3436 2104 3491 ilth
2133 3433 2362 3506 plurimi
2388 3432 2769 3487 Ecclesiarum
2783 3435 3060 3502 pastores,
3074 3428 3435 3485 documentis
3446 3427 3596 3482 illius

1985 3528 2041 3580 et
2064 3523 2342 3596 exemplis
2372 3521 2652 3588 instructi,
2678 3520 2751 3577 ad
2779 3520 3026 3575 diversas
3062 3519 3187 3589 jam
3234 3517 3485 3572 civitates
3508 3519 3597 3571 vel

1982 3614 2053 3670 ad
2084 3614 2196 3669 alia
2223 3615 2551 3667 sanctorum
2577 3611 2704 3665 loca
2724 3608 3090 3681 petebantur,
3119 3604 3288 3662 electi
3316 3608 3378 3659 ut
3406 3607 3599 3659 essent

1982 3703 2124 3759 inibi
2154 3701 2298 3757 sacri
2330 3698 2630 3772 regiminis
2660 3702 2715 3753 et
2745 3712 2965 3752 normae
2990 3694 3226 3768 justitiae
3256 3693 3595 3761 imbutores,

1981 3790 2275 3867 praepositi
2310 3788 2589 3855 videlicet,
2623 3785 2846 3852 decani,
2885 3783 3142 3849 abbates,
3175 3780 3424 3854 episcopi
3454 3779 3595 3852 (37):

1981 3883 2157 3937 etiam
2188 3876 2616 3951 archiepiscopi,
2648 3874 2869 3931 caeteris
2898 3890 2968 3929 ex
2991 3871 3289 3929 ordinibus
3316 3873 3595 3942 praestan-

1981 3969 2201 4026 tissimi-
2258 3968 2591 4039 Quicunque
2644 3969 2837 4022 autem
2893 3961 2964 4018 de
3012 3960 3352 4032 discipulatu
3421 3957 3595 4030 ipsius

1980 4057 2182 4124 iisdem
2246 4054 2601 4127 temporibus
2653 4049 2944 4123 corporeis
2995 4047 3232 4105 nexibus
3288 4045 3401 4101 fine
3429 4048 3597 4100 tenus

1982 4145 2234 4212 enodati,
2259 4160 2462 4199 necem
2509 4143 2807 4198 subierunt
2852 4136 3265 4207 inevitabilem,
3286 4135 3402 4190 alta
3429 4134 3595 4207 polo-

1981 4250 2113 4289 rum
2145 4233 2355 4304 gaudia
2371 4234 2567 4303 procul
2588 4231 2762 4287 dubio
2785 4228 3095 4301 petierunt.

2059 4326 2143 4379 16.
2178 4322 2435 4394 Cumque
2482 4325 2749 4376 veternus
2778 4317 2993 4372 invisor
3034 4318 3230 4372 mente
3287 4312 3597 4387 perspicaci

259 4399 529 4470 domum,
553 4403 725 4475 jussit
743 4404 848 4460 sibi
876 4421 1121 4477 propere
1163 4406 1220 4460 B.
1272 4407 1630 4462 Dunstauum
1662 4425 1880 4482 magna
1901 4419 1955 4478 1)
1980 4410 2329 4482 comperiret
2353 4410 2509 4482 quod
2522 4410 2720 4464 beatus
2740 4409 2929 4474 Pater,
2950 4404 3217 4478 equidem
3244 4404 3592 4469 Dunstanus,

250 4501 382 4545 cum
411 4490 784 4547 festinatione
816 4492 1099 4547 advocari.
1125 4493 1233 4558 Qui
1266 4510 1395 4548 cum
1427 4498 1657 4551 vocatus
1687 4499 1876 4554 venis-

251 4579 354 4645 set,
386 4578 472 4634 ait
499 4579 572 4633 ad
602 4596 735 4634 eum
762 4597 888 4636 rex:
925 4580 1149 4636 Festina
1173 4583 1512 4654 quantocius
1544 4590 1872 4656 prmparare

250 4663 351 4721 tibi
375 4667 685 4735 caballum,
708 4673 772 4723 ut
798 4670 979 4741 possis
1010 4687 1237 4725 mecum
1265 4688 1437 4741 parvo
1459 4672 1733 4728 comitatu
1756 4693 1870 4747 quo

252 4749 434 4815 iturus
474 4772 603 4810 sum
634 4756 736 4811 ire.
771 4758 838 4811 Et
865 4758 1162 4826 continuo,
1201 4760 1448 4815 ascensis
1485 4762 1664 4833 equis,
1717 4764 1871 4822 viam

254 4857 378 4912 qua:
410 4843 567 4898 ducit
597 4844 949 4901 Glastoniam
989 4851 1145 4903 recto
1172 4848 1402 4903 tramite
1444 4851 1780 4919 tenuerunt;
1814 4849 1874 4909 et

251 4943 380 4985 cum
428 4931 562 4987 illuc
606 4932 812 4988 ducatu
868 4939 1276 5005 pervenerunt,
1337 4938 1599 4992 ecclesias
1652 4939 1772 5005 Dei,
1812 4954 1875 5006 ut

251 5018 524 5089 oportuit,
560 5021 778 5076 oraturi
811 5021 1190 5079 intraverunt.
1242 5025 1310 5079 Et
1356 5025 1571 5093 statim,
1609 5028 1875 5098 precibus

253 5102 501 5179 impletis
554 5109 835 5181 tersisque
898 5112 1091 5167 ocellis
1150 5129 1181 5167 e
1229 5114 1615 5185 lacrymarum
1658 5114 1873 5189 rivulis,

252 5209 344 5250 rex
367 5195 577 5252 iterato
607 5203 907 5255 vocaverat
934 5201 1009 5255 ad
1046 5218 1106 5256 se
1154 5202 1435 5258 famulum
1486 5204 1587 5259 Dei
1627 5206 1873 5262 Dunsta-

313 5303 429 5379 (3:1)
463 5301 738 5379 Orienlale
767 5321 993 5378 regnum
1024 5306 1284 5379 intelligo
1303 5308 1609 5378 Essexiam,
1631 5313 1874 5369 orienta-

248 5368 340 5426 lem
373 5371 700 5432 Samnium.

311 5442 431 5523 βξ).
456 5444 774 5523 Nempe,_ut
805 5447 857 5501 in
891 5448 1151 5520 sequenti
1174 5449 1607 5523 Vita_Osbernus
1623 5468 1786 5507 num.
1811 5455 1863 5521 4,

248 5515 339 5586 qui
370 5515 681 5569 Glastoniae
704 5520 836 5572 tunc
864 5515 1030 5573 erant
1055 5520 1341 5586 monachi,
1369 5523 1746 5578 monasticam
1779 5515 1865 5579 co;

247 5581 439 5665 lebant
468 5586 712 5665 proprio
731 5605 840 5657 gen
850 5589 918 5665 _l.i_s
938 5590 1195 5665 suaaAritu
1218 5608 1252 5645 a
1284 5581 1651 5665 Benedictino
1674 5594 1862 5650 diver-

247 5658 287 5706 si
312 5658 549 5727 simum,
584 5658 814 5727 qualem
845 5659 999 5713 idem
1042 5660 1327 5715 Osbernus
1356 5662 1642 5719 describit.

309 5725 426 5795 (37)
450 5726 584 5779 Late
600 5725 968 5784 deducuntur
987 5733 1143 5785 lomo
1172 5733 1212 5784 Ι.
1238 5733 1534 5786 monastici
1557 5735 1855 5806 Anglicani

1974 4502 2165 4555 tantas
2187 4497 2293 4551 sibi
2317 4501 2534 4552 turmas
2557 4495 2882 4568 diripiendo
2909 4512 2939 4551 e
2961 4493 3229 4550 manibus
3242 4489 3589 4547 extorsisset.

1972 4586 2267 4663 fraudibus
2297 4585 2732 4658 quibuscunque
2761 4584 2938 4640 valuit
2975 4580 3261 4639 adversari
3291 4578 3419 4646 sibi,
3444 4578 3589 4637 sicut

1965 4679 2091 4750 jam
2116 4674 2377 4743 superius
2400 4673 2556 4745 loqui
2580 4673 2880 4745 coepimus,
2897 4673 3096 4729 diebus
3109 4688 3172 4728 ac
3191 4669 3451 4726 noctibus
3470 4684 3589 4723 non

1972 4762 2226 4820 cessavit.
2260 4764 2404 4817 Nam
2424 4762 2674 4834 quadam
2700 4760 3044 4828 nocte,dum
3069 4760 3286 4816 athleta
3315 4756 3413 4814 Dei
3438 4755 3588 4811 infra

1973 4856 2135 4925 septa
2159 4853 2537 4907 claustrorum
2575 4847 2908 4920 psalmodiis
2960 4849 3276 4922 vigiliisque
3323 4848 3591 4903 constans

1972 4941 2404 5005 immoraretur,
2425 4936 2696 5011 apparuit
2714 4935 2767 4990 ei
2784 4935 2886 4990 Dei
2903 4940 2960 4990 et
2976 4937 3284 4994 hominum
3300 4934 3587 4991 inimicus,

1972 5027 2228 5101 hispidus
2257 5030 2313 5081 et
2342 5027 2585 5080 horrens
2612 5024 2672 5078 in
2720 5023 2917 5079 ursina
2959 5026 3167 5096 specie,
3217 5027 3414 5082 volens
3451 5040 3585 5080 eum

1975 5114 2406 5191 quodammodo
2436 5118 2596 5170 torva
2624 5111 3039 5183 imaginatione
3068 5116 3415 5184 perterrere,
3436 5116 3493 5169 et
3515 5112 3588 5168 ab

1976 5222 2150 5279 Opere
2163 5204 2298 5260 satis
2312 5203 2421 5259 sibi
2441 5202 2731 5259 contrario
2748 5200 3062 5256 dolositatis
3074 5201 3355 5259 industria
3373 5201 3589 5273 aliqua-

1974 5327 2106 5383 pag.
2136 5316 2190 5376 8,
2222 5311 2600 5383 archiepiscopi
2627 5312 2684 5365 et
2712 5309 2938 5383 episcopi
2966 5323 3006 5383 β
3036 5308 3323 5383 con-ventu
3365 5306 3583 5383 Glasto-

1973 5377 2082 5437 eius
2114 5383 2187 5438 ad
2211 5377 2457 5437 diversas
2487 5377 2647 5436 sedes
2676 5377 2949 5446 electi,'el
2976 5378 3129 5432 inter
3141 5377 3246 5432 hos
3275 5380 3584 5431 censentur

2009 5453 2213 5509 roximi
2247 5455 2304 5510 S.
2338 5453 2618 5507 Dunstani
2662 5466 3012 5507 successores
3064 5446 3415 5517 Atkelgam,
3462 5446 3580 5517 sive

2019 5525 2266 5596 delgarus
2296 5528 2354 5579 et
2375 5523 2591 5596 _Sir_icus
2640 5524 2753 5579 sive
2805 5522 3094 5596 Sigericus,
3142 5515 3269 5596 tum
3274 5521 3431 5596 _post
3459 5515 3578 5572 haec

1961 5589 2334 5675 geta'scripta
2357 5594 2422 5675 S._
2454 5594 2724 5675 Elpﬁegus
2747 5589 3085 5675 etE'lnothus
3114 5590 3231 5649 sive
3258 5589 3571 5663 Egclnotus.

1962 5668 2157 5723 Plures
2177 5666 2424 5740 episcopi
2456 5666 2668 5722 ibidem
2698 5666 3040 5721 indicantur.
