3900 6216
317 546 454 634 ωθ

1364 536 1730 594 BRIDFERTI
1766 501 2222 591 amssiausxs
2261 532 2593 592 MONACHI.

3510 537 3669 595 1440

310 665 482 720 tenus
501 659 825 718 dissociare.
881 658 993 716 Sed
1018 673 1147 714 cum
1177 655 1438 729 agonista
1465 655 1565 712 Dei
1597 658 1919 711 monstrum
1947 659 1996 720 Α
2019 658 2249 727 sumpto
2277 654 2620 726 psalmodio,
2643 655 2737 712 ille
2755 656 3526 732 nebulosusillusoragnitns
3543 661 3665 732 est,

317 750 728 807 hocinimicale
744 749 980 822 spiritali
1009 747 1194 815 magis
1220 764 1392 818 quam
1417 743 1920 816 corporaliintuitu
2019 746 2172 798 velut
2204 745 2410 798 umbra
2441 745 2756 816 nigerrima
2785 746 2844 802 in
2882 749 3154 820 pracdicto
3182 750 3487 806 schemate
3519 766 3669 805 con-

311 840 708 912 perspexisset,
741 855 808 892 eo
832 835 1084 890 securior
1108 835 1349 905 inceptis
1371 834 1467 888 Dei
1492 835 1754 889 laudibus
1773 834 1925 887 velut

311 928 398 982 vir
434 928 670 982 invictus
693 923 1038 998 perduravit.
1070 925 1272 978 Postea
1303 927 1493 977 autem
1545 939 1716 994 parvo
1740 921 1924 975 inter-

316 1016 490 1070 misso
515 1017 814 1070 momento
843 1013 1026 1067 adfuit
1045 1011 1123 1065 illi
1147 1011 1376 1078 iterum,
1395 1027 1510 1065 non
1535 1011 1590 1064 in
1615 1009 1818 1080 prioris
1837 1010 1923 1063 lu-

314 1103 492 1158 sionis
521 1103 733 1173 effigie,
763 1101 862 1156 sed
893 1101 952 1155 in
979 1099 1185 1154 canina
1202 1099 1334 1152 satis
1353 1099 1458 1153 sibi
1487 1099 1777 1169 condigna
1797 1115 1922 1170 spe-

315 1191 421 1258 cie,
453 1195 515 1246 ut
533 1195 664 1246 sunt
682 1191 912 1246 fraudes
933 1189 1105 1259 ipsius
1121 1187 1178 1241 in
1193 1187 1772 1258 omnibusimprobac;
1793 1203 1926 1258 qua-

317 1281 482 1334 tenus
524 1279 676 1334 hunc
713 1279 981 1333 simulata
1032 1292 1240 1331 canum
1285 1275 1498 1330 saevitia
1553 1275 1924 1346 impediendo

318 1367 634 1434 deluderct,
668 1371 725 1421 et
754 1367 825 1421 ab
873 1365 1148 1420 orationis
1203 1363 1409 1430 studio,
1439 1363 1480 1416 si
1513 1380 1624 1435 quo
1651 1361 1928 1434 potuisset

313 1454 979 1527 ingenio,sequestraret.
1004 1453 1402 1524 Nequidquam
1419 1453 1613 1505 tamen
1647 1454 1813 1504 tenax
1835 1451 1928 1504 ille

318 1546 570 1598 tentator
593 1543 652 1596 in
671 1542 950 1596 famulum
970 1541 1068 1596 Dei
1093 1539 1354 1595 nefandis
1370 1539 1628 1594 versutim
1650 1556 1762 1593 sua:
1781 1538 1931 1592 frau-

317 1632 482 1687 dibus
512 1631 774 1688 insaniit:
807 1646 980 1701 quem
1008 1629 1260 1700 undique
1301 1628 1478 1682 armis
1507 1628 1639 1682 fidei
1669 1627 1930 1682 fulcitum

321 1720 493 1776 fuisse
514 1720 937 1793 comprobavit;
988 1717 1232 1790 ideoque
1283 1735 1348 1772 ex
1401 1717 1607 1772 eodem
1657 1716 1928 1786 przedicto

325 1811 534 1863 sancta:
553 1807 1140 1880 crucisspiculo,quod
1174 1821 1403 1876 semper
1418 1821 1609 1858 secum
1632 1803 1788 1858 chira
1816 1803 1929 1873 (38)

325 1895 556 1950 dextera
566 1895 911 1950 convehebal
925 1937 938 1961 ,
955 1909 1318 1964 repercussus
1331 1892 1678 1946 annih'ilatus
1699 1894 1801 1945 est.
1819 1891 1930 1945 Sed

326 1987 382 2038 et
411 1984 530 2055 ipse
562 1954 935 2038 nihilominus
973 1954 1039 2036 in.
1070 1981 1299 2036 laudem
1333 1980 1535 2036 Christi
1583 1980 1688 2046 sui,
1728 1980 1932 2050 spretis
1954 1954 2003 2013 B

315 2071 617 2126 adversarii
640 2071 1034 2136 tentamentis,
1056 2069 1676 2140 manebatintrepidus.
1701 2067 1931 2132 Addidit

318 2177 546 2233 quoque
575 2161 728 2214 idem
759 2159 1011 2231 perfidus
1037 2159 1207 2212 draco
1234 2174 1397 2212 more
1416 2157 1643 2227 vipereo
1663 2156 1830 2211 tertio
1849 2173 1933 2210 re-

318 2265 570 2322 serpere,
601 2248 851 2319 probans
881 2247 925 2301 si
955 2247 1102 2300 forte
1126 2246 1309 2300 adhuc
1329 2244 1511 2298 virum
1537 2245 1634 2298 Dei
1653 2245 1937 2298 remissio-

316 2335 395 2390 ris
423 2335 601 2392 animi
628 2335 701 2390 ad
715 2332 1410 2390 vincendummvenisset:
1443 2336 1500 2386 et
1525 2335 1662 2386 tunc
1705 2332 1938 2402 quidem

321 2423 1296 2498 eximprobacordiscompositione
1319 2438 1440 2476 sese
1474 2420 1716 2475 mutavit
1737 2420 1794 2473 in
1819 2425 1936 2475 tur-

319 2530 453 2586 pem
482 2515 862 2585 vulpeculam,
889 2517 949 2566 ut
974 2513 1056 2566 vel
1075 2511 1150 2565 sic
1171 2511 1451 2565 famulum
1484 2509 1582 2564 Dei
1605 2509 1785 2563 cauda
1803 2526 1938 2580 qua-

320 2603 484 2659 tienti
519 2601 792 2673 varioque
821 2601 1072 2655 discursu
1095 2600 1166 2654 ab
1189 2598 1511 2652 intentione
1532 2596 1628 2650 Dei
1653 2597 1738 2651 sui
1777 2615 1940 2652 aver-

321 2694 491 2746 teret.
531 2689 713 2754 Quem
759 2705 889 2742 cum
946 2689 1146 2742 beatus
1193 2689 1362 2740 Pater
1415 2688 1741 2740 Dunstanus
1771 2686 1936 2742 toties

321 2780 769 2834 transmutatum
826 2776 1073 2844 vidisset,
1105 2775 1406 2830 subridens
1434 2774 1574 2828 dixit
1618 2774 1732 2828 illi:
1785 2775 1939 2835 Vade

316 2865 465 2938 jam,
485 2865 740 2930 inimice,
760 2865 893 2936 quia
913 2880 1064 2918 nunc
1094 2863 1322 2918 tibimet
1337 2864 1472 2918 satis
1487 2863 1686 2917 similis
1706 2864 1939 2920 effectus

329 2953 662 3026 apparuisti,
677 2954 939 3025 factoque
960 2953 1140 3007 crucis
1158 2952 1451 3024 signaculo
1473 2953 1738 3009 inimicus
1750 2954 1938 3026 dispa-

327 3040 460 3096 ruit.

398 3132 484 3187 l7.
517 3127 612 3182 His
641 3131 698 3182 et
724 3128 1115 3200 hujuscemodi
1151 3128 1327 3183 armis
1351 3130 1653 3185 larvalibus
1685 3147 1831 3202 saepe
1851 3148 1936 3185 se-

325 3217 529 3272 ductor
551 3217 820 3288 antiquus
846 3217 1079 3272 beatum
1104 3219 1335 3272 Patrem
1391 3220 1770 3286 Dunstanum,
1807 3218 1937 3273 licet

323 3305 484 3360 inani
511 3304 798 3372 conflictu,
820 3305 1106 3376 fatigavit;
1129 3307 1280 3360 velut
1303 3307 1476 3360 etiam
1494 3310 1753 3380 tempore
1787 3325 1935 3380 quo-

321 3393 478 3460 dam,
503 3393 640 3448 dum
671 3393 731 3447 in
761 3393 1040 3448 orationis
1088 3409 1261 3463 opere
1291 3398 1424 3448 ante
1454 3395 1631 3449 altare
1662 3395 1929 3466 martyris

323 3481 528 3536 Christi
571 3482 1079 3554 Georgivigilando
1093 3483 1933 3556 desudaret.fgnoraturitaque

323 3588 436 3645 quo
465 3587 616 3638 casu,
649 3576 844 3626 utrum
875 3588 941 3626 ex
969 3571 1194 3644 prmfati
1223 3572 1570 3626 fraudatoris
1599 3572 1935 3644 injectione,

325 3677 397 3715 an
413 3678 480 3715 ex
502 3660 823 3732 vigiliarum
845 3660 1412 3726 continuatione,sibi
1429 3662 1614 3716 subito
1631 3661 1783 3714 inter
1793 3663 1940 3732 psal-

327 3748 502 3803 lentia
515 3749 690 3802 verba
703 3749 846 3803 lenis
858 3749 1079 3820 soporis
1096 3748 1702 3819 dormitioirrepserat:
1718 3749 1930 3804 visum-

327 3853 438 3908 que
486 3838 572 3890 est
601 3835 703 3904 illi,
740 3853 866 3900 nec,
903 3841 965 3890 ut
993 3836 1070 3890 ita
1100 3835 1308 3902 dicam,
1341 3836 1569 3907 penitus
1598 3837 1936 3905 dormienti,

327 3925 479 3996 quod
501 3923 757 3996 hispidus
776 3941 955 3991 ursus,
969 3923 1174 3994 ingens
1193 3928 1249 3978 et
1269 3924 1796 3996 horribilis,magno
1812 3943 1944 3982 cum

329 4012 549 4086 impetu
574 4011 812 4079 veniret,
835 4013 1191 4083 poneretque
1216 4012 1388 4082 pedes
1405 4013 1747 4080 horrendos,
1775 4017 1845 4071 ad
1861 4016 1944 4072 di-

327 4100 667 4156 laniandum
699 4101 1069 4172 praaparatos,
1097 4115 1268 4170 super
1292 4102 1599 4173 utrumque
1639 4103 1945 4160 humerum

325 4188 476 4243 illius
495 4186 937 4254 sedentis,avido
960 4203 1187 4269 quoque
1206 4187 1369 4242 hiatu‘
1397 4201 1744 4261 superstans,
1779 4193 1942 4264 quasi

327 4277 401 4331 ad
431 4274 824 4330 devorandum
851 4292 1004 4330 eum.
1035 4276 1290 4349 Cumque
1319 4278 1402 4332 vir
1428 4279 1528 4333 Dei
1561 4295 1628 4334 ex
1658 4279 1814 4335 illato
1834 4284 1948 4336 ter-

329 4380 460 4419 rore
491 4361 750 4418 funditus
778 4362 1092 4434 evigilaret,
1125 4365 1370 4436 arripuit
1399 4367 1739 4438 quantocius
1769 4385 1944 4440 quem

329 4470 525 4510 secum
559 4469 788 4526 semper
817 4469 995 4508 manu
1036 4455 1352 4511 advehebat
1377 4456 1666 4524 baculum,
1698 4457 1852 4512 nisus
1879 4475 1944 4512 ex

2021 833 2176 887 fusus
2197 833 2522 887 abscedere.

2097 925 2180 976 l8.
2202 923 2336 976 Erat
2357 939 2606 995 namque
2629 923 2757 978 huic
2778 925 2966 980 eidem
2998 925 3118 980 viro
3158 926 3259 982 Dei
3288 945 3356 982 ex
3387 928 3666 982 humana.

2023 1013 2327 1082 parentum
2353 1013 2767 1082 propagatione
2785 1015 3022 1085 quidam
3043 1033 3380 1087 germanus,
3403 1017 3664 1072 nomine

2023 1097 2344 1165 Wulfricus,
2377 1115 2550 1168 quem
2579 1100 2686 1155 sibi
2709 1102 3022 1158 forinsecus
3043 1104 3100 1158 in
3128 1105 3394 1160 villarum
3408 1121 3661 1160 suarum

2026 1185 2274 1256 negotiis
2306 1189 2602 1256 potentem
2628 1191 3016 1262 praepositum,
3037 1209 3110 1246 ne
3129 1194 3215 1246 vel
3238 1191 3361 1264 ipse
3381 1194 3476 1248 vel
3493 1193 3667 1266 quis-

2025 1275 2179 1345 piam
2205 1291 2270 1327 ex
2303 1276 2620 1332 monastica
2643 1279 2999 1350 professione
3021 1281 3159 1335 foris
3179 1284 3512 1352 vagaretur,
3529 1281 3668 1336 ine-

2026 1366 2125 1436 pta
2153 1361 2234 1415 rei
2263 1368 2548 1423 smcularis
2567 1367 2936 1434 discussione,
2968 1369 3281 1424 constituit.
3315 1369 3415 1424 Hic
3437 1385 3669 1441 nempe

2029 1463 2157 1530 post
2173 1476 2471 1514 emensum
2497 1456 2773 1528 temporis
2803 1455 2890 1509 sui
2919 1455 3188 1527 spatium,
3211 1457 3410 1512 lethali
3451 1456 3669 1512 condi-

2029 1548 2187 1602 tione
2219 1550 2542 1619 praeventus
2571 1545 2951 1616 temporalem
2993 1561 3194 1600 necem
3223 1545 3497 1600 obeundo
3521 1545 3666 1600 sub-

2029 1635 2166 1691 ibat.
2219 1635 2431 1690 Hac'de
2460 1649 2628 1688 causa
2642 1632 3099 1702 contigitomnes
3115 1633 3434 1705 pra-scripti
3451 1633 3669 1706 templi

2031 1725 2344 1780 monachos
2365 1722 2436 1776 ad
2475 1721 2648 1776 funus
2669 1720 2844 1790 ipsius
2879 1721 3104 1788 exiisse;
3131 1721 3473 1793 nullumque
3495 1737 3669 1776 exce-

2034 1815 2129 1885 pto
2162 1813 2366 1866 abbate
2409 1809 2528 1865 solo
2583 1825 2874 1882 parvoque
2927 1809 3264 1864 scholastico
3305 1809 3426 1881 (qui
3459 1813 3674 1881 postea.

2031 1900 2288 1972 pontifex
2311 1899 2564 1963 effectus,
2582 1899 2704 1952 hac
2727 1897 2894 1951 nobis
2915 1896 3218 1970 intimavit)
3243 1897 3405 1952 domi
3424 1914 3671 1952 reman-

2034 1989 2190 2054 sisse,
2224 1991 2287 2041 ut
2311 2005 2444 2042 cum
2475 1987 2650 2041 sacris
2703 1987 2983 2058 exsequiis
3014 1986 3279 2040 examine
3337 2003 3552 2059 corpus
3597 1986 3706 2042 ad‘

2035 2076 2476 2142 monasterium,
2501 2091 2616 2146 quo
2639 2074 3040 2129 tumulandum
3073 2077 3216 2140 erat,
3252 2075 3672 2146 perducerent.

2035 2167 2262 2219 Interea
2289 2164 2465 2218 abbas
2486 2180 2616 2218 cum
2643 2163 2847 2218 eodem
2870 2162 3204 2217 scholastice
3225 2163 3670 2230 ambulabat,ad

2037 2253 2347 2308 videndum
2377 2253 2461 2322 (ut
2480 2251 2738 2320 autumo)
2764 2251 2806 2304 si
2821 2251 2945 2323 jam
2987 2250 3192 2305 fratres
3229 2266 3362 2306 cum
3407 2250 3678 2306 defuncti

2040 2341 2375 2413 corpusculo
2401 2340 2904 2412 prOpinquassent.
2928 2341 2996 2394 Et
3008 2339 3146 2394 dum
3159 2357 3394 2412 semper
3415 2357 3484 2394 ex
3507 2357 3682 2396 more

2037 2429 2336 2504 psallendo
2358 2430 2673 2496 incederet,
2718 2429 2874 2484 venit
2903 2446 2968 2484 ex
2999 2429 3307 2502 improviso
3329 2429 3488 2483 ultra
3517 2428 3679 2483 anti-

2039 2536 2216 2592 quam
2242 2519 2540 2574 ecclesiam
2565 2517 2858 2590 quoddam
2877 2517 3090 2572 missile
3111 2516 3684 2583 saxum,vehementi

2038 2609 2226 2663 volatu
2262 2610 2471 2661 conatu
2493 2605 2644 2660 beati
2667 2605 2850 2660 Patris
2873 2609 3044 2677 caput
3076 2605 3380 2673 collidere;
3403 2605 3530 2672 sed,
3554 2605 3676 2660 Deo

2040 2697 2411 2761 defendente,
2449 2693 2758 2766 nequibat:
2806 2695 3205 2748 verumtamen
3248 2694 3496 2765 pileum,
3555 2709 3672 2765 quo

2037 2787 2208 2856 caput
2243 2783 2487 2850 velabat,
2519 2782 2716 2853 procul
2745 2781 2904 2853 quasi
2921 2781 3197 2854 perticam
3215 2797 3396 2836 unam
3416 2797 3452 2836 a
3481 2781 3673 2853 capite

2041 2873 2345 2927 decussum
2371 2869 2634 2942 projecit.
2669 2869 3094 2933 Quicouversus
3127 2869 3270 2924 dixit
3301 2868 3678 2924 secumince-

2041 2959 2198 3015 denti
2227 2959 2588 3014 scholastica:
2613 2958 2880 3012 Accelcra
2899 2975 3061 3030 ergo,
3085 2959 3142 3013 et
3163 2973 3302 3030 cape
3323 2957 3673 3030 quantocius

2037 3051 2147 3106 hoc
2180 3048 2422 3104 rotabile
2453 3063 2674 3113 saxum,
2701 3050 2764 3100 ut
2785 3047 3008 3102 deferas
3037 3063 3169 3102 eum
3188 3046 3673 3118 conspiciendum

2041 3140 2112 3193 ad
2145 3155 2260 3194 me.
2296 3136 2458 3201 Quod
2491 3152 2622 3190 cum
2653 3135 2748 3190 ille
2781 3135 2952 3190 nimis
2977 3135 3374 3208 ponderosum
3406 3151 3472 3190 ex
3507 3135 3674 3206 jussu

2037 3228 2220 3283 Patris
2241 3227 2326 3280 vix
2349 3225 2625 3280 elevando
2650 3226 2966 3293 reveheret,
3011 3224 3091 3280 ait
3110 3225 3479 3280 venerandus
3496 3226 3671 3280 Pater

2003 3297 2019 3319 λ
2041 3318 2365 3371 Dunstanus
2391 3331 2402 3368 :
2434 3314 2477 3369 Ο
2509 3313 2818 3368 adversans
2839 3312 3098 3368 inimice!
3116 3313 3241 3384 jam
3271 3313 3370 3368 diu
3409 3329 3480 3368 ex
3507 3312 3675 3368 indu-

2041 3404 2181 3459 stria
2225 3403 2481 3474 maligna
2513 3403 2682 3473 hujus
2729 3401 2870 3456 mihi
2919 3401 3127 3472 lapidis
3169 3401 3348 3456 ictum
3389 3401 3671 3456 insidians

2042 3493 2426 3565 prccparabas.
2453 3491 2573 3545 Non
2605 3489 2763 3544 enim
2792 3493 2934 3556 erat,
2959 3489 3292 3544 testimonio
3320 3491 3666 3545 multorum.

2041 3579 2371 3652 hujusmodi
2416 3579 2560 3650 lapis
2617 3578 2934 3633 admodum
2978 3595 3228 3649 magnus
3284 3579 3374 3633 vel
3407 3579 3675 3634 modicus

2043 3670 2102 3725 in
2137 3669 2224 3724 his
2255 3667 2774 3722 Sumcrsetensium
2834 3667 2949 3739 (39)
3002 3666 3236 3734 finibus,
3273 3666 3381 3721 nisi
3423 3666 3574 3722 forte
3604 3667 3668 3723 in

2045 3757 2392 3830 quibuslibet
2421 3755 2662 3828 lapideis
2680 3755 2973 3827 operibus:
3007 3759 3065 3810 et
3093 3755 3306 3810 idcirco
3341 3757 3536 3826 palam
3565 3772 3672 3826 pa-

2047 3846 2152 3902 tuit
2178 3847 2248 3901 de
2278 3845 2438 3916 cuius
2469 3845 2732 3917 improba
2759 3861 2937 3899 manu
2967 3843 3206 3898 emissus
3227 3845 3531 3916 prosilivit.
3563 3845 3667 3900 Ve-

2045 3940 2375 3992 rumtamen
2410 3936 2537 4005 post
2560 3935 2682 3988 hanc
2701 3933 2869 4004 jussit
2889 3931 3074 4004 ipsum
3101 3949 3326 4000 saxum,
3348 3932 3485 3988 licet
3509 3932 3670 3988 insui

2046 4023 2459 4080 detrimentum
2505 4022 2746 4078 missum
2789 4022 3006 4090 fuisset,
3049 4017 3327 4078 custodia:
3389 4022 3673 4078 innexum

2047 4113 2206 4187 quasi
2235 4129 2342 4184 pro
2374 4111 2703 4168 testimonio
2735 4129 3047 4167 reservare.

2685 4200 2909 4256 CAPUT
2939 4201 3026 4256 IV.

2043 4291 2181 4348 Acta
2237 4290 2332 4344 sub
2386 4287 2604 4344 Edredo
2657 4295 2706 4344 et
2761 4288 2954 4362 Edujo
3005 4289 3262 4362 “regibus.
3320 4287 3673 4362 Episcopatus

2541 4369 2831 4415 recusatus.
2874 4360 3164 4414 Exsilium.

2120 4452 2210 4505 {9.
2240 4451 2551 4521 Perempto
2575 4448 2751 4522 igitur
2792 4465 2930 4522 rege
2951 4449 3292 4504 Eadmundo
3325 4449 3440 4522 (40)
3463 4450 3538 4504 ab
3568 4449 3673 4505 iui-

329 4544 586 4600 humano
604 4542 796 4597 furore
817 4541 1132 4598 nefandum
1147 4546 1473 4598 monstrum
1496 4549 1812 4616 percutere:
1831 4545 1945 4600 ictu
1968 4541 2022 4600 D
2047 4556 2159 4612 quo
2186 4539 2438 4610 deplore
2477 4537 2611 4610 (41),
2653 4555 2786 4592 mox
2811 4539 3108 4610 proximus
3130 4539 3338 4607 δεῖρε,
3380 4539 3672 4596 Eadredus

329 4635 526 4686 tamen
557 4647 904 4702 supervacuo
929 4631 1206 4702 percussit
1234 4631 1430 4704 templi
1458 4633 1944 4702 parietem,maxi-

332 4738 494 4776 inum
521 4721 781 4792 plausum
815 4737 918 4791 per
937 4737 1110 4774 omne
1137 4721 1416 4792 templum
1435 4721 1800 4776 audientibus
1821 4723 1948 4776 red-

334 4810 494 4864 dens.
527 4809 651 4881 Ipse
673 4811 865 4862 autem
883 4807 940 4862 in
964 4825 1022 4862 se
1052 4809 1406 4880 regrediens,
1431 4809 1714 4864 validioris
1735 4827 1944 4883 pugna:

327 4912 664 4969 congressus
693 4895 844 4963 iniit,
865 4895 1018 4949 hunc
1040 4896 1302 4951 videlicet
1341 4898 1624 4968 psalmum
1653 4898 1796 4952 sacri
1819 4915 1944 4952 cer-

330 4985 564 5042 taminis
595 4983 986 5038 decantando:
1015 4982 1293 5054 Exsurgat
1314 4985 1706 5057 Deus,usque;
1734 4988 1809 5042 sic
1813 5005 1940 5058 per-

331 5081 453 5130 eant
474 5079 770 5145 peccatores
793 5088 829 5126 α
851 5072 992 5141 facie
1013 5072 1118 5126 Dei
1139 5071 1312 5143 (Psal.
1345 5089 1512 5141 1.xvn,
1541 5073 1618 5145 3),
1647 5077 1707 5128 ut
1735 5093 1906 5148 supra
1930 5101 1944 5152 ς

331 5179 469 5218 nam
501 5177 568 5216 eo
599 5161 656 5214 in
684 5161 826 5214 loco'
847 5164 1146 5230 superatus
1175 5177 1208 5214 a
1239 5177 1466 5228 somno,
1494 5163 1772 5232 psallendi
1831 5168 1947 5219 stu-

337 5249 496 5306 dium
528 5246 854 5318 dereliquit,
883 5250 940 5301 et
964 5247 1289 5315 confestim,
1322 5252 1384 5302 ut
1411 5249 1592 5316 aiunt,
1627 5249 1685 5304 in
1717 5251 1823 5307 hoc
1859 5271 1947 5308 re-

411 5356 526 5427 (38)
550 5352 738 5428 Q/tira,
771 5352 831 5406 id
853 5355 958 5428 est,
990 5370 1200 5428 manus,
1233 5353 1424 5409 Grazce
1453 5355 1580 5428 χείίρ.

404 5423 520 5498 (39)
546 5423 974 5506 βυπιρνςδείιρηδὶε
1025 5425 1328 5506 comitatus
1375 5423 1820 5506 apudlqcciduos
1847 5429 1950 5506 Sa-

333 5495 510 5572 x_o_nes
543 5495 605 5572 in
653 5495 997 5572 cujus-agro
1030 5495 1462 5572 _Glasto_niensis
1500 5497 1732 5554 abbatia
1784 5503 1950 5572 vulgo

341 5563 784 5634 Glassenburg,’a
823 5563 1081 5618 Ferrario
1128 5567 1278 5620 male
1327 5569 1563 5624 confusa
1592 5585 1719 5624 cum
1751 5563 1954 5627 similis

339 5635 590 5688 nominis
611 5635 1094 5705 aliomonaslerio
1124 5635 1181 5688 in
1218 5637 1442 5705 Cantio,
1467 5640 1538 5693 ad
1569 5641 1820 5696 confinia
1851 5644 1954 5698 Sa-

338 5718 554 5758 xonum
575 5701 1066 5767 meridionalium.

407 5767 520 5840 (40)
556 5767 921 5826 Eadmundus
940 5787 1036 5825 rex
1061 5777 1394 5845 peremptus
1415 5778 1499 5830 est
1519 5793 1672 5834 anno
1691 5780 1816 5847 946,
1861 5781 1952 5836 die

2045 4627 2328 4695 videlicet,
2350 4643 2599 4698 regnum
2631 4628 2892 4680 naturale
2923 4626 3167 4680 fratrem
3189 4627 3554 4682 succedendo
3573 4644 3666 4682 su-

2046 4715 2243 4788 scepit.
2275 4717 2373 4770 f-lic
2406 4715 2598 4787 itaque
2628 4715 2686 4769 in
2702 4715 3055 4769 sublimitate
3095 4715 3402 4769 roboratus
3433 4715 3667 4770 beatum

2044 4807 2276 4860 Patrem
2305 4805 2666 4858 Dunstanum
2697 4807 2861 4859 tanto
2892 4803 3187 4857 charitatis
3217 4803 3430 4858 ardore
3450 4803 3667 4873 dilexit,

2045 4897 2107 4948 ut
2139 4894 2359 4947 nullum
2383 4909 2530 4964 pene
2557 4909 2622 4947 ex
2656 4891 2906 4964 primatu
2929 4891 3035 4946 sibi
3059 4891 3422 4962 praetulisset.
3448 4893 3668 4947 Atcon-

2045 4987 2136 5038 tra
2161 4982 2244 5036 vir
2269 4981 2390 5048 Dei,
2425 4984 2485 5034 ut
2507 4980 2768 5052 diligenti
2793 4995 2852 5034 se
2898 4979 3078 5034 vicem
3113 4981 3332 5035 amoris
3356 4981 3432 5036 ab
3463 4979 3669 5037 intimo

2046 5070 2232 5125 cordis
2253 5069 2458 5124 affectu
2471 5069 2836 5140 rependeret,
2858 5067 3121 5122 omnium
3135 5067 3243 5122 sibi
3263 5068 3670 5126 charissimam

2048 5159 2210 5214 solita
2257 5156 2639 5229 appellatione
2652 5173 2850 5227 regem
2871 5155 3224 5211 acclamavit.
3245 5157 3320 5210 Ex
3336 5158 3445 5212 hac
3467 5158 3674 5230 quippe

2048 5246 2344 5300 charitatis
2372 5244 2603 5311 fiducia,
2625 5243 2916 5298 commisit
2937 5243 3018 5298 illi
3067 5261 3166 5298 rex
3187 5245 3413 5316 optima
3435 5262 3674 5318 quasque

2049 5354 2118 5409 26
2147 5351 2272 5407 Maii
2303 5350 2447 5406 feria
2475 5355 2528 5406 2.

2121 5421 2519 5494 (41),Clcptor,
2566 5437 2601 5476 a
2641 5419 3127 5494 Malmesburiensi
3187 5421 3288 5476 lib.
3347 5439 3413 5494 ii,
3461 5438 3586 5494 cap.
3618 5429 3668 5479 7.

2051 5493 2204 5574 L_eo/‘_.
2240 5493 2572 5574 latrunculus
2597 5493 2938 5574 appellatur,-
2957 5509 3122 5574 .quem
3143 5499 3360 5563 prapter
3392 5493 3671 5574 latrocinia

2052 5565 2320 5618 eliminavr.
2333 5570 2436 5630 rat,
2487 5570 2534 5618 et
2582 5570 2700 5634 post
2747 5565 3058 5634 sexennium
3117 5580 3402 5634 regressus,
3458 5565 3672 5620 latenter

2051 5637 2218 5706 sicana,
2255 5637 2310 5687 in
2330 5640 2516 5705 pectus
2549 5633 2684 5704 regis
2713 5635 2910 5702 inﬁxit,
2944 5633 3044 5688 sed
3089 5636 3148 5688 et
3178 5633 3299 5706 ipse
3339 5637 3670 5690 membratim

2051 5705 2238 5762 dissect
2244 5720 2301 5760 us
2329 5706 2458 5775 fuit.
