3900 6216
270 290 405 348 HM
1514 294 1673 351 VlTA
1711 290 1966 350 SANCTI
2001 292 2369 352 DUNSTANI.
3462 304 3599 363 1442

263 430 509 469 suorum
549 414 1020 488 supellectilium,
1053 433 1228 490 quam
1267 420 1461 491 plures
1486 418 1698 474 scilicet
1722 435 1888 473 rura-
1909 424 1963 482 Α
1984 435 2179 473 secum
2206 418 2483 473 militibus
2515 420 2799 475 fetentem
2836 436 3110 477 nauseam
3144 426 3475 496 exspuendo
3506 429 3590 484 fe-

262 503 356 559 les
418 506 692 572 cartulas,
746 506 923 562 etiam
953 510 1175 562 veteres
1202 509 1651 579 praecedentium
1679 524 1885 579 regum
1984 506 2151 560 cisset
2207 507 2312 571 Qui
2347 506 2590 562 licetsic
2619 512 3005 579 aegrotantem
3066 510 3240 565 vitam
3297 517 3589 586 utcunque

265 593 602 662 thesauros,
635 610 741 649 nec
770 611 889 650 non
916 599 974 650 et
1001 596 1251 652 diversas
1280 596 1529 668 propriae
1562 595 1885 666 adeptionis
1985 594 2078 648 diu
2098 594 2341 650 vivendo
2375 595 2431 649 in
2461 596 2721 650 abutenti
2751 614 2994 668 corpore
3032 600 3419 669 pertraheret,
3464 603 3588 658 lan-

263 698 388 736 suaz
417 699 609 753 gazas,
641 684 745 738 sub
777 684 1101 739 munimine
1159 685 1497 740 monasterii
1522 686 1607 739 sui
1636 684 1884 740 ﬁdeliter
1982 699 2128 753 guor
2153 684 2347 737 tamen
2382 685 2830 756 augmentabilis
2860 686 3065 758 saepius
3097 687 3334 743 milleno
3366 690 3590 759 ponde-

264 769 703 826 custodiendas.
732 772 801 826 Et
821 772 961 826 dum
992 775 1122 844 post
1146 773 1404 828 meantia
1444 776 1712 845 tempora
1750 772 1883 826 felix
1982 787 2043 824 re
2074 771 2395 827 invadendo
2416 773 2567 827 hunc
2584 790 2760 845 usque
2785 774 2858 828 ad
2878 774 3204 830 occubitum
3230 776 3438 832 misere
3458 795 3588 850 per-

260 856 378 923 vir,
405 873 579 913 senex
642 858 854 914 scilicet
903 860 1222 931 )Ethelgar,
1283 861 1728 932 Cbrydionensis
1772 864 1883 925 (42)
1983 858 2157 913 duxit.
2190 861 2344 914 Tunc
2374 860 2468 915 ille
2497 879 2563 916 ex
2591 862 2766 932 longo
2800 862 3079 933 languore
3111 880 3321 935 anceps
3338 866 3587 937 prepriae

262 945 539 1001 Ecclesia:
586 948 820 1018 praesul,
874 948 1093 1003 carnali
1144 949 1270 1019 lege
1321 952 1568 1015 coactus,
1616 948 1790 1003 vitam
1821 948 1880 1003 in
1981 946 2133 1011 vitae,
2167 947 2322 1001 misit
2348 948 2797 1020 circumquaque
2846 950 2918 1003 ad
2956 953 3395 1023 congregandas
3416 953 3590 1009 facul-

265 1032 502 1088 Christo
532 1033 750 1102 ﬁniret,
784 1036 1064 1106 persuasit
1085 1036 1211 1107 jam
1242 1035 1423 1091 dictus
1451 1054 1548 1091 rex
1573 1037 1752 1091 virum
1784 1036 1881 1090 Dei
1981 1035 2128 1089 tates
2160 1054 2309 1101 suas,
2344 1054 2484 1107 quas
2507 1037 2645 1091 dum
2690 1041 2879 1107 posset
2919 1043 3237 1109 spontaneo
3288 1040 3586 1113 liberoque

262 1122 640 1177 Dunstanum
684 1122 898 1177 crebris
944 1124 1351 1194 hortamentis,
1384 1129 1666 1197 quatenus
1713 1125 1881 1179 orba-
1983 1122 2197 1177 dictatu
2246 1123 2361 1194 ipse
2402 1124 2513 1177 suis
2546 1125 2784 1179 vivendo
2826 1126 3174 1198 disponeret,
3201 1133 3440 1199 propter
3477 1130 3586 1183 hoc

264 1213 401 1266 tum
432 1212 602 1266 Patre
629 1212 1031 1283 pontiﬁcatum
1064 1213 1168 1267 sub
1190 1230 1327 1268 cura
1348 1213 1619 1285 pastorali
1646 1213 1763 1285 ipse
1790 1232 1881 1268 su-
1982 1210 2138 1265 enim
2166 1211 2251 1265 vir
2270 1211 2735 1276 DeiDunstanus,
2768 1214 2919 1268 velut
2964 1215 3059 1269 alii
3108 1216 3391 1288 regalium
3425 1234 3585 1289 gaza-

263 1299 569 1372 scepisset.
599 1302 671 1354 At
701 1300 797 1355 ille
819 1300 1016 1356 statim
1036 1301 1218 1356 facilis
1245 1302 1350 1357 sibi
1380 1302 1537 1358 verbi
1567 1302 1879 1357 excusatio-
1980 1314 2108 1352 rum
2142 1299 2402 1354 custodes
2422 1299 2573 1368 ibat;
2611 1304 2673 1355 ut
2704 1317 2845 1371 quas
2887 1318 3057 1358 causa
3088 1304 3447 1361 custodiendi
3493 1323 3584 1360 se-

266 1404 417 1443 nem
444 1388 667 1459 rejecit,
696 1387 964 1460 inquiens
986 1406 1045 1444 se
1075 1407 1192 1445 non
1221 1407 1340 1443 esse
1376 1391 1545 1461 hujus
1581 1391 1882 1462 pastoralis
1981 1403 2113 1441 cum
2144 1388 2445 1455 habuerat,
2502 1387 2625 1459 regi
2674 1393 3019 1459 reportaret.
3068 1392 3134 1445 Et
3166 1392 3304 1446 dum
3334 1396 3462 1464 post
3486 1393 3585 1448 ali-

262 1492 426 1530 curre
458 1480 850 1548 prospectum,
881 1494 988 1531 nec
1019 1478 1202 1532 adhuc
1249 1479 1346 1532 tali
1378 1481 1669 1549 tantaeque
1701 1478 1884 1549 digni.
1982 1491 2127 1546 quos
2152 1475 2273 1530 dies
2302 1476 2475 1542 viam,
2511 1494 2614 1548 per
2644 1494 2817 1548 quam
2841 1482 3096 1543 venerat,
3129 1496 3261 1533 cum
3288 1480 3584 1535 sarcinatis

270 1564 389 1619 tati
412 1563 716 1631 idoneum,
751 1580 864 1636 quo
897 1569 1090 1637 posset
1122 1569 1238 1619 tam
1270 1566 1449 1620 latum
1480 1566 1703 1620 Christo
1736 1567 1881 1621 ovile
1981 1562 2318 1617 facultatum
2347 1564 2549 1635 Opibus
2572 1569 2975 1631 reverteretur,
3009 1567 3160 1621 facta
3186 1572 3269 1621 est
3302 1584 3406 1622 vox
3427 1568 3579 1623 caeli-

259 1652 563 1727 probabili
591 1654 814 1707 cautela
842 1653 965 1707 sine
1005 1652 1088 1707 sui
1129 1653 1301 1708 exitio
1333 1653 1637 1708 custodire.
1672 1655 1799 1709 Haec
1825 1658 1882 1709 et
1904 1703 1951 1727 ῃ
1981 1654 2069 1704 tus
2094 1651 2370 1716 immissa,
2406 1652 2600 1706 dicens
2630 1653 2729 1706 illi.
2770 1655 2908 1707 Ecce
2959 1671 3112 1709 nunc
3158 1672 3253 1709 rex
3292 1656 3584 1711 Eadredus

257 1741 357 1796 his
416 1741 633 1796 similia
682 1741 1203 1796 contradicentium
1246 1760 1577 1797 sermonum
1615 1739 1952 1799 nonnun-“
1980 1740 2090 1810 (44)
2123 1739 2267 1793 obiit
2300 1740 2356 1795 in
2382 1742 2645 1811 pace.Ad
2671 1743 2819 1795 lianc
2844 1759 2982 1812 ergo
3002 1760 3201 1797 vocem
3229 1744 3499 1812 caballus,
3521 1746 3579 1800 in

260 1845 448 1900 quam
490 1829 614 1900 regi
640 1828 929 1901 opposuit,
953 1829 1137 1884 donec
1164 1830 1879 1900 omnemejussuasionem
1980 1845 2093 1900 quo
2126 1829 2209 1882 vir
2234 1828 2335 1883 Dei
2385 1829 2701 1900 equitabat,
2752 1830 2939 1884 subito
2991 1848 3290 1902 percussus
3340 1833 3578 1900 interiit,

260 1917 505 1990 penitus
553 1917 862 1972 abnuendo
911 1922 1321 1988 compesceret.
1353 1920 1765 1973 Verumtamen
1792 1937 1879 1973 se-
1980 1915 2115 1987 quia
2163 1933 2280 1971 non
2332 1918 2558 1971 valebat
2610 1917 2975 1973 sublimitatis
3024 1919 3299 1989 angelica:
3341 1921 3580 1975 sufferre

261 2009 493 2062 cretam
538 2005 848 2061 voluntatis
890 2006 1039 2060 illius
1076 2007 1459 2062 intentionem
1510 2024 1878 2079 nequaquam
1980 2005 2368 2074 praesentiam.
2419 2006 2487 2059 Et
2525 2022 2657 2059 cum
2688 2005 2953 2073 venisset,
2997 2006 3212 2078 reperit
3241 2023 3442 2078 regem
3473 2009 3578 2064 sub

262 2096 462 2151 adhuc
492 2097 719 2150 mutare
757 2094 1086 2165 praevaluit;
1120 2095 1397 2167 quoniam
1429 2113 1601 2167 quem
1624 2114 1743 2168 prie
1770 2113 1879 2151 caa-
1979 2091 2187 2146 eodem
2220 2096 2505 2163 tempore,
2536 2110 2648 2164 quo
2680 2094 2920 2163 angelus
2976 2094 3027 2147 ei
3079 2094 3137 2148 in
3201 2094 3324 2165 ipso
3370 2096 3579 2151 itinere

260 2183 409 2241 teris
439 2182 610 2239 altius
634 2182 893 2250 amabat,
924 2182 1079 2236 hunc
1121 2182 1341 2237 altioris
1370 2183 1721 2239 excellentiae
1754 2183 1878 2238 ﬁeri
1976 2180 2279 2248 nuntiavit,
2314 2184 2503 2235 morte
2561 2197 2834 2253 suprema
2882 2181 3112 2235 ﬁnitum
3144 2198 3157 2236 :
3193 2183 3353 2253 cujus
3405 2183 3578 2238 amis-

262 2272 562 2344 cupiebat.
598 2271 963 2343 Quapropter
998 2270 1189 2341 posuit
1216 2272 1392 2327 verba
1425 2272 1734 2327 voluntatis
1761 2288 1876 2327 suae
1974 2285 2101 2322 sum
2126 2268 2386 2340 spiritum
2422 2272 2674 2323 astantes
2719 2272 2962 2324 catervae
2993 2270 3273 2337 ﬁdelium,
3333 2271 3581 2344 pariter-

262 2358 328 2415 in
355 2375 460 2415 ore
486 2358 740 2431 proprias
788 2356 1104 2429 genitricis,
1155 2357 1350 2413 dicens
1376 2358 1458 2412 illi
1492 2376 1504 2413 :
1538 2359 1696 2425 Volo,
1732 2376 1764 2414 ο
1798 2359 1878 2414 mi
1975 2370 2084 2426 que
2105 2357 2397 2412 exanimes
2427 2362 2585 2412 artus
2616 2374 2780 2413 more
2811 2358 3148 2414 mortalium
3192 2360 3576 2431 sepeliendos,

262 2446 650 2503 dilectissima
680 2449 890 2513 mater,
932 2449 997 2499 ut
1023 2449 1081 2499 tu
1110 2446 1212 2501 sub
1233 2447 1461 2517 prandii
1491 2448 1575 2502 tui
1612 2450 1874 2520 tempore
1974 2443 2257 2499 conditori
2287 2445 2535 2504 Domino
2567 2446 2670 2501 sub
2705 2445 2859 2517 pacis
2895 2446 3092 2518 requie
3130 2449 3579 2504 commendave-

261 2537 535 2591 nostrum
565 2535 872 2606 specialem
898 2533 1152 2589 amicum
1175 2534 1536 2589 Dunstanum
1564 2538 1753 2591 tecum
1780 2537 1877 2592 ha-
1972 2536 2126 2587 runt.

264 2624 412 2680 beas
444 2622 773 2690 invitatum,
829 2625 887 2677 et
917 2622 1055 2678 dum
1087 2622 1240 2678 inter
1267 2624 1400 2678 laeta
1425 2624 1681 2679 convivia
1708 2626 1872 2680 blan-

269 2712 362 2767 dis
388 2710 636 2766 vicissim
670 2709 903 2765 utimini
928 2710 1189 2782 loquelis,
1218 2711 1447 2767 studeas
1476 2729 1611 2767 eum
1636 2712 1877 2768 femina-

258 2799 303 2855 li
341 2799 620 2854 facundia
645 2799 968 2866 adhortari,
996 2816 1109 2872 quo
1136 2800 1237 2854 ﬁat
1270 2800 1432 2870 juxta
1470 2804 1728 2856 nostram
1752 2819 1876 2873 sug-

263 2887 597 2959 gestionem
626 2905 817 2960 nuper
845 2887 1089 2943 viduata:
1122 2887 1383 2942 Ecclesia;
1403 2888 1679 2959 pontifex.
1714 2890 1879 2953 Quod

2044 2697 2134 2749 2i.
2187 2695 2320 2748 Post
2364 2693 2513 2749 hunc
2560 2694 2802 2751 surrexit
2848 2695 3107 2768 Eadwig,
3137 2695 3287 2751 ﬁlius
3314 2696 3580 2752 videlicet

1976 2781 2301 2836 Eadmundi
2323 2783 2503 2854 regis,
2529 2787 2699 2839 astate
2731 2784 2967 2856 quidem
2994 2784 3241 2856 juvenis,
3287 2802 3577 2858 parvaque

1975 2871 2261 2941 regnandi
2292 2872 2601 2941 prudentia
2618 2874 2859 2944 pollens,
2893 2874 3025 2928 licet
3053 2874 3111 2927 in
3136 2877 3378 2946 utraque
3409 2875 3577 2945 plebe

262 2991 398 3031 cum
430 2976 533 3031 illa
562 2975 780 3030 nisibus
810 2975 1087 3030 universis
1116 2975 1360 3043 fecisset,
1390 2992 1508 3029 non
1538 2976 1726 3046 potuit
1744 2994 1877 3031 eum
1898 2982 1945 3041 C
1975 2976 2222 3030 regnum
2238 2976 2512 3015 numeros
2530 2962 3578 3034 nominaquesuppleretelecms-Hmc

262 3080 302 3119 a
340 3063 588 3135 pristino
640 3063 1087 3119 renuntiationis
1117 3063 1347 3134 eloquio
1384 3068 1693 3118 remutare.
1728 3065 1875 3120 Con-

275 3152 407 3208 silio
437 3156 638 3207 tamen
669 3152 846 3224 ipsius
875 3152 1203 3207 [Elfwoldus
1242 3153 1373 3223 (43),
1410 3151 1492 3205 vir
1519 3153 1877 3207 venerandus

270 3241 349 3297 ob
384 3242 715 3313 pollentem
737 3243 1119 3305 venustatem,
1146 3240 1379 3295 sortitus
1410 3244 1496 3295 est
1522 3241 1595 3295 ad
1642 3241 1874 3312 pontiﬁ-

256 3333 457 3385 catum
493 3329 789 3384 eumdem.

333 3421 424 3474 20.
451 3420 629 3473 Nocte
655 3418 851 3489 itaque
885 3417 1255 3489 subsequenti
1296 3417 1476 3472 visum
1526 3421 1610 3472 est
1662 3417 1739 3472 illi
1772 3434 1875 3489 per

260 3511 617 3563 nocturnam
650 3507 1086 3573 revelationem,
1120 3506 1276 3577 quod
1305 3523 1437 3560 cum
1468 3510 1739 3578 prompto
1778 3523 1873 3561 co-

255 3598 470 3665 mitatu
492 3597 738 3651 Romam
760 3612 1072 3667 properare
1086 3595 1870 3667 deberet.Apparueruntipsi

255 3687 318 3745 in
338 3686 446 3741 viis
484 3684 707 3739 eisdem
738 3686 939 3739 Petrus
971 3687 1027 3738 et
1055 3685 1265 3738 Paulus
1295 3701 1425 3739 cum
1447 3685 1698 3754 Andrea,
1730 3702 1872 3756 pau-

258 3776 467 3831 dentes
483 3774 535 3829 ei
554 3773 780 3828 diversa
799 3777 857 3828 et
873 3772 1178 3844 inopinata
1199 3776 1507 3828 eventuum
1536 3791 1770 3829 suorum
1792 3792 1875 3829 se-

259 3869 450 3920 creta:
485 3861 768 3933 ﬁnitoque
805 3861 1082 3916 familiari
1136 3862 1530 3934 apostolorum
1563 3863 1870 3934 colloquio,

257 3954 523 4008 Andreas
534 3952 714 4023 virga,
740 3967 915 4022 quam
934 3966 1113 4005 manu
1131 3950 1391 4021 gerebat,
1411 3952 1685 4021 percussit
1711 3951 1871 4006 illum

258 4041 376 4097 ictu
394 4057 516 4096 non
533 4039 787 4106 modico,
816 4039 1013 4093 dicens
1038 4056 1050 4093 :
1072 4039 1187 4093 Hoc
1207 4038 1415 4093 habeto
1447 4040 1694 4111 praemii,
1719 4040 1873 4111 quod

262 4131 624 4201 apostolatus
658 4127 840 4182 nostri
864 4126 1215 4182 consortium
1249 4126 1707 4181 herirccusaudo
1730 4131 1874 4181 tem-

1977 3047 2654 3119 quzedam,licetnatione
2672 3051 2964 3120 praecelsa,
2994 3050 3191 3122 inepta
3222 3055 3417 3105 tamen
3448 3068 3577 3106 mu-

1975 3136 2081 3189 lier
2101 3152 2233 3190 cum
2262 3138 2455 3191 adulta
2496 3138 2631 3203 ﬁlia,
2688 3154 2791 3207 per
2820 3138 3139 3192 nefandum
3169 3138 3578 3194 familiaritatis

1973 3223 2329 3278 lenocinium
2351 3225 2621 3278 sectando
2654 3225 3010 3279 inhaerebat:
3044 3230 3282 3280 eotenus
3316 3226 3579 3282 videlicet

1974 3328 2086 3383 quo
2115 3328 2236 3365 sese
2266 3312 2351 3365 vel
2384 3311 2557 3365 etiam
2582 3314 2779 3366 natam
2795 3329 2956 3366 suam
2978 3313 3083 3366 sub
3104 3314 3230 3383 conj
3242 3314 3576 3383 ugalititulo

1974 3399 2055 3453 illi
2081 3400 2428 3455 inuectendo
2446 3400 2721 3453 sociaret:
2748 3416 2888 3471 quas
2912 3400 3289 3468 ille,utaiunt,
3322 3402 3577 3458 alterna-

1973 3488 2262 3559 tim,quod
2273 3488 2395 3559 jam
2413 3486 2985 3559 pudetdicere,turpi
3008 3489 3242 3559 palpatu
3275 3490 3333 3541 et
3361 3489 3576 3560 absque

1971 3576 2192 3648 pudore
2207 3575 2500 3646 utriusque
2521 3574 2828 3629 libidinose
2860 3575 3139 3629 tractavit.
3173 3576 3242 3630 Et
3271 3591 3401 3630 cum
3428 3579 3577 3632 tem-

1971 3681 2111 3737 pore
2131 3667 2342 3718 statuto
2366 3664 2437 3718 ab
2453 3661 3409 3734 uuiversisAnglorumprincipibus
3423 3680 3577 3719 com-

1972 3754 2137 3808 muni
2164 3751 2445 3807 electione
2474 3755 2789 3823 ungeretur
2814 3753 2870 3805 et
2902 3754 3336 3806 consecraretur
3378 3752 3438 3806 in
3489 3769 3578 3809 re-

1971 3858 2127 3913 gem,
2148 3842 2241 3897 die
2272 3841 2477 3896 eodem
2505 3844 2636 3912 post
2654 3840 2848 3911 regale
2861 3856 3035 3894 sacra).
3058 3839 3434 3895 institutionis
3466 3858 3577 3897 un-

1971 3935 2272 4001 guentum,
2312 3934 2553 4003 repente
2576 3930 2873 4001 prosilivit,
2904 3929 3163 3997 lascivus,
3193 3929 3458 4001 linquens
3478 3930 3579 3986 lae-

1970 4023 2031 4073 ta
2061 4019 2318 4074 convivia
2346 4020 2433 4074 vel
2466 4018 2737 4073 decibiles
2767 4017 3118 4090 Optimatum
3167 4035 3401 4073 suorum
3445 4036 3580 4075 con-

1971 4107 2351 4173 sessiones,ad
2368 4107 2707 4179 praedictum
2725 4109 2993 4179 luparum
3018 4108 3477 4180 palpamentum.
3510 4111 3580 4165 Et

264 4195 448 4294 psisti.
478 4217 806 4288 Statimque
837 4216 1269 4288 expergefactus
1291 4215 1667 4287 postdictum,
1686 4216 1873 4287 requi-
1892 4236 1947 4297 D
1971 4212 2102 4297 Fu‘m
2116 4195 2345 4297 κξξάίεδθί
2367 4213 2627 4295 summ“?
2650 4197 2992 4297 Ροηῐίῧοιιξξι
3023 4197 3145 4296 otio
3163 4198 3446 4297 (45l‘t‘egis
3478 4215 3577 4297 pe:

265 4310 394 4364 sivit
410 4308 729 4363 cubantem
751 4321 949 4360 coram
982 4322 1040 4359 se
1066 4305 1438 4372 monachum,
1500 4303 1626 4375 quis
1682 4304 1871 4376 ipsum

269 4398 385 4453 acri
408 4395 649 4467 virgula:
676 4394 791 4448 ictu
811 4396 1032 4448 temere
1052 4392 1435 4465 percussisset.
1465 4393 1539 4446 At
1564 4392 1659 4447 ille
1696 4409 1708 4446 :
1740 4394 1874 4448 Nul-

266 4486 374 4554 lus,
398 4486 666 4556 inquam,
719 4486 776 4537 te
824 4481 1216 4553 quiescentem
1262 4480 1452 4551 aliquo
1496 4481 1874 4551 percussionis

265 4570 797 4640 tactu,meseiente,
820 4570 1162 4641 contigerat.
1190 4571 1239 4624 Is
1264 4585 1424 4639 ergo,
1442 4569 1873 4640 praemeditatus

264 4662 345 4719 ait
375 4678 390 4717 :
421 4660 612 4726 Modo,
637 4658 718 4713 ﬁli
737 4657 838 4725 mi,
867 4657 1003 4725 scio,
1030 4657 1277 4725 modo,a
1296 4674 1408 4728 quo
1423 4656 1530 4710 sim
1554 4673 1868 4727 percussus,

266 4749 819 4822 agnosco.Eratque,
845 4745 995 4817 proh
1030 4744 1231 4801 dolor!
1271 4762 1370 4799 rex
1400 4745 1873 4811 Eadraedus,dile-

264 4836 815 4907 ctusDunstani,per
838 4850 1013 4889 omne
1037 4837 1261 4905 tempus
1282 4833 1507 4905 imperii
1526 4832 1609 4887 sui
1628 4832 1869 4888 nimium

261 4928 567 4999 languens,
590 4924 674 4978 ita
701 4926 762 4977 ut
792 4922 1126 4977 refectionis
1149 4925 1414 4994 tempore
1461 4924 1654 4992 sorpto
1700 4938 1867 4977 succo

263 5015 549 5081 ciborum,
582 5012 865 5084 reliquam
895 5015 1123 5083 partem
1146 5026 1460 5081 parumper
1477 5009 1744 5065 dentibus
1774 5011 1872 5066 ob-

262 5102 547 5159 tritamab
566 5116 665 5156 ore
686 5100 998 5172 rejecisset,
1032 5103 1091 5155 et
1124 5099 1204 5153 sic
1235 5116 1387 5172 saepe
1431 5098 1869 5155 convivantibus

331 5229 441 5292 (42)
477 5223 811 5294 Chrydzona,
862 5241 959 5278 seu
1014 5220 1353 5289 Creditiom's,
1409 5221 1545 5276 urbs
1604 5222 1869 5277 Devonize

261 5298 432 5369 vulgo
454 5296 854 5369 Kiirtoanacta
870 5294 1205 5366 episcopalis
1224 5310 1377 5369 anno
1396 5296 1501 5369 60_9_
1517 5311 1542 5369 ;‘
1558 5310 1683 5369 quae
1698 5295 1868 5369 sedes

262 5362 639 5439 postmodum
675 5362 953 5421 Exoniain
998 5362 1088 5439 est
1110 5365 1385 5419 translata
1418 5381 1430 5418 :
1466 5363 1545 5418 ibi
1567 5362 1870 5439 )Et/zelga-

263 5435 354 5493 ius
383 5440 683 5511 episcopus
712 5439 971 5491 mortuus
1014 5438 1101 5490 est
1158 5452 1311 5489 anno
1352 5439 1477 5503 953,
1534 5436 1618 5490 uti
1670 5435 1872 5491 asserit

261 5507 911 5566 Westmonasteriensis.

330 5524 911 5566 estmonasnernensxs.

246 5630 253 5635 .
334 5580 445 5652 (43)
472 5575 827 5652 ίΕζῙυοιάω,
858 5577 973 5652 sive
993 5573 1315 5652 ᾼιίῳοῖἀαε
1341 5576 1492 5638 rexit
1520 5576 1736 5642 dictam
1766 5577 1870 5643 Ec-

264 5648 503 5741 clesium
529 5648 605 5714 ab
627 5664 783 5731 anno
807 5650 913 5718 953
942 5648 1019 5711 ad
1041 5649 1170 5719 973.

1969 4283 2296 4349 tulantiam,
2322 4284 2573 4338 maxime
2591 4284 2647 4338 in
2661 4285 3110 4340 consecrationis
3131 4303 3248 4341 suas
3264 4286 3377 4355 die,
3412 4287 3579 4342 omni

1969 4388 2073 4443 per
2093 4388 2297 4442 gyrum
2312 4372 2622 4427 conﬁdenti
2634 4372 2857 4427 senatui
2869 4373 3578 4445 displicere,ait§coepisco-

1970 4458 2057 4530 pis
2084 4459 2197 4512 suis
2223 4462 2281 4512 et
2308 4458 2528 4512 caeteris
2554 4459 2946 4531 principibus:
2976 4462 3145 4526 Eant,
3183 4476 3306 4527 oro,
3341 4461 3581 4530 quilibet

1972 4564 2037 4602 ex
2064 4546 2224 4601 vobis
2250 4546 2323 4601 ad
2371 4548 2767 4603 reducendum
2819 4564 3043 4618 regem,
3095 4564 3213 4620 quo
3244 4547 3317 4603 sit
3341 4564 3581 4605 suorum

1970 4636 2305 4701 satellitum,
2337 4639 2399 4690 ut
2417 4636 2715 4701 condecet,
2751 4636 2810 4690 in
2842 4636 2952 4690 hoc
2992 4635 3172 4706 regali
3194 4636 3452 4692 convivio
3483 4639 3577 4710 ju-

1969 4724 2187 4778 cundus
2216 4740 2530 4779 consessor.
2567 4727 2639 4779 At
2670 4724 2751 4779 illi
2791 4723 3121 4778 molestiam
3154 4723 3309 4795 regis
3335 4726 3423 4779 vel
3457 4743 3580 4782 mu-

1967 4812 2174 4868 lierum
2188 4813 2613 4884 querimoniam
2630 4812 2936 4866 incurrisse
2953 4814 3278 4867 metuentes
3292 4812 3502 4882 singuli
3516 4832 3576 4870 se

1967 4901 2369 4955 subtrahentes
2383 4916 2649 4955 recusare
2669 4899 3080 4971 coeperunt.Ad
3095 4902 3423 4954 extremum
3439 4918 3574 4959 vero

1968 4991 2297 5060 selegerunt
2325 5006 2393 5043 ex
2425 4988 2697 5044 omnibus
2727 4987 2891 5056 duos,
2918 5003 3060 5059 quos
3089 4986 3284 5043 animo
3309 4992 3578 5046 constan-

1968 5078 2217 5133 tissimus
2248 5081 2552 5143 noverant,
2580 5078 2938 5131 Dunstanum
2967 5076 3179 5130 scilicet
3200 5076 3494 5146 abbatem,
3519 5083 3578 5135 et

2038 5204 2149 5271 (44)
2172 5201 2454 5257 Eadredus
2480 5218 2579 5255 rex
2605 5204 2864 5255 mortuus
2897 5218 2990 5255 an.
3042 5202 3167 5267 955,
3227 5200 3322 5271 qui
3377 5200 3435 5255 in
3487 5204 3570 5257 te-

1969 5278 2256 5328 stamento
2310 5276 2408 5326 suo
2441 5289 2543 5343 per
2568 5272 2902 5343 Michaelem
2951 5271 3252 5325 Alfordum
3281 5271 3463 5343 edito,
3493 5272 3565 5327 le-

1965 5347 2111 5415 gavit
2130 5345 2410 5397 Dunstano
2440 5340 2622 5415 abbati
2648 5341 2940 5415 Glastoniae
2983 5346 3033 5415 e4
3063 5344 3378 5415 monasterio
3420 5340 3566 5397 Gla-

1965 5412 2239 5480 Stom'ensi,
2270 5415 2519 5468 ducentas
2548 5414 2728 5479 libras,
2785 5414 2848 5467 de
2892 5413 3230 5467 comitatibus
3278 5412 3565 5469 Somerset-

1969 5488 2102 5543 tensi
2127 5492 2176 5540 et
2196 5486 2517 5540 Deoonieusz'
2536 5483 2829 5540 solvendas.

2067 5561 2160 5632 ἐξ)
2194 5555 2406 5632 8.70110
2444 5555 2901 5630 archiepiscopus
2945 5553 3393 5632 cantuariensis,
3422 5571 3560 5621 eum

1975 5635 2037 5712 in
2059 5629 2415 5711 Kingestune
2434 5629 2652 5709 regem
2665 5629 3053 5699 consecrarat,
