3900 6216
398 392 529 447 1443

1456 384 1817 441 BRIDFERTI
1860 370 2313 438 RAM'ES‘IENSIS
2336 374 2667 439 MONACH‘I.

3571 392 3718 447 1444

390 512 708 585 Cj'negium
739 511 851 582 (46)
883 510 1210 583 episc0pum
1234 508 1490 581 ejusdem
1527 505 1805 561 Dunstani
1846 520 1981 559 can-
2004 503 2065 569 Α
2090 502 2265 556 mina:
2300 503 2571 574 ejectum,
2600 521 2770 561 causa
2802 505 3100 561 charitatis
3140 509 3227 564 vel
3276 511 3716 581 compatientim

387 601 794 671 sanguineum,
819 603 881 654 ut
912 598 1174 654 omnium
1199 597 1378 668 jussui
1412 596 1879 667 obtemperantes
1900 609 1985 647 re-

387 706 520 762 gem
552 691 843 744 volentem
866 689 951 742 vel
971 687 1263 742 nolentem
1278 685 1622 738 reducerent
1636 682 1707 735 ad
1724 682 1983 736 relictam

386 780 603 836 sedem.
638 781 706 834 Et
732 776 975 848 ingressi
998 777 1163 846 juxta
1181 774 1507 847 principum
1541 789 1775 827 suarum
1803 772 1979 843 jussa,

385 867 729 923 invenerunt
751 865 975 936 regiam
997 879 1298 926 coronam,
1319 879 1443 933 quae
1459 860 1605 915 miro
1624 861 1858 914 metalla
1882 876 1983 914 au-

384 957 434 1012 ri
464 959 548 1011 vel
572 954 795 1026 argenti
824 968 1303 1025 gemmarumque
1325 950 1478 1005 varia
1514 950 1701 1004 nitore
1723 949 1984 1003 confecta

384 1044 743 1118 splendebat,
786 1042 985 1114 procul
1032 1058 1066 1094 a
1107 1040 1294 1110 capite
1326 1040 1397 1093 ad
1425 1042 1646 1092 terram
1678 1054 1854 1109 usque
1888 1053 1983 1090 ne-

383 1133 673 1204 gligenter
700 1131 976 1197 avulsam,
1004 1129 1307 1200 ipsumque
1339 1144 1501 1183 mare
1537 1126 1792 1195 maligna
1831 1124 1984 1180 inter

386 1225 678 1292 utrasque,
708 1219 867 1275 velut
914 1217 972 1272 in
1030 1217 1120 1271 vili
1153 1216 1450 1271 suillorum
1482 1214 1804 1280 volutabra,
1858 1230 1981 1268 cre-

386 1309 640 1366 berrime
668 1309 1047 1373 volutantem,
1071 1309 1127 1359 et
1156 1304 1423 1361 dixerunt
1448 1321 1461 1358 :
1496 1302 1682 1357 Nostri
1717 1318 1824 1357 nos
1848 1319 1980 1374 pra-

389 1414 547 1453 ceres
575 1396 650 1452 ad
678 1400 735 1451 te
762 1393 1067 1466 rogitando
1099 1392 1403 1460 miserunt,
1437 1396 1500 1445 ut
1529 1408 1623 1445 eas
1644 1392 1981 1463 quantocius

379 1488 452 1543 ad
481 1486 838 1557 condignum
872 1484 1137 1539 sessionis
1165 1486 1275 1537 tua:
1300 1482 1633 1548 triclinium,
1657 1485 1715 1536 et
1734 1499 1806 1536 ne
1828 1498 1980 1552 sper-

378 1593 483 1631 nas
512 1576 859 1646 optimatum
904 1577 1135 1628 tuarum
1186 1572 1330 1626 lmtis
1379 1570 1652 1626 interesse
1684 1571 1976 1626 conviviis.

377 1668 450 1720 At
470 1667 793 1720 Dunstanus
822 1661 1077 1734 primum
1125 1661 1477 1733 increpitans
1508 1659 1817 1714 mulierum
1854 1660 1975 1713 ine-

378 1754 547 1826 ptias,
570 1769 748 1807 manu
768 1768 887 1818 sua,
917 1752 1056 1805 dum
1083 1752 1262 1805 nollet
1300 1766 1604 1820 exsurgere
1635 1749 1707 1811 ei,
1740 1747 1980 1803 extraxit

2081 589 2331 663 hospitio
2375 599 2771 665 susceperunt,
2804 595 3155 651 frementem
3184 596 3341 670 regis
3380 597 3532 653 iram
3579 615 3715 671 gra-

2082 676 2611 736 viterincurrerunt
2640 700 2654 737 :
2685 686 2744 738 et
2772 687 3084 756 propterea
3102 686 3342 741 insanas
3364 686 3575 742 ﬂuctus
3589 692 3715 743 tur-

2081 765 2201 821 bidi
2223 769 2468 839 aequoris
2499 770 2821 842 periculoso
2856 772 3087 843 navigia
3121 777 3375 842 tranare,
3403 778 3465 829 et
3487 775 3713 833 incerta

2081 855 2395 911 Galliarum
2436 858 2633 913 exsilia
2658 858 2817 914 adire
2843 864 3076 915 coactus
3118 865 3222 917 est.
3255 864 3325 917 Et
3356 863 3498 918 dum
3536 864 3716 919 veliﬁ-

2084 947 2209 998 cata
2239 945 2414 1000 celaui
2438 947 2602 1017 quasi
2638 947 2748 1001 tria
2774 948 3048 1004 milliaria
3068 949 3245 1005 maris
3259 950 3557 1023 ingressus
3578 952 3718 1008 fuis-

2083 1034 2189 1099 set,
2222 1037 2507 1088 venerunt
2554 1035 2742 1090 nuntii
2773 1037 2845 1091 ab
2888 1036 3087 1109 iniqua
3116 1040 3500 1110 papulatrice,
3528 1044 3591 1094 ut
3619 1041 3715 1095 fe-

2082 1123 2239 1187 runt,
2280 1121 2376 1193 qui
2413 1123 2608 1177 oculos
2636 1123 2804 1189 illius,
2833 1124 2879 1179 si
2903 1125 2961 1179 in
2989 1125 3076 1179 his
3107 1126 3286 1189 maris
3302 1126 3595 1184 littoribus
3615 1128 3711 1183 in-

2083 1212 2288 1262 ventus
2340 1208 2562 1276 fuisset,
2594 1213 2850 1267 eruenda
2892 1213 3296 1285 dempsissent.
3351 1216 3478 1287 Ipse
3510 1220 3712 1271 autem

2086 1312 2385 1368 aequoreas
2415 1297 2531 1352 vias
2551 1299 2714 1369 ponti
2744 1302 2976 1356 cazrulei
3034 1302 3240 1372 rapida
3269 1318 3444 1361 cursu
3488 1305 3695 1359 transi-

2080 1383 2251 1450 liens,
2292 1384 2452 1439 venit
2482 1385 2554 1439 ad
2585 1385 2847 1456 ignotam
2878 1388 3182 1459 regionem
3214 1391 3345 1461 jam
3380 1391 3550 1446 dictae
3578 1393 3709 1448 Gal-

2081 1471 2191 1538 liae,
2222 1472 2381 1543 cujus
2411 1489 2557 1543 pene
2582 1476 2871 1546 loquelam
2894 1477 3189 1549 ritumque
3222 1478 3704 1550 ignorabat.Sed,

2082 1560 2401 1616 comitante
2429 1578 2623 1616 secum
2651 1564 3045 1619 misericordia
3074 1565 3177 1620 Dei
3214 1567 3322 1635 sui,
3356 1567 3585 1623 invenit
3612 1584 3707 1624 ca-

2078 1664 2205 1702 ram
2247 1650 2504 1720 quadam
2535 1653 2703 1705 terrm
2735 1652 2883 1706 illius
2910 1653 3294 1726 principe(47)
3316 1656 3704 1729 gratiam,qui

2079 1752 2213 1790 eum
2240 1739 2485 1807 paterna
2516 1738 2809 1809 charitatis
2837 1740 3045 1796 affectu
3077 1743 3182 1797 sub
3215 1745 3394 1799 exsilii
3421 1745 3511 1800 sui
3547 1749 3705 1801 tem-

377 1825 509 1899 eum
530 1841 602 1897 de
626 1839 891 1896 maechali
920 1854 1235 1910 ganearum
1269 1839 1557 1906 accubitu;
1590 1837 1976 1909 impositaque
2008 1832 2218 1894 Bpore
2244 1825 2564 1881 custodivit.
2586 1828 2685 1881 Hic
2712 1829 2926 1901 itaque,
2978 1831 3238 1902 quamvis
3290 1832 3554 1904 benigne
3592 1834 3701 1888 sub

378 1930 703 1985 diademate
741 1928 897 1983 duxit
930 1944 1144 1993 secum,
1190 1926 1324 1981 licet
1351 1926 1401 1980 vi
1435 1943 1468 1981 a
1497 1926 1834 1981 mulieribus
1889 1942 1977 1980 ra-

371 2023 560 2092 ptum,
588 2020 659 2075 ad
689 2020 885 2092 regale
914 2016 1288 2073 consortium.

444 2113 532 2166 22.
565 2110 720 2163 Tunc
743 2107 950 2163 eadem
975 2107 1375 2179 £delgyw,sic
1406 2108 1528 2160 erat
1555 2120 1769 2159 nomen
1801 2103 1974 2176 igna-

370 2197 637 2253 miniasm
664 2197 943 2263 mulieris,
991 2196 1193 2251 inanes
1219 2196 1388 2251 orbes
1414 2195 1711 2249 oculorum
1771 2196 1974 2247 contra

372 2285 770 2341 venerandum
801 2285 1069 2339 abbatem
1105 2284 1346 2339 ferventi
1377 2283 1569 2337 furare
1592 2284 1842 2349 retorsit,
1884 2280 1973 2334 in-

373 2375 578 2448 quiens
606 2373 936 2447 hujusmodi
955 2372 1254 2427 hominem
1284 2373 1432 2427 ultra
1458 2372 1696 2427 modum
1721 2388 1840 2425 esse
1854 2387 1973 2425 ma-

371 2463 740 2534 gnanimum,
770 2461 867 2533 qui
898 2462 1050 2533 regis
1091 2461 1150 2515 in
1194 2463 1480 2515 secretum
1510 2459 1850 2514 temerarius
1880 2459 1972 2513 in-

372 2556 571 2607 traret.
599 2551 934 2611 Audivimus
955 2549 1113 2603 enim
1146 2550 1205 2603 in
1239 2553 1499 2603 veterum
1530 2564 1734 2617 regum
1766 2546 1971 2601 libellis

370 2641 689 2695 Jezabelem
741 2656 936 2699 errare
965 2639 1302 2710 gentilitatis
1356 2642 1413 2692 et
1466 2638 1693 2708 viperea
1747 2654 1969 2693 venena

371 2729 688 2799 perfusam,
740 2728 832 2783 die
888 2731 1174 2799 noctuque
1214 2728 1271 2782 in
1305 2729 1613 2799 prophetas
1642 2728 1740 2783 Dei
1774 2746 1974 2785 amara

372 2817 752 2891 detestatione
783 2817 1022 2884 saevisse,
1074 2821 1134 2871 et
1184 2817 1256 2871 ad
1288 2822 1538 2872 mortem
1570 2835 1746 2890 usque
1778 2836 1970 2891 perse-

369 2882 469 2979 qui
494 2923 609 2960 non
636 2903 913 2960 destitisse
943 2921 955 2958 :
988 2905 1065 2959 ita
1095 2907 1154 2959 et
1180 2905 1303 2959 haec
1334 2905 1640 2976 impudens
1662 2907 1881 2979 virago,
1904 2926 1971 2964 ex

369 2997 478 3052 hac
504 2996 596 3052 die
625 2996 920 3068 praedicta,
953 2996 1161 3049 eodem
1187 2996 1460 3051 Jezabelis
1488 2999 1969 3055 tlatuvenenifero

368 3086 621 3158 perfusa,
654 3086 787 3139 licet
815 3084 1052 3141 nomine
1085 3085 1406 3141 Christiano
1434 3087 1968 3159 utereturindigna,
1997 3090 2044 3150 C

369 3174 558 3229 virum
578 3173 678 3228 Dei
706 3176 1067 3229 Dunstanum
1100 3176 1353 3230 consiliis
1382 3176 1826 3233 inimicabilibus
1839 3195 1972 3251 per-

371 3263 532 3334 sequi
555 3279 671 3317 nan
694 3262 927 3334 quievit,
961 3280 1259 3335 quousque
1282 3264 1610 3336 pestiferam
1634 3266 1972 3322 exsecratio-

373 3351 463 3405 nis
488 3368 602 3406 suae
636 3353 989 3407 voluntatem
1028 3369 1158 3407 cum
1192 3353 1435 3409 adaucta
1476 3354 1629 3426 regis
1669 3355 1971 3411 inimicitia

370 3440 733 3512 adimpleret.
755 3440 912 3495 Tunc
942 3440 1040 3495 illa
1068 3458 1134 3495 ex
1174 3442 1432 3513 praedicti
1486 3443 1637 3514 regis
1688 3460 1970 3499 consensu

368 3544 607 3585 omnem
633 3529 783 3583 illius
811 3530 1031 3585 ordinis
1051 3531 1337 3586 honorem
1392 3548 1746 3605 omnemque
1786 3535 1970 3605 supel-

366 3616 570 3673 lectilis
596 3635 711 3673 suaa
750 3619 1127 3675 substantiam
1180 3620 1296 3675 suis
1350 3622 1571 3693 legibus
1599 3622 1920 3694 subjugavit
1950 3640 1964 3692 ;

368 3706 508 3778 quin
530 3706 728 3774 etiam,
757 3713 1001 3779 urgente
1025 3709 1179 3781 regis
1198 3708 1464 3782 imperia,
1499 3710 1687 3780 ipsum
1716 3712 1789 3766 ad
1815 3712 1969 3767 inca-

366 3793 550 3849 latum
582 3796 923 3852 calamitatis
947 3797 1205 3852 celeriter
1260 3797 1384 3869 ipsa
1436 3798 1787 3870 proscripsit.
1839 3800 1965 3855 Non

367 3883 522 3938 enim
546 3889 671 3939 erat
690 3885 859 3955 hujus
882 3886 1126 3940 furentis
1153 3886 1390 3941 feminae
1435 3886 1663 3941 vesania
1704 3887 1848 3943 adeo
1878 3894 1967 3944 at-

365 3972 680 4039 tendenda,
705 3974 804 4028 sed
826 3973 1255 4044 discipulorum,
1283 3990 1425 4045 quas
1455 3972 1575 4045 ipse
1610 3977 1839 4031 teneras
1870 3995 1965 4034 ne-

365 4062 560 4114 ctarco
582 4060 857 4130 dogmate
884 4060 1230 4115 imbuendos
1258 4062 1965 4131 nutrieliat,clanculama-

366 4146 617 4201 chinatio
641 4147 824 4218 magis
852 4148 1135 4219 stupenda
1162 4166 1174 4202 :
1204 4165 1341 4204 nam
1377 4153 1435 4205 et
1457 4150 1563 4223 ipsi
1593 4154 1963 4226 conspiratio-

369 4234 460 4288 nis
488 4233 702 4305 iniquas
731 4235 834 4289 sub
872 4240 1092 4294 occulta
1121 4240 1321 4296 fraude
1362 4246 1748 4300 assentatores
1775 4244 1957 4317 fuere,

364 4321 789 4423 qui,sipassent
819 4324 1020 4398 iniqua
1048 4327 1169 4398 ejus
1199 4329 1498 4403 dispendia
1543 4333 1837 4400 detestari,
1868 4340 1962 4394 de-
1980 4364 2033 4423 D

363 4410 717 4467 buissent.Et
736 4413 874 4469 dum
896 4416 1173 4486 ejectares
1192 4418 1451 4490 ejusdem
1472 4428 1704 4480 cunctas
1746 4443 1838 4482 res
1866 4445 1963 4482 ec-

362 4500 705 4557 clesiasticas
719 4503 792 4559 ad
807 4505 1286 4563 conscribendam
1309 4511 1720 4583 prospicerent,
1747 4533 1877 4573 ecce
1899 4518 1959 4573 in

358 4593 524 4663 parte
542 4590 912 4649 occidentalis
932 4596 1132 4668 templi
1147 4614 1349 4671 aspera
1363 4603 1711 4660 vaxrideutis
1722 4605 1956 4673 diaboli,

362 4680 526 4752 quasi
554 4696 659 4736 vox
686 4683 1011 4753 plaudentis
1025 4688 1327 4759 ancillulas,
1351 4692 1546 4748 audita
1569 4694 1765 4749 est.Ad
1782 4712 1956 4768 quem

359 4768 445 4825 vir
470 4768 597 4839 Dei,
624 4770 761 4827 dum
789 4773 916 4846 quis
946 4778 1094 4831 esset
1121 4782 1317 4835 mente
1347 4782 1635 4854 perspexit
1661 4800 1675 4838 :
1704 4784 1851 4853 Noli,
1876 4785 1960 4841 in-

356 4858 501 4930 quit,
551 4860 807 4928 inimice,
861 4868 1087 4921 tantum
1144 4869 1439 4940 gaudere;
1489 4871 1627 4944 quia
1673 4878 1958 4946 quantum

356 4962 512 5004 nunc
542 4949 603 5004 in
636 4966 865 5007 recessu
910 4970 1043 5010 mea
1072 4957 1367 5027 gaudebis,
1403 4962 1628 5016 tantum
1657 4961 1868 5020 iterum
1897 4965 1958 5022 in

360 5036 629 5107 adventu,
657 5040 975 5099 damnante
1006 5046 1062 5099 te
1088 5045 1227 5114 Deo,
1261 5046 1598 5106 tristaberis.

431 5131 520 5186 23.
547 5129 883 5203 Quicunque
903 5135 1099 5189 autem
1129 5134 1451 5193 amicarum
1482 5144 1613 5212 post
1650 5142 1774 5199 hmo
1806 5145 1960 5203 hunc

356 5218 631 5275 eumdem
659 5220 846 5274 virum
877 5221 1000 5290 Dei,
1016 5221 1097 5294 inj
1107 5227 1228 5279 usta
1242 5225 1480 5282 arbitria
1494 5229 1854 5290 criminantis
1880 5236 1960 5293 fe-

422 5356 1107 5450 superassem:
1137 5365 1480 5450 appelletur;
1522 5371 1773 5450 Osbertp-
1806 5378 1959 5450 apud

354 5428 588 5516 S‘uriu'm
618 5428 897 5516 K'insinus
907 5428 1147 5516 vocatur
1174 5428 1281 5516 E'et
1294 5428 1689 5516 estepiscopus
1710 5428 1961 5504 hichi'el:

353 5499 564 5576 densis,
585 5499 693 5576 ‘qui
717 5501 949 5576 praefuit
976 5504 1050 5576 ab
1081 5521 1234 5576 anno
1258 5510 1359 5563 948
1392 5499 1464 5566 ad
1494 5499 1866 5576 annumﬁéda‘:

404 5570 801 5650 ,μημῑ-ηιιιίο
834 5575 1047 5629 comite
1102 5575 1407 5652 Flandrie,
1461 5584 1543 5638 uti
1587 5570 1961 5663 insequenti

356 5632 484 5691 Vita
509 5638 750 5693 dicetur.

402 5653 484 5691 lu
509 5653 750 5694 dicetur.

353 5695 361 5708 ’
420 5704 541 5781 (48)
570 5707 937 5784 Quaecunque
957 5713 1242 5781 habemus
1262 5718 1505 5801 antiqua
1525 5725 1816 5792 variarum
1840 5733 1944 5793 Ec-

2078 1912 2338 1982 ejusdem
2372 1914 2651 1985 principis
2671 1933 2808 1971 cura
2833 1917 3127 1973 foveretur
3157 1920 3439 1991 quotidie,
3466 1921 3702 1976 assidua

2076 2001 2273 2054 tamen
2300 2005 2500 2056 mente
2523 2004 2799 2058 manebat
2838 2004 2898 2059 in
2939 2007 3148 2076 patria,
3189 2008 3261 2062 de
3290 2025 3407 2081 qua
3432 2014 3700 2065 remotus

2074 2085 2263 2142 fuerat
2289 2088 2413 2144 sine
2441 2089 2676 2159 pietatis
2715 2108 2977 2151 censura.
3013 2093 3118 2157 Qui
3150 2096 3326 2150 etiam
3348 2113 3504 2168 saepe
3518 2098 3701 2153 abun-

2075 2173 2313 2230 dantem
2336 2178 2727 2250 lacrymarum
2764 2179 3016 2236 imbrem
3042 2198 3108 2236 ex
3132 2185 3431 2239 oculorum
3460 2184 3699 2241 ﬂuentis

2073 2260 2508 2334 ingemiscenda
2542 2267 2797 2336 deduxit,
2838 2270 3063 2341 quoties
3088 2271 3431 2327 constitutus
3458 2273 3518 2328 in
3552 2275 3697 2328 exsi-

2072 2350 2150 2406 lia
2183 2353 2455 2408 meminit
2507 2358 2785 2427 quantam
2834 2357 3130 2429 religionis
3169 2360 3575 2417 celsitudinem
3632 2363 3693 2418 in

2073 2441 2428 2496 monasteria
2462 2441 2786 2515 dereliquit.
2820 2445 3002 2499 Etiam
3037 2446 3134 2501 diu
3172 2447 3229 2501 in
3268 2450 3459 2505 maesti
3491 2451 3685 2506 cordis

2072 2528 2450 2584 meditatione
2482 2530 2621 2584 dum
2653 2531 2802 2587 circa
2832 2550 2954 2588 rem
2996 2535 3327 2605 bujusmadi
3380 2538 3692 2610 cogitaret,

2072 2630 2203 2670 ecce
2235 2618 2488 2688 quadam
2538 2622 2708 2675 nocte
2761 2621 2903 2676 vidit
2954 2622 3172 2680 visione
3218 2625 3529 2681 notissima
3559 2627 3698 2682 dar-

2073 2704 2332 2775 mienda,
2362 2706 2513 2777 quod
2533 2708 2658 2778 jam
2689 2712 2887 2765 mente
2914 2711 3186 2781 peravida
3219 2713 3523 2770 ambiebat
3557 2716 3696 2786 vigi-

2071 2792 2245 2847 lando
2270 2810 2284 2860 ;
2317 2793 2427 2848 hac
2458 2794 2737 2851 duntaxat
2753 2798 3080 2868 quodmare
3097 2800 3264 2855 solita
3278 2800 3483 2857 fuisset
3496 2803 3556 2858 in
3573 2820 3695 2860 ma-

2074 2880 2327 2935 nasteria
2371 2898 2487 2937 una
2531 2899 2661 2938 cum
2693 2888 2917 2941 astante
2967 2888 3212 2942 fratrum
3262 2894 3522 2959 caterva,
3549 2892 3690 2948 dum

2070 2966 2267 3021 laudes
2311 2972 2719 3040 vespertinales
2758 2974 3054 3043 psallenda
3097 2977 3497 3048 persolverent
3525 2995 3693 3035 cane-

2069 3060 2335 3127 rentque,
2364 3062 2493 3128 post
2519 3060 2893 3117 novissimum
2917 3063 3201 3118 canticum
3220 3063 3561 3138 Magniﬁca!
3574 3071 3696 3126 ani-

2069 3159 2157 3197 ma
2187 3160 2306 3199 mea
2330 3144 2650 3214 Dominum,
2682 3149 2829 3202 hanc
2871 3150 3251 3221 antiphanam
3276 3164 3292 3208 :
3314 3154 3559 3218 «Quare
3588 3155 3694 3210 de-

2076 3230 2320 3286 traxistis
2359 3235 2731 3291 sermonibus
2755 3237 3013 3293 veritatis
3064 3254 3077 3293 :
3133 3240 3206 3294 ad
3255 3241 3690 3315 increpandam

2069 3319 2245 3374 verba
2256 3323 2687 3393 companitis:et
2705 3325 3033 3381 subvertere
3051 3327 3308 3383 nitimini
3328 3331 3691 3387 amicumve-

2071 3408 2287 3462 stram?
2301 3414 2968 3481 verumtamen....,»hac
2986 3415 3044 3469 in
3063 3417 3187 3471 loca
3202 3417 3303 3471 visi
3316 3423 3454 3473 sunt
3475 3436 3693 3475 omnes

2069 3495 2291 3566 pariter
2322 3498 2519 3552 relicta
2550 3507 2723 3555 cantu
2749 3502 2978 3574 penitus
3006 3504 3267 3573 reticere,
3311 3523 3507 3580 neque
3546 3511 3691 3565 ulte-

2069 3584 2187 3638 rius
2207 3601 2334 3640 eam
2354 3586 2510 3640 nulla
2530 3589 2704 3643 modo
2722 3605 2887 3660 posse
2904 3584 3081 3648 verba
3109 3595 3193 3648 vel
3228 3610 3361 3650 vace
3382 3597 3682 3668 perﬁnire,

2070 3674 2328 3743 quamvis
2339 3690 2495 3729 casso
2515 3676 2712 3732 labore
2732 3679 3025 3734 multoties
3041 3680 3311 3737 iteratam
3328 3700 3449 3738 nan
3476 3685 3590 3741 nisi
3619 3687 3690 3741 ad

2068 3760 2344 3815 eumdem
2358 3762 2545 3817 locum
2571 3766 2861 3821 cantanda
2874 3767 3285 3839 perducerent;
3313 3775 3371 3826 et
3383 3788 3688 3846 nunquam

2067 3848 2180 3903 dua
2200 3848 2446 3906 ﬁnitima
2463 3852 2635 3908 verba
2652 3854 3024 3911 modulantes
3041 3858 3441 3915 admitterent.
3474 3866 3554 3916 At
3586 3863 3642 3917 ill
3656 3879 3687 3918 θ

2066 3952 2171 4007 per
2183 3953 2309 3992 eam
2318 3938 2387 3994 de
2404 3956 2451 3995 In
2467 3939 2746 3997 visionem
2762 3944 3066 4016 increpans
3078 3963 3203 4002 eos:
3225 3948 3357 4015 Cur,
3373 3949 3664 4021 inquit,ad

2064 4024 2487 4096 perﬂniendam
2519 4030 2901 4102 antiphanam
2931 4035 3038 4098 (48)
3071 4050 3186 4090 non
3232 4037 3402 4092 vultis
3430 4038 3627 4093 dicere
3660 4056 3675 4096 :

2067 4134 2096 4163 «
2129 4112 2266 4177 Quae
2297 4116 2606 4187 cogitastis,
2640 4120 2939 4190 explete.»
2978 4123 3102 4177 Mox
3139 4124 3232 4178 ille
3282 4124 3548 4182 divinum
3583 4146 3671 4183 re-

2062 4217 2337 4272 sponsum
2360 4219 2427 4258 ex
2440 4204 2552 4260 alia
2566 4209 2728 4276 parte
2740 4210 3049 4279 perpendit
3063 4212 3168 4266 sub
3181 4212 3287 4267 hac
3310 4230 3453 4269 vace
3474 4233 3488 4270 :
3510 4217 3667 4284 Idea,

2063 4289 2326 4362 inquam,
2352 4293 2486 4364 quia
2508 4310 2803 4366 nunquam
2821 4298 2975 4367 quod
2994 4305 3191 4356 mente
3215 4303 3550 4360 moliuntur
3570 4306 3678 4360 im-

2062 4380 2332 4450 plebunt:
2363 4386 2425 4434 ut
2455 4386 2508 4437 te
2531 4398 2759 4454 quoque
2779 4386 2851 4440 ab
2876 4387 3045 4458 hujus
3067 4392 3402 4446 monasterii
3426 4397 3678 4465 potesta-

2060 4472 2119 4522 te
2138 4468 2454 4525 auferenda
2472 4472 2812 4527 evellant.Et
2824 4475 3102 4547 evigilans
3112 4482 3243 4549 post
3262 4480 3444 4535 visum
3458 4484 3675 4554 gratias

2061 4556 2183 4628 egit
2210 4559 2530 4614 cansalanti
2557 4577 2616 4615 se
2638 4561 2948 4621 Altissima.
2990 4567 3181 4622 Patuit
3215 4568 3431 4640 quippe
3460 4587 3529 4625 ex
3562 4573 3664 4627 hac

2062 4644 2381 4701 certissima
2398 4650 2748 4705 revelatiane
2779 4650 2954 4723 quad,
2985 4654 3130 4710 sicut
3158 4658 3419 4729 superius
3448 4675 3671 4715 sermo-

2062 4732 2231 4788 nibus
2269 4734 2618 4807 quibuslibet
2643 4743 3247 4815 cammemaravimus,
3277 4747 3548 4802 nonnulli
3586 4765 3672 4804 ea-

2059 4837 2191 4877 rum
2220 4823 2462 4878 clanculi
2484 4830 2877 4898 persecutores
2897 4829 3048 4885 illius
3071 4831 3357 4889 exstitere.

2703 4988 2927 5046 CAPUT
2961 4990 3027 5050 V.

2060 5069 2414 5148 Episcopatus
2460 5073 2847 5148 πίθοι·ῃίωὼ
2893 5086 2944 5133 et
2996 5078 3392 5141 Landinensis:
3423 5085 3549 5142 dein
3576 5105 3666 5143 ar-

2191 5143 2605 5216 chiepiscopatus
2632 5146 3057 5207 Cantuarzensis.
3076 5151 3108 5205 1
3113 5160 3191 5208 ter
3207 5153 3538 5216 Romanum.

2131 5234 2220 5287 24.
2245 5231 2477 5288 Factum
2503 5238 2589 5290 est
2614 5240 2808 5292 autem
2836 5241 2901 5292 ut
2925 5255 3024 5294 rex
3042 5241 3317 5313 praefatus
3334 5244 3395 5300 in
3422 5250 3666 5319 praeter-

2059 5371 2361 5453 c_lesiaru_m
2378 5371 2682 5453 breviaria,
2697 5376 2908 5453 librum
2928 5379 3034 5435 Job
3057 5388 3393 5453 proponunt
3420 5385 3662 5441 recitau-

2060 5442 2198 5498 dum
2224 5443 2415 5512 prima
2434 5462 2498 5500 ac
2522 5446 2643 5502 fere
2670 5442 2849 5503 etiam
2881 5442 3134 5506 secunda
3165 5442 3529 5512 bebdomata
3557 5456 3657 5512 Se-

2058 5514 2380 5639 ptembris;
2419 5516 2518 5571 sed
2542 5517 2601 5571 in
2630 5518 3264 5639 Sabbatopreecedentc
3280 5527 3394 5581 alia
3408 5527 3657 5598 praescri-

2102 5589 2217 5639 ltur
2236 5586 2574 5639 antlnhona.
2607 5590 2791 5639 (malis
2828 5607 2902 5639 sci
2931 5596 3040 5639 ient
3087 5609 3142 5639 ιιι
3191 5595 3458 5639 anann
3483 5615 3500 5639 ,-
3535 5613 3654 5639 ,περ

2102 5584 2217 5670 itur
2236 5585 2574 5670 antiphpna,
2607 5584 3040 5670 qualisscilicet
3079 5593 3154 5670 _i_l_l_
3191 5584 3500 5665 Romano;
3535 5613 3655 5670 qua

2061 5658 2261 5745 5.3119“:
2277 5655 2377 5745 915
2384 5655 2609 5745 51W!!!
2622 5655 2976 5745 ὶιιῑίρέιοιιξν
2991 5663 3051 5745 in
3075 5662 3189 5745 illis
3223 5670 3312 5725 αι
3335 5655 3647 5745 mpelisc-

2053 5724 2208 5784 rium
2230 5728 2361 5803 post
2383 5728 2420 5784 3
2441 5724 3099 5796 lectionem'Domihioe
3128 5738 3184 5806 l.
