3900 6216
180 402 208 456 1
220 400 317 456 445

1429 393 1581 447 νιτΑ
1609 384 2261 462 ςΑΝοτξΒυΝεΤΑΝι.

3374 386 3510 444 1446

168 517 450 572 euntibus
480 514 650 569 annis
679 511 905 586 penitus
927 529 960 566 a
983 511 1236 566 Brumali
1256 513 1368 579 (49)
1399 511 1607 583 p0pulo
1634 509 1801 563 relin-
1828 524 1845 572 Α

1944 525 2173 579 astorali
2192 524 2563 579 servandam:
2590 524 2646 579 iu
2667 541 2779 597 qua
2806 523 2999 578 statim
3017 535 3165 577 verm
3187 523 3316 578 lidei
3344 524 3516 578 vitem

169 608 454 679 queretur
485 606 875 675 contemptus,
909 600 1183 672 quoniam
1216 599 1273 653 in
1307 599 1616 654 commisso
1647 598 1801 667 regi-

169 695 334 750 mine
364 692 710 763 insipienter
736 692 963 762 egisset,
987 705 1222 760 sagaces
1241 690 1323 741 vel
1347 688 1630 759 sapientes
1669 685 1802 739 odio

176 782 455 838 vanitatis
482 780 846 851 disperdens,
879 780 936 832 et
963 778 1195 848 ignaros
1221 792 1475 848 quosque
1502 774 1606 829 sibi
1626 772 1806 828 consi-

182 871 348 926 miles
396 869 587 925 studio
638 866 961 923 dilectionis
1004 866 1298 920 ascissens.
1350 866 1483 919 Post
1526 863 1679 918 hunc
1725 862 1806 916 ita

176 958 444 1014 omniurn
477 956 907 1027 conspiratione
938 954 1226 1019 relictum,
1263 954 1490 1023 elegere
1519 951 1645 1015 sibi,
1687 951 1803 1004 Deo

176 1046 455 1113 dictante,
473 1043 1095 1116 Eadgarum,ejusdem
1110 1041 1357 1112 Eadwigi
1375 1039 1803 1111 germanum,in

176 1152 409 1207 regem,
444 1135 544 1206 qui
568 1134 729 1204 virga
776 1133 1064 1205 imperiali
1095 1132 1336 1201 injustos
1364 1130 1516 1200 juste
1545 1132 1806 1200 percute-

174 1230 285 1289 ret,
314 1223 608 1293 benignos
641 1224 835 1276 autem
870 1221 974 1275 sub
1022 1220 1225 1274 eadem
1270 1218 1553 1290 aequitatis
1586 1218 1805 1288 virgula

173 1311 415 1384 paciﬁce
441 1310 776 1364 custodiret.
814 1307 1040 1379 Sicque,
1070 1308 1331 1361 universo
1363 1307 1574 1377 populo
1598 1310 1807 1360 testan-

172 1401 254 1464 te,
282 1397 519 1469 publica
543 1414 633 1451 res
672 1413 877 1465 regum
911 1413 976 1450 ex
1022 1395 1358 1449 definitione
1413 1394 1701 1465 sagacium
1724 1410 1807 1448 se-

166 1486 378 1557 juncta
409 1489 515 1551 est,
551 1488 612 1538 ut
645 1485 934 1538 famosum
987 1484 1204 1537 ﬂumen
1259 1485 1513 1538 Tamesae
1560 1498 1806 1553 regnum

174 1572 619 1628 disterminaret
675 1574 1001 1627 amborum.
1049 1574 1204 1626 Tunc
1248 1572 1541 1642 Eadgarus
1586 1588 1619 1625 a
1660 1587 1805 1641 pra:-

172 1661 333 1716 dicto
366 1662 583 1733 populo
615 1660 694 1713 sic
738 1660 970 1715 sortitus
1023 1659 1096 1714 ad
1156 1676 1425 1731 regnum,
1484 1658 1638 1714 misit
1668 1663 1809 1712 nutu

174 1749 281 1805 Dei
313 1749 391 1804 ad
428 1749 819 1803 revocandum
857 1749 1249 1803 venerandum
1264 1748 1533 1803 abbatem
1566 1748 1636 1802 ab
1669 1764 1809 1802 exo-

1904 615 2316 685 palmitemque
2341 613 2578 684 justitiae
2599 612 2788 684 sagaci
2802 613 2956 666 cultu
2975 612 3272 682 plantavit,
3305 615 3362 666 et
3380 612 3524 673 triti-

1901 718 2064 756 ceum
2098 705 2307 756 sancta:
2327 700 2617 755 Trinitatis
2636 717 2835 754 semen
2867 700 2926 753 in
2950 698 3309 753 credentium
3336 699 3518 754 cordi-

1901 789 2027 852 bus,
2056 788 2259 843 evulsis
2281 805 2547 844 errorurn
2578 788 2822 855 tribulis,
2855 786 3161 843 seminavit
3185 803 3198 841 :
3226 803 3331 859 per
3344 787 3518 859 quod,

1903 881 2033 949 post
2061 876 2358 949 praesentis
2379 877 2567 932 saeculi
2600 880 2817 931 metam
2849 876 3141 931 bonorum
3166 884 3430 947 operum,
3449 874 3524 930 ad

1906 965 2311 1037 vitamjugiter
2356 970 2695 1021 manentem
2711 962 3520 1037 pervenirentindemnes.Vi-

1904 1052 2045 1107 dens
2068 1040 2261 1125 itaque
2282 1070 2375 1108 rex
2392 1053 2843 1124 praenominatus
2858 1052 3013 1126 quod
3029 1052 3400 1108 commissam
3424 1051 3523 1106 Ec-

1903 1143 2133 1196 clesiam
2154 1141 2599 1214 pervigilpastor
2618 1142 2725 1195 rite
2748 1141 3001 1212 regendo
3018 1140 3350 1207 custodiret,
3366 1155 3525 1194 com-

1906 1230 2058 1284 misit
2083 1231 2133 1284 ei
2167 1229 2632 1284 Lundoniensem
2678 1228 3008 1295 Ecclesiam,
3066 1228 3158 1299 pio
3196 1231 3396 1301 postea
3423 1242 3524 1298 pa-
3610 1220 3613 1223 ’

1904 1322 2057 1373 store
2092 1322 2195 1388 (53)
2227 1318 2542 1384 viduatam,
2570 1332 2682 1390 quo
2707 1317 2955 1388 plurimo
2988 1315 3226 1370 civitatis
3254 1316 3402 1371 illius
3422 1330 3524 1385 po-

1904 1408 2180 1478 pulo,nec
2197 1423 2313 1460 non
2335 1409 2393 1461 et
2415 1406 2647 1477 reliqum
2670 1404 3040 1459 orientalium
3064 1404 3353 1460 Saxonum
3372 1403 3526 1458 mul-

1905 1494 2158 1562 titudini,
2183 1497 2420 1566 pontem
2456 1493 2631 1549 etiam
2671 1493 2743 1547 ad
2787 1493 2902 1547 alta
2931 1493 3197 1564 polorum
3225 1490 3527 1546 cacumina.

1907 1583 2217 1637 scandendi
2248 1586 2624 1655 prmpararat.
2660 1582 2768 1635 Has
2799 1581 2892 1635 ille
2930 1580 3193 1652 geminas
3224 1578 3522 1646 Ecclesias,

1907 1687 2013 1743 per
2041 1672 2220 1724 multa
2250 1687 2540 1725 annorum
2556 1669 2939 1724 traseuntium
2957 1672 3242 1740 tempora,
3258 1667 3360 1722 sub
3382 1666 3528 1738 regi-

1910 1759 2067 1813 mine
2097 1758 2439 1830 pontiﬁcalis
2478 1758 2829 1813 excellentiae
2866 1757 3087 1812 curiose
3143 1756 3413 1827 regebat;
3470 1758 3528 1811 et

173 1853 264 1906 ³ο,
297 1838 361 1891 in
393 1854 508 1909 (Ιυο
531 1838 801 1909 degebat,
836 1838 1060 1891 θΧδίΙίοε
1098 1854 1217 1891 Ποη
1244 1837 1559 1891 immemor
1580 1839 1809 1907 quantm
1832 1826 1882 1885 Β
1911 1847 2137 1918 utrique
2177 1847 2309 1901 ovili
2330 1846 2479 1900 viam
2511 1863 2638 1918 quia
2654 1846 2809 1901 ducit
2838 1846 2910 1901 ad
2941 1862 3075 1900 vera
3095 1826 3301 1899 Christi
3335 1843 3527 1913 ovilia,

174 1926 524 1981 reverentiae
555 1925 728 1979 fuerit
757 1925 1215 1979 antecessoribus
1245 1925 1442 1995 ipsius,
1474 1924 1679 1997 quibus
1723 1940 1811 1977 se-

176 2030 313 2068 cum
349 2029 487 2067 cum
543 2014 836 2069 salutifero
880 2014 1118 2068 consilio
1164 2014 1584 2083 infatigabilem
1630 2011 1813 2066 fidelis

177 2105 515 2175 obsequelae
541 2103 888 2156 famulatum
929 2102 1225 2174 persolvit:
1252 2118 1423 2173 quem
1459 2101 1529 2155 ab
1560 2101 1812 2155 incolatu

175 2193 494 2247 reductum
533 2190 692 2245 omni
723 2190 943 2245 honore
968 2190 1280 2261 dignitatis,
1309 2193 1369 2243 ut
1398 2193 1623 2243 tantum
1647 2205 1805 2259 opor-

178 2281 315 2346 tuit,
339 2279 665 2334 custodivit.
691 2280 910 2333 Interea
937 2294 1248 2349 germanus
1264 2278 1520 2349 ejusdem
1540 2276 1808 2348 Eadgari,

180 2368 321 2440 quia
344 2368 507 2438 justa
538 2367 637 2421 Dei
656 2367 873 2438 judicia
903 2366 1182 2421 deviando
1211 2366 1539 2436 dereliquit,
1572 2366 1810 2420 novissi-

179 2470 350 2508 mum
386 2454 591 2507 ﬂatum
609 2453 819 2507 misera
839 2456 1025 2507 morte
1038 2454 1316 2524 expiravit
1332 2455 1461 2523 (50;:
1478 2456 1536 2506 et
1554 2469 1809 2525 regnum

179 2537 341 2596 illius
367 2541 511 2613 ipse,
542 2543 699 2596 velut
729 2559 924 2613 mquus
980 2542 1164 2595 haeres
1220 2542 1291 2595 ab
1323 2545 1565 2613 utroque
1598 2543 1809 2614 populo

178 2630 423 2695 electus,
447 2630 716 2701 suscepit,
750 2629 1041 2700 divisaque
1071 2646 1384 2700 regnorum
1401 2629 1607 2699 jurain
1631 2647 1812 2683 unum

179 2718 291 2772 sibi
337 2721 631 2788 sceptrum
677 2717 976 2772 subdendo
1025 2717 1330 2787 copulavit.
1374 2717 1473 2771 Hic
1500 2717 1705 2772 iterato
1750 2718 1808 2770 Β.

182 2807 553 2861 Dunstauum
584 2805 643 2859 in
667 2806 1001 2876 ademptum
1022 2804 1275 2877 pristina:
1307 2804 1601 2877 dignitatis
1625 2806 1808 2860 hono-

181 2910 311 2949 rem
346 2893 620 2960 restituit,
645 2893 909 2947 similiter
937 2900 993 2947 et
1023 2896 1249 2947 atavam
1280 2910 1442 2948 suam
1475 2898 1532 2947 et
1563 2895 1815 2949 nonnul-

184 2983 274 3037 los
303 2982 472 3049 alios,
497 2981 843 3053 quos’frater
868 2981 1063 3051 ipsius,
1097 2981 1155 3035 in
1198 2982 1402 3036 eadem
1449 2986 1622 3036 antea
1642 2982 1815 3037 subli-

186 3070 397 3126 mitate
424 3070 784 3136 constitutus,
806 3068 1004 3141 iniquo
1021 3070 1236 3141 judicio
1259 3070 1505 3142 prmdari
1526 3071 1816 3141 praecepit.

1914 1935 2175 2007 exemplo
2209 1934 2424 2006 pariter
2455 1937 2511 1988 et
2532 1933 2879 1989 documento
2913 1932 3255 1988 monstravit
3281 1932 3414 2005 (54).

1982 2113 2070 2167 26.
2098 2113 2411 2182 Postquam
2446 2111 2639 2164 autem
2660 2124 2817 2164 mors
2835 2108 3105 2181 peravida
3129 2107 3526 2163 venerandum

1913 2200 2095 2254 Odam
2130 2202 2257 2270 (55),
2310 2198 2767 2270 ιηθιτοροιίὶεηω
2794 2198 3035 2252 civitatis
3063 2196 3527 2269 archipriesulem

1909 2286 2286 2359 Ecclesiaaque
2316 2285 2520 2341 Christi
2550 2289 2858 2351 rectorem,
2913 2302 2979 2339 ex
3025 2285 3305 2339 Adamica
3335 2282 3533 2342 condi.

1911 2377 2066 2430 tione
2088 2374 2839 2448 consumptum,insatiabili
2868 2377 3074 2428 voratu
3103 2372 3353 2437 ﬁnierat,
3391 2387 3533 2427 con-

1911 2468 2246 2519 numeratus
2277 2468 2362 2518 est
2411 2463 2678 2518 {Elfsinus
2722 2461 3205 2517 Wintoniensium
3235 2464 3433 2533 pastor
3457 2460 3531 2515 ad

1913 2552 2181 2607 eamdem
2203 2552 2415 2606 summi
2444 2549 2749 2606 sacerdotii
2776 2550 3111 2615 sedem.Qui
3137 2566 3268 2604 cum
3286 2565 3353 2603 ex
3375 2562 3534 2603 sum-

1912 2656 2143 2695 morum
2178 2640 2517 2711 pontiﬁcum
2535 2638 2972 2704 consuetudine,
2998 2640 3388 2711 postulaturus
3418 2638 3536 2709 pal-

1913 2730 2053 2784 lium
2070 2727 2399 2800 principalis
2420 2728 2615 2782 infulse
2637 2728 2983 2782 Romuleam
3006 2727 3211 2781 urbem
3225 2725 3537 2785 contende.

1915 2821 2004 2872 ret
2021 2817 2547 2889 properare,obt‘uit
2563 2816 2644 2870 illi
2658 2816 2715 2871 in
2741 2815 2961 2888 Alpinis
2979 2815 3276 2871 montibus
3291 2812 3537 2869 maxim-

1918 2906 2063 2961 nivis
2081 2907 2413 2973 difﬁcultas;
2438 2923 2565 2978 quae
2584 2908 2746 2961 tanto
2771 2922 2904 2959 eum
2917 2905 3048 2977 gelu
3061 2902 3269 2976 rigoris
3285 2902 3541 2958 obstrina

1919 2998 2102 3062 xerat,
2130 2995 2271 3049 utin
2304 2994 2392 3048 his
2439 2994 2741 3049 moriendo
2775 2991 3067 3061 deficeret,
3096 2996 3154 3047 et
3181 2991 3425 3063 regressi
3452 2994 3544 3045 tu-

1921 3084 2140 3137 mulato
2173 3082 2445 3153 pontifice
2486 3082 2745 3153 ejusdem
2771 3081 3115 3136 comitantes
3132 3079 3421 3147 tirunculi,
3449 3094 3541 3134 re-

773 3130 783 3136 .
908 3130 928 3141 -
1021 3130 1042 3141 ..
1259 3130 1276 3142 .
1527 3130 1539 3141 .
1714 3130 1726 3141 ,
1921 3130 2136 3137 ---_-----
2177 3130 2442 3153 τν----ην
2490 3130 2745 3153 ,δ----ω
2775 3130 3113 3136 ---ψη-η-
3137 3130 3421 3147 π-------,
3449 3130 3508 3134 _-

264 3162 354 3214 25-
388 3161 432 3213 Ρ
437 3161 598 3213 οδίιθδ
618 3158 798 3213 metu"
824 3161 908 3212 εδδ
934 3174 1181 3229 magnus
1201 3158 1547 3228 sapientium
1579 3174 1823 3213 COHVBD'
1847 3130 1895 3190 Ο
1925 3173 2259 3226 nuntiavere
2287 3170 2629 3242 lacrymanti
2661 3171 2868 3239 relatu,
2903 3173 3133 3225 tantum
3163 3169 3267 3225 sibi
3298 3168 3543 3224 infortu-

190 3260 286 3311 tus
313 3248 373 3302 in
396 3249 525 3302 loco
550 3247 649 3318 qui
664 3250 897 3303 vocatur
916 3248 1507 3319 Bradanfoort(51),et
1536 3247 1675 3301 eoin
1698 3249 1822 3303 loco

194 3336 467 3391 omnium
508 3352 575 3390 ex
600 3336 880 3390 electione
910 3335 1209 3390 ordinatus
1261 3340 1346 3391 est
1395 3334 1721 3390 Dunstanus
1753 3336 1826 3391 ad

198 3428 563 3500 episcopum,
597 3428 836 3481 eotenus
863 3426 1116 3481 maxime
1143 3443 1255 3497 quo
1294 3426 1474 3498 regali
1504 3426 1824 3497 praesentia:

194 3518 444 3589 propter
458 3514 699 3587 provida
720 3514 1156 3585 prudentiarum
1172 3531 1406 3570 suarum
1426 3515 1661 3570 consilia
1680 3514 1825 3586 iugi-

196 3607 289 3659 ter
310 3603 609 3659 adfuisset.
631 3605 701 3657 Et
726 3604 864 3658 dum
894 3604 1078 3659 accitu
1104 3604 1281 3675 regali
1315 3604 1572 3659 moribus
1602 3604 1827 3660 Deificis

194 3708 299 3748 rex
330 3692 534 3747 fuisset
561 3709 596 3746 a
653 3693 713 3747 Β.
754 3692 1051 3748 Dunstano
1094 3694 1183 3748 vel
1226 3695 1445 3747 czeteris
1476 3693 1829 3764 sapientibus

202 3782 485 3838 decenter
513 3781 845 3849 instructus,
871 3782 1041 3854 coepit
1078 3781 1293 3855 passim
1322 3782 1618 3853 improbos
1642 3781 1833 3852 oppri-

202 3886 391 3936 mere,
406 3871 597 3940 justos
615 3886 842 3942 quoque
866 3872 923 3925 et
962 3871 1254 3926 modestos
1280 3887 1423 3943 puro
1455 3874 1687 3943 pectore
1710 3870 1833 3926 dili-

208 3976 369 4032 gere,
390 3975 561 4031 reges
579 3963 637 4014 et
656 3959 1386 4032 tyrannoscircumquaque
1398 3959 1504 4014 sibi
1524 3961 1828 4031 subjicere,

208 4047 535 4102 destructas
554 4045 654 4101 Dei
680 4047 940 4101 ecclesias
988 4063 1266 4102 renovare
1323 4048 1407 4101 vel
1439 4048 1643 4115 ditare,
1677 4052 1734 4104 et
1760 4050 1833 4105 ad

208 4136 448 4191 laudem
465 4134 678 4189 summi
712 4135 966 4190 numinis
986 4135 1332 4190 famulantes
1350 4139 1601 4191 catervas
1624 4153 1834 4208 aggre-

212 4241 376 4296 gare,
401 4240 758 4296 omnemque
786 4225 1089 4296 regionem
1122 4224 1269 4279 illius
1313 4226 1418 4281 sub
1460 4227 1615 4295 pacis
1642 4226 1835 4281 muni-

214 4313 378 4367 mine
408 4312 684 4383 regaliter
713 4312 1016 4367 custodire.
1054 4312 1271 4367 Deinde
1291 4317 1488 4385 pastor
1506 4315 1705 4383 (factus
1722 4317 1831 4379 est)

1925 3259 2087 3314 nium
2115 3259 2173 3312 in
2206 3258 2489 3331 praedictis
2520 3257 2813 3312 montibus
2872 3257 3198 3328 contigisse.
3233 3259 3366 3312 Post
3387 3256 3546 3327 cujus

1926 3346 2489 3402 consummationem
2517 3347 2748 3417 elegere
2776 3346 3196 3416 Byrhtelmum,
3230 3346 3545 3399 Dorceten-

1926 3437 2073 3491 sium
2094 3435 2483 3507 praevisorem,
2501 3435 2573 3489 ad
2594 3450 2889 3488 summum
2906 3436 3117 3487 sanctae
3139 3433 3547 3487 Dorobernen-

1925 3526 1998 3581 sis
2022 3523 2281 3578 Ecclesia:
2327 3522 2719 3577 sacerdotem:
2767 3524 2825 3576 et
2862 3523 2986 3575 erat
3023 3519 3108 3574 vir
3151 3519 3257 3574 iste
3280 3517 3459 3586 mitis,
3488 3522 3549 3574 et

1927 3614 2238 3680 modestus,
2262 3615 2319 3667 et
2349 3610 2607 3680 humilis,
2641 3613 2700 3665 et
2754 3608 3061 3680 benignus,
3109 3607 3169 3662 in
3207 3610 3435 3662 tantum
3482 3608 3549 3662 ut

1928 3702 2179 3758 tumidos
2201 3717 2457 3774 quosque
2504 3700 2590 3754 vel
2633 3698 2877 3753 rebelles
2906 3697 3011 3751 sub
3033 3694 3402 3752 correctionis
3426 3711 3549 3750 ver-

1928 3793 2087 3859 bere,
2122 3808 2261 3858 non,
2292 3792 2376 3858 ut,
2398 3788 2703 3855 debuisset,
2728 3786 3044 3842 cohiberet.
3065 3786 3162 3840 Est
3190 3799 3443 3856 namque
3454 3784 3550 3857 jus

1932 3885 2244 3947 rectorum,
2263 3882 2325 3933 ut
2354 3878 2501 3933 bene
2530 3878 2715 3933 bonos
2743 3874 3090 3945 custodiant,
3134 3876 3193 3930 et
3216 3873 3287 3928 ad
3307 3872 3553 3931 meliora

1933 3973 2213 4041 quantum
2245 3970 2465 4040 queunt
2503 3966 2716 4021 viribus
2750 3963 3031 4019 universis
3072 3964 3430 4029 informant;
3464 3978 3552 4018 re-

1932 4058 2144 4129 probos
2168 4060 2363 4112 autem
2380 4060 2437 4112 et
2458 4056 2699 4111 rebelles
2725 4054 2830 4109 sub
2854 4052 3180 4125 asperitatis
3193 4050 3552 4108 correctione

1929 4148 2308 4218 .Iedarguant,
2341 4147 2524 4201 donec
2554 4162 2652 4200 eos
2695 4161 2729 4200 a
2770 4143 2874 4198 viis
2923 4143 3241 4199 vanitatum
3272 4144 3554 4198 avertant.

1935 4235 2307 4308 Comperiens
2334 4251 2471 4305 ergo
2493 4250 2592 4288 rex
2619 4233 2773 4306 quod
2793 4232 3099 4304 praedictus
3149 4228 3407 4304 pontifex
3434 4232 3559 4288 hmo

1928 4325 2061 4396 jura
2103 4323 2455 4395 praescripta.
2506 4320 2569 4384 in
2598 4322 2909 4377 commissa
2938 4321 3044 4376 sibi
3074 4321 3262 4393 plebe,
3298 4336 3567 4377 mansne-

212 4399 622 4472 Wigoricensis
686 4400 974 4456 Ecclesiae:
1036 4404 1235 4473 utpote
1301 4401 1669 4473 Cynewaldus
1719 4403 1832 4473 (52)

1944 4413 2146 4467 scendo
2178 4411 2421 4465 minime
2444 4410 2817 4482 adimpleret:
2831 4411 3006 4482 jussit
3027 4426 3160 4464 eum
3173 4410 3290 4464 vias
3304 4422 3561 4480 perquas

214 4504 384 4544 more
414 4489 748 4543 mortalium
780 4504 1060 4560 cursuque
1091 4490 1221 4543 νίῖδέ
1267 4491 1603 4561 temporalis
1630 4490 1835 4545 θάιιεῐο
1857 4489 1899 4496 ⁷
1935 4499 2426 4562 veniebatredire,
2457 4502 2516 4553 et
2544 4499 2805 4554 relictam
2838 4498 3182 4569 dignitatem
3208 4511 3402 4549 rursus
3423 4492 3590 4551 reci;

215 4576 536 4642 succubuit,
560 4580 618 4631 et
641 4576 887 4649 suscepit
909 4578 950 4631 Β
995 4578 1251 4649 pontifex
1274 4579 1598 4633 Dunstanus
1628 4578 1841 4633 consti-
1939 4606 2075 4661 pere
2097 4587 2526 4659 possidendam,
2561 4587 2778 4642 Dehinc
2810 4584 3106 4640 constituit
3134 4600 3201 4637 ex
3235 4581 3427 4637 divino
3466 4598 3561 4637 re-

216 4669 378 4721 tutus
407 4683 442 4720 a
467 4681 604 4738 rege
632 4666 783 4720 hanc
813 4667 1084 4721 eamdem
1135 4667 1443 4721 Ecclesiam
1483 4668 1587 4721 sub
1610 4668 1843 4722 solertia
1941 4682 2133 4751 εροριιι
2152 4667 2221 4732 ὀι
2243 4676 2590 4748 sapientium
2613 4674 2849 4731 consilio
2869 4675 3248 4738 Dunstauum,
3267 4686 3441 4743 quem
3460 4687 3561 4727 ηο-

294 4788 406 4857 (ll-9)
435 4786 872 4844 AMercensz'bus
934 4789 1146 4844 scilicet
1198 4791 1257 4844 et
1305 4788 1844 4845 Nort/n'mbrensibus

222 4859 308 4915 uti
341 4862 604 4930 asserunt
635 4858 1095 4930 Wirgorniensis,
1124 4860 1524 4915 Dunelmensis
1556 4864 1613 4915 et
1638 4861 1753 4928 alii,
1788 4865 1846 4916 et

222 4930 490 4986 referunt
518 4929 590 4984 ad
617 4929 837 4984 annum
868 4933 991 4985 957.

299 5001 608 5072 (50)Anno
643 5003 746 5056 959
776 5000 1034 5057 Edwium
1087 5000 1371 5074 expirasse
1427 5001 1647 5073 passim
1692 5018 1845 5057 asse-

225 5076 367 5128 runt
392 5076 675 5130 auctores.

300 5143 417 5215 (5l)
442 5141 716 5215 ABmdfort
734 5142 883 5215 dicta
915 5145 1041 5201 loca
1064 5144 1176 5199 duo
1204 5144 1265 5199 in
1296 5141 1731 5209 Dorcestriensi,
1766 5146 1851 5215 to:

227 5213 412 5270 tidem
436 5213 494 5268 in
526 5214 892 5282 Devoniensi,
925 5232 1106 5270 unum
1158 5217 1332 5270 etiam
1386 5216 1445 5270 in
1488 5213 1850 5269 Wiltoniensi

230 5285 599 5341 comitatibus
623 5285 1024 5357 inveniuntur;
1062 5303 1309 5357 quorum
1324 5290 1682 5357 postremum
1701 5286 1851 5339 cele-

230 5357 410 5423 brius,
466 5358 524 5429 et
566 5355 888 5429 tiundredte
940 5355 1108 5413 unius
1169 5355 1359 5429 caput,
1414 5357 1588 5412 biduo
1628 5356 1855 5411 circiter

232 5427 527 5485 Glastonia
566 5427 755 5481 distat.

306 5503 410 5571 (52)
490 5498 871 5571 Cyneaialdus,
903 5568 931 5571 Δί
955 5499 1078 5554 aliis
1122 5498 1476 5553 Kinewoldus
1533 5515 1685 5554 anno
1751 5500 1855 5571 957

235 5568 500 5628 mortuus
530 5569 779 5641 traditur
803 5573 861 5625 et
887 5568 949 5624 S.
982 5570 1297 5624 Dunstanus
1330 5570 1648 5641 ordinatus,
1677 5572 1740 5625 ut
1772 5569 1858 5626 in-

235 5647 323 5706 tra
340 5643 526 5701 etiam
550 5639 707 5719 apud
728 5639 1051 5701 Osbernum
1078 5641 1309 5718 legitur.

2014 4803 2131 4875 (53)
2199 4799 2812 4875 Brz'tlzelmdepiscopo
2845 4795 3193 4875 Londinensi
3245 4810 3401 4875 anno
3439 4797 3559 4875 .958

1944 4865 2197 4941 mortuo,
2227 4872 2483 4944 Edgarus
2511 4865 2848 4944 Merciorum
2890 4884 2990 4924 rex
3030 4868 3189 4922 illam
3245 4865 3557 4920 Ecclesiam

1944 4945 2007 5002 S.
2036 4939 2521 4998 Duns'lano'etiam
2547 4939 2854 4996 commisit.

2019 5019 2135 5083 (54)
2163 5016 2335 5069 Addit
2358 5007 2982 5083 Westmoxiasteriensis
2997 5008 3071 5064 ad
3099 5006 3316 5083 dictum
3339 5021 3560 5061 annum

1949 5080 2084 5142 959:
2115 5080 2481 5157 Ouiprolinus
2497 5083 2642 5157 apud
2677 5080 3230 5157 Westmonusterium,
3252 5084 3558 5157 constructo

1947 5158 2018 5213 ad
2045 5148 2323 5211 duodecim
2344 5148 2625 5211 monachos
2653 5151 2902 5216 canobio,
2942 5152 3007 5222 in
3032 5150 3141 5207 loco
3165 5150 3263 5222 ubi
3287 5148 3560 5222 quaedam

1949 5228 2188 5283 Mellitus
2210 5229 2471 5298 episcopus
2518 5224 2591 5279 B.
2635 5224 2800 5298 Petro
2843 5220 3144 5298 ecclesiam
3175 5220 3559 5298 fabricaverat,

1950 5298 2014 5373 ξ.
2055 5289 2256 5373 Πιβίῖιηὶ
2280 5289 2779 5373 ι’ρἱρφ-ςοηςιρξζατϊ.
2798 5289 3261 5373 abdatewy,_idque
3281 5291 3469 5373 [avare
3496 5289 3559 5345 S.

1953 5362 2241 5436 Dunsiani,
2272 5368 2412 5421 utin
2444 5366 2592 5420 illius
2611 5366 2738 5421 Vita
2765 5365 2976 5435 legitur
3004 5365 3036 5417 8
3063 5362 3318 5419 Januarii
3343 5376 3457 5433 quo
3475 5376 3567 5415 co-

1953 5441 2108 5496 litur.

1955 5584 1983 5643 ι
2026 5508 2225 5637 §§5)S.
2260 5507 2375 5564 Odo
2426 5508 2689 5565 mortuus
2741 5511 2828 5565 est
2881 5522 3036 5563 anno
3093 5508 3225 5579 958;
3281 5502 3489 5563 colitur
3532 5505 3568 5563 4

1989 5598 2108 5640 ιιιι.
3482 5618 3487 5622 .

1989 5598 2083 5640 tllll
2095 5622 2108 5637 .
3482 5618 3487 5622 .
