3900 6216
387 336 525 392 1447

1427 339 1436 352 '
1483 324 1846 382 BRIDFERTI
1899 324 2350 383 RAMESIENSIS
2404 323 2739 392 MONACHI.

3573 339 3724 399 1448

389 457 549 512 verat
575 469 696 508 esse
723 452 1107 516 constantem,
1143 447 1216 503 ad
1249 464 1540 502 summum
1574 446 1864 518 praedicta:
1895 447 1996 500 Ec-
2016 453 2071 512 Α
2093 446 2264 501 tifero
2315 453 2684 518 monstraret,
2717 450 2834 523 ipse
2861 451 2946 521 (ut
2969 452 3050 508 ait
3079 455 3403 528 Apostolus)
3432 459 3732 530 reprobus

379 545 564 600 clesite
597 541 978 597 sacerdotem.

451 637 540 688 27.
571 631 694 686 Mox
737 629 833 684 ille
883 627 1142 697 suscepto
1175 623 1494 678 sacerdotio
1522 623 1873 695 prolixa(56)
1903 623 1992 678 iti-

379 737 542 787 nera,
566 736 691 792 quae
721 715 964 771 summis
990 716 1123 768 sunt
1146 711 1538 766 sacerdotibus
1560 711 1748 779 solita,
1782 713 1995 767 Roma-

383 825 519 866 nam
538 821 825 879 prospero
839 803 980 857 calle
1002 800 1248 855 tetendit
1266 800 1338 854 ad
1359 801 1590 867 urbem;
1620 803 1856 872 eratque
1885 801 1996 855 Do-

382 898 574 954 minus
595 894 779 950 socius
806 890 1022 946 itineris
1049 888 1218 954 illius,
1253 890 1311 942 et
1338 905 1482 960 pura
1508 887 1616 942 ﬁde
1647 903 1705 942 se
1734 888 1999 942 recinen-

379 991 498 1041 tem
527 1001 644 1039 non
673 979 924 1051 reliquit,
956 977 1101 1031 sicut
1125 977 1246 1048 ipse
1274 993 1378 1046 per
1396 977 1744 1046 Prophetam
1762 975 1995 1030 cuicun-

381 1091 491 1147 que
521 1070 676 1126 tidcli
718 1065 1051 1140 repromisit
1095 1064 1323 1118 dicens:
1355 1063 1687 1119 Intellectum
1715 1064 1818 1119 tibi
1838 1063 1994 1136 dabo,

379 1171 428 1220 et
465 1164 725 1216 instruam
756 1164 804 1210 te
849 1155 911 1210 in
941 1157 1028 1208 via
1054 1154 1153 1207 hac
1179 1170 1286 1224 qua
1317 1153 1622 1222 gradieris;
1659 1153 1879 1222 ﬁrmabo
1906 1171 1994 1207 su-

368 1255 539 1324 perte
577 1247 750 1302 oculos
779 1261 918 1300 meos
965 1241 1138 1314 (Psal.
1173 1258 1317 1309 xxxi,
1365 1242 1440 1302 8).
1499 1243 1568 1297 Et
1606 1241 1848 1298 iterum:
1876 1241 1996 1313 Ego

377 1345 502 1399 ante
531 1346 578 1393 te
600 1337 704 1408 ibo,
731 1343 779 1390 et
797 1334 1046 1405 gloriosos
1067 1338 1220 1386 terra:
1269 1331 1558 1386 humiliabo
1584 1330 1716 1403 (13a.
1763 1349 1884 1398 ην,
1918 1332 1992 1403 2).

382 1431 642 1500 Cumque
669 1426 779 1480 iter
807 1424 1046 1494 longum
1069 1419 1434 1493 prOperando
1466 1419 1705 1487 fecisset,
1725 1423 1783 1474 et
1801 1420 1997 1475 omnia

374 1516 662 1584 victualia,
693 1529 819 1585 quae
841 1512 928 1565 vel
949 1509 1159 1581 equino
1181 1507 1503 1580 gestamine
1524 1510 1607 1561 vel
1641 1509 1752 1562 alia
1778 1509 1995 1562 condu-

373 1607 564 1662 ctione
604 1602 887 1666 ferebant,
909 1598 1136 1670 ‘pOpriis
1163 1598 1246 1650 vel
1266 1596 1466 1650 alienis
1487 1597 1995 1668 hominibuspcui-

375 1700 468 1750 tus
528 1692 768 1747 fuissent
814 1703 1078 1758 expensa,
1133 1685 1212 1738 ait
1252 1685 1608 1756 procuratori
1664 1703 1795 1740 suo:
1846 1685 1987 1750 Quid

2095 535 2421 590 efficeretur
2441 537 2496 602 (Ι
2531 538 2656 596 Cor.
2692 555 2762 596 ix.
2794 540 2904 609 27),
2926 541 3289 614 propriaeque
3310 545 3730 616 prmdicationi

2095 624 2436 679 contrarius.
2469 625 2687 681 Deinde
2719 633 2914 682 autem
2947 629 3236 686 destructa
3274 649 3582 702 renovare,
3616 653 3732 690 ne-

2096 711 2283 782 glecta
2307 728 2534 785 quoque
2557 714 2895 784 justiiicare,
2925 717 3052 772 loca
3071 722 3268 773 sancta
3295 719 3502 788 ditare,
3525 723 3732 794 justos

2097 815 2314 868 amare,
2337 805 2595 857 errantes
2627 802 2699 857 ad
2731 803 2882 858 viam
2909 821 3200 874 revocare,
3221 807 3320 862 Dei
3333 810 3604 867 ecclesias
3633 811 3727 866 fa-

2097 885 2340 956 bricare,
2375 906 2707 962 nomenque
2737 891 2856 946 veri
2881 893 3126 964 pastoris
3154 895 3215 949 in
3231 897 3726 956 omnibus’adim-

2099 975 2276 1046 plere.

2170 1068 2256 1119 29.
2291 1065 2409 1136 Ego
2430 1067 2687 1138 quidem,
2719 1068 2765 1124 si
2797 1069 2888 1125 die
2920 1073 3208 1144 noctuque
3241 1075 3509 1131 millenos
3536 1094 3726 1134 sonos

2095 1151 2285 1207 ferrea
2302 1153 2499 1226 lingua
2517 1160 2719 1212 contra
2741 1163 3008 1214 naturam
3029 1161 3384 1232 amitterem,
3405 1166 3724 1238 nequirem

2097 1241 2293 1313 utique
2323 1243 2520 1298 omnia
2557 1244 2908 1302 beneficiosa
2934 1247 3206 1304 virtutum
3246 1267 3482 1308 suarum
3510 1271 3720 1326 Opera,

2097 1346 2224 1401 quae
2249 1330 2332 1384 vel
2365 1331 2670 1388 manifeste
2692 1335 2779 1389 vel
2809 1335 2987 1392 etiam
3008 1342 3225 1394 secrete
3249 1342 3493 1413 peregit,
3515 1360 3724 1415 prom-

2096 1417 2289 1488 psisse.
2328 1420 2516 1474 Unum
2545 1425 2740 1476 autem
2761 1439 2828 1478 ex
2855 1423 2976 1494 ipso
3003 1441 3099 1480 me
3117 1429 3508 1497 possereferre
3529 1432 3723 1502 proﬁ—

2096 1508 2241 1572 teor,
2267 1507 2420 1578 quod
2451 1510 2709 1580 quamvis
2740 1511 2828 1565 hic
2844 1528 3053 1568 carneo
3075 1518 3272 1586 septus
3291 1517 3576 1575 velamine
3609 1521 3717 1576 de-

2095 1593 2308 1664 guisset
2336 1595 2395 1649 in
2456 1596 2608 1664 imis,
2655 1603 2850 1654 mente
2888 1603 3110 1666 tamen,
3132 1603 3250 1658 sive
3275 1603 3558 1676 vigilaret,
3593 1609 3720 1664 sive

2092 1697 2298 1738 somno
2327 1684 2594 1740 detentus
2651 1687 2990 1758 quiesceret,
3049 1707 3275 1763 semper
3331 1696 3612 1751 manebat
3653 1699 3717 1752 in

373 1775 1068 1841 nobisadministrationis
1097 1775 1272 1828 habes
1303 1774 1372 1828 ad
1392 1774 1570 1828 noctis
1589 1773 1987 1845 hujussusten-
2011 1786 2062 1848 Β
2092 1771 2332 1842 superis,
2363 1777 2422 1827 ut
2472 1775 2678 1828 Paulus
2723 1775 2914 1830 aiebat
2937 1780 3258 1849 apostolus:
3288 1781 3491 1838 Nostra
3530 1795 3716 1843 autem

377 1871 658 1936 tationem
670 1863 1085 1921 conferendum
1099 1862 1206 1916 ?At
1219 1862 1310 1916 ille
1328 1863 1742 1917 stomachando
1757 1879 1991 1934 respon-

378 1960 570 2025 debat,
603 1955 824 2012 dicens:
860 1954 1095 2007 Prorsus
1129 1950 1302 2017 nihil;
1339 1951 1474 2021 quia
1504 1954 1562 2003 tu
1592 1951 1822 2005 tibimet
1851 1949 1996 2006 nihil

373 2061 664 2104 reservare
677 2041 938 2106 curabas,
955 2041 1093 2095 dum
1119 2038 1396 2111 quidquid
1417 2038 1594 2092 victus
1615 2039 1828 2094 habere
1847 2040 1997 2094 vide-

378 2137 608 2200 bamur,
641 2129 889 2204 propriis
924 2128 1011 2182 vel
1033 2126 1282 2182 externis
1313 2126 1514 2198 dapsili
1525 2127 1683 2198 jussu
1699 2127 1999 2183 distribue-

375 2241 488 2281 ras.
521 2223 589 2278 Et
619 2219 759 2275 dixit
799 2218 878 2273 illi
908 2215 1236 2288 episcopus:
1293 2215 1438 2282 Noli,
1491 2232 1706 2287 qutrso,
1749 2216 1996 2271 nimium

371 2312 509 2368 inde
531 2307 782 2376 turbari;
811 2304 1086 2378 quoniam
1129 2301 1406 2357 Dominus
1424 2307 1620 2358 noster
1641 2305 1799 2358 Jesus
1834 2304 1993 2360 Chri-

373 2405 492 2458 stus
521 2414 660 2470 erga
688 2410 890 2451 omnes
911 2392 970 2447 in
1011 2409 1068 2446 se
1105 2391 1404 2445 credentes
1439 2395 1524 2445 est
1544 2391 1678 2445 satis
1709 2393 1902 2464 largus
1939 2396 1996 2447 et

376 2491 552 2546 dives.
591 2489 664 2540 At
693 2485 786 2538 ille
812 2496 1073 2536 rursum:
1127 2479 1313 2546 Modo,
1363 2479 1570 2550 inquit,
1616 2479 1832 2534 videbis
1857 2482 1993 2552 quid

370 2577 475 2634 tibi
505 2575 831 2631 comesturo
853 2567 1103 2624 Christus
1140 2570 1270 2621 tuus
1286 2566 1389 2621 sub
1420 2567 1587 2637 hujus
1611 2568 1791 2622 noctis
1809 2570 1992 2638 spatio

373 2666 446 2721 sit
489 2665 744 2718 daturus.
789 2660 858 2713 Et
887 2655 1131 2712 surrexit
1171 2655 1448 2726 pontifex,
1472 2655 1610 2726 quia
1633 2659 1860 2727 tempus
1897 2675 1994 2712 ve-

371 2750 691 2826 spertinum
722 2746 995 2814 instabat,
1024 2748 1086 2798 ut
1129 2742 1188 2796 in
1216 2742 1604 2798 locisremotis
1617 2760 1874 2816 congrua
1895 2764 1993 2800 ve-

371 2839 642 2912 spertinae
672 2835 856 2890 laudis
884 2831 1667 2902 ofﬁciaadimpleret.Adhuc
1690 2833 1845 2888 enim
1864 2835 1989 2907 jam

373 2929 556 2986 dictus
576 2925 914 2998 procurator
931 2921 1101 2976 stulto
1117 2936 1414 2974 murmure
1435 2925 1569 2990 post
1593 2922 1899 2990 clamabat,
1913 2923 1992 2978 di-

371 3033 535 3073 cens:
567 3017 748 3084 Perge
768 3009 980 3082 oppido
996 3009 1236 3063 adorare
1253 3011 1476 3063 tantum
1493 3009 1782 3064 Christum
1802 3015 1962 3066 tuum
1975 3053 1988 3080 ,

2091 1863 2417 1914 conversatio
2443 1863 2496 1914 in
2517 1861 2657 1915 cwlis
2686 1871 2798 1917 est:
2835 1864 3002 1934 (Phil.
3035 1881 3119 1933 in,
3151 1871 3398 1939 20).jHoe
3429 1872 3716 1932 nimirum

2095 1948 2406 2020 saepissime
2455 1951 2660 2020 patuit,
2723 1953 2862 2007 dum
2889 1954 3160 2026 Idictavit)
3186 1957 3378 2014 divina
3409 1955 3715 2021 sacrorum

2096 2037 2558 2094 modulaminum
2591 2041 2833 2109 cantica,
2867 2058 2993 2113 quae
3023 2043 3096 2098 ab
3116 2043 3451 2102 hominibus
3471 2049 3714 2119 quidem

2097 2142 2395 2197 nunquam
2437 2128 2677 2199 accepit,
2709 2129 2808 2184 sed
2842 2146 2912 2184 ex
2935 2130 3120 2186 beatis
3150 2149 3414 2205 supernae
3451 2137 3715 2207 regionis

2097 2214 2309 2269 civibus
2321 2232 2424 2286 per
2444 2216 2742 2287 sopitalem
2760 2218 2876 2290 (57)
2903 2219 3316 2276 revelationem
3342 2225 3540 2294 capaci
3560 2226 3715 2281 didi-

2095 2305 2252 2358 cerat
2279 2303 2592 2374 intellectu,
2623 2309 2686 2360 ut
2715 2307 2837 2361 haec
2875 2324 3120 2380 sequens
3144 2311 3432 2366 sententia
3463 2314 3712 2370 manife-

2093 2395 2224 2446 stat.
2249 2392 2506 2456 Quadam
2521 2398 2688 2448 nocte
2701 2394 2768 2448 ad
2787 2396 2955 2466 hujus
2971 2396 3203 2452 visionis
3223 2401 3544 2471 exemplar,
3583 2408 3714 2474 post

2093 2481 2189 2553 pia
2207 2498 2442 2554 precum
2463 2482 2650 2537 studia
2669 2487 2911 2556 postque
2937 2485 3311 2542 novissimum
3340 2491 3711 2561 completorii

2094 2569 2370 2637 officium,
2394 2570 2524 2626 dum
2555 2570 2726 2626 beata
2749 2573 3015 2628 membra
3045 2575 3221 2645 quieti
3251 2575 3531 2645 dedisset,
3553 2584 3712 2635 certa

2093 2657 2584 2714 demonstratione
2615 2661 2912 2732 conspexit
2926 2663 3218 2732 quomodo
3231 2665 3495 2735 propria,
3509 2684 3638 2738 qua:
3651 2685 3709 2722 se

2091 2745 2225 2800 huic
2239 2746 2456 2801 mundo
2475 2747 2752 2812 ediderat,
2771 2751 2958 2803 mater
2969 2749 3194 2804 cuidam
3208 2752 3331 2823 regi
3357 2757 3707 2826 praepotenti

2092 2834 2164 2889 ad
2189 2834 2553 2907 conjugalem
2568 2837 2968 2908 sponsam,sub
2988 2855 3216 2894 summo
3226 2839 3564 2914 principum
3577 2861 3706 2899 suo-

2089 2939 2220 2978 rum
2237 2924 2566 2979 testimonio
2580 2925 2844 2997 dotisque
2864 2926 2968 2981 sub
2981 2927 3169 2996 titulo,
3189 2931 3568 2999 copularetur
3578 2950 3706 2988 con-

2083 3011 2277 3082 jugio;
2311 3016 2369 3066 et
2399 3015 2462 3066 ut
2491 3013 2656 3067 fieret
2706 3013 2766 3068 in
2795 3013 2884 3068 his
2937 3015 3229 3087 regalibus
3277 3019 3506 3090 nuptiis
3547 3025 3708 3076 tanta

373 3106 456 3162 nil
479 3102 634 3160 aliud
672 3102 882 3156 nostrae
913 3096 1262 3152 necessitatis
1291 3097 1992 3154 attendens.Erantnam-
2017 3093 2066 3156 C
2089 3099 2458 3171 psallentium
2501 3101 2720 3170 laztitia,
2753 3105 2816 3157 ut
2837 3103 2998 3158 omni
3029 3121 3096 3158 ex
3122 3107 3286 3176 parte
3311 3107 3707 3177 jucundantes

371 3211 484 3268 que
511 3193 569 3247 in
607 3191 714 3244 hac
739 3187 944 3243 eadem
982 3185 1133 3252 villa,
1175 3201 1290 3257 qua
1334 3187 1471 3239 tunc
1501 3186 1585 3240 vir
1601 3187 1697 3241 Dei
1719 3203 1849 3242 cum
1877 3189 1991 3244 suis

369 3281 788 3354 hospitahatur,
820 3274 1119 3347 cujusdam
1171 3274 1483 3329 venerandi
1533 3275 1754 3330 abbatis
1778 3277 1987 3346 nuntii,

370 3371 562 3444 triduo
611 3366 764 3423 beati
787 3365 1096 3420 adventum
1131 3363 1413 3434 pontiﬁcis
1434 3365 1835 3434 praestolantes
1865 3383 1879 3420 :
1933 3369 1992 3420 et

367 3460 675 3521 venerunt,
701 3454 1034 3526 priusquam
1076 3452 1169 3506 ille
1217 3455 1402 3534 empta
1451 3453 1786 3524 vespertinae
1811 3454 1990 3509 laudis

373 3549 563 3606 officia
592 3542 879 3601 cantando
922 3533 1246 3614 perageret,
1273 3533 1403 3595 cum
1435 3541 1644 3612 opimis
1669 3542 1990 3613 gratiarum

373 3636 734 3702 muneribus,
761 3631 1141 3703 omnibusque
1165 3629 1578 3701 regionisillius
1599 3630 1832 3700 deliciis,
1854 3633 1991 3688 cha-

368 3726 594 3784 ritative
621 3741 689 3778 ex
727 3737 826 3776 ore
878 3719 1099 3774 abbatis
1149 3717 1510 3788 fratrumque
1565 3734 1801 3773 suorum
1832 3719 1989 3777 fideli

373 3815 662 3890 phalange
686 3812 998 3866 salutantes
1027 3807 1378 3879 episcopum.
1417 3805 1566 3870 Quas
1597 3806 1690 3860 ille
1717 3807 1987 3864 benedic-

369 3904 596 3962 tionum
636 3900 944 3956 charitates
981 3899 1280 3967 gratanter
1326 3893 1630 3962 accipiens,
1660 3897 1989 3956 resalutavit

373 3992 693 4065 gratiosum
713 3987 1007 4050 abbatem,
1030 3999 1161 4036 cum
1187 3982 1392 4036 devoto
1413 3997 1606 4036 secum
1630 3986 1985 4042 morantium

369 4081 618 4136 fratrum
641 4071 1044 4130 contubernio.
1071 4070 1276 4124 Postea
1291 4086 1424 4124 vero
1455 4086 1520 4124 ex
1553 4070 1758 4127 iisdem
1787 4091 1987 4130 mune-

371 4167 532 4223 ribus
557 4166 802 4218 fratrum
824 4175 1054 4232 quoque
1075 4157 1483 4229 praedictorum
1517 4159 1793 4216 charitate
1810 4163 1985 4218 colla-

371 4253 466 4320 tis,
492 4251 589 4308 diu
611 4248 876 4304 deliciose
898 4245 1262 4319 prOperando
1282 4245 1574 4304 vivebant:
1599 4266 1662 4304 ac
1682 4251 1854 4306 stulta
1883 4249 1985 4306 de-

371 4340 510 4397 hinc
538 4335 923 4394 murmuratio
957 4334 1210 4408 procacis
1253 4334 1526 4405 ministri,
1576 4337 1745 4394 firma
1774 4356 1841 4394 ex
1871 4339 1982 4394 fide

373 4427 665 4506 pontificis
703 4425 781 4480 sic
801 4428 1089 4497 superata,
1118 4424 1350 4497 quievit.

444 4516 804 4574 28.Tandem
825 4514 898 4569 ad
919 4516 1179 4586 optatam
1193 4514 1470 4570 Romana:
1486 4513 1636 4570 sedis
1651 4515 1979 4585 Ecclesiam,

2089 3189 2310 3244 militia:
2348 3194 2729 3260 personareut
2773 3193 3056 3262 hymnum
3103 3195 3536 3266 suavissimum,
3577 3213 3704 3252 cum

2087 3277 2257 3332 laude
2291 3294 2502 3332 sonora
2522 3277 2709 3332 eidem
2754 3280 2880 3351 regi
2913 3281 3288 3338 modulanda.
3323 3285 3394 3340 Et
3415 3285 3558 3341 dum
3587 3287 3708 3342 haec

2089 3365 2186 3420 diu
2215 3369 2546 3437 agerentur,
2571 3368 2806 3422 accessit
2829 3367 2981 3423 inter
2999 3371 3371 3442 psallentium
3395 3389 3568 3429 voces
3592 3375 3711 3446 qui-

2089 3453 2224 3508 dam
2241 3455 2668 3524 juvenis,niveo
2693 3456 3423 3527 vestituscandore,dicens
3452 3463 3560 3518 sub
3589 3463 3710 3534 ipsa

2088 3542 2304 3596 visione
2334 3543 2620 3614 pontiﬁci:
2671 3545 2875 3600 Nonne
2929 3544 3084 3601 vides
3125 3550 3185 3600 et
3213 3548 3378 3603 audis
3409 3551 3708 3622 quomodo

2091 3631 2280 3686 omnis
2308 3631 2431 3687 haec
2457 3649 2633 3688 ovans
2659 3635 2966 3690 multitudo
2988 3651 3187 3707 regem
3203 3641 3578 3708 magnumin
3591 3644 3712 3694 tur-

2089 3718 2200 3774 mis
2229 3719 2342 3774 suis
2370 3723 2772 3793 concrepando
2803 3723 3105 3793 glorificat,
3138 3728 3192 3778 te
3221 3726 3348 3782 solo
3370 3727 3709 3783 silente?Tu

2089 3824 2266 3878 quare
2294 3808 2352 3863 in
2382 3810 2670 3881 praeconio
2687 3811 2833 3865 tanti
2859 3811 3012 3883 regis
3035 3812 3360 3886 condignas
3377 3816 3583 3873 laudes
3610 3833 3707 3872 ore

2086 3896 2270 3952 soluto
2298 3897 2597 3953 nobiscum
2617 3915 2734 3953 non
2756 3915 3011 3964 resonas,
3030 3901 3257 3972 quipraa
3272 3905 3506 3959 caeteris
3517 3905 3706 3976 princi-

2084 3997 2197 4054 pue
2207 3985 2460 4056 gaudere
2474 3986 2712 4042 deberes
2723 4003 2827 4058 pro
2849 3991 3014 4044 tanta
3033 3989 3405 4061 copulatione
3420 3994 3705 4063 parentis?

2083 4072 2238 4127 Tunc
2255 4073 2348 4127 ille
2360 4074 2456 4145 huj
2466 4075 2962 4146 usmodijcarmina
2973 4093 3032 4132 se
3049 4077 3271 4132 nescire
3284 4082 3703 4153 respondebat,

2083 4178 2258 4234 seque
2279 4179 2512 4235 prorsus
2538 4163 2674 4237 quid
2706 4165 2765 4220 in
2791 4165 2960 4221 laude
2989 4167 3142 4238 regis
3166 4169 3478 4240 praelocuti
3508 4177 3704 4228 cauta-

2081 4255 2213 4306 rent
2241 4251 2556 4322 ignorasse.
2580 4256 2652 4307 At
2690 4252 2824 4309 ille:
2878 4254 2991 4322 Vis,
3047 4255 3256 4327 inquit,
3315 4262 3384 4313 ut
3413 4259 3700 4318 instruam

2083 4339 2221 4411 quid
2240 4343 2294 4394 te
2313 4345 2546 4396 cantare
2561 4343 2864 4414 oporteat?
2879 4344 2944 4397 Et
2957 4344 3096 4398 dum
3113 4345 3323 4400 humili
3338 4350 3699 4419 professione

2082 4444 2144 4482 se
2155 4429 2296 4484 velle
2320 4433 2647 4498 testaretur,
2672 4447 2805 4486 mox
2824 4431 3035 4486 imbuit
3050 4449 3183 4487 eum
3206 4433 3384 4506 hujus
3399 4440 3699 4510 exemplar

2081 4517 2449 4589 antiphonte:
2479 4518 2526 4574 0
2552 4519 2672 4574 Rex
2705 4523 2950 4589 gentium
2977 4520 3285 4576 dominator
3297 4527 3695 4599 omnium,pro—

371 4605 622 4666 Domino
652 4605 919 4672 ducente,
937 4601 1219 4674 pervenit,
1252 4600 1346 4656 ubi
1375 4603 1614 4674 pallium
1645 4605 1980 4676 principale,
2069 4612 2196 4676 pter
2216 4605 2389 4660 sedem
2416 4608 2718 4677 majestati:
2737 4612 2846 4662 tua:
2872 4607 2942 4662 da
2963 4609 3112 4664 nobis
3138 4610 3570 4682 indulgentiam,
3602 4633 3697 4673 res

371 4695 477 4756 sub
511 4694 846 4770 praesulatus
876 4691 1196 4764 privilegio,
1249 4708 1364 4747 una
1407 4709 1536 4747 cum
1579 4693 1980 4750 benedictione

371 4785 685 4862 apostolica
697 4783 945 4856 gloriose
964 4780 1238 4851 suscepit:
1260 4796 1602 4853 rursumque
1620 4781 1832 4836 locellis
1846 4800 1982 4838 san-

369 4881 596 4932 ctorum
625 4870 896 4938 lustratis,
921 4873 979 4924 et
1003 4869 1198 4924 solatis
1227 4868 1433 4924 Christi
1482 4871 1849 4942 pauperibus,
1877 4888 1981 4944 per

369 4965 529 5039 pacis
551 4962 764 5018 itinera
781 4959 854 5014 ad
875 4958 1123 5031 patriam
1137 4975 1315 5029 usque
1337 4957 1632 5015 remeavit.
1655 4959 1866 5014 Etcum
1883 4977 1978 5016 ve-

371 5053 549 5110 nisset
572 5065 830 5108 summus
847 5047 1168 5118 Anglorum
1182 5045 1458 5118 pontifex,
1485 5046 1765 5117 spirituali
1793 5048 1978 5104 chari-

371 5143 559 5199 smate
587 5137 842 5204 aﬂ'ectus,
875 5135 1044 5206 ccepit
1060 5135 1336 5206 primum,
1360 5137 1424 5188 ut
1441 5135 1743 5191 sublimior
1757 5137 1979 5200 caeteris

367 5228 731 5288 sacerdotum
751 5223 1066 5290 ordinibus,
1081 5221 1506 5276 sublimioribus
1522 5221 1728 5278 Christi
1739 5225 1977 5280 servitu-

365 5319 522 5375 tibus
549 5333 610 5370 se
640 5313 976 5384 subjugare;
1002 5327 1076 5365 ne
1097 5311 1232 5364 dum
1257 5309 1383 5365 aliis
1398 5326 1544 5365 verae
1573 5311 1704 5366 fidei
1719 5311 1980 5368 fomenta

369 5404 750 5468 ministraret,
779 5401 865 5456 vel
890 5399 1001 5454 iter
1024 5401 1246 5454 rectum
1275 5398 1348 5452 ad
1365 5398 1615 5454 coelestia
1635 5400 1808 5457 verbo
1835 5402 1980 5458 salu-

443 5511 554 5587 (ὕῤ)
576 5508 694 5587 Hoc
721 5505 869 5586 item.
892 5507 1092 5587 actum.
1117 5521 1238 5560 esse
1259 5521 1414 5587 anno
1426 5507 1550 5577 960,
1563 5507 1979 5583 Wiugornieu-

371 5575 470 5657 eis;
493 5575 904 5640 D’unetmensis
928 5575 1101 5636 etalii
1125 5579 1408 5637 asserunt.

2082 4694 2308 4761 Christe,
2331 4701 2692 4765 peccatorum.
2723 4695 2980 4751 Alleluia.
3031 4698 3144 4752 Hac
3202 4700 3430 4756 etenim
3489 4705 3695 4776 saapius

2077 4783 2304 4850 iterata,
2332 4786 2392 4837 et
2421 4782 2478 4837 in
2501 4784 2705 4838 eadem
2727 4783 2947 4839 visione
2965 4786 3114 4840 bene
3143 4786 3402 4858 firmata,
3427 4807 3694 4848 murmur

2079 4870 2430 4943 geminabile
2445 4871 2877 4942 expergefactus
2888 4873 3098 4942 emisit;
3119 4874 3220 4930 sed
3232 4877 3518 4934 continuo
3527 4881 3695 4951 jussit

2079 4977 2210 5016 eam
2225 4961 2548 5016 litterarum
2563 4959 2619 5015 in
2635 4961 3287 5035 memoria,priusquam
3304 4966 3588 5024 oblivioni
3604 4970 3697 5026 da~

2079 5053 2259 5116 retur,
2276 5047 2660 5112 conscribere,
2677 5051 3130 5123 etconscriptam
3142 5053 3377 5109 cuidam
3403 5059 3693 5114 monacho

2077 5141 2197 5194 tam
2220 5141 2512 5193 recentem
2533 5137 2791 5193 didicisse
2812 5140 3103 5210 praecepit:
3123 5143 3183 5194 et
3198 5141 3352 5198 facto
3377 5161 3556 5202 mane
3575 5149 3695 5203 uni-

2077 5241 2270 5281 versos
2291 5225 2394 5281 sibi
2425 5225 2730 5297 subjectos,
2786 5229 2908 5281 tam
2962 5230 3284 5285 monachos
3309 5249 3491 5304 quam
3518 5237 3691 5293 etiam

2077 5313 2332 5381 clericos,
2364 5314 2501 5369 fecit
2530 5314 2682 5368 hanc
2713 5313 2988 5370 discendo
3016 5331 3364 5388 personare:
3397 5322 3526 5393 ipso
3549 5341 3694 5380 sem-

2077 5419 2183 5476 per
2201 5403 2354 5458 inter
2372 5401 2798 5458 modulantium
2821 5420 2986 5460 voces
2997 5420 3130 5460 cum
3153 5406 3338 5463 nimio
3365 5413 3692 5485 rorelacry-

2152 5512 2265 5589 {57)
2292 5507 2568 5580 Sopitalis,
2599 5527 2635 5565 a
2657 5511 2956 5587 participio
3002 5515 3224 5589 sopitus,
3278 5514 3493 5576 dicitur
3537 5518 3688 5580 Vitio

2079 5581 2275 5650 oblata
2301 5596 2406 5660 per
2426 5581 2718 5660 soporem.
