3900 6216
167 584 188 641 t
200 578 304 640 449

1413 578 1571 636 VITA
1608 572 1859 639 SANCTI
1896 572 2241 639 DUNSTANI

3346 590 3366 644 l
3377 584 3483 646 £50

162 722 398 765 marum
427 698 687 765 dicente:
714 706 891 763 Verus
913 711 999 764 est
1033 706 1191 764 enim
1212 710 1271 764 et
1301 724 1420 765 non
1449 708 1644 777 falsus,
1677 707 1772 783 qui
1798 711 1854 774 Α
1882 713 2243 785 exposcebat,
2276 710 2496 766 dicens:
2543 708 2662 782 Ipse
2702 716 2776 765 est
2814 728 2930 783 pax
2973 716 3178 782 nostra,
3224 715 3322 786 qui
3362 715 3491 786 fecit

161 800 316 855 hanc
344 797 493 853 mihi
523 814 799 853 sonoram
828 797 1260 871 (antiphonam)
1283 799 1387 854 sub
1404 799 1587 855 noctis
1611 800 1780 871 hujus

161 887 383 943 visione
416 887 736 943 imbuendo
776 887 1138 944 monstravit.
1187 887 1326 943 Hinc
1368 889 1565 958 procul
1603 888 1777 943 dubio

162 974 335 1044 (sicut
351 974 483 1045 jam
508 975 767 1047 superius
786 976 1050 1045 diximus)
1078 975 1300 1043 claruit,
1324 976 1382 1031 in
1405 976 1610 1049 quibus
1628 978 1780 1032 loco-

164 1080 297 1117 rum
331 1063 615 1133 partibus,
642 1064 783 1119 dum
809 1080 1051 1136 corpore
1085 1065 1421 1137 quiesceret,
1464 1064 1663 1137 spiritu
1691 1065 1775 1119 fe-

160 1151 255 1206 lici
296 1151 537 1207 interim
567 1152 688 1223 ipse
709 1154 1030 1208 mansisset.

233 1242 326 1295 30.
344 1240 509 1294 Nunc
530 1242 757 1309 vellem,
782 1241 1117 1314 priusquam
1147 1242 1518 1313 hinclongius
1532 1243 1776 1314 legendo

161 1344 546 1399 properarem
557 1371 570 1393 ,
585 1329 837 1400 peritum
852 1330 992 1385 mihi
1005 1330 1383 1402 interpretem
1398 1331 1470 1386 ad
1484 1331 1651 1402 hujus
1663 1330 1778 1385 mi-

164 1433 241 1471 rm
254 1416 496 1472 visionis
509 1417 648 1473 mihi
666 1419 1004 1490 mysterium
1017 1436 1157 1491 coap
1165 1422 1286 1475 tare
1301 1438 1313 1475 :
1330 1424 1448 1481 aut,
1466 1419 1510 1473 si
1523 1419 1776 1491 quodam

162 1505 480 1560 conamine
500 1505 822 1571 valuissem,
843 1506 964 1579 ipse
980 1508 1102 1578 ejus
1117 1507 1657 1581 interpretationem
1671 1524 1776 1581 pro

164 1608 335 1663 posse
350 1592 578 1662 virium,
596 1594 729 1650 licet
740 1595 875 1667 igne
888 1596 1107 1667 tepenti
1120 1596 1485 1668 liquefactam
1496 1638 1509 1663 ,
1532 1598 1780 1652 exsolve-

162 1697 246 1736 re.
281 1682 527 1737 Hatrem
548 1682 761 1754 quippe
782 1683 920 1739 almi
940 1684 1244 1755 pontificis,
1264 1686 1463 1756 magni
1480 1686 1631 1757 regis
1647 1702 1781 1741 cou-

157 1769 328 1842 jugio
347 1772 704 1843 eOpulatam,
718 1776 976 1828 sanctam
995 1777 1134 1845 puto
1153 1774 1455 1846 designare
1473 1775 1781 1830 Ecclesiam

167 1860 311 1933 (58),
337 1876 468 1932 quae.
482 1861 567 1915 vel
592 1860 754 1916 illum
767 1864 850 1917 vel
870 1863 1047 1918 etiam
1069 1863 1210 1919 alios
1230 1864 1602 1937 quamplures
1617 1881 1779 1920 more

167 1951 442 2003 materno
464 1964 568 2019 per
587 1949 903 2021 spiritalem
930 1952 1075 2007 sacri
1106 1953 1466 2025 baptismatis
1493 1956 1721 2009 uterum
1748 1970 1783 2009 a

1881 800 2103 875 iitroque
2128 814 2297 856 unum
2328 798 2541 871 (Ephes.
2570 816 2629 866 ιι,
2668 798 2777 872 14),
2804 803 2915 856 etc.
2942 800 3108 865 Quod
3134 801 3291 858 enim
3321 803 3493 876 juve-

1880 907 2014 944 nem
2062 890 2281 944 viderat
2320 891 2472 942 veste
2514 887 2681 942 nivea
2737 888 3110 957 candantem,
3159 890 3374 962 partim
3429 908 3488 945 se

1877 995 2077 1050 aspere
2092 976 2672 1049 increpantem,quod
2685 976 2743 1031 in
2759 975 3017 1048 praedicti
3029 976 3303 1051 principis
3315 978 3487 1035 laude

1875 1068 2170 1135 reticeret;
2198 1067 2471 1137 angelum
2485 1064 2782 1119 custodem
2795 1065 2968 1137 ipsius
2988 1081 3109 1121 esse
3123 1082 3243 1122 non
3260 1067 3485 1136 dubito,

1877 1156 1975 1229 qui
2002 1155 2190 1211 verbis
2210 1171 2344 1209 eum
2357 1152 2703 1225 spiritalibus
2715 1153 3031 1209 erudiendo
3046 1155 3397 1227 praemonuit
3410 1173 3485 1212 ne

1878 1244 2023 1299 muti
2050 1244 2208 1299 canis
2246 1242 2705 1298 taciturnitatem
2754 1241 3076 1314 (imitatus),
3119 1244 3487 1317 permitteret

1876 1336 2157 1389 latentem
2188 1331 2715 1399 iuimicum,furem
2748 1330 3010 1386 videlicet
3029 1332 3482 1402 diabolum,ani-

1877 1439 2002 1477 mas
2031 1421 2138 1477 sibi
2157 1420 2627 1487 commissorum,
2655 1420 3010 1475 talentumve
3036 1420 3139 1476 Dei
3170 1422 3257 1477 sui
3271 1422 3484 1482 furtim

1876 1510 2217 1583 praeripere:
2252 1510 2353 1565 sed
2373 1512 2432 1564 ut
2461 1525 2561 1565 ore
2588 1509 2890 1582 perpatulo
2916 1508 3279 1581 praedicaret,
3309 1515 3369 1565 et
3392 1510 3488 1583 pia

1880 1598 2067 1655 cordis
2095 1598 2455 1655 confessione
2472 1600 2812 1670 personaret
2826 1596 3115 1653 Christum
3143 1614 3265 1653 esse
3286 1614 3485 1670 regem

1882 1691 1940 1741 et
1966 1686 2395 1742 dominatorem
2431 1685 2719 1751 omnium,
2757 1684 3096 1753 caelestium,
3130 1686 3486 1743 terrestrium

1883 1778 1940 1831 et
1968 1774 2365 1844 infernarum;
2399 1776 2455 1828 et
2476 1777 2537 1829 ut
2559 1773 2744 1845 ipsum
2767 1778 3005 1847 propter
3019 1774 3219 1831 sedem
3238 1791 3483 1831 nomen-

1883 1881 1993 1937 que
2050 1864 2364 1935 majestatis
2403 1879 2540 1931 suae,
2588 1862 2747 1934 prius
2787 1879 2891 1934 pro
2937 1863 3071 1932 suis,
3122 1863 3334 1919 deinde
3378 1873 3484 1935 pro

1882 1954 2229 2026 populorum
2276 1951 2493 2007 delictis
2538 1951 2911 2024 interpellans
2958 1955 3243 2020 exoraret,
3298 1956 3361 2006 ut
3404 1952 3486 2006 eis

167 2037 343 2109 primi
359 2038 1039 2113 parentis(59)privilegio
1053 2043 1431 2113 regeneravit.
1448 2045 1531 2097 Ita
1544 2044 1778 2115 quidem
1810 2033 1862 2094 B
1882 2043 2008 2115 pius
2035 2046 2403 2115 peccatorum
2434 2040 2736 2095 exstitisset
2756 2039 3032 2107 indultor,
3050 2055 3156 2111 pro
3188 2039 3396 2113 quibus
3424 2056 3484 2096 se

166 2141 298 2197 quae
320 2142 479 2181 nunc
516 2144 743 2183 summo
786 2130 929 2201 regi,
964 2130 1185 2186 Christo
1215 2131 1478 2186 videlicet
1508 2132 1777 2200 Domino,

167 2230 272 2285 per
286 2230 441 2270 verm
468 2214 603 2270 ﬁdei
615 2217 995 2288 agnitionem,
1010 2235 1227 2292 perque
1240 2219 1642 2275 diviniamoris
1653 2239 1780 2277 am-

166 2304 433 2375 plexum,
460 2304 616 2359 velut
635 2322 845 2376 sponsa
865 2309 1173 2379 conjuncta
1203 2309 1321 2365 viro
1339 2326 1461 2378 suo,
1493 2310 1778 2366 inhaerere

169 2391 428 2447 videtur:
461 2392 585 2449 haec
610 2395 815 2450 eadem
833 2399 1029 2453 sancta
1060 2401 1247 2453 mater
1275 2398 1523 2454 Ecclesia
1542 2399 1600 2454 in
1632 2402 1780 2455 Can-

168 2479 283 2535 tico
314 2481 678 2537 canticorum
707 2485 949 2540 clamat:
984 2485 1284 2542 Introduxit
1314 2505 1396 2541 me
1419 2504 1512 2543 rex
1536 2490 1593 2542 in
1620 2489 1778 2545 cubi-

170 2570 368 2624 culum
399 2586 591 2637 suum,
617 2572 995 2629 exsultabimus
1011 2582 1062 2629 et
1084 2575 1386 2631 tutabimur
1410 2579 1465 2631 in
1488 2585 1554 2645 te,
1582 2595 1779 2633 memo-

170 2675 253 2713 res
295 2659 524 2713 uberum
574 2667 786 2716 tuorum
825 2681 981 2735 super
1018 2666 1239 2720 vinum:
1290 2668 1419 2721 recti
1455 2667 1685 2737 diligunt
1734 2674 1783 2722 te

172 2745 363 2818 (Cant.
397 2764 437 2815 ι,
472 2751 549 2819 3).
575 2749 641 2804 Et
671 2750 880 2806 iterum
900 2771 917 2806 :
948 2752 1253 2808 Introduxit
1280 2772 1363 2809 me
1392 2772 1491 2811 rex
1511 2759 1566 2810 in
1596 2758 1783 2813 cellam

169 2838 478 2892 vinariam:
527 2838 803 2893 ordinavit
842 2842 905 2895 in
950 2860 1032 2896 me
1080 2844 1417 2912 charitatem,
1466 2846 1657 2915 fulcite
1702 2864 1786 2900 me

170 2924 421 2992 ﬂoribus,
446 2927 638 2997 stipate
659 2944 742 2983 me
784 2930 960 2995 malis,
992 2934 1117 3003 quia
1142 2949 1328 2987 amore
1349 2933 1593 3003 langueo.
1626 2934 1788 2990 La’va

171 3013 287 3084 ejus
312 3014 414 3068 sub
443 3017 613 3087 capite
636 3034 771 3087 meo,
818 3027 868 3073 et
895 3019 1079 3074 dextra
1110 3020 1253 3076 illius
1281 3022 1678 3093 amplexabitur
1705 3040 1789 3078 me

172 3100 367 3174 (Cant.
401 3119 466 3170 ιι,
490 3105 632 3176 4-6),
663 3109 772 3162 etc.
798 3108 979 3163 Aliter
1025 3113 1218 3165 autem
1261 3115 1497 3167 autumo
1538 3116 1787 3168 matrem

172 3192 439 3263 ejusdem
454 3192 592 3248 almi
607 3194 1040 3270 pontificis,regi
1057 3200 1328 3271 praecelsa
1341 3202 1397 3255 in
1413 3200 1789 3257 matrimonio

1880 2131 2058 2187 semel
2081 2134 2322 2203 paterno
2338 2144 2546 2201 parens
2566 2130 2854 2199 prmeepto
2876 2126 3084 2182 offerre
3111 2143 3228 2183 non
3242 2126 3484 2185 distulit.

2501 2216 2725 2271 CAPUT
2763 2216 2852 2273 Vl.

2085 2307 2264 2363 Variae
2292 2308 2538 2361 visiones.
2564 2303 2909 2377 Preparatio
2935 2303 3005 2359 ad
3032 2309 3276 2365 mortem.

1954 2400 2013 2454 3t
2028 2440 2040 2452 .
2064 2397 2156 2452 His
2182 2395 2369 2451 modis
2385 2393 2672 2467 praedictis
2682 2411 2831 2467 saepe
2846 2410 3139 2449 sacrorum
3157 2393 3485 2451 carminum

1880 2485 2281 2542 modulamina
2301 2502 2397 2539 seu
2410 2486 2646 2539 caeteras
2660 2484 2775 2538 Deo
2794 2482 3062 2538 decibiles
3072 2482 3269 2539 laudes
3281 2483 3486 2557 spiritu

1880 2575 2141 2648 pervigili
2169 2591 2237 2630 ex
2267 2573 2473 2629 divinis
2493 2572 2875 2628 imbutoribus
2910 2572 3209 2641 didicerat,
3227 2572 3488 2646 quamvis

1884 2665 2006 2736 ejus
2032 2663 2275 2719 humani
2302 2665 2459 2718 artus
2485 2661 2544 2717 in
2576 2660 2765 2717 somni
2804 2677 3010 2732 sopore
3032 2661 3258 2723 subacti
3274 2661 3487 2733 jacuis-

1884 2756 2034 2821 sent,
2060 2756 2125 2808 ut
2169 2752 2311 2807 illud
2341 2755 2427 2806 est
2455 2749 2809 2807 Salomonis:
2860 2748 2982 2819 Ego
3024 2749 3254 2820 dormio,
3303 2757 3355 2806 et
3395 2766 3490 2808 cor

1885 2859 2064 2896 meum
2087 2841 2278 2911 vigilat
2305 2838 2494 2910 (Cant.
2525 2856 2578 2907 v,
2601 2839 2761 2909 2).Et
2778 2837 2990 2893 iterum
3021 2838 3306 2911 propheta
3320 2838 3492 2895 Isaias

1888 2930 1995 2987 ait:
2025 2932 2105 2986 De
2126 2932 2294 2985 nocte
2321 2928 2517 3000 vigilat
2539 2927 2772 2999 spiritus
2800 2943 2963 2982 meus
2991 2926 3067 2982 ad
3108 2930 3189 2993 te,
3222 2926 3491 2996 Domine,

1890 3019 2026 3092 quia
2060 3020 2157 3075 lux
2189 3034 2320 3073 mea
2346 3019 2635 3089 praecepta
2654 3020 2754 3073 tua
2777 3019 2911 3072 sunt
2937 3014 3075 3087 (Isai
3097 3032 3254 3085 xxvx,
3289 3017 3363 3089 9).
3387 3016 3497 3081 Qui

1892 3108 2067 3164 etiam
2080 3107 2141 3163 in
2156 3106 2374 3163 mundo
2387 3105 2625 3178 positus,
2640 3104 2790 3177 ipsos
2801 3105 3044 3162 humani
3061 3105 3499 3177 generisinimi-

1898 3198 2159 3252 cosclaro
2180 3194 2716 3267 conspexitintuitu,
2732 3198 2794 3249 ut
2814 3194 3160 3251 imminente
3174 3194 3506 3253 miserrima

171 3281 1160 3357 conjunctam,propriipraesulatus
1174 3288 1482 3344 Ecclesium
1504 3305 1671 3361 posse
1693 3289 1794 3345 de-
1821 3290 1868 3354 C
1896 3285 2049 3357 regis
2081 3283 2405 3340 Eadmundi
2438 3281 2842 3355 peremptione
2872 3282 3228 3340 declaratum
3256 3286 3361 3341 est.
3404 3284 3506 3341 Hic

171 3369 430 3441 signare,
465 3386 642 3443 quam
672 3374 776 3428 sub
810 3377 1201 3432 manuaaterni
1224 3378 1396 3449 regis,
1421 3376 1629 3433 Christi
1642 3378 1794 3433 vide-

172 3458 310 3513 licet
335 3462 396 3513 et
416 3460 670 3529 Domini,
705 3464 905 3518 matris
930 3465 1049 3519 vice
1079 3466 1518 3521 custodiendam
1544 3483 1609 3522 ac
1646 3483 1791 3539 pura

172 3546 871 3621 virginitatisintegritate
888 3554 1199 3608 solaturam
1226 3554 1335 3628 (60)
1358 3560 1709 3628 susceperat,
1731 3560 1794 3611 ut

174 3633 337 3690 idem
358 3636 659 3691 'Dominus
678 3654 783 3709 pro
798 3642 1142 3713 populorum
1161 3642 1397 3715 piaculis
1410 3645 1591 3700 crucis
1611 3646 1669 3701 in
1692 3662 1793 3716 pa-

172 3723 363 3779 tibulo
385 3724 887 3794 afﬂixus,matrem
903 3747 1066 3785 suam
1088 3731 1383 3803 Virginem
1398 3734 1607 3806 virgini
1625 3735 1799 3791 disci-

176 3814 319 3884 pulo
344 3815 800 3871 commendabat
827 3817 1050 3874 dicens:
1094 3820 1234 3875 Ecce
1286 3822 1391 3876 tibi
1418 3822 1475 3877 in
1524 3827 1795 3893 matrem,

178 3918 380 3957 meam
394 3905 699 3961 committo
711 3905 1077 3966 Genitricem.
1090 3910 1331 3966 Turmas
1346 3929 1575 3986 quoque
1590 3914 1800 3971 milita-

181 4007 297 4059 res,
328 3993 455 4063 regi
481 4010 583 4049 suo
615 3995 853 4052 laudum
878 3997 1168 4054 canticum
1194 4001 1531 4057 exsultando
1548 4006 1801 4075 perstre-

182 4084 417 4151 pentes,
446 4099 726 4156 supernos
763 4102 886 4140 esse
928 4089 1270 4158 angelorum
1307 4089 1475 4158 cives,
1522 4091 1619 4163 qui
1645 4090 1803 4164 quod

182 4170 541 4243 quandoque
571 4171 790 4229 inimici
810 4175 1118 4231 hominum
1132 4178 1204 4234 ob
1218 4178 1646 4235 discordantem
1666 4179 1803 4235 deli-

182 4262 418 4315 ctorum
449 4259 783 4317 distantiam
816 4264 1173 4334 exstiterunt,
1220 4284 1337 4323 non
1382 4267 1611 4336 difﬁde;
1647 4286 1801 4325 nunc

182 4365 349 4416 vero,
373 4348 653 4421 quoniam
669 4352 985 4409 caelestium
1005 4355 1173 4410 simul
1196 4360 1252 4411 et
1268 4356 1626 4411 terrestrium
1644 4355 1802 4412 inco-

192 4438 280 4492 las
300 4437 364 4493 in
385 4455 564 4494 unam
587 4439 1051 4512 patrisfamiliam
1074 4446 1411 4517 coniunctos
1429 4463 1550 4502 esse
1571 4446 1804 4518 conspi-

191 4527 501 4593 ciunt,Deo
516 4528 636 4601 regi
650 4546 783 4585 vero
798 4530 889 4585 die
900 4536 1187 4606 noctuque
1201 4534 1295 4605 huj
1308 4535 1533 4591 usmodi
1544 4536 1804 4591 carmina

186 4618 557 4689 canereznon
602 4617 910 4677 desistunt:
957 4622 1209 4677 Laudem
1255 4622 1423 4679 dicite
1450 4624 1566 4679 Deo
1600 4627 1800 4681 nostro
1825 4589 1878 4649 D

188 4721 398 4761 omnes
417 4706 599 4761 sancti
634 4707 777 4778 ejus,
806 4714 865 4763 et
881 4710 980 4782 qui
998 4711 1213 4766 timetis
1239 4729 1373 4767 eum
1393 4712 1580 4786 pusilli
1597 4717 1654 4768 et
1677 4731 1799 4770 ma-

185 4793 312 4864 gni,
346 4795 627 4866 quoniam
658 4798 922 4869 regnavit
938 4800 1215 4855 Dominus
1233 4802 1380 4857 Deus
1396 4806 1591 4857 noster
1611 4804 1803 4858 omni-

186 4886 397 4953 potens
434 4883 492 4937 in
525 4885 691 4953 caelo,
723 4887 941 4957 pariter
984 4892 1042 4943 et
1071 4889 1129 4943 in
1162 4894 1347 4946 terra:
1398 4894 1455 4945 et
1494 4894 1805 4964 propterea

188 4970 551 5041 gaudeamus
568 4976 983 5031 etexsultemus
996 4978 1270 5034 etdemus
1279 4979 1525 5051 gloriam
1540 4979 1592 5035 ei
1608 4980 1802 5052 (Apoc.

186 5076 301 5128 xix,
335 5061 574 5133 5).Hanc
592 5064 862 5119 eamdem
877 5066 1126 5138 gloriam
1152 5069 1392 5124 caelestis
1423 5069 1641 5127 militiae
1663 5075 1808 5129 mul-

192 5149 377 5205 litudo
391 5155 529 5206 nato
548 5152 795 5207 Domino
811 5154 1145 5225 decantans,
1163 5156 1221 5212 in
1236 5157 1467 5214 excelsis
1482 5163 1539 5213 et
1568 5159 1627 5214 in
1651 5165 1806 5219 terra

188 5253 393 5310 pacem
406 5239 575 5293 bona:
592 5240 897 5297 voluntatis
909 5244 1238 5301 hominibus
1254 5248 1560 5304 nuntiabat
1573 5249 1804 5318 (Luc.u,

193 5329 298 5394 14).
320 5330 512 5402 Ipsam
535 5328 806 5401 equidem
822 5348 1046 5404 pacem,
1071 5352 1247 5408 quam
1280 5335 1481 5391 beatus
1502 5339 1805 5409 Apostolus

262 5472 372 5545 (58)
410 5473 686 5549 Os_beﬁrt_us
728 5476 1188 5549 praecedentibus
1220 5480 1413 5534 relatis
1456 5479 1642 5536 addit:
1698 5481 1806 5549 Qui

190 5550 311 5597 ante
340 5562 423 5621 me
445 5545 510 5621 de
542 5545 654 5621 istis
680 5548 909 5621 scripsit,
941 5548 1054 5602 vult
1093 5552 1311 5620 mystice
1345 5551 1538 5621 referri
1579 5552 1650 5607 ad
1683 5545 1800 5609 nia-

191 5620 320 5669 trem
346 5615 676 5685 Ecclesium,
709 5615 842 5689 eti,
893 5615 1342 5692 innuens'hujus
1374 5615 1511 5678 Vita:
1560 5623 1802 5698 scripto-

190 5701 333 5742 rem.

260 5761 357 5831 (59)
378 5757 757 5836 Privilegium
785 5760 879 5836 hic
890 5760 1306 5836 accipitur,pro
1330 5763 1680 5823 infractione
1700 5784 1803 5825 seu

190 5829 669 5901 praevaricatione
694 5831 859 5903 legis.
1012 5829 1031 5835 ’
1200 5829 1221 5836 ’
1280 5848 1289 5857 ν

478 5947 720 6005 Persen.
750 5948 1005 6006 CXXXIX.

1892 3374 2089 3446 itaque
2116 3390 2234 3437 rex,
2260 3373 2401 3427 dum
2430 3387 2562 3427 cum
2592 3370 2707 3425 suis
2751 3370 3002 3442 propriae
3038 3370 3335 3443 dignitatis
3377 3374 3508 3430 loca

1894 3480 2057 3520 more
2087 3462 2254 3518 solito
2276 3459 2673 3516 convivaturus
2694 3459 3247 3531 lustraret,contigit
3274 3461 3335 3515 Β.
3354 3462 3507 3517 Dun-

1894 3555 2059 3608 stano
2085 3551 2270 3606 adhuc
2291 3548 2487 3605 abbati
2514 3547 2777 3618 ejusdem
2798 3547 2953 3619 regis
2969 3546 3244 3603 interesse
3259 3548 3507 3604 comita-

1896 3640 2001 3709 tui,
2042 3640 2116 3696 ad
2140 3638 2439 3711 cujusdam
2488 3635 2754 3709 primarii
2776 3636 2953 3703 ducis,
2996 3638 3197 3708 utpote
3242 3636 3505 3705 Elfstani,

1900 3730 2022 3802 ipso
2062 3730 2118 3785 in
2151 3728 2358 3783 itinere
2384 3725 2714 3798 proximum
2743 3724 3064 3797 (castrum),
3108 3741 3345 3799 esseque
3375 3741 3512 3782 coe-

1900 3822 2215 3893 questrem.
2231 3818 2300 3872 Et
2314 3832 2445 3873 ecce
2457 3818 2697 3887 repente
2718 3812 3133 3887 progressionis
3143 3813 3295 3870 viam
3311 3830 3512 3871 coram

1901 3925 1961 3963 se
1984 3906 2285 3979 aspiciens,
2306 3904 2448 3960 vidit
2468 3904 2621 3960 inter
2640 3902 2834 3975 regios
2851 3901 3133 3958 tubicines
3150 3903 3509 3959 horrendum

1902 3996 2204 4052 inimicum
2227 3994 2478 4051 ludendo
2490 3993 2784 4049 cursitare.
2805 3991 2988 4056 Quem
3007 4008 3139 4047 cum
3152 3991 3253 4047 diu
3265 3992 3513 4047 attonita

1900 4086 2100 4142 fuisset
2125 4084 2388 4152 intuitus,
2423 4083 2503 4139 ait
2533 4082 2808 4155 praedicto
2839 4079 3142 4137 comitanti
3166 4096 3364 4137 secum
3393 4081 3515 4153 pri-

1902 4174 2118 4231 mario:
2152 4176 2323 4229 Putas
2353 4176 2432 4241 te,
2459 4172 2541 4227 mi
2568 4172 2795 4240 dilecte,
2825 4170 3022 4227 videre
3056 4186 3223 4242 posse
3244 4170 3402 4244 quod
3429 4170 3515 4226 vi-

1905 4264 2053 4320 deo?
2080 4263 2290 4318 Atille:
2322 4260 2715 4333 Nihil,inquit,
2730 4253 3110 4334 prasterquod
3132 4263 3515 4334 oportetcon-

1905 4352 2102 4426 spicio.
2127 4352 2196 4407 Et
2222 4352 2347 4406 ille:
2373 4348 2551 4422 Signa
2579 4366 2720 4422 ergo
2751 4349 2968 4405 salubri
2996 4352 3209 4405 sanctae
3230 4348 3412 4406 crucis
3440 4349 3521 4405 si-

1905 4443 2040 4515 gillo
2068 4441 2262 4498 oculos
2289 4439 2573 4512 proprios,
2603 4441 2661 4494 et
2681 4438 2865 4511 proba
2891 4438 2937 4493 si
2969 4437 3125 4511 quod
3145 4437 3309 4494 video
3336 4438 3519 4503 possis

1904 4531 2118 4587 videre.
2139 4530 2385 4601 Cumque
2411 4529 2574 4599 jussu
2589 4527 2743 4583 beati
2766 4527 2946 4583 Patris
2959 4524 3360 4580 Dunstanilevi
3383 4542 3518 4582 san-

1905 4626 2010 4679 ctas
2040 4619 2221 4675 crucis
2244 4617 2619 4692 impressione
2635 4617 2831 4673 oculos
2849 4631 2983 4670 suos
3010 4612 3402 4686 consignaret,
3430 4616 3517 4672 vi-

1904 4712 1988 4768 dit
2001 4709 2174 4778 illico,
2196 4707 2356 4782 quasi
2380 4723 2487 4781 pro
2505 4705 2651 4762 tanti
2675 4704 2778 4760 viri
2792 4703 3213 4771 testiﬁcatione,
3236 4704 3514 4763 eumdem

1902 4801 2005 4857 Dei
2030 4804 2088 4855 et
2106 4798 2431 4865 hominum,
2460 4811 2634 4869 quem
2658 4796 2859 4850 beatus
2878 4793 3048 4847 Pater
3066 4791 3306 4860 viderat,
3322 4791 3516 4848 inimi-

1905 4905 2059 4957 cum,
2086 4887 2189 4943 sub
2215 4885 2512 4958 cujusdam
2534 4881 2830 4939 homuncii
2858 4880 3057 4953 nigelli
3080 4879 3270 4951 specie
3296 4880 3514 4938 salien-

1906 4984 2048 5046 tem,
2074 4994 2087 5031 :
2116 4981 2176 5032 et
2194 4992 2329 5032 mox
2340 4992 2406 5030 ex
2425 4972 2698 5028 inimicali
2715 4970 2951 5025 nefandi
2967 4968 3251 5025 daemonis
3267 4968 3515 5027 demon-

1906 5066 2185 5123 stratione
2211 5064 2408 5135 utique
2428 5060 2632 5132 (licuit)
2655 5057 3114 5131 deprehendere,
3128 5057 3321 5130 aliqua
3336 5061 3510 5130 pretii

1906 5154 2226 5212 infortunia
2240 5150 2584 5225 quibusdam
2605 5166 2672 5204 ex
2684 5148 2765 5203 eis
2776 5148 2972 5203 adesse
2991 5146 3211 5217 futura;
3229 5147 3510 5222 factisque

1906 5242 2291 5300 schematibus
2318 5239 2499 5294 crucis
2527 5236 2796 5293 inimicus
2822 5235 3116 5308 disparuit.

1976 5339 2064 5391 32.
2088 5334 2399 5403 Postquam
2420 5331 2615 5384 autem
2635 5326 2707 5383 de
2736 5326 2843 5382 hac
2863 5325 3131 5398 improba
3146 5325 3510 5400 apparitione

1974 5476 2085 5551 (60)
2125 5474 2381 5551 Solatura
2424 5488 2531 5551 pro
2578 5468 2826 5551 solantia;
2858 5486 2997 5551 .qu‘aa
3028 5469 3240 5551 locutio
3274 5470 3368 5551 (ut
3379 5470 3507 5551 jam

1903 5540 2129 5606 notasse
2187 5546 2384 5618 potes)
2424 5540 2568 5618 "huic
2611 5540 2905 5618 scriptori
2929 5541 3229 5618 familiaris
3281 5540 3509 5618 videtur

1902 5622 2102 5677 fuisse:
2137 5612 2275 5695 nam
2295 5612 2526 5695 etiinfra
2546 5630 2710 5695 num.
2726 5615 2813 5695 A14
2829 5612 3040 5695 legitur
3057 5620 3367 5695 cenaturus,
3396 5614 3508 5674 i.e.

1900 5698 2112 5749 venatu
2131 5688 2444 5764 capiendus
2470 5704 2529 5745 n.
2566 5687 2669 5756 l8;
2714 5684 3099 5754 tumulaturus,
3134 5684 3173 5742 i.
3215 5702 3270 5745 θ.
3310 5689 3510 5744 tumu-

1904 5765 2130 5823 lendus.

3197 5948 3266 6003 46
