3900 6216
400 544 527 626 1451

1423 550 1784 608 BRIDFEBTI
1852 544 2303 604 RAMESIENSIS
2360 537 2691 606 MONACHI.

3605 536 3738 606 ηδε

395 687 685 764 conspecti
713 684 960 742 illusoris
978 679 1146 755 loqui
1189 677 1560 752 quievissent,
1601 673 1828 748 rogavit
1855 672 2012 728 idem
2047 674 2104 734 Α
2129 669 2412 764 Quoniam
2433 673 2754 764 quidem
2778 671 3289 764 PaterDunstanus
3301 671 3516 764 spiritu
3533 671 3660 764 Dei,
3675 676 3736 730 ut

396 781 740 868 praelocutus
766 775 1031 848 princeps
1047 772 1174 843 jam
1205 768 1424 868 dictum
1456 765 1560 821 Dei
1589 765 2030 868 virum,quate'

397 855 505 924 nus
525 867 630 923 sibi
660 864 891 920 visionis
915 877 1031 917 suae
1051 857 1278 915 somnia
1298 872 1482 927 nuper
1510 855 1876 926 promulgata
1906 860 2026 914 sol.

399 957 586 1014 venda
612 952 952 1010 enexuisset.
970 948 1120 1004 Dixit
1139 962 1391 1018 namque
1411 961 1470 999 se
1495 960 1597 1016 per
1623 943 1910 998 visionum
1934 945 2028 1002 in-

401 1047 550 1102 dicia
567 1043 768 1098 vidisse
798 1041 1192 1095 memoratum
1213 1050 1414 1106 regem
1448 1048 1580 1087 cum
1611 1032 1723 1086 suis
1745 1033 2026 1107 principi-

401 1135 507 1191 bus
519 1131 906 1202 universisque
921 1125 1322 1200 optimatibus,
1335 1122 1505 1178 solita
1523 1139 1587 1176 ex
1603 1123 2023 1180 consuetudine

401 1224 462 1280 in
491 1220 691 1294 palatii
731 1219 818 1296 sui
849 1215 1098 1272 triclinia
1130 1213 1549 1280 consedere;et
1577 1211 1731 1266 inter
1755 1212 1887 1267 laata
1908 1213 2019 1268 mi-

403 1309 774 1368 nistrantium
819 1323 882 1361 ac
914 1301 1364 1377 jucundantium
1409 1299 1684 1366 convivia,
1744 1301 2020 1356 eumdem

406 1417 582 1475 quem
604 1397 719 1470 dixi
738 1411 939 1468 regem
958 1409 1162 1448 somno
1181 1389 1435 1463 sapitum
1449 1388 1809 1444 obdormisse
1829 1405 1842 1444 :
1861 1392 2019 1461 post-

406 1506 520 1564 que
541 1502 778 1559 gravem
798 1480 1162 1540 dormitianis
1178 1497 1294 1535 suae
1315 1478 1623 1544 sarcinam,
1647 1494 1851 1532 omnes
1871 1495 2020 1550 pene

408 1576 696 1650 principes
726 1574 811 1628 vel
843 1571 1128 1644 sapientes
1162 1567 1336 1641 ipsius
1369 1568 1428 1622 in
1467 1565 1656 1620 hircos
1705 1581 2019 1637 caprasque

407 1666 668 1721 humana
683 1663 885 1718 relicta
899 1659 1090 1730 effigie
1105 1653 1937 1712 cammutasse.Cuiconfestim
1955 1656 2019 1712 Β.
2033 1668 2042 1675 ·

409 1756 738 1811 Dunstanus
765 1748 1100 1822 prophetico
1123 1746 1430 1800 instructus
1451 1741 1679 1813 eloquia
1705 1743 2022 1814 responde-

408 1845 530 1910 bat,
564 1842 787 1897 dicens:
825 1837 1104 1894 Dormitio
1136 1833 1288 1906 regis
1314 1831 1518 1887 martis
1541 1831 1714 1902 ipsius
1743 1831 2020 1886 indicium

412 1935 497 1987 est
519 1949 534 2000 ;
557 1930 713 2003 quod
745 1931 940 1984 autem
971 1927 1274 1996 magnates
1304 1923 1391 1977 vel
1433 1919 1723 1994 sapientes
1770 1920 1920 1975 illius
1961 1919 2021 1974 in

2127 759 2207 814 ait
2235 761 2558 832 Apostolus,
2587 763 2868 835 agebatur
2885 762 3065 830 (Rom.
3087 779 3203 831 vm,
3223 765 3342 831 14),
3373 761 3592 819 idcirco
3620 763 3738 818 hac

2128 851 2186 902 et
2213 848 2300 904 his
2328 849 2539 906 similia
2566 851 2728 924 quasi
2757 852 2907 908 filius
2945 852 3048 908 Dei
3089 853 3502 924 prameruerat
3530 853 3740 923 myste-

2127 935 2240 992 ria:
2270 937 2328 993 in
2359 941 2588 1018 tantum
2615 957 2844 1013 quoque
2873 943 2936 996 ut
2964 940 3226 1013 plerique
3245 956 3383 994 eum
3414 941 3738 994 assererent

2125 1027 2435 1083 vanissima
2454 1030 2762 1086 verborum
2783 1030 3168 1085 deliramenta
3176 1027 3466 1102 proferre,
3487 1026 3630 1082 dum
3641 1042 3738 1082 ore

2124 1117 2462 1187 prophetica
2489 1119 2786 1190 sanctique
2815 1118 3060 1191 Spiritus
3089 1115 3438 1172 imbuitiane
3466 1116 3740 1188 perplura

2122 1205 2478 1275 praediceret.
2511 1223 2640 1280 quae
2677 1210 2879 1279 postea
2907 1206 3085 1280 signis
3121 1203 3574 1262 evidentissimis
3601 1220 3734 1260 con-

2121 1293 2412 1364 speximus
2449 1295 2602 1350 facta
2630 1294 2766 1368 (6t).

2193 1384 2280 1438 34.
2323 1381 2420 1437 Hic
2437 1382 2614 1438 etiam
2644 1383 2789 1439 vidit
2813 1387 2872 1440 et
2898 1384 3115 1442 audivit
3133 1385 3258 1441 sine
3282 1383 3596 1456 cujuslibet
3639 1383 3741 1438 dif-

2117 1469 2685 1528 ficultatisobstaculo
2699 1473 2971 1544 quaedam
2983 1473 3132 1530 mira
3147 1473 3542 1545 spiritualium
3564 1487 3740 1528 secre-

2119 1561 2340 1626 torum,
2372 1576 2499 1632 quae
2533 1577 2688 1614 nunc
2716 1577 2972 1632 pangam
2998 1561 3294 1634 mysteria.
3318 1561 3460 1618 Erat
3490 1575 3742 1634 namque

2123 1646 2208 1701 vir
2227 1649 2588 1704 venerandus
2617 1649 2676 1704 in
2706 1666 2906 1706 amore
2948 1650 3074 1714 Dei,
3108 1653 3172 1705 ut
3197 1649 3470 1718 diximus,
3515 1665 3741 1723 semper

2123 1751 2392 1790 accensus
2416 1739 2473 1790 et
2502 1741 2814 1808 propterea
2858 1739 2985 1794 loca
3013 1754 3309 1794 sacrorum
3339 1737 3742 1794 coenobiorum

2124 1826 2197 1879 ab
2251 1824 2580 1880 animarum
2619 1825 3065 1882 aediﬁcationem
3105 1826 3386 1882 circuibat
3443 1826 3740 1882 sollicitus.

2123 1912 2288 1967 Venit
2318 1913 2492 1968 etiam
2517 1930 2585 1968 ex
2613 1914 2720 1969 hac
2751 1914 2965 1970 salubri
2993 1915 3415 1970 consuetudine
3444 1915 3522 1970 ad
3557 1915 3742 1971 locum

412 1995 881 2076 muta-animalia
904 2015 988 2070 vel
1011 2010 1366 2068 insensibilia
1390 2012 1782 2064 cammutatos
1810 2007 2022 2076 vidisti,
2054 1995 2104 2054 Β
2125 2001 2505 2069 thermarum,
2538 2002 2634 2058 ubi
2659 2003 2842 2059 calida
2871 2004 3109 2076 lympha
3148 2003 3220 2059 de
3273 2003 3462 2076 abyssi
3489 2003 3741 2058 latibulis

412 2109 671 2168 futurum
695 2109 923 2176 tempus
940 2101 1226 2173 designat,
1256 2100 1316 2154 in
1338 2115 1450 2170 quo
1483 2114 1631 2170 pene
1655 2096 1902 2152 universi
1929 2113 2022 2152 re-

413 2195 604 2271 gionis
633 2195 791 2250 istius
814 2191 1106 2264 principes
1124 2205 1435 2258 rerumque
1460 2189 1710 2241 rectores
1733 2187 2024 2240 voluntate

414 2287 682 2340 ultronea
723 2300 756 2337 a
800 2281 891 2336 via
928 2279 1204 2345 veritatis,
1238 2277 1398 2347 cujus
1444 2275 1550 2348 ipsi
1581 2275 1694 2328 sint
1713 2273 2023 2344 sapientes,

414 2378 696 2446 tanquam
717 2369 926 2426 stolida
955 2367 1232 2424 animalia
1262 2381 1380 2420 nan
1411 2365 1692 2419 habentes
1711 2366 2024 2435 pastorem,

419 2462 756 2518 deviabunt.

490 2583 578 2635 33.
611 2578 706 2632 His
742 2575 824 2630 ita
862 2573 1034 2646 gestis
1073 2571 1146 2626 ad
1173 2569 1356 2625 vicum
1384 2567 1632 2638 regium,
1657 2566 1728 2621 de
1753 2566 1841 2621 his
1866 2583 2028 2622 sem-

417 2682 523 2740 per
550 2665 1024 2728 sermacinantes,
1048 2660 1453 2733 pervenerunt.
1494 2656 1778 2726 Factaque
1799 2655 1911 2710 diei
1946 2655 2028 2726 ip-

417 2756 532 2810 sius
561 2753 891 2826 crepusculo
917 2750 1063 2804 vidit
1096 2748 1306 2802 iterum
1353 2744 1438 2798 vir
1477 2743 1578 2798 Dei
1610 2745 1934 2798 Dunstanus
1964 2742 2024 2797 in

415 2841 740 2914 vespertina
772 2839 925 2910 regis
956 2835 1212 2892 convivio
1255 2832 1529 2888 eumdem
1569 2831 1654 2886 vel
1685 2832 2024 2902 quempiam

415 2931 592 2988 alium
609 2925 958 2993 inimicum,i
969 2929 1096 2979 uter
1107 2923 1542 2993 frequentantes
1555 2919 1850 2974 ministros
1861 2919 2027 2975 ober-

412 3023 663 3076 rantem.
681 3015 920 3082 Deinde,
942 3013 1002 3068 ni
1019 3012 1343 3083 fallor,past
1356 3008 1635 3075 triduum,
1652 3007 1776 3079 ipsa
1791 3024 2022 3080 quoque

415 3107 506 3163 die
539 3123 651 3180 quo
682 3121 780 3160 rex
793 3104 920 3176 jam
945 3101 1126 3156 dictus
1154 3099 1307 3154 ferro
1328 3097 1516 3152 fuerat
1536 3097 1822 3168 periturus
1844 3113 1859 3166 ;
1884 3095 2025 3150 vidit

412 3195 584 3252 tertio
598 3193 911 3267 quemdam
923 3190 1207 3262 ignotum,
1225 3187 1430 3259 ignora
1447 3185 1684 3258 quidem
1703 3196 1832 3240 utru
1842 3183 2024 3240 m'ini-

411 3283 768 3347 micabilem,
799 3297 898 3335 seu
927 3279 1102 3334 etiam
1145 3275 1461 3348 spiritalem
1503 3274 1713 3341 virum,
1745 3289 2022 3344 magnam

329 3381 338 3392 ‘
412 3363 610 3428 tamen
641 3369 876 3443 prolixus
905 3366 1178 3423 chartulae
1199 3364 1472 3418 rotellam
1501 3363 1561 3417 in
1587 3379 1764 3416 manu
1795 3365 2024 3433 gestan-

411 3464 554 3530 tem,
571 3459 798 3516 densim
815 3456 1074 3530 apicibus
1093 3451 1500 3522 conscriptam,
1521 3466 1588 3506 eo
1607 3450 1867 3504 videlicet
1879 3453 2024 3505 tem-

409 3549 567 3622 poris
615 3549 918 3604 momento
965 3560 1080 3616 qua
1119 3540 1593 3597 rexamissarum
1612 3538 2019 3607 celebratione,

411 3636 721 3694 novissima
745 3633 1034 3708 potiturus
1058 3629 1340 3696 convivia,
1357 3627 1432 3682 ad
1466 3627 1658 3680 aulam
1680 3641 1859 3698 usque
1876 3625 2026 3681 redi-

409 3725 530 3782 bat.
559 3725 744 3790 Quem
775 3739 906 3777 cum
937 3719 1327 3789 interrogaret
1356 3715 1481 3787 quis
1511 3717 1678 3782 esset,
1722 3712 2024 3784 respondit

410 3829 548 3869 vace
579 3811 860 3868 Saxonica
885 3827 944 3864 se
973 3825 1041 3863 ex
1089 3805 1336 3862 Orientis
1365 3802 1532 3874 regni
1581 3801 1840 3873 partibus
1879 3817 2022 3870 esse,

413 3917 588 3974 seque
620 3917 737 3956 una
751 3915 884 3954 cum
897 3913 1056 3967 rege,
1071 3893 1341 3966 quaedam
1355 3889 1626 3963 nuptialis
1636 3890 1794 3944 verbi
1809 3890 2024 3945 habere

413 3992 656 4046 secreta.
683 3991 734 4044 ls
755 3988 896 4043 dum
912 3986 1062 4040 esset
1080 3980 1203 4052 regi
1229 3978 1543 4046 nuntiatus,
1577 3981 1749 4050 atque
1788 3977 1847 4033 in
1878 3978 2026 4036 illius

412 4063 788 4152 presentiam
815 4064 1348 4145 supervenientium
1365 4083 1531 4124 more
1545 4067 1738 4122 induci
1764 4067 2024 4137 deberet,

414 4181 703 4238 nusquam
724 4160 1030 4235 apparuit:
1053 4157 1396 4227 sedeodem,
1417 4157 1565 4231 proh
1595 4155 1794 4213 dolor!
1826 4157 1938 4226 die,
1964 4161 2028 4212 ut

418 4253 685 4320 diximus,
711 4265 927 4307 amarae
957 4247 1162 4305 martis
1177 4247 1480 4318 acerbitas,
1503 4261 1608 4316 per
1627 4245 1804 4302 sicam
1819 4245 2028 4318 perﬁdi

417 4341 681 4410 latronis,
707 4337 1028 4413 penetralia
1056 4335 1244 4392 cordis
1274 4335 1450 4408 ipsius
1469 4337 1718 4391 latenter
1746 4335 2024 4392 introivit.

418 4433 560 4488 Ecce
591 4430 751 4486 enim
781 4444 958 4501 quam
983 4429 1212 4481 mature
1237 4424 1307 4480 de
1319 4441 1456 4497 rege
1477 4424 1632 4480 beati
1655 4422 1756 4478 viri
1770 4425 2026 4480 claruere

417 4521 721 4596 praesagia.
771 4519 854 4572 De
901 4513 1255 4587 principibus
1283 4515 1480 4568 autem
1505 4529 1624 4568 non
1655 4511 1762 4566 nisi
1777 4511 2027 4586 Eadwigi
2048 4537 2102 4597 D

417 4607 572 4681 regis
604 4604 983 4679 temporibus,
1032 4602 1080 4658 si
1105 4618 1204 4658 rex
1241 4601 1374 4672 jure
1418 4604 1593 4674 queat
1630 4601 1909 4673 appellari
1929 4601 2028 4674 qui

419 4713 527 4755 nec
549 4713 672 4752 sese
703 4710 810 4751 nec
838 4693 982 4749 alios
1009 4705 1268 4764 quasque
1297 4690 1446 4745 bene
1491 4693 1739 4759 rexerat,
1767 4693 2024 4762 patuere.

494 4837 809 4912 (61)Aliam
831 4835 936 4891 sub
957 4833 1183 4912 Edgaro
1209 4849 1370 4912 rege,
1391 4831 1606 4912 factam
1629 4831 2028 4912 visionemre-

419 4903 534 4968 fert
564 4910 836 4966 Osbertus
853 4905 1008 4978 apud
1019 4903 1252 4978 Sjurium
1278 4903 1370 4958 his
1395 4903 1616 4958 verbis:
1650 4903 2029 4978 Alioquadam

422 4989 649 5054 tempore
676 4997 774 5036 rex
813 4981 869 5032 in
887 4975 977 5054 die
1011 4975 1300 5054 Domim'ca
1341 4991 1495 5028 mane
1548 4975 1815 5054 uenatum
1830 4977 1946 5046 ivit,
1979 4983 2030 5030 et

420 5047 789 5119 Dunstanum,
814 5051 912 5122 qui
938 5055 1062 5122 tunc
1101 5047 1236 5122 forte
1257 5063 1432 5122 secum
1451 5053 1584 5116 erat,
1607 5048 1821 5100 missam
1849 5063 2022 5118 suam,

421 5125 585 5180 donec
624 5117 840 5178 veniret
867 5119 1331 5190 diﬂ‘crre‘petipit.
1379 5117 1862 5190 Appropinquante
1893 5135 2026 5190 ergo

425 5197 554 5252 hora
582 5197 762 5264 tertia,
794 5194 880 5248 vir
905 5187 1011 5245 Dei
1037 5188 1107 5244 ad
1117 5187 1406 5264 ecclesiam
1423 5187 1696 5264 procedit}
1724 5197 1774 5242 et
1811 5187 2028 5243 indutus

421 5269 586 5324 sacris
629 5261 877 5332 aestibus,
909 5277 1104 5332 regem,
1149 5261 1284 5314 sicut
1326 5261 1374 5312 ei
1404 5262 1752 5332 promiserat,
1790 5267 2022 5329 expecta-

427 5339 536 5394 bat.
567 5337 762 5396 Stabat
807 5330 930 5404 ergo
969 5330 1167 5404 cubitis
1213 5331 1425 5404 innixus
1464 5330 1644 5404 altari,
1678 5332 1927 5404 orationi
1965 5349 2027 5386 ac

421 5409 680 5478 laerymis
707 5401 934 5462 deditus.
976 5403 1117 5457 Tum
1143 5401 1317 5478 subita
1363 5417 1544 5478 sopore
1581 5401 1761 5456 leviter
1791 5418 2024 5478 pressus,

420 5483 480 5537 in
533 5473 718 5533 caelum
769 5477 1006 5546 rapitur;
1049 5480 1098 5528 et
1141 5473 1327 5546 beatis
1359 5473 1694 5546 angelorum
1726 5473 2026 5546 agminibus

418 5552 724 5616 associatus,
742 5544 893 5602 audit
920 5562 1003 5600 eos
1031 5561 1249 5598 summas
1277 5544 1544 5616 Trinitati
1581 5545 1644 5599 in
1675 5544 1886 5598 laudem
1907 5561 2022 5616 mo-

417 5621 616 5676 dulatis
639 5615 853 5675 vocibus
891 5616 1258 5686 decantantes:
1301 5615 1470 5686 Kyrie
1508 5616 1746 5686 eleisan,
1801 5615 2021 5686 Christe

414 5689 669 5758 eleisan,
686 5688 856 5758 Kyrie
870 5687 1136 5758 eleisan.‘
1157 5685 1402 5752 Quorum
1425 5685 1709 5758 melodialn
1738 5685 2019 5741 calestium

410 5755 792 5824 contemplator
818 5755 1046 5819 edoctus,
1067 5755 1137 5808 ad
1160 5773 1213 5810 se
1243 5763 1481 5811 reversus
1511 5763 1604 5810 est.
1629 5755 2007 5812 Et-conversus

409 5825 481 5879 ad
539 5839 656 5876 suos
677 5826 988 5891 interrogat
1021 5840 1178 5876 reme
1211 5827 1438 5891 venerit,
1477 5843 1550 5878 an
1603 5825 1750 5880 non?
1778 5825 1860 5880 At
1911 5827 2006 5883 ubi

400 5905 528 5954 cum
547 5889 785 5947 nondum
807 5891 1005 5947 venisse
1017 5895 1235 5964 accepit,
1271 5893 1343 5949 ad
1373 5889 1496 5949 suas
1516 5911 1699 5967 preces
1733 5911 1844 5952 sese
1871 5911 1993 5952 con-

2125 2090 2396 2162 guttatim
2423 2091 2756 2162 vaporanda
2775 2092 2999 2155 ebullit,
3015 2108 3194 2165 quem
3207 2091 3417 2148 incolas
3430 2092 3634 2148 locum
3645 2091 3742 2147 sub

2126 2181 2370 2252 paterna
2399 2179 2599 2252 lingua
2627 2180 2874 2235 Bathum
2916 2182 3031 2253 (62)
3069 2180 3222 2236 soliti
3259 2183 3406 2236 sunt
3427 2181 3740 2254 appellare.

2128 2267 2196 2321 Et
2218 2284 2350 2322 cum
2381 2267 2600 2323 ibidem
2624 2268 2695 2323 ab
2713 2269 2974 2340 ejusdem
2994 2269 3104 2324 loci
3117 2269 3392 2324 fratribus
3407 2268 3740 2324 charitative

2125 2360 2418 2426 susceptus
2445 2355 2753 2428 deguisset,
2777 2357 2917 2412 vidit
2931 2360 3062 2429 post
3079 2357 3308 2431 prandii
3329 2357 3548 2413 horam
3569 2358 3741 2430 cujus-

2129 2443 2266 2499 dam
2305 2444 2686 2499 scholasticuli
2714 2461 2782 2499 ex
2823 2445 3127 2500 Glastonite
3159 2445 3427 2502 coenobio
3459 2445 3742 2515 animam,

2128 2534 2200 2588 ad
2213 2535 2488 2588 caelorum
2503 2532 2792 2601 sublimia,
2806 2532 2878 2588 ab
2892 2531 3112 2605 angelis
3125 2533 3224 2588 Dei
3237 2549 3371 2588 cum
3383 2534 3737 2604 hymnorum

2125 2622 2389 2676 laudibus
2402 2621 2766 2694 deportatam
2789 2637 2856 2676 ac
2876 2621 3106 2694 magnis
3131 2637 3528 2694 supernorum
3539 2623 3736 2678 civium

2125 2710 2402 2783 exsequiis
2418 2711 2553 2766 hinc
2564 2713 2623 2766 et
2639 2711 2776 2766 inde
2794 2711 3088 2783 stipatam.
3105 2711 3274 2766 Venit
3292 2713 3498 2767 autem
3515 2715 3736 2784 postera

2125 2800 2238 2869 die,
2263 2799 2422 2872 quasi
2453 2799 2528 2854 ad
2551 2799 2722 2870 hujus
2763 2799 2928 2855 mirte
2977 2799 3210 2855 visionis
3244 2799 3731 2866 testiﬁcationem,

2073 2913 2080 2919 -
2123 2888 2360 2960 quidam
2403 2905 2436 2943 e
2474 2888 2734 2960 predicto
2779 2887 3042 2944 emnobio
3087 2888 3456 2962 praepositus,
3505 2889 3732 2944 nomine

2123 2977 2430 3048 Cealwyus,
2489 2977 2688 3032 valens
2732 2977 3056 3032 monastica
3122 2977 3366 3032 consilia
3426 2993 3730 3050 causasque

2120 3065 2368 3120 fratrum
2387 3081 2626 3121 suarum
2663 3082 2792 3121 cum
2829 3065 3100 3138 pontiﬁce
3130 3066 3351 3138 pariter
3375 3083 3548 3122 mare
3571 3066 3728 3121 solita

2123 3157 2373 3227 captare.
2403 3154 2562 3209 Hunc
2579 3153 2676 3209 ille
2705 3153 2776 3209 de
2788 3153 3141 3210 monasterio
3159 3153 3523 3222 venientem,
3546 3153 3729 3209 statim

2123 3246 2254 3314 post
2284 3243 2481 3298 datam
2511 3241 3002 3308 benedictionem,
3029 3241 3289 3310 sollicite,
3319 3242 3366 3298 si
3382 3241 3588 3299 omnia
3606 3257 3730 3296 cum

2051 3304 2098 3368 Ο
2121 3304 2395 3386 fratribus
2421 3329 2534 3386 suis
2571 3333 2764 3386 essent
2797 3304 3096 3403 prospera,
3129 3304 3547 3404 interrogavit:
3578 3330 3732 3402 isque

2121 3423 2376 3476 mortem
2422 3419 2588 3490 pueri
2631 3418 2854 3474 minine
2903 3419 3372 3491 comminiscens,
3440 3419 3733 3492 respondit

2122 3509 2386 3564 universa
2406 3510 2511 3564 sub
2527 3509 2878 3581 integritatis
2907 3510 3182 3582 sospitate
3195 3509 3378 3566 fuisse
3400 3510 3732 3566 constituta.

2119 3598 2193 3652 At
2213 3596 2308 3652 ille
2338 3613 2607 3653 sermone
2626 3597 2830 3653 madas
2839 3601 2920 3666 to,
2933 3597 3212 3671 quoniam
3233 3597 3491 3673 propriae
3509 3598 3735 3654 visionis

2122 3685 2313 3742 fuerat
2339 3685 2658 3742 admodum
2702 3686 3086 3758 perspicaciar
3129 3687 3260 3743 illa:
3312 3687 3444 3744 Non
3479 3691 3733 3755 autumo,

2124 3774 2332 3847 inquit,
2373 3774 2570 3830 omnia
2608 3774 2763 3848 apud
2791 3791 2996 3830 omnes
3024 3775 3300 3831 humanis
3336 3776 3398 3832 in
3425 3775 3735 3832 excessibus

2123 3862 2760 3934 foreprafutura.Etille
2777 3878 2791 3917 :
2809 3862 3239 3936 Suntequidem
3256 3864 3462 3920 omnia
3483 3867 3732 3937 ,excepto

2124 3953 2281 4026 quod
2319 3955 2530 4008 nostrae
2553 3950 2842 4008 societatis
2889 3952 3161 4024 puerulus
3199 3953 3480 4010 hesterna
3515 3953 3606 4010 die
3633 3952 3731 4008 sub

2124 4043 2389 4113 tempore
2419 4038 2747 4096 meridiano
2774 4055 2979 4096 necem
3006 4041 3406 4098 inevitabilem
3439 4040 3732 4098 moriendo

2125 4129 2372 4185 subibat.
2405 4129 2522 4184 Hoc
2559 4131 2669 4193 est,
2707 4127 2898 4202 inquit
2939 4131 3170 4186 sanctus
3211 4130 3538 4204 episcopus,
3584 4127 3734 4203 quod

2127 4217 2264 4274 dixi.
2308 4217 2646 4291 Requiescat
2686 4216 2824 4274 felix
2895 4217 3124 4292 spiritus
3175 4218 3380 4292 ipsius,
3422 4218 3733 4276 secundum

2124 4306 2408 4362 visionem
2433 4309 2718 4376 nostram,
2739 4306 2800 4362 in
2829 4323 2993 4380 pace.

2201 4399 2288 4451 33.
2312 4398 2526 4452 Iterum
2547 4400 2745 4451 autem
2765 4395 2907 4452 dum
2927 4396 3165 4470 propria
3188 4397 3607 4455 immoraretur
3618 4412 3737 4453 ma-

2128 4483 2402 4552 nasterio,
2415 4484 2524 4539 hac
2536 4488 2624 4538 est
2639 4484 2964 4555 Glastaniaa,
2979 4485 3320 4543 ambulabat
3331 4487 3490 4544 idem
3507 4487 3733 4544 avilium

2130 4573 2338 4630 Christi
2359 4574 2536 4628 solers
2551 4573 2847 4644 praevisar,
2869 4589 3002 4629 cum
3023 4575 3327 4646 quodlibet
3340 4576 3598 4648 ejusdem
3611 4590 3732 4631 ma-

2131 4663 2365 4720 nasterii
2379 4662 2690 4729 monacho,
2712 4661 2784 4718 de
2795 4661 2971 4718 doma
2987 4661 3048 4718 in
3063 4663 3584 4733 damum,fratrum
3597 4678 3731 4737 qua-

2132 4767 2242 4824 que
2263 4750 2665 4807 communium
2697 4750 2998 4824 pabularia
3025 4767 3126 4808 seu
3165 4755 3380 4810 cantare
3402 4751 3729 4810 earumdem

2128 4904 2316 4976 vertit.
2344 4900 2620 4976 Factaque
2644 4918 2762 4976 non?
2793 4901 2992 4976 grandi
3033 4903 3340 4976 intervallo,
3369 4907 3558 4960 iterum
3587 4910 3729 4976 extra

2127 4993 2180 5031 se
2225 4975 2434 5043 ductus,
2493 4973 2702 5030 audivit
2743 4975 2798 5027 in
2845 4973 2988 5028 caelis
3032 4975 3260 5030 altisona
3302 4993 3430 5033 voce
3471 4976 3606 5030 dici:
3655 4975 3730 5028 Ite

2129 5047 2304 5102 missa
2333 5049 2437 5100 est.
2461 5045 2556 5119 Ad
2582 5044 2726 5118 quod
2752 5059 2896 5119 cum,
2911 5046 3028 5100 Dea
3057 5047 3296 5119 gratias,
3327 5045 3730 5119 responderetur,

2131 5123 2458 5172 accurrentes
2494 5117 2674 5188 clerici
2708 5117 2864 5186 regis,
2903 5117 3083 5186 regem
3125 5117 3303 5174 adesse
3353 5117 3724 5188 vociferantur,

2129 5188 2447 5262 sacerdotem
2477 5195 2536 5242 ut
2563 5187 2908 5262 festinantius
2928 5189 3152 5262 missam
3165 5189 3410 5262 celebret,
3443 5187 3727 5262 obsecrant.

2128 5261 2209 5315 At
2237 5259 2329 5332 ille
2359 5275 2536 5315 versus
2561 5260 2629 5332 ab
2648 5259 2830 5332 altari,
2859 5259 3078 5313 missam
3104 5275 3158 5332 se
3184 5259 3378 5316 habere
3394 5259 3727 5332 pronuntiat,

2128 5339 2180 5386 et
2198 5331 2365 5403 aliam
2397 5347 2451 5384 se
2478 5346 2540 5384 ea
2561 5331 2646 5384 die
2671 5328 3064 5403 celebraturum
3094 5330 3348 5403 abnegat.
3378 5328 3725 5403 Depositisque

2128 5402 2353 5476 vestibus
2379 5403 2631 5476 sagis,_a
2667 5416 2774 5476 suis
2802 5398 2866 5453 de
2897 5417 2954 5455 re
2982 5398 3306 5472 inquiritur:
3342 5398 3484 5476 quod
3518 5398 3723 5476 latebat,

2129 5475 2384 5545 aperit-ut.
2429 5471 2520 5526 Ea:
2561 5473 2658 5526 hoc
2699 5473 2881 5545 itaque
2921 5471 3130 5542 sumpta
3172 5471 3431 5541 sermone,
3471 5488 3634 5545 regem
3671 5473 3722 5545 in

2124 5489 2384 5598 gperuur.
2429 5489 2520 5526 na:
2561 5489 2658 5526 nec
2702 5489 2881 5542 itaque
2921 5489 3130 5542 sumpta
3172 5489 3431 5541 sermone,
3471 5489 3634 5545 regem
3671 5489 3722 5523 ιη

2163 5544 2304 5598 iebus
2331 5543 2632 5600 Dominicis
2673 5543 2915 5613 deinceps
2956 5559 2989 5595 a
3026 5551 3224 5598 venatu
3241 5545 3538 5613 prohibuit.
3567 5541 3722 5613 Kyrie

2125 5615 2341 5670 eleisan
2373 5631 2512 5686 vero,
2553 5615 2697 5686 quod
2734 5616 2793 5686 in
2821 5611 3110 5686 coelestibus
3155 5611 3368 5686 didicit,
3405 5611 3721 5686 mordebat,

2123 5685 2280 5759 idque
2307 5685 2490 5759 multis
2518 5683 2577 5738 iri
2608 5685 2733 5759 locis
2765 5683 2925 5738 hodie
2949 5691 3134 5740 sancta
3164 5685 3408 5742 Ecclesia
3443 5689 3571 5742 inter
3595 5685 3717 5738 nult-

2114 5756 2297 5814 sarum
2318 5756 2579 5812 Solemnia
2608 5758 2776 5812 canit.
3473 5764 3477 5768 '

2179 5830 2288 5902 (621
2314 5826 2491 5902 Bal/te
2509 5844 2608 5883 seu
2637 5827 2916 5887 Bathonia
2951 5827 3090 5886 urbs
3142 5827 3386 5887 celebris
3428 5831 3488 5888 et
3512 5824 3714 5902 episca-

2101 5897 2248 5970 palis
2272 5897 2338 5954 in
2367 5897 2814 5960 Samersettensi
2838 5902 3159 5962 comitatu.
