3900 6216
184 568 307 627 ηδε
1404 559 1561 620 VI'I‘A
1600 557 1842 632 sum
1879 557 2245 624 DUNSTANI.
3345 574 3482 634 usa

179 687 485 749 necessaria
502 685 950 744 consideratam.
975 687 1042 743 Et
1070 687 1210 743 dum
1236 689 1554 744 remeando
1598 702 1765 743 cons-
1796 692 1850 750 Α
1874 687 2151 759 quoniam
2198 686 2314 742 vias
2349 687 2586 759 justitiae
2634 689 2972 760 ambulavit,
3015 691 3302 766 suscipere
3358 711 3484 753 me-

183 777 345 850 pectis
373 776 552 849 copiis
582 776 801 832 veniret
832 776 904 830 ad
952 775 1327 832 occidentalia
1370 777 1624 848 antiquae
1667 778 1769 831 Ec-
1873 781 2096 833 ruerat.

183 864 348 919 clesias
375 864 628 931 climata,
661 863 876 918 audivit
901 863 1124 919 eminus
1166 881 1366 920 vocem
1397 865 1614 920 caelitus
1645 864 1770 920 ino-
1948 869 2036 921 37.
2081 867 2240 922 Nunc
2272 883 2434 940 ergo,
2465 868 2744 940 quoniam
2771 870 3038 927 universa
3065 872 3354 928 bonorum
3387 890 3478 946 ace

184 953 364 1026 pinato
386 953 585 1008 omine
613 952 954 1020 immissam,
989 969 1116 1024 quae
1160 969 1354 1008 secum
1403 953 1771 1008 incedentem
1875 957 2040 1010 tuum
2072 971 2307 1010 suorum
2341 956 2628 1022 exercitia,
2664 958 2709 1011 si
2741 958 2831 1013 die
2856 963 3144 1031 noctuque
3166 960 3225 1015 in
3253 978 3484 1018 summa

187 1041 524 1095 monachum
547 1041 620 1095 ad
641 1041 894 1097 caelestes
920 1041 1149 1095 delicias
1174 1040 1388 1095 blando
1415 1041 1518 1094 sub
1541 1041 1770 1112 eloquio
1876 1043 2270 1098 meditationis
2321 1043 2654 1114 sagacitate,
2687 1062 2895 1101 somno
2932 1048 3180 1104 naturali
3204 1050 3480 1121 privatus,

186 1127 528 1195 invitaverat,
560 1128 757 1183 dicens
785 1129 986 1194 :Veni,
1017 1128 1168 1195 veni,
1189 1127 1444 1200 lElfsige,
1479 1129 1608 1183 veni
1645 1145 1658 1183 :
1695 1129 1771 1182 sic
1875 1130 2246 1194 immorarer,
2271 1147 2497 1202 nequeo
2525 1132 2832 1202 explanare
2860 1153 2873 1202 ;
2897 1151 3128 1208 aequum
3143 1139 3340 1192 tamen
3360 1154 3481 1194 esse

186 1216 327 1270 enim
352 1220 496 1283 erat,
528 1219 590 1270 ut
617 1216 844 1287 opinor,
864 1217 1123 1287 ejusdem
1142 1216 1332 1272 fratris
1352 1233 1593 1272 nomen.
1615 1217 1772 1270 Tunc
1875 1219 2125 1273 arbitror
2149 1222 2212 1274 ut
2243 1234 2312 1272 ea
2342 1220 2546 1273 saltem
2567 1236 2696 1290 quae
2721 1224 2804 1276 vel
2831 1228 3066 1294 egomet
3078 1224 3192 1280 vidi
3208 1227 3296 1281 vel
3316 1226 3480 1281 audi-

187 1306 372 1360 Beatus
401 1304 484 1358 vir
515 1304 707 1359 meriti
733 1305 954 1359 clientis
983 1304 1066 1358 sui
1097 1304 1534 1360 advocationem
1559 1304 1769 1359 intelli-
1873 1306 1950 1373 vi,
1977 1306 2137 1377 jnsta
2184 1306 2286 1361 Dei
2329 1307 2731 1362 admonitione
2781 1309 3124 1380 stimulatus,
3161 1330 3266 1385 pro
3311 1331 3479 1387 posse

187 1411 331 1464 gens,
363 1392 504 1447 dixit
533 1409 545 1447 :
583 1393 854 1448 Accelera
883 1409 1021 1464 ergo
1057 1393 1304 1463 fortiter,
1351 1393 1552 1460 frater,
1593 1409 1772 1465 appa-
1872 1394 2165 1450 charitatis
2190 1394 2462 1449 enodem.
2492 1395 2632 1449 Huic
2649 1396 3037 1464 etenim,dum
3050 1400 3356 1456 taediosum
3371 1403 3481 1458 hu-

186 1497 299 1536 rare
327 1485 380 1535 te
411 1481 779 1553 quantocius;
813 1481 1089 1552 quoniam
1117 1481 1316 1536 diebus
1342 1481 1648 1549 citissimis,
1674 1498 1770 1536 vo-
1865 1483 1960 1554 jus
2010 1482 2138 1537 vita:
2188 1482 2506 1538 incolatum
2553 1482 2839 1539 laboriose
2884 1485 3143 1555 incoluit,
3183 1504 3480 1546 summum

187 1572 328 1623 catus
356 1585 389 1623 a
419 1569 691 1626 Domino.
714 1569 784 1624 ab
810 1556 979 1638 hujus
1003 1569 1204 1623 mundi
1245 1570 1440 1624 scoriis
1488 1568 1769 1640 migrabis
1873 1570 2125 1625 studium
2149 1570 2259 1624 fuit
2289 1573 2352 1624 ut
2376 1570 2639 1625 videlicet
2670 1573 2844 1627 sacris
2868 1573 2926 1628 in
2951 1574 3308 1630 orationibus
3331 1580 3390 1631 et
3418 1577 3477 1633 in

187 1657 250 1711 ad
277 1658 480 1729 ipsum.
511 1658 678 1722 Quod
708 1657 942 1730 quidem
974 1657 1172 1712 diebus
1216 1675 1334 1713 non
1385 1658 1528 1713 adeo
1575 1657 1770 1712 multis
1872 1659 2150 1715 Davidicis
2185 1659 2387 1715 decem
2440 1659 2788 1714 chordarum
2838 1662 3172 1732 psalmodiis
3206 1663 3335 1735 jugi
3363 1665 3482 1720 fre-

187 1745 519 1818 interpositis
548 1745 630 1800 ita
655 1745 726 1800 de
753 1762 843 1813 eo,
875 1749 937 1800 ut
983 1746 1344 1816 praedixerat,
1379 1746 1661 1818 probabili
1688 1746 1772 1800 in-
1873 1749 2108 1820 quentia
2134 1747 2444 1815 insisteret,
2477 1751 2576 1802 aut
2605 1748 2660 1802 in
2688 1749 2895 1820 vigiliis
2937 1767 3172 1806 suavem
3206 1768 3481 1809 somnum

189 1834 356 1888 diculo
387 1834 769 1906 adimpletum
793 1838 898 1889 est.
925 1835 1005 1889 De
1026 1834 1159 1888 hinc
1177 1835 1234 1888 in
1258 1835 1604 1890 eodemloco
1629 1851 1773 1906 qua-
1873 1837 2198 1908 superando
2230 1839 2602 1907 pernoctaret
2632 1837 2893 1904 assiduis,
2923 1842 3022 1894 aut
3052 1840 3110 1894 in
3141 1841 3479 1898 ecclesiasti-

188 1922 393 1977 dralam
420 1923 657 1995 paribus
695 1923 920 1994 angulis
969 1923 1265 1978 ecclesiam
1296 1923 1354 1977 in
1395 1923 1636 1978 modum
1685 1923 1770 1978 fa-
1874 1925 1951 1979 cis
1975 1925 2226 1980 fervidus
2256 1941 2486 1997 semper
2508 1925 2803 1980 insudaret
2821 1927 3049 1997 operari
3073 1928 3480 2000 Operibus;aut

189 2011 401 2065 nunculi
427 2015 762 2066 construere
781 2011 971 2081 jussit,
997 2015 1054 2066 et
1077 2015 1465 2068 constructam
1495 2013 1565 2066 in"
1583 2013 1768 2068 hono-
1797 2015 1849 2077 B
1872 2013 2049 2067 etiam
2079 2014 2390 2070 mendosos
2418 2015 2616 2082 libros,
2650 2015 2789 2069 dum
2820 2014 3071 2086 primam
3098 2015 3339 2070 orientis
3363 2017 3477 2073 diei

191 2116 299 2154 rem
323 2100 457 2155 almi
487 2100 756 2172 Baptista:
774 2101 1008 2156 Joannis
1037 2101 1353 2156 honorifice
1393 2101 1768 2156 consecravit.
1872 2104 2060 2158 lucem
2089 2103 2349 2159 contueri
2383 2104 2589 2176 potuit,
2635 2120 2798 2160 erasa
2837 2105 3184 2177 scriptorum
3224 2105 3476 2162 falsitate

192 2188 229 2242 Ο
255 2205 524 2260 magnum
558 2189 1071 2260 gloriosi'prazsulis
1099 2190 1394 2254 meritum,
1429 2191 1526 2262 qui
1560 2189 1774 2245 meruit
1872 2192 2227 2265 corrigeret;
2268 2197 2366 2248 aut
2385 2197 2448 2247 ut
2478 2209 2614 2247 vera
2643 2196 2700 2247 et
2728 2193 2872 2248 falsa
2898 2193 3050 2248 inter
3075 2193 3259 2249 virum
3300 2197 3357 2249 et
3394 2194 3475 2249 vi-

191 2276 361 2332 vivens
387 2278 583 2333 videre
616 2278 961 2350 angelorum
989 2278 1254 2347 visiones,
1287 2296 1566 2352 vocesque
1594 2280 1773 2335 mira—
1873 2297 2000 2336 rum
2045 2281 2234 2353 sagaci
2277 2281 2512 2354 ingenio
2564 2281 2881 2352 judicando
2937 2281 3325 2349 discerneret;
3380 2286 3478 2338 aut

192 2365 321 2421 biles
347 2367 690 2422 earumdem
723 2365 921 2421 audire
958 2366 970 2419 l
1003 2431 1005 2433 ι
1873 2371 2170 2441 inpacatos
2198 2387 2456 2443 quosque
2501 2371 2588 2425 vel
2635 2371 2889 2425 rixantes
2932 2371 3155 2442 placido
3204 2387 3476 2427 sermone

254 2457 332 2509 36.
363 2455 498 2510 Huic
519 2455 695 2526 igitur
718 2455 856 2510 dum
883 2456 941 2510 in
973 2456 1208 2528 propria
1236 2459 1572 2528 praesulatus
1595 2457 1680 2512 sui
1703 2457 1776 2512 ci-
1875 2459 2188 2514 concordes
2204 2460 2528 2514 efficeretet
2551 2459 2809 2531 quietos;
2843 2462 2942 2514 aut
2958 2458 3158 2526 viduis,
3178 2460 3474 2532 orphanis,

193 2542 345 2598 vitate
365 2543 795 2611 commanebat,
811 2547 1020 2598 sanctas
1042 2547 1473 2601 consuetudinis
1497 2547 1650 2601 inter
1671 2562 1775 2601 cm-
1876 2548 2193 2620 peregrinis
2213 2551 2272 2602 et
2301 2547 2536 2603 advenis
2552 2547 2612 2602 in
2638 2548 2750 2603 suis
2772 2547 3200 2603 necessitatibus
3223 2549 3320 2619 pio
3341 2565 3476 2622 pro-

192 2631 724 2686 terasublimitatum
744 2631 1481 2699 studiafuit,utinsecretis
1515 2635 1774 2690 noctium
1873 2637 2072 2692 fuisset
2124 2636 2507 2705 adminiculo;
2561 2639 2660 2691 aut
2719 2639 2781 2691 ut
2825 2637 2978 2708 justa
3024 2638 3478 2708 sequestratione

193 2720 528 2790 temporibus
567 2720 673 2790 (63)
707 2723 904 2774 sancta
932 2721 1078 2787 loca,
1103 2724 1341 2792 propter
1366 2722 1772 2778 multimodam
1874 2725 2073 2798 inepta
2097 2726 2189 2780 vel
2219 2725 2782 2796 injustadissociaret
2810 2725 3098 2797 coniugia,
3127 2727 3480 2780 automnem

193 2809 517 2879 pepulorum
538 2808 684 2862 adse
705 2808 1058 2863 venientium
1081 2809 1774 2878 inhaesionem,veletiam
1876 2815 2201 2869 humanum
2233 2813 2502 2869 ordinem
2553 2814 2772 2868 trifarie
2816 2816 3087 2884 paratum
3134 2813 3192 2869 in
3242 2812 3479 2886 proprio

195 2895 420 2951 aliorum
446 2898 764 2952 multorum
812 2898 1273 2968 occupationem,
1304 2903 1500 2955 sancta
1546 2917 1778 2972 semper
1877 2901 2180 2958 soliditatis
2200 2902 2495 2973 proposito
2529 2902 2702 2958 verbo
2730 2901 2859 2956 vitae
2880 2901 3143 2958 firmaret
3172 2903 3258 2957 vel
3286 2917 3482 2957 exem-

195 2983 494 3054 psalmodia
522 2985 886 3040 decantando
915 2987 1204 3041 lustraret.
1232 2990 1298 3042 Et
1319 2987 1475 3042 venit
1503 2988 1610 3043 hac
1647 2990 1776 3060 lege
1877 2992 1995 3062 plo,
2020 2993 2123 3044 aut
2147 2990 2217 3045 de
2237 2991 2394 3062 justo
2419 2989 2858 3063 conquisitionis
2879 3007 2994 3046 suae
3015 3007 3190 3046 censu
3215 2990 3482 3047 ecclesias

193 3070 465 3142 religionis
496 3072 740 3127 innexus
765 3072 839 3128 ad
868 3073 1006 3129 almi
1037 3075 1219 3129 Patris
1238 3076 1541 3147 Augustini
1567 3075 1780 3131 azdicu-
1878 3078 1978 3134 Dei
2007 3078 2215 3150 placita
2229 3079 2516 3149 probitate
2537 3079 2861 3134 sublevaret
2878 3079 3145 3134 ditandas
3163 3097 3176 3148 ;
3194 3079 3481 3136 autetiam

193 3159 318 3228 lam,
347 3161 664 3231 nocturnis,
693 3165 754 3216 ut
800 3161 934 3230 dixi,
981 3163 1340 3234 temporibus
1392 3166 1689 3220 oraturus:
1722 3167 1781 3219 et
1879 3167 2173 3238 utriusque
2205 3167 2426 3222 ordinis
2456 3169 2775 3239 imperitos,
2815 3167 2964 3222 viros
2993 3168 3257 3224 videlicet
3279 3168 3364 3223 vel
3395 3169 3487 3223 fe-

195 3246 316 3303 dum
337 3267 392 3304 se
421 3250 596 3305 sacris
625 3250 767 3304 inibi
791 3251 1086 3322 suppleret
1106 3252 1481 3320 orationibus,
1509 3251 1782 3322 processit
1880 3255 2088 3322 minas,
2122 3272 2495 3328 quoscunque
2539 3257 2630 3311 die
2675 3259 2964 3329 noctuque
3001 3260 3230 3330 poterat
3267 3256 3487 3314 caelein

194 3334 604 3393 adorientalem
625 3338 723 3392 Dei
747 3354 1045 3409 puerperae
1069 3341 1182 3410 (64)
1203 3341 1849 3408 ecclesiam,tantum-C
1880 3344 2018 3410 sale,
2043 3343 2100 3397 id
2132 3347 2218 3398 est
2247 3343 2510 3398 salutaris
2545 3344 2844 3414 sapientiae
2877 3345 3251 3412 documento,
3283 3345 3489 3402 condi-

195 3422 310 3478 dem
330 3430 686 3496 precaturus.
729 3426 988 3500 Cumque
1020 3428 1094 3482 ad
1137 3428 1288 3483 hanc
1332 3428 1779 3502 propinquando
1882 3436 1991 3487 ret.
2019 3431 2268 3503 Ideoque
2299 3431 2488 3486 omnis
2501 3432 2624 3487 haec
2648 3431 3060 3502 Anglicaterra
3081 3433 3346 3488 doctrina
3365 3433 3488 3505 ejus

195 3513 586 3587 psallendoque
632 3514 901 3584 venisset,
959 3515 1109 3571 forte
1155 3533 1221 3571 ex
1273 3517 1563 3590 insperato
1601 3517 1783 3588 noctis
1884 3523 2081 3575 sancta
2107 3520 2328 3591 repleta
2359 3523 2464 3586 est,
2486 3519 2714 3591 fulgens
2740 3536 2938 3575 coram
2987 3521 3106 3575 Deo
3134 3523 3193 3574 et
3231 3519 3488 3575 homini-

195 3606 381 3657 eventu
409 3603 674 3660 audierat
699 3604 955 3659 insolitas
1002 3605 1393 3661 sonoritarum
1430 3607 1542 3678 (65)
1595 3623 1780 3675 voces,
1883 3609 2009 3676 bus,
2054 3608 2198 3663 sicut
2241 3609 2324 3662 sol
2355 3611 2412 3662 et
2441 3609 2579 3663 luna
2613 3612 2752 3670 :aut
2800 3609 2977 3663 etiam
3010 3607 3244 3681 quando
3267 3607 3490 3665 debitas

193 3689 364 3745 subtili
385 3692 787 3747 modulamine
819 3691 879 3746 in
911 3693 1018 3748 hac
1041 3693 1247 3749 eadem
1280 3695 1516 3750 basilica
1547 3711 1784 3752 concre-
1885 3695 2245 3752 vernulitatis
2277 3694 2389 3768 (66)
2421 3713 2536 3751 suae
2580 3697 2754 3752 horas
2785 3699 3136 3768 caeterasque
3179 3695 3490 3752 missarum

195 3781 397 3847 pantes.
428 3783 500 3835 At
527 3781 622 3835 ille
649 3781 923 3836 continuo
956 3799 1059 3853 per
1091 3783 1409 3853 quemdam
1435 3785 1785 3855 patulifora-
1888 3785 2305 3842 celebrationes
2345 3785 2567 3840 Christo
2615 3783 2862 3840 Domino
2893 3785 3113 3842 solvere
3157 3785 3491 3854 censuisset,

197 3865 352 3921 minis
374 3868 598 3924 hiatum
632 3869 961 3940 inspiciens,
997 3869 1140 3924 vidit
1173 3873 1552 3943 praelocutam
1607 3873 1787 3928 eccle-
1889 3879 2053 3930 tanta
2079 3874 2291 3930 mentis
2319 3873 2654 3945 integritate
2680 3891 2778 3929 eas
2811 3873 3174 3929 decantando
3217 3873 3491 3943 exercuit,

195 3951 326 4009 siam
351 3957 509 4012 omni
538 3973 660 4012 esse
684 3957 904 4029 fulgida
934 3959 1058 4014 luce
1088 3960 1408 4031 perfusam,
1427 3964 1484 4015 et
1504 3960 1791 4033 virgineas
1893 3967 1956 4019 ut
1981 3981 2113 4018 cum
2143 3964 2263 4034 ipso
2298 3963 2545 4019 Domino
2584 3962 2728 4018 facie
2775 3962 2849 4018 ad
2895 3961 3103 4018 faciem
3133 3961 3243 4018 fari
3269 3961 3498 4017 videre-

198 4040 414 4100 durmas
433 4045 493 4100 in
525 4047 702 4101 choro
731 4047 958 4118 gyranti
987 4048 1269 4119 hymnum
1298 4050 1450 4104 hunc
1479 4053 1666 4122 poetae
1699 4050 1793 4105 Se—
1893 4054 2018 4117 tur;
2049 4052 2184 4108 licet
2213 4055 2383 4107 antea
2414 4054 2472 4106 et
2501 4050 2902 4106 tumultuantis
2922 4051 3117 4124 populi
3137 4049 3498 4106 conﬂictibus

197 4131 330 4186 utilii
372 4135 699 4202 cursitando
746 4139 1042 4192 cantantes
1073 4153 1086 4191 ε
1124 4137 1456 4205 Cantemus,
1491 4139 1649 4207 socii,
1680 4141 1791 4194 Do-
1895 4139 2144 4195 nimium
2170 4143 2318 4194 esset
2343 4140 2598 4195 irretitus
2626 4139 2840 4210 ;oculis
2867 4139 3106 4194 inlerim
3136 4155 3203 4195 ac
3230 4139 3498 4196 manibus

196 4234 370 4289 smne,
401 4225 511 4281 etc.
552 4225 814 4295 Itemque
850 4224 1158 4296 perpendit
1218 4225 1451 4280 easdem
1492 4229 1624 4298 post
1667 4244 1794 4282 ver-
1895 4245 2060 4285 more
2085 4230 2148 4287 Β.
2185 4228 2411 4284 Martini
2449 4228 2510 4283 in
2547 4229 2758 4285 coelum
2787 4243 3020 4300 semper
3059 4227 3319 4297 intentis,
3347 4245 3501 4284 nun-

196 4323 310 4364 sum
324 4314 618 4367 etversum
645 4328 779 4367 voce
795 4313 1360 4386 reciproca,quasiin
1381 4315 1796 4390 circumitionis
1895 4334 2072 4390 quam
2103 4317 2174 4372 ab
2213 4316 2473 4373 oratione
2523 4317 2786 4390 spiritum
2830 4317 3113 4372 relaxans.
3148 4315 3500 4391 Quotiesque

192 4410 272 4452 uta
311 4401 882 4473 concentu,primum
903 4402 1244 4458 versiculum
1268 4403 1389 4474 ejus
1403 4402 1538 4458 dem
1563 4404 1795 4474 hymni-
1895 4407 2132 4481 aliquod
2159 4407 2315 4463 aliud
2361 4423 2502 4480 Opus
2549 4405 2921 4479 perfectionis
2955 4405 3148 4478 dignae
3183 4407 3273 4461 vel
3320 4407 3500 4463 etiam

196 4485 294 4540 culi
307 4504 466 4543 more
479 4489 869 4544 humanarum
883 4489 1490 4562 virginumrepsallere
1505 4491 1789 4548 dicentes:
1817 4558 1856 4563 ᾳ
1893 4495 2064 4552 laude
2092 4499 2408 4563 exerceret,
2439 4495 2498 4550 in
2529 4496 2705 4552 sacris
2731 4495 2907 4552 etiam
2941 4493 3311 4550 sacerdotum
3339 4494 3497 4551 ordi-

260 4574 581 4647 Cantemus,
615 4579 772 4646 socii,
801 4579 1071 4650 Domino,
1113 4583 1418 4636 cantemus
1445 4581 1735 4637 honorem
1774 4599 1787 4638 :
1817 4558 1872 4618 D
1893 4584 2245 4651 nationibus,
2269 4582 2759 4657 ecclesiarumque
2789 4583 2877 4638 vel
2903 4581 3175 4636 altarium
3204 4597 3502 4638 consecra-

260 4663 439 4721 Dulcis
468 4681 638 4723 amor
673 4666 880 4722 Christi
909 4672 1188 4739 personet
1217 4685 1315 4724 ore
1346 4669 1468 4742 pio,
1500 4673 1610 4724 etc.
1892 4671 2165 4740 tionibus,
2197 4689 2296 4727 seu
2326 4671 2503 4727 etiam
2539 4672 2598 4728 in
2630 4671 2981 4746 quibuslibet
3027 4686 3227 4726 rerum
3273 4669 3498 4728 divina-

197 4748 316 4807 Haac
340 4753 579 4827 inquam
599 4755 928 4812 veneranda
954 4755 1248 4812 donorum
1282 4757 1630 4828 spiritalium
1649 4757 1789 4814 insi-
1891 4777 2023 4818 rum
2045 4759 2519 4828 institutionibus,
2552 4761 2661 4817 hoc
2682 4775 2915 4832 semper
2940 4759 3123 4816 nimio
3158 4774 3291 4815 rore
3320 4759 3502 4832 lacry-

197 4840 339 4910 gnia,
353 4843 574 4916 aliaque
589 4843 916 4912 innumera,
941 4861 1068 4917 quae
1093 4861 1200 4900 nec
1219 4861 1327 4917 ego
1353 4862 1460 4901 nec
1485 4847 1628 4902 alius
1644 4848 1793 4920 quis-
1891 4866 2124 4907 marum
2160 4848 2405 4922 peregit,
2439 4842 2579 4921 quas
2604 4849 2900 4905 invisibilis
2944 4848 3236 4905 habitator
3261 4851 3494 4904 sanctus

201 4942 361 4998 quam
389 4933 557 5004 hujus
583 4932 711 4987 vitae
749 4932 939 4988 incola
968 4933 1228 5006 quolibet
1266 4935 1526 4990 humano
1559 4935 1789 5008 eloquio
1893 4956 2122 5014 quoque
2175 4937 2439 5010 Spiritus,
2472 4936 2572 5009 qui
2622 4936 2684 4993 in
2735 4953 2803 4994 eo
2837 4935 3060 5012 jugiter
3097 4936 3396 5006 habitavit,
3429 4953 3500 4995 ex

199 5021 456 5087 prmvalet
522 5038 816 5090 enarrare,
871 5021 1137 5094 egregius
1179 5024 1387 5096 prmsul
1441 5024 1788 5096 Dunstanus,
1894 5029 2193 5085 oculorum
2221 5025 2419 5082 rivulis
2446 5028 2722 5098 potenter
2751 5026 2966 5084 elicuit.

263 5125 459 5205 (63)”In
479 5129 604 5205 Vita
622 5129 691 5205 _S.
725 5129 1040 5205 Ethelberti
1065 5129 1222 5205 regis
1238 5131 1575 5188 Cantiorum
1599 5135 1668 5190 24
1684 5135 1785 5189 Fe-
1889 5132 2103 5189 cuidam
2137 5134 2252 5186 viro
2260 5131 2558 5205 gpparuit,
2613 5129 2843 5205 dicens;
2891 5130 3035 5205 Va_de
3060 5141 3110 5205 et
3149 5133 3236 5189 dic
3264 5133 3500 5205 episcopo

201 5193 423 5270 bruarii,
450 5217 511 5270 ῃ.
543 5203 574 5255 3
619 5201 726 5256 ista
768 5202 1094 5256 habentur:
1126 5193 1223 5257 Fid
1265 5207 1638 5259 monasterium
1676 5205 1785 5262 SS.
1888 5206 2170 5260 Dunstano
2200 5221 2216 5257 :
2247 5193 2380 5257 Ηὶπὶ
2411 5201 2510 5257 tibi
2542 5193 2772 5257 inundat
2789 5201 3036 5270 famulus
3070 5193 3497 5260 Cliristiiddria-

199 5263 344 5348 Petri
367 5263 418 5324 et
441 5269 610 5348 Pauli
647 5272 710 5348 S,
744 5273 1062 5348 _Dunstanus
1099 5274 1291 5328 crebris
1325 5276 1564 5331 noctibus
1594 5278 1788 5331 orandi
1888 5295 2006 5331 nus.
2040 5276 2140 5348 Tu_
2153 5277 2211 5329 in
2252 5273 2492 5348 domibus
2517 5263 2806 5348 diligenter
2835 5275 3093 5348 cqopertis
3122 5277 3419 5348 requiescis,
3452 5282 3504 5348 et

199 5341 374 5415 gratia
395 5344 623 5415 veniens,
647 5344 908 5398 visionem
930 5361 1281 5415 supernorum
1309 5348 1506 5401 civium
1535 5348 1709 5403 videre
1733 5355 1782 5403 et
1887 5348 2070 5404 Mater
2096 5346 2326 5400 Domini
2359 5345 2526 5415 nostri
2553 5350 2714 5415 atque
2742 5358 2836 5415 nos
2863 5341 3068 5412 famuli
3093 5341 3358 5404 sui-omni
3388 5341 3507 5402 cali

201 5408 396 5492 fis/mnis
415 5408 698 5492 caelestibus
719 5417 960 5492 interesse
986 5408 1208 5492 'meruit.
1241 5415 1349 5492 Qui
1380 5420 1568 5488 saepius
1590 5419 1784 5475 dixisse
1878 5421 2109 5492 jactura:
2127 5424 2392 5488 putemus.
2426 5414 2544 5482 Quo
2575 5408 2760 5492 audito
2785 5408 3104 5492 Dunstanus
3127 5417 3398 5473 ecclesiam
3431 5418 3499 5476 S.

201 5478 366 5564 fertur
391 5484 531 5564 quod
558 5486 853 5558 ubicunque
895 5489 951 5539 in
991 5487 1208 5564 ecclesia
1256 5478 1343 5542 bet
1380 5478 1670 5545 etameterio
1684 5509 1785 5564 pe-
1878 5478 2080 5546 Marias
2105 5478 2365 5564 rbpnrat‘:
2397 5478 2561 5559 quam
2599 5483 3109 5564 (aternddulcfgline
3147 5494 3351 5564 raptus,
3391 5492 3502 5544 sin-

203 5547 310 5634 dem
351 5547 465 5634 quis
507 5547 931 5634 verteret,‘super
976 5556 1204 5634 aliquem
1247 5567 1558 5634 sanctorum
1587 5547 1784 5632 pedem
1883 5563 2024 5634 gulis
2053 5547 2288 5634 noctibus
2310 5547 3114 5634 [reéuentare_so_lebat._Nocte
3145 5547 3356 5634 autem;
3384 5574 3500 5634 qu_a

202 5621 436 5710 calcaret,
485 5627 610 5682 adeo
655 5621 766 5683 loca
795 5621 1100 5699 corporibus
1139 5635 1443 5686 sanctorum
1469 5621 1636 5703 plen};
1679 5650 1783 5689 esse
1883 5621 2036 5710 itam
2061 5633 2198 5687 idem
2253 5621 2521 5710 ep'isco-pus
2571 5627 2846 5710 ecclesiam
2893 5626 3185 5710 ingressus,
3242 5621 3410 5682 vidit-

203 5698 441 5774 asseruit;
514 5769 525 5774 _
646 5770 679 5774 ψ
733 5770 743 5774 _
878 5698 895 5699 ί
968 5771 977 5774 _
1060 5770 1070 5774 _
1122 5771 1133 5774 _
1295 5773 1298 5774 ν
1379 5772 1386 5774 Α
1457 5698 1494 5774 ί
1884 5705 2203 5761 Adrianum
2242 5698 2385 5759 inter
2416 5698 2605 5774 'choros
2647 5700 2934 5774 antestium
2973 5713 3094 5756 cum
3140 5701 3252 5774 ipsa
3310 5699 3506 5759 mundi

265 5766 374 5842 (64)
405 5768 618 5842 Dahae
645 5770 906 5842 Deiparae
930 5770 1165 5842 virginis
1193 5772 1429 5828 ecclesia
1455 5772 1579 5829 haec
1609 5790 1772 5830 reve-
1883 5777 2103 5832 domina
2127 5774 2515 5831 collaudantem
2543 5773 2870 5830 Dominum.

203 5831 329 5919 latio
345 5831 590 5919 refertur
607 5831 816 5919 invita
835 5842 894 5897 S.
924 5831 1159 5919 Adriani
1187 5844 1431 5919 abbatis,
1452 5846 1769 5919 QJanuarii,
1892 5831 2352 5919 7777(65)VVSonorita
2383 5846 2492 5903 dici
2522 5844 2754 5919 videtur
2778 5859 2886 5919 pro
2914 5842 3215 5902 citharista.

205 5919 263 5964 ιι.
287 5908 341 5964 6.
370 5905 718 5982 Conﬂagrata
741 5913 801 5970 in
826 5930 933 5986 qua
971 5915 1252 5988 requiescit
1283 5905 1523 5989 ecclesia,
1551 5919 1614 5976 in
1663 5905 1770 5977 m'se
1939 5905 2063 5993 (66f
2101 5918 2428 5996 vernulitas.
2448 5919 2497 5978 i.
2525 5934 2581 5979 θ.
2603 5905 2958 5986 famulatus.
