3900 6216
448 555 582 620 Mss
1500 559 1560 618 s.
1589 553 1950 614 JELFBICUS
1988 555 2322 625 ARCHIEP.
2359 555 2708 618 caurum.
3643 553 3770 624 uss

519 687 606 744 38.
637 687 896 758 Cumque
926 700 1207 758 supernus
1227 681 1519 756 inspector
1544 683 1617 739 ad
1646 684 1762 738 alta
1782 685 2050 756 polorum
2080 689 2135 748 Α
2146 686 2242 758 jus
2270 685 2686 742 exhortationis
2710 685 3026 744 clausulam
3046 683 3424 747 terminated.
3451 689 3766 764 posuisset,

446 775 695 848 fastigia.
722 774 845 828 haec
878 773 973 846 pia
1003 772 1315 844 omniaque
1337 773 1489 827 beati
1524 771 1626 826 viri
1651 771 1836 827 studia
1861 772 2054 827 diutis-
2155 775 2337 831 nimia
2366 775 2556 831 cordis
2584 775 2865 832 charitate
2895 777 3180 849 paposcit,
3213 778 3371 850 quod
3403 777 3533 851 ipse
3563 779 3763 852 primi.

447 865 592 920 sima
645 863 1039 934 speculatione
1099 862 1483 934 conspiceret,
1525 862 1762 916 tandem
1803 862 2053 918 decrevit
2152 867 2242 918 tus
2265 863 2436 918 celeri
2467 864 2745 936 petitione
2788 863 3140 937 impetravit,
3184 867 3295 922 hoc
3341 867 3662 940 siquidem,
3705 873 3764 924 ut

441 951 1800 1007 clementiusﬁnemlaboriosorumluctaminum
1816 967 2050 1006 suorum
2152 953 2524 1024 omnipotens
2571 953 2851 1007 Dominus
2879 956 3123 1026 paterna
3151 954 3368 1026 pietate
3410 956 3760 1028 quibuscun-

441 1043 502 1095 ut
523 1056 653 1096 cum
672 1039 854 1095 beatis
869 1040 1210 1111 angelorum
1230 1039 1559 1111 agminibus
1574 1042 2048 1094 remunerantem
2149 1057 2260 1111 que
2281 1039 2567 1106 ﬁdelibus,
2598 1039 2882 1096 membris
2912 1041 3177 1098 videlicet
3203 1043 3338 1098 Jesu
3353 1044 3762 1112 Christi,scan-

439 1144 746 1183 nummum
772 1127 1130 1200 acciperetin
1145 1129 1324 1194 coelis,
1347 1145 1450 1200 pro
1473 1144 1586 1200 quo
1613 1126 2046 1197 saepissimaesu-
2149 1127 2322 1182 dendi
2353 1128 2686 1183 facultatem
2733 1128 3115 1197 eondonaret,
3156 1147 3271 1202 quo
3305 1131 3658 1205 principium
3703 1139 3760 1190 et

435 1216 620 1282 darat,
645 1216 785 1270 dum
809 1218 1069 1288 portaret
1086 1216 1207 1270 leve
1229 1232 1374 1270 onus
1398 1214 1841 1287 ipsiusinterris.
1862 1217 2046 1269 lnsta—
2145 1217 2316 1286 caput
2345 1231 2826 1289 quorumcunque
2859 1217 3113 1273 Christus
3143 1219 3202 1273 in
3232 1219 3514 1290 prmdicta
3540 1221 3637 1276 die
3657 1238 3754 1294 po-

430 1304 529 1359 bat
550 1320 805 1376 namque
823 1304 943 1358 dies
956 1304 1176 1376 pariter
1188 1303 1528 1358 DominiDei
1555 1303 1732 1357 nostri
1748 1303 2044 1358 Ascensio-
2143 1305 2335 1357 tenter
2357 1304 2716 1360 ascenderat.
2744 1305 2838 1359 His
2856 1303 2950 1360 ille
2974 1305 3238 1378 alloquiis
3259 1307 3603 1381 ceterisque
3616 1323 3753 1380 prae-

431 1391 539 1459 nis,
559 1392 794 1464 diesque
821 1392 1214 1446 advocationis
1247 1391 1443 1462 ipsius,
1477 1391 1534 1444 in
1569 1407 1686 1462 quo
1715 1394 1911 1445 tamen
1944 1391 2036 1444 die
2140 1391 2482 1447 dicamentis
2530 1391 2851 1447 salubribus
2891 1397 2981 1448 ter
3025 1395 3130 1449 sub
3163 1411 3280 1450 una
3309 1395 3426 1450 diei
3448 1395 3632 1469 ipsius
3659 1413 3748 1452 ce-

428 1480 678 1534 Domino
725 1481 978 1534 dictante
1024 1481 1329 1535 missarum
1375 1478 1624 1533 celebria
1677 1478 1800 1532 sine
1842 1478 2036 1549 aliqua
2135 1480 2456 1535 lebratione
2481 1481 2927 1536 commissorum
2947 1481 3124 1536 corda
3145 1481 3746 1556 atfatiuspermonuit:

426 1567 659 1623 laesione
684 1569 1094 1639 compleverat,
1127 1571 1182 1622 et
1215 1566 1588 1621 novissimum
1631 1564 1791 1620 verbi
1822 1563 1922 1618 Dei
1945 1565 2032 1618 fo-
2134 1568 2324 1639 primo
2356 1569 2536 1635 enim,
2585 1572 2648 1622 ut
2677 1569 3094 1624 ecclesiasticus
3129 1571 3274 1626 ordo
3325 1575 3457 1642 post
3485 1571 3747 1628 lectionis

425 1659 691 1712 mentum
705 1657 1013 1712 commisso
1027 1656 1131 1710 sibi
1152 1657 1363 1726 populo
1387 1654 1582 1709 multis
1603 1654 2030 1723 cumlacryma-
2133 1653 2507 1727 Evangelinm
2529 1657 2662 1728 jure
2693 1657 2980 1726 insinuat;
3003 1659 3257 1714 secundo
3277 1661 3408 1730 post
3427 1660 3745 1732 gratuitam

423 1759 553 1798 rum
570 1743 851 1798 imbribus
871 1743 1447 1811 ministravit;docens
1463 1741 1806 1812 semperDei
1824 1739 2028 1795 Filium
2129 1744 2350 1798 collatae
2382 1743 2488 1798 sibi
2516 1745 2816 1816 potestatis
2844 1745 3350 1815 benedictionem;
3381 1749 3559 1803 tertio
3587 1763 3743 1816 vero,

423 1833 494 1887 de
520 1833 759 1887 summis
808 1833 1086 1888 caelorum
1141 1831 1368 1885 sedibus
1409 1846 1512 1901 pro
1562 1830 1819 1883 humana
1844 1831 2025 1883 salute
2128 1835 2258 1903 post.
2306 1831 2413 1904 pia:
2464 1831 2619 1902 pacis
2662 1831 3108 1900 conferentium,
3159 1833 3396 1906 quando
3443 1835 3740 1890 communi

421 1921 778 1975 descendisse
797 1921 869 1975 ad
882 1925 1085 1987 terras,
1109 1937 1222 1992 quo
1267 1937 1324 1973 se
1351 1921 1695 1990 Patremque
1722 1933 1890 1972 suum
1913 1934 2029 1973 una
2050 1981 2096 1996 ﬁ
2127 1920 2386 1974 carmine
2415 1919 2728 1975 cecinimus
2760 1937 2773 1975 :
2800 1921 2996 1990 Agnus
3044 1920 3168 1989 Dei,
3215 1925 3312 1994 qui
3359 1921 3502 1978 tolli:
3518 1931 3738 1996 peccata

417 2024 548 2064 cum
576 2009 832 2063 Flamine
856 2025 1016 2064 sacro
1043 1981 1223 2062 unlim
1244 2025 1363 2062 esse
1392 2009 1572 2062 Deum
1591 2007 1789 2077 patula
1804 2006 2024 2077 patefa-
2048 1981 2097 2040 Β
2126 2009 2334 2075 mundi,
2365 2012 2608 2064 miserere
2651 2009 2821 2076 nobis,
2867 2012 3005 2064 tunc
3052 1981 3290 2082 quidelm
3340 2017 3402 2067 et
3429 1981 3554 2085 ipse
3580 2028 3741 2068 com-

415 2101 571 2151 ceret
599 2097 846 2170 pietate;
879 2101 938 2152 et
967 2109 1026 2152 ut
1047 2097 1275 2165 eadem,
1310 2113 1424 2168 qua
1447 2097 1719 2166 praefatus
1748 2110 1874 2148 sum
1908 2094 2022 2162 die,
2127 2097 2330 2152 missos
2360 2097 2466 2151 sibi
2498 2097 2817 2168 agnicnlos,
2851 2114 2885 2152 a
2911 2102 3284 2170 peccatorum
3319 2100 3482 2172 prius
3521 2100 3736 2171 ponde-

416 2186 637 2241 devicto
674 2187 904 2242 diabolo
952 2191 1010 2241 et
1039 2187 1281 2241 liberato
1315 2187 1526 2258 populo
1557 2201 1684 2250 suo,
1715 2185 1908 2249 caelos,
1951 2183 2021 2236 de
2122 2185 2280 2240 ribus
2302 2186 2562 2256 leviatos,
2597 2186 2812 2258 pio.....
2847 2187 3052 2261 reliqua
3073 2187 3471 2246 desiderantur.

415 2275 619 2349 quibus
641 2275 833 2332 venire
859 2275 1182 2344 videbatur,
1211 2274 1570 2330 ascenderet.
1607 2273 1716 2338 Qui
1745 2289 1879 2327 cum
1912 2273 2020 2326 bu-

1371 2530 2753 2662 COMMENTARIUM

1182 2763 1277 2830 IN
1323 2763 1660 2831 LIBRUM
1718 2762 1973 2830 BEDE
2032 2763 2148 2832 DE
2208 2761 2525 2832 REBUM
2571 2761 2968 2831 NATURA.

1268 2949 1484 3015 (Exstat
1514 2951 1651 3006 inter
1677 2966 1834 3022 opera
1863 2949 2052 3019 Bede,
2097 2953 2243 3008 tom.
2285 2951 2328 3021 Ι,
2362 2967 2500 3024 pag.
2564 2953 2662 3007 187
2693 2952 2880 3024 seqq.)

1385 3223 2774 3354 COMMENTARIUM

1224 3457 1312 3521 IN
1367 3457 1688 3520 LIBRUM
1736 3455 1848 3518 DE
1902 3453 2292 3526 LOQUELA
2349 3455 2512 3519 PER
2570 3456 2932 3522 GESTUM.

1616 3603 1779 3678 (Opp.
1810 3603 1992 3672 Beda,
2021 3603 2192 3675 ibid.,
2214 3621 2350 3677 pag.
2379 3605 2532 3679 686.)

408 3771 2460 3812 W

1738 3895 1921 3944 ANNO
1968 3893 2209 3943 DOMINI
2251 3895 2400 3942 MVI.

789 4053 1086 4220 SA
1114 4047 1930 4222 NCTUS
2053 4052 3359 4227 {ELFBICUS

1462 4309 2062 4368 ARCHIEPISCOPUS
2103 4311 2678 4371 CANTUARIENSIS.

409 4519 988 4628 NOTlTIA
1089 4517 1859 4625 HISTORICA
1928 4519 2080 4626 IN
2147 4519 2826 4628 "SANCTUM
2921 4521 3707 4633 £ELFRICUM.

1289 4682 1568 4753 (Manum,
1606 4681 1752 4738 Acta
1799 4680 1908 4740 SS.
1954 4681 2184 4751 Bened.,
2217 4687 2364 4740 tom.
2409 4684 2548 4755 VIII,
2577 4701 2712 4758 pag.
2745 4689 2861 4754 55.)

1889 4795 2269 4814 _

487 4922 536 4972 l.
570 4917 746 4989 Hujus
775 4915 956 4972 sancti
981 4913 1252 4990 antistitis
1279 4929 1507 4990 nomen
1541 4911 1696 4990 varie
1727 4913 1882 4990 apud
1907 4915 2024 4990 An-
2051 4919 2098 4977 C
2120 4913 2624 4990 duobusElt‘ricis,
2649 4914 2750 4990 ubi
2784 4917 2972 4990 multa
2999 4917 3272 4990 congerit
3299 4918 3372 4990 de
3401 4923 3592 4976 nostro
3613 4916 3711 4990 El:

411 4983 671 5060 glicanos
687 4988 1251 5060 auctoresjcriptum
1269 4985 1509 5060 legitur,
1541 4983 1646 5060 qui
1666 4983 1797 5060 eum
1835 4984 2014 5060 Αζίνι-
2117 4984 2259 5060 frico
2275 4985 2429 5060 scitu
2446 5002 2577 5060 non
2610 4985 2894 5060 indigna;
2936 4989 3093 5043 hunc
3116 4983 3274 5044 'vcro
3309 4989 3508 5047 Sancti
3531 4987 3711 5045 Albani

409 5054 2012 5130 Eum.zEl/'rz'cum,El/riéum,Alv’ricumgA[predum,imo
2114 5056 2387 5130 abbatem
2438 5056 2610 5130 fuisse
2665 5054 2800 5130 plus
2829 5074 3015 5130 quam,
3059 5059 3366 5130 probabile
3427 5061 3707 5117 existimat.

411 5133 469 5204 et
491 5127 770 5185 Saxonico
798 5130 963 5185 Atrio
994 5127 1342 5204 quandoque
1371 5127 1684 5199 appellant.
1707 5127 1896 5182 Genus
1925 5127 2014 5204 ip-
2114 5128 2293 5204 Porro
2322 5127 2408 5204 _i_n
2461 5127 2586 5197 ejus
2638 5127 2939 5204 electionis
2986 5127 3244 5204 decreto,
3276 5134 3438 5204 quod
3467 5133 3554 5187 hic
3581 5131 3709 5186 infra
3815 5161 3817 5204 ;

409 5202 867 5278 siu_s,__parentes
909 5197 1031 5255 aut‘
1046 5197 1293 5278 patriam
1327 5197 1500 5278 nemo
1541 5197 2008 5278 commemorat;
2111 5197 2534 5278 exhibebimus,
2577 5197 3322 5278 monach_us,_‘nou_ab_ba§
3363 5205 3702 5278 appellatur;

408 5268 824 5345 nobili—tamen
869 5268 1082 5344 genere
1112 5273 1283 5345 natus
1316 5269 1539 5345 dicitur
1565 5269 1626 5322 in
1659 5269 1901 5345 epistola
1927 5269 2013 5345 ad
2112 5284 2218 5322 nec
2249 5269 2394 5345 ullus
2420 5268 2644 5342 scriptis
2669 5271 2964 5345 mandavit
2993 5271 3134 5345 quid
3166 5271 3353 5329 abbas
3385 5268 3586 5345 egerit,
3627 5275 3704 5345 aut

405 5340 1077 5411 Cantuariensesfquam
1107 5341 1262 5396 infra
1277 5340 1693 5396 exhibebimus.
1733 5341 1793 5393 In
1825 5340 2010 5394 Ahin-
2113 5343 2331 5411 quanto
2379 5340 2648 5411 tempore
2693 5341 2750 5395 id
2783 5357 2995 5397 munus
3009 5340 3264 5398 ‘obierit.
3298 5340 3489 5401 Multis
3511 5340 3704 5411 virtuti:

392 5410 1302 5487 -gdoniensiseuAbbendoniensi
1319 5411 1636 5482 percelebri
1653 5412 2010 5487 monasterio
2112 5410 2237 5487 bus.
2268 5426 2400 5465 eum
2450 5410 2715 5487 ﬂoruisse
2756 5411 2818 5466 in
2869 5415 3226 5487 monasterio
3245 5410 3700 5487 iAbbendoniensi

405 5481 563 5558 quod
611 5487 670 5560 in
714 5503 853 5558 agro
885 5485 1218 5560 Berrocensi
1251 5481 1433 5560 situm
1453 5487 1559 5551 est,
1581 5483 1800 5560 Avitam
1829 5483 2011 5560 egisse
2111 5481 2270 5560 testis
2299 5487 2386 5560 est
2413 5483 2657 5560 epistola
2687 5499 2863 5560 quam
2893 5500 2967 5560 ex_
2986 5485 3208 5560 Nicolai
3241 5483 3700 5560 Harpst'eldiiﬂis-

402 5553 786 5631 monasticam
808 5559 1072 5631 asserunt
1091 5572 1315 5631 omnes,
1347 5554 1510 5631 cujus
1538 5553 1738 5631 etiam
1762 5553 2010 5631 cceriobii
2110 5553 2262 5631 toria
2306 5553 2641 5631 Anglicana
2677 5553 2884 5631 saeculo
2936 5555 3189 5625 decimo,
3226 5553 3419 5630 capite
3461 5557 3695 5631 septimo,

402 5626 580 5697 abbas
627 5628 798 5683 fuisse
858 5627 1086 5682 dicitur.
1141 5628 1302 5680 Hunc
1345 5629 1500 5680 certe
1525 5625 1580 5697 ei
1611 5625 1845 5697 titulum
1881 5628 2010 5696 post
2110 5623 2221 5678 huc
2251 5624 2600 5697 proferimus
2627 5625 2944 5697 integram.

399 5691 1337 5776 )fll‘illelm‘um‘Malmesburiensem
1361 5697 1504 5749 libro
1525 5691 1646 5776 {De
1677 5697 1850 5776 gestis
1861 5691 2012 5776 pon-
2182 5715 2228 5776 «_
2251 5691 2538 5776 Universis
2563 5691 2782 5776 sancta?
2803 5696 3258 5776 pantuarien‘sis
3281 5700 3549 5776 Ecclesiae
3571 5695 3690 5760 ﬁliis,

398 5762 1520 5838 titicumanglorummonceduntomnes
1533 5762 2008 5838 fererccentiores
2113 5788 2141 5814 «
2182 5767 2368 5838 clerus
2398 5768 2456 5820 et
2487 5768 2732 5838 populus
2762 5767 3024 5838 ejusdem
3047 5769 3317 5826 Ecclesiae
3337 5771 3572 5829 devotas
3589 5782 3690 5825 ora-

399 5827 867 5916 ;qnod
892 5836 1099 5916 tamen
1114 5834 1403 5916 inficiatur
1425 5835 1703 5916 tlenricus
1731 5833 2006 5916 Wartbon
2112 5859 2140 5888 ι(
2181 5837 2387 5916 tiones.
2411 5827 2778 5916 Universitati
2790 5827 3000 5916 Vestra:
3017 5827 3686 5916 estcognitnmquantum

396 5894 562 5947 tome
585 5898 605 5949 ι
632 5894 854 5970 Anglice
882 5915 1059 5954 sacrae
1085 5901 1147 5956 in
1191 5902 1598 5959 dissertatione
1626 5905 1908 5978 singulari
1933 5906 2007 5964 de
2109 5928 2138 5958 «
2187 5907 2468 5980 temporis
2487 5894 2596 5978 est,
2617 5925 2686 5965 ex
2700 5924 2816 5982 quo
2831 5894 3228 5969 accidentibus;
3238 5894 3688 5973 isﬁiid'oi—sus

3811 5243 3815 5379 λ
