3900 6216
422 315 548 376 1471
1481 320 1538 375 S.
1558 319 1872 376 IELFBICI.
1915 321 1960 374 A

2214 321 2417 380 FIMUM
2446 325 2660 384 EPISC.
3608 341 3754 400 1472

1186 450 1251 507 Π,
2043 447 2100 508 Α
2127 461 2250 501 sam
2291 448 2680 519 celebrabant,
2731 467 2838 508 nec
2889 454 3318 519 sacramentum
3364 460 3637 533 corporis
3693 464 3754 517 et

495 532 630 588 Post
660 531 870 590 Christi
901 551 1035 591 vero
1070 538 1466 594 ascensionem
1495 540 1551 596 in
1584 559 1828 615 regnum
1857 546 2026 602 οωιο-
2129 535 2428 604 sanguinis
2455 537 2659 593 Christi
2703 541 3207 612 administrabant,
3244 546 3344 602 sed
3385 531 3567 604 boves
3598 549 3751 604 σεῖο-

425 637 578 686 rum,
612 624 669 676 et
697 639 990 680 excessum
1022 627 1434 682 venerabilium
1458 629 1579 699 ejus
1609 635 2023 703 apostolorum,
2127 621 2353 688 "31mm,
2381 642 2556 696 usque
2583 628 2720 682 dum
2754 630 3009 685 Chrisms
3039 637 3173 689 ante
3203 635 3537 707 PaSSionem
3573 655 3745 692 suam

423 712 591 766 tanta
633 712 873 768 excitata
914 717 998 767 est
1035 713 1093 767 in
1129 716 1414 770 terrarum
1458 721 1651 774 medio
1684 724 2020 794 persecutio,
2126 708 2264 799 ξῙῙυά
2333 719 2761 770 sacramentum
2831 720 3306 790 δδηοίίῧοθΝθτδὶ»
3376 723 3744 799 missamquc

421 802 484 853 ut
515 801 586 854 ad
615 801 898 871 synodum
932 804 1274 874 congregari
1295 807 1611 877 nequibant
1631 809 1877 866 ministri
1898 813 1961 866 De

1869 811 2019 879 mei,
2124 795 2518 856 instituerat...
2551 805 2727 859 modo
2756 822 2860 877 per
2885 824 3020 862 eum
3047 808 3210 865 exist.
3245 852 3258 865 .
3291 849 3304 863 .
3346 851 3358 864 .
3399 853 3409 866 .

422 891 742 961 propterea
776 889 930 961 quod
970 906 1173 944 eorum
1215 893 1344 947 vitis
1374 894 1794 954 insidiabantur
1822 903 2022 969 gentes
2853 896 2989 950 Vl".

419 976 699 1044 ethnicus;
749 977 933 1032 donec
985 979 1394 1038 Constantinus
1451 984 1658 1053 (ζωεωι,
1710 986 2017 1060 imperium
2197 976 2580 1034 Constitutum
2615 983 2791 1036 etiam
2814 983 2923 1038 fuit
2964 985 3020 1039 in
3071 987 3276 1041 eadem
3309 989 3533 1059 synodo
3590 992 3653 1044 ut
3693 991 3742 1045 is

421 1064 575 1120 orbis
607 1070 916 1134 assecutus,
950 1067 1303 1125 Christianus
1334 1072 1516 1128 ﬁeret.
2124 1065 2219 1135 qui
2250 1065 2481 1122 viduam
2515 1069 2774 1138 duxerat,
2808 1077 2908 1127 aut
2947 1074 3334 1144 repudiatam,
3378 1080 3480 1130 aut
3519 1076 3596 1131 ad
3645 1094 3738 1132 se-

1182 1162 1272 1216 Ῑιι,
2121 1155 2336 1209 cundas
2357 1157 2582 1228 nuptias
2611 1161 2938 1228 transierat,
2965 1163 3037 1216 ad
3049 1179 3275 1217 sacrum
3293 1164 3564 1218 ordinem
3588 1182 3738 1219 nun-

502 1244 660 1298 Tunc
701 1247 1074 1318 congregavit
1103 1247 1196 1302 ille
1235 1248 1292 1304 in
1325 1249 1512 1306 Nicaea
1545 1252 1766 1311 civitate
1793 1273 2019 1312 cccxvm
2119 1259 2294 1313 quam
2345 1250 2545 1316 Ροδίθδ
2583 1253 2992 1316 assumeretur,
3036 1268 3138 1305 nec
3183 1257 3629 1307 consecraretur
3676 1253 3735 1308 in

414 1330 712 1404 episcopos
741 1351 806 1387 ex
833 1335 1102 1390 omnibus
1122 1337 1449 1393 nationibus
1468 1341 1539 1394 ad
1557 1343 2014 1400 conﬁrmandam
2118 1333 2476 1388 sacePdOlem
2507 1352 2518 1388 ⁵
2553 1337 2651 1390 Sed
2675 1337 2720 1390 ίδ
2744 1339 2839 1410 qni
2871 1343 3039 1392 Casu”
3072 1339 3241 1393 "nius
3264 1340 3456 1394 “xoris
3485 1342 3736 1396 maritus

424 1419 600 1478 ﬁdem
634 1423 996 1478 catholicam.
1029 1425 1207 1479 Erant
1236 1426 1292 1479 in
1326 1427 1432 1481 bac
1463 1431 1678 1499 synodo
1708 1433 1871 1487 multi
1895 1435 2014 1505 epi-
2116 1418 2324 1487 Γυθιέιί»
2353 1423 2426 1477 ad
2452 1426 2672 1478 εθδιυῐη
2715 1425 2978 1480 ordinem
3027 1427 3324 1498 Eligendus
3354 1429 3530 1494 foret,
3561 1429 3735 1498 illita

415 1511 572 1582 scopi
627 1511 952 1583 insignibus
1005 1513 1140 1568 clari
1190 1515 1500 1584 miraculis,
1547 1523 1604 1573 et
1635 1520 1690 1574 hi
1726 1504 1951 1579 missale

2201 1509 2356 1579 quod
2385 1513 2677 1582 apostolus
2701 1514 2910 1568 Paulus
2940 1513 2996 1569 in
3030 1515 3270 1587 epistola
3296 1532 3399 1571 sua
3445 1517 3730 1589 scriptum

423 1597 739 1667 quemdam
788 1601 1169 1668 sacerdotem,
1219 1605 1417 1660 Arium
1457 1608 1714 1677 nomine,
1745 1613 1859 1665 telo
1882 1630 2016 1667 ana-
2117 1596 2368 1652 tradidit

421 1685 695 1740 thematis
719 1688 1193 1758 perstrinxerunt,
1210 1694 1363 1763 quod
1379 1711 1493 1749 non
1527 1698 1790 1753 crederet
1812 1700 2012 1756 Filium
2873 1694 2953 1747 ῙΧ·

420 1775 524 1832 Dei
555 1776 793 1832 viventis
824 1777 881 1832 in
913 1783 1254 1852 perpetuum
1302 1784 1537 1854 mqualis
1581 1802 1702 1840 esse
1742 1789 2013 1857 polentia,
2033 1766 2082 1824 Β
2183 1773 2327 1828 Nulli
2354 1774 2522 1831 liceat
2551 1781 2832 1835 sacerdoti
2861 1781 2927 1835 iis
2956 1781 3231 1836 interesse
3263 1783 3608 1850 nuptiarum
3638 1800 3725 1837 ce-

425 1882 555 1920 cum
588 1868 756 1921 patre
794 1885 894 1922 suo
939 1869 1212 1940 glorioso.
1246 1873 1553 1944 Ipsumque
1585 1874 1760 1946 igitur
1784 1878 2010 1932 satana,
2113 1863 2494 1931 lehritatibus,
2523 1868 2580 1922 in
2603 1869 2808 1941 quibus
2831 1873 2928 1925 aut
2942 1871 3208 1926 secundae
3238 1873 3322 1926 vir
3343 1873 3509 1926 uxori
3532 1871 3727 1945 jungi-

420 1953 784 2009 tradiderunt
814 1973 1017 2011 omnes
1051 1975 1063 2011 :
1099 1960 1196 2014 sed
1228 1958 1273 2014 is
1316 1960 1499 2016 noluit
1543 1963 1895 2034 resipiscere,
1926 1983 2007 2020 us-
2112 1953 2225 2018 tur,
2255 1957 2353 2007 aut
2374 1956 2626 2010 Secundo
2659 1957 2778 2011 νίτο
2805 1958 3058 2027 femina;
3079 1961 3284 2015 ιιθονθι
3307 1960 3515 2015 “iidem
3543 1961 3729 2015 bene"

418 2043 672 2114 quedum
705 2043 883 2098 effusa
907 2061 1038 2101 cum
1071 2049 1193 2102 alvo
1228 2048 1500 2104 intestina
1530 2067 1631 2105 sua
1657 2051 1713 2106 in
1740 2053 1958 2109 latrina1

2185 2057 2322 2110 :ere,
2354 2047 2415 2096 ut
2438 2045 2741 2099 admonuit
2770 2063 2924 2100 eum.
2958 2088 2971 2101 .
3011 2090 3022 2103 .
3060 2088 3074 2103 .
3112 2092 3124 2105 .
3165 2092 3176 2102 .
3213 2088 3228 2103 .
3267 2090 3280 2102 .
3318 2048 3400 2102 ita
3453 2049 3616 2120 quod
3664 2050 3725 2103 in

406 2130 646 2189 viderat,
2109 2131 2367 2186 castitate
2409 2132 2640 2203 degant.
2694 2134 2783 2188 Sic
2837 2136 3101 2191 doctores
3162 2137 3540 2209 scripserunt,
3593 2138 3729 2192 licet

1165 2229 1251 2281 Iv.
2109 2219 2411 2290 Apostolus
2443 2222 2668 2276 veniam
2697 2224 2928 2279 cesserit
2954 2225 3163 2279 iterum
3181 2225 3429 2280 ducendi
3452 2243 3722 2291 uxorem,

481 2310 543 2362 In
581 2309 687 2363 hac
719 2312 940 2382 synodo
976 2312 1232 2369 instituta
1265 2318 1371 2371 fuit
1401 2322 1611 2373 sancta!
1652 2320 1911 2375 Ecclesiae
1944 2321 2009 2375 li-

2196 2324 2335 2362 uxor
2364 2309 2503 2379 ejus.
2543 2351 2555 2363 .
2592 2353 2604 2364 .
2643 2355 2654 2367 .
2693 2351 2706 2364 .
2739 2351 2755 2366 .
2787 2312 3053 2368 Cauones
3074 2314 3414 2384 autemjam
3436 2319 3567 2368 tum
3591 2330 3724 2384 pro-

421 2396 632 2468 turgia,
678 2401 735 2452 ει
782 2399 913 2454 ﬁdei
966 2402 1304 2473 symbolum
1338 2422 1451 2478 quo
1481 2406 1540 2460 in
1572 2406 1745 2462 missa
1769 2407 2006 2477 utimur,
2108 2395 2310 2450 hibent
2337 2397 2823 2463 benedictionem,
2851 2405 2909 2455 et
2937 2400 3220 2470 ejusmodi
3251 2401 3724 2456 connubentibus

412 2487 806 2558 nonnullaque
834 2488 946 2544 alia
975 2491 1048 2547 ad
1086 2493 1303 2547 cultum
1335 2497 1391 2547 et
1421 2494 1709 2550 servitium
1739 2497 1836 2553 Dei
1870 2514 1952 2570 pel

1523 2494 1709 2550 vitium
1739 2497 1836 2553 Dei
1870 2514 2006 2570 per-
2109 2482 2418 2556 imponunt
2438 2486 2614 2542 etiam
2643 2488 3063 2558 pasnitentiam.

403 2573 672 2630 tinentia.
2877 2577 2937 2631 Χο

1165 2670 1224 2722 ν,
2180 2661 2415 2734 Septem
2447 2664 2657 2735 gradus
2688 2663 2978 2719 constituti
3005 2668 3138 2719 sunt
3163 2664 3220 2720 in
3264 2666 3518 2722 Ecclesia
3554 2686 3567 2722 :
3604 2670 3716 2741 pri-

484 2751 874 2809 Decreverunt
917 2755 1044 2828 jam
1095 2761 1219 2812 tum
1253 2775 1457 2814 omnes
1494 2761 1754 2818 unanimi
1786 2765 2001 2836 cogita-
2105 2767 2255 2818 mus,
2281 2751 2579 2821 ostiarius;
2610 2753 3108 2821 secundus,lector
3130 2771 3144 2821 ;
3169 2755 3714 2824 tertius,exorcista;

412 2844 572 2900 tione
604 2847 666 2898 ut
697 2860 885 2915 neque
916 2844 1234 2918 episc0pns,
1256 2865 1443 2920 neque
1456 2850 1720 2906 sacerdos
1738 2853 1999 2921 missalis,
2104 2845 2360 2914 quartus,
2394 2843 2716 2914 εεοιῖηιυδέ
2752 2845 3004 2916 ςυὶιιῐιιε,
3035 2845 3454 2914 ευῢάίδοοιιυε;
3504 2853 3712 2913 sextus,

405 2949 593 3006 neque
626 2933 924 3004 diaconus,
959 2954 1063 2992 nec
1085 2937 1181 3009 qui
1213 2954 1343 2992 vere
1365 2941 1449 2992 est
1466 2941 1794 3009 canonicos,
1827 2941 1883 2996 in
1898 2943 1998 2998 do-
2104 2930 2415 2999 diaconus;
2442 2931 2745 3004 septimus:
2779 2933 3094 3004 PreSbYter-

398 3037 497 3076 mo
525 3039 626 3077 sua
670 3039 864 3079 secum
922 3024 1167 3081 haberet
1206 3026 1457 3099 aliquam
1510 3029 1834 3098 mulierem,
1892 3032 2068 3110 nisic
2284 3109 2293 3110 ί
2372 3108 2379 3110 _
2460 3108 2467 3110 _
2819 3020 2942 3110 νΧῙι

398 3113 649 3167 ηιειιιιθηι
690 3113 778 3167 vel
819 3130 1078 3169 sororem
1127 3133 1313 3179 suam,
1347 3117 1582 3172 amitam
1617 3121 1702 3174 νει
1733 3124 1999 3179 τηειετιο-
2035 3108 2066 3110 “
2175 3113 2226 3162 1.
2268 3108 2541 3165 Ostiarius
2586 3113 2671 3164 est
2724 3109 3004 3166 ostiorum
3049 3113 3252 3183 templi
3301 3130 3403 3169 seu
3460 3115 3714 3171 ecclesia

395 3214 523 3256 ram
564 3217 761 3268 suam;
797 3206 855 3257 et
883 3202 980 3274 qui
1026 3203 1193 3259 aliter
1237 3204 1458 3272 fecerit,
1491 3207 1696 3262 ordine
1727 3213 1784 3264 et
1812 3227 1935 3280 grat

2172 3200 2309 3267 stos,
2331 3197 2428 3269 qui
2461 3214 2880 3270 campauarum
2909 3200 3102 3254 sonitu
3127 3200 3401 3272 designat
3417 3205 3710 3276 tempora,

391 3305 494 3345 suo
522 3289 862 3362 privaretur.

2171 3286 2474 3359 .elibusque
2507 3287 2756 3342 ecclesiae
2779 3288 2931 3344 fores
2958 3289 3165 3360 aperit,
3200 3289 3534 3346 infidelibus
3576 3309 3711 3348 vero

1145 3366 1229 3421 Vl.
2095 3375 2358 3430 occludit.

465 3452 837 3510 Considerate
858 3454 1033 3527 igitur
1062 3456 1239 3528 digna
1267 3457 1388 3511 hac
1419 3457 1636 3513 auditu.
1667 3459 1807 3515 Cum
1834 3461 1988 3516 enim
2837 3466 2951 3520 XII.

388 3542 700 3598 habueritis
730 3545 980 3600 ecclesiis
1003 3549 1201 3600 vestrae
1227 3545 1986 3614 sollicitudinem,econtra-
2166 3559 2218 3612 2.
2253 3556 2454 3610 Lector
2510 3555 2555 3610 is
2604 3559 2688 3612 est
2739 3556 2836 3628 qui
2886 3557 3028 3628 legit
3084 3557 3140 3611 in
3191 3558 3434 3614 ecclesia
3479 3558 3602 3626 Dei,
3637 3561 3710 3614 ad

387 3631 494 3688 rio.
538 3674 552 3687 .
604 3674 616 3686 .
662 3674 676 3689 .
721 3673 736 3686 .
781 3673 796 3688 .
839 3634 1067 3692 adduct.
1115 3679 1125 3690 .
1175 3678 1186 3689 .
1234 3677 1246 3689 .
1289 3681 1300 3692 .
1350 3678 1362 3689 .
1409 3678 1421 3690 .
1470 3680 1482 3694 .
1531 3679 1543 3692 .
1587 3638 1750 3710 quasi
1769 3639 1990 3710 pericu-
2087 3643 2198 3699 hoc
2229 3643 2403 3698 etiam
2429 3643 2730 3699 ordinatus
2755 3648 2816 3699 ut
2845 3644 3086 3700 verbum
3117 3645 3215 3701 Dei
3249 3647 3467 3719 populo
3493 3647 3707 3718 praedi-

388 3720 575 3776 losum
616 3738 733 3777 non
775 3727 943 3790 esset,
977 3725 1337 3779 sacerdotem
1367 3725 1556 3780 vivere
1595 3742 1758 3781 more
1787 3728 1984 3797 conju-
2087 3734 2196 3790 cet.

387 3807 508 3879 gati
539 3810 650 3875 [vel
681 3809 936 3866 hominis
965 3813 1194 3884 plebei].
1248 3811 1362 3868 Sed
1407 3812 1610 3871 dicetis
1661 3829 1792 3870 eum
1833 3814 1986 3870 haud
2820 3823 2956 3876 XIII.

387 3913 552 3969 posse
603 3914 804 3954 carere
844 3901 1224 3956 muliebribus
1275 3901 1535 3955 servitiis.
1592 3902 1935 3976 Respondeo
1968 3921 1980 3958 :
2159 3913 2207 3964 3.
2245 3909 2533 3964 Exorcista
2564 3909 2721 3964 idem
2748 3913 2834 3964 est
2857 3910 2950 3982 qui
2993 3908 3284 3980 malignos
3325 3909 3560 3980 spiritus
3591 3911 3697 3966 ho-

385 3985 653 4050 Quonem
685 3990 854 4057 pacto
881 3987 1060 4043 vitam
1082 3991 1494 4059 transegerunt
1512 3991 1690 4046 sancti
1719 3991 1855 4046 olim
1878 3991 1982 4046 viri
2086 3996 2272 4052 mines
2303 3997 2626 4054 cruciantes
2670 3997 3091 4070 omnipotentis
3132 3998 3233 4052 Dei
3289 3997 3532 4053 nomine
3565 4015 3704 4071 pro-

383 4073 600 4145 absque
628 4074 849 4130 femina
892 4077 980 4130 vel
1018 4092 1216 4143 uxore,
1263 4077 1359 4148 qui
1395 4076 1454 4131 in
1485 4079 1814 4134 mercedem
1843 4080 1979 4135 casti
2083 4085 2206 4140 dire
2237 4102 2306 4140 ex
2331 4085 2545 4140 eisdem
2581 4086 2906 4158 adjurando
2940 4084 3111 4157 cogit.

383 4161 468 4215 sui
498 4162 679 4216 animi
707 4163 822 4216 vita
853 4180 1006 4218 nunc
1027 4163 1300 4219 fruuntur
1327 4167 1679 4238 sempiterna
1701 4169 1729 4223 ?
1761 4169 1848 4225 Ad
1871 4171 1980 4226 hoc
2824 4173 2954 4228 XIV.

379 4247 572 4304 dicent
601 4250 925 4306 sacerdotes
954 4253 1187 4307 Petrum
1202 4253 1465 4310 habuisse
1483 4272 1738 4312 uxorem.
1767 4258 1976 4314 Verum
2148 4267 2202 4318 4.
2234 4263 2501 4334 Acolytus
2530 4262 2742 4317 dicitur
2770 4263 2866 4335 qui
2898 4262 3203 4316 candelam
3237 4263 3323 4316 vel
3349 4278 3587 4318 cereum
3611 4281 3695 4319 ac-

378 4338 496 4404 est;
532 4336 636 4392 sub
661 4338 788 4410 lege
820 4338 978 4395 enim
1021 4342 1222 4409 veteri,
1264 4342 1400 4397 dum
1436 4343 1494 4399 in
1536 4344 1740 4402 Christi
1789 4338 2048 4403 adhucD
2077 4369 2315 4407 censum
2346 4352 2478 4419 fert,
2511 4352 2648 4406 dum
2683 4349 3050 4422 evangelium
3072 4350 3286 4420 legitur
3315 4351 3374 4404 in
3399 4352 3499 4406 Dei
3520 4351 3691 4406 mini-

375 4439 493 4483 n‘on
524 4428 772 4484 venisset
799 4428 1150 4499 clientelam,
1179 4433 1328 4488 bene
1359 4433 1408 4489 ei
1441 4433 1601 4489 licuit
1634 4453 1646 4490 :
1679 4437 1976 4509 quampri-
2077 4441 2272 4509 sterio,
2313 4441 2404 4495 vel
2452 4440 2592 4494 dum
2645 4439 2913 4494 sacerdos
2965 4441 3402 4493 sacramentum
3435 4441 3694 4509 corporis

371 4533 536 4573 mum
566 4521 760 4574 autem
790 4520 972 4576 factus
1002 4525 1087 4577 est
1117 4522 1426 4596 discipulus
1456 4525 1684 4593 Christi,
1712 4526 1809 4598 qui
1855 4542 1975 4581 cas-
2075 4529 2305 4584 Domini
2331 4529 2404 4583 ad
2436 4530 2616 4583 altare
2651 4530 2983 4595 consecrat;
3018 4543 3134 4581 non
3163 4526 3246 4580 ita
3269 4531 3472 4581 tamen
3495 4528 3566 4581 ad
3598 4544 3692 4581 ar-

371 4608 550 4662 titatis
603 4611 933 4681 exemplum
975 4613 1241 4685 praebuit,
1289 4629 1524 4670 uxorem
1584 4615 1891 4692 dereliquit
1920 4621 1977 4671 et
2075 4619 2326 4674 cendum
2352 4618 2697 4689 caliginosas
2721 4617 3010 4671 tenebras.
3054 4614 3154 4669 sed
3205 4614 3278 4668 ad
3310 4614 3688 4669 indicandum

372 4695 671 4752 mundana
701 4699 916 4755 omnia.
2074 4723 2144 4763 eo
2172 4707 2391 4761 lumine
2423 4704 2867 4772 beatitudinem,
2919 4704 2991 4758 ad
3037 4700 3328 4757 Christum
3387 4703 3686 4757 honoran-

1136 4791 1247 4846 Vll.
2074 4798 2236 4862 dum,
2269 4795 2367 4868 qui
2393 4797 2477 4849 est
2498 4793 2700 4850 lumen
2723 4796 3008 4847 nostrum.

437 4879 498 4931 In
529 4877 656 4949 lege
676 4880 854 4935 veteri
884 4881 1140 4952 pontifici
1169 4881 1329 4938 licuit
1350 4898 1588 4938 uxorem
1617 4882 1722 4937 sibi
1743 4899 1969 4939 sumere

366 4981 574 5036 puram
598 4966 908 5041 virginem,
941 4973 1002 5026 et
1025 4987 1092 5026 ex
1123 4987 1191 5026 ea
1221 4971 1449 5043 prolem
1491 4971 1764 5028 suscitare
1789 4989 1968 5045 usque
2140 4979 2192 5030 5.
2229 4963 2632 5029 Subdiaconus
2645 4971 2703 5025 is
2736 4971 2821 5024 est
2841 4969 2936 5042 qui
2971 4969 3216 5024 diacono
3247 4983 3382 5037 vasa
3412 4966 3682 5038 porrigit,

367 5065 425 5121 in
459 5059 686 5130 tempus
734 5058 1138 5127 constitutum,
1191 5064 1501 5135 prepterea
1547 5062 1702 5136 quod
1757 5079 1823 5119 ex
1853 5080 1968 5120 una
2067 5067 2125 5118 et
2154 5063 2315 5119 omni
2341 5078 2472 5116 cum
2502 5059 2829 5114 humilitate
2857 5057 2929 5112 ad
2970 5057 3149 5112 altare
3185 5057 3449 5110 sanctum
3489 5055 3681 5110 eidem

363 5146 593 5202 tantum
643 5145 867 5203 familia
901 5149 975 5204 ad
1022 5150 1297 5206 eumdem
1336 5150 1626 5218 ordinem,
1664 5153 1723 5206 et
1749 5168 1864 5210 non
1898 5169 1964 5207 ex
2064 5151 2403 5213 famulatur,
2449 5165 2580 5205 vasa
2629 5147 3073 5203 subministrans
3120 5143 3193 5198 ad
3245 5146 3679 5199 sacramentum

361 5232 476 5289 alia
522 5250 781 5306 unquam
839 5237 1362 5309 consanguinitate,
1411 5240 1770 5311 cooptandus
1817 5243 1966 5296 esset
2064 5239 2322 5312 corporis
2342 5237 2570 5294 Domini
2601 5235 2782 5291 nostri
2813 5232 3184 5306 pertinentia.

361 5322 640 5393 pontifex.
669 5323 781 5378 Nec
799 5327 994 5379 tamen
1017 5326 1175 5380 iicuit
1198 5327 1415 5397 pluries
1431 5344 1606 5401 quam
1626 5330 1805 5384 semel
1827 5346 1964 5384 uxo-
2796 5322 2929 5377 XVI-

356 5425 482 5465 rem
518 5411 748 5479 ducere,
782 5429 888 5467 nec
904 5413 1053 5469 hanc
1078 5414 1310 5470 viduam
1329 5420 1428 5472 aut
1449 5417 1960 5489 repudiatam,sed,
2135 5423 2166 5474 6
2234 5417 2521 5471 Diaconos
2566 5417 2654 5493 est
2685 5413 2781 5486 qui
2840 5410 3051 5466 missali
3087 5409 3370 5464 sacerdoti
3404 5412 3488 5462 est
3535 5409 3677 5463 ami-

359 5501 421 5552 ut
441 5500 694 5570 jamjam
719 5501 985 5568 diximus,
1021 5519 1224 5575 puram
1258 5505 1560 5576 virginem.
1597 5509 1748 5562 Bene
1765 5510 1960 5562 tamen
2065 5505 2322 5567 nisterio,
2353 5505 2673 5560 oblationes
2693 5517 2863 5572 super
2894 5499 3057 5554 altari
3075 5497 3255 5570 ponit,
3277 5500 3336 5550 et
3369 5496 3426 5549 in
3454 5495 3673 5550 divino-

365 5587 468 5639 sub
496 5587 564 5641 iis
595 5589 819 5644 saeculis
848 5606 1025 5646 uxore
1056 5593 1425 5650 fruerentur:
1460 5611 1645 5666 neque
1673 5595 1829 5650 enim
1849 5597 1978 5650 mis-
2065 5611 2198 5649 rum
2230 5593 2620 5649 celebratione
2646 5589 3019 5662 evangelium
3051 5586 3290 5659 legit.Ei
3309 5583 3675 5655 liceatbapti-
