3900 6216
163 599 278 665 1473

1626 571 1966 637 CANONES.

3309 578 3328 632 l
3339 575 3444 636 474

162 746 289 803 ωε,
318 725 642 802 populoque
665 733 892 778 coenam
921 711 1154 773 Domini
1182 709 1736 803 exhibere_.........,..
1762 709 1814 769 Α
1839 705 1960 803 rale
1989 702 2138 800 item.
2160 699 2432 803 pitidum,
2460 703 2524 757 ut
2560 697 2765 756 Christi
2791 699 3061 756 convenit
3089 699 3434 758 ministerio.

161 796 410 878 Salvatori
447 796 751 875 deservire,
793 810 852 863 et
903 806 1032 860 vitae
1070 801 1312 859 caelestis
1356 799 1640 854 rationem
1678 796 1738 850 in

163 908 388 964 castitate
413 904 623 969 colere,
654 903 712 954 et
732 896 950 953 omnia.
985 935 996 948 .
1031 935 1044 947 .
1083 935 1096 949 .
1131 932 1146 947 .
1184 934 1196 946 .
1230 890 1374 945 sicut
1404 886 1738 943 decetillum

162 996 420 1054 ordinem.
447 990 726 1048 Sacerdos
763 985 858 1058 qui
901 985 1158 1038 versatur
1212 980 1426 1050 absque
1474 976 1736 1040 diacono,

160 1101 350 1142 nomen
377 1083 557 1147 tenet,
589 1096 708 1133 non
743 1071 1152 1130 ministerium.

857 1161 1013 1217 XVII.

218 1269 265 1320 7.
297 1259 597 1330 Presbyter
649 1257 734 1309 est
777 1250 1044 1306 sacerdos
1082 1245 1345 1311 missalis,
1393 1245 1490 1298 aut
1528 1241 1738 1305 senior,

163 1367 259 1406 non
281 1365 314 1403 a
334 1329 649 1410 senectute,
675 1339 776 1395 sed
802 1338 955 1411 quod
987 1335 1150 1391 senili
1181 1333 1396 1405 gaudet
1415 1329 1737 1403 prudentia.

162 1437 290 1493 Illius
308 1439 391 1491 est
411 1449 618 1505 corpus
631 1427 865 1485 Domini
903 1426 962 1480 in
989 1424 1361 1479 Sacramento
1411 1433 1742 1473 consecrare

163 1526 343 1581 eodem
357 1523 533 1579 modo
557 1537 671 1592 quo
695 1519 959 1574 Salvator
979 1515 1099 1585 ipse
1127 1510 1386 1566 instituit.
1415 1509 1545 1579 Ejus
1575 1508 1660 1561 est
1686 1507 1747 1559 ut

165 1614 411 1685 populum
446 1611 619 1665 ducat
649 1607 722 1662 ad
739 1605 1083 1660 fidem.cum
1115 1604 1172 1654 et
1199 1597 1587 1670 praedicando,
1620 1598 1744 1648 tum

164 1707 210 1757 et
225 1718 371 1756 sacra
392 1695 716 1754 ministeria
745 1696 898 1749 caste
911 1687 1297 1760 exsequendo,
1319 1681 1657 1741 Christianis
1686 1698 1746 1735 se

164 1790 464 1861 exemplum
495 1785 785 1858 prabens,
812 1783 869 1836 et
892 1779 1070 1833 vitam
1093 1792 1270 1849 agens
1302 1791 1417 1829 non
1446 1789 1550 1844 pro
1583 1787 1746 1825 more

164 1878 431 1932 laicorum.
494 1873 658 1927 Hand
715 1868 892 1943 pluris
949 1867 1190 1920 interest
1247 1865 1398 1918 inter
1457 1861 1747 1915 missalem

165 1965 538 2036 presbyterum
570 1965 628 2015 et
669 1959 1005 2030 episcopum
1040 1969 1211 2025 quam
1258 1951 1412 2023 quod
1452 1949 1749 2019 episcopus

1840 793 2020 848 Nemo
2045 789 2339 865 quidpiam
2365 789 2603 861 impune
2623 789 2882 861 proferat
2901 790 3052 860 quod
3079 806 3195 845 non
3213 806 3444 862 semper

1840 881 2083 952 dignum
2113 880 2287 936 fuerit
2319 878 2472 950 apud
2505 879 2706 946 Deum,
2755 881 2817 932 ut
2854 877 2906 932 ei
2945 877 3174 945 serviat,
3216 896 3350 936 cum
3379 879 3440 935 in

1841 967 2170 1041 prudentia,
2209 970 2334 1021 tum
2363 967 2420 1020 in
2453 966 2722 1037 puritate.

2556 1054 2731 1112 XXIII.

1912 1147 2217 1218 Presbyter
2237 1143 2548 1210 etiam,seu
2578 1142 2819 1198 missalis
2848 1145 3132 1214 sacerdos,
3150 1146 3210 1201 in
3242 1146 3444 1204 diebus

1842 1234 1987 1290 Solis
2011 1238 2070 1290 et
2099 1233 2442 1297 missalibus,
2482 1230 2767 1301 evangelii
2797 1230 2918 1301 ejus
2947 1233 3303 1290 intellectum
3339 1253 3440 1306 po-

1843 1326 1977 1396 pulo
2005 1323 2155 1378 dicet
2179 1321 2440 1393 Anglice,
2461 1324 2519 1375 et
2538 1321 2796 1390 ipsorum
2817 1321 2992 1375 etiam
3010 1322 3181 1380 Pater
3193 1332 3367 1379 noster
3383 1328 3443 1380 et

1846 1410 2017 1469 Credo
2041 1410 2210 1464 toties
2231 1409 2454 1481 quoties
2483 1407 2697 1479 poterit
2719 1408 2791 1462 ad
2821 1424 2917 1462 eos
2951 1408 3313 1467 instruendos
3339 1413 3443 1468 ad-

1845 1501 2149 1565 hibere,et
2188 1501 2245 1552 ut
2288 1497 2625 1569 Symbolum
2668 1496 2800 1550 fidei
2843 1498 3180 1553 memoriter
3203 1501 3444 1568 discant,

1848 1589 2337 1660 christianamque
2366 1604 2530 1642 suam
2564 1591 2803 1641 teneant
2842 1586 3285 1657 confessionem,
3320 1607 3447 1645 mo-

1848 1682 2023 1733 nente
2063 1677 2173 1733 hoc
2213 1676 2484 1743 Domino,
2519 1692 2633 1729 una
2678 1677 2735 1729 et
2769 1675 3054 1746 propheta
3103 1675 3402 1749 inquiente
3434 1695 3447 1734 :

1850 1766 2019 1821 Canes
2049 1766 2190 1819 muti
2224 1781 2330 1818 non
2363 1771 2588 1834 possunt
2628 1764 2827 1818 latrare
2873 1762 3006 1836 (lsa.
3039 1767 3173 1834 ιιι).
3207 1766 3452 1837 Oportet

1851 1872 1954 1910 nos
1981 1855 2191 1908 latrare
2221 1856 2279 1905 et
2309 1851 2597 1907 exhortari
2620 1850 2812 1918 laicos,
2835 1868 2906 1906 ne
2929 1852 3077 1907 forte
3094 1870 3200 1924 pro
3222 1854 3449 1911 defectu

1851 1941 2239 1998 instructionis
2279 1941 2590 2013 perdamus
2619 1956 2735 1994 eos.
2767 1940 2849 1995 De
2891 1941 3185 2012 insipienti
3217 1943 3452 2000 doctore

165 2022 478 2108 constitutus
505 2050 580 2104 sit
617 2048 691 2103 ad
704 2022 1113 2102 ordinationes
1144 2022 1542 2102 conferendas,
1573 2039 1630 2090 et
1678 2035 1749 2089 ad
1777 2022 1826 2081 Β
1852 2032 1932 2087 ait
1963 2031 2213 2087 Christus
2244 2029 2302 2084 in
2348 2028 2657 2098 Evangelio
2693 2045 2706 2083 :
2737 2027 2922 2084 σανίδας
2950 2031 3000 2082 si
3033 2046 3168 2087 caeco
3192 2030 3449 2087 ducatum

165 2140 508 2206 visitandum,
566 2153 666 2191 seu
713 2128 1157 2204 inspiciendum,
1196 2127 1634 2197 curandumque
1683 2141 1751 2178 ea
1842 2119 2251 2192 praestet,ambo
2290 2120 2344 2172 in
2367 2118 2579 2187 foveam
2610 2117 2806 2172 cadunt
2831 2116 2985 2185 (Luc.
3014 2121 3110 2174 νιν.
3141 2118 3334 2175 Caecus
3365 2126 3451 2176 est

166 2247 272 2302 qua:
321 2229 390 2283 ad
424 2229 608 2283 Deum
659 2222 954 2295 pertinent
1001 2218 1141 2289 ('Ilei
1165 2214 1320 2288 jura)
1351 2215 1506 2286 quod
1556 2212 1751 2267 nimias

167 2318 468 2374 crederetur
520 2309 901 2378 multitudini,
957 2309 1002 2362 si
1051 2305 1238 2362 omnis
1289 2303 1587 2376 presbyter
1642 2302 1751 2356 hoc

167 2406 298 2461 idem
327 2405 564 2460 faceret.
592 2399 780 2456 Ambo
820 2395 1105 2470 siquidem
1146 2409 1328 2448 unum
1361 2395 1564 2447 tenent
1588 2405 1750 2445 eum-

169 2493 388 2566 demque
409 2491 700 2557 ordinem,
753 2484 1013 2560 quamvis
1064 2482 1293 2555 dignior
1342 2479 1414 2536 sit
1466 2479 1563 2534 illa
1617 2494 1752 2550 pars

169 2580 410 2655 episcOpi.

860 2664 1038 2719 XVIII.

229 2760 342 2817 Non
372 2762 455 2816 est
503 2757 651 2815 alius
693 2754 835 2812 ordo
877 2749 1215 2807 constitutus
1254 2746 1313 2802 in
1361 2742 1753 2802 ecclesiasticis

172 2850 478 2907 ministeriis
507 2849 723 2921 praeter
754 2843 1110 2899 memoratos
1135 2840 1356 2908 septem
1388 2835 1544 2898 istos,
1566 2834 1756 2889 Mona-

171 2941 387 2996 chorum
417 2941 474 2993 et
503 2935 786 2991 abbatum
831 2931 1034 2985 classes
1063 2925 1294 2982 alterius
1339 2925 1472 2978 sunt
1503 2921 1753 2994 generis,

175 3030 222 3083 et
248 3044 421 3100 neque
453 3023 578 3081 istis
607 3020 1090 3082 annumerantur,
1123 3030 1312 3086 neque
1343 3010 1557 3066 ordinis
1582 3009 1758 3064 alicu-

173 3117 249 3187 jus
275 3098 481 3172 nomen
538 3111 824 3168 obtinent.
856 3105 1003 3162 Dicti
1050 3106 1245 3159 autem
1286 3100 1518 3156 ordines
1578 3098 1758 3153 sancti

175 3209 308 3272 sunt,
337 3208 393 3260 et
417 3201 744 3275 perducunt
773 3195 1241 3270 presbyterorum
1271 3205 1504 3245 suorum
1538 3186 1761 3242 animas

178 3293 239 3348 ad
263 3290 677 3349 beatitudinem
705 3287 750 3342 si
781 3300 923 3358 pure
953 3283 1282 3338 teneantur.

894 3373 1019 3428 XIX.

236 3474 313 3530 Ad
343 3471 707 3546 presbyteros
731 3465 974 3538 spectat,
1006 3463 1064 3515 et
1081 3457 1378 3515 ministros
1404 3453 1505 3510 Dei
1536 3468 1763 3521 omnes,

181 3565 234 3618 ut
253 3543 544 3619 ecclesiam
575 3571 739 3612 suam
768 3554 965 3608 sancto
999 3549 1193 3604 colant
1223 3544 1518 3616 obsequio,
1543 3543 1764 3613 septem

179 3650 229 3707 in
255 3669 316 3706 ea
350 3647 614 3706 horarios
657 3645 858 3700 cantus
901 3638 1171 3711 psallant,
1206 3638 1269 3690 ut
1307 3651 1341 3688 a
1385 3631 1604 3705 synodo
1635 3645 1768 3685 con-

185 3740 424 3796 stitutum
476 3739 586 3803 est,
630 3733 690 3789 id
738 3733 824 3788 est
872 3731 1074 3784 cantus
1126 3725 1522 3789 antelucanus,
1569 3721 1770 3776 cantus

186 3828 502 3894 matutinus,
548 3824 749 3880 cantus
796 3817 1099 3884 tertianus,
1129 3814 1215 3869 vel
1274 3813 1347 3868 ad
1399 3813 1608 3866 horam
1661 3807 1772 3863 diei

185 3918 418 3985 tertiam,
455 3915 660 3971 cantus
714 3905 1092 3969 meridianus,
1145 3905 1346 3958 cantus
1401 3899 1646 3967 nonalis,
1684 3897 1775 3952 vel

188 4006 252 4062 ad
277 4007 477 4063 horam
512 4016 733 4058 nonam
763 3997 899 4064 diei,
932 3997 1132 4050 cantus
1160 3989 1545 4065 vespertinus,
1576 3989 1777 4044 cantus

185 4098 501 4162 nocturnus,
536 4089 634 4164 qui
661 4093 719 4144 et
742 4086 1037 4158 septimus.

929 4173 1032 4229 XX.

246 4275 532 4332 Tenentur
558 4270 619 4327 hi
664 4267 839 4325 etiam
871 4279 1068 4336 preces
1105 4258 1365 4318 obnixius
1405 4257 1646 4313 fundere
1677 4270 1781 4327 pro

191 4379 316 4435 rege
341 4367 398 4420 et
419 4364 682 4437 ipsorum
711 4356 1002 4428 episcopo,
1033 4350 1210 4407 etiam
1242 4365 1348 4422 pro
1386 4346 1499 4402 suis
1545 4344 1784 4401 benefa-

190 4453 425 4509 ctoribus
451 4454 511 4508 et
537 4465 641 4521 pro
673 4444 834 4503 omni
866 4443 1082 4514 populo
1110 4437 1458 4495 Christiano.

916 4530 1043 4585 XXI.

256 4629 494 4687 Habebit
541 4627 719 4682 etiam
782 4619 1084 4693 presbyter
1128 4614 1394 4693 quilibet,
1423 4610 1787 4693 _prius_quam

197 4685 478 4757 ordinatus
508 4697 702 4763 fuerit,
731 4685 894 4749 arma
914 4685 988 4744 ad
1012 4685 1165 4761 opus—
1182 4685 1476 4758 spirituale
1501 4685 1792 4754 pertinen-

195 4789 284 4858 tia,
312 4789 576 4845 videlicet
604 4783 828 4840 codices
857 4789 1070 4844 sacrOs,
1088 4776 1147 4832 id
1175 4776 1260 4830 est
1289 4770 1649 4846 psalterium,
1668 4769 1796 4840 Epi-

196 4879 459 4934 stolarum
491 4876 729 4941 librum,
759 4873 818 4925 et
848 4869 1062 4924 librum
1094 4861 1558 4935 Evangeliorum,
1583 4859 1795 4912 librum

196 4965 489 5032 Missalem,
532 4962 710 5016 libros
763 4956 1154 5015 Canticorum,
1195 4951 1406 5005 librum
1453 4945 1793 5013 Mauualem,

199 5069 286 5108 seu
332 5050 769 5125 Enchyridium,
818 5047 1011 5119 gerim,
1050 5039 1465 5101 Passionalcm,
1509 5035 1797 5090 Pusnitcn-

203 5141 389 5197 tialem
403 5145 460 5197 et
475 5123 922 5196 Sectionarium.
954 5133 1083 5186 Haec
1104 5127 1392 5183 uthabeat
1415 5123 1800 5179 necessarium

203 5235 304 5298 est;
338 5237 393 5286 et
417 5232 578 5286 curet
602 5226 903 5299 presbyter
934 5220 1242 5292 diligenter
1279 5218 1344 5269 ut
1383 5216 1647 5268 accurate
1677 5227 1802 5266 om-

204 5318 292 5373 nia
316 5320 427 5375 sint
458 5320 738 5382 correcta,
775 5317 832 5368 et
865 5329 898 5366 a
928 5309 1251 5364 scribarum
1280 5303 1431 5359 vitiis
1457 5303 1722 5357 liberata.

921 5399 1073 5453 XXII.

273 5513 520 5571 Habebit
542 5511 720 5568 etiam
742 5504 994 5564 missalia
1011 5501 1447 5568 vestimenta,ut
1466 5499 1580 5552 Deo
1603 5493 1810 5550 serviat

207 5608 368 5671 prout
389 5604 575 5671 decet,
598 5597 914 5655 honorifice
940 5611 953 5649 :
983 5609 1090 5646 nec
1111 5590 1222 5644 sint
1251 5606 1320 5643 ea
1342 5586 1595 5653 mucida,
1621 5600 1695 5638 ne
1720 5583 1811 5638 vel

207 5691 782 5764 aliquantulum.......
835 5689 893 5740 et
943 5679 1136 5737 altaris
1176 5677 1354 5732 etiam
1384 5674 1560 5746 pallia
1595 5671 1811 5727 affabre

209 5762 314 5835 sint
329 5778 775 5838 contexta.Calix
793 5776 914 5847 ejus
939 5790 968 5827 e
991 5786 1137 5844 pura
1157 5772 1179 5791 '
1203 5782 1319 5821 una
1340 5763 1585 5820 materia
1603 5762 1807 5828 factus,

204 5870 486 5940 putredini
503 5885 625 5926 non
645 5863 931 5923 obnoxia:
958 5861 1016 5916 et
1034 5857 1114 5913 sic
1133 5854 1312 5911 etiam
1335 5850 1558 5928 patina.
1593 5849 1811 5922 Corpo-

1853 2211 2054 2264 doctor
2091 2208 2187 2280 qui
2213 2207 2430 2261 litteras
2460 2205 2659 2272 nescit,
2703 2208 2760 2259 et
2789 2205 3118 2277 ignorantia
3141 2224 3241 2262 sua
3275 2208 3453 2264 laicos

1852 2302 1911 2354 et
1957 2298 2220 2353 indoctos
2255 2294 2485 2366 decipit.
2529 2293 2785 2348 Caveatis
2812 2293 2871 2348 in
2907 2294 3014 2350 hoc
3045 2294 3240 2366 igitur,
3277 2302 3447 2368 prout

1853 2403 1995 2459 opus
2022 2385 2216 2443 fuerit.

2572 2473 2746 2530 XXIV.

1924 2564 2118 2621 Sancti
2147 2562 2326 2619 etiam
2374 2563 2569 2618 Patres
2598 2564 2921 2617 statuerunt
2956 2565 3019 2617 ut
3057 2560 3324 2620 Ecclesiae
3355 2563 3457 2621 Dei

1855 2655 2099 2711 decimas
2141 2670 2272 2709 suas
2313 2651 2528 2724 quique
2559 2651 2884 2718 conferant,
2924 2652 3346 2725 tradanturque
3376 2670 3461 2710 ea:

1854 2742 2159 2810 sacerdoti,
2184 2741 2282 2814 qui
2310 2740 2545 2796 easdem
2572 2739 2630 2794 in
2649 2743 2766 2794 tres
2783 2739 3088 2796 distribuat
3115 2741 3412 2812 portiones
3445 2758 3460 2798 :

1855 2849 2035 2888 unam
2067 2831 2140 2887 ad
2170 2829 2419 2886 ecclesiae
2450 2828 2902 2900 reparationem,
2925 2829 3166 2884 alteram
3197 2831 3464 2904 pauperi-

1859 2923 1964 2978 bus
2006 2919 2387 2992 erogandam,
2424 2917 2659 2974 tertiam
2700 2934 2835 2974 vero
2893 2917 3172 2974 ministris
3225 2917 3329 2974 Dei
3366 2919 3465 2993 qui

1860 3009 2154 3066 ecclesiam
2181 3007 2261 3063 ibi
2289 3011 2516 3063 curant.

2586 3096 2734 3150 XXV.

1934 3187 2368 3245 Constituerunt
2394 3185 2571 3240 etiam
2598 3187 2662 3238 ut
2679 3201 2854 3240 nemo
2884 3183 3118 3241 missam
3146 3186 3468 3241 celebraret

1787 3308 1836 3368 Ο
1864 3279 1924 3332 in
1950 3278 2125 3332 domo
2164 3292 2283 3330 non
2311 3275 2667 3340 consecrata,
2691 3273 2799 3328 nisi
2827 3279 3068 3344 urgente
3099 3274 3466 3342 necessitate,

1861 3367 1950 3421 vel
1968 3364 2253 3438 quispiam
2278 3363 2350 3418 sit
2373 3361 2732 3429 infirmus,et
2756 3361 2830 3417 ad
2857 3362 3157 3418 ecclesiam
3184 3362 3466 3435 proficisci

1864 3457 2134 3528 nequeat.

2581 3539 2752 3594 XXVI.

1939 3632 1997 3689 Si
2026 3647 2169 3704 puer
2199 3647 2317 3686 non
2342 3627 2659 3700 baptizatus
2692 3627 2872 3682 libere
2903 3625 3221 3681 adducatur
3239 3625 3314 3681 ad
3343 3641 3473 3697 pre-

1868 3723 2184 3794 sbyterum,
2207 3722 2403 3776 caveat
2425 3719 2519 3774 ille
2541 3719 2605 3772 ut
2623 3715 2896 3772 eumdem
2918 3715 3179 3788 protinus
3200 3715 3477 3788 baptizet,

1874 3830 1947 3869 ne
1977 3811 2127 3868 forte
2153 3809 2434 3866 moriatur
2450 3806 2730 3864 ethnicus.

2564 3912 2761 3971 XXVII.

1949 4010 2143 4065 Nullus
2157 4006 2457 4078 presbyter
2473 4018 2576 4076 pro
2589 3998 2846 4075 pecuniis
2855 3999 3074 4057 vendat
3089 3998 3479 4056 ministerium

1881 4116 2071 4167 suum,
2096 4113 2204 4153 nec
2223 4111 2327 4168 pro
2361 4093 2570 4149 eodem
2613 4090 2914 4164 quidpiam
2942 4091 3124 4162 petat,
3159 4106 3346 4163 neque
3377 4105 3483 4162 pro

1885 4187 2198 4260 baptismo,
2228 4199 2417 4256 neque
2464 4197 2570 4253 pro
2612 4181 2724 4236 alio
2755 4179 2947 4252 aliquo
2979 4178 3301 4234 ministerio
3328 4195 3492 4234 exse-

1885 4277 2163 4350 quendo:
2210 4290 2283 4327 ne
2330 4272 2403 4327 sit
2437 4286 2640 4326 eorum
2681 4269 2904 4337 similis,
2949 4286 3092 4342 quos
3153 4269 3224 4324 de
3268 4268 3489 4342 templo

1886 4365 2140 4422 Christus
2163 4363 2284 4434 ipse
2315 4361 2498 4432 ﬂagro
2525 4358 2760 4431 expulit,
2787 4358 2947 4431 quod
2979 4362 3369 4413 mercaturam
3395 4373 3496 4412 ne-

1885 4453 2075 4526 quiter
2103 4449 2449 4505 exercebant
2468 4447 2527 4501 in
2558 4447 2788 4505 eodem.
2818 4447 2918 4502 Dei
2941 4445 3227 4518 siquidem
3244 4444 3494 4498 ministri

1888 4559 2007 4598 non
2027 4541 2153 4612 jam
2181 4537 2398 4593 faciant
2426 4535 2769 4598 ministeria,
2799 4537 2864 4588 ut
2893 4532 3201 4604 pecuniam
3228 4531 3363 4586 inde
3386 4531 3497 4585 sibi

1890 4630 2213 4696 conferant,
2235 4626 2336 4683 sed
2355 4627 2421 4680 ut
2439 4624 2686 4697 gloriam
2703 4625 3039 4678 mereantur
3059 4620 3497 4692 sempiternam.

2585 4729 2807 4785 XXVIII.

1966 4827 2160 4881 Nullus
2201 4823 2456 4895 itemque
2510 4819 2809 4894 presbyter
2864 4833 2932 4872 ex
2971 4830 3313 4888 quacunque
3358 4814 3502 4868 lucri

1897 4917 1985 4971 vel
2046 4912 2376 4984 cupiditatis
2422 4925 2593 4965 causa
2649 4907 2720 4961 ab
2779 4922 2895 4960 una
2942 4903 3182 4959 ecclesia
3215 4901 3288 4956 ad
3327 4902 3502 4956 aliam

1903 5006 2177 5067 transeat,
2208 5001 2280 5056 ad
2326 5001 2577 5055 mortem
2611 5011 2790 5067 usque
2822 4996 2880 5049 in
2911 4993 3117 5048 eadem
3145 4992 3384 5057 haereat,
3417 4991 3506 5044 cui

1903 5091 2168 5166 primitus
2196 5087 2494 5144 ordinatus
2523 5084 2651 5140 fuit.

2626 5190 2797 5246 XXIX.

1975 5307 2170 5361 Nullus
2201 5302 2499 5376 presbyter
2523 5316 2591 5354 ex
2619 5297 2840 5372 ineptia
2868 5296 3030 5353 bibat
3055 5295 3179 5366 plus
3205 5309 3378 5365 quam
3407 5293 3506 5346 de-

1909 5400 2018 5463 cet,
2051 5411 2155 5450 nec
2187 5393 2364 5448 alium
2404 5391 2676 5462 provocet
2718 5387 2791 5442 ad
2827 5383 3146 5441 bibendum
3178 5383 3329 5437 ultra
3359 5381 3516 5454 quod

1910 5483 2218 5550 desiderat,
2247 5498 2319 5536 ne
2349 5481 2499 5536 forte
2531 5478 2774 5533 minime
2805 5489 3043 5547 compos
3062 5471 3235 5527 fuerit
3260 5487 3392 5525 cum
3425 5471 3510 5524 vel

1911 5573 2100 5630 infans
2129 5569 2524 5642 baptizandus,
2555 5569 2641 5621 vel
2667 5564 2980 5621 moriturus
3006 5559 3291 5634 quispiam
3314 5558 3518 5614 viatico

1912 5663 1985 5718 sit
2009 5660 2333 5717 donandus.
2363 5657 2527 5722 Quod
2567 5657 2612 5712 si
2651 5672 2768 5710 non
2800 5650 3092 5718 acciderit,
3129 5647 3284 5704 haud
3323 5651 3519 5704 tamen

1911 5753 2013 5809 fiat
2035 5752 2246 5819 ebrius,
2277 5748 2414 5823 quia
2451 5743 2735 5803 Dominus
2775 5740 3054 5800 ministris
3084 5739 3198 5796 suis
3226 5737 3526 5796 interdixit

1911 5842 2274 5901 ebrietatem.
