3900 6216
418 555 549 610 H75

1143 670 1290 728 XXX.

483 764 788 837 Presbyter
816 779 922 818 nec
947 761 1020 817 sit
1048 764 1356 827 mercator,
1402 777 1508 816 nec
1548 766 1886 818 mercaturae
1919 779 2020 818 cu-

413 853 602 927 pidus.
635 868 762 919 nec,
813 850 1026 906 omisso
1060 848 1369 920 theologia:
1405 849 1616 918 studio,
1651 867 1708 904 se
1755 853 1826 906 ad
1859 869 2022 907 mun-

415 941 596 997 danas
643 939 903 995 conferat
939 935 1474 1002 sermocinationes,
1517 954 1622 992 nec
1653 955 1816 994 arma
1851 940 2019 1008 ferat,

416 1046 523 1086 nec
559 1028 873 1084 causidicus
920 1027 1016 1093 sit,
1062 1027 1150 1081 vel
1199 1025 1327 1081 lites
1374 1029 1527 1096 agat,
1589 1043 1693 1081 nec
1744 1027 1801 1081 in
1861 1045 2021 1083 oeno-

413 1118 582 1190 poliis
597 1116 758 1172 bibat
785 1131 959 1171 more
987 1115 1346 1171 saecularium
1377 1131 1389 1168 :
1412 1115 1814 1185 juramentum
1846 1116 2021 1171 etiam

415 1224 488 1262 ne
533 1206 730 1277 jurato
777 1221 792 1261 :
831 1220 1064 1276 semper
1113 1207 1309 1258 autem
1340 1207 1398 1258 et
1456 1203 1794 1275 simpliciter
1826 1221 2022 1259 verum

412 1295 566 1350 dicat
631 1295 845 1367 absque
915 1292 1258 1361 mendacio,
1321 1295 1382 1347 ut
1436 1292 1583 1346 servi
1651 1292 1749 1347 Dei
1815 1293 2026 1348 docue-

410 1388 568 1441 runt.

1132 1472 1300 1526 XXXI.

483 1562 758 1618 Distincte
788 1561 966 1617 etiam
1009 1561 1402 1632 peccatoribus
1446 1559 1708 1615 instituet
1734 1559 2021 1630 poeniten-

412 1650 580 1719 tiam,
609 1649 913 1721 unicuique
939 1648 1149 1703 scilicet
1181 1649 1344 1720 juxta
1374 1648 1566 1703 meriti
1594 1648 1678 1702 sui
1705 1648 2019 1715 rationem,

415 1739 580 1796 sicuti
601 1737 952 1811 probabilius
975 1753 1104 1792 eam
1121 1741 1478 1808 assequatur.
1494 1735 1746 1790 lnﬁrmis
1760 1740 1817 1791 et
1844 1753 2023 1806 aegro-

415 1829 487 1884 tis
516 1843 740 1884 coenam
773 1825 1000 1881 Domini
1020 1826 1547 1892 ministrabit,dum
1567 1830 1767 1880 tamen
1796 1827 2024 1879 valeant

414 1918 565 1972 hanc
591 1915 873 1985 deglutire
906 1931 920 1969 :
949 1915 1326 1969 semimortuo
1360 1917 1554 1968 autem
1587 1931 1707 1969 non
1743 1914 2021 1985 porriget,

1297 547 1356 608 S.
1386 549 1676 607 ELFRICI
1717 549 1811 606 AD
1840 547 2210 608 WULFINUM
2245 551 2424 608 EPIC.
2478 547 2818 611 CANONES.

2038 674 2094 735 A
2117 677 2328 732 turam.
2360 675 2555 732 Prima
2580 675 2802 744 Nicaeae,
2831 679 2896 732 ut
2922 673 3015 732 hic
3031 678 3205 733 antea
3221 679 3682 737 memoravimus
3706 700 3722 739 :

3602 561 3733 617 H76

2120 767 2247 835 post
2289 779 2417 818 eam
2462 764 2643 818 altera
2697 764 3216 836 Constantinopoli,
3264 783 3297 821 e
3333 783 3397 822 CL
3453 768 3735 841 episcopis

2123 854 2331 906 sanctis
2356 851 2456 907 Dei
2486 852 2659 906 servis
2687 869 2700 921 ;
2761 853 2930 907 tertia
2953 854 3156 924 Ephesi
3189 854 3320 922 fuit,
3349 873 3380 910 e
3422 873 3480 910 cc
3513 857 3735 929 episco-

2123 940 2238 1010 pis;
2301 943 2508 1011 quarta
2546 957 2680 995 vero
2728 939 3095 1009 Chalcedoni,
3131 942 3228 996 ubi
3261 945 3460 999 multm
3489 945 3737 1001 aderant

2123 1028 2524 1100 episcoporum
2574 1029 2870 1083 centuria.
2906 1030 2973 1084 Et
3015 1030 3072 1084 hi
3113 1047 3317 1086 omnes
3355 1034 3621 1089 unanimi
3654 1051 3740 1088 as-

2121 1132 2289 1170 sensu
2311 1116 2510 1170 omnia
2539 1116 2964 1172 conflrmarunt
2994 1135 3121 1190 quae
3166 1120 3226 1174 in
3256 1120 3486 1176 Nicena
3517 1124 3738 1177 statue-

2126 1206 2338 1260 bantur
2364 1205 2607 1275 synodo,
2639 1205 2773 1260 etin
2808 1207 3012 1278 quibus
3042 1208 3251 1265 violata
3273 1209 3402 1278 fuit,
3429 1228 3498 1266 ea
3537 1213 3740 1267 omnia

2124 1292 2398 1347 reiecero.
2444 1293 2700 1356 Quatuor
2747 1293 2868 1348 istm
2924 1296 3127 1366 synodi
3184 1297 3329 1352 adeo
3360 1299 3737 1355 observandae

2124 1383 2258 1435 sunt
2280 1397 2313 1435 a
2343 1380 2549 1434 Christi
2593 1381 2841 1436 Ecclesia
2870 1386 2932 1436 ut
2971 1387 3220 1455 quatuor
3251 1385 3455 1441 Christi
3486 1387 3733 1445 codices.

2125 1470 2309 1524 Multa:
2356 1485 2423 1522 ex
2461 1468 2559 1522 illo
2610 1472 2874 1541 tempore
2933 1470 3170 1526 fuerunt
3225 1475 3449 1546 synodi,
3486 1476 3586 1530 sed
3647 1478 3737 1532 lite

2126 1562 2373 1630 quatuor
2402 1560 2569 1611 erant
2596 1557 2960 1618 firmissima}.
2996 1561 3399 1617 Exstinxerunt
3428 1565 3590 1619 enim
3613 1565 3735 1620 istae

2124 1647 2428 1700 haereticas
2467 1646 2590 1700 illas
2620 1647 2913 1701 doctrinas
2941 1664 3084 1720 quas
3114 1650 3384 1705 adversus
3415 1653 3599 1708 Deum
3625 1654 3738 1709 hae-

2125 1734 2297 1788 retice
2334 1738 2652 1805 posuerunt
2685 1734 2950 1802 haeritici,
2982 1740 3038 1792 et
3068 1739 3490 1796 constituerunt
3521 1743 3736 1813 pariter

2125 1822 2569 1878 ecclesiasticum
2601 1823 3013 1880 ministerium.

2824 1915 3040 1970 XXXIV.

417 2005 552 2079 quia
581 2003 834 2060 Christus
881 2003 1019 2058 dicit
1060 2020 1072 2058 :
1129 2004 1310 2057 Homo
1342 2002 1653 2057 manducat
1696 2003 1804 2057 hoc
1835 1966 2094 2056 sacra-B
2199 2001 2322 2066 Qua
2353 2001 2527 2073 igitur
2572 2002 2831 2091 audacia,
2865 2020 2898 2057 o
2940 2004 3291 2074 sacerdotes,
3322 2006 3570 2063 istorum
3619 2027 3738 2065 om-

412 2097 699 2150 mentum.

1128 2183 1320 2238 XXXII.

490 2272 732 2328 Habebit
752 2271 928 2328 etiam
947 2272 1248 2344 presbyter
1273 2274 1672 2326 consecratum
1703 2271 1895 2325 oleum
1922 2269 2024 2324 du-

419 2363 548 2435 plex
575 2379 588 2417 :
614 2365 724 2416 hoc
753 2360 1092 2430 infantibus,
1113 2360 1169 2414 id
1193 2360 1422 2431 tegrotis
1446 2364 1740 2432 paratum;
1768 2361 1825 2412 et
1842 2375 2026 2429 aegro-

419 2455 508 2506 tos
522 2466 752 2522 semper
771 2449 1239 2521 ungetjacentes.
1258 2449 1506 2513 Quidam
1532 2465 1663 2503 vero
1688 2447 1890 2518 aegroti
1917 2447 2027 2502 hoc

419 2538 583 2593 nihili
603 2539 887 2609 pendunt,
921 2541 977 2592 et
998 2537 1056 2590 in
1084 2537 1425 2607 aegritudine
1459 2552 1559 2589 sua
1589 2551 1647 2589 se
1684 2551 1800 2588 non
1823 2550 2024 2588 conce-

421 2627 567 2681 dunt
585 2627 743 2696 ungi.
768 2626 964 2680 Dicam
983 2625 1119 2696 quid
1139 2624 1209 2678 de
1235 2624 1301 2677 iis
1323 2623 1516 2677 docuit
1538 2621 1783 2676 Iacobus
1795 2622 2026 2676 Domini

422 2715 732 2784 apostolus,
782 2714 878 2785 qui
930 2711 1298 2766 credentibus
1351 2711 1476 2766 ait:
1526 2711 1801 2764 Tristalur
1830 2709 2026 2782 aliquis

420 2802 696 2858 vestrum?
757 2803 884 2856 Oret
924 2817 1075 2872 aequo
1122 2803 1300 2854 animo
1347 2806 1396 2853 et
1445 2799 1664 2870 psallat.
1709 2799 2029 2869 Inﬁrmatur

419 2891 535 2963 quis
564 2891 619 2943 in
639 2889 785 2946 vobis
803 2889 831 2943 ‘t
872 2889 1103 2942 lnducat
1131 2888 1464 2960 presbyteros
1488 2888 1760 2956 Ecclesiae,
1795 2896 1843 2942 et
1872 2895 2028 2942 orent

417 2994 580 3050 super
627 2995 764 3044 eum,
820 2985 1073 3049 tingentes
1123 2995 1241 3032 eum
1272 2977 1380 3032 oleo
1427 2979 1482 3031 in
1521 2980 1731 3032 nomine
1770 2979 2023 3034 Domini:

421 3073 475 3123 et
499 3069 669 3122 oratio
706 3066 836 3137 ﬁdei
881 3067 1110 3122 sal-aabit
1165 3067 1457 3136 inﬁrmum,
1493 3073 1541 3121 et
1588 3066 1859 3121 allcviabit
1907 3082 2026 3120 eum

420 3153 726 3222 Dominus;
767 3161 816 3212 et
843 3157 893 3210 si
909 3157 965 3211 in
995 3156 1230 3227 peccatis
1262 3158 1351 3223 sit,
1399 3158 1732 3212 remittentur
1769 3159 1835 3211 ei.
1878 3153 2028 3212 00n-

2129 2090 2288 2144 nium
2323 2091 2692 2163 despexeritis
2744 2090 3226 2148 Constitutiones?
3269 2095 3530 2150 Monachi
3583 2099 3734 2152 enim

2129 2180 2296 2234 unius
2334 2179 2591 2234 hominis
2637 2179 3075 2236 constitutiones
3125 2185 3347 2251 tenent,
3379 2187 3564 2241 sancti
3593 2187 3735 2241 vide-

2127 2267 2261 2323 licet
2293 2269 2608 2336 Benedicti,
2644 2273 2700 2323 et
2725 2269 3040 2324 secundum
3070 2271 3336 2342 regulam
3365 2273 3414 2344 ej
3427 2291 3488 2328 us
3515 2275 3730 2343 vivunt;

2129 2373 2303 2429 quam
2347 2357 2390 2411 si
2445 2357 2800 2424 violaverint,
2831 2357 3129 2428 corrigunt
3165 2360 3360 2415 statim
3401 2362 3567 2415 omni
3611 2378 3732 2416 cum

2128 2445 2476 2512 humilitate,
2523 2446 2690 2515 juxta
2730 2445 2953 2500 abbatis
2986 2463 3191 2501 eorum
3229 2450 3606 2505 sententiam.
3636 2451 3734 2505 Vos

2129 2534 2303 2589 etiam
2337 2533 2558 2587 habetis
2601 2535 2860 2605 regulam
2898 2551 2910 2588 :
2961 2533 3005 2587 si
3034 2536 3121 2588 vel
3153 2552 3282 2590 eam
3319 2537 3516 2609 legere
3550 2540 3732 2594 volue-

2130 2621 2280 2689 ritis,
2331 2621 2600 2675 videretis
2649 2621 2786 2693 quid
2842 2622 2915 2677 sit
2973 2622 3132 2676 vobis
3185 2625 3585 2682 constitutum.
3635 2626 3731 2681 Vos

2129 2715 2325 2766 autem
2358 2711 2666 2765 mundanis
2708 2710 3076 2766 delectamini
3125 2712 3617 2781 collocutionibus,
3655 2715 3728 2769 vi-

2130 2799 2438 2854 cecomites
2479 2799 2625 2865 ﬁeri,
2684 2799 2977 2871 praepositi
3046 2816 3147 2854 seu
3201 2800 3420 2867 ballivi,
3483 2804 3728 2873 neglecta

2129 2887 2353 2942 interea
2398 2887 2633 2943 ecclesia
2673 2892 2879 2956 vestra,
2911 2891 2971 2943 et
3011 2888 3098 2942 his
3143 2905 3264 2945 una
3313 2890 3725 2946 constitutioni-

2129 2976 2254 3031 bus.
3275 2981 3287 2990 '

2842 3066 3011 3121 XXXV
3023 3111 3036 3125 .

2198 3152 2490 3219 Volumus,
2526 3157 2586 3208 ut
2622 3154 3060 3210 constitutiones
3109 3155 3450 3228 perhibent,
3491 3171 3586 3212 vos
3613 3174 3727 3212 vos-

417 3243 646 3314 ﬁtemini
675 3261 796 3315 ergo
826 3244 1144 3300 alterutrum
1173 3252 1398 3316 peccata
1449 3250 1642 3312 vestra,
1678 3252 1727 3299 et
1759 3250 1905 3298 orate
1925 3259 2028 3314 pro
2049 3267 2095 3327 ο
2130 3241 2424 3312 metipsos,
2458 3245 2628 3313 prout
2673 3243 3029 3298 Christianos
3083 3245 3267 3312 decet,
3316 3245 3482 3300 citius
3511 3244 3728 3316 expedi-

421 3334 647 3388 invicem
675 3341 737 3388 ut
774 3333 1054 3390 salvemini
1097 3334 1242 3403 (Jac.
1277 3335 1354 3405 v).
1387 3333 1515 3388 Haec
1555 3333 1778 3387 locutus
1824 3337 1909 3386 est
1936 3333 2030 3386 Ja-

423 3421 598 3477 cobus
623 3417 694 3476 de
721 3422 1007 3493 ungendis
1036 3422 1288 3495 aegrotis.
1306 3423 1574 3494 Egrotus
1605 3425 1822 3490 autem,
1846 3421 2031 3494 prius-

421 3525 598 3583 quam
626 3510 960 3583 inungatur,
993 3511 1361 3567 contitebitur
1405 3511 1476 3566 ab
1524 3511 1732 3565 intimo
1778 3509 1950 3566 corde
1984 3510 2029 3564 si

423 3599 565 3672 quid
587 3599 804 3670 peccati
831 3599 1187 3655 commiserit
1211 3615 1315 3671 pro
1347 3615 1460 3671 quo
1485 3598 1723 3670 dignam
1747 3615 1864 3653 non
1892 3615 2028 3653 con-

420 3687 618 3742 tulerit
639 3688 1114 3756 satisfactionem,
1130 3688 1274 3743 sicut
1294 3688 1599 3758 Apostolus
1615 3687 1705 3741 hic
1717 3687 1841 3757 jam
1860 3703 2035 3758 supra

430 3791 563 3830 eum
592 3776 856 3832 monuit:
892 3779 950 3831 et
988 3792 1162 3832 nemo
1193 3778 1504 3848 praesumat
1537 3791 1773 3846 ungere,
1803 3774 1910 3829 nisi
1938 3791 2036 3829 ex-

428 3865 642 3931 oratus,
671 3867 728 3919 et
776 3868 904 3937 post
948 3868 1243 3936 peractam
1289 3862 1734 3918 confessionem.
1773 3862 1830 3917 Si
1865 3867 2036 3919 antea

425 3955 696 4025 peccator
722 3953 832 4008 fuit
856 3957 914 4008 et
942 3954 1270 4025 negligens,
1288 3952 1462 4007 faciat
1488 3952 1615 4022 jam
1646 3951 1883 4007 demum
1904 3969 2036 4007 con-

332 4088 336 4090 .
424 4041 758 4110 fessionem,
801 4043 1203 4114 pmnitentiam
1226 4047 1284 4096 et
1309 4043 1738 4112 eleemosynam
1773 4045 1906 4097 ante
1934 4042 2034 4097 ob-

351 4173 356 4180 .
425 4130 573 4186 itum
603 4147 793 4197 suum,
821 4135 884 4186 ut
914 4131 1142 4186 inferno
1175 4147 1292 4186 non
1315 4131 1696 4202 adjudicetur,
1724 4131 1825 4188 sed
1842 4132 2038 4187 divina

427 4217 679 4290 gaudeat
707 4217 1122 4274 misericordia.

1113 4309 1339 4366 XXXIII.

495 4396 753 4462 Quatuor
807 4399 974 4452 erant
1028 4399 1232 4471 synodi
1288 4414 1439 4455 verte
1491 4399 1626 4454 ﬁdei
1690 4398 2028 4454 defensione

423 4489 627 4543 contra
667 4486 966 4543 hereticos
999 4487 1386 4559 hlasphemias
1423 4491 1748 4544 eructantes
1799 4487 1861 4542 in
1900 4503 2036 4542 san-

423 4581 579 4634 ctam
601 4575 945 4632 Trinitatem
963 4580 1022 4632 et
1049 4577 1355 4634 Salvatoris
1377 4577 1558 4633 nostri
1583 4578 1905 4632 humanam
1930 4593 2034 4633 na-

2128 3346 2212 3394 re,
2261 3329 2629 3401 ecclesiaeque
2677 3335 2878 3385 vestrae
2931 3331 3128 3386 sedulo
3185 3332 3511 3404 indulgere.
3536 3335 3596 3387 In
3641 3348 3727 3387 ec-

2131 3417 2302 3472 clesia
2337 3433 2472 3472 vero
2501 3435 2573 3472 ne
2603 3421 2686 3472 vel
2730 3419 2978 3474 fabulari
3021 3419 3209 3488 liceat,
3240 3425 3340 3475 aut
3374 3463 3387 3475 .
3425 3462 3438 3474 .
3474 3465 3488 3479 .
3520 3462 3532 3475 .
3566 3462 3579 3475 .
3614 3459 3626 3474 .
3664 3461 3677 3474 .
3712 3461 3724 3474 .

2130 3507 2288 3580 loqui
2323 3523 2335 3562 :
2389 3507 2666 3562 orationis
2706 3508 2864 3563 enim
2918 3509 3123 3564 domus
3171 3512 3280 3578 est,
3310 3526 3346 3564 a
3383 3511 3498 3565 Deo
3548 3523 3728 3562 conse-

2133 3599 2289 3651 crata
2317 3595 2378 3650 in
2420 3596 2706 3650 sermonis
2739 3597 3050 3668 spiritualis
3101 3597 3592 3652 exercitationem.
3621 3595 3726 3650 Nec

2133 3684 2192 3739 in
2223 3701 2292 3739 ea
2324 3684 2608 3756 quispiam
2658 3685 2836 3753 bibat,
2881 3688 2979 3740 aut
3010 3685 3270 3741 indebite
3311 3686 3464 3752 edat,
3504 3701 3626 3740 cum
3662 3682 3725 3737 sit

2135 3773 2245 3828 illis
2269 3773 2622 3828 sanctificata
2648 3773 2744 3846 qui
2785 3774 3001 3829 ibidem
3034 3791 3241 3847 corpus
3271 3773 3501 3830 Domini
3537 3775 3590 3828 in
3620 3771 3723 3826 ﬁde

2135 3861 2633 3916 manducaverint.
2667 3862 2806 3917 Haec
2849 3862 3124 3933 quamvis
3165 3863 3358 3934 turpia
3396 3862 3601 3917 faciunt
3624 3860 3721 3914 ho-

2138 3951 2345 4018 mines,
2393 3951 2741 4006 bacchantes
2793 3967 2964 4023 saape,
3019 3955 3076 4005 et
3124 3968 3305 4023 usque
3346 3952 3419 4006 ad
3461 3949 3720 4006 insaniam

2135 4038 2398 4094 bibentes
2436 4038 2495 4093 in
2517 4038 2693 4094 domo
2722 4039 2848 4108 Dei,
2881 4039 3302 4096 contumeliose
3333 4040 3504 4095 etiam
3531 4042 3582 4093 et
3606 4041 3720 4092 tur-

2135 4125 2287 4200 piter
2314 4126 2597 4195 ludentes,
2635 4127 2773 4199 quin
2823 4127 2882 4182 in
2933 4127 3102 4183 foedis
3145 4128 3506 4187 sermonibus
3554 4127 3717 4198 ipsam

2137 4216 2287 4271 hanc
2333 4215 2576 4271 domum
2607 4215 3078 4272 contaminantes
3124 4235 3138 4271 :
3173 4215 3351 4271 satius
3383 4216 3462 4271 eis
3506 4215 3641 4270 foret
3663 4212 3715 4268 in

2137 4304 2296 4359 lectis
2334 4303 2448 4358 suis
2476 4305 2835 4377 acquiescere
2894 4321 3072 4377 quam
3105 4305 3292 4361 Deum
3327 4299 3630 4359 istiusmodi
3648 4299 3717 4354 ir-

2137 4392 2335 4452 ritare.

2691 4479 2942 4554 (Reliqua
2965 4480 3205 4554 desunt.)

421 4727 680 4805 (Exstant
702 4729 954 4801 /Elfrici
975 4731 1352 4805 archiepiscopi
1379 4730 1628 4802 opuscula
1656 4730 1901 4805 quaedam
1939 4747 1967 4785 e
1990 4731 2255 4805 Saxonico
2285 4728 2544 4805 idiomate
2583 4730 2652 4805 iii
2667 4726 2924 4781 Latinum
2955 4723 3218 4805 translata
3236 4767 3250 4793 ,
3281 4723 3521 4780 sublesta
3563 4728 3716 4775 tamen

994 4801 1122 4872 ﬁdei
1144 4795 1195 4858 Et
1215 4795 1334 4874 quae
1357 4795 1544 4857 manus
1582 4795 1876 4858 acdtholica
1928 4801 2280 4875 interpolavit.
2309 4799 2445 4856 Haec
2474 4799 2587 4854 ideo
2615 4798 2745 4854 dare
2768 4795 3181 4869 supersedemus.
