3900 6216
1501 754 1682 804 ANNO
1725 753 1964 802 DOMINI
2015 754 2163 801 MIX.

409 817 414 820 _
562 929 3052 1200 JOANNEsggImPAPA

1077 1329 1667 1436 NOTITIA
1735 1326 2535 1433 HISTOBICA.

1047 1538 1384 1609 (Cmcomrs,
1424 1538 1564 1593 Vitae
1590 1536 1955 1593 Romanorum
1981 1536 2326 1609 pontiﬁcum,
2349 1554 2408 1608 p.
2446 1537 2597 1602 283.)

221 1799 476 1854 Joannes
493 1795 674 1864 XVIII,
699 1799 946 1853 Fasanus
976 1799 1061 1853 vel
1098 1800 1391 1865 Fassanus,
1440 1795 1752 1864 Romanus,
1781 1802 1836 1862 Α
1862 1796 2008 1852 berti
2038 1795 2409 1869 Carnutensis
2439 1795 2714 1869 episcopi,
2741 1795 2845 1851 viri
2865 1795 3481 1869 celeberrimi,episto-

163 1870 226 1924 de
249 1871 371 1924 vico
386 1875 571 1941 portae
594 1869 1247 1940 Mathodii,imperatore
1266 1871 1506 1924 Henrico
1521 1870 1755 1939 juniore

160 1940 434 2020 Augusto,
458 1941 604 2020 sedit
625 1941 1347 2020 annos_quinque,pense_s
1368 1946 1614 2020 septem,
1640 1940 1761 1994 dies

162 1958 434 2020 augusto,
458 1958 604 1994 seuit
625 1958 1096 2065 annosqumque,
1119 1958 1347 1994 menses
1368 1958 1614 2010 septem,
1640 1958 1760 1994 (nos

162 2013 389 2083 viginti;
430 2015 655 2083 creatus
675 2028 748 2065 xu
784 2013 961 2066 Kalen
1009 2029 1068 2065 as
1102 2013 1429 2083 Decembris
1464 2029 1476 2065 :
1507 2013 1760 2065 Joannes

160 2081 450 2153 hic,quem
471 2081 799 2136 vicesimum
823 2083 1075 2153 primum
1090 2082 1760 2153 Platinavocat,seipsum

163 2152 452 2224 decimum
485 2156 748 2207 octavum
777 2152 1030 2224 appellat
1061 2153 1116 2224 in
1150 2153 1264 2205 suis
1291 2152 1700 2223 diplomatibus
1743 2168 1754 2204 :

159 2222 288 2278 item
319 2223 683 2294 publicarum
712 2222 1035 2277 tabidarum
1057 2222 1592 2287 instrumentis,suo
1611 2225 1762 2276 tem-

161 2310 293 2417 pore
319 2295 508 2348 factis.
539 2294 724 2358 Quare
751 2295 1001 2348 Joannes
1029 2294 1133 2373 illi,
1193 2310 1335 2373 quos
1379 2310 1483 2348 nos
1540 2295 1644 2347 XXI
1703 2297 1760 2347 et

197 2366 304 2417 XIII
333 2381 632 2417 vocamus.
659 2366 763 2417 XIX
793 2370 850 2417 et
872 2367 952 2417 XX
985 2364 1212 2417 dlCCndl
1239 2368 1448 2417 essent.

182 2365 304 2418 {XIII
333 2381 632 2430 vocamus,
659 2366 763 2418 XIX
793 2370 850 2418 et
872 2367 952 2419 XX
985 2364 1212 2419 dicendi
1239 2368 1448 2419 essent.

230 2435 321 2506 Hic
349 2435 754 2506 pontificatum
789 2436 994 2502 iniens,
1047 2435 1125 2488 nil
1176 2433 1418 2506 dignum
1473 2433 1758 2506 memoria

162 2505 356 2575 gessit.
381 2505 550 2569 Quod
584 2521 938 2576 magnopere
977 2505 1253 2559 celebrari
1287 2507 1480 2574 possit.
1523 2505 1757 2576 Aliquot

162 2580 352 2631 tamen
375 2576 644 2630 ecclesias
673 2591 794 2647 pra;
817 2579 1092 2632 vetustate
1116 2581 1447 2630 corruentes
1461 2592 1754 2647 reparasse

163 2647 396 2718 quidam
430 2646 713 2715 scribunt;
748 2650 1191 2711 monachorum,
1212 2649 1268 2699 et
1288 2647 1572 2718 praecipue
1604 2646 1758 2718 Casi-

1863 1869 1939 1930 la,
1962 1883 2077 1940 qua
2093 1867 2463 1940 conqueritur
2487 1867 2857 1940 Bodulphum
2895 1869 3211 1940 quemdam
3237 1867 3328 1923 res
3360 1886 3476 1924 suae

1863 1937 2122 2011 Ecclesia;
2145 1937 2433 2011 invasisse,
2455 1937 2726 1992 clericum
2748 1937 3187 2011 suum—propriis
3208 1940 3476 1996 manibus

1861 2009 2234 2074 interfecisse,
2263 2009 2406 2062 duos
2435 2012 2632 2079 captos
2665 2013 2882 2064 tenere.

1931 2081 2016 2133 Ab
2069 2080 2178 2154 hoc
2223 2079 2503 2154 senenses
2558 2079 2616 2133 in
2643 2079 2877 2154 "Etruria
2909 2081 3167 2152 primum
3201 2080 3470 2154 episcopo

1861 2150 2116 2204 decorati
2155 2153 2306 2216 sunt,
2337 2165 2490 2203 anno
2528 2153 2663 2205 1009

1933 2220 2310 2287 Burchardus,
2342 2237 2494 2274 anno
2540 2223 2697 2288 1008,
2732 2221 3033 2277 Ecclesiam
3064 2221 3468 2278 Vormartien-

1859 2308 1982 2346 sem
2015 2291 2248 2362 recepit,
2283 2292 2377 2362 qui
2404 2293 2674 2346 volumen
2705 2293 3082 2348 Decretorum
3115 2293 3384 2349 confecit.

1931 2362 2194 2434 Synodus
2218 2363 2576 2434 Germanica,
2601 2363 2762 2432 jussu
2804 2364 3170 2434 imperatoris
3211 2363 3468 2430 Henrici,

1859 2433 2208 2506 exomnibus
2223 2433 2450 2506 imperii
2471 2434 2751 2506 episcopis
2763 2433 3115 2506 congregata
3131 2451 3285 2491 anno
3309 2438 3470 2502 1004,

1859 2504 2384 2588 subponLiIicatpm
2404 2504 2650 2588 ’.ἔθευ-ηις
2669 2504 2825 2588 XXIII
2854 2504 3042 2588 papae.

1939 2575 2079 2628 Item
2111 2574 2374 2644 Synodus
2404 2574 3114 2642 Frankfordiensisfanno
3149 2579 3310 2636 1006.

1935 2645 2096 2728 Οὺὶἰι.⁸
2115 2645 2354 2728 tandem
2375 2647 2581 2728 Roma:
2600 2648 2849 2728 Joanne-3
2877 2648 3035 2728 XVIII
3057 2664 3227 2728 papa,
3256 2647 3432 2728 vaial
3457 2685 3472 2701 .

164 2716 450 2784 nensium,
492 2718 696 2789 quibus
713 2720 908 2792 multa
937 2717 1232 2792 privilegia
1256 2716 1554 2785 concessit,
1579 2717 1763 2771 maxi-
1862 2716 2122 2792 Augusti,
2155 2733 2309 2792 anno
2339 2720 2473 2792 1009
2495 2735 2508 2786 ;
2533 2719 2786 2790 sepultus
2817 2716 3100 2774 Laterani.
3121 2716 3350 2774 Vacavit
3375 2734 3479 2772 se-

171 2804 293 2842 mus
323 2788 558 2842 amator
587 2788 822 2844 exstitit.

230 2859 428 2914 Exstat
457 2859 529 2914 ad
553 2861 704 2914 hunc
751 2877 963 2932 papam
997 2860 1288 2915 decimum
1337 2863 1602 2914 octavum
1637 2859 1765 2913 Ful-

1866 2787 1966 2841 dcs
1993 2787 2193 2841 diebus
2221 2788 2482 2859 triginta.

1163 3125 1627 3214 NOTITIA
1685 3125 2489 3229 DIPLOMATICA,

225 3300 467 3355 Joannis
499 3300 668 3355 bulla:
698 3303 830 3355 sunt
854 3298 1078 3370 scriptm
1099 3316 1206 3371 per
1230 3316 1472 3371 manum
1506 3315 1518 3353 :

295 3371 524 3442 Georgii
547 3373 746 3427 notarii
774 3387 839 3427 ac
866 3369 1140 3426 scriniarii
1174 3370 1234 3429 S.
1267 3370 1337 3424 R.
1361 3369 1433 3428 E.
1464 3371 1563 3441 (1).

296 3442 463 3498 Petri
603 3461 635 3494 »
780 3461 812 3494 ι)
960 3461 990 3494 ››

1490 3443 1804 3512 (2,10).

291 3512 590 3569 Benedicti
606 3515 891 3582 regionarii
910 3515 1112 3567 notarii
1132 3530 1193 3566 ac
1221 3511 1586 3566 scriniariiS.
1618 3512 1690 3567 Β.
1732 3511 1809 3569 Ε.
1845 3512 1936 3584 (4).

1867 3514 1884 3542 ι

289 3584 455 3656 Petri
478 3581 689 3640 abbatis
717 3592 765 3638 et
794 3585 1096 3638 cancellarii
1117 3586 1258 3638 sacri
1275 3584 1643 3638 Lateranensis
1659 3581 1875 3655 palatii
1900 3581 1980 3656 7(6,
2011 3587 2064 3649 7,
2099 3581 2178 3651 9).

293 3655 566 3726 Stephani
591 3657 791 3710 notarii
815 3662 864 3710 et
891 3657 1159 3710 scriniarii
1194 3674 1224 3707 »
1250 3724 1265 3726 _
1374 3676 1400 3702 ››
1531 3678 1562 3726 ν›

289 3724 558 3798 Ιηᾷὶἰοηίε
584 3727 844 3794 (Joannis
866 3726 914 3798 ?)
937 3728 1206 3782 scriniarii
1231 3724 1293 3780 S.
1323 3743 1410 3796 ap.
1451 3725 1559 3781 sed.
1593 3727 1692 3797 (8).

226 3797 389 3852 Data:
420 3813 526 3868 per
553 3814 634 3852 m.

1729 3658 1867 3728 (ll).

293 3867 548 3939 Gregorii
568 3869 791 3939 episcopi
809 3867 873 3925 S.
895 3868 1144 3924 Ostiensis
1174 3867 1424 3925 Ecclesia,
1450 3875 1500 3922 et
1518 3869 1932 3926 Bibliothecarii
1951 3867 2017 3926 S.
2036 3869 2142 3925 sed.
2165 3875 2335 3941 apost.
2367 3867 2446 3942 (3,
2476 3868 2553 3940 4).

160 4083 609 4096 ψ-

665 4203 770 4354 ιτ
783 4200 1384 4349 OANN
1395 4199 1610 4347 IS
1699 4200 1797 4345 Ξ

1880 4199 2296 4347 VIII
2348 4198 2982 4345 PAPE

441 4456 1499 4586 EPISTOLAE
1609 4457 1852 4580 ET
1966 4453 3199 4588 DIPLOMATA.

916 4761 960 4814 Ι.

146 4849 385 4908 Joannes
410 4848 626 4905 XVIII
657 4851 963 4905 monasterii
986 4848 1050 4905 S.
1074 4847 1343 4903 Florentii
1369 4843 1759 4902 Salmurienszs

423 4921 716 4994 privilegia
747 4929 795 4976 et
805 4921 1146 4992 possessiones
1166 4918 1472 4992 conﬁrmat.

747 5012 938 5076 (Anno
974 5011 1153 5079 1004).

220 5102 399 5164 [Dom
417 5097 686 5166 Mauram,
724 5098 840 5153 Vet.
870 5098 1077 5169 Script.
1124 5098 1342 5155 Collect.
1369 5097 1433 5152 V.
1469 5099 1652 5159 “Oi-1.

209 5187 456 5244 Joanxss
486 5187 804 5260 episcopus,
838 5203 1029 5242 servus
1054 5203 1355 5241 servorum
1386 5187 1510 5258 Dei,
1543 5185 1754 5240 dilecto

147 5274 261 5332 ﬁlio
289 5277 550 5330 Bonam-0
585 5275 896 5331 venerabili
923 5274 1119 5330 abbati
1150 5275 1489 5330 monasterii
1546 5274 1602 5329 S.
1633 5275 1759 5330 Flo-

146 5365 318 5421 rentii
343 5365 686 5420 confessoris
718 5363 944 5431 Christi,
980 5363 1071 5418 siti
1109 5363 1166 5418 in
1218 5364 1343 5418 loco
1396 5363 1495 5436 qui
1549 5365 1758 5420 dicitur

149 5451 468 5522 Salmurus,
505 5453 881 5527 ejusdemque
904 5453 1320 5509 successoribus
1344 5453 1677 5527 cunctisque
1700 5455 1759 5510 in

147 5543 355 5598 eodem
382 5543 510 5597 loco
536 5543 1035 5598 commorantibus
1080 5542 1351 5598 fratribus
1398 5546 1746 5616 perpetuum

150 5631 294 5686 vale.

221 5719 505 5775 Convenit
525 5719 839 5792 apostolico
890 5719 1277 5775 moderamini
1329 5719 1426 5792 pia
1473 5721 1763 5791 religione

151 5808 502 5880 pollentibus
524 5808 587 5865 in
613 5809 896 5866 benevola
918 5807 1317 5880 compassionc
1333 5815 1754 5881 succurrerc,et

1779 4755 1828 4812 B
1849 4753 2188 4824 promptum
2214 4748 2395 4806 animi
2422 4750 2706 4824 impertiri
2745 4769 3064 4809 assensum.
3113 4753 3271 4810 Tunc
3300 4753 3484 4813 animi

1864 4838 2006 4895 lucri
2037 4838 2401 4910 potissimum
2433 4840 2742 4912 praemium
2770 4841 2925 4912 apud
2953 4842 3320 4900 conditorem
3349 4860 3486 4900 om-

1865 4927 2028 4982 nium
2043 4928 2227 4982 Deum
2248 4928 2570 4999 reponitur,
2589 4929 2820 5000 quando
2849 4930 3201 4987 venerabilia
3225 4933 3352 4988 loca
3372 4949 3490 5005 op-

1864 5020 2114 5088 portune
2137 5016 2211 5070 ad
2240 5019 2454 5071 statum
2486 5017 2845 5073 rectitudinis
2875 5023 3009 5073 sunt
3026 5020 3325 5091 perducta.
3367 5022 3486 5094 Igi-

1863 5109 1956 5158 tur
1995 5105 2129 5176 quia
2159 5106 2461 5174 postulasti
2495 5123 2528 5160 ει
2558 5105 2720 5160 nobis
2744 5110 3026 5178 quatenus
3042 5110 3464 5165 monasterium

1865 5194 1922 5250 S.
1950 5193 2225 5248 Florentii
2256 5195 2599 5250 confessoris
2625 5195 2852 5264 Christi,
2880 5197 3054 5252 situm
3089 5197 3149 5254 in
3196 5199 3321 5256 loco
3367 5201 3472 5273 qui.

1864 5281 2074 5336 dicitur
2101 5281 2424 5350 Salmurus,
2455 5281 2515 5337 in
2547 5283 2836 5339 territorio
2852 5286 3272 5358 Andegavensi,
3296 5289 3488 5360 privi-

1863 5369 2028 5442 legiis
2075 5368 2224 5424 sedis
2255 5369 2580 5442 apostolica:
2612 5371 3002 5442 decoraretur,
3026 5373 3228 5430 libenti
3261 5376 3464 5433 animo

1863 5458 2129 5532 petitioni
2175 5462 2287 5513 tua:
2319 5475 2614 5514 assensum
2653 5460 2878 5518 damus.
2939 5461 3084 5526 Quia
3107 5479 3241 5518 vero
3273 5464 3464 5536 ipsum

1864 5548 2287 5602 monasterium
2311 5547 2450 5603 olim
2481 5565 2514 5604 a
2544 5549 2745 5605 Carolo
2784 5551 3134 5623 imperatore
3192 5553 3474 5612 nobiliter

1865 5639 2262 5692 constructum
2296 5637 2485 5692 fuerat
2537 5637 2596 5693 in
2625 5640 2750 5694 loco
2780 5640 3054 5696 vocabulo
3091 5641 3347 5712 Glonna,
3381 5646 3460 5701 ub

1865 5726 1924 5782 S.
1956 5725 2279 5781 Florentius
2309 5730 2439 5799 post
2489 5726 2770 5784 diutinam
2813 5729 2989 5786 vitam
3019 5731 3289 5803 spiritum
3317 5736 3462 5792 caelo

1865 5814 2138 5882 reddidit,
2167 5817 2545 5890 etprmceptis
2587 5817 2982 5892 imperialibus
3021 5824 3195 5895 atque
3223 5821 3454 5894 privile-
