3900 6216
191 5991 246 6023 ἱδι

411 569 548 631 H79

1701 563 1988 622 JOANN'IS
2025 560 2186 620 XVIII
2229 561 2430 622 ΡΑΡΑΞ

3601 571 3730 628 1480

403 688 514 762 giis
534 704 667 744 cum
693 683 1060 762 amplissimis
1076 683 1459 757 possessionib
1473 701 1539 740 us
1557 686 1902 742 roboratum
1925 688 2014 741 at-
2037 691 2093 752 Α
2112 687 2283 742 sessio
2303 703 2531 761 quoque
2543 704 2678 745 cum
2693 689 2928 746 castello
2956 687 3259 756 Carnonis,
3289 691 3350 744 et
3382 689 3445 746 S.
3475 691 3726 750 Andrea

413 793 524 850 que
555 777 804 833 ditatum
835 778 937 830 est.
970 773 1251 828 Similiter
1273 791 1307 828 a
1324 774 1604 830 Ludovico
1624 777 2016 847 cognomento

416 865 538 935 Pio,
565 867 687 938 ejus
711 865 850 927 ﬁlio,
879 863 1074 918 omnis
1116 861 1328 918 ﬁscalis
1358 863 1674 918 exactionis
1712 866 1799 918 vel
1828 865 2018 934 cujus-

412 969 640 1028 cunque
666 952 865 1024 legalis
883 968 985 1006 seu
1011 951 1302 1006 ofﬁciaria
1322 951 1634 1022 pensionis,
1650 951 1820 1007 simul
1841 951 2017 1006 etiam

411 1042 702 1115 sinodalis
726 1039 902 1096 debiti
925 1039 1188 1094 omnium
1211 1039 1604 1108 ecclesiarum,
1619 1057 1746 1112 qua
1767 1039 1875 1111 ipsi
1895 1056 2018 1095 mo-

410 1131 662 1188 nasterio
695 1129 1015 1200 subjacent,
1066 1127 1440 1182 immunitate
1493 1129 1762 1196 ditatum,
1797 1145 1901 1182 nos
1931 1127 2018 1182 ei-

412 1221 546 1278 dem
579 1218 815 1290 antiquo
835 1215 1190 1272 monasterio
1212 1217 1487 1287 faventes,
1508 1217 1772 1288 precibus
1783 1216 2016 1270 domna

409 1309 591 1365 Berta
623 1306 841 1380 regina
871 1322 938 1359 ac
963 1305 1213 1358 ﬁliorum
1259 1304 1380 1374 ejus
1433 1303 1747 1359 Theobaldi
1775 1307 1832 1358 et
1864 1303 2018 1359 Odo-

409 1395 518 1464 nis,
548 1393 861 1468 apostolica
885 1389 1226 1446 auctoritate
1252 1390 1310 1445 in
1332 1395 1680 1462 perpetuum
1705 1391 2012 1446 conﬁrma-

409 1501 540 1540 mus
560 1487 732 1555 atque
761 1479 1216 1546 constabilimus,
1249 1481 1310 1532 ut
1339 1479 1384 1533 si
1417 1480 1540 1551 quis
1580 1481 1788 1534 harum
1816 1496 2010 1534 rerum

404 1575 722 1629 temerator
743 1567 1151 1633 exstiterit,seu
1168 1567 1577 1638 possessiones,
1595 1567 1878 1633 ecclesias,
1899 1570 2013 1622 ter-

410 1675 502 1716 ras
532 1659 618 1714 vel
663 1673 844 1730 aquas
871 1655 1139 1726 ejusdem
1175 1653 1285 1709 loci
1310 1654 1524 1709 violare
1577 1655 1884 1709 tentavarit
1909 1656 2013 1710 sub

410 1745 799 1804 anathematis
821 1743 1145 1799 indictione
1174 1741 1484 1796 damnatus
1503 1742 1593 1798 sit.
1619 1744 1698 1798 De
1729 1743 1824 1796 illo
1863 1759 2012 1797 novo

411 1835 701 1902 canobio,
755 1832 911 1904 quod
953 1835 1086 1904 post
1135 1830 1514 1886 vastationem
1562 1831 2011 1886 Normannicam

409 1925 804 1982 constructum
835 1925 921 1975 est
959 1936 993 1975 a
1024 1919 1380 1974 nobilissimo
1411 1919 1623 1974 comite
1659 1919 2010 1986 Theobaldo,

2118 776 2412 848 sanctique
2431 777 2722 833 Lamberti
2735 795 2868 834 cum
2882 777 3051 834 terris
3065 777 3140 833 ad
3153 793 3249 833 eas
3275 778 3725 856 pertinentibus,

2118 865 2356 919 ecclesia
2383 865 2437 920 S.
2464 866 2616 920 Petri
2638 883 2770 922 cum
2801 868 3022 939 capella
3048 866 3105 923 S.
3137 866 3398 922 Joannis.
3420 869 3594 935 Item,
3621 870 3726 924 alia

2118 952 2248 1008 villa
2279 971 2406 1026 qua
2439 954 2645 1011 dicitur
2668 957 2935 1024 Alomna,
2967 973 3108 1032 cum
3135 958 3384 1013 ecclesiis
3413 957 3474 1012 in
3506 960 3725 1016 honore

2118 1039 2175 1094 S.
2207 1043 2444 1097 Joannis
2469 1047 2528 1098 et
2557 1044 2615 1098 S.
2649 1045 2928 1112 Docelini,
2960 1062 3091 1100 cum
3115 1045 3283 1100 terris
3312 1047 3387 1101 ad
3425 1063 3526 1102 eas
3555 1049 3728 1120 perti-

2117 1129 2406 1186 nentibus.
2438 1131 2564 1186 Alia
2589 1149 2819 1204 quoque
2851 1133 2985 1188 villa
3034 1134 3269 1189 nomine
3296 1133 3568 1203 Mironio,
3599 1153 3722 1192 cum

2117 1219 2352 1273 ecclesia
2385 1219 2442 1273 in
2471 1220 2695 1275 honore
2715 1221 3019 1276 S.Casarii
3050 1223 3108 1275 et
3135 1221 3304 1276 terris
3333 1238 3466 1294 qua
3492 1223 3570 1278 ad
3599 1240 3722 1279 eam

2115 1305 2567 1376 pertinentﬂac
2581 1309 2783 1364 omnia
2802 1309 3142 1364 auctoritate
3175 1311 3236 1368 B.
3257 1310 3410 1364 Petri
3435 1313 3721 1383 apostolo-

2116 1409 2246 1448 rum
2266 1395 2540 1466 principis
2569 1413 2766 1452 coram
2791 1397 2908 1452 Deo
2928 1413 2994 1452 ac
3023 1397 3267 1453 terribili
3289 1398 3488 1453 futuro
3506 1399 3718 1470 judicio

2116 1498 2220 1553 per
2231 1483 2398 1554 hujus
2413 1485 2713 1556 apostolici
2726 1485 2904 1540 nostri
2917 1485 3199 1557 privilegii
3216 1486 3716 1543 conﬁrmationem

2116 1570 2305 1624 eidem
2328 1573 2452 1626 loco
2476 1573 2762 1628 sancimus
2774 1577 2947 1644 atque
2979 1574 3434 1640 decernimus,et
3449 1591 3711 1648 quacun-

2115 1675 2226 1729 que
2242 1677 2276 1714 a
2297 1660 2561 1716 ﬁdelibus
2589 1661 2782 1716 eidem
2807 1663 2932 1717 loco
2956 1663 3229 1734 deinceps
3249 1655 3463 1718 collata
3482 1663 3712 1732 fuerint,

2117 1746 2233 1801 utsi
2247 1747 2372 1819 quis
2386 1748 2636 1804 nefarius
2655 1751 3074 1817 contradicere,
3089 1751 3360 1807 invadere
3379 1754 3482 1807 aut
3509 1755 3591 1808 cal
3601 1770 3716 1809 um-

2114 1834 2273 1889 niare
2293 1853 2540 1906 prasum
2549 1838 2744 1908 pserit,
2759 1838 3144 1894 anathematis
3162 1839 3400 1895 vinculo
3412 1841 3714 1897 innodatus

2113 1940 2146 1976 a
2177 1923 2633 1981 Christianorum
2654 1927 2925 1983 societate
2947 1927 3006 1981 in
3038 1932 3386 2000 perpetuum
3400 1934 3709 2002 separetur.

409 2015 469 2069 in
493 2015 620 2068 loco
655 2011 756 2084 qui
809 2009 1018 2064 dicitur
1066 2009 1386 2075 Salmurus,
1417 2007 1475 2062 in
1521 2007 1755 2062 abbatia
1800 2011 2011 2062 sancta
2034 2001 2086 2060 B
2109 2013 2183 2066 At
2211 2029 2346 2067 vero
2369 2013 2464 2084 qui
2513 2015 2610 2085 pio
2637 2014 2848 2069 intuitu
2876 2015 3214 2072 observator
3242 2033 3308 2072 ac
3355 2017 3418 2072 in
3451 2018 3712 2073 omnibus

408 2100 510 2159 Dei
559 2097 859 2156 Genitricis
913 2096 1102 2152 Maria
1146 2099 1204 2150 et
1235 2095 1414 2150 sancti
1457 2095 1697 2150 Joannis
1719 2095 2009 2166 Baptista,

406 2205 534 2264 qua
565 2206 600 2246 a
630 2188 834 2244 Carolo
866 2185 984 2240 ﬁlio
1003 2183 1270 2239 Ludovici
1293 2184 1500 2238 collata
1519 2183 1709 2238 fuerat
1736 2183 1926 2238 eidem
1949 2183 2006 2238 S.

402 2277 718 2344 Florentio,
743 2273 1170 2347 postulantibus
1207 2272 1549 2343 supradictis
1596 2271 1726 2326 ﬁliis
1775 2272 2006 2341 nostris,

2111 2101 2389 2156 exstiterit
2418 2103 2745 2158 custodiens
2766 2104 2944 2175 hujus
2963 2105 3145 2160 nostri
3171 2106 3478 2177 apostolici
3508 2106 3713 2162 consti-

2112 2188 2238 2258 tuti,
2254 2190 2674 2247 benedictionis
2703 2193 2952 2263 gratiam
2987 2209 3022 2247 a
3047 2193 3588 2250 misericordissimo
3607 2195 3710 2250 Do-

2111 2277 2273 2332 mino
2293 2279 2409 2332 Deo
2432 2283 2630 2335 nostro
2645 2281 3041 2352 multipliciter
3071 2286 3482 2355 consequatur,
3515 2299 3578 2339 ac
3592 2283 3711 2338 vita

400 2368 705 2426 statuimus
736 2363 1053 2437 apostolica
1080 2377 1324 2417 censura
1353 2363 1458 2417 sub
1484 2361 1660 2416 divini
1673 2361 1874 2432 judicii
1905 2363 2010 2418 ob-
2109 2369 2340 2420 aterna
2373 2367 2660 2440 particeps
2689 2368 2839 2424 efﬁci
2871 2372 3187 2427 mereatur.

396 2457 730 2522 testatione,
762 2471 836 2508 ne
858 2453 1104 2507 aliorum
1131 2450 1804 2522 quorumlibetdominio
1833 2451 2009 2522 subji-

2180 2454 2469 2527 Scriptum
2489 2473 2596 2528 per
2625 2474 2833 2513 manus
2853 2457 3082 2530 Georgii
3113 2457 3325 2514 notarii
3341 2475 3408 2513 ac
3430 2458 3701 2514 scriniarii

399 2545 582 2603 ciatur
606 2547 707 2602 aut
739 2541 1000 2597 inferiori
1030 2539 1302 2610 potestati
1327 2538 1628 2602 subdatur,
1655 2539 1757 2593 sed
1782 2539 1840 2594 in
1871 2555 2007 2610 per-
2106 2547 2318 2600 sancta
2349 2546 2626 2602 Romana
2667 2545 2931 2602 Ecclesia
2968 2546 3027 2602 in
3076 2563 3278 2604 mense
3305 2547 3512 2619 Aprili,
3539 2547 3707 2604 indic-

400 2639 643 2708 petuum
667 2647 772 2704 per
792 2629 1164 2685 succedentes
1193 2627 1450 2682 haredes
1475 2627 1794 2682 Theobaldi
1833 2633 2004 2699 atque
2107 2631 2267 2688 tione
2299 2634 2573 2689 secunda.

406 2721 622 2779 Odonis
649 2723 889 2791 regatur
917 2721 1090 2788 atque
1120 2715 1484 2770 defendatur.
1543 2714 1602 2768 Si
1646 2715 1770 2787 quis
1810 2720 2006 2772 autem

2893 2727 2960 2780 Il.

405 2827 610 2869 eorum
638 2809 828 2880 ipsum
857 2807 1051 2860 locum
1081 2803 1401 2875 cuicunque
1431 2806 1718 2858 extranea
1745 2820 2008 2876 persona
2107 2808 2336 2865 Joannis
2365 2809 2586 2866 XVIII
2614 2814 2960 2896 privilegium
2975 2830 3078 2896 pro
3107 2813 3349 2869 Ecclesia
3399 2813 3465 2870 S.
3513 2812 3705 2869 Maria

406 2896 808 2965 transfuderit,
840 2912 938 2950 seu
969 2908 1327 2966 quacunque
1350 2908 1599 2964 persona
1628 2894 1902 2948 eumdem
1924 2895 2009 2950 lo-

409 3005 542 3047 cum
569 2989 641 3044 ab
667 2987 748 3042 eis
773 2987 1040 3056 expetere
1084 2985 1183 3037 aut
1230 2996 1496 3036 coemere
1521 2983 1849 3051 tentaverit,
1879 2999 2012 3038 cum

408 3079 557 3138 Juda
584 3075 883 3150 proditore
929 3073 989 3127 in
1019 3075 1276 3126 extremo
1313 3071 1530 3142 judicio
1577 3071 1891 3126 anathema
1918 3072 2009 3128 sit.

414 3170 732 3241 Alligamus
742 3164 918 3219 etiam
939 3161 1149 3217 eodem
1171 3161 1542 3216 anathemate
1556 3177 1654 3216 eos
1675 3161 1773 3234 qui
1797 3161 2014 3234 aliquid

413 3259 486 3314 de
509 3259 598 3313 his
625 3271 752 3328 qua
805 3251 880 3307 ad
903 3266 1156 3324 prasens
1186 3249 1343 3304 idem
1391 3250 1548 3303 locus
1596 3249 1870 3322 possidet,
1925 3249 2012 3303 vel

411 3345 681 3418 deinceps
697 3339 1045 3414 acquisierit,
1073 3337 1300 3393 auferre
1325 3338 1662 3406 tentaverit,
1707 3355 1807 3392 seu
1837 3354 2014 3392 novas

408 3438 564 3509 leges
593 3433 827 3498 addere,
851 3429 958 3484 nisi
977 3431 1260 3500 quantum
1291 3427 1670 3482 constitutum
1695 3430 1781 3482 est
1817 3427 1888 3481 ali
1919 3443 2014 3481 ar-

407 3522 768 3596 chiepiscopo
795 3516 1054 3573 Arduino
1083 3518 1142 3570 et
1157 3515 1368 3570 comite
1387 3515 1588 3570 Odone
1608 3514 1725 3570 ﬁlio
1742 3515 2019 3570 Theobal—

408 3611 486 3668 di.
509 3610 825 3667 Statuimus
852 3606 1024 3661 etiam
1055 3607 1119 3659 ut
1138 3603 1184 3657 si
1215 3603 1444 3659 decreto
1477 3604 1880 3676 episcoporum
1912 3620 2016 3676 pa-

408 3718 515 3773 gus
537 3699 632 3755 ille
659 3691 1272 3754 excommunicationis
1303 3693 1660 3747 sententiam
1706 3692 2018 3764 exceperit,

407 3791 578 3849 liceat
607 3788 794 3844 eidem
812 3783 1076 3842 coenobio
1095 3782 1297 3836 missas
1337 3785 1395 3836 et
1428 3783 1654 3854 reliqua
1681 3797 1845 3836 sacra
1869 3782 2016 3836 cele-

407 3881 602 3948 brare,
624 3891 812 3948 neque
831 3874 903 3928 ab
919 3871 1201 3945 episcopis
1229 3871 1469 3941 propter
1485 3870 1596 3924 hoc
1611 3869 1846 3941 aliquod
1864 3886 2020 3942 pra-

401 3967 686 4042 judicium
713 3962 998 4019 sustinere
1029 3961 1288 4031 cogatur.
1333 3957 1498 4021 Quod
1533 3957 1579 4012 si
1619 3958 1811 4013 abbati
1840 3959 2018 4030 ipsius

405 4057 517 4114 loci
549 4056 741 4126 aliqua
770 4047 1064 4106 calumnia
1085 4047 1172 4100 vel
1202 4046 1425 4100 crimen
1450 4045 1834 4118 impingatur,
1849 4048 2018 4103 liceat

409 4163 542 4202 eum
563 4145 667 4200 sub
680 4141 904 4196 duobus
923 4139 1022 4194 aut
1041 4135 1222 4192 tribus
1245 4135 1528 4208 episcopis
1551 4153 1781 4192 causam
1801 4137 2014 4207 dicere,

409 4251 599 4307 neque
629 4230 1012 4286 irreverenter
1023 4225 1146 4280 sine
1161 4225 1379 4297 judicio
1401 4227 1634 4281 illorum
1655 4227 1865 4283 debeat
1881 4245 2014 4284 mo-

407 4321 625 4381 lestari.
651 4318 780 4375 Sint
799 4317 994 4388 itaque
1022 4313 1168 4370 servi
1195 4313 1296 4369 Dei
1325 4315 1600 4370 monachi
1620 4315 2019 4372 ibidemhabi-

405 4413 615 4479 tantes,
636 4407 817 4482 quieti
839 4405 912 4461 ab
929 4403 1092 4460 omni
1115 4402 1381 4459 molestia
1402 4403 1834 4475 cupidorum,et
1849 4406 2018 4461 liceat

405 4501 486 4559 eis
514 4497 752 4573 propria
777 4495 935 4553 bona
963 4492 1292 4564 disponere,
1325 4493 1443 4548 Deo
1473 4493 1799 4560 favente,ac
1821 4499 2020 4552 nostra

2774 2884 3057 2958 Isergensi.

2718 2967 2904 3045 (Anno
2930 2976 3108 3040 mos).

2276 3078 2521 3149 (Mum,
2545 3079 2748 3150 Papiri
2773 3079 3022 3150 diplom,
3057 3084 3204 3136 tom.
3230 3082 3273 3143 l,
3305 3096 3364 3151 p.
3397 3083 3546 3151 238].

2183 3167 2423 3222 JOANNES
2453 3166 2770 3239 episcopus,
2796 3184 2990 3223 servus
3019 3185 3317 3224 servorum
3345 3169 3468 3237 Dei,
3501 3168 3711 3224 univer-

2113 3255 2188 3310 sis
2207 3260 2417 3311 sancta
2449 3256 2725 3312 Romana
2749 3257 3006 3312 Ecclesia
3028 3257 3178 3312 ﬁliis.

2186 3344 2368 3400 Ofﬁcii
2393 3344 2574 3400 nostri
2604 3348 2690 3400 est
2718 3345 2982 3400 omnium
3013 3349 3350 3403 sanctarum
3386 3347 3484 3404 Dei
3528 3345 3710 3403 Eccle-

2114 3433 2331 3488 siarum
2362 3433 2675 3488 commoda
2698 3434 3053 3505 generaliter
3069 3435 3443 3491 considerare
3468 3439 3523 3490 et
3539 3434 3713 3490 maxi-

2116 3538 2213 3577 me
2239 3537 2440 3576 earum
2463 3538 2592 3593 qua
2621 3521 3016 3594 potentialiter
3065 3523 3171 3580 sub
3203 3524 3342 3596 jure
3373 3528 3432 3579 et
3461 3522 3709 3578 dominio

2119 3613 2330 3665 nostra
2358 3611 2636 3666 Romana
2670 3611 2936 3666 Ecclesiae
2972 3613 3315 3668 consistunt.
3375 3613 3434 3668 Si
3476 3611 3605 3686 quid
3633 3614 3711 3666 est

2119 3698 2562 3755 incommodum
2601 3699 2855 3770 abolere,
2903 3717 2976 3755 ne
3031 3701 3190 3772 gravi
3243 3700 3708 3758 incommoditate

2121 3805 2223 3842 sua
2253 3788 2530 3860 neglectae
2549 3787 2825 3842 vilescant
2841 3788 2929 3842 vel
2943 3789 3198 3860 qualibet
3219 3806 3327 3845 nos
3345 3806 3412 3845 ac
3432 3787 3709 3844 occasione

2121 3878 2317 3932 debita
2346 3875 2714 3932 solemnitate
2743 3879 2956 3932 careat.
2991 3879 3146 3933 Inter
3173 3883 3387 3933 catera
3436 3894 3562 3933 cum
3598 3877 3711 3947 plu-

2117 3967 2267 4021 rima
2288 3965 2660 4038 negotiorum
2690 3981 2908 4038 genera
2953 3967 3028 4021 ad
3073 3966 3271 4022 sedem
3297 3968 3616 4022 Romanam
3645 3980 3705 4018 ex

2119 4054 2355 4110 diversis
2383 4054 2587 4110 mundi
2615 4055 2876 4126 partibus
2925 4055 3287 4125 deferantur,
3353 4071 3594 4128 cumque
3641 4053 3708 4108 ad

2117 4145 2302 4199 multa
2323 4143 2750 4210 constituenda,
2791 4143 2906 4198 sive
2943 4144 3273 4200 ordinanda
3329 4145 3703 4208 conferamur,

2115 4233 2268 4288 inter
2292 4231 2578 4287 nonnulla
2601 4232 3045 4304 prasentiarum
3061 4233 3395 4306 accepimus
3421 4233 3560 4288 illud
3579 4246 3705 4304 quo-

2116 4339 2228 4394 que
2260 4321 2333 4377 ad
2369 4324 2595 4377 nostras
2626 4337 2792 4376 aures
2832 4321 3126 4393 pervenit;
3158 4322 3316 4394 quod
3333 4323 3566 4394 plebem
3588 4335 3702 4374 san-

2117 4414 2222 4466 cta
2246 4408 2434 4466 Maria
2465 4409 2620 4464 intra
2639 4409 2868 4464 civitate
2905 4426 3034 4482 qua
3065 4413 3302 4466 vocatur
3347 4411 3538 4482 Iserge
3562 4408 3705 4480 juxta

2117 4502 2342 4556 fontem
2375 4498 2555 4556 sancti
2575 4499 2812 4555 Joannis
2841 4499 3110 4570 Baptista
3139 4499 3340 4567 sitam,
3381 4499 3588 4570 partim
3612 4513 3704 4551 an-

405 4587 721 4664 apostolica
733 4583 1075 4640 auctoritate
1087 4582 1566 4649 conﬁrmante,ut
1581 4582 1738 4636 nulla
1759 4599 2019 4656 unquam
2039 4583 2094 4644 D
2119 4589 2399 4662 tiquitatis
2425 4605 2562 4655 sua,
2613 4588 2827 4659 partim
2857 4589 3217 4660 negligentia
3247 4589 3496 4660 pastoris
3545 4585 3706 4642 ruina

405 4695 676 4756 persona,
709 4676 1098 4746 cujuscunque
1137 4669 1462 4741 dignitatis,
1494 4671 1715 4742 aliquid
1748 4671 1820 4726 de
1849 4675 2022 4752 rebus

405 4771 494 4829 vel
517 4762 972 4844 possessionibus
1013 4777 1141 4832 qua
1200 4759 1274 4815 ad
1327 4775 1426 4814 eos
1453 4760 1753 4831 pertinent
1782 4778 2019 4836 quoquo

404 4859 582 4918 modo
613 4856 843 4913 auferre
893 4851 983 4906 vel
1015 4850 1270 4905 alienare
1293 4855 1628 4921 prasumat.
1663 4852 1792 4907 Hac
1821 4859 2017 4910 autem

403 4953 540 5008 sunt
565 4947 736 5003 ﬁscus
775 4940 1122 4998 Lentiliacus
1162 4954 1294 4992 cum
1327 4939 1562 4994 ecclesia
1604 4940 1664 4994 in
1693 4941 1918 4999 honore
1956 4944 2013 5001 S.

403 5038 594 5098 Maria
625 5041 682 5092 et
715 5032 946 5106 capellis
996 5030 1056 5086 S.
1105 5029 1302 5085 Hilarii
1323 5045 1388 5084 ac
1413 5029 1471 5084 S.
1494 5029 1801 5101 Vincentii,
1824 5035 1882 5088 et
1898 5051 2022 5090 om-

406 5127 575 5187 nibus
605 5143 732 5200 qua
764 5125 824 5180 in
853 5126 1040 5179 castro
1093 5119 1218 5175 sita
1266 5126 1421 5187 sunt,
1457 5122 1544 5174 vel
1585 5121 1867 5194 quidquid
1893 5143 2023 5181 am.

407 5219 556 5296 plius
577 5217 651 5272 ad
681 5215 872 5288 ipsum
904 5211 1182 5284 pertinet.
1201 5211 1370 5278 ltem,
1400 5209 1534 5264 villa
1558 5227 1685 5281 qua
1707 5210 1916 5268 dicitur
1929 5215 2020 5274 Di-

405 5310 645 5366 striacus
669 5321 802 5360 cum
833 5301 1074 5357 ecclesia
1094 5299 1151 5356 S.
1183 5299 1392 5354 Iuliani
1421 5299 1710 5371 martyris,
1743 5302 1857 5357 alia
1872 5320 2018 5376 quo-

405 5415 518 5475 que
544 5395 673 5451 villa
695 5409 823 5467 qua
851 5391 1060 5447 dicitur
1083 5389 1262 5444 Ulmis
1277 5405 1410 5442 cum
1429 5388 1667 5443 ecclesia
1695 5389 1752 5446 S.
1779 5391 2017 5448 Vincen-

403 5489 492 5558 ιίί,
522 5489 583 5542 et
611 5483 831 5558 capella
859 5497 989 5554 qua
1033 5478 1244 5534 dicitur
1296 5477 1606 5535 Mainiacus
1655 5495 1787 5534 cum
1843 5482 2014 5538 terris

405 5593 537 5653 qua
553 5573 628 5628 ad
647 5589 743 5628 eas
770 5571 1088 5644 pertinent.
1115 5567 1400 5624 Possessio
1439 5567 1615 5623 etiam
1643 5585 1771 5642 qua
1806 5569 2013 5626 dicitur

406 5661 932 5736 capi-iniacus,cum
945 5657 1182 5712 ecclesia
1202 5657 1259 5712 S.
1283 5655 1510 5728 Georgii
1529 5660 1588 5712 et
1606 5657 1858 5729 capellis,
1882 5677 2011 5732 qua

402 5750 688 5808 vocantur
711 5748 878 5817 vulgo
901 5745 960 5800 S.
991 5746 1226 5800 Helerus
1255 5748 1315 5800 et
1359 5745 1604 5818 Savoya,
1667 5762 1801 5802 cum
1843 5747 2012 5802 terris

407 5850 540 5910 quae
567 5831 642 5883 ad
661 5831 1095 5899 easpertinent;
1128 5833 1260 5886 villa
1291 5849 1521 5904 quoque
1554 5832 1830 5890 vocabulo
1863 5833 2011 5890 Cad-

406 5914 604 5978 urnis
629 5927 763 5969 cum
781 5915 1096 5973 Daneziaco
1124 5920 1184 5972 et
1201 5919 1440 5978 ecclesia
1463 5919 1686 5978 ibidem
1711 5921 1843 5982 sita.
1859 5923 2012 6000 Pes-3

2122 4681 2281 4752 lapsa
2309 4677 2622 4735 defecerat.
2649 4676 2764 4731 Sed
2787 4679 2930 4731 nutu
2970 4677 3070 4733 Dei
3131 4677 3377 4750 ejusque
3434 4672 3707 4748 genitricis

2120 4766 2496 4825 Landinolfus
2519 4780 2732 4832 comes,
2784 4764 2932 4819 ﬁlius
2970 4765 3196 4820 comitis
3248 4764 3509 4820 Landolﬁ
3550 4759 3707 4818 Graci

2119 4874 2251 4915 cum
2279 4857 2448 4912 bona
2468 4846 2770 4909 memoria
2795 4853 3038 4908 Gemma
3067 4854 3318 4926 conjuge
3374 4869 3476 4909 sua
3522 4853 3590 4908 de
3626 4867 3708 4905 re-

2116 4949 2222 5004 bus
2248 4944 2503 5018 propriis
2523 4959 2628 5014 pro
2654 4942 3057 5015 redemptione
3075 4943 3287 5000 anima
3309 4959 3512 5000 eorum
3540 4942 3705 5016 ipsam

2118 5034 2419 5106 antiquam
2447 5032 2681 5103 plebem
2731 5031 2803 5086 ad
2830 5031 3113 5086 honorem
3166 5031 3222 5086 S.
3263 5031 3456 5088 Maria
3483 5029 3705 5088 readin-

2118 5123 2268 5179 cavit
2297 5125 2469 5192 atque
2499 5119 2820 5174 renovavit.
2856 5119 3062 5174 Fuerat
3092 5119 3250 5174 enim
3289 5121 3586 5193 quondam
3628 5133 3704 5173 oc-

2118 5214 2327 5285 cupata
2355 5209 2680 5282 pastoribus
2709 5207 2808 5281 qui
2829 5224 2947 5263 non
2968 5208 3074 5263 sibi
3095 5209 3467 5281 profecerant
3487 5209 3557 5264 ad
3583 5223 3703 5278 aug-

2117 5305 2406 5368 mentum,
2437 5299 2537 5353 sed
2564 5297 2740 5352 totius
2777 5298 3204 5353 imminutionis
3241 5298 3483 5354 dederat
3510 5311 3702 5370 oppro-

2114 5391 2328 5448 brium.
2362 5389 2508 5459 Ergo
2537 5386 2801 5459 quamvis
2846 5387 3108 5459 priorum
3161 5387 3402 5442 Patrum
3460 5385 3700 5458 exemplo

2115 5480 2450 5540 doceamur,
2483 5478 2544 5530 ut
2575 5475 2846 5531 omnibus
2877 5473 3125 5530 ecclesiis
3175 5491 3280 5548 per
3304 5479 3491 5530 totum
3519 5474 3700 5530 orbem

2111 5573 2401 5624 terrarum
2429 5562 2646 5618 diffusis
2679 5561 2885 5618 Christi
2925 5579 3126 5618 amore
3175 5563 3274 5634 qui
3305 5579 3404 5618 eas
3433 5563 3606 5619 nostri
3631 5559 3701 5616 of-

2111 5655 2223 5710 ﬁcii
2247 5654 2478 5708 subesse
2506 5651 2688 5707 voluit
2716 5649 3037 5710 ministerio
3065 5649 3345 5722 prodesse
3387 5650 3698 5713 debeamus,

2109 5748 2310 5800 tamen
2343 5746 2402 5796 et
2427 5741 2552 5795 hac
2576 5755 2682 5794 nos
2712 5739 2786 5794 ad
2810 5737 3274 5794 subveniendum
3319 5742 3490 5812 cogat
3525 5751 3697 5793 neces-

2111 5833 2270 5890 sitas.
2332 5829 2699 5902 Quapropter
2761 5826 3004 5900 dignum
3056 5827 3304 5884 dicimus
3360 5843 3492 5884 eam
3529 5824 3699 5884 Eccle-

2110 5921 2256 5978 siam
2273 5919 2499 5978 Sancta
2507 5916 2698 5977 Maria
2711 5917 2884 5976 sitam
2895 5917 3063 5994 juxta
3073 5917 3308 5978 fontem
3331 5915 3519 5978 sancti
3539 5915 3694 5976 Joan-
