  <div class='ocr_page' id='page_1' title='image "/cluster/home/n/w/nwhite01/storage/ocr_20150623/139/uva.x000829787/748.png"; bbox 0 0 3900 6216; ppageno 0'>
   <div class='ocr_carea' id='block_1_1' title="bbox 147 474 3443 573">
    <p class='ocr_par' dir='ltr' id='par_1_1' title="bbox 147 474 3443 573">
     <span class='ocr_line' id='line_1_1' title="bbox 147 474 3443 573; baseline -0.012 1"><span class='ocrx_word' id='word_1_1' title='bbox 147 505 252 573; x_wconf 62' lang='grc' dir='ltr'><em>ιιθι</em></span> <span class='ocrx_word' id='word_1_2' title='bbox 1314 496 1670 556; x_wconf 57' lang='lat' dir='ltr'><em>EPISTOLIE</em></span> <span class='ocrx_word' id='word_1_3' title='bbox 1705 474 1794 555; x_wconf 74' lang='lat' dir='ltr'><em>ET</em></span> <span class='ocrx_word' id='word_1_4' title='bbox 1832 495 2226 555; x_wconf 55' lang='lat' dir='ltr'><em>animus</em></span> <span class='ocrx_word' id='word_1_5' title='bbox 3306 498 3443 556; x_wconf 55' lang='lat'><em>“8.2</em></span> 
     </span>
    </p>
   </div>
   <div class='ocr_carea' id='block_1_2' title="bbox 145 611 2672 699">
    <p class='ocr_par' dir='ltr' id='par_1_2' title="bbox 145 611 2672 699">
     <span class='ocr_line' id='line_1_2' title="bbox 145 611 2672 699; baseline -0.006 -15"><span class='ocrx_word' id='word_1_6' title='bbox 145 627 216 684; x_wconf 83' lang='lat' dir='ltr'><em>uis</em></span> <span class='ocrx_word' id='word_1_7' title='bbox 237 627 488 699; x_wconf 63' lang='lat' dir='ltr'><em>Baptistae</em></span> <span class='ocrx_word' id='word_1_8' title='bbox 507 627 663 682; x_wconf 84' lang='lat' dir='ltr'><em>intra</em></span> <span class='ocrx_word' id='word_1_9' title='bbox 681 623 968 680; x_wconf 84' lang='lat' dir='ltr'><em>civitatem</em></span> <span class='ocrx_word' id='word_1_10' title='bbox 986 641 1114 696; x_wconf 80' lang='lat' dir='ltr'><em>quae</em></span> <span class='ocrx_word' id='word_1_11' title='bbox 1135 625 1325 693; x_wconf 86' lang='lat' dir='ltr'><em>lserge</em></span> <span class='ocrx_word' id='word_1_12' title='bbox 1355 623 1439 677; x_wconf 90' lang='lat' dir='ltr'><em>vel</em></span> <span class='ocrx_word' id='word_1_13' title='bbox 1465 619 1524 674; x_wconf 92' lang='lat' dir='ltr'><em>in</em></span> <span class='ocrx_word' id='word_1_14' title='bbox 1548 617 1710 674; x_wconf 89' lang='lat' dir='ltr'><em>omni</em></span> <span class='ocrx_word' id='word_1_15' title='bbox 1749 623 1804 685; x_wconf 76' lang='grc' dir='ltr'><strong>Α</strong></span> <span class='ocrx_word' id='word_1_16' title='bbox 2609 611 2672 669; x_wconf 88' lang='grc' dir='ltr'><strong>ν.</strong></span> 
     </span>
    </p>
   </div>
   <div class='ocr_carea' id='block_1_3' title="bbox 144 702 3442 790">
    <p class='ocr_par' dir='ltr' id='par_1_3' title="bbox 144 702 3442 790">
     <span class='ocr_line' id='line_1_3' title="bbox 144 702 3442 790; baseline -0.004 -18"><span class='ocrx_word' id='word_1_17' title='bbox 144 735 227 772; x_wconf 86' lang='lat' dir='ltr'><em>sua</em></span> <span class='ocrx_word' id='word_1_18' title='bbox 269 715 636 790; x_wconf 79' lang='lat' dir='ltr'><em>pertinentia.</em></span> <span class='ocrx_word' id='word_1_19' title='bbox 687 719 748 768; x_wconf 91' lang='lat' dir='ltr'><em>ut</em></span> <span class='ocrx_word' id='word_1_20' title='bbox 789 715 1059 786; x_wconf 61' lang='lat' dir='ltr'><em>praefatus</em></span> <span class='ocrx_word' id='word_1_21' title='bbox 1109 729 1303 768; x_wconf 87' lang='lat' dir='ltr'><em>comes</em></span> <span class='ocrx_word' id='word_1_22' title='bbox 1349 711 1721 766; x_wconf 82' lang='lat' dir='ltr'><em>Landinolt‘us</em></span> <span class='ocrx_word' id='word_1_23' title='bbox 1829 708 2074 790; x_wconf 33' lang='lat' dir='ltr'><em>Joannes.</em></span> <span class='ocrx_word' id='word_1_24' title='bbox 2099 702 2317 790; x_wconf 46' lang='lat' dir='ltr'><em>IXVIII</em></span> <span class='ocrx_word' id='word_1_25' title='bbox 2357 704 2444 786; x_wconf 37' lang='lat' dir='ltr'><em>(l).</em></span> <span class='ocrx_word' id='word_1_26' title='bbox 2479 702 2791 790; x_wconf 49' lang='lat' dir='ltr'><em>genedicto,</em></span> <span class='ocrx_word' id='word_1_27' title='bbox 2845 703 3079 790; x_wconf 49' lang='lat' dir='ltr'><em>episcopo</em></span> <span class='ocrx_word' id='word_1_28' title='bbox 3131 703 3442 790; x_wconf 55' lang='lat' dir='ltr'><em>Portiicnsi,</em></span> 
     </span>
    </p>
   </div>
   <div class='ocr_carea' id='block_1_4' title="bbox 145 775 3334 862">
    <p class='ocr_par' dir='ltr' id='par_1_4' title="bbox 145 775 3334 862">
     <span class='ocr_line' id='line_1_4' title="bbox 145 775 3334 862; baseline 0.001 -32"><span class='ocrx_word' id='word_1_29' title='bbox 145 775 541 862; x_wconf 59' lang='lat' dir='ltr'><em>ﬁnus‘mndom</em></span> <span class='ocrx_word' id='word_1_30' title='bbox 564 803 741 858; x_wconf 49' lang='grc' dir='ltr'>ϐαθεῖ</span> <span class='ocrx_word' id='word_1_31' title='bbox 766 775 897 857; x_wconf 69' lang='lat' dir='ltr'><em>c&#39;um</em></span> <span class='ocrx_word' id='word_1_32' title='bbox 919 803 1034 858; x_wconf 68' lang='lat' dir='ltr'><em>suis</em></span> <span class='ocrx_word' id='word_1_33' title='bbox 1051 801 1375 856; x_wconf 46' lang='lat' dir='ltr'><em>heredibus</em></span> <span class='ocrx_word' id='word_1_34' title='bbox 1394 799 1722 854; x_wconf 66' lang='lat' dir='ltr'><em>dominium</em></span> <span class='ocrx_word' id='word_1_35' title='bbox 1937 779 2225 834; x_wconf 82' lang='lat' dir='ltr'><em>dimidium</em></span> <span class='ocrx_word' id='word_1_36' title='bbox 2267 778 2444 847; x_wconf 80' lang='lat' dir='ltr'><em>campi</em></span> <span class='ocrx_word' id='word_1_37' title='bbox 2470 775 2738 844; x_wconf 86' lang='lat' dir='ltr'><em>Stagnelli</em></span> <span class='ocrx_word' id='word_1_38' title='bbox 2770 775 3041 833; x_wconf 76' lang='lat' dir='ltr'><em>maledicti</em></span> <span class='ocrx_word' id='word_1_39' title='bbox 3073 776 3334 832; x_wconf 83' lang='lat' dir='ltr'><em>concedit.</em></span> 
     </span>
    </p>
   </div>
   <div class='ocr_carea' id='block_1_5' title="bbox 145 862 1710 968">
    <p class='ocr_par' dir='ltr' id='par_1_5' title="bbox 145 887 1710 968">
     <span class='ocr_line' id='line_1_5' title="bbox 145 887 1710 968; baseline -0.007 -17"><span class='ocrx_word' id='word_1_40' title='bbox 145 903 189 952; x_wconf 86' lang='lat' dir='ltr'><em>et</em></span> <span class='ocrx_word' id='word_1_41' title='bbox 221 897 552 968; x_wconf 87' lang='lat' dir='ltr'><em>potestatem</em></span> <span class='ocrx_word' id='word_1_42' title='bbox 587 896 890 947; x_wconf 81' lang='lat' dir='ltr'><em>exerceant</em></span> <span class='ocrx_word' id='word_1_43' title='bbox 926 891 999 945; x_wconf 88' lang='lat' dir='ltr'><em>ad</em></span> <span class='ocrx_word' id='word_1_44' title='bbox 1046 890 1366 959; x_wconf 79' lang='lat' dir='ltr'><em>regendum</em></span> <span class='ocrx_word' id='word_1_45' title='bbox 1414 887 1710 942; x_wconf 81' lang='lat' dir='ltr'><em>servitores</em></span> 
     </span>
    </p>
   </div>
   <div class='ocr_carea' id='block_1_6' title="bbox 1842 862 2847 968">
    <p class='ocr_par' dir='ltr' id='par_1_6' title="bbox 2429 862 2847 935">
     <span class='ocr_line' id='line_1_6' title="bbox 2429 862 2847 935; baseline -0.005 -17"><span class='ocrx_word' id='word_1_46' title='bbox 2429 866 2617 935; x_wconf 77' lang='lat' dir='ltr'><em>(Anno</em></span> <span class='ocrx_word' id='word_1_47' title='bbox 2663 862 2847 934; x_wconf 83' lang='grc'><strong>1005.)</strong></span> 
     </span>
    </p>
   </div>
   <div class='ocr_carea' id='block_1_7' title="bbox 146 970 3196 1056">
    <p class='ocr_par' dir='ltr' id='par_1_7' title="bbox 146 970 3196 1056">
     <span class='ocr_line' id='line_1_7' title="bbox 146 970 3196 1056; baseline -0.005 -17"><span class='ocrx_word' id='word_1_48' title='bbox 146 985 294 1056; x_wconf 82' lang='lat' dir='ltr'><em>ipsius</em></span> <span class='ocrx_word' id='word_1_49' title='bbox 321 982 576 1038; x_wconf 70' lang='lat' dir='ltr'><em>ecclesia&quot;:</em></span> <span class='ocrx_word' id='word_1_50' title='bbox 607 982 923 1035; x_wconf 90' lang='lat' dir='ltr'><em>secundum</em></span> <span class='ocrx_word' id='word_1_51' title='bbox 958 981 1142 1034; x_wconf 92' lang='lat' dir='ltr'><em>Deum</em></span> <span class='ocrx_word' id='word_1_52' title='bbox 1171 983 1228 1032; x_wconf 88' lang='lat' dir='ltr'><em>et</em></span> <span class='ocrx_word' id='word_1_53' title='bbox 1275 976 1723 1032; x_wconf 87' lang='lat' dir='ltr'><em>ecclesiasticum</em></span> <span class='ocrx_word' id='word_1_54' title='bbox 2224 973 2513 1040; x_wconf 79' lang='lat' dir='ltr'><em>[UcnnLLI,</em></span> <span class='ocrx_word' id='word_1_55' title='bbox 2545 970 2703 1026; x_wconf 85' lang='lat' dir='ltr'><em>Italia</em></span> <span class='ocrx_word' id='word_1_56' title='bbox 2735 987 2906 1036; x_wconf 85' lang='lat' dir='ltr'><em>sacra,</em></span> <span class='ocrx_word' id='word_1_57' title='bbox 2957 971 2997 1037; x_wconf 88' lang='grc' dir='ltr'><em>Ι,</em></span> <span class='ocrx_word' id='word_1_58' title='bbox 3047 973 3196 1036; x_wconf 64' lang='lat'><em>119.]</em></span> 
     </span>
    </p>
   </div>
   <div class='ocr_carea' id='block_1_8' title="bbox 147 1067 3445 1149">
    <p class='ocr_par' dir='ltr' id='par_1_8' title="bbox 147 1067 3445 1149">
     <span class='ocr_line' id='line_1_8' title="bbox 147 1067 3445 1149; baseline 0.001 -22"><span class='ocrx_word' id='word_1_59' title='bbox 147 1073 478 1138; x_wconf 88' lang='lat' dir='ltr'><em>ordinem,ut</em></span> <span class='ocrx_word' id='word_1_60' title='bbox 498 1071 797 1124; x_wconf 82' lang='lat' dir='ltr'><em>servitium</em></span> <span class='ocrx_word' id='word_1_61' title='bbox 819 1069 919 1124; x_wconf 85' lang='lat' dir='ltr'><em>Dei</em></span> <span class='ocrx_word' id='word_1_62' title='bbox 943 1087 1059 1124; x_wconf 89' lang='lat' dir='ltr'><em>non</em></span> <span class='ocrx_word' id='word_1_63' title='bbox 1081 1069 1378 1123; x_wconf 80' lang='lat' dir='ltr'><em>minuetur</em></span> <span class='ocrx_word' id='word_1_64' title='bbox 1393 1067 1491 1121; x_wconf 90' lang='lat' dir='ltr'><em>sed</em></span> <span class='ocrx_word' id='word_1_65' title='bbox 1520 1080 1730 1135; x_wconf 83' lang='lat' dir='ltr'><em>augea-</em></span> <span class='ocrx_word' id='word_1_66' title='bbox 1899 1078 2142 1131; x_wconf 62' lang='lat' dir='ltr'><em>Jomxgs</em></span> <span class='ocrx_word' id='word_1_67' title='bbox 2173 1076 2495 1149; x_wconf 88' lang='lat' dir='ltr'><em>episcopus,</em></span> <span class='ocrx_word' id='word_1_68' title='bbox 2528 1092 2720 1130; x_wconf 89' lang='lat' dir='ltr'><em>servus</em></span> <span class='ocrx_word' id='word_1_69' title='bbox 2749 1092 3044 1131; x_wconf 88' lang='lat' dir='ltr'><em>servorum</em></span> <span class='ocrx_word' id='word_1_70' title='bbox 3086 1075 3208 1146; x_wconf 87' lang='lat' dir='ltr'><em>Dei,</em></span> <span class='ocrx_word' id='word_1_71' title='bbox 3236 1076 3445 1133; x_wconf 89' lang='lat' dir='ltr'><em>dilecto</em></span> 
     </span>
    </p>
   </div>
   <div class='ocr_carea' id='block_1_9' title="bbox 149 1156 3444 1235">
    <p class='ocr_par' dir='ltr' id='par_1_9' title="bbox 149 1156 3444 1235">
     <span class='ocr_line' id='line_1_9' title="bbox 149 1156 3444 1235; baseline 0.003 -26"><span class='ocrx_word' id='word_1_72' title='bbox 149 1167 224 1215; x_wconf 74' lang='lat' dir='ltr'><em>tur</em></span> <span class='ocrx_word' id='word_1_73' title='bbox 239 1165 291 1216; x_wconf 80' lang='lat' dir='ltr'><em>et</em></span> <span class='ocrx_word' id='word_1_74' title='bbox 309 1163 542 1215; x_wconf 76' lang='lat' dir='ltr'><em>crescat.</em></span> <span class='ocrx_word' id='word_1_75' title='bbox 564 1159 939 1214; x_wconf 84' lang='lat' dir='ltr'><em>Decernimus</em></span> <span class='ocrx_word' id='word_1_76' title='bbox 963 1159 1138 1213; x_wconf 88' lang='lat' dir='ltr'><em>etiam</em></span> <span class='ocrx_word' id='word_1_77' title='bbox 1159 1162 1218 1210; x_wconf 91' lang='lat' dir='ltr'><em>ut</em></span> <span class='ocrx_word' id='word_1_78' title='bbox 1249 1157 1549 1227; x_wconf 89' lang='lat' dir='ltr'><em>episcopus</em></span> <span class='ocrx_word' id='word_1_79' title='bbox 1577 1156 1727 1225; x_wconf 90' lang='lat' dir='ltr'><em>ejus-</em></span> <span class='ocrx_word' id='word_1_80' title='bbox 1833 1169 2027 1219; x_wconf 88' lang='lat' dir='ltr'><em>nostro</em></span> <span class='ocrx_word' id='word_1_81' title='bbox 2067 1164 2125 1217; x_wconf 92' lang='lat' dir='ltr'><em>in</em></span> <span class='ocrx_word' id='word_1_82' title='bbox 2147 1165 2372 1218; x_wconf 88' lang='lat' dir='ltr'><em>Christo</em></span> <span class='ocrx_word' id='word_1_83' title='bbox 2400 1163 2681 1235; x_wconf 89' lang='lat' dir='ltr'><em>spirituali</em></span> <span class='ocrx_word' id='word_1_84' title='bbox 2703 1163 2820 1218; x_wconf 84' lang='lat' dir='ltr'><em>ﬁlio</em></span> <span class='ocrx_word' id='word_1_85' title='bbox 2851 1165 3150 1220; x_wconf 69' lang='lat' dir='ltr'><em>Bsnsmcro</em></span> <span class='ocrx_word' id='word_1_86' title='bbox 3171 1181 3444 1220; x_wconf 87' lang='lat' dir='ltr'><em>reveren-</em></span> 
     </span>
    </p>
   </div>
   <div class='ocr_carea' id='block_1_10' title="bbox 147 1244 3446 1326">
    <p class='ocr_par' dir='ltr' id='par_1_10' title="bbox 147 1244 3446 1326">
     <span class='ocr_line' id='line_1_10' title="bbox 147 1244 3446 1326; baseline -0.002 -24"><span class='ocrx_word' id='word_1_87' title='bbox 147 1249 257 1302; x_wconf 88' lang='lat' dir='ltr'><em>dem</em></span> <span class='ocrx_word' id='word_1_88' title='bbox 287 1251 469 1318; x_wconf 88' lang='lat' dir='ltr'><em>lserge</em></span> <span class='ocrx_word' id='word_1_89' title='bbox 492 1247 734 1302; x_wconf 76' lang='lat' dir='ltr'><em>civitatis</em></span> <span class='ocrx_word' id='word_1_90' title='bbox 761 1247 904 1302; x_wconf 86' lang='lat' dir='ltr'><em>nihil</em></span> <span class='ocrx_word' id='word_1_91' title='bbox 939 1247 1180 1301; x_wconf 88' lang='lat' dir='ltr'><em>omnino</em></span> <span class='ocrx_word' id='word_1_92' title='bbox 1221 1247 1290 1299; x_wconf 89' lang='lat' dir='ltr'><em>de</em></span> <span class='ocrx_word' id='word_1_93' title='bbox 1322 1247 1492 1301; x_wconf 85' lang='lat' dir='ltr'><em>rebus</em></span> <span class='ocrx_word' id='word_1_94' title='bbox 1529 1244 1614 1298; x_wconf 86' lang='lat' dir='ltr'><em>vel</em></span> <span class='ocrx_word' id='word_1_95' title='bbox 1641 1260 1730 1298; x_wconf 92' lang='lat' dir='ltr'><em>or-</em></span> <span class='ocrx_word' id='word_1_96' title='bbox 1831 1253 2424 1324; x_wconf 87' lang='lat' dir='ltr'><em>dissimoepiscopoS.</em></span> <span class='ocrx_word' id='word_1_97' title='bbox 2451 1251 2782 1306; x_wconf 86' lang='lat' dir='ltr'><em>Portuensis</em></span> <span class='ocrx_word' id='word_1_98' title='bbox 2796 1252 3058 1309; x_wconf 71' lang='lat' dir='ltr'><em>Ecclesia:</em></span> <span class='ocrx_word' id='word_1_99' title='bbox 3080 1253 3446 1326; x_wconf 79' lang='lat' dir='ltr'><em>suisquesuc.</em></span> 
     </span>
    </p>
   </div>
   <div class='ocr_carea' id='block_1_11' title="bbox 151 1333 2636 1413">
    <p class='ocr_par' dir='ltr' id='par_1_11' title="bbox 151 1333 2636 1413">
     <span class='ocr_line' id='line_1_11' title="bbox 151 1333 2636 1413; baseline -0.001 -22"><span class='ocrx_word' id='word_1_100' title='bbox 151 1337 602 1408; x_wconf 83' lang='lat' dir='ltr'><em>nameutisipsius</em></span> <span class='ocrx_word' id='word_1_101' title='bbox 621 1337 874 1408; x_wconf 69' lang='lat' dir='ltr'><em>prazfatm</em></span> <span class='ocrx_word' id='word_1_102' title='bbox 889 1335 1151 1390; x_wconf 72' lang='lat' dir='ltr'><em>Ecclesim</em></span> <span class='ocrx_word' id='word_1_103' title='bbox 1174 1337 1398 1390; x_wconf 58' lang='lat' dir='ltr'><em>Sanctae</em></span> <span class='ocrx_word' id='word_1_104' title='bbox 1421 1333 1607 1389; x_wconf 70' lang='lat' dir='ltr'><em>Mariae</em></span> <span class='ocrx_word' id='word_1_105' title='bbox 1625 1349 1730 1404; x_wconf 88' lang='lat' dir='ltr'><em>per</em></span> <span class='ocrx_word' id='word_1_106' title='bbox 1829 1341 2151 1396; x_wconf 76' lang='lat' dir='ltr'><em>cessoribus</em></span> <span class='ocrx_word' id='word_1_107' title='bbox 2179 1343 2236 1395; x_wconf 81' lang='lat' dir='ltr'><em>in</em></span> <span class='ocrx_word' id='word_1_108' title='bbox 2269 1344 2636 1413; x_wconf 82' lang='lat' dir='ltr'><em>perpetuum.</em></span> 
     </span>
    </p>
   </div>
   <div class='ocr_carea' id='block_1_12' title="bbox 150 1422 3440 1502">
    <p class='ocr_par' dir='ltr' id='par_1_12' title="bbox 150 1422 3440 1502">
     <span class='ocr_line' id='line_1_12' title="bbox 150 1422 3440 1502; baseline -0.001 -21"><span class='ocrx_word' id='word_1_109' title='bbox 150 1427 436 1497; x_wconf 80' lang='lat' dir='ltr'><em>quamlibet</em></span> <span class='ocrx_word' id='word_1_110' title='bbox 457 1425 822 1480; x_wconf 85' lang='lat' dir='ltr'><em>occasionem</em></span> <span class='ocrx_word' id='word_1_111' title='bbox 835 1425 918 1479; x_wconf 88' lang='lat' dir='ltr'><em>vel</em></span> <span class='ocrx_word' id='word_1_112' title='bbox 938 1427 1351 1495; x_wconf 77' lang='lat' dir='ltr'><em>argumentum</em></span> <span class='ocrx_word' id='word_1_113' title='bbox 1375 1422 1728 1478; x_wconf 88' lang='lat' dir='ltr'><em>imminuere</em></span> <span class='ocrx_word' id='word_1_114' title='bbox 1904 1429 2138 1493; x_wconf 74' lang='lat' dir='ltr'><em>Quoties</em></span> <span class='ocrx_word' id='word_1_115' title='bbox 2166 1430 2262 1484; x_wconf 73' lang='lat' dir='ltr'><em>illa</em></span> <span class='ocrx_word' id='word_1_116' title='bbox 2291 1447 2325 1484; x_wconf 63' lang='grc' dir='ltr'>ἃ</span> <span class='ocrx_word' id='word_1_117' title='bbox 2356 1429 2522 1484; x_wconf 85' lang='lat' dir='ltr'><em>nobis</em></span> <span class='ocrx_word' id='word_1_118' title='bbox 2556 1429 2728 1483; x_wconf 82' lang='lat' dir='ltr'><em>tribui</em></span> <span class='ocrx_word' id='word_1_119' title='bbox 2756 1433 3059 1501; x_wconf 81' lang='lat' dir='ltr'><em>sperantur</em></span> <span class='ocrx_word' id='word_1_120' title='bbox 3081 1447 3208 1502; x_wconf 58' lang='lat' dir='ltr'><em>quas</em></span> <span class='ocrx_word' id='word_1_121' title='bbox 3231 1430 3440 1488; x_wconf 80' lang='lat' dir='ltr'><em>rationi</em></span> 
     </span>
    </p>
   </div>
   <div class='ocr_carea' id='block_1_13' title="bbox 151 1511 3442 1585">
    <p class='ocr_par' dir='ltr' id='par_1_13' title="bbox 151 1511 3442 1585">
     <span class='ocr_line' id='line_1_13' title="bbox 151 1511 3442 1585; baseline 0.003 -21"><span class='ocrx_word' id='word_1_122' title='bbox 151 1515 218 1568; x_wconf 86' lang='lat' dir='ltr'><em>vel</em></span> <span class='ocrx_word' id='word_1_123' title='bbox 255 1516 444 1570; x_wconf 78' lang='lat' dir='ltr'><em>tollere</em></span> <span class='ocrx_word' id='word_1_124' title='bbox 478 1517 820 1585; x_wconf 67' lang='lat' dir='ltr'><em>prmsumat;</em></span> <span class='ocrx_word' id='word_1_125' title='bbox 864 1517 920 1567; x_wconf 91' lang='lat' dir='ltr'><em>et</em></span> <span class='ocrx_word' id='word_1_126' title='bbox 968 1514 1294 1567; x_wconf 81' lang='lat' dir='ltr'><em>nullatenus</em></span> <span class='ocrx_word' id='word_1_127' title='bbox 1344 1513 1478 1566; x_wconf 91' lang='lat' dir='ltr'><em>inde</em></span> <span class='ocrx_word' id='word_1_128' title='bbox 1509 1511 1727 1584; x_wconf 87' lang='lat' dir='ltr'><em>aliquid</em></span> <span class='ocrx_word' id='word_1_129' title='bbox 1833 1516 2237 1573; x_wconf 85' lang='lat' dir='ltr'><em>incunctanter</em></span> <span class='ocrx_word' id='word_1_130' title='bbox 2265 1518 2635 1584; x_wconf 88' lang='lat' dir='ltr'><em>conveniunt,</em></span> <span class='ocrx_word' id='word_1_131' title='bbox 2668 1518 2865 1574; x_wconf 89' lang='lat' dir='ltr'><em>animo</em></span> <span class='ocrx_word' id='word_1_132' title='bbox 2907 1535 3011 1572; x_wconf 90' lang='lat' dir='ltr'><em>nos</em></span> <span class='ocrx_word' id='word_1_133' title='bbox 3044 1519 3212 1572; x_wconf 86' lang='lat' dir='ltr'><em>docet</em></span> <span class='ocrx_word' id='word_1_134' title='bbox 3239 1519 3442 1574; x_wconf 87' lang='lat' dir='ltr'><em>libenti</em></span> 
     </span>
    </p>
   </div>
   <div class='ocr_carea' id='block_1_14' title="bbox 150 1601 3443 1679">
    <p class='ocr_par' dir='ltr' id='par_1_14' title="bbox 150 1601 3443 1679">
     <span class='ocr_line' id='line_1_14' title="bbox 150 1601 3443 1679; baseline 0.002 -23"><span class='ocrx_word' id='word_1_135' title='bbox 150 1603 284 1673; x_wconf 85' lang='lat' dir='ltr'><em>quasi</em></span> <span class='ocrx_word' id='word_1_136' title='bbox 335 1603 552 1675; x_wconf 88' lang='lat' dir='ltr'><em>privato</em></span> <span class='ocrx_word' id='word_1_137' title='bbox 599 1602 861 1672; x_wconf 88' lang='lat' dir='ltr'><em>accipere</em></span> <span class='ocrx_word' id='word_1_138' title='bbox 907 1602 1150 1668; x_wconf 87' lang='lat' dir='ltr'><em>audeat;</em></span> <span class='ocrx_word' id='word_1_139' title='bbox 1203 1602 1388 1674; x_wconf 90' lang='lat' dir='ltr'><em>sitque</em></span> <span class='ocrx_word' id='word_1_140' title='bbox 1444 1601 1516 1654; x_wconf 83' lang='lat' dir='ltr'><em>ab</em></span> <span class='ocrx_word' id='word_1_141' title='bbox 1565 1601 1727 1655; x_wconf 85' lang='lat' dir='ltr'><em>omni</em></span> <span class='ocrx_word' id='word_1_142' title='bbox 1829 1607 3443 1679; x_wconf 84' lang='lat' dir='ltr'><em>eoneedere,etpetentiumdesideriiscongruumimper-</em></span> 
     </span>
    </p>
   </div>
   <div class='ocr_carea' id='block_1_15' title="bbox 151 1690 3446 1768">
    <p class='ocr_par' dir='ltr' id='par_1_15' title="bbox 151 1690 3446 1768">
     <span class='ocr_line' id='line_1_15' title="bbox 151 1690 3446 1768; baseline 0.002 -24"><span class='ocrx_word' id='word_1_143' title='bbox 151 1695 357 1746; x_wconf 78' lang='lat' dir='ltr'><em>externa</em></span> <span class='ocrx_word' id='word_1_144' title='bbox 382 1695 664 1763; x_wconf 81' lang='lat' dir='ltr'><em>potestate</em></span> <span class='ocrx_word' id='word_1_145' title='bbox 704 1691 911 1746; x_wconf 88' lang='lat' dir='ltr'><em>idonea</em></span> <span class='ocrx_word' id='word_1_146' title='bbox 939 1695 1110 1762; x_wconf 85' lang='lat' dir='ltr'><em>atque</em></span> <span class='ocrx_word' id='word_1_147' title='bbox 1139 1690 1474 1762; x_wconf 85' lang='lat' dir='ltr'><em>perenniter</em></span> <span class='ocrx_word' id='word_1_148' title='bbox 1503 1706 1722 1744; x_wconf 89' lang='lat' dir='ltr'><em>secura.</em></span> <span class='ocrx_word' id='word_1_149' title='bbox 1830 1694 1925 1748; x_wconf 87' lang='lat' dir='ltr'><em>tiri</em></span> <span class='ocrx_word' id='word_1_150' title='bbox 1957 1695 2317 1767; x_wconf 70' lang='lat' dir='ltr'><em>suffragium.</em></span> <span class='ocrx_word' id='word_1_151' title='bbox 2348 1696 2594 1767; x_wconf 88' lang='lat' dir='ltr'><em>Ideoque</em></span> <span class='ocrx_word' id='word_1_152' title='bbox 2619 1695 3141 1767; x_wconf 89' lang='lat' dir='ltr'><em>postulastianobis</em></span> <span class='ocrx_word' id='word_1_153' title='bbox 3162 1699 3446 1768; x_wconf 78' lang='lat' dir='ltr'><em>quatenus</em></span> 
     </span>
    </p>
   </div>
   <div class='ocr_carea' id='block_1_16' title="bbox 150 1779 3444 1855">
    <p class='ocr_par' dir='ltr' id='par_1_16' title="bbox 150 1779 3444 1855">
     <span class='ocr_line' id='line_1_16' title="bbox 150 1779 3444 1855; baseline 0.002 -22"><span class='ocrx_word' id='word_1_154' title='bbox 150 1781 196 1833; x_wconf 89' lang='lat' dir='ltr'><em>Si</em></span> <span class='ocrx_word' id='word_1_155' title='bbox 215 1797 332 1834; x_wconf 89' lang='lat' dir='ltr'><em>vero</em></span> <span class='ocrx_word' id='word_1_156' title='bbox 355 1782 508 1852; x_wconf 90' lang='lat' dir='ltr'><em>quod</em></span> <span class='ocrx_word' id='word_1_157' title='bbox 523 1798 640 1834; x_wconf 90' lang='lat' dir='ltr'><em>non</em></span> <span class='ocrx_word' id='word_1_158' title='bbox 663 1785 948 1852; x_wconf 85' lang='lat' dir='ltr'><em>Optamus,</em></span> <span class='ocrx_word' id='word_1_159' title='bbox 973 1780 1030 1834; x_wconf 91' lang='lat' dir='ltr'><em>in</em></span> <span class='ocrx_word' id='word_1_160' title='bbox 1053 1780 1291 1850; x_wconf 82' lang='lat' dir='ltr'><em>alicujus</em></span> <span class='ocrx_word' id='word_1_161' title='bbox 1309 1781 1475 1834; x_wconf 74' lang='lat' dir='ltr'><em>male:</em></span> <span class='ocrx_word' id='word_1_162' title='bbox 1509 1779 1730 1851; x_wconf 88' lang='lat' dir='ltr'><em>opinio-</em></span> <span class='ocrx_word' id='word_1_163' title='bbox 1833 1799 1899 1836; x_wconf 89' lang='lat' dir='ltr'><em>ex</em></span> <span class='ocrx_word' id='word_1_164' title='bbox 1931 1787 2131 1838; x_wconf 82' lang='lat' dir='ltr'><em>nostra</em></span> <span class='ocrx_word' id='word_1_165' title='bbox 2165 1785 2480 1855; x_wconf 88' lang='lat' dir='ltr'><em>apostolica</em></span> <span class='ocrx_word' id='word_1_166' title='bbox 2501 1784 2840 1838; x_wconf 84' lang='lat' dir='ltr'><em>auctoritate</em></span> <span class='ocrx_word' id='word_1_167' title='bbox 2869 1784 3318 1838; x_wconf 85' lang='lat' dir='ltr'><em>concederemus</em></span> <span class='ocrx_word' id='word_1_168' title='bbox 3337 1783 3444 1839; x_wconf 84' lang='lat' dir='ltr'><em>tibi</em></span> 
     </span>
    </p>
   </div>
   <div class='ocr_carea' id='block_1_17' title="bbox 153 1867 3442 1945">
    <p class='ocr_par' dir='ltr' id='par_1_17' title="bbox 153 1867 3442 1945">
     <span class='ocr_line' id='line_1_17' title="bbox 153 1867 3442 1945; baseline 0.002 -25"><span class='ocrx_word' id='word_1_169' title='bbox 153 1868 225 1921; x_wconf 90' lang='lat' dir='ltr'><em>nis</em></span> <span class='ocrx_word' id='word_1_170' title='bbox 250 1869 462 1940; x_wconf 88' lang='lat' dir='ltr'><em>piaculo</em></span> <span class='ocrx_word' id='word_1_171' title='bbox 503 1869 806 1924; x_wconf 87' lang='lat' dir='ltr'><em>servitores</em></span> <span class='ocrx_word' id='word_1_172' title='bbox 846 1869 1023 1941; x_wconf 86' lang='lat' dir='ltr'><em>ipsius</em></span> <span class='ocrx_word' id='word_1_173' title='bbox 1067 1868 1329 1923; x_wconf 66' lang='lat' dir='ltr'><em>Ecclesiae</em></span> <span class='ocrx_word' id='word_1_174' title='bbox 1383 1867 1728 1941; x_wconf 83' lang='lat' dir='ltr'><em>deprehensi</em></span> <span class='ocrx_word' id='word_1_175' title='bbox 1756 1942 1788 1945; x_wconf 92' lang='lat'>_</span> <span class='ocrx_word' id='word_1_176' title='bbox 1833 1872 2058 1944; x_wconf 89' lang='lat' dir='ltr'><em>tuisque</em></span> <span class='ocrx_word' id='word_1_177' title='bbox 2081 1873 2498 1928; x_wconf 88' lang='lat' dir='ltr'><em>successoribus</em></span> <span class='ocrx_word' id='word_1_178' title='bbox 2520 1873 2578 1926; x_wconf 91' lang='lat' dir='ltr'><em>in</em></span> <span class='ocrx_word' id='word_1_179' title='bbox 2594 1873 3132 1944; x_wconf 81' lang='lat' dir='ltr'><em>perpetuum,idest</em></span> <span class='ocrx_word' id='word_1_180' title='bbox 3152 1873 3442 1945; x_wconf 85' lang='lat' dir='ltr'><em>integram</em></span> 
     </span>
    </p>
   </div>
   <div class='ocr_carea' id='block_1_18' title="bbox 151 1942 3440 2032">
    <p class='ocr_par' dir='ltr' id='par_1_18' title="bbox 151 1942 3440 2032">
     <span class='ocr_line' id='line_1_18' title="bbox 151 1942 3440 2032; baseline 0.002 -23"><span class='ocrx_word' id='word_1_181' title='bbox 151 1957 352 2023; x_wconf 81' lang='lat' dir='ltr'><em>fuerint,</em></span> <span class='ocrx_word' id='word_1_182' title='bbox 387 1958 725 2030; x_wconf 86' lang='lat' dir='ltr'><em>episcopum</em></span> <span class='ocrx_word' id='word_1_183' title='bbox 746 1957 1174 2030; x_wconf 88' lang='lat' dir='ltr'><em>ipsiuscivitatis</em></span> <span class='ocrx_word' id='word_1_184' title='bbox 1196 1958 1537 2029; x_wconf 82' lang='lat' dir='ltr'><em>regulariter</em></span> <span class='ocrx_word' id='word_1_185' title='bbox 1565 1956 1728 2012; x_wconf 87' lang='lat' dir='ltr'><em>insti-</em></span> <span class='ocrx_word' id='word_1_186' title='bbox 1745 1942 1800 2002; x_wconf 72' lang='grc' dir='ltr'>Β</span> <span class='ocrx_word' id='word_1_187' title='bbox 1835 1942 2206 2016; x_wconf 80' lang='lat' dir='ltr'><em>medietatem</em></span> <span class='ocrx_word' id='word_1_188' title='bbox 2222 1962 2513 2031; x_wconf 87' lang='lat' dir='ltr'><em>decampo</em></span> <span class='ocrx_word' id='word_1_189' title='bbox 2532 1942 2925 2031; x_wconf 31' lang='lat' dir='ltr'><em>ill—integrum,</em></span> <span class='ocrx_word' id='word_1_190' title='bbox 2951 1942 3440 2032; x_wconf 77' lang='lat' dir='ltr'><em>quivocaturSta-</em></span> 
     </span>
    </p>
   </div>
   <div class='ocr_carea' id='block_1_19' title="bbox 153 2044 3441 2121">
    <p class='ocr_par' dir='ltr' id='par_1_19' title="bbox 153 2044 3441 2121">
     <span class='ocr_line' id='line_1_19' title="bbox 153 2044 3441 2121; baseline 0.002 -24"><span class='ocrx_word' id='word_1_191' title='bbox 153 2044 337 2100; x_wconf 76' lang='lat' dir='ltr'><em>luimus</em></span> <span class='ocrx_word' id='word_1_192' title='bbox 356 2047 747 2117; x_wconf 83' lang='lat' dir='ltr'><em>corrigendos.</em></span> <span class='ocrx_word' id='word_1_193' title='bbox 773 2047 830 2102; x_wconf 91' lang='lat' dir='ltr'><em>Si</em></span> <span class='ocrx_word' id='word_1_194' title='bbox 862 2051 1056 2101; x_wconf 88' lang='lat' dir='ltr'><em>autem</em></span> <span class='ocrx_word' id='word_1_195' title='bbox 1079 2047 1378 2118; x_wconf 90' lang='lat' dir='ltr'><em>episcopus</em></span> <span class='ocrx_word' id='word_1_196' title='bbox 1408 2064 1504 2100; x_wconf 91' lang='lat' dir='ltr'><em>eos</em></span> <span class='ocrx_word' id='word_1_197' title='bbox 1531 2063 1730 2100; x_wconf 91' lang='lat' dir='ltr'><em>emen-</em></span> <span class='ocrx_word' id='word_1_198' title='bbox 1831 2050 2089 2121; x_wconf 90' lang='lat' dir='ltr'><em>gnellum</em></span> <span class='ocrx_word' id='word_1_199' title='bbox 2114 2048 2617 2114; x_wconf 88' lang='lat' dir='ltr'><em>maledictum,ubi</em></span> <span class='ocrx_word' id='word_1_200' title='bbox 2637 2065 2788 2102; x_wconf 91' lang='lat' dir='ltr'><em>nunc</em></span> <span class='ocrx_word' id='word_1_201' title='bbox 2810 2064 2914 2119; x_wconf 91' lang='lat' dir='ltr'><em>per</em></span> <span class='ocrx_word' id='word_1_202' title='bbox 2935 2051 3191 2102; x_wconf 88' lang='lat' dir='ltr'><em>nostram</em></span> <span class='ocrx_word' id='word_1_203' title='bbox 3214 2052 3441 2119; x_wconf 89' lang='lat' dir='ltr'><em>aposto-</em></span> 
     </span>
    </p>
   </div>
   <div class='ocr_carea' id='block_1_20' title="bbox 155 2133 3436 2210">
    <p class='ocr_par' dir='ltr' id='par_1_20' title="bbox 155 2133 3436 2210">
     <span class='ocr_line' id='line_1_20' title="bbox 155 2133 3436 2210; baseline 0.002 -24"><span class='ocrx_word' id='word_1_204' title='bbox 155 2133 267 2188; x_wconf 84' lang='lat' dir='ltr'><em>dare</em></span> <span class='ocrx_word' id='word_1_205' title='bbox 291 2135 719 2210; x_wconf 88' lang='lat' dir='ltr'><em>contempserit,</em></span> <span class='ocrx_word' id='word_1_206' title='bbox 751 2137 903 2207; x_wconf 90' lang='lat' dir='ltr'><em>apud</em></span> <span class='ocrx_word' id='word_1_207' title='bbox 921 2137 1118 2191; x_wconf 90' lang='lat' dir='ltr'><em>sedem</em></span> <span class='ocrx_word' id='word_1_208' title='bbox 1140 2135 1512 2207; x_wconf 88' lang='lat' dir='ltr'><em>apostolicam</em></span> <span class='ocrx_word' id='word_1_209' title='bbox 1531 2136 1729 2190; x_wconf 88' lang='lat' dir='ltr'><em>decer-</em></span> <span class='ocrx_word' id='word_1_210' title='bbox 1830 2138 1999 2192; x_wconf 86' lang='lat' dir='ltr'><em>licam</em></span> <span class='ocrx_word' id='word_1_211' title='bbox 2033 2138 2497 2192; x_wconf 85' lang='lat' dir='ltr'><em>benedictionem</em></span> <span class='ocrx_word' id='word_1_212' title='bbox 2527 2137 2847 2192; x_wconf 89' lang='lat' dir='ltr'><em>salinarum</em></span> <span class='ocrx_word' id='word_1_213' title='bbox 2879 2136 2976 2191; x_wconf 86' lang='lat' dir='ltr'><em>ﬁla</em></span> <span class='ocrx_word' id='word_1_214' title='bbox 3031 2136 3256 2190; x_wconf 89' lang='lat' dir='ltr'><em>noviter</em></span> <span class='ocrx_word' id='word_1_215' title='bbox 3294 2153 3436 2191; x_wconf 89' lang='lat' dir='ltr'><em>con-</em></span> 
     </span>
    </p>
   </div>
   <div class='ocr_carea' id='block_1_21' title="bbox 153 2220 3436 2299">
    <p class='ocr_par' dir='ltr' id='par_1_21' title="bbox 153 2220 3436 2299">
     <span class='ocr_line' id='line_1_21' title="bbox 153 2220 3436 2299; baseline 0.003 -27"><span class='ocrx_word' id='word_1_216' title='bbox 153 2220 315 2276; x_wconf 89' lang='lat' dir='ltr'><em>nimus</em></span> <span class='ocrx_word' id='word_1_217' title='bbox 355 2224 670 2278; x_wconf 88' lang='lat' dir='ltr'><em>audiendos</em></span> <span class='ocrx_word' id='word_1_218' title='bbox 725 2228 895 2296; x_wconf 86' lang='lat' dir='ltr'><em>atque</em></span> <span class='ocrx_word' id='word_1_219' title='bbox 943 2224 1285 2296; x_wconf 85' lang='lat' dir='ltr'><em>regulariter</em></span> <span class='ocrx_word' id='word_1_220' title='bbox 1335 2224 1724 2295; x_wconf 87' lang='lat' dir='ltr'><em>corrigendos.</em></span> <span class='ocrx_word' id='word_1_221' title='bbox 1828 2231 2146 2293; x_wconf 87' lang='lat' dir='ltr'><em>struuntur,</em></span> <span class='ocrx_word' id='word_1_222' title='bbox 2168 2243 2342 2299; x_wconf 90' lang='lat' dir='ltr'><em>quem</em></span> <span class='ocrx_word' id='word_1_223' title='bbox 2371 2226 2744 2281; x_wconf 89' lang='lat' dir='ltr'><em>Benedictum</em></span> <span class='ocrx_word' id='word_1_224' title='bbox 2763 2227 3050 2280; x_wconf 72' lang='lat' dir='ltr'><em>decmtero</em></span> <span class='ocrx_word' id='word_1_225' title='bbox 3073 2225 3258 2280; x_wconf 84' lang='lat' dir='ltr'><em>vocari</em></span> <span class='ocrx_word' id='word_1_226' title='bbox 3273 2227 3436 2296; x_wconf 79' lang='lat' dir='ltr'><em>jube-</em></span> 
     </span>
    </p>
   </div>
   <div class='ocr_carea' id='block_1_22' title="bbox 155 2311 3437 2386">
    <p class='ocr_par' dir='ltr' id='par_1_22' title="bbox 155 2311 3437 2386">
     <span class='ocr_line' id='line_1_22' title="bbox 155 2311 3437 2386; baseline 0.002 -23"><span class='ocrx_word' id='word_1_227' title='bbox 155 2311 288 2372; x_wconf 78' lang='lat' dir='ltr'><em>Quod</em></span> <span class='ocrx_word' id='word_1_228' title='bbox 318 2312 360 2366; x_wconf 89' lang='lat' dir='ltr'><em>si</em></span> <span class='ocrx_word' id='word_1_229' title='bbox 387 2315 627 2367; x_wconf 75' lang='lat' dir='ltr'><em>fortasse</em></span> <span class='ocrx_word' id='word_1_230' title='bbox 659 2313 963 2385; x_wconf 87' lang='lat' dir='ltr'><em>quisquam</em></span> <span class='ocrx_word' id='word_1_231' title='bbox 998 2314 1108 2367; x_wconf 85' lang='lat' dir='ltr'><em>hoc</em></span> <span class='ocrx_word' id='word_1_232' title='bbox 1129 2317 1340 2368; x_wconf 81' lang='lat' dir='ltr'><em>nostrae</em></span> <span class='ocrx_word' id='word_1_233' title='bbox 1371 2312 1726 2367; x_wconf 86' lang='lat' dir='ltr'><em>auctoritatis</em></span> <span class='ocrx_word' id='word_1_234' title='bbox 1830 2332 1957 2369; x_wconf 86' lang='lat' dir='ltr'><em>mus</em></span> <span class='ocrx_word' id='word_1_235' title='bbox 1969 2332 2100 2369; x_wconf 91' lang='lat' dir='ltr'><em>cum</em></span> <span class='ocrx_word' id='word_1_236' title='bbox 2117 2315 2427 2370; x_wconf 87' lang='lat' dir='ltr'><em>medietate</em></span> <span class='ocrx_word' id='word_1_237' title='bbox 2442 2315 2873 2386; x_wconf 84' lang='lat' dir='ltr'><em>ﬁlorum,atque</em></span> <span class='ocrx_word' id='word_1_238' title='bbox 2890 2314 3198 2368; x_wconf 87' lang='lat' dir='ltr'><em>medietate</em></span> <span class='ocrx_word' id='word_1_239' title='bbox 3210 2315 3437 2386; x_wconf 84' lang='lat' dir='ltr'><em>pensio-</em></span> 
     </span>
    </p>
   </div>
   <div class='ocr_carea' id='block_1_23' title="bbox 154 2398 3435 2475">
    <p class='ocr_par' dir='ltr' id='par_1_23' title="bbox 154 2398 3435 2475">
     <span class='ocr_line' id='line_1_23' title="bbox 154 2398 3435 2475; baseline 0.003 -26"><span class='ocrx_word' id='word_1_240' title='bbox 154 2398 480 2469; x_wconf 84' lang='lat' dir='ltr'><em>privilegium</em></span> <span class='ocrx_word' id='word_1_241' title='bbox 527 2401 845 2456; x_wconf 88' lang='lat' dir='ltr'><em>immutare</em></span> <span class='ocrx_word' id='word_1_242' title='bbox 884 2402 1337 2474; x_wconf 59' lang='lat' dir='ltr'><em>praesumpserit,</em></span> <span class='ocrx_word' id='word_1_243' title='bbox 1381 2399 1722 2457; x_wconf 68' lang='lat' dir='ltr'><em>omnimodo</em></span> <span class='ocrx_word' id='word_1_244' title='bbox 1830 2420 1990 2469; x_wconf 91' lang='lat' dir='ltr'><em>num,</em></span> <span class='ocrx_word' id='word_1_245' title='bbox 2021 2407 2077 2457; x_wconf 91' lang='lat' dir='ltr'><em>et</em></span> <span class='ocrx_word' id='word_1_246' title='bbox 2106 2403 2298 2457; x_wconf 89' lang='lat' dir='ltr'><em>omnis</em></span> <span class='ocrx_word' id='word_1_247' title='bbox 2329 2403 2571 2475; x_wconf 63' lang='lat' dir='ltr'><em>publica;</em></span> <span class='ocrx_word' id='word_1_248' title='bbox 2598 2402 2913 2457; x_wconf 84' lang='lat' dir='ltr'><em>functionis</em></span> <span class='ocrx_word' id='word_1_249' title='bbox 2946 2419 3073 2474; x_wconf 66' lang='lat' dir='ltr'><em>qua:</em></span> <span class='ocrx_word' id='word_1_250' title='bbox 3099 2403 3169 2458; x_wconf 91' lang='lat' dir='ltr'><em>de</em></span> <span class='ocrx_word' id='word_1_251' title='bbox 3198 2405 3318 2457; x_wconf 88' lang='lat' dir='ltr'><em>toto</em></span> <span class='ocrx_word' id='word_1_252' title='bbox 3339 2419 3435 2458; x_wconf 86' lang='lat' dir='ltr'><em>su-</em></span> 
     </span>
    </p>
   </div>
   <div class='ocr_carea' id='block_1_24' title="bbox 152 2487 3435 2564">
    <p class='ocr_par' dir='ltr' id='par_1_24' title="bbox 152 2487 3435 2564">
     <span class='ocr_line' id='line_1_24' title="bbox 152 2487 3435 2564; baseline 0.003 -28"><span class='ocrx_word' id='word_1_253' title='bbox 152 2487 437 2555; x_wconf 81' lang='lat' dir='ltr'><em>lrustretur,</em></span> <span class='ocrx_word' id='word_1_254' title='bbox 469 2493 527 2544; x_wconf 90' lang='lat' dir='ltr'><em>et</em></span> <span class='ocrx_word' id='word_1_255' title='bbox 565 2490 824 2560; x_wconf 89' lang='lat' dir='ltr'><em>primum</em></span> <span class='ocrx_word' id='word_1_256' title='bbox 875 2491 1109 2562; x_wconf 89' lang='lat' dir='ltr'><em>quidem</em></span> <span class='ocrx_word' id='word_1_257' title='bbox 1152 2491 1238 2544; x_wconf 90' lang='lat' dir='ltr'><em>sui</em></span> <span class='ocrx_word' id='word_1_258' title='bbox 1295 2491 1514 2546; x_wconf 88' lang='lat' dir='ltr'><em>ordinis</em></span> <span class='ocrx_word' id='word_1_259' title='bbox 1540 2492 1720 2562; x_wconf 89' lang='lat' dir='ltr'><em>gradu</em></span> <span class='ocrx_word' id='word_1_260' title='bbox 1826 2492 2082 2564; x_wconf 89' lang='lat' dir='ltr'><em>pradicto</em></span> <span class='ocrx_word' id='word_1_261' title='bbox 2106 2507 2310 2563; x_wconf 89' lang='lat' dir='ltr'><em>campo</em></span> <span class='ocrx_word' id='word_1_262' title='bbox 2324 2490 2890 2558; x_wconf 85' lang='lat' dir='ltr'><em>annualiterexierit,</em></span> <span class='ocrx_word' id='word_1_263' title='bbox 2917 2493 2974 2546; x_wconf 90' lang='lat' dir='ltr'><em>et</em></span> <span class='ocrx_word' id='word_1_264' title='bbox 3004 2507 3134 2546; x_wconf 90' lang='lat' dir='ltr'><em>cum</em></span> <span class='ocrx_word' id='word_1_265' title='bbox 3160 2491 3435 2546; x_wconf 84' lang='lat' dir='ltr'><em>omnibus</em></span> 
     </span>
    </p>
   </div>
   <div class='ocr_carea' id='block_1_25' title="bbox 151 2574 3438 2652">
    <p class='ocr_par' dir='ltr' id='par_1_25' title="bbox 151 2574 3438 2652">
     <span class='ocr_line' id='line_1_25' title="bbox 151 2574 3438 2652; baseline 0.002 -26"><span class='ocrx_word' id='word_1_266' title='bbox 151 2574 560 2649; x_wconf 84' lang='lat' dir='ltr'><em>privetur,atque</em></span> <span class='ocrx_word' id='word_1_267' title='bbox 580 2580 966 2634; x_wconf 88' lang='lat' dir='ltr'><em>anathematis</em></span> <span class='ocrx_word' id='word_1_268' title='bbox 977 2579 1196 2634; x_wconf 87' lang='lat' dir='ltr'><em>ultione</em></span> <span class='ocrx_word' id='word_1_269' title='bbox 1211 2580 1725 2652; x_wconf 86' lang='lat' dir='ltr'><em>mittatur,partem</em></span> <span class='ocrx_word' id='word_1_270' title='bbox 1825 2581 1898 2634; x_wconf 91' lang='lat' dir='ltr'><em>ad</em></span> <span class='ocrx_word' id='word_1_271' title='bbox 1914 2581 2303 2652; x_wconf 89' lang='lat' dir='ltr'><em>supradictum</em></span> <span class='ocrx_word' id='word_1_272' title='bbox 2319 2596 2614 2652; x_wconf 88' lang='lat' dir='ltr'><em>campum,</em></span> <span class='ocrx_word' id='word_1_273' title='bbox 2648 2579 2744 2651; x_wconf 88' lang='lat' dir='ltr'><em>qui</em></span> <span class='ocrx_word' id='word_1_274' title='bbox 2775 2579 3138 2651; x_wconf 88' lang='lat' dir='ltr'><em>Stagnellum</em></span> <span class='ocrx_word' id='word_1_275' title='bbox 3163 2579 3438 2635; x_wconf 83' lang='lat' dir='ltr'><em>benedic-</em></span> 
     </span>
    </p>
   </div>
   <div class='ocr_carea' id='block_1_26' title="bbox 151 2666 3438 2740">
    <p class='ocr_par' dir='ltr' id='par_1_26' title="bbox 151 2666 3438 2740">
     <span class='ocr_line' id='line_1_26' title="bbox 151 2666 3438 2740; baseline 0.002 -24"><span class='ocrx_word' id='word_1_276' title='bbox 151 2677 256 2718; x_wconf 85' lang='lat' dir='ltr'><em>cum</em></span> <span class='ocrx_word' id='word_1_277' title='bbox 272 2666 296 2719; x_wconf 85' lang='lat' dir='ltr'><strong>J</strong></span> <span class='ocrx_word' id='word_1_278' title='bbox 303 2666 406 2720; x_wconf 89' lang='lat' dir='ltr'><em>uda</em></span> <span class='ocrx_word' id='word_1_279' title='bbox 425 2667 702 2721; x_wconf 89' lang='lat' dir='ltr'><em>traditore</em></span> <span class='ocrx_word' id='word_1_280' title='bbox 723 2667 782 2722; x_wconf 92' lang='lat' dir='ltr'><em>in</em></span> <span class='ocrx_word' id='word_1_281' title='bbox 803 2668 919 2722; x_wconf 89' lang='lat' dir='ltr'><em>ﬁne</em></span> <span class='ocrx_word' id='word_1_282' title='bbox 934 2668 1175 2722; x_wconf 85' lang='lat' dir='ltr'><em>extremi</em></span> <span class='ocrx_word' id='word_1_283' title='bbox 1192 2669 1475 2723; x_wconf 84' lang='lat' dir='ltr'><em>examinis</em></span> <span class='ocrx_word' id='word_1_284' title='bbox 1493 2670 1722 2725; x_wconf 86' lang='lat' dir='ltr'><em>habeat.</em></span> <span class='ocrx_word' id='word_1_285' title='bbox 1827 2673 1950 2724; x_wconf 90' lang='lat' dir='ltr'><em>tum</em></span> <span class='ocrx_word' id='word_1_286' title='bbox 1971 2673 2202 2724; x_wconf 76' lang='lat' dir='ltr'><em>vocatur</em></span> <span class='ocrx_word' id='word_1_287' title='bbox 2225 2668 2665 2740; x_wconf 88' lang='lat' dir='ltr'><em>generaliter,et</em></span> <span class='ocrx_word' id='word_1_288' title='bbox 2685 2669 2745 2722; x_wconf 90' lang='lat' dir='ltr'><em>in</em></span> <span class='ocrx_word' id='word_1_289' title='bbox 2774 2667 3069 2738; x_wconf 84' lang='lat' dir='ltr'><em>integrum</em></span> <span class='ocrx_word' id='word_1_290' title='bbox 3091 2667 3438 2740; x_wconf 87' lang='lat' dir='ltr'><em>pertinenti-</em></span> 
     </span>
    </p>
   </div>
   <div class='ocr_carea' id='block_1_27' title="bbox 152 2750 3439 2827">
    <p class='ocr_par' dir='ltr' id='par_1_27' title="bbox 152 2750 3439 2827">
     <span class='ocr_line' id='line_1_27' title="bbox 152 2750 3439 2827; baseline 0.002 -23"><span class='ocrx_word' id='word_1_291' title='bbox 152 2750 203 2803; x_wconf 81' lang='lat' dir='ltr'><em>Et</em></span> <span class='ocrx_word' id='word_1_292' title='bbox 227 2768 321 2822; x_wconf 86' lang='lat' dir='ltr'><em>per</em></span> <span class='ocrx_word' id='word_1_293' title='bbox 346 2757 747 2810; x_wconf 85' lang='lat' dir='ltr'><em>auctoritatem</em></span> <span class='ocrx_word' id='word_1_294' title='bbox 769 2773 944 2827; x_wconf 87' lang='lat' dir='ltr'><em>quam</em></span> <span class='ocrx_word' id='word_1_295' title='bbox 963 2758 1164 2811; x_wconf 88' lang='lat' dir='ltr'><em>beatus</em></span> <span class='ocrx_word' id='word_1_296' title='bbox 1187 2759 1384 2811; x_wconf 87' lang='lat' dir='ltr'><em>Petrus</em></span> <span class='ocrx_word' id='word_1_297' title='bbox 1408 2758 1464 2812; x_wconf 92' lang='lat' dir='ltr'><em>in</em></span> <span class='ocrx_word' id='word_1_298' title='bbox 1487 2759 1650 2825; x_wconf 80' lang='lat' dir='ltr'><em>cmlo,</em></span> <span class='ocrx_word' id='word_1_299' title='bbox 1669 2761 1726 2812; x_wconf 90' lang='lat' dir='ltr'><em>et</em></span> <span class='ocrx_word' id='word_1_300' title='bbox 1825 2759 1931 2812; x_wconf 90' lang='lat' dir='ltr'><em>bus</em></span> <span class='ocrx_word' id='word_1_301' title='bbox 1963 2758 2342 2812; x_wconf 89' lang='lat' dir='ltr'><em>constitutum</em></span> <span class='ocrx_word' id='word_1_302' title='bbox 2367 2757 2426 2811; x_wconf 91' lang='lat' dir='ltr'><em>in</em></span> <span class='ocrx_word' id='word_1_303' title='bbox 2459 2757 2748 2811; x_wconf 89' lang='lat' dir='ltr'><em>territorio</em></span> <span class='ocrx_word' id='word_1_304' title='bbox 2773 2757 3087 2811; x_wconf 88' lang='lat' dir='ltr'><em>Portueuse</em></span> <span class='ocrx_word' id='word_1_305' title='bbox 3112 2757 3439 2812; x_wconf 83' lang='lat' dir='ltr'><em>interCam-</em></span> 
     </span>
    </p>
   </div>
   <div class='ocr_carea' id='block_1_28' title="bbox 151 2837 3438 2918">
    <p class='ocr_par' dir='ltr' id='par_1_28' title="bbox 151 2837 3438 2918">
     <span class='ocr_line' id='line_1_28' title="bbox 151 2837 3438 2918; baseline 0.004 -27"><span class='ocrx_word' id='word_1_306' title='bbox 151 2837 196 2891; x_wconf 92' lang='lat' dir='ltr'><em>iu</em></span> <span class='ocrx_word' id='word_1_307' title='bbox 221 2845 358 2896; x_wconf 72' lang='lat' dir='ltr'><em>terra</em></span> <span class='ocrx_word' id='word_1_308' title='bbox 378 2844 597 2915; x_wconf 85' lang='lat' dir='ltr'><em>ligandi</em></span> <span class='ocrx_word' id='word_1_309' title='bbox 630 2847 801 2916; x_wconf 88' lang='lat' dir='ltr'><em>atque</em></span> <span class='ocrx_word' id='word_1_310' title='bbox 823 2846 1083 2900; x_wconf 91' lang='lat' dir='ltr'><em>solvendi</em></span> <span class='ocrx_word' id='word_1_311' title='bbox 1117 2846 1330 2900; x_wconf 89' lang='lat' dir='ltr'><em>meruit</em></span> <span class='ocrx_word' id='word_1_312' title='bbox 1348 2851 1716 2917; x_wconf 78' lang='lat' dir='ltr'><em>potestatem,</em></span> <span class='ocrx_word' id='word_1_313' title='bbox 1825 2864 1965 2918; x_wconf 91' lang='lat' dir='ltr'><em>pum</em></span> <span class='ocrx_word' id='word_1_314' title='bbox 1981 2848 2266 2918; x_wconf 90' lang='lat' dir='ltr'><em>majorem</em></span> <span class='ocrx_word' id='word_1_315' title='bbox 2289 2849 2343 2900; x_wconf 90' lang='lat' dir='ltr'><em>et</em></span> <span class='ocrx_word' id='word_1_316' title='bbox 2362 2845 2626 2918; x_wconf 89' lang='lat' dir='ltr'><em>pedicam</em></span> <span class='ocrx_word' id='word_1_317' title='bbox 2652 2862 2782 2917; x_wconf 71' lang='lat' dir='ltr'><em>qum</em></span> <span class='ocrx_word' id='word_1_318' title='bbox 2811 2849 3045 2900; x_wconf 87' lang='lat' dir='ltr'><em>vocatur</em></span> <span class='ocrx_word' id='word_1_319' title='bbox 3065 2845 3242 2900; x_wconf 91' lang='lat' dir='ltr'><em>Ticoh</em></span> <span class='ocrx_word' id='word_1_320' title='bbox 3281 2846 3438 2902; x_wconf 71' lang='lat' dir='ltr'><em>:hmc</em></span> 
     </span>
    </p>
   </div>
   <div class='ocr_carea' id='block_1_29' title="bbox 151 2929 3436 3007">
    <p class='ocr_par' dir='ltr' id='par_1_29' title="bbox 151 2929 3436 3007">
     <span class='ocr_line' id='line_1_29' title="bbox 151 2929 3436 3007; baseline 0.003 -26"><span class='ocrx_word' id='word_1_321' title='bbox 151 2929 248 2984; x_wconf 86' lang='lat' dir='ltr'><em>sita</em></span> <span class='ocrx_word' id='word_1_322' title='bbox 275 2933 707 3006; x_wconf 80' lang='lat' dir='ltr'><em>participatione</em></span> <span class='ocrx_word' id='word_1_323' title='bbox 739 2933 1013 2988; x_wconf 90' lang='lat' dir='ltr'><em>dominici</em></span> <span class='ocrx_word' id='word_1_324' title='bbox 1047 2935 1302 3006; x_wconf 90' lang='lat' dir='ltr'><em>corporis</em></span> <span class='ocrx_word' id='word_1_325' title='bbox 1333 2939 1391 2989; x_wconf 89' lang='lat' dir='ltr'><em>et</em></span> <span class='ocrx_word' id='word_1_326' title='bbox 1421 2936 1720 3007; x_wconf 87' lang='lat' dir='ltr'><em>sanguinis</em></span> <span class='ocrx_word' id='word_1_327' title='bbox 1826 2935 2028 2989; x_wconf 88' lang='lat' dir='ltr'><em>omnia</em></span> <span class='ocrx_word' id='word_1_328' title='bbox 2077 2936 2224 3005; x_wconf 87' lang='lat' dir='ltr'><em>juris</em></span> <span class='ocrx_word' id='word_1_329' title='bbox 2256 2939 2466 2990; x_wconf 58' lang='lat' dir='ltr'><em>nostra:</em></span> <span class='ocrx_word' id='word_1_330' title='bbox 2507 2935 2565 2990; x_wconf 91' lang='lat' dir='ltr'><em>S.</em></span> <span class='ocrx_word' id='word_1_331' title='bbox 2599 2936 2898 3000; x_wconf 60' lang='lat' dir='ltr'><em>Romanas,</em></span> <span class='ocrx_word' id='word_1_332' title='bbox 2927 2932 3016 2988; x_wconf 90' lang='lat' dir='ltr'><em>cui</em></span> <span class='ocrx_word' id='word_1_333' title='bbox 3056 2935 3174 2988; x_wconf 90' lang='lat' dir='ltr'><em>Deo</em></span> <span class='ocrx_word' id='word_1_334' title='bbox 3204 2938 3436 2990; x_wconf 84' lang='lat' dir='ltr'><em>auctore</em></span> 
     </span>
    </p>
   </div>
   <div class='ocr_carea' id='block_1_30' title="bbox 149 3017 3430 3094">
    <p class='ocr_par' dir='ltr' id='par_1_30' title="bbox 149 3017 3430 3094">
     <span class='ocr_line' id='line_1_30' title="bbox 149 3017 3430 3094; baseline 0.002 -22"><span class='ocrx_word' id='word_1_335' title='bbox 149 3017 346 3075; x_wconf 90' lang='lat' dir='ltr'><em>Domini</em></span> <span class='ocrx_word' id='word_1_336' title='bbox 373 3023 548 3077; x_wconf 83' lang='lat' dir='ltr'><em>nostri</em></span> <span class='ocrx_word' id='word_1_337' title='bbox 576 3023 705 3076; x_wconf 85' lang='lat' dir='ltr'><em>Jesu</em></span> <span class='ocrx_word' id='word_1_338' title='bbox 735 3022 963 3091; x_wconf 88' lang='lat' dir='ltr'><em>Christi,</em></span> <span class='ocrx_word' id='word_1_339' title='bbox 997 3041 1032 3077; x_wconf 87' lang='lat' dir='ltr'><em>a</em></span> <span class='ocrx_word' id='word_1_340' title='bbox 1062 3029 1256 3078; x_wconf 90' lang='lat' dir='ltr'><em>nostro</em></span> <span class='ocrx_word' id='word_1_341' title='bbox 1276 3023 1585 3091; x_wconf 90' lang='lat' dir='ltr'><em>consortio,</em></span> <span class='ocrx_word' id='word_1_342' title='bbox 1611 3024 1719 3078; x_wconf 89' lang='lat' dir='ltr'><em>nisi</em></span> <span class='ocrx_word' id='word_1_343' title='bbox 1823 3025 2194 3092; x_wconf 83' lang='lat' dir='ltr'><em>deservimus,</em></span> <span class='ocrx_word' id='word_1_344' title='bbox 2218 3024 2504 3091; x_wconf 80' lang='lat' dir='ltr'><em>Ecclesiae,</em></span> <span class='ocrx_word' id='word_1_345' title='bbox 2531 3023 2744 3077; x_wconf 88' lang='lat' dir='ltr'><em>emissa</em></span> <span class='ocrx_word' id='word_1_346' title='bbox 2775 3026 2972 3077; x_wconf 90' lang='lat' dir='ltr'><em>nostra</em></span> <span class='ocrx_word' id='word_1_347' title='bbox 2994 3023 3364 3094; x_wconf 90' lang='lat' dir='ltr'><em>perceptione</em></span> <span class='ocrx_word' id='word_1_348' title='bbox 3395 3040 3430 3078; x_wconf 90' lang='lat' dir='ltr'><em>a</em></span> 
     </span>
    </p>
   </div>
   <div class='ocr_carea' id='block_1_31' title="bbox 153 3107 3434 3184">
    <p class='ocr_par' dir='ltr' id='par_1_31' title="bbox 153 3107 3434 3184">
     <span class='ocr_line' id='line_1_31' title="bbox 153 3107 3434 3184; baseline 0.003 -27"><span class='ocrx_word' id='word_1_349' title='bbox 153 3107 433 3179; x_wconf 85' lang='lat' dir='ltr'><em>resipuerit,</em></span> <span class='ocrx_word' id='word_1_350' title='bbox 468 3112 808 3184; x_wconf 83' lang='lat' dir='ltr'><em>perenniter</em></span> <span class='ocrx_word' id='word_1_351' title='bbox 840 3112 1110 3179; x_wconf 89' lang='lat' dir='ltr'><em>reclusus,</em></span> <span class='ocrx_word' id='word_1_352' title='bbox 1135 3117 1189 3166; x_wconf 92' lang='lat' dir='ltr'><em>et</em></span> <span class='ocrx_word' id='word_1_353' title='bbox 1213 3129 1341 3184; x_wconf 73' lang='lat' dir='ltr'><em>qum</em></span> <span class='ocrx_word' id='word_1_354' title='bbox 1360 3116 1569 3167; x_wconf 87' lang='lat' dir='ltr'><em>statuta</em></span> <span class='ocrx_word' id='word_1_355' title='bbox 1589 3115 1723 3166; x_wconf 91' lang='lat' dir='ltr'><em>sunt</em></span> <span class='ocrx_word' id='word_1_356' title='bbox 1824 3114 2094 3183; x_wconf 74' lang='lat' dir='ltr'><em>praesenti</em></span> <span class='ocrx_word' id='word_1_357' title='bbox 2117 3113 2288 3167; x_wconf 90' lang='lat' dir='ltr'><em>tertia</em></span> <span class='ocrx_word' id='word_1_358' title='bbox 2312 3113 2626 3167; x_wconf 89' lang='lat' dir='ltr'><em>indictione</em></span> <span class='ocrx_word' id='word_1_359' title='bbox 2644 3111 3002 3183; x_wconf 88' lang='lat' dir='ltr'><em>tibi,tuisque</em></span> <span class='ocrx_word' id='word_1_360' title='bbox 3015 3111 3434 3167; x_wconf 87' lang='lat' dir='ltr'><em>successoribus</em></span> 
     </span>
    </p>
   </div>
   <div class='ocr_carea' id='block_1_32' title="bbox 148 3200 3440 3273">
    <p class='ocr_par' dir='ltr' id='par_1_32' title="bbox 148 3200 3440 3273">
     <span class='ocr_line' id='line_1_32' title="bbox 148 3200 3440 3273; baseline 0.002 -25"><span class='ocrx_word' id='word_1_361' title='bbox 148 3201 390 3266; x_wconf 88' lang='lat' dir='ltr'><em>perpetua</em></span> <span class='ocrx_word' id='word_1_362' title='bbox 406 3201 630 3270; x_wconf 88' lang='lat' dir='ltr'><em>possint</em></span> <span class='ocrx_word' id='word_1_363' title='bbox 651 3200 995 3254; x_wconf 82' lang='lat' dir='ltr'><em>difﬁnitione</em></span> <span class='ocrx_word' id='word_1_364' title='bbox 1025 3218 1283 3266; x_wconf 89' lang='lat' dir='ltr'><em>manere,</em></span> <span class='ocrx_word' id='word_1_365' title='bbox 1319 3205 1376 3255; x_wconf 92' lang='lat' dir='ltr'><em>et</em></span> <span class='ocrx_word' id='word_1_366' title='bbox 1403 3205 1716 3256; x_wconf 88' lang='lat' dir='ltr'><em>temerato-</em></span> <span class='ocrx_word' id='word_1_367' title='bbox 1823 3201 1882 3254; x_wconf 92' lang='lat' dir='ltr'><em>in</em></span> <span class='ocrx_word' id='word_1_368' title='bbox 1907 3205 2250 3273; x_wconf 90' lang='lat' dir='ltr'><em>perpetuum</em></span> <span class='ocrx_word' id='word_1_369' title='bbox 2270 3202 2340 3254; x_wconf 88' lang='lat' dir='ltr'><em>ad</em></span> <span class='ocrx_word' id='word_1_370' title='bbox 2374 3201 2692 3255; x_wconf 90' lang='lat' dir='ltr'><em>tenendum</em></span> <span class='ocrx_word' id='word_1_371' title='bbox 2723 3203 2782 3253; x_wconf 88' lang='lat' dir='ltr'><em>et</em></span> <span class='ocrx_word' id='word_1_372' title='bbox 2799 3200 3216 3270; x_wconf 88' lang='lat' dir='ltr'><em>perfruendum</em></span> <span class='ocrx_word' id='word_1_373' title='bbox 3237 3215 3440 3256; x_wconf 86' lang='lat' dir='ltr'><em>conce-</em></span> 
     </span>
    </p>
   </div>
   <div class='ocr_carea' id='block_1_33' title="bbox 149 3288 3440 3363">
    <p class='ocr_par' dir='ltr' id='par_1_33' title="bbox 149 3288 3440 3363">
     <span class='ocr_line' id='line_1_33' title="bbox 149 3288 3440 3363; baseline 0.003 -28"><span class='ocrx_word' id='word_1_374' title='bbox 149 3298 250 3338; x_wconf 83' lang='lat' dir='ltr'><em>rein</em></span> <span class='ocrx_word' id='word_1_375' title='bbox 275 3289 566 3355; x_wconf 68' lang='lat' dir='ltr'><em>prtesentis</em></span> <span class='ocrx_word' id='word_1_376' title='bbox 604 3289 836 3356; x_wconf 89' lang='lat' dir='ltr'><em>decreti,</em></span> <span class='ocrx_word' id='word_1_377' title='bbox 892 3289 961 3343; x_wconf 91' lang='lat' dir='ltr'><em>de</em></span> <span class='ocrx_word' id='word_1_378' title='bbox 1009 3307 1111 3343; x_wconf 88' lang='lat' dir='ltr'><em>sua</em></span> <span class='ocrx_word' id='word_1_379' title='bbox 1152 3289 1476 3344; x_wconf 89' lang='lat' dir='ltr'><em>temeritate</em></span> <span class='ocrx_word' id='word_1_380' title='bbox 1537 3289 1722 3363; x_wconf 72' lang='lat' dir='ltr'><em>pomis</em></span> <span class='ocrx_word' id='word_1_381' title='bbox 1823 3289 2011 3344; x_wconf 90' lang='lat' dir='ltr'><em>dimus</em></span> <span class='ocrx_word' id='word_1_382' title='bbox 2077 3289 2187 3342; x_wconf 89' lang='lat' dir='ltr'><em>tuis</em></span> <span class='ocrx_word' id='word_1_383' title='bbox 2239 3289 2499 3343; x_wconf 88' lang='lat' dir='ltr'><em>inclinati</em></span> <span class='ocrx_word' id='word_1_384' title='bbox 2549 3288 2836 3360; x_wconf 90' lang='lat' dir='ltr'><em>precibus.</em></span> <span class='ocrx_word' id='word_1_385' title='bbox 2881 3288 2938 3342; x_wconf 92' lang='lat' dir='ltr'><em>Si</em></span> <span class='ocrx_word' id='word_1_386' title='bbox 2971 3288 3097 3360; x_wconf 91' lang='lat' dir='ltr'><em>quis</em></span> <span class='ocrx_word' id='word_1_387' title='bbox 3127 3292 3323 3344; x_wconf 86' lang='lat' dir='ltr'><em>autem</em></span> <span class='ocrx_word' id='word_1_388' title='bbox 3356 3291 3440 3344; x_wconf 83' lang='lat' dir='ltr'><em>te-</em></span> 
     </span>
    </p>
   </div>
   <div class='ocr_carea' id='block_1_34' title="bbox 149 3373 3442 3449">
    <p class='ocr_par' dir='ltr' id='par_1_34' title="bbox 149 3373 3442 3449">
     <span class='ocr_line' id='line_1_34' title="bbox 149 3373 3442 3449; baseline 0.001 -23"><span class='ocrx_word' id='word_1_389' title='bbox 149 3373 518 3446; x_wconf 90' lang='lat' dir='ltr'><em>multiplicibus</em></span> <span class='ocrx_word' id='word_1_390' title='bbox 553 3378 872 3448; x_wconf 85' lang='lat' dir='ltr'><em>subjacere.</em></span> <span class='ocrx_word' id='word_1_391' title='bbox 1742 3379 1790 3439; x_wconf 88' lang='lat' dir='ltr'>C</span> <span class='ocrx_word' id='word_1_392' title='bbox 1823 3378 2072 3432; x_wconf 90' lang='lat' dir='ltr'><em>merario</em></span> <span class='ocrx_word' id='word_1_393' title='bbox 2088 3395 2248 3444; x_wconf 89' lang='lat' dir='ltr'><em>ausu,</em></span> <span class='ocrx_word' id='word_1_394' title='bbox 2265 3377 2419 3449; x_wconf 91' lang='lat' dir='ltr'><em>quod</em></span> <span class='ocrx_word' id='word_1_395' title='bbox 2440 3376 2564 3430; x_wconf 82' lang='lat' dir='ltr'><em>ﬁeri</em></span> <span class='ocrx_word' id='word_1_396' title='bbox 2589 3393 2706 3429; x_wconf 90' lang='lat' dir='ltr'><em>non</em></span> <span class='ocrx_word' id='word_1_397' title='bbox 2731 3375 3039 3442; x_wconf 90' lang='lat' dir='ltr'><em>credimus,</em></span> <span class='ocrx_word' id='word_1_398' title='bbox 3054 3380 3257 3432; x_wconf 87' lang='lat' dir='ltr'><em>contra</em></span> <span class='ocrx_word' id='word_1_399' title='bbox 3271 3377 3442 3447; x_wconf 87' lang='lat' dir='ltr'><em>hujus</em></span> 
     </span>
    </p>
   </div>
   <div class='ocr_carea' id='block_1_35' title="bbox 205 3462 3440 3539">
    <p class='ocr_par' dir='ltr' id='par_1_35' title="bbox 205 3462 3440 3539">
     <span class='ocr_line' id='line_1_35' title="bbox 205 3462 3440 3539; baseline 0.001 -23"><span class='ocrx_word' id='word_1_400' title='bbox 205 3462 471 3536; x_wconf 90' lang='lat' dir='ltr'><em>Scriptum</em></span> <span class='ocrx_word' id='word_1_401' title='bbox 503 3484 614 3539; x_wconf 88' lang='lat' dir='ltr'><em>per</em></span> <span class='ocrx_word' id='word_1_402' title='bbox 642 3484 847 3522; x_wconf 89' lang='lat' dir='ltr'><em>manus</em></span> <span class='ocrx_word' id='word_1_403' title='bbox 879 3468 1029 3524; x_wconf 88' lang='lat' dir='ltr'><em>Petri</em></span> <span class='ocrx_word' id='word_1_404' title='bbox 1051 3467 1258 3522; x_wconf 87' lang='lat' dir='ltr'><em>notarii</em></span> <span class='ocrx_word' id='word_1_405' title='bbox 1278 3472 1488 3524; x_wconf 61' lang='lat' dir='ltr'><em>sancta:</em></span> <span class='ocrx_word' id='word_1_406' title='bbox 1515 3470 1722 3524; x_wconf 84' lang='lat' dir='ltr'><em>Roma-</em></span> <span class='ocrx_word' id='word_1_407' title='bbox 1823 3469 2034 3521; x_wconf 61' lang='lat' dir='ltr'><em>nostrae</em></span> <span class='ocrx_word' id='word_1_408' title='bbox 2087 3465 2416 3536; x_wconf 75' lang='lat' dir='ltr'><em>apostolicae</em></span> <span class='ocrx_word' id='word_1_409' title='bbox 2478 3462 2940 3518; x_wconf 83' lang='lat' dir='ltr'><em>confirmationis</em></span> <span class='ocrx_word' id='word_1_410' title='bbox 2981 3463 3191 3517; x_wconf 90' lang='lat' dir='ltr'><em>seriem</em></span> <span class='ocrx_word' id='word_1_411' title='bbox 3241 3463 3440 3518; x_wconf 88' lang='lat' dir='ltr'><em>venire</em></span> 
     </span>
    </p>
   </div>
   <div class='ocr_carea' id='block_1_36' title="bbox 149 3550 3442 3625">
    <p class='ocr_par' dir='ltr' id='par_1_36' title="bbox 149 3550 3442 3625">
     <span class='ocr_line' id='line_1_36' title="bbox 149 3550 3442 3625; baseline -0 -19"><span class='ocrx_word' id='word_1_412' title='bbox 149 3563 222 3602; x_wconf 72' lang='lat' dir='ltr'><em>na:</em></span> <span class='ocrx_word' id='word_1_413' title='bbox 257 3553 504 3611; x_wconf 67' lang='lat' dir='ltr'><em>Ecclesiae</em></span> <span class='ocrx_word' id='word_1_414' title='bbox 536 3556 601 3610; x_wconf 88' lang='lat' dir='ltr'><em>in</em></span> <span class='ocrx_word' id='word_1_415' title='bbox 635 3572 833 3612; x_wconf 88' lang='lat' dir='ltr'><em>mense</em></span> <span class='ocrx_word' id='word_1_416' title='bbox 863 3556 1114 3625; x_wconf 90' lang='lat' dir='ltr'><em>Octobri,</em></span> <span class='ocrx_word' id='word_1_417' title='bbox 1167 3556 1481 3612; x_wconf 91' lang='lat' dir='ltr'><em>indictione</em></span> <span class='ocrx_word' id='word_1_418' title='bbox 1522 3557 1715 3614; x_wconf 89' lang='lat' dir='ltr'><em>tertia.</em></span> <span class='ocrx_word' id='word_1_419' title='bbox 1822 3555 2146 3623; x_wconf 87' lang='lat' dir='ltr'><em>tentaverit,</em></span> <span class='ocrx_word' id='word_1_420' title='bbox 2179 3553 2319 3608; x_wconf 89' lang='lat' dir='ltr'><em>sciat</em></span> <span class='ocrx_word' id='word_1_421' title='bbox 2348 3570 2408 3607; x_wconf 89' lang='lat' dir='ltr'><em>se</em></span> <span class='ocrx_word' id='word_1_422' title='bbox 2438 3551 2776 3607; x_wconf 87' lang='lat' dir='ltr'><em>auctoritate</em></span> <span class='ocrx_word' id='word_1_423' title='bbox 2817 3551 3041 3605; x_wconf 91' lang='lat' dir='ltr'><em>domini</em></span> <span class='ocrx_word' id='word_1_424' title='bbox 3084 3550 3263 3604; x_wconf 89' lang='lat' dir='ltr'><em>nostri</em></span> <span class='ocrx_word' id='word_1_425' title='bbox 3295 3566 3442 3622; x_wconf 85' lang='lat' dir='ltr'><em>apo-</em></span> 
     </span>
    </p>
   </div>
   <div class='ocr_carea' id='block_1_37' title="bbox 205 3638 3436 3716">
    <p class='ocr_par' dir='ltr' id='par_1_37' title="bbox 205 3638 3436 3716">
     <span class='ocr_line' id='line_1_37' title="bbox 205 3638 3436 3716; baseline 0.001 -24"><span class='ocrx_word' id='word_1_426' title='bbox 205 3638 336 3697; x_wconf 84' lang='lat' dir='ltr'><em>Bene</em></span> <span class='ocrx_word' id='word_1_427' title='bbox 362 3646 565 3701; x_wconf 82' lang='lat' dir='ltr'><em>valete.</em></span> <span class='ocrx_word' id='word_1_428' title='bbox 1821 3644 2217 3716; x_wconf 89' lang='lat' dir='ltr'><em>stolorumque</em></span> <span class='ocrx_word' id='word_1_429' title='bbox 2255 3641 2534 3716; x_wconf 87' lang='lat' dir='ltr'><em>principis</em></span> <span class='ocrx_word' id='word_1_430' title='bbox 2574 3638 2723 3694; x_wconf 89' lang='lat' dir='ltr'><em>Petri</em></span> <span class='ocrx_word' id='word_1_431' title='bbox 2771 3638 3157 3694; x_wconf 88' lang='lat' dir='ltr'><em>anathematis</em></span> <span class='ocrx_word' id='word_1_432' title='bbox 3208 3638 3436 3694; x_wconf 88' lang='lat' dir='ltr'><em>vinculo</em></span> 
     </span>
    </p>
   </div>
   <div class='ocr_carea' id='block_1_38' title="bbox 867 3725 3438 3808">
    <p class='ocr_par' dir='ltr' id='par_1_38' title="bbox 867 3725 3438 3808">
     <span class='ocr_line' id='line_1_38' title="bbox 867 3725 3438 3808; baseline -0.005 -11"><span class='ocrx_word' id='word_1_433' title='bbox 867 3755 957 3808; x_wconf 62' lang='lat'>111,</span> <span class='ocrx_word' id='word_1_434' title='bbox 1821 3733 2186 3800; x_wconf 89' lang='lat' dir='ltr'><em>innodatum,</em></span> <span class='ocrx_word' id='word_1_435' title='bbox 2228 3736 2285 3788; x_wconf 84' lang='lat' dir='ltr'><em>et</em></span> <span class='ocrx_word' id='word_1_436' title='bbox 2322 3747 2454 3786; x_wconf 92' lang='lat' dir='ltr'><em>cum</em></span> <span class='ocrx_word' id='word_1_437' title='bbox 2503 3729 2732 3785; x_wconf 89' lang='lat' dir='ltr'><em>diabolo</em></span> <span class='ocrx_word' id='word_1_438' title='bbox 2787 3731 2846 3782; x_wconf 90' lang='lat' dir='ltr'><em>et</em></span> <span class='ocrx_word' id='word_1_439' title='bbox 2887 3728 3011 3798; x_wconf 89' lang='lat' dir='ltr'><em>ejus</em></span> <span class='ocrx_word' id='word_1_440' title='bbox 3063 3725 3438 3783; x_wconf 86' lang='lat' dir='ltr'><em>atrocissimis</em></span> 
     </span>
    </p>
   </div>
   <div class='ocr_carea' id='block_1_39' title="bbox 1821 3814 3436 3893">
    <p class='ocr_par' dir='ltr' id='par_1_39' title="bbox 1821 3814 3436 3893">
     <span class='ocr_line' id='line_1_39' title="bbox 1821 3814 3436 3893; baseline -0.004 -17"><span class='ocrx_word' id='word_1_441' title='bbox 1821 3821 2070 3893; x_wconf 90' lang='lat' dir='ltr'><em>pompis,</em></span> <span class='ocrx_word' id='word_1_442' title='bbox 2101 3824 2272 3893; x_wconf 89' lang='lat' dir='ltr'><em>atque</em></span> <span class='ocrx_word' id='word_1_443' title='bbox 2304 3836 2436 3875; x_wconf 90' lang='lat' dir='ltr'><em>cum</em></span> <span class='ocrx_word' id='word_1_444' title='bbox 2466 3818 2612 3874; x_wconf 87' lang='lat' dir='ltr'><em>Juda</em></span> <span class='ocrx_word' id='word_1_445' title='bbox 2649 3817 2925 3872; x_wconf 88' lang='lat' dir='ltr'><em>traditore</em></span> <span class='ocrx_word' id='word_1_446' title='bbox 2965 3814 3197 3870; x_wconf 91' lang='lat' dir='ltr'><em>Domini</em></span> <span class='ocrx_word' id='word_1_447' title='bbox 3228 3818 3286 3870; x_wconf 91' lang='lat' dir='ltr'><em>et</em></span> <span class='ocrx_word' id='word_1_448' title='bbox 3311 3815 3436 3871; x_wconf 85' lang='lat' dir='ltr'><em>Sal-</em></span> 
     </span>
    </p>
   </div>
   <div class='ocr_carea' id='block_1_40' title="bbox 1818 3903 3440 3976">
    <p class='ocr_par' dir='ltr' id='par_1_40' title="bbox 1818 3903 3440 3976">
     <span class='ocr_line' id='line_1_40' title="bbox 1818 3903 3440 3976; baseline -0.003 -13"><span class='ocrx_word' id='word_1_449' title='bbox 1818 3910 2025 3964; x_wconf 88' lang='lat' dir='ltr'><em>vatoris</em></span> <span class='ocrx_word' id='word_1_450' title='bbox 2049 3909 2226 3964; x_wconf 90' lang='lat' dir='ltr'><em>nostri</em></span> <span class='ocrx_word' id='word_1_451' title='bbox 2253 3911 2384 3964; x_wconf 84' lang='lat' dir='ltr'><em>Jésu</em></span> <span class='ocrx_word' id='word_1_452' title='bbox 2418 3905 2626 3964; x_wconf 87' lang='lat' dir='ltr'><em>Christi</em></span> <span class='ocrx_word' id='word_1_453' title='bbox 2681 3905 2741 3960; x_wconf 93' lang='lat' dir='ltr'><em>in</em></span> <span class='ocrx_word' id='word_1_454' title='bbox 2771 3909 2987 3961; x_wconf 70' lang='lat' dir='ltr'><em>esterno</em></span> <span class='ocrx_word' id='word_1_455' title='bbox 3031 3903 3167 3976; x_wconf 90' lang='lat' dir='ltr'><em>igne</em></span> <span class='ocrx_word' id='word_1_456' title='bbox 3196 3919 3440 3958; x_wconf 87' lang='lat' dir='ltr'><em>concre-</em></span> 
     </span>
    </p>
   </div>
   <div class='ocr_carea' id='block_1_41' title="bbox 1817 3993 3438 4070">
    <p class='ocr_par' dir='ltr' id='par_1_41' title="bbox 1817 3993 3438 4070">
     <span class='ocr_line' id='line_1_41' title="bbox 1817 3993 3438 4070; baseline -0.003 -17"><span class='ocrx_word' id='word_1_457' title='bbox 1817 3999 2120 4066; x_wconf 90' lang='lat' dir='ltr'><em>mandum,</em></span> <span class='ocrx_word' id='word_1_458' title='bbox 2156 3999 2448 4070; x_wconf 89' lang='lat' dir='ltr'><em>simulque</em></span> <span class='ocrx_word' id='word_1_459' title='bbox 2480 4001 2536 4052; x_wconf 88' lang='lat' dir='ltr'><em>et</em></span> <span class='ocrx_word' id='word_1_460' title='bbox 2564 3996 2624 4050; x_wconf 91' lang='lat' dir='ltr'><em>in</em></span> <span class='ocrx_word' id='word_1_461' title='bbox 2658 3995 2936 4067; x_wconf 85' lang='lat' dir='ltr'><em>voragine</em></span> <span class='ocrx_word' id='word_1_462' title='bbox 2956 3996 3206 4049; x_wconf 86' lang='lat' dir='ltr'><em>tartarea</em></span> <span class='ocrx_word' id='word_1_463' title='bbox 3234 3993 3438 4048; x_wconf 87' lang='lat' dir='ltr'><em>dimis-</em></span> 
     </span>
    </p>
   </div>
   <div class='ocr_carea' id='block_1_42' title="bbox 144 3851 1717 3918">
    <p class='ocr_par' dir='ltr' id='par_1_42' title="bbox 144 3851 1717 3918">
     <span class='ocr_line' id='line_1_42' title="bbox 144 3851 1717 3918; baseline 0.008 -15"><span class='ocrx_word' id='word_1_464' title='bbox 144 3851 346 3912; x_wconf 78' lang='lat' dir='ltr'><em>Joannes</em></span> <span class='ocrx_word' id='word_1_465' title='bbox 383 3859 594 3916; x_wconf 86' lang='lat' dir='ltr'><em>XVIII</em></span> <span class='ocrx_word' id='word_1_466' title='bbox 618 3861 841 3916; x_wconf 73' lang='lat' dir='ltr'><em>ecclesiae</em></span> <span class='ocrx_word' id='word_1_467' title='bbox 869 3860 976 3916; x_wconf 87' lang='lat' dir='ltr'><em>SS.</em></span> <span class='ocrx_word' id='word_1_468' title='bbox 1011 3859 1216 3916; x_wconf 68' lang='lat' dir='ltr'><em>Cosme?</em></span> <span class='ocrx_word' id='word_1_469' title='bbox 1258 3868 1306 3916; x_wconf 83' lang='lat' dir='ltr'><em>et</em></span> <span class='ocrx_word' id='word_1_470' title='bbox 1351 3863 1614 3918; x_wconf 87' lang='lat' dir='ltr'><em>Damiani</em></span> <span class='ocrx_word' id='word_1_471' title='bbox 1646 3860 1717 3916; x_wconf 85' lang='lat' dir='ltr'><em>ad</em></span> 
     </span>
    </p>
   </div>
   <div class='ocr_carea' id='block_1_43' title="bbox 392 3949 1428 4022">
    <p class='ocr_par' dir='ltr' id='par_1_43' title="bbox 392 3949 1428 4022">
     <span class='ocr_line' id='line_1_43' title="bbox 392 3949 1428 4022; baseline 0.004 -18"><span class='ocrx_word' id='word_1_472' title='bbox 392 3949 597 4006; x_wconf 85' lang='lat' dir='ltr'><em>Micam</em></span> <span class='ocrx_word' id='word_1_473' title='bbox 636 3965 864 4006; x_wconf 82' lang='lat' dir='ltr'><em>auream</em></span> <span class='ocrx_word' id='word_1_474' title='bbox 892 3950 1184 4022; x_wconf 77' lang='lat' dir='ltr'><em>privilegia</em></span> <span class='ocrx_word' id='word_1_475' title='bbox 1227 3950 1428 4008; x_wconf 82' lang='lat' dir='ltr'><em>tribuit.</em></span> 
     </span>
    </p>
   </div>
   <div class='ocr_carea' id='block_1_44' title="bbox 423 4055 3438 4158">
    <p class='ocr_par' dir='ltr' id='par_1_44' title="bbox 423 4055 3438 4158">
     <span class='ocr_line' id='line_1_44' title="bbox 423 4055 3438 4158; baseline 0.003 -31"><span class='ocrx_word' id='word_1_476' title='bbox 423 4055 986 4158; x_wconf 40' lang='lat' dir='ltr'><em>(E{&#39;§gm°11tu§1&quot;:—</em></span> <span class='ocrx_word' id='word_1_477' title='bbox 1017 4060 1400 4158; x_wconf 38' lang='lat'><em>“11219959</em></span> <span class='ocrx_word' id='word_1_478' title='bbox 1816 4103 1945 4142; x_wconf 89' lang='lat' dir='ltr'><em>sum</em></span> <span class='ocrx_word' id='word_1_479' title='bbox 1962 4055 2325 4158; x_wconf 44' lang='lat' dir='ltr'><em>cum’impiis</em></span> <span class='ocrx_word' id='word_1_480' title='bbox 2352 4055 2606 4141; x_wconf 65' lang='lat' dir='ltr'><em>deﬁciat.</em></span> <span class='ocrx_word' id='word_1_481' title='bbox 2631 4084 2739 4148; x_wconf 87' lang='lat' dir='ltr'><em>Qui</em></span> <span class='ocrx_word' id='word_1_482' title='bbox 2770 4055 2904 4139; x_wconf 57' lang='lat' dir='ltr'><em>vcro</em></span> <span class='ocrx_word' id='word_1_483' title='bbox 2935 4084 3122 4138; x_wconf 89' lang='lat' dir='ltr'><em>custos</em></span> <span class='ocrx_word' id='word_1_484' title='bbox 3153 4084 3210 4137; x_wconf 89' lang='lat' dir='ltr'><em>et</em></span> <span class='ocrx_word' id='word_1_485' title='bbox 3234 4082 3438 4137; x_wconf 86' lang='lat' dir='ltr'><em>obser-</em></span> 
     </span>
    </p>
   </div>
   <div class='ocr_carea' id='block_1_45' title="bbox 470 4144 3439 4246">
    <p class='ocr_par' dir='ltr' id='par_1_45' title="bbox 470 4144 3439 4246">
     <span class='ocr_line' id='line_1_45' title="bbox 470 4144 3439 4246; baseline 0 -19"><span class='ocrx_word' id='word_1_486' title='bbox 470 4144 755 4214; x_wconf 55' lang='lat' dir='ltr'><em>[UGHELLI’</em></span> <span class='ocrx_word' id='word_1_487' title='bbox 789 4145 954 4201; x_wconf 71' lang='grc' dir='ltr'><em>Ῑίαίία</em></span> <span class='ocrx_word' id='word_1_488' title='bbox 984 4165 1156 4216; x_wconf 62' lang='lat' dir='ltr'><strong><em>sacra!</em></strong></span> <span class='ocrx_word' id='word_1_489' title='bbox 1186 4148 1227 4216; x_wconf 57' lang='lat' dir='ltr'><em>Ii</em></span> <span class='ocrx_word' id='word_1_490' title='bbox 1261 4148 1375 4207; x_wconf 71' lang='lat'><em>57°]</em></span> <span class='ocrx_word' id='word_1_491' title='bbox 1816 4179 1977 4229; x_wconf 90' lang='lat' dir='ltr'><em>vator</em></span> <span class='ocrx_word' id='word_1_492' title='bbox 1997 4176 2166 4246; x_wconf 89' lang='lat' dir='ltr'><em>hujus</em></span> <span class='ocrx_word' id='word_1_493' title='bbox 2194 4144 2373 4230; x_wconf 74' lang='lat' dir='ltr'><em>nostri</em></span> <span class='ocrx_word' id='word_1_494' title='bbox 2398 4144 3439 4246; x_wconf 74' lang='lat' dir='ltr'><em>privilegiiexstiterit,benedictionis</em></span> 
     </span>
    </p>
   </div>
   <div class='ocr_carea' id='block_1_46' title="bbox 1842 4263 3434 4335">
    <p class='ocr_par' dir='ltr' id='par_1_46' title="bbox 1842 4263 3434 4335">
     <span class='ocr_line' id='line_1_46' title="bbox 1842 4263 3434 4335; baseline 0 -17"><span class='ocrx_word' id='word_1_495' title='bbox 1842 4264 2064 4333; x_wconf 57' lang='lat' dir='ltr'><em>gratiam</em></span> <span class='ocrx_word' id='word_1_496' title='bbox 2098 4267 2156 4318; x_wconf 89' lang='lat' dir='ltr'><em>et</em></span> <span class='ocrx_word' id='word_1_497' title='bbox 2185 4264 2362 4318; x_wconf 87' lang='lat' dir='ltr'><em>vitam</em></span> <span class='ocrx_word' id='word_1_498' title='bbox 2383 4267 2665 4319; x_wconf 66' lang='lat' dir='ltr'><em>aeternam</em></span> <span class='ocrx_word' id='word_1_499' title='bbox 2696 4280 2730 4317; x_wconf 91' lang='lat' dir='ltr'><em>a</em></span> <span class='ocrx_word' id='word_1_500' title='bbox 2755 4263 3005 4318; x_wconf 90' lang='lat' dir='ltr'><em>Domino</em></span> <span class='ocrx_word' id='word_1_501' title='bbox 3028 4264 3434 4335; x_wconf 83' lang='lat' dir='ltr'><em>consequatur.</em></span> 
     </span>
    </p>
   </div>
   <div class='ocr_carea' id='block_1_47' title="bbox 196 4334 3437 4424">
    <p class='ocr_par' dir='ltr' id='par_1_47' title="bbox 196 4334 3437 4424">
     <span class='ocr_line' id='line_1_47' title="bbox 196 4334 3437 4424; baseline 0.004 -31"><span class='ocrx_word' id='word_1_502' title='bbox 196 4334 324 4424; x_wconf 70' lang='lat' dir='ltr'><em>Data</em></span> <span class='ocrx_word' id='word_1_503' title='bbox 350 4356 400 4393; x_wconf 86' lang='lat' dir='ltr'><em>1v</em></span> <span class='ocrx_word' id='word_1_504' title='bbox 432 4341 552 4395; x_wconf 88' lang='lat' dir='ltr'><em>Kal.</em></span> <span class='ocrx_word' id='word_1_505' title='bbox 582 4341 792 4414; x_wconf 89' lang='lat' dir='ltr'><em>Aprilis</em></span> <span class='ocrx_word' id='word_1_506' title='bbox 815 4359 918 4413; x_wconf 85' lang='lat' dir='ltr'><em>per</em></span> <span class='ocrx_word' id='word_1_507' title='bbox 943 4358 1149 4396; x_wconf 88' lang='lat' dir='ltr'><em>manus</em></span> <span class='ocrx_word' id='word_1_508' title='bbox 1176 4340 1435 4412; x_wconf 87' lang='lat' dir='ltr'><em>Gregorii</em></span> <span class='ocrx_word' id='word_1_509' title='bbox 1461 4339 1711 4413; x_wconf 89' lang='lat' dir='ltr'><em>episcopi</em></span> <span class='ocrx_word' id='word_1_510' title='bbox 1829 4334 1840 4335; x_wconf 19' lang='grc' dir='ltr'>ί</span> <span class='ocrx_word' id='word_1_511' title='bbox 1887 4352 2180 4424; x_wconf 90' lang='lat' dir='ltr'><em>Scriptum</em></span> <span class='ocrx_word' id='word_1_512' title='bbox 2222 4368 2328 4424; x_wconf 91' lang='lat' dir='ltr'><em>per</em></span> <span class='ocrx_word' id='word_1_513' title='bbox 2355 4367 2564 4406; x_wconf 88' lang='lat' dir='ltr'><em>manus</em></span> <span class='ocrx_word' id='word_1_514' title='bbox 2598 4351 2748 4406; x_wconf 87' lang='lat' dir='ltr'><em>Petri</em></span> <span class='ocrx_word' id='word_1_515' title='bbox 2783 4350 2995 4406; x_wconf 89' lang='lat' dir='ltr'><em>notarii</em></span> <span class='ocrx_word' id='word_1_516' title='bbox 3046 4355 3104 4404; x_wconf 91' lang='lat' dir='ltr'><em>et</em></span> <span class='ocrx_word' id='word_1_517' title='bbox 3151 4334 3437 4406; x_wconf 82' lang='lat' dir='ltr'><em>scriniarii</em></span> 
     </span>
    </p>
   </div>
   <div class='ocr_carea' id='block_1_48' title="bbox 137 4422 3432 4510">
    <p class='ocr_par' dir='ltr' id='par_1_48' title="bbox 137 4422 3432 4510">
     <span class='ocr_line' id='line_1_48' title="bbox 137 4422 3432 4510; baseline 0.005 -34"><span class='ocrx_word' id='word_1_518' title='bbox 137 4423 184 4510; x_wconf 57' lang='lat' dir='ltr'><em>et</em></span> <span class='ocrx_word' id='word_1_519' title='bbox 213 4422 617 4486; x_wconf 87' lang='lat' dir='ltr'><em>bibliothecarii</em></span> <span class='ocrx_word' id='word_1_520' title='bbox 661 4430 717 4485; x_wconf 89' lang='lat' dir='ltr'><em>S.</em></span> <span class='ocrx_word' id='word_1_521' title='bbox 761 4431 826 4485; x_wconf 85' lang='lat' dir='ltr'><em>R.</em></span> <span class='ocrx_word' id='word_1_522' title='bbox 873 4431 936 4486; x_wconf 90' lang='lat' dir='ltr'><em>E.</em></span> <span class='ocrx_word' id='word_1_523' title='bbox 989 4433 1159 4502; x_wconf 89' lang='lat' dir='ltr'><em>atque</em></span> <span class='ocrx_word' id='word_1_524' title='bbox 1199 4429 1453 4502; x_wconf 90' lang='lat' dir='ltr'><em>episcopi</em></span> <span class='ocrx_word' id='word_1_525' title='bbox 1492 4432 1708 4487; x_wconf 58' lang='lat' dir='ltr'><em>sancte</em></span> <span class='ocrx_word' id='word_1_526' title='bbox 1815 4422 2057 4506; x_wconf 56' lang='lat' dir='ltr'><em>S.R.E:,</em></span> <span class='ocrx_word' id='word_1_527' title='bbox 2091 4440 2150 4494; x_wconf 89' lang='lat' dir='ltr'><em>in</em></span> <span class='ocrx_word' id='word_1_528' title='bbox 2187 4422 2390 4494; x_wconf 79' lang='lat' dir='ltr'><em>mense</em></span> <span class='ocrx_word' id='word_1_529' title='bbox 2411 4440 2580 4507; x_wconf 87' lang='lat' dir='ltr'><em>Julio,</em></span> <span class='ocrx_word' id='word_1_530' title='bbox 2607 4437 3209 4510; x_wconf 85' lang='lat' dir='ltr'><em>indict.suprascripta</em></span> <span class='ocrx_word' id='word_1_531' title='bbox 3241 4437 3432 4493; x_wconf 90' lang='lat' dir='ltr'><em>tertia.</em></span> 
     </span>
    </p>
   </div>
   <div class='ocr_carea' id='block_1_49' title="bbox 135 4506 3429 4597">
    <p class='ocr_par' dir='ltr' id='par_1_49' title="bbox 135 4506 3429 4597">
     <span class='ocr_line' id='line_1_49' title="bbox 135 4506 3429 4597; baseline 0.005 -35"><span class='ocrx_word' id='word_1_532' title='bbox 135 4506 379 4597; x_wconf 77' lang='lat' dir='ltr'><em>Qstiensis</em></span> <span class='ocrx_word' id='word_1_533' title='bbox 394 4519 676 4575; x_wconf 78' lang='lat' dir='ltr'><em>Ecclesiae.</em></span> <span class='ocrx_word' id='word_1_534' title='bbox 711 4536 888 4587; x_wconf 87' lang='lat' dir='ltr'><em>anno,</em></span> <span class='ocrx_word' id='word_1_535' title='bbox 915 4522 1029 4575; x_wconf 91' lang='lat' dir='ltr'><em>Deo</em></span> <span class='ocrx_word' id='word_1_536' title='bbox 1051 4519 1707 4592; x_wconf 85' lang='lat' dir='ltr'><em>propitio,pontiﬁcatus</em></span> <span class='ocrx_word' id='word_1_537' title='bbox 1815 4529 1966 4583; x_wconf 80' lang='lat' dir='ltr'><em>Bene</em></span> <span class='ocrx_word' id='word_1_538' title='bbox 1994 4529 2202 4582; x_wconf 64' lang='lat' dir='ltr'><em>valete.</em></span> <span class='ocrx_word' id='word_1_539' title='bbox 2242 4506 2617 4582; x_wconf 82' lang='lat' dir='ltr'><em>Decernimus</em></span> <span class='ocrx_word' id='word_1_540' title='bbox 2645 4543 2806 4597; x_wconf 82' lang='lat' dir='ltr'><em>ergo,</em></span> <span class='ocrx_word' id='word_1_541' title='bbox 2851 4506 2959 4582; x_wconf 78' lang='lat' dir='ltr'><em>etc.</em></span> <span class='ocrx_word' id='word_1_542' title='bbox 3001 4525 3060 4580; x_wconf 91' lang='lat' dir='ltr'><em>Si</em></span> <span class='ocrx_word' id='word_1_543' title='bbox 3093 4506 3208 4596; x_wconf 74' lang='lat' dir='ltr'><em>qua</em></span> <span class='ocrx_word' id='word_1_544' title='bbox 3231 4525 3429 4596; x_wconf 84' lang='lat' dir='ltr'><em>igitur,</em></span> 
     </span>
    </p>
   </div>
   <div class='ocr_carea' id='block_1_50' title="bbox 136 4594 2814 4686">
    <p class='ocr_par' dir='ltr' id='par_1_50' title="bbox 136 4594 2814 4686">
     <span class='ocr_line' id='line_1_50' title="bbox 136 4594 2814 4686; baseline 0.006 -33"><span class='ocrx_word' id='word_1_545' title='bbox 136 4594 330 4686; x_wconf 48' lang='lat' dir='ltr'><em>domini</em></span> <span class='ocrx_word' id='word_1_546' title='bbox 373 4607 610 4663; x_wconf 79' lang='lat' dir='ltr'><em>Joannis</em></span> <span class='ocrx_word' id='word_1_547' title='bbox 653 4609 867 4664; x_wconf 90' lang='lat' dir='ltr'><em>summi</em></span> <span class='ocrx_word' id='word_1_548' title='bbox 915 4608 1206 4679; x_wconf 85' lang='lat' dir='ltr'><em>pontificis</em></span> <span class='ocrx_word' id='word_1_549' title='bbox 1259 4611 1316 4662; x_wconf 90' lang='lat' dir='ltr'><em>et</em></span> <span class='ocrx_word' id='word_1_550' title='bbox 1374 4607 1709 4662; x_wconf 86' lang='lat' dir='ltr'><em>universalis</em></span> <span class='ocrx_word' id='word_1_551' title='bbox 1813 4621 1921 4673; x_wconf 75' lang='lat' dir='ltr'><em>etc,</em></span> <span class='ocrx_word' id='word_1_552' title='bbox 1957 4616 2193 4672; x_wconf 79' lang='lat' dir='ltr'><em>Cunctis</em></span> <span class='ocrx_word' id='word_1_553' title='bbox 2221 4620 2442 4686; x_wconf 81' lang='lat' dir='ltr'><em>autem,</em></span> <span class='ocrx_word' id='word_1_554' title='bbox 2473 4619 2580 4672; x_wconf 87' lang='lat' dir='ltr'><em>etc.</em></span> <span class='ocrx_word' id='word_1_555' title='bbox 2608 4594 2814 4671; x_wconf 73' lang='lat' dir='ltr'><em>Amen.</em></span> 
     </span>
    </p>
   </div>
   <div class='ocr_carea' id='block_1_51' title="bbox 133 4683 2662 4776">
    <p class='ocr_par' dir='ltr' id='par_1_51' title="bbox 133 4683 2662 4776">
     <span class='ocr_line' id='line_1_51' title="bbox 133 4683 2662 4776; baseline 0.011 -39"><span class='ocrx_word' id='word_1_556' title='bbox 133 4683 270 4742; x_wconf 82' lang='lat' dir='ltr'><em>XVIII</em></span> <span class='ocrx_word' id='word_1_557' title='bbox 281 4708 437 4764; x_wconf 75' lang='lat' dir='ltr'><em>papa:</em></span> <span class='ocrx_word' id='word_1_558' title='bbox 458 4696 517 4750; x_wconf 92' lang='lat' dir='ltr'><em>in</em></span> <span class='ocrx_word' id='word_1_559' title='bbox 539 4697 923 4752; x_wconf 86' lang='lat' dir='ltr'><em>sacratissima</em></span> <span class='ocrx_word' id='word_1_560' title='bbox 941 4698 1074 4753; x_wconf 87' lang='lat' dir='ltr'><em>sede</em></span> <span class='ocrx_word' id='word_1_561' title='bbox 1106 4698 1258 4754; x_wconf 87' lang='lat' dir='ltr'><em>beati</em></span> <span class='ocrx_word' id='word_1_562' title='bbox 1291 4698 1442 4753; x_wconf 88' lang='lat' dir='ltr'><em>Petri</em></span> <span class='ocrx_word' id='word_1_563' title='bbox 1464 4695 1706 4770; x_wconf 87' lang='lat' dir='ltr'><em>apostoli</em></span> <span class='ocrx_word' id='word_1_564' title='bbox 2427 4683 2434 4686; x_wconf 16' lang='grc' dir='ltr'><strong><em>γ</em></strong></span> <span class='ocrx_word' id='word_1_565' title='bbox 2573 4722 2662 4776; x_wconf 75' lang='grc' dir='ltr'><em>γι,</em></span> 
     </span>
    </p>
   </div>
   <div class='ocr_carea' id='block_1_52' title="bbox 133 4780 3420 4939">
    <p class='ocr_par' dir='ltr' id='par_1_52' title="bbox 133 4780 3420 4939">
     <span class='ocr_line' id='line_1_52' title="bbox 133 4780 3420 4939; baseline 0.009 -113"><span class='ocrx_word' id='word_1_566' title='bbox 133 4780 376 4850; x_wconf 85' lang='lat' dir='ltr'><em>secundo,</em></span> <span class='ocrx_word' id='word_1_567' title='bbox 407 4783 466 4840; x_wconf 91' lang='lat' dir='ltr'><em>in</em></span> <span class='ocrx_word' id='word_1_568' title='bbox 496 4802 698 4841; x_wconf 86' lang='lat' dir='ltr'><em>mense</em></span> <span class='ocrx_word' id='word_1_569' title='bbox 725 4790 782 4841; x_wconf 90' lang='lat' dir='ltr'><em>et</em></span> <span class='ocrx_word' id='word_1_570' title='bbox 819 4785 1017 4842; x_wconf 90' lang='lat' dir='ltr'><em>indict.</em></span> <span class='ocrx_word' id='word_1_571' title='bbox 1051 4785 1378 4859; x_wconf 87' lang='lat' dir='ltr'><em>supradicta</em></span> <span class='ocrx_word' id='word_1_572' title='bbox 1404 4787 1594 4842; x_wconf 88' lang='lat' dir='ltr'><em>tertia.</em></span> <span class='ocrx_word' id='word_1_573' title='bbox 1733 4789 1786 4849; x_wconf 94' lang='lat' dir='ltr'><em>D</em></span> <span class='ocrx_word' id='word_1_574' title='bbox 1806 4813 2036 4869; x_wconf 67' lang='grc' dir='ltr'><em>,Ῑοαηηίς</em></span> <span class='ocrx_word' id='word_1_575' title='bbox 2075 4810 2135 4868; x_wconf 83' lang='grc' dir='ltr'>Χ</span> <span class='ocrx_word' id='word_1_576' title='bbox 2154 4810 2301 4867; x_wconf 85' lang='lat' dir='ltr'><em>VIII</em></span> <span class='ocrx_word' id='word_1_577' title='bbox 2338 4828 2495 4939; x_wconf 65' lang='grc' dir='ltr'><em>ραρᾶοε</em></span> <span class='ocrx_word' id='word_1_578' title='bbox 2530 4810 2882 4937; x_wconf 55' lang='lat' dir='ltr'><em>privilegium</em></span> <span class='ocrx_word' id='word_1_579' title='bbox 2906 4825 3008 4882; x_wconf 85' lang='lat' dir='ltr'><em>pro</em></span> <span class='ocrx_word' id='word_1_580' title='bbox 3038 4805 3277 4867; x_wconf 73' lang='lat' dir='ltr'><em>Ecclesia</em></span> <span class='ocrx_word' id='word_1_581' title='bbox 3301 4808 3420 4864; x_wconf 80' lang='lat' dir='ltr'><em>Pa.</em></span> 
     </span>
     <span class='ocr_line' id='line_1_53' title="bbox 856 4899 2791 4939; baseline -0.002 0"><span class='ocrx_word' id='word_1_582' title='bbox 856 4913 924 4939; x_wconf 80' lang='lat' dir='ltr'><em>nr</em></span> <span class='ocrx_word' id='word_1_583' title='bbox 2467 4899 2528 4939; x_wconf 83' lang='lat' dir='ltr'><em>er</em></span> <span class='ocrx_word' id='word_1_584' title='bbox 2563 4900 2791 4938; x_wconf 80' lang='lat' dir='ltr'><em>ornensz.</em></span> 
     </span>
    </p>
   </div>
   <div class='ocr_carea' id='block_1_53' title="bbox 856 4899 2791 4967">
    <p class='ocr_par' dir='ltr' id='par_1_53' title="bbox 856 4899 2791 4967">
     <span class='ocr_line' id='line_1_54' title="bbox 856 4899 2791 4967; baseline -0.001 -30"><span class='ocrx_word' id='word_1_585' title='bbox 2431 4899 2791 4939; x_wconf 80' lang='lat' dir='ltr'><em>aeroornensz.</em></span> 
     </span>
    </p>
   </div>
   <div class='ocr_carea' id='block_1_54' title="bbox 2393 4970 2830 5042">
    <p class='ocr_par' dir='ltr' id='par_1_54' title="bbox 2393 4970 2830 5042">
     <span class='ocr_line' id='line_1_55' title="bbox 2393 4970 2830 5042; baseline -0.009 -14"><span class='ocrx_word' id='word_1_586' title='bbox 2393 4976 2579 5040; x_wconf 80' lang='lat' dir='ltr'><em>(Anno</em></span> <span class='ocrx_word' id='word_1_587' title='bbox 2650 4970 2830 5042; x_wconf 76' lang='grc'><strong>1005.)</strong></span> 
     </span>
    </p>
   </div>
   <div class='ocr_carea' id='block_1_55' title="bbox 1873 5053 3345 5130">
    <p class='ocr_par' dir='ltr' id='par_1_55' title="bbox 1873 5053 3345 5130">
     <span class='ocr_line' id='line_1_56' title="bbox 1873 5053 3345 5130; baseline -0.005 -14"><span class='ocrx_word' id='word_1_588' title='bbox 1873 5061 2168 5128; x_wconf 67' lang='lat' dir='ltr'><em>[Scusrss,</em></span> <span class='ocrx_word' id='word_1_589' title='bbox 2210 5059 2413 5116; x_wconf 86' lang='lat' dir='ltr'><em>Annal.</em></span> <span class='ocrx_word' id='word_1_590' title='bbox 2431 5057 2792 5125; x_wconf 83' lang='lat' dir='ltr'><em>Paderborn.,</em></span> <span class='ocrx_word' id='word_1_591' title='bbox 2815 5060 2958 5113; x_wconf 91' lang='lat' dir='ltr'><em>tom.</em></span> <span class='ocrx_word' id='word_1_592' title='bbox 2984 5057 3026 5125; x_wconf 84' lang='grc' dir='ltr'><em>Ι,</em></span> <span class='ocrx_word' id='word_1_593' title='bbox 3043 5073 3178 5130; x_wconf 84' lang='lat' dir='ltr'><em>pag.</em></span> <span class='ocrx_word' id='word_1_594' title='bbox 3198 5053 3345 5116; x_wconf 83' lang='lat'><em>375.]</em></span> 
     </span>
    </p>
   </div>
   <div class='ocr_carea' id='block_1_56' title="bbox 1871 5162 3417 5239">
    <p class='ocr_par' dir='ltr' id='par_1_56' title="bbox 1871 5162 3417 5239">
     <span class='ocr_line' id='line_1_57' title="bbox 1871 5162 3417 5239; baseline -0.004 -15"><span class='ocrx_word' id='word_1_595' title='bbox 1871 5171 2116 5224; x_wconf 62' lang='lat' dir='ltr'><em>Joannes</em></span> <span class='ocrx_word' id='word_1_596' title='bbox 2153 5167 2473 5239; x_wconf 89' lang='lat' dir='ltr'><em>episcopus,</em></span> <span class='ocrx_word' id='word_1_597' title='bbox 2506 5181 2698 5220; x_wconf 89' lang='lat' dir='ltr'><em>servus</em></span> <span class='ocrx_word' id='word_1_598' title='bbox 2723 5180 3020 5220; x_wconf 87' lang='lat' dir='ltr'><em>servorum</em></span> <span class='ocrx_word' id='word_1_599' title='bbox 3052 5163 3176 5232; x_wconf 90' lang='lat' dir='ltr'><em>Dei,</em></span> <span class='ocrx_word' id='word_1_600' title='bbox 3207 5162 3417 5218; x_wconf 86' lang='lat' dir='ltr'><em>dilecto</em></span> 
     </span>
    </p>
   </div>
   <div class='ocr_carea' id='block_1_57' title="bbox 1803 5250 3415 5323">
    <p class='ocr_par' dir='ltr' id='par_1_57' title="bbox 1803 5250 3415 5323">
     <span class='ocr_line' id='line_1_58' title="bbox 1803 5250 3415 5323; baseline -0.002 -11"><span class='ocrx_word' id='word_1_601' title='bbox 1803 5257 1919 5313; x_wconf 83' lang='lat' dir='ltr'><em>filio</em></span> <span class='ocrx_word' id='word_1_602' title='bbox 1968 5253 2718 5322; x_wconf 70' lang='lat' dir='ltr'><em>RATAR10,Paterbornensi</em></span> <span class='ocrx_word' id='word_1_603' title='bbox 2775 5251 3091 5308; x_wconf 88' lang='lat' dir='ltr'><em>venerabili</em></span> <span class='ocrx_word' id='word_1_604' title='bbox 3142 5250 3415 5323; x_wconf 88' lang='lat' dir='ltr'><em>episcopo</em></span> 
     </span>
    </p>
   </div>
   <div class='ocr_carea' id='block_1_58' title="bbox 127 5002 1704 5078">
    <p class='ocr_par' dir='ltr' id='par_1_58' title="bbox 127 5002 1704 5078">
     <span class='ocr_line' id='line_1_59' title="bbox 127 5002 1704 5078; baseline 0.005 -12"><span class='ocrx_word' id='word_1_605' title='bbox 127 5002 335 5068; x_wconf 77' lang='lat' dir='ltr'><em>Joannes</em></span> <span class='ocrx_word' id='word_1_606' title='bbox 360 5015 570 5073; x_wconf 86' lang='lat' dir='ltr'><em>XVIII</em></span> <span class='ocrx_word' id='word_1_607' title='bbox 613 5023 924 5076; x_wconf 77' lang='lat' dir='ltr'><em>monasterii</em></span> <span class='ocrx_word' id='word_1_608' title='bbox 968 5019 1077 5078; x_wconf 83' lang='lat' dir='ltr'><em>SS.</em></span> <span class='ocrx_word' id='word_1_609' title='bbox 1127 5018 1407 5074; x_wconf 81' lang='lat' dir='ltr'><em>Benedicti</em></span> <span class='ocrx_word' id='word_1_610' title='bbox 1442 5025 1492 5074; x_wconf 84' lang='lat' dir='ltr'><em>ct</em></span> <span class='ocrx_word' id='word_1_611' title='bbox 1538 5017 1704 5075; x_wconf 76' lang='lat' dir='ltr'><em>Scho-</em></span> 
     </span>
    </p>
   </div>
   <div class='ocr_carea' id='block_1_59' title="bbox 281 5101 1514 5182">
    <p class='ocr_par' dir='ltr' id='par_1_59' title="bbox 281 5101 1514 5182">
     <span class='ocr_line' id='line_1_60' title="bbox 281 5101 1514 5182; baseline 0.006 -26"><span class='ocrx_word' id='word_1_612' title='bbox 281 5101 470 5162; x_wconf 76' lang='lat' dir='ltr'><em>lastica:</em></span> <span class='ocrx_word' id='word_1_613' title='bbox 512 5107 850 5165; x_wconf 80' lang='lat' dir='ltr'><em>Sublacencis</em></span> <span class='ocrx_word' id='word_1_614' title='bbox 878 5110 1165 5182; x_wconf 76' lang='lat' dir='ltr'><em>privilegia</em></span> <span class='ocrx_word' id='word_1_615' title='bbox 1213 5110 1514 5179; x_wconf 86' lang='lat' dir='ltr'><em>conﬁrmat.</em></span> 
     </span>
    </p>
   </div>
   <div class='ocr_carea' id='block_1_60' title="bbox 414 5215 1369 5289">
    <p class='ocr_par' dir='ltr' id='par_1_60' title="bbox 414 5215 1369 5289">
     <span class='ocr_line' id='line_1_61' title="bbox 414 5215 1369 5289; baseline 0.003 -22"><span class='ocrx_word' id='word_1_616' title='bbox 414 5215 869 5286; x_wconf 81' lang='lat' dir='ltr'><em>(Fragmentum.</em></span> <span class='ocrx_word' id='word_1_617' title='bbox 891 5248 958 5256; x_wconf 93' lang='lat'><strong>—</strong></span> <span class='ocrx_word' id='word_1_618' title='bbox 989 5219 1156 5270; x_wconf 85' lang='lat' dir='ltr'><em>Anno</em></span> <span class='ocrx_word' id='word_1_619' title='bbox 1193 5217 1369 5289; x_wconf 77' lang='grc'><strong>1005.)</strong></span> 
     </span>
    </p>
   </div>
   <div class='ocr_carea' id='block_1_61' title="bbox 183 5311 2983 5420">
    <p class='ocr_par' dir='ltr' id='par_1_61' title="bbox 183 5311 2983 5420">
     <span class='ocr_line' id='line_1_62' title="bbox 183 5311 2983 5420; baseline 0.009 -50"><span class='ocrx_word' id='word_1_620' title='bbox 183 5311 462 5378; x_wconf 77' lang='lat' dir='ltr'><em>[GEORGIUS</em></span> <span class='ocrx_word' id='word_1_621' title='bbox 488 5321 547 5376; x_wconf 93' lang='lat' dir='ltr'><em>in</em></span> <span class='ocrx_word' id='word_1_622' title='bbox 579 5323 1005 5378; x_wconf 85' lang='lat' dir='ltr'><em>Baron.Annat.</em></span> <span class='ocrx_word' id='word_1_623' title='bbox 1031 5324 1120 5379; x_wconf 89' lang='lat' dir='ltr'><em>ed.</em></span> <span class='ocrx_word' id='word_1_624' title='bbox 1146 5325 1277 5380; x_wconf 90' lang='lat' dir='ltr'><em>Luc.</em></span> <span class='ocrx_word' id='word_1_625' title='bbox 1316 5325 1447 5395; x_wconf 86' lang='lat' dir='ltr'><em>XVI,</em></span> <span class='ocrx_word' id='word_1_626' title='bbox 1479 5326 1626 5389; x_wconf 69' lang='lat' dir='ltr'><em>43L]</em></span> <span class='ocrx_word' id='word_1_627' title='bbox 1802 5311 2031 5420; x_wconf 17' lang='lat' dir='ltr'><em>sinisque</em></span> <span class='ocrx_word' id='word_1_628' title='bbox 2063 5311 2483 5400; x_wconf 30' lang='lat' dir='ltr'><em>successoribus</em></span> <span class='ocrx_word' id='word_1_629' title='bbox 2517 5344 2577 5398; x_wconf 75' lang='lat' dir='ltr'><em>in</em></span> <span class='ocrx_word' id='word_1_630' title='bbox 2615 5345 2983 5415; x_wconf 76' lang='lat' dir='ltr'><em>perpetuum.</em></span> 
     </span>
    </p>
   </div>
   <div class='ocr_carea' id='block_1_62' title="bbox 186 5430 1710 5506">
    <p class='ocr_par' dir='ltr' id='par_1_62' title="bbox 186 5439 1625 5471">
     <span class='ocr_line' id='line_1_63' title="bbox 186 5439 1625 5471; baseline 0.005 -7"><span class='ocrx_word' id='word_1_631' title='bbox 186 5439 198 5452; x_wconf 74' lang='grc'>⁸</span> <span class='ocrx_word' id='word_1_632' title='bbox 262 5443 273 5457; x_wconf 81' lang='grc'><strong>⁸</strong></span> <span class='ocrx_word' id='word_1_633' title='bbox 343 5448 354 5462; x_wconf 78' lang='grc' dir='ltr'><strong>ο</strong></span> <span class='ocrx_word' id='word_1_634' title='bbox 425 5451 438 5463; x_wconf 73' lang='grc' dir='ltr'><strong>ο</strong></span> <span class='ocrx_word' id='word_1_635' title='bbox 511 5451 522 5466; x_wconf 80' lang='grc' dir='ltr'><strong>ο</strong></span> <span class='ocrx_word' id='word_1_636' title='bbox 594 5453 606 5466; x_wconf 74' lang='grc' dir='ltr'><strong>ο</strong></span> <span class='ocrx_word' id='word_1_637' title='bbox 679 5453 690 5467; x_wconf 79' lang='grc' dir='ltr'>ι</span> <span class='ocrx_word' id='word_1_638' title='bbox 765 5454 777 5467; x_wconf 77' lang='grc' dir='ltr'><strong>ο</strong></span> <span class='ocrx_word' id='word_1_639' title='bbox 851 5453 863 5468; x_wconf 75' lang='grc' dir='ltr'><strong>ο</strong></span> <span class='ocrx_word' id='word_1_640' title='bbox 936 5457 948 5468; x_wconf 75' lang='grc' dir='ltr'><strong>ο</strong></span> <span class='ocrx_word' id='word_1_641' title='bbox 1022 5453 1034 5468; x_wconf 72' lang='grc' dir='ltr'><strong>ο</strong></span> <span class='ocrx_word' id='word_1_642' title='bbox 1108 5456 1120 5468; x_wconf 73' lang='grc' dir='ltr'>ι</span> <span class='ocrx_word' id='word_1_643' title='bbox 1195 5455 1207 5468; x_wconf 76' lang='grc' dir='ltr'><strong>ο</strong></span> <span class='ocrx_word' id='word_1_644' title='bbox 1279 5455 1291 5468; x_wconf 74' lang='grc' dir='ltr'><strong><em>ο</em></strong></span> <span class='ocrx_word' id='word_1_645' title='bbox 1364 5457 1378 5470; x_wconf 79' lang='grc' dir='ltr'><strong>ο</strong></span> <span class='ocrx_word' id='word_1_646' title='bbox 1450 5458 1463 5470; x_wconf 70' lang='grc' dir='ltr'><strong>ο</strong></span> <span class='ocrx_word' id='word_1_647' title='bbox 1535 5458 1548 5470; x_wconf 72' lang='grc' dir='ltr'>α</span> <span class='ocrx_word' id='word_1_648' title='bbox 1613 5459 1625 5471; x_wconf 75' lang='grc' dir='ltr'><strong><em>ο</em></strong></span> 
     </span>
    </p>
   </div>
   <div class='ocr_carea' id='block_1_63' title="bbox 1842 5430 3419 5506">
    <p class='ocr_par' dir='ltr' id='par_1_63' title="bbox 1875 5430 3419 5506">
     <span class='ocr_line' id='line_1_64' title="bbox 1875 5430 3419 5506; baseline -0.003 -13"><span class='ocrx_word' id='word_1_649' title='bbox 1875 5437 2250 5494; x_wconf 86' lang='lat' dir='ltr'><em>Sacrosancta</em></span> <span class='ocrx_word' id='word_1_650' title='bbox 2262 5433 2576 5506; x_wconf 87' lang='lat' dir='ltr'><em>apostolica</em></span> <span class='ocrx_word' id='word_1_651' title='bbox 2591 5433 2772 5500; x_wconf 90' lang='lat' dir='ltr'><em>sedes,</em></span> <span class='ocrx_word' id='word_1_652' title='bbox 2788 5432 2926 5486; x_wconf 92' lang='lat' dir='ltr'><em>dum</em></span> <span class='ocrx_word' id='word_1_653' title='bbox 2940 5434 3220 5488; x_wconf 63' lang='lat' dir='ltr'><em>materne</em></span> <span class='ocrx_word' id='word_1_654' title='bbox 3234 5430 3419 5504; x_wconf 76' lang='lat' dir='ltr'><em>picta-</em></span> 
     </span>
    </p>
   </div>
   <div class='ocr_carea' id='block_1_64' title="bbox 183 5505 3422 5598">
    <p class='ocr_par' dir='ltr' id='par_1_64' title="bbox 183 5505 3422 5598">
     <span class='ocr_line' id='line_1_65' title="bbox 183 5505 3422 5598; baseline 0.002 -29"><span class='ocrx_word' id='word_1_655' title='bbox 183 5505 310 5598; x_wconf 61' lang='lat' dir='ltr'><em>Data</em></span> <span class='ocrx_word' id='word_1_656' title='bbox 335 5529 436 5582; x_wconf 86' lang='lat' dir='ltr'><em>per</em></span> <span class='ocrx_word' id='word_1_657' title='bbox 466 5533 669 5573; x_wconf 87' lang='lat' dir='ltr'><em>manus</em></span> <span class='ocrx_word' id='word_1_658' title='bbox 701 5519 989 5573; x_wconf 89' lang='lat' dir='ltr'><em>Benedicti</em></span> <span class='ocrx_word' id='word_1_659' title='bbox 1033 5519 1348 5590; x_wconf 86' lang='lat' dir='ltr'><em>regionarii</em></span> <span class='ocrx_word' id='word_1_660' title='bbox 1390 5522 1598 5577; x_wconf 87' lang='lat' dir='ltr'><em>notarii</em></span> <span class='ocrx_word' id='word_1_661' title='bbox 1631 5539 1695 5576; x_wconf 90' lang='lat' dir='ltr'><em>ac</em></span> <span class='ocrx_word' id='word_1_662' title='bbox 1798 5527 1872 5582; x_wconf 90' lang='lat' dir='ltr'><em>tis</em></span> <span class='ocrx_word' id='word_1_663' title='bbox 1889 5531 1946 5581; x_wconf 90' lang='lat' dir='ltr'><em>et</em></span> <span class='ocrx_word' id='word_1_664' title='bbox 1966 5523 2266 5598; x_wconf 88' lang='lat' dir='ltr'><em>regiminis</em></span> <span class='ocrx_word' id='word_1_665' title='bbox 2289 5505 2760 5578; x_wconf 86' lang='lat' dir='ltr'><em>universaliterin</em></span> <span class='ocrx_word' id='word_1_666' title='bbox 2773 5520 3025 5576; x_wconf 86' lang='lat' dir='ltr'><em>ecclesiis</em></span> <span class='ocrx_word' id='word_1_667' title='bbox 3045 5521 3252 5578; x_wconf 86' lang='lat' dir='ltr'><em>Christi</em></span> <span class='ocrx_word' id='word_1_668' title='bbox 3270 5521 3422 5579; x_wconf 77' lang='lat' dir='ltr'><em>obti-</em></span> 
     </span>
    </p>
   </div>
   <div class='ocr_carea' id='block_1_65' title="bbox 124 5593 1710 5684">
    <p class='ocr_par' dir='ltr' id='par_1_65' title="bbox 124 5593 660 5663">
     <span class='ocr_line' id='line_1_66' title="bbox 124 5593 660 5663; baseline 0.028 -16"><span class='ocrx_word' id='word_1_669' title='bbox 124 5593 376 5655; x_wconf 83' lang='lat' dir='ltr'><em>Scriniarii</em></span> <span class='ocrx_word' id='word_1_670' title='bbox 409 5604 465 5658; x_wconf 94' lang='lat' dir='ltr'><em>S.</em></span> <span class='ocrx_word' id='word_1_671' title='bbox 506 5607 568 5661; x_wconf 83' lang='lat' dir='ltr'><em>R.</em></span> <span class='ocrx_word' id='word_1_672' title='bbox 599 5608 660 5663; x_wconf 88' lang='lat' dir='ltr'><em>E.</em></span> 
     </span>
    </p>
   </div>
   <div class='ocr_carea' id='block_1_66' title="bbox 1842 5593 3421 5684">
    <p class='ocr_par' dir='ltr' id='par_1_66' title="bbox 1842 5593 3421 5684">
     <span class='ocr_line' id='line_1_67' title="bbox 1842 5593 3421 5684; baseline -0.001 -12"><span class='ocrx_word' id='word_1_673' title='bbox 1842 5620 1893 5672; x_wconf 79' lang='lat' dir='ltr'><em>et</em></span> <span class='ocrx_word' id='word_1_674' title='bbox 1915 5593 2171 5672; x_wconf 74' lang='lat' dir='ltr'><em>ofﬁcium</em></span> <span class='ocrx_word' id='word_1_675' title='bbox 2185 5655 2200 5684; x_wconf 95' lang='lat'><em>,</em></span> <span class='ocrx_word' id='word_1_676' title='bbox 2218 5611 2728 5684; x_wconf 84' lang='lat' dir='ltr'><em>corroborationis,</em></span> <span class='ocrx_word' id='word_1_677' title='bbox 2743 5609 3023 5669; x_wconf 69' lang='lat' dir='ltr'><em>doctrina:</em></span> <span class='ocrx_word' id='word_1_678' title='bbox 3036 5613 3095 5668; x_wconf 87' lang='lat' dir='ltr'><em>et</em></span> <span class='ocrx_word' id='word_1_679' title='bbox 3104 5609 3421 5671; x_wconf 78' lang='lat' dir='ltr'><em>auctorita-</em></span> 
     </span>
    </p>
   </div>
   <div class='ocr_carea' id='block_1_67' title="bbox 179 5720 1848 5809">
    <p class='ocr_par' dir='ltr' id='par_1_67' title="bbox 179 5720 1848 5809">
     <span class='ocr_line' id='line_1_68' title="bbox 179 5720 1848 5809; baseline 0.01 -23"><span class='ocrx_word' id='word_1_680' title='bbox 179 5720 245 5786; x_wconf 67' lang='grc' dir='ltr'><em>(ί)</em></span> <span class='ocrx_word' id='word_1_681' title='bbox 265 5724 464 5786; x_wconf 72' lang='lat' dir='ltr'><em>Joanni</em></span> <span class='ocrx_word' id='word_1_682' title='bbox 493 5732 603 5791; x_wconf 84' lang='lat' dir='ltr'><em>XIX</em></span> <span class='ocrx_word' id='word_1_683' title='bbox 633 5751 938 5809; x_wconf 87' lang='lat' dir='ltr'><em>perperam</em></span> <span class='ocrx_word' id='word_1_684' title='bbox 969 5737 1042 5792; x_wconf 87' lang='lat' dir='ltr'><em>ab</em></span> <span class='ocrx_word' id='word_1_685' title='bbox 1064 5735 1304 5809; x_wconf 84' lang='lat' dir='ltr'><em>Ughello</em></span> <span class='ocrx_word' id='word_1_686' title='bbox 1329 5738 1622 5799; x_wconf 86' lang='lat' dir='ltr'><em>tribuitur.</em></span> <span class='ocrx_word' id='word_1_687' title='bbox 1653 5743 1848 5805; x_wconf 67' lang='lat' dir='ltr'><em>Jun.</em></span> 
     </span>
    </p>
   </div>
   <div class='ocr_carea' id='block_1_68' title="bbox 482 5831 3063 5913">
    <p class='ocr_par' dir='ltr' id='par_1_68' title="bbox 482 5831 3063 5913">
     <span class='ocr_line' id='line_1_69' title="bbox 482 5831 3063 5913; baseline 0.003 -21"><span class='ocrx_word' id='word_1_688' title='bbox 482 5833 718 5913; x_wconf 56' lang='lat' dir='ltr'><em>Pauor“</em></span> <span class='ocrx_word' id='word_1_689' title='bbox 743 5831 1002 5913; x_wconf 66' lang='lat' dir='ltr'><strong>CXXXIX.</strong></span> <span class='ocrx_word' id='word_1_690' title='bbox 2986 5835 3063 5900; x_wconf 75' lang='grc'><em>4⁵1</em></span> 
     </span>
    </p>
   </div>
  </div>
