3888 6218
379 469 512 526 1483

1681 459 1964 518 JOANNIS
1988 455 2149 519 XVIII
2175 457 2381 520 ΡΑΡΛΕ

3574 466 3694 530 ιιει

376 589 449 645 tis
471 588 811 660 impendere
831 589 1184 643 incessanter
1193 583 1412 640 eisdem
1436 582 1610 641 debet
1624 583 1991 656 suffragium.
2012 587 2070 648 Α
2093 581 2524 642 terminabilem
2553 586 2946 644 diuturnitatis
2959 585 3220 660 palmam
3235 585 3542 647 altioribus
3555 592 3690 648 salu-

385 677 664 743 Quocirca
711 681 824 732 tuae
863 673 1256 747 postulationi,
1293 671 1771 728 reverendissime
1797 672 1900 740 fili,
1932 672 1994 726 in
2095 673 2312 730 tarium
2339 675 2477 730 velis
2505 675 2783 731 virtutum
2805 675 3051 748 subrigi,
3070 691 3138 732 ac
3161 675 3518 734 felicioribus
3531 679 3696 737 bono-

384 766 754 821 concedendo
771 765 874 818 tibi
900 768 1127 834 tuaeque
1146 761 1264 816 sedi
1282 761 1609 832 apostolicae
1640 761 1996 816 auctoritatis
2097 781 2230 819 rum
2242 764 2616 820 incrementis
2627 780 2870 836 operum
2883 764 3086 820 diatim
3100 781 3578 840 unumquemque
3588 769 3700 824 sub-

385 854 708 927 privilegio,
740 857 797 908 et
826 851 1026 906 libenti
1046 850 1244 905 animo
1263 851 1576 905 annuimus
1593 853 1650 904 et
1672 850 1998 922 gratissima

387 943 570 998 animi
602 941 965 1012 indulgentia
983 939 1372 994 concedimus.
1389 941 1471 994 Ita
1487 939 1645 993 enim
1665 941 1836 1009 caput
1857 955 1997 1009 gau-

389 1032 526 1086 dere
564 1030 794 1102 poterit,
827 1029 874 1084 si
913 1029 1182 1084 membra
1210 1028 1438 1099 integra
1491 1027 1742 1082 stabilito
1791 1027 1999 1082 robore

389 1136 450 1175 se
474 1121 690 1174 habere
705 1117 968 1173 senserit.
983 1117 1162 1188 Igitur
1187 1120 1250 1170 ut
1277 1117 1350 1170 ab
1376 1115 1630 1188 antiquis
1659 1119 1870 1170 sanctas
1894 1117 1999 1170 Pa-

391 1208 788 1264 terbornensis
821 1205 1086 1262 Ecclesiae
1116 1206 1298 1271 sedes,
1329 1205 1418 1260 cui
1453 1205 1570 1259 Deo
1591 1209 1824 1259 auctore
1855 1219 2002 1277 prae-

391 1297 563 1364 sides,
590 1298 849 1364 fundata,
885 1311 949 1350 ac
983 1295 1154 1348 rebus
1179 1293 1383 1348 diversi
1413 1294 1646 1366 generis
1679 1293 1874 1347 dotata
1898 1296 2004 1360 est,

391 1390 572 1458 utque
595 1387 886 1440 bonorum
915 1383 1174 1438 virorum
1202 1398 1268 1436 ac
1301 1380 1556 1436 ﬁdelium
1587 1381 1798 1436 Christi
1833 1380 2006 1435 colla-

395 1473 557 1528 tione
581 1474 858 1528 hactenus
886 1470 1067 1543 copiis
1103 1469 1431 1524 divitiarum
1463 1469 2006 1542 possessionumque

393 1561 704 1617 accrevisse
744 1561 863 1615 visa
907 1563 1011 1626 est,
1055 1558 1136 1612 ita
1186 1575 1316 1612 eam
1371 1561 1652 1629 perpetuo
1708 1554 2005 1630 apostolici

389 1649 538 1723 juris
573 1653 861 1722 praacepto
887 1647 991 1701 tibi
1020 1647 1247 1718 tuisque
1277 1645 1698 1701 successoribus
1723 1646 1783 1700 in
1799 1659 2004 1718 perpe-

393 1741 562 1794 tuum
592 1754 830 1793 manere
845 1735 1212 1790 decernimus
1241 1752 1253 1788 :
1286 1735 1515 1806 sintque
1538 1751 1574 1789 a
1592 1750 1902 1805 pravorum
1918 1733 2007 1788 in-

395 1827 682 1894 cursione,
717 1826 848 1881 dolo
878 1828 937 1879 et
959 1823 1282 1895 direptione
1313 1828 1454 1890 tuta,
1481 1840 1840 1895 quascunque
1861 1839 2008 1893 prae-

2100 853 2350 921 moneri,
2397 870 2574 926 quam
2605 854 2680 907 sit
2715 853 3088 908 sanissimum
3131 854 3300 910 facile
3343 858 3429 910 est
3475 856 3693 912 intueri.

2102 941 2320 1005 Quibus
2351 941 2410 995 in
2443 942 2543 996 Dei
2575 941 2814 996 nomine
2847 944 2904 996 et
2933 958 3074 1012 pace
3089 947 3422 998 sanctorum
3447 944 3700 1000 omnium

2101 1034 2399 1102 permotus
2419 1047 2528 1101 ego
2554 1031 2920 1102 Regenoldus
2937 1030 3289 1086 Parisiorum
3310 1032 3610 1104 episcopus
3638 1050 3696 1088 ex

2104 1119 2219 1173 mei
2245 1119 2367 1173 vice
2380 1117 2555 1174 officii
2584 1118 2879 1174 commissi
2902 1119 3096 1191 gregis
3123 1119 3384 1192 vigilanti
3409 1121 3700 1177 curasolli-

2104 1205 2271 1274 citus,
2299 1209 2357 1260 et
2382 1222 2614 1262 memor
2627 1223 2856 1279 magna:
2879 1207 2992 1262 diei
3019 1206 3308 1262 tremendi
3329 1208 3630 1277 examinis,
3652 1213 3702 1264 et

2105 1293 2404 1366 utriusque
2437 1295 2726 1366 justorum
2763 1295 2879 1351 sive
2917 1295 3266 1368 injustorum
3295 1295 3700 1365 retributionis,

2109 1397 2299 1454 Opera;
2324 1381 2578 1453 pretium
2609 1382 2742 1437 duxi
2773 1398 2842 1437 ex
2885 1381 3204 1439 accessibus
3231 1382 3703 1455 patrimoniorum

2109 1484 2399 1537 meorum,
2431 1469 2584 1525 felici
2606 1469 3128 1538 commercio,mihi
3147 1471 3516 1528 internarum
3535 1471 3702 1528 subsi-

2108 1556 2204 1612 dia
2213 1557 2421 1613 civium
2433 1558 2704 1614 fenorari
2713 1559 2904 1631 .Cujus
2915 1558 3235 1614 devotionis
3244 1559 3470 1617 fervore
3482 1577 3703 1618 succen-

2108 1662 2203 1702 sus
2233 1650 2437 1702 notum
2465 1663 2588 1702 esse
2625 1647 2756 1704 volo
2813 1647 3106 1716 omnibus,
3147 1651 3269 1703 tam
3306 1648 3519 1704 futuris
3544 1665 3706 1722 quam

2108 1739 2166 1790 et
2191 1735 2590 1807 praesentibus,
2622 1735 2759 1808 quia
2779 1735 2854 1792 ob
2877 1735 3248 1808 sempiternae
3268 1737 3705 1808 praemiaremu-

2108 1823 2448 1890 nerationis,
2467 1827 2526 1879 et
2541 1840 2646 1896 pro
2665 1825 2984 1880 obtinenda
3000 1825 3345 1882 delictorum
3367 1826 3540 1882 venia
3555 1827 3704 1900 geni-

397 1915 547 1971 dicta
599 1915 866 1980 Ecclesia,
920 1913 1040 1967 imo
1081 1913 1245 1967 sedes
1302 1911 1640 1983 episc0palis
1691 1910 2006 1982 possedisse
2035 1895 2301 1967 Btorum
2325 1895 2857 1980 meorum,comitis
2882 1913 3148 1970 videlicet
3165 1895 3706 1988 Buchardi,ejusque

393 2003 672 2058 hactenus
696 2003 935 2070 videtur;
957 2003 1042 2057 vel
1061 2017 1418 2074 quascunque
1432 1999 1728 2072 acquirere
1747 1998 2006 2052 ﬁdelium

395 2091 602 2148 Christi
625 2092 930 2147 collatione
952 2090 1184 2164 poterit,
1213 2090 1272 2144 id
1303 2092 1389 2144 est
1412 2089 1582 2154 vicos,
1619 2087 2006 2160 possessiones

395 2185 604 2249 ourtes,
619 2180 908 2247 dicaceses,
933 2181 1371 2252 diceeeseonque
1391 2176 1681 2231 territoria
1699 2175 1806 2230 sibi
1829 2176 2003 2247 perti-

395 2270 624 2336 nentia;
663 2269 804 2324 item
825 2285 1004 2335 arces,
1019 2269 1271 2334 castella,
1291 2282 1480 2337 agros,
1507 2264 1716 2330 vineta,
1737 2263 2002 2331 flumina,

395 2357 572 2424 lacus,
604 2373 735 2412 cum
766 2356 1038 2412 omnibus
1064 2371 1192 2428 quae
1217 2355 1276 2409 in
1299 2353 1382 2408 eis
1407 2353 1554 2407 fiunt
1579 2351 2002 2419 instrumentis,

395 2461 586 2500 servos
615 2445 790 2500 etiam
827 2447 884 2499 et
931 2443 1188 2509 ancillas,
1229 2441 1483 2513 itemque
1515 2441 1769 2508 colonos,
1803 2455 2006 2494 census

399 2549 502 2588 seu
532 2533 883 2599 reditus,aut
914 2531 1090 2585 etiam
1120 2529 1450 2601 pensiones.
1468 2530 1578 2583 Ista
1593 2527 1812 2595 omnia,
1835 2527 2006 2582 etsic-

395 2625 459 2675 ut
488 2637 661 2692 supra
687 2619 904 2673 dictum
935 2621 1039 2684 est,
1073 2633 1548 2690 quarumcunque
1591 2616 2010 2686 possessionem

399 2707 675 2781 praedicta
723 2707 970 2761 Ecclesia
1021 2707 1235 2760 habere
1283 2704 1400 2758 visa
1436 2708 1542 2772 est,
1575 2709 1672 2758 aut
1707 2703 2008 2770 videbitur,

399 2793 740 2850 auctoritate
767 2795 1081 2865 apostolica
1097 2792 1286 2847 eidem
1311 2791 1725 2846 conﬁrmamus
1743 2795 1800 2846 et
1818 2807 2010 2846 corro-

397 2883 694 2948 boramus,
729 2885 786 2936 et
826 2882 886 2936 in
933 2886 1278 2954 perpetuum
1319 2881 1508 2936 valere
1535 2881 1918 2948 decernimus,
1952 2884 2015 2934 ut

397 2971 557 3026 nulla
589 2970 864 3025 violentia
887 2975 986 3026 aut
1009 2970 1244 3043 ingenio
1277 2971 1348 3026 ab
1379 2987 1447 3024 ea
1489 2970 1884 3042 subripiantur
1913 2973 2013 3024 aut

395 3059 744 3114 alienentur.
761 3061 904 3115 Item
919 3060 1285 3114 decernimus
1304 3059 1456 3113 beati
1471 3058 1622 3113 Petri
1644 3059 1887 3130 apostoli
1910 3075 2010 3112 au-

397 3148 658 3204 ctoritate
700 3152 761 3203 ut
791 3151 952 3203 nulla
998 3147 1282 3203 ordinatio
1312 3148 1391 3202 ibi
1417 3147 1757 3219 episcopalis
1787 3148 2008 3214 existat,

2112 2001 2525 2072 opinatissimae
2558 2002 2821 2074 conjugis
2839 2001 3226 2071 Elisabeth,ut
3251 2003 3705 2074 gremiissanctaa

2105 2088 2558 2145 immortalitatis
2579 2090 3318 2162 confoveri,etjucunditate
3331 2091 3473 2147 lucis
3483 2095 3706 2147 eterna;

2103 2178 2388 2250 perpetim
2402 2195 2732 2234 mereamur
2741 2178 2918 2234 laturi
2929 2179 3370 2250 ,placuitvestraa
3379 2181 3709 2237 reverentiae

2103 2265 2367 2338 synodali
2399 2271 2708 2335 conventu,
2742 2271 2801 2322 et
2829 2269 3040 2335 favore,
3068 2284 3136 2323 ac
3165 2268 3374 2324 notitia
3407 2273 3590 2326 coetus
3607 2269 3708 2325 rei-

2104 2355 2243 2427 pub.
2287 2355 2580 2428 quoddam
2610 2356 2866 2424 alodum,
2897 2357 3067 2428 vulgo
3124 2357 3438 2414 vocitatum
3479 2359 3708 2428 Largum

2107 2443 2397 2515 Campum,
2410 2443 2673 2500 conferre
2687 2445 2912 2501 Sancta:
2924 2444 3113 2501 Mariae
3143 2445 3524 2502 Parisiacensi
3539 2447 3705 2502 eccle-

2107 2531 2228 2600 siae,
2259 2535 2318 2586 et
2343 2532 2518 2588 rebus
2545 2533 2634 2588 vel
2664 2532 2856 2589 usibus
2885 2533 3161 2606 deputare
3178 2534 3426 2592 fratrum
3446 2535 3592 2592 inibi
3619 2535 3709 2592 de-

2111 2621 2378 2692 gentium
2403 2621 2636 2693 Deoque
2667 2621 2944 2676 canonice
2992 2621 3393 2679 militantium.
3424 2625 3498 2680 Ut
3524 2628 3708 2680 autem

2110 2709 2416 2780 praedictus
2445 2708 2659 2780 Largus
2695 2708 3023 2781 0ampus,in
3042 2726 3192 2783 pago
3215 2714 3274 2766 et
3290 2711 3573 2768 comitatu
3591 2714 3709 2767 Wa-

2111 2797 2372 2853 stiniensi
2407 2798 2683 2866 consitus,
2741 2797 2914 2866 silvis,
2956 2798 3104 2854 villis
3141 2803 3200 2854 et
3238 2799 3474 2869 villulis,
3519 2801 3708 2869 vineis,

2111 2887 2308 2957 pratis,
2339 2887 2504 2941 terris
2535 2887 2701 2942 cultis
2735 2892 2792 2943 et
2813 2887 3064 2956 incultis,
3095 2905 3228 2944 cum
3253 2890 3502 2946 ecclesia
3527 2890 3589 2946 in
3612 2891 3709 2946 ho-

2112 2991 2256 3029 nore
2285 2976 2343 3030 S.
2375 2976 2638 3030 Maturini
2682 2975 2870 3031 dicata
2911 2992 3045 3031 cum
3072 2977 3346 3034 omnibus
3371 2978 3716 3052 appenditiis

2109 3063 2244 3130 suis,
2278 3081 2347 3118 ea
2367 3063 2602 3135 quidem
2632 3064 2758 3136 lege
2785 3084 2796 3119 :
2825 3081 2893 3119 ac
2914 3081 3090 3121 omne
3111 3066 3237 3138 jam
3255 3066 3390 3123 dicti
3412 3067 3717 3138 possessio-

2110 3168 2246 3206 nem
2275 3153 2449 3207 allodi
2480 3154 2537 3209 S.
2565 3153 2774 3221 Mariae,
2801 3158 2860 3209 et
2879 3153 3165 3227 praedictis
3177 3156 3414 3228 collegis
3428 3156 3717 3212 canonice

418 3236 456 3290 d
488 3240 574 3291 est
601 3238 791 3291 nullus
811 3240 1176 3293 consecretur
1207 3235 1506 3308 episcopus
1533 3236 1593 3290 in
1624 3237 2010 3307 przedictaEc-
2035 3243 2082 3303 C
2109 3240 2575 3312 congregationis
2597 3241 2915 3312 offerimus,
2951 3246 3016 3299 ut
3045 3245 3226 3300 nostri
3253 3243 3717 3301 memorialeillis

397 3325 590 3393 clesia,
624 3325 733 3380 nisi
758 3327 1038 3381 electione
1061 3325 1313 3380 filiorum
1339 3324 1597 3395 ejusdem
1629 3324 1894 3378 Ecclesia:
1911 3341 2011 3396 ap-

397 3414 703 3484 probatus;
722 3414 910 3486 siquis
931 3418 1127 3468 autem
1150 3413 1387 3468 insanus
1409 3416 1508 3467 aut
1523 3415 1910 3483 praesumptor
1921 3429 2012 3466 res

397 3502 658 3574 ejusdem
681 3503 944 3558 Ecclesia:
962 3502 1330 3568 devastando,
1361 3505 1460 3556 aut
1479 3493 1827 3572 diripiendo,
1843 3500 2011 3555 item-

400 3607 514 3664 que
546 3590 871 3646 minuendo
897 3594 1102 3645 contra
1134 3590 1243 3644 hoc
1273 3594 1484 3644 nostrai
1514 3587 1866 3644 auctoritatis
1891 3588 2011 3661 pri-

400 3677 682 3750 vilegium
739 3679 936 3734 venire
1001 3678 1333 3745 tentaverit,
1394 3681 1494 3732 aut
1550 3677 1856 3732 observare
1917 3677 2014 3730 de-

401 3767 674 3838 Spexerit,
726 3767 835 3821 nisi
875 3765 1168 3838 condigna
1218 3765 1626 3820 emendatione
1687 3764 2012 3835 resipuerit,

407 3855 996 3910 excommunicationi
1029 3854 1341 3925 subjaceat,
1371 3852 1760 3907 anathematis
1789 3852 2014 3907 vinculo

408 3941 741 4010 innodetur,
767 3941 1176 3998 maledictione
1218 3945 1437 3997 aeterna
1482 3941 1792 3996 damnatus
1827 3940 1919 4011 sit,
1951 3957 2018 3996 ac

411 4047 545 4086 cum
565 4031 826 4102 reprobis
847 4029 1034 4101 poenis
1071 4029 1362 4101 subjaceat
1377 4028 1629 4085 aeternis.

485 4119 694 4173 Datum
743 4122 800 4171 et
845 4117 1125 4188 scriptum
1154 4132 1259 4190 per
1284 4133 1492 4172 manus
1525 4117 1675 4172 Petri
1712 4117 1937 4174 abbatis
1963 4119 2021 4172 et

417 4206 741 4262 cancellarii
761 4206 905 4260 sacri
933 4205 1130 4276 palatii
1155 4205 1216 4259 in
1239 4222 1438 4261 mense
1480 4207 1843 4275 Decembrio,
1871 4207 2020 4262 indi-

417 4293 611 4350 ctione
640 4298 844 4367 quarta
873 4294 992 4361 [al.,
1036 4293 1248 4362 tertia],
1282 4311 1436 4350 anno
1471 4296 1720 4352 Domino
1769 4295 2021 4368 propitio

420 4377 623 4440 domui
645 4382 884 4440 Joannis
916 4382 1077 4437 XVIII
1117 4399 1283 4455 papa:
1309 4385 1502 4440 tertio.

1165 4492 1277 4548 VII.

417 4599 654 4658 Joannes
675 4600 736 4658 X
749 4599 892 4657 VIII
917 4601 1199 4670 conﬁrmat
1223 4600 1423 4654 donum
1441 4619 1474 4656 a
1495 4599 1764 4656 Rainaldo
1786 4599 2030 4672 episcopo

737 4672 1128 4728 Parisiensibus
1169 4673 1438 4727 canonicis
1479 4673 1706 4743 factum.

1017 4771 1208 4833 (Anno
1257 4770 1434 4843 1006.)

837 4859 1034 4928 [ΜΑΝει
1059 4857 1268 4918 Concil.
1295 4857 1424 4926 XIX,
1466 4861 1617 4929 29L]

489 4967 732 5024 JOANNES
763 4962 1086 5038 episcopus,
1117 4981 1310 5022 servus
1339 4981 1636 5020 servorum
1670 4964 1792 5020 Dei.

491 5057 822 5128 Imperiosa:
840 5054 1080 5110 rationis
1103 5053 1470 5109 institutione
1491 5053 1554 5108 in
1575 5053 1925 5126 quibuslibet
1939 5070 2031 5110 or-

418 5145 691 5202 dinandis
719 5163 784 5200 ac
815 5143 1190 5216 disponendis
1222 5143 1394 5197 rebus
1431 5141 1805 5215 antiquorum
1831 5143 2032 5214 priscas

417 5252 484 5292 ac
516 5235 767 5307 provide
797 5231 1150 5299 auctoritati,
1173 5233 1238 5285 ut
1263 5230 1436 5285 totius
1462 5231 1814 5302 posteritatis
1834 5232 2030 5288 subse-

302 5371 308 5384 ,
417 5340 601 5398 quens
613 5323 844 5379 adnisus
855 5322 1167 5394 diligenter
1177 5319 1636 5391 obtemperando
1649 5324 1705 5374 et
1716 5320 2034 5392 prudenter

413 5411 699 5468 imitando
734 5410 1104 5483 respondeat,
1129 5408 1377 5464 utilitate
1405 5407 1672 5476 sentitur,
1695 5411 1753 5464 et
1783 5409 2030 5465 sanioris

413 5515 657 5554 censura
678 5500 879 5570 judicii
907 5497 1262 5554 omnimodis
1289 5498 1614 5554 roboratur.
1649 5499 1717 5553 Et
1745 5499 2026 5572 quoniam

409 5585 527 5640 vita
547 5585 672 5655 ipsa
697 5603 812 5658 qua
837 5587 1088 5640 fruimur
1103 5585 1312 5658 pollice
1323 5585 1686 5640 multimodis
1719 5586 2018 5642 brevitatis

411 5673 726 5742 coercetur,
743 5677 801 5728 et
826 5672 1115 5748 plerisque
1145 5673 1462 5730 immatura
1483 5673 1810 5746 succiditur,
1833 5675 1908 5732 ad
1929 5674 2020 5732 in-

2049 4531 2103 4590 D

2109 3328 2182 3383 ab
2227 3325 2500 3384 omnibus
2528 3331 2810 3385 habeatur
2866 3331 2927 3386 in
2968 3333 3273 3405 psalteriis,
3323 3349 3387 3388 ac
3415 3333 3722 3388 missarum

2109 3417 2426 3485 solemniis,
2445 3435 2510 3473 ac
2532 3421 2750 3475 cunctis
2772 3421 3110 3494 vespertinis
3120 3439 3187 3477 ac
3201 3423 3642 3479 matutinalibus
3652 3421 3724 3476 vi-

2110 3506 2680 3582 giliis,perpetuoque
2697 3509 2769 3564 sit
2782 3513 2972 3566 ratum
2977 3511 3108 3584 jure
3125 3530 3139 3581 ;
3153 3512 3267 3567 tria
3277 3512 3536 3585 denique
3551 3509 3724 3567 nostri

2110 3595 2527 3666 anniversaria,
2548 3597 3017 3669 videlicetpatris,
3035 3603 3094 3655 et
3105 3599 3325 3670 matris,
3343 3600 3599 3672 etipsius
3626 3615 3724 3654 an-

2110 3683 2304 3739 tistitis
2333 3685 2676 3758 Ragenoldi,
2709 3687 2842 3750 utll.
2871 3688 3055 3756 omni,
3076 3689 3138 3744 E.
3165 3689 3254 3753 P.]
3273 3689 3446 3762 regni
3476 3689 3726 3745 devotio-

2115 3789 2210 3840 ne,
2243 3777 2300 3828 et
2349 3773 2563 3829 celebri
2593 3776 3152 3832 commemoratione
3201 3777 3513 3834 annuatim
3561 3777 3728 3850 proﬁ-

2115 3865 2345 3917 teantur
2375 3862 2586 3918 obnixe
2616 3879 2941 3934 precamur.
2961 3864 3018 3920 Si
3047 3865 3175 3938 quis
3202 3882 3337 3922 vero
3363 3867 3615 3922 rationis
3641 3883 3730 3922 ex-

2115 3967 2268 4025 pers,
2295 3950 2476 4006 tivore
2497 3956 2556 4006 et
2567 3951 2790 4007 facibus
2817 3952 3070 4009 avaritia
3090 3970 3376 4026 pervasus,
3405 3959 3626 4012 nostrae
3639 3956 3730 4012 de-

2116 4039 2364 4095 votionis
2397 4040 2543 4096 adeo
2569 4041 2912 4098 munificum
2963 4043 3174 4116 pignus
3219 4045 3472 4114 auferre,
3506 4049 3569 4102 et
3599 4062 3734 4118 quo-

2117 4127 2261 4184 libet
2290 4129 2440 4200 jure,
2491 4145 2833 4202 quacunque
2875 4129 3090 4204 injuria
3130 4132 3375 4188 voluerit
3422 4133 3730 4206 impedire,

2121 4215 2281 4272 mille
2298 4217 2420 4273 auri
2445 4217 2725 4274 librarum
2755 4219 3028 4276 fratribus
3039 4221 3125 4276 vel
3137 4221 3433 4277 canonicis
3463 4223 3527 4278 S.
3551 4221 3733 4279 Maria

2122 4304 2285 4376 regia
2331 4305 2685 4361 sublimitate
2717 4311 2958 4380 cogatur
2979 4309 3292 4378 exsolvere,
3332 4313 3391 4364 et
3443 4311 3733 4366 rusticano

2126 4408 2311 4461 more,
2367 4395 2454 4449 vel
2502 4395 2804 4465 paralitate
2850 4396 3186 4466 submissus,
3233 4397 3502 4470 capitalis
3535 4414 3735 4455 census

2127 4479 2502 4537 dissolutione
2526 4483 2829 4554 plectatur,
2845 4486 2904 4540 et
2935 4485 3009 4540 ad
3031 4486 3400 4543 tolerandum
3421 4503 3642 4560 perpes
3663 4491 3742 4541 to-

2128 4568 2242 4624 tius
2279 4569 2679 4640 perpetuitatis
2731 4574 3111 4642 tormentum,
3160 4573 3511 4631 auctoritate
3543 4575 3746 4640 Patris,

2132 4660 2190 4712 et
2218 4657 2363 4726 Filii,
2394 4661 2454 4713 et
2495 4657 2742 4730 Spiritus
2771 4660 2954 4716 sancti
2983 4661 3059 4716 sit
3086 4662 3426 4718 maledictus
3457 4667 3521 4719 et
3549 4664 3749 4720 confu-

2132 4763 2246 4814 sus,
2277 4749 2334 4801 et
2365 4747 2536 4802 nullis
2578 4751 2912 4804 sanctorum
2951 4749 3238 4824 suffragiis
3275 4757 3586 4808 mereatur
3629 4768 3749 4808 me—

2133 4834 2276 4903 deri,
2307 4835 2492 4910 sitque
2522 4838 2864 4910 conjunctus
2907 4839 3138 4896 diabolo
3177 4844 3236 4896 et
3261 4841 3493 4914 angelis
3533 4844 3661 4915 ejus
3691 4842 3748 4898 in

2131 4921 2364 4979 inferno
2394 4925 2678 4995 inferiori,
2714 4929 2771 4982 et
2792 4931 2993 4999 pereat
3020 4927 3082 4982 in
3107 4931 3417 4986 aeternum.

2203 5012 2410 5067 Datum
2428 5029 2483 5066 IV
2503 5013 2647 5068 Non.
2667 5014 2942 5071 Decemb.
2965 5033 3070 5088 per
3094 5033 3302 5072 manus
3333 5018 3495 5074 Petri
3529 5017 3756 5076 abbatis

2133 5102 2191 5154 et
2212 5099 2538 5154 cancellarii
2575 5102 2719 5157 sacri
2767 5103 3166 5159 Lateranensis
3209 5105 3433 5176 palatii,
3501 5123 3666 5177 anno
3699 5123 3756 5162 ιιι

2130 5188 2500 5260 pontificatus
2545 5191 2784 5246 Joannis
2829 5191 3012 5247 octavi
3065 5192 3275 5248 decimi
3315 5197 3377 5249 et
3405 5195 3761 5253 universalis

2129 5292 2294 5348 papas
2318 5277 2382 5332 in
2420 5277 2806 5336 sacratissima
2830 5281 2966 5338 sede
3009 5281 3070 5336 Β.
3099 5282 3251 5338 Petri
3282 5285 3574 5356 apostoli,
3608 5285 3756 5342 indi-

2129 5365 2320 5425 ctione
2355 5384 2412 5424 v.
