3888 6218
199 504 334 564 1483

941 623 1080 677 VIII.

195 700 440 757 Joannis
466 694 683 754 XVIII
702 712 860 822 gap;
887 695 1245 818 prgilqgium
1267 709 1367 776 pro
1405 697 1724 750 monasterio
1753 694 1817 751 S.

759 783 940 822 emam
1021 782 1319 819 lUlOﬂEﬂSlS.

759 783 940 836 emgm
965 782 1319 819 uwwnenszs.

802 858 986 926 (Anno
1031 856 1215 920 1006.)

373 947 542 1014 [GalL
581 945 809 1012 σὴν-ἰείη
841 944 931 997 ed.
962 945 1092 1008 vet.,
1133 946 1252 996 tom
1281 943 1365 1008 IV,
1396 958 1454 1012 p.
1502 944 1641 1004 163.]

271 1038 521 1091 Joannes
575 1035 897 1107 episcopus,
939 1047 1130 1084 servus
1171 1047 1464 1084 servorum
1525 1031 1622 1086 Dei
1656 1032 1817 1085 Con.-

191 1139 375 1179 anio
404 1123 602 1178 abbati
641 1123 904 1178 salutem.

274 1212 568 1277 Quoniam
594 1211 961 1266 concedenda
991 1215 1124 1268 sunt
1159 1227 1287 1282 qua:
1309 1208 1686 1263 rationalibus
1719 1209 1817 1263 de-

193 1300 429 1355 sideriis
457 1299 752 1371 pertinere
777 1305 1110 1368 noscuntur,
1140 1297 1320 1353 nostri
1345 1297 1694 1368 apostolatus
1716 1313 1815 1351 au-

192 1388 439 1444 ctoritas
473 1388 546 1442 ad
604 1388 996 1444 roborandam
1027 1389 1182 1460 piam
1233 1387 1596 1442 devotionem
1623 1389 1819 1439 sancta

193 1478 328 1532 loca
352 1476 812 1532 construentium
845 1477 902 1531 in
931 1477 1268 1548 praestandis
1299 1473 1608 1546 privilegiis
1647 1475 1818 1528 debet

193 1563 452 1619 minime
473 1564 784 1634 abnegare.
819 1565 996 1636 Igitur
1027 1563 1464 1619 innuendumin
1497 1563 1596 1616 Dei
1630 1562 1817 1616 chari-
1895 1606 1902 1612 .

194 1654 318 1706 tate
335 1655 452 1705 tua;
469 1651 764 1722 petitionis
784 1656 998 1718 votum,
1023 1652 1158 1723 quia
1173 1667 1276 1721 per
1289 1649 1674 1706 venerabilem
1686 1650 1815 1703 Val-

195 1739 416 1793 terium
440 1739 754 1794 {Eduorum
777 1740 1109 1812 pontiﬁcem
1133 1755 1168 1792 a
1203 1739 1369 1793 nobis
1392 1738 1676 1808 postulare
1698 1741 1813 1791 stu-

194 1827 328 1881 duit
346 1829 630 1898 quatenus
656 1827 1072 1882 monasterium
1093 1827 1248 1898 quod
1269 1827 1342 1880 ad
1359 1827 1587 1880 laudem
1614 1829 1671 1880 et
1691 1826 1812 1897 glo-

193 1915 352 1969 riam
394 1915 602 1969 Christi
643 1916 873 1971 Domini
907 1916 1106 1980 nostri,
1150 1918 1206 1969 et
1235 1916 1356 1985 ejus
1387 1914 1812 1985 gloriosissimm
1835 1943 1884 2001 B

194 2005 502 2077 genitricis
540 2006 749 2069 Marias,
789 2011 846 2060 et
887 2008 945 2061 S.
993 2007 1261 2077 martyris
1293 2005 1530 2076 Benigni
1571 2007 1812 2073 honore,

193 2099 541 2150 construere
565 2095 688 2165 jam
719 2112 946 2150 summo
973 2095 1190 2166 ccepisti
1221 2093 1502 2148 desiderio
1538 2095 1592 2148 in
1635 2094 1815 2149 comi-

197 2187 332 2237 tatu
375 2183 724 2254 Hiporiensi,
755 2184 906 2238 inter
945 2185 1084 2237 duos
1127 2183 1324 2236 ﬂuvios
1361 2182 1578 2250 Orgum
1619 2183 1815 2237 videli-

192 2275 292 2325 cet
323 2275 496 2342 atque
530 2273 812 2338 Ancolim,
839 2272 1012 2326 situm
1041 2271 1096 2325 in
1129 2272 1253 2325 loco
1287 2271 1382 2342 qui
1415 2271 1622 2325 dicitur
1649 2273 1814 2326 Fruc-

193 2359 731 2430 tuaria,privilegiis
743 2364 957 2414 sancta:
971 2362 1244 2414 Romana:
1259 2362 1316 2413 et
1327 2359 1655 2430 apostolicae
1668 2361 1816 2414 sedis

195 2447 548 2502 omnimodo
587 2448 885 2519 decoretur
905 2447 1247 2502 ﬁrmissima:
1283 2447 1604 2502 stabilitatis
1623 2465 1818 2503 corro-

197 2535 536 2600 boratione,
559 2537 622 2588 ut
657 2535 761 2589 sub
786 2534 1028 2589 tuitione
1047 2552 1110 2588 ac
1129 2534 1446 2606 patrocinio
1465 2539 1674 2590 sancta:
1690 2537 1816 2591 uni-

196 2621 441 2677 versalis
451 2622 540 2676 cui
558 2623 674 2676 Deo
696 2625 926 2676 auctore
943 2622 1292 2676 deservimus
1314 2622 1597 2689 Ecclesia},
1611 2623 1734 2694 jam
1750 2642 1818 2678 ex

195 2711 318 2766 hoc
358 2709 755 2776 constitutum,
783 2710 1016 2764 alterius
1056 2726 1354 2781 nunquam
1381 2710 1498 2780 juri
1530 2713 1587 2764 et
1615 2711 1819 2766 ditioni

195 2799 581 2854 submittatur
592 2799 871 2853 Ecclesiae.
889 2800 1017 2852 Ideo
1033 2815 1142 2870 que
1155 2802 1273 2852 tam
1280 2798 1446 2868 justis
1459 2799 1709 2853 faventes
1723 2801 1818 2855 de-

195 2888 432 2942 sideriis
447 2888 550 2941 hac
567 2890 763 2940 nostra
775 2887 1137 2940 decernimus
1157 2885 1492 2941 auctoritate
1511 2889 1822 2959 apostolica

197 2976 462 3047 idipsum
489 2976 790 3047 praafatum
826 2975 1031 3030 Christi
1057 2975 1372 3045 genitricis,
1415 2991 1478 3029 ac
1495 2977 1553 3030 S.
1581 2976 1822 3047 Benigni

199 3065 366 3138 quod
413 3067 745 3118 construere
793 3063 992 3117 niteris
1036 3063 1475 3131 monasterium,
1517 3065 1727 3120 amodo
1768 3068 1826 3119 et

196 3170 390 3225 usque
419 3154 479 3205 in
507 3153 685 3206 tinem
715 3151 926 3218 smculi,
983 3153 1086 3206 sub
1120 3151 1436 3223 patrocinio
1478 3155 1534 3206 et
1581 3152 1822 3207 tuitione

1413 495 1774 555 EPISTOL/E
1810 492 1896 553 ET
1923 493 2320 552 DIPLOMATA

3396 501 3532 558 1486

1842 627 1896 686 Α
1927 643 2134 695 nostrae
2163 637 2518 693 auctoritatis
2556 636 2886 709 privilegio,
2931 638 3150 713 absque
3173 641 3288 696 ullo
3320 642 3537 699 terreni

1926 727 2093 800 pretii
2113 728 2372 781 conferat
2395 742 2658 781 munere.
2686 726 2852 791 Quod
2887 725 3155 784 similiter
3178 729 3249 785 de
3275 730 3540 786 oratoriis

1926 817 1984 871 in
2009 817 2282 888 praedicto
2308 817 2430 870 loco
2458 815 2800 870 Fructuariie
2817 815 3226 885 aediﬁcatisﬂel
3247 818 3537 875 aadiilcan-

1925 906 2031 973 dis,
2067 905 2453 976 omnibusque
2487 904 2807 958 necessaria
2837 905 3290 962 consecrationis
3308 907 3540 963 ordina-

1924 992 2102 1060 tione,
2127 994 2450 1048 sancientes
2483 996 2600 1047 tam
2630 993 2852 1063 praefati
2902 994 3177 1050 Guntardi
3193 996 3537 1067 judicatum,

1924 1099 2098 1154 quam
2131 1082 2453 1153 episcopale
2486 1081 2802 1147 decretum,
2827 1081 3209 1150 plurimorum
3233 1083 3360 1155 jam
3391 1100 3538 1157 pon-

1923 1169 2142 1224 tificum
2167 1169 2238 1224 ad
2264 1169 2692 1226 corrobaranda
2715 1186 2840 1241 quae
2873 1169 2929 1224 in
2960 1171 3217 1242 ejusdem
3249 1172 3538 1244 judicatus

1921 1258 2176 1312 chartula
2208 1257 2601 1324 continentur,
2635 1257 3071 1328 subscriptione,
3118 1259 3434 1330 ﬁrmatum,
3465 1278 3535 1317 ex

1920 1345 2256 1400 auctoritate
2270 1345 2686 1417 omnipotentis
2701 1345 2824 1412 Dei,
2851 1345 2946 1416 qui
2977 1345 3146 1402 beato
3167 1349 3338 1404 Petro
3367 1365 3534 1422 apos-

1917 1435 2170 1489 tolorum
2209 1434 2398 1505 primo
2450 1434 2634 1488 claves
2671 1433 2837 1504 regni
2865 1433 3154 1497 prelorum
3189 1435 3441 1503 tradidit,
3475 1439 3536 1492 et

1919 1521 2178 1593 ejusdem
2211 1521 2385 1594 primi
2410 1522 2652 1594 pastoris
2677 1539 2741 1576 ac
2765 1527 2960 1578 nostra
2985 1523 3164 1596 ipsius
3181 1523 3299 1578 vice
3329 1538 3533 1596 quam-

1918 1609 2000 1664 vis
2021 1609 2262 1681 indigne
2293 1611 2646 1680 gerentibus,
2675 1614 2973 1684 praesentis
3001 1610 3284 1687 privilegii
3323 1610 3534 1683 pagina

1917 1698 2330 1753 confirmamus
2354 1702 2527 1770 atque
2563 1701 3030 1769 corroboramus,
3059 1705 3168 1756 etc.
3202 1699 3261 1754 Si
3289 1699 3416 1771 quis
3435 1715 3534 1754 an-

1917 1788 2035 1839 tem
2055 1789 2163 1840 etc.
2181 1787 2433 1840 Joannes
2444 1789 2654 1841 sanctae
2667 1787 2930 1844 Ecclesiae
2943 1787 3289 1862 apostolicus
3304 1788 3534 1858 prmsul,

1917 1871 2114 1939 Leoni,
2142 1873 2399 1939 Gessoni,
2441 1873 2840 1942 Constantino,
2877 1875 3166 1947 Sigefrido
3191 1872 3532 1929 venerabili-

1917 1959 2021 2014 bus
2035 1960 2316 2032 episcopis
2329 1961 2672 2015 mandamus
2685 1961 2766 2016 eis
2777 1965 2980 2018 utcum
2993 1978 3220 2018 summa
3232 1959 3533 2032 diligentia

1916 2053 2254 2103 consecrent
2281 2049 2575 2104 abbatiam
2605 2066 2732 2120 quas
2787 2048 3239 2107 Fructuariensis
3275 2052 3527 2103 vocatur.

1989 2137 2195 2190 Datum
2221 2154 2271 2191 iv
2311 2139 2454 2191 Non.
2498 2138 2829 2192 Decembris
2867 2155 2970 2210 per
3006 2154 3214 2194 manus
3250 2135 3530 2207 Ingilonis

1917 2224 2196 2279 scriniarii
2229 2242 2403 2280 sacra:
2426 2226 2750 2298 apostolicae
2781 2227 3110 2294 sedis,anno
3140 2241 3205 2282 nx
3227 2223 3527 2298 pontifica-

1917 2313 2007 2366 tus
2035 2313 2234 2368 domni
2263 2313 2500 2370 Joannis
2537 2313 2717 2368 octavi
2749 2314 2955 2370 decimi
2975 2313 3261 2386 pontiﬁcis
3289 2311 3525 2380 summi,

1918 2403 1976 2456 et
2003 2401 2337 2456 universalis
2391 2417 2555 2474 papae
2586 2401 2645 2456 in
2695 2402 3077 2458 sacratissima
3117 2401 3251 2458 sedo
3276 2401 3337 2456 B.
3370 2399 3526 2456 Petri

1918 2489 2183 2561 apostoli,
2211 2489 2408 2546 indict.
2439 2507 2489 2544 v.

1917 2665 2159 2724 Joannes
2182 2683 2310 2722 xvm
2332 2666 2587 2724 Ecclesia:
2609 2667 2825 2742 Pisaeae
2847 2669 3227 2726 canonicorum
3241 2668 3526 2742 possessio-

2510 2756 2600 2794 nes
2623 2740 2928 2810 conﬁrmat.

2486 2911 2490 2914 ,
2513 2848 2710 2915 (Anno
2754 2850 2932 2914 1007.)

2206 2933 2498 3003 [[Ιοηειιι,
2531 2934 2703 2992 Italia
2741 2950 2924 3002 sacra,
2953 2937 3048 3006 III,
3085 2937 3235 3004 356.]

1991 3039 2231 3094 Josxuss
2257 3040 2578 3114 episcOpus,
2605 3059 2798 3097 servus
2827 3058 3124 3098 servorum
3146 3041 3270 3110 Dei,
3287 3039 3532 3096 dilectis-

1923 3126 2083 3180 simis
2112 3126 2244 3181 filiis
2283 3129 2492 3183 nostris
2551 3129 2943 3201 spiritualibus
2995 3129 3288 3186 canonicis
3325 3131 3534 3185 sancte

198 3244 421 3296 sancta:
440 3243 717 3296 Romanae
735 3245 791 3294 et
813 3241 1139 3310 apostolica}.
1156 3240 1354 3293 matris
1381 3240 1663 3307 Ecclesiae,
1690 3259 1817 3296 cum

1936 3213 2024 3269 Dei
2051 3215 2350 3270 Genitricis
2374 3234 2719 3290 semperque
2761 3218 3002 3290 virginis
3030 3219 3243 3287 Mariae,
3273 3218 3537 3275 vobisve-

201 3330 486 3384 omnibus
516 3347 644 3400 quae
699 3329 770 3382 ad
801 3329 962 3382 illum
995 3327 1305 3398 pertinent,
1339 3329 1820 3398 permanendum,

200 3417 528 3474 Statuimus
562 3430 812 3488 namque
838 3417 942 3470 sub
973 3415 1147 3469 divini
1177 3415 1374 3487 judicii
1419 3416 1820 3484 obtestatione,

201 3508 268 3560 et
301 3506 358 3560 Β.
384 3505 540 3560 Petri
564 3505 956 3576 apostolorum
979 3504 1272 3575 principis,
1291 3507 1614 3576 nostraeque
1632 3505 1821 3560 humi-

199 3593 385 3648 litatis
398 3593 801 3648 interdictione
812 3635 824 3658 ,
839 3596 899 3658 ut
911 3593 1098 3646 nullus
1113 3609 1368 3664 unquam
1383 3592 1821 3665 imperatorum,

201 3665 1822 3753 regum,episcoporum,ducum,marchionum,comitum

204 3771 519 3842 nullusque
540 3769 846 3824 hominum
874 3769 932 3822 in
965 3769 1224 3840 quolibet
1252 3769 1455 3822 ordine
1481 3773 1538 3823 et
1563 3770 1822 3826 ministe-

207 3860 301 3914 rio
333 3859 697 3925 constitutus,
723 3858 930 3912 audeat
959 3857 1219 3924 moleste,
1243 3857 1444 3926 causis,
1485 3860 1572 3912 vel
1594 3860 1824 3914 ordina-

207 3948 468 4002 tionibus
487 3947 744 4018 ejusdem
785 3945 1118 4000 monasterii
1152 3945 1431 4000 violenter
1469 3946 1824 4016 incumbere,

208 4037 400 4090 autin
441 4034 896 4108 possessionibus
945 4034 1025 4087 vel
1087 4035 1444 4090 ornamentis
1493 4052 1620 4106 qua:-
1678 4035 1756 4090 ibi
1795 4052 1830 4090 a

209 4124 480 4179 ﬁdelibus
498 4124 707 4178 collata
726 4123 812 4177 vel
833 4123 1184 4177 conferenda
1201 4123 1418 4191 abbati,
1442 4124 1830 4197 fratribusque

209 4213 357 4268 inibi
386 4213 708 4268 secundum
738 4212 1065 4283 regularem
1111 4211 1620 4280 institutionem,ut
1653 4213 1828 4267 modo

209 4303 330 4356 Deo
353 4300 1072 4367 servientibus,temeraria
1097 4299 1706 4372 prmsumptione,post
1723 4301 1826 4355 hu-

203 4391 298 4462 jus
318 4389 506 4446 nostri
528 4389 811 4460 privilegii
827 4389 1115 4456 notitiam,
1137 4391 1449 4459 praesumat
1470 4389 1716 4455 auferre,
1733 4391 1832 4443 aut

1922 3301 2166 3374 strisque
2195 3305 2613 3360 successoribus
2644 3307 2703 3361 in
2743 3311 3108 3378 perpetuum.

1994 3391 2195 3445 Nostro
2218 3393 2453 3463 quidem
2477 3393 2666 3448 ordini
2704 3393 2973 3465 congruit
2997 3397 3062 3447 ut
3089 3393 3406 3449 maximam
3441 3410 3539 3449 cu-

1923 3497 2048 3538 ram
2071 3480 2606 3554 exhibeamuszerga
2628 3481 3044 3553 omnipotentis
3066 3481 3165 3535 Dei
3181 3480 3543 3548 Ecclesias,et

1923 3590 2154 3647 semper
2187 3572 2383 3624 nostra
2413 3586 2579 3624 mens
2607 3569 2849 3642 pervigil
2880 3568 3085 3623 existat
3112 3569 3174 3624 in
3226 3567 3354 3623 illos
3399 3572 3542 3640 quot

1924 3661 2288 3734 agnoscimus
2311 3674 2431 3712 esse
2451 3658 2581 3713 Jesu
2603 3656 2810 3713 Christi
2833 3655 3064 3712 Domini
3087 3655 3541 3727 cultores.lgitur

1925 3755 2128 3806 notum
2171 3747 2243 3801 sit
2278 3746 2548 3801 omnibus
2588 3745 2944 3811 hominibus,
2987 3747 3110 3800 tam
3156 3743 3538 3818 praesentibus

1926 3856 2102 3912 quam
2133 3835 2358 3903 futuris,
2373 3834 2506 3908 quia
2526 3833 2788 3890 canonici
2808 3833 3136 3888 Pisanensis
3150 3831 3413 3888 Ecclesiae
3437 3831 3536 3889 de-

1925 3934 2052 3985 vote
2065 3926 2458 4000 supplicarunt
2469 3927 2729 3980 nostrum
2744 3923 3127 3995 apostolatum
3140 3939 3244 3996 per
3253 3922 3540 3978 Joannem

1927 4018 2181 4090 prmfataa
2203 4013 2463 4070 Ecclesia:
2486 4013 2816 4081 diaconum,
2841 4015 2905 4067 ut
2931 4011 3409 4067 conﬁrmaremus
3428 4009 3543 4065 illis

1929 4109 1987 4160 et
2015 4104 2286 4160 omnibus
2315 4119 2519 4157 eorum
2559 4099 2978 4156 successoribus
3008 4100 3206 4156 omnia
3235 4115 3361 4172 qua
3388 4114 3544 4154 nunc

1899 4189 1910 4198 ’
1929 4194 2184 4250 retinent
2206 4209 2273 4246 ex
2291 4194 2452 4264 parte
2469 4190 2762 4246 canonicae
2785 4189 2883 4246 ubi
2902 4189 3196 4246 constituti
3219 4191 3353 4244 sunt
3369 4203 3542 4262 prop-

1928 4286 2018 4338 ter
2043 4281 2300 4336 divinum
2331 4295 2474 4350 Opus
2501 4279 3070 4351 perficiendum.Nos
3103 4282 3318 4346 autem,
3350 4275 3542 4333 divino

1930 4369 2246 4442 spiramine
2273 4367 2627 4437 compuncti,
2653 4367 3056 4422 inclinavimus
3077 4370 3302 4422 mentes
3319 4367 3544 4421 nostras

211 4480 456 4534 decimae
473 4477 724 4532 reditum
769 4478 840 4531 ab
871 4479 952 4531 eis
970 4477 1221 4549 exigere,
1252 4494 1352 4532 seu
1373 4477 1442 4531 de
1469 4476 1832 4532 dominicatis
1857 4492 1906 4551 ι)
1931 4458 2004 4512 ad
2021 4455 2415 4551 Peragendj‘m
2436 4455 2788 4551 νοιυξιίθξξθπι
2804 4453 3212 4551 Ρτωηοηξίηθῑί
3233 4451 3546 4551 diagonii“

211 4568 460 4626 terrenis
474 4569 748 4622 hactenus
764 4567 1114 4634 exsulatis,in
1141 4567 1314 4637 agris,
1323 4566 1832 4638 pratis,vineis,seu

209 4657 568 4731 quibuslibet
599 4656 768 4709 rebus
799 4657 883 4709 vel
915 4655 1282 4722 animalibus,
1317 4655 1430 4710 sive
1466 4656 1536 4710 de
1563 4655 1833 4711 omnibus

211 4746 466 4812 incultis,
491 4762 620 4817 quae
638 4745 894 4815 ipsorum
934 4745 1214 4800 industria
1249 4749 1381 4799 sunt
1397 4746 1482 4799 vel
1500 4745 1715 4800 fuerint
1736 4763 1832 4800 ex-

213 4837 386 4902 culta,
429 4833 622 4888 sivein
641 4833 764 4904 ipso
789 4835 914 4888 loco
944 4834 1304 4902 Fructuariee,
1326 4834 1420 4889 ubi
1443 4834 1615 4888 situm
1642 4834 1832 4906 ipsum

211 4923 440 4977 videtur
456 4922 896 4990 monasterium,
919 4925 1006 4978 vel
1039 4923 1366 4996 ubicunque
1403 4922 1509 4993 ipsi
1530 4923 1747 4994 aliquid
1764 4941 1831 4977 ex

208 5011 334 5083 jam
367 5010 506 5066 dicti
559 5010 895 5066 monasterii
940 5012 1070 5082 jure
1121 5011 1412 5084 possidere
1454 5011 1556 5065 visi
1586 5011 1828 5078 fuerint;

215 5102 630 5165 contestamus,
661 5103 768 5154 etc.
803 5100 1117 5154 Statuimus
1134 5103 1190 5154 et
1213 5117 1315 5154 nos
1335 5103 1417 5167 ut,
1451 5103 1578 5172 post
1608 5099 1831 5155 obitum

217 5188 550 5244 decedentis
580 5188 823 5256 abbatis,
875 5206 1046 5243 nemo
1096 5207 1354 5260 unquam
1384 5189 1486 5257 ibi,
1518 5189 1625 5243 nisi
1659 5206 1832 5260 quem

218 5293 534 5334 consensus
557 5277 883 5331 communis
914 5281 971 5332 et
1004 5278 1262 5331 voluntas
1293 5279 1538 5332 fratrum
1572 5278 1832 5349 ejusdem

215 5365 558 5422 monasterii
600 5364 914 5418 secundum
943 5367 1123 5419 Deum
1154 5365 1456 5436 elegerint,
1502 5369 1833 5421 construere

216 5440 533 5509 praesumat
559 5436 858 5504 abbatem;
892 5437 1070 5490 electo
1111 5452 1241 5491 vero
1273 5437 1465 5490 abbati
1499 5437 1573 5490 sit
1595 5438 1834 5491 facultas

219 5526 378 5580 omni
401 5531 662 5598 tempore
676 5526 980 5599 praesulem
997 5524 1268 5594 eligendi,
1284 5525 1380 5596 qui
1405 5528 1522 5580 tam
1535 5524 1642 5580 sibi
1657 5541 1834 5598 quam

216 5615 439 5670 caeteris
471 5613 743 5667 fratribus
787 5613 858 5666 ad
908 5629 1096 5667 sacros
1143 5613 1374 5667 ordines
1403 5613 1830 5684 promovendis,

215 5720 348 5759 cum
358 5703 573 5757 timore
589 5701 712 5768 Dei,
726 5701 1012 5775 totiusque
1023 5701 1491 5780 congregationis
1501 5701 1835 5758 cohibentia

210 5791 545 5869 ubicunque
568 5789 872 5865 voluerint,
893 5789 1339 5848 consecrationis
1372 5789 1631 5868 insignia
1654 5790 1832 5868 hujus

1931 4549 2272 4602 caeterorum
2304 4544 2420 4598 Deo
2441 4542 2836 4597 servientimm
2861 4541 3296 4597 canonicorum.
3319 4538 3542 4594 Conﬁr-

1933 4651 2160 4690 mamus
2190 4633 2384 4704 itaque
2413 4630 2524 4684 illis
2550 4629 2830 4702 quidquid
2858 4645 3011 4684 nunc
3037 4627 3111 4682 ad
3133 4643 3388 4698 praisens
3406 4626 3543 4683 reti-

1934 4727 2092 4791 nent,
2119 4723 2232 4777 sive
2259 4737 2384 4793 quae
2398 4736 2503 4792 per
2521 4718 2930 4790 subsequentia
2944 4721 3208 4788 tempora
3242 4716 3303 4771 in
3332 4715 3546 4788 praedi-

1932 4815 2022 4866 cta
2032 4810 2310 4866 canonica
2324 4809 2621 4882 acquirere
2635 4809 2892 4881 possunt,
2908 4806 2964 4861 id
2977 4809 3062 4860 est
3072 4803 3540 4872 decimationem,

1931 4900 2126 4955 vineas
2157 4901 2213 4953 et
2241 4901 2440 4964 terras,
2473 4912 2700 4952 necnon
2715 4892 3271 4966 etreliquiapraedia.
3291 4891 3541 4957 Quicun-
3627 4951 3632 4960 η

1931 5005 2043 5062 que
2070 4991 2264 5042 autem
2290 5004 2356 5040 ex
2387 4985 2477 5040 his
2516 4983 2787 5050 omnibus
2833 4999 2867 5036 a
2912 4983 3037 5053 jam
3059 4981 3225 5036 dictis
3252 4979 3544 5036 canonicis

1930 5077 2156 5132 auferre
2182 5073 2506 5140 tentaverit,
2537 5072 2678 5126 sciat
2720 5088 2779 5126 se
2825 5070 3119 5125 incurrere
3157 5069 3219 5124 in
3270 5069 3543 5141 laqueum

1932 5170 2162 5222 aeterna:
2177 5165 2480 5235 gehennae.
2498 5164 2736 5233 Insuper
2748 5177 2815 5216 ex
2831 5159 3167 5215 auctoritate
3179 5157 3547 5232 omnipoten-

1932 5256 2004 5310 tis
2032 5254 2154 5321 Dei,
2175 5251 2394 5307 etbeati
2417 5250 2568 5306 Petri
2599 5249 2842 5321 apostoli
2869 5253 2927 5304 et
2957 5247 3320 5317 nostra,sciat
3347 5263 3543 5305 seesse

1934 5341 2432 5399 excomunicatum
2459 5342 2517 5394 et
2553 5337 2946 5405 maledictum,
2979 5340 3090 5393 eta
3125 5335 3542 5393 communione

1935 5436 1992 5486 et
2009 5433 2081 5486 ab
2095 5428 2340 5485 Ecclesia
2361 5430 2714 5499 separatum,
2731 5430 2902 5498 atque
2922 5441 3055 5480 cum
3074 5426 3218 5480 Juda
3237 5428 3294 5480 et
3311 5423 3541 5481 diabolo

1933 5520 2381 5576 condemnatum
2391 5557 2404 5570 .
2431 5513 2731 5583 Similiter,
2747 5513 2892 5569 sicut
2906 5513 3166 5585 superius
3178 5512 3420 5568 missum
3433 5517 3539 5582 est,

1933 5627 2038 5682 per
2052 5611 2308 5663 nostram
2323 5603 2696 5678 apostolicam
2709 5601 3106 5658 auctoritatem
3127 5601 3542 5660 conﬁrmamus

1935 5699 2016 5756 eis
2035 5696 2315 5771 prmdium
2329 5695 2485 5769 quod
2503 5697 2737 5749 vocatur
2753 5690 3096 5762 Pedianum,
3111 5694 3170 5748 et
3180 5691 3407 5766 reliqua
3419 5709 3545 5750 om-

1931 5788 2034 5849 nia
2059 5803 2190 5864 quas
2207 5784 2318 5844 sibi
2339 5785 2558 5862 absque
2583 5783 2906 5843 tenimeuto
2933 5779 3217 5842 canonice
3233 5781 3545 5859 acquisive-
