3888 6218
414 480 549 535 1487

1715 473 1998 532 JOANNIS
2025 473 2186 534 XVIII
2213 470 2418 533 PAPIE

3605 477 3738 544 i588

410 589 694 667 runt,'seu
723 616 853 672 qua:
879 597 936 654 in
966 597 1137 653 antea
1173 594 1468 668 acquirere
1499 599 1754 668 possunt.
1782 597 1862 667 {Si
1889 595 2016 668 quis
2034 602 2088 661 Α
2117 598 2316 668 glectae
2346 599 2638 666 vilescant,
2660 599 2747 654 vel
2795 597 3052 672 qualibet
3078 599 3244 657 nacta
3275 601 3602 673 occasione,
3639 605 3734 662 de-

411 692 603 743 autem
619 689 922 760 praefatum
952 685 1234 759 praedium
1271 701 1306 737 a
1334 685 1612 739 canonica
1650 686 1872 740 Sancta:
1901 687 2016 740 Ma-

413 777 512 832 riae
543 779 770 832 auferre
790 774 1048 842 voluerit,
1070 773 1452 828 anathematis
1472 773 1696 828 vinculo
1713 778 2016 846 perpetua-

409 865 545 921 liter
572 882 630 920 se
661 865 799 918 sciat
823 880 943 917 esse
981 862 1450 917 condemnatum.
1483 862 1761 916 Placitum
1787 879 2017 934 quoque

413 954 568 1027 quod
593 953 939 1025 peregerunt
958 949 1212 1022 praedicti
1241 950 1502 1006 canonici
1524 968 1656 1006 cum
1697 951 2015 1024 archipres-

413 1044 614 1114 bytero
655 1040 954 1108 Bonizone,
989 1039 1260 1111 jubemus
1289 1057 1394 1112 per
1430 1041 1801 1113 apostolicam
1823 1043 2014 1095 aucto-

417 1133 644 1187 ritatem
674 1133 736 1184 ut
761 1130 950 1184 nullus
971 1129 1082 1183 dux
1117 1130 1231 1184 sive
1262 1130 1539 1199 marchio,
1572 1131 1892 1203 episcopus,
1921 1146 2014 1184 co-

415 1237 559 1287 mes,
587 1219 919 1285 vicecomes,
949 1218 1034 1271 vel
1064 1235 1281 1289 magna
1304 1235 1588 1291 parvaque
1614 1218 1866 1274 hominis
1887 1233 2015 1290 per-

415 1326 557 1364 sona
587 1309 794 1362 audeat
823 1307 962 1362 illud
1001 1307 1316 1378 requirere,
1370 1307 1453 1362 vel
1500 1307 1851 1378 recapitare;
1885 1306 2021 1378 quia

419 1401 613 1452 tamen
644 1397 717 1451 ad
755 1395 935 1452 nostri
981 1397 1330 1467 apostolatus
1361 1395 1729 1467 praesentiam
1773 1395 2017 1450 relatum

419 1485 574 1540 estin
592 1489 899 1555 conspectu
916 1483 1216 1540 Bonizonis
1239 1483 1719 1556 archipresbyteri
1738 1483 2020 1556 quidquid

419 1575 540 1648 ipse
571 1591 676 1646 per
703 1574 953 1630 studium
981 1593 1096 1630 sua:
1135 1573 1510 1645 malignitatis
1538 1573 1597 1628 in
1622 1589 1719 1627 eos
1751 1571 2018 1644 deliquit;

420 1663 517 1736 qui
549 1665 741 1718 autem
764 1663 900 1718 illud
927 1663 1199 1736 placitum
1225 1662 1520 1735 requirere
1571 1660 2020 1734 przesumpserit,

423 1755 712 1824 perpetuae
729 1751 1119 1806 maledictioni
1139 1752 1449 1823 suhjaceat.

2119 687 2238 742 bita
2251 688 2616 743 solemnitate
2633 692 2894 748 careant.
2905 691 3220 762 Pmpterea
3233 692 3510 748 omnibus
3523 697 3732 750 sancta

2120 776 2216 829 Dei
2240 777 2502 831 Ecclesia;
2516 777 2798 842 fidelibus,
2818 778 3199 848 praesentibus
3212 779 3428 834 scilicet
3439 784 3496 836 et
3507 781 3733 852 futuris,

2119 868 2318 919 notum
2347 882 2467 919 esse
2492 866 2752 922 volumus
2769 865 2904 936 quia
2933 866 3172 922 dilectus
3207 871 3266 922 et
3292 867 3607 940 spiritualis
3628 887 3734 926 no-

2117 956 2234 1006 ster
2254 953 2402 1008 ﬁlius
2429 953 2744 1021 Heinricus,
2777 953 3223 1022 gloriosissimus
3275 959 3448 1028 atque
3483 957 3734 1014 invictis-

2116 1042 2294 1095 simus
2324 1059 2440 1104 rex,
2466 1041 2657 1095 divina
2677 1041 2996 1112 inspirante
3031 1044 3362 1111 clementia,
3385 1045 3457 1100 de
3480 1047 3733 1118 propriis

2117 1130 2471 1185 haereditaris
2509 1130 2699 1197 rebus,
2731 1147 2836 1202 pro
2867 1147 2970 1185 sua
3017 1147 3378 1205 suorumque
3418 1139 3729 1204 parentum

2119 1219 2332 1285 anima,
2365 1219 2758 1291 episcopatum
2789 1219 2848 1273 in
2871 1220 2994 1274 loco
3009 1221 3107 1293 qui
3132 1220 3342 1276 dicitur
3361 1222 3728 1293 Babenberk,
3757 1216 3769 1226 ’

2119 1309 2382 1380 perfectae
2413 1306 2544 1360 fidei
2575 1310 2632 1360 et
2667 1306 2960 1362 charitatis
2989 1307 3317 1376 devotione,
3353 1309 3414 1363 in
3443 1311 3737 1368 honorem

2119 1395 2430 1450 beatissimi
2459 1395 2610 1449 Petri
2639 1395 3032 1466 apostolorum
3063 1396 3342 1469 principis
3371 1414 3494 1454 esse
3517 1401 3737 1456 consti-

2121 1484 2246 1552 tuit,
2265 1482 2718 1538 commutatione
2737 1483 2885 1537 facta
2891 1483 3022 1555 jure
3033 1501 3099 1539 ac
3120 1485 3388 1555 legaliter
3403 1503 3534 1542 cum
3559 1489 3739 1545 Hein-

2121 1573 2238 1627 rico
2259 1571 2711 1642 Wirzeburgensi
2743 1571 3011 1644 episcopo
3041 1573 3112 1628 de
3141 1574 3336 1647 aliqua
3355 1579 3517 1648 parte
3560 1593 3736 1648 paro-

2121 1661 2263 1716 chias
2282 1660 2366 1714 sui
2399 1661 2774 1732 episcopatus.
2799 1661 2960 1715 Unde
2985 1661 3160 1716 etiam
3183 1663 3489 1735 praedictus
3517 1665 3740 1737 episce-

2122 1768 2227 1822 pus
2257 1749 2422 1804 nobis
2441 1765 2572 1802 suas
2598 1747 2816 1802 litteras
2845 1748 3020 1817 misit,
3060 1753 3140 1817 ut,
3159 1767 3262 1806 suo
3291 1767 3600 1822 consensu,
3615 1753 3736 1826 pri-

491 1810 876 1895 Cbnstitutum
919 1843 977 1894 et
1021 1810 1316 1910 peractum
1347 1842 1432 1894 est
1468 1839 1575 1893 hoc
1610 1841 1962 1910 prazceptum
1990 1855 2024 1892 a
2050 1810 2100 1870 Β
2124 1810 2329 1910 vilegio
2359 1841 2568 1892 nostra:
2593 1836 2920 1908 apostolicae
2968 1810 3324 1896 auctoritatis
3367 1810 3737 1915 episcopatus

420 1928 588 1984 nobis
619 1929 677 1984 in
703 1944 949 2000 persona
972 1927 1384 1983 canonicorum
1412 1928 1471 1983 S.
1497 1926 1708 1995 Mariae,
1743 1925 1840 1999 qui
1858 1929 2020 1982 sunt:

488 2019 687 2072 Petrus
716 2017 947 2073 Domini
969 2018 1156 2090 gratia
1184 2017 1660 2089 archipresbyter.

487 2107 688 2161 Petrus
717 2106 966 2162 decanus
995 2109 1052 2162 et
1087 2109 1308 2162 cantor.

487 2195 736 2251 Joannes
764 2195 1218 2252 archidiaconus.

487 2285 737 2340 Joannes
766 2285 958 2356 presb.
992 2286 1051 2340 et
1067 2281 1452 2356 primicerius.

487 2373 743 2430 Andreas
775 2373 1092 2446 presbyter.

483 2462 678 2517 Albizo
716 2462 907 2534 presb.
941 2463 998 2515 et
1016 2463 1222 2515 custos.

485 2550 817 2606 Dominicus
844 2550 1162 2622 presbyter.

480 2639 842 2695 Amalfredus
877 2638 1200 2710 presbyter.

481 2727 651 2781 Ursus
681 2729 1000 2800 presbyter.

479 2815 684 2870 Bonizo
712 2815 1030 2886 presbyter.

473 2905 724 2960 Joannes
751 2904 1069 2976 presbyter.

479 2992 592 3047 Leo
631 2992 948 3066 presbyter.

476 3081 708 3136 Theudo
739 3081 1056 3154 presbyter.

477 3169 704 3224 Uvinizo
729 3170 1048 3244 presbyter.

474 3259 739 3314 Albertus
767 3261 1082 3331 presbyter.

472 3349 723 3404 Joannes
746 3347 1041 3404 diaconus.

469 3437 670 3492 Petrus
695 3435 989 3492 diaconus.

469 3525 764 3581 Albericus
793 3525 1086 3581 diaconus.

469 3613 803 3670 Dominicus
821 3613 1118 3671 diaconus.

469 3703 581 3758 Leo
607 3703 864 3760 clericus.

469 3791 655 3848 Bonus
689 3792 840 3849 ﬁlius
870 3793 1128 3850 clericus.

467 3879 708 3937 Obertus
737 3881 994 3938 clericus.

469 3969 542 4025 Ut
567 3972 762 4026 autem
786 3968 972 4025 verius
991 3968 1274 4036 credatur,
1301 3970 1360 4022 et
1380 3966 1453 4022 ab
1471 3965 1741 4022 omnibus
1771 3984 2001 4024 conser-

397 4061 580 4125 vetur,
603 4056 1016 4130 perpetualiter
1049 4055 1260 4112 nostris
1295 4054 1546 4128 propriis
1579 4055 1833 4112 articulis
1863 4073 2002 4112 con-

399 4144 754 4200 firmavimus
824 4145 933 4200 hoc
987 4143 1376 4216 privilegium,
1442 4143 1678 4218 insuper
1745 4147 2003 4202 nostram

397 4232 669 4305 papalem
693 4233 912 4289 bullam
931 4233 1127 4288 subter
1149 4233 1372 4306 imponi
1395 4233 1689 4306 jussimus.

471 4320 720 4376 Joannes
757 4321 850 4394 (2),
881 4320 1072 4377 divina
1099 4326 1393 4394 praeeunte
1419 4323 1747 4394 clementia,
1793 4327 2003 4380 sanctas

399 4407 694 4465 catholicae
719 4409 982 4466 Ecclesiae
1011 4411 1354 4484 apostolicus
1381 4413 1611 4486 praesul.

470 4499 678 4556 Datum
707 4501 765 4553 et
787 4499 1062 4572 scriptum
1100 4517 1207 4573 per
1246 4517 1452 4556 manus
1498 4501 1652 4558 Petri
1679 4500 2003 4558 cancellarii

399 4587 547 4644 sacri
575 4588 974 4645 Lateranensis
1002 4589 1201 4662 palatii
1230 4589 1290 4645 in
1322 4607 1524 4646 mense
1551 4590 1758 4660 Medio,
1789 4589 1910 4647 ind.
1953 4608 2004 4647 v.
2049 4616 2060 4621 -

397 4783 652 4858 Diploma
673 4785 903 4844 Joannis
930 4761 1167 4861 X_V11_I,
1345 4787 1628 4858 conﬁrmat
1652 4789 2007 4861 episcopatum

967 4856 1437 4931 Bambefgcmcm.

1002 4965 1195 5034 (Anno
1230 4965 1411 5038 1007.)

805 5056 1025 5122 [Marsa
1056 5053 1248 5110 comit.
1273 5053 1401 5123 XIX,
1423 5051 1572 5123 286.]

461 5162 703 5218 Joannes
733 5162 1052 5235 episcoqus,
1074 5176 1265 5216 servus
1279 5177 1574 5215 servorum
1599 5160 1722 5216 Dei.

388 5250 572 5308 Ofﬁcii
599 5251 779 5306 nostri
803 5253 889 5306 est
917 5247 1184 5304 omnium
1215 5251 1549 5302 sanctarum
1593 5248 1693 5304 Dei
1715 5248 1992 5306 Ecclesia-

383 5356 516 5396 rum
544 5340 853 5395 commoda
881 5336 1232 5410 generaliter
1251 5336 1636 5405 considerare,
1663 5340 1722 5393 et
1737 5338 1989 5395 maxime

377 5445 580 5484 earum
618 5445 745 5500 qua:
769 5427 1094 5508 specialiter
1127 5427 1232 5482 sub
1255 5426 1386 5498 jure
1407 5442 1472 5480 ac
1488 5425 1748 5481 dominio
1774 5430 1986 5482 nostra;

372 5516 651 5572 Romanae
669 5517 932 5572 Ecclesia
947 5515 1295 5584 consistunt;
1317 5514 1364 5570 si
1386 5515 1542 5587 quod
1555 5517 1641 5570 est
1659 5513 1983 5571 incommo-

373 5602 534 5670 dum,
555 5604 808 5672 abolere,
837 5621 913 5660 ne
941 5620 1046 5677 pro
1075 5603 1232 5676 gravi
1257 5603 1734 5660 incommoditate
1759 5620 1863 5661 sua
1881 5622 1981 5661 ne-

438 5706 521 5775 (2)
543 5706 821 5765 Tabulam
843 5711 994 5764 hanc
1021 5709 1232 5766 Joanni
1265 5709 1428 5770 XVIII
1456 5709 1830 5768 tribuendam
1856 5728 1981 5770 esse

367 5793 626 5852 clausula
648 5793 834 5855 docet.
867 5797 1056 5854 Iura.

2125 1927 2346 1982 noviter
2373 1929 2553 1982 factus
2585 1924 2942 1981 fundaretur.

2198 2019 2308 2072 Pro
2339 2033 2454 2089 qua
2479 2017 2704 2075 ratione
2751 2016 3048 2072 Heinricus
3077 2017 3360 2072 secundus
3388 2018 3742 2090 gloriosissi-

2123 2121 2251 2160 mus
2278 2122 2376 2160 rex
2401 2106 2633 2162 nuntios
2661 2125 2794 2164 suos
2814 2107 2887 2162 ad
2909 2122 3014 2162 nos
3042 2105 3269 2174 direxit,
3300 2105 3400 2178 qui
3419 2107 3591 2162 nobis
3611 2109 3741 2167 haec

2125 2193 2324 2248 omnia
2359 2193 2636 2264 dicerent,
2668 2199 2726 2251 et
2755 2212 2862 2250 nos
2886 2211 2990 2268 pro
3031 2195 3139 2250 hac
3168 2194 3303 2250 sede
3331 2195 3743 2254 conﬁrmanda

2123 2281 2577 2354 interpellarent.
2593 2285 2767 2357 Cujus
2777 2282 3195 2338 sanctissimam
3214 2282 3613 2341 imitationem
3629 2286 3743 2348 [in-

2121 2368 2484 2426 timationem
2496 2371 2800 2444 ?]paterna
2829 2375 2885 2426 et
2915 2370 3272 2445 precor-diali
3303 2370 3624 2428 dilectione
3651 2374 3740 2430 in-

2119 2463 2364 2528 tuentes,
2387 2477 2593 2516 omnes
2608 2477 2699 2516 res
2719 2478 2860 2534 quas
2885 2461 2944 2516 B.
2959 2462 3128 2516 Petro
3157 2460 3563 2532 apostolorum
3579 2463 3738 2535 prin-

2117 2547 2452 2619 cipi,inloco
2465 2549 3188 2622 pramominatoJegitima
3213 2547 3448 2605 ratione
3473 2551 3738 2608 collectas

2116 2637 2376 2706 contulit,
2419 2641 2628 2693 nostrae
2656 2637 3009 2694 auctoritatis
3041 2637 3344 2710 privilegio
3379 2641 3734 2698 conﬁrmare

2117 2725 2573 2794 decernimus,ea
2589 2725 2854 2782 videlicet
2867 2725 3093 2780 ratione
3109 2728 3172 2780 ut
3184 2725 3497 2801 episcopus
3514 2731 3638 2801 ejus
3652 2731 3733 2785 lo-

2115 2814 2164 2868 ci
2174 2817 2250 2883 ,et
2259 2813 2356 2886 qui
2371 2813 2429 2869 in
2442 2816 2784 2887 perpetuum
2797 2814 2883 2869 sui
2894 2814 3110 2870 fuerint
3121 2830 3580 2886 successores,ea
3589 2835 3737 2874 secu-

2116 2919 2181 2957 ra
2198 2902 2614 2975 tranquillitate
2636 2902 2985 2974 possideant,
3009 2905 3068 2957 et
3086 2902 3332 2959 liberam
3349 2905 3616 2962 habeant
3631 2924 3730 2982 po-

2110 2992 2376 3046 testatem
2389 3008 2478 3047 res
2490 2995 2547 3046 et
2555 2992 2935 3064 proprietates
2949 2991 3206 3064 ejusdem
3225 2993 3490 3050 ecclesiae
3506 2995 3731 3051 ordina-

2031 3085 2081 3147 C
2113 3096 2175 3148 re
2187 3083 2357 3152 atque
2369 3081 2831 3153 componere,vel
2843 3079 3018 3136 etiam
3031 3085 3438 3152 augmentare;
3455 3083 3728 3156 dissipare

2111 3186 2244 3225 vero
2274 3173 2444 3243 atque
2457 3169 2815 3225 confundere
2841 3170 3060 3224 nullam
3089 3169 3724 3244 habeantpotestatem.

2181 3260 2384 3314 Nostra
2395 3275 2625 3332 quoque
2636 3257 2973 3314 auctoritate
2984 3257 3273 3314 sancimus
3285 3258 3372 3314 uti
3385 3259 3450 3315 in
3463 3262 3726 3318 terminis

2108 3349 2166 3402 et
2189 3346 2248 3402 in
2289 3348 2461 3402 rebus
2493 3347 2750 3420 ejusdem
2801 3345 3053 3402 ecclesiae
3107 3347 3269 3402 nulla
3321 3347 3399 3405 sit
3435 3349 3723 3407 infestatio

2105 3440 2511 3508 tyrannorum,
2543 3436 2630 3490 vel
2655 3435 2904 3490 aliorum
2950 3425 3356 3512 quorumlibet
3409 3455 3721 3511 pravorum

2104 3523 2432 3592 hominum,
2455 3523 2570 3580 sive
2592 3522 2710 3578 sint
2733 3522 2794 3577 in
2813 3522 3038 3578 civitate
3063 3521 3189 3596 ipsa
3217 3523 3590 3596 Babenberk,
3609 3527 3722 3582 sive

2103 3612 2166 3667 in
2218 3611 2463 3668 castellis
2515 3614 2574 3667 et
2613 3611 2780 3681 villis,
2823 3609 2998 3667 servis
3020 3614 3080 3666 et
3109 3610 3355 3681 ancillis,
3380 3613 3718 3683 tributariis,

2104 3700 2361 3770 decimis,
2400 3699 2726 3768 forestibus,
2783 3698 2953 3767 silvis,
2995 3698 3437 3772 piscatiouibus,
3468 3703 3719 3760 venatio.

2103 3790 2293 3857 nibus,
2332 3787 2704 3856 molendinis,
2757 3787 3002 3860 campis,
3043 3787 3243 3859 pratis,
3271 3789 3520 3861 pascuis,
3555 3790 3718 3847 terris

2102 3878 2266 3934 cultis
2297 3881 2354 3933 et
2381 3877 2630 3948 incultis,
2663 3879 2721 3932 et
2748 3875 3032 3950 quidquid
3058 3876 3237 3932 modo
3263 3875 3402 3934 illuc
3448 3880 3712 3952 pertinet,

2101 3968 2187 4023 vel
2220 3967 2279 4022 in
2309 3968 2566 4023 futurum
2591 3964 2812 4040 acquiri
2861 3963 3058 4037 possit,
3089 3981 3196 4039 per
3231 3969 3449 4023 nostra:
3474 3968 3714 4024 auctori-

2105 4056 2234 4112 tatis
2263 4055 2630 4130 privilegium
2677 4054 3138 4121 corroboratum,
3192 4052 3256 4108 in
3295 4071 3498 4112 secura
3527 4057 3713 4130 quiete

2103 4145 2463 4220 permaneat.
2482 4144 2679 4200 Nullus
2699 4141 2780 4198 ibi
2800 4159 2994 4198 comes
3012 4145 3112 4197 aut
3119 4143 3299 4214 judex
3312 4144 3511 4216 legem
3530 4145 3710 4200 facere

2103 4233 2550 4308 praesumatmisi
2563 4249 2739 4306 quam
2751 4249 2856 4305 per
2867 4230 3304 4288 concessionem
3317 4232 3706 4305 gloriosissimi

2104 4323 2258 4396 regis
2282 4321 2530 4378 Heinrici
2559 4323 2648 4377 vel
2677 4337 3069 4377 successorum
3099 4319 3221 4392 ejus
3259 4321 3562 4395 episcopus
3602 4319 3710 4376 loci

2107 4413 2366 4486 ejusdem
2396 4411 2694 4484 deligeret.
2723 4410 2890 4466 Nulla
2903 4409 3095 4464 aliena
3109 4412 3367 4481 potestas
3384 4410 3465 4466 ibi
3481 4410 3708 4484 pervio-

2105 4501 2346 4558 lentiam
2375 4501 2574 4557 irruat.
2609 4501 2696 4558 Sit
2714 4500 2810 4556 ille
2827 4499 3188 4572 episcopatus
3206 4499 3361 4556 liber
3383 4505 3442 4556 et
3461 4503 3530 4558 ab
3550 4499 3707 4557 omni

2108 4593 2388 4668 potestate
2409 4594 2681 4646 extranea
2705 4605 2956 4657 securus,
2995 4589 3260 4647 Romano
3307 4589 3706 4650 tantummodo

2107 4679 2518 4737 mundiburdio
2547 4678 2625 4753 (3)
2669 4678 2928 4736 subditus
2955 4694 2970 4734 :
3003 4684 3286 4754 quatenus
3315 4683 3608 4757 episcopus
3628 4695 3707 4734 eo

2107 4769 2314 4826 melius
2343 4785 2474 4824 cum
2503 4767 2796 4824 canonicis
2836 4769 2952 4824 suis
2995 4770 3226 4826 servitio
3248 4771 3351 4827 Dei
3376 4770 3551 4844 possit
3570 4767 3710 4825 insi-

2107 4860 2277 4926 stere,
2310 4860 2367 4912 et
2391 4855 2566 4929 primi
2596 4857 3002 4914 constructoris
3039 4858 3298 4930 ejusdem
3329 4859 3440 4915 loci
3467 4862 3524 4914 et
3547 4872 3708 4913 recu-

2105 4946 2388 5019 peratoris
2405 4945 2626 5018 jugiter
2679 4946 3028 5002 memoriam
3083 4947 3323 5004 habere.
3385 4948 3472 5004 Sit
3511 4951 3706 5002 tamen

2103 5035 2259 5090 idem
2287 5051 2390 5090 suo
2427 5032 2876 5106 metropolitano
2919 5035 2999 5096 [in
3049 5033 3170 5090 cod.
3236 5035 3432 5092 Vienn.
3464 5034 3702 5100 additur,

2100 5123 2528 5197 archiepiscopo
2579 5122 2941 5194 Moguntino]
3012 5123 3302 5195 subjectus
3353 5127 3522 5198 atque
3565 5122 3702 5177 obe-

2098 5213 2280 5268 diens.
2315 5211 2654 5284 Quicunque
2703 5211 2826 5266 hinc
2864 5213 3156 5284 praecepta
3199 5212 3521 5280 servaverit,
3561 5209 3704 5266 divi-

2094 5318 2233 5356 nam
2263 5299 2799 5357 remunerationem
2835 5303 2894 5356 et
2947 5301 3323 5373 apostolicam
3353 5297 3700 5358 benedictio-

2091 5408 2229 5447 nem
2257 5389 2519 5462 accipiat.
2553 5388 2660 5454 Qui
2720 5391 2911 5449 autem
2945 5391 3315 5462 contemptor
3360 5392 3416 5445 et
3466 5387 3701 5443 violator

2089 5478 2388 5546 exstiterit,
2410 5477 2676 5550 perpetui
2705 5476 3094 5534 anathematis
3125 5475 3490 5533 damnationi
3507 5475 3695 5546 subju-

2084 5571 2229 5638 ceat,
2262 5566 2372 5622 nisi
2407 5565 2750 5638 resipiscens
2801 5565 2875 5622 ad
2901 5564 3358 5624 satisfactionem
3383 5561 3692 5641 perveniat.

2155 5711 2230 5788 (3)
2260 5707 2720 5769 Mundiburdium
2747 5711 2835 5766 est
2875 5706 3134 5782 defensio.
