3888 6218
199 434 348 506 ηερ

1436 432 1807 496 EPIS’I‘O‘LE
1834 432 1931 497 ET
1948 432 2348 497 DTPLOMATA

3409 438 3547 500 £4190

273 564 590 638 Scriptum
614 556 945 637 per‘manus
966 559 1121 618 Petri
1150 558 1360 617 notarii
1390 563 1447 617 et
1473 559 1755 617 scriniarii
1775 562 1833 618 S.
1861 561 1916 624 Α
1941 561 2244 617 beatorum
2271 560 2662 635 apostolorum
2689 555 2844 618 Petri
2882 558 2942 617 et
2975 557 3137 617 Pauli
3165 558 3549 618 anatheniatis

197 654 268 710 Β.
303 654 373 709 Β.
412 653 473 708 in
498 660 699 709 mense
718 650 889 708 Junio
917 649 1113 706 indict.
1142 665 1195 706 v.

202 847 584 922 Conﬁrmath
604 758 1441 923 privilegz’oruii‘zlegmetropoliei
1460 845 1606 918 juris
1622 843 1839 902 Sancta

732 919 1015 975 Tolosam
1048 917 1319 973 Ecclesia.

828 1024 1017 1095 (Anno
1052 1022 1234 1095 l00‘7.)

312 1135 750 1208 (Communes,
774 1129 989 1185 Bullar.
1017 1128 1254 1203 ampliss.
1278 1126 1495 1187 Collect.
1514 1129 1557 1197 Ι,
1586 1130 1731 1200 2%.]

277 1241 538 1297 lemma
566 1239 885 1312 episcopus,
914 1253 1108 1293 servus
1130 1252 1427 1292 servorum
1456 1234 1578 1303 Dei,
1602 1234 1843 1289 dilectis-

203 1329 363 1387 simo
396 1329 460 1385 in
493 1328 744 1385 Domino
768 1328 899 1384 Jesu
924 1326 1147 1381 Christo
1179 1324 1297 1380 filio
1340 1326 1644 1380 Rursusne
1673 1339 1842 1379 vene.

206 1418 392 1476 rabili
420 1418 690 1491 episcopo
715 1415 866 1472 sedis
890 1415 1140 1482 Tolosae,
1169 1414 1392 1488 tuisque
1429 1412 1845 1469 successoribus

209 1505 272 1563 in
312 1509 690 1580 perpetuum.
1784 1502 1787 1507 ’

232 1667 240 1673 _
283 1596 580 1652 Convenit
633 1593 943 1667 apostolico
993 1591 1379 1649 moderamini
1426 1591 1523 1664 pia
1562 1590 1845 1661 religione

211 1677 580 1759 pollentibus
621 1683 903 1740 benevola
948 1681 1347 1754 compassione
1401 1696 1749 1747 succurrere,
1789 1681 1847 1733 et

211 1772 589 1846 poscentium
613 1771 827 1827 animis
853 1771 1026 1826 alacri
1056 1770 1356 1825 devotione
1395 1768 1677 1842 impertiri
1706 1784 1842 1822 con-

1936 650 2162 705 vinculo
2192 650 2457 722 ligatum,
2493 652 2549 705 et
2595 666 2725 706 cum
2774 650 3004 706 diabolo
3045 653 3103 705 et
3148 650 3419 705 omnibus
3446 650 3550 704 im-

1935 738 2064 811 piis,
2125 756 2371 812 quorum
2426 739 2579 810 ignis
2629 755 2747 794 non
2784 738 3199 810 exstinguetur,
3246 741 3303 793 et
3342 737 3551 793 vermis

1938 843 2055 882 non
2086 828 2385 896 morietur,
2404 829 2528 883 sine
2547 828 2662 883 fine
2692 828 3052 895 damnatum,
3086 826 3195 882 nisi
3225 827 3299 881 ad
3317 826 3550 898 plenam

1939 916 2415 971 emendationem
2441 915 2714 972 festinare
2742 915 3043 971 studuerit.
3066 915 3176 981 Qui
3203 932 3337 970 vero
3364 916 3551 969 custos

1937 1007 1996 1059 et
2020 1004 2351 1060 observator
2382 1005 2660 1060 exstiterit
2686 1005 2856 1077 hujus
2881 1004 3060 1060 nostri
3100 1004 3393 1077 apostolici
3431 1003 3550 1075 pri-

1936 1091 2128 1165 vilegii
2171 1093 2231 1147 in
2273 1093 2543 1148 omnibus
2573 1093 2989 1149 benedictionis
3018 1092 3263 1165 gratiam
3294 1096 3349 1147 et
3378 1092 3550 1147 mise-

1939 1180 2268 1249 ricordiam,
2297 1182 2589 1255 vitamque
2627 1185 2905 1238 aeternam
2939 1198 2973 1236 a
3014 1181 3550 1237 misericordissima

1943 1268 2190 1325 Domino
2240 1273 2457 1339 nostro,
2490 1270 2761 1343 consequi
2787 1274 3077 1325 mereatur
3114 1269 3172 1324 in
3212 1270 3419 1325 saecula
3445 1286 3550 1325 εω-

1942 1358 2224 1413 culorum.
2255 1361 2459 1414 Amen.

2016 1444 2304 1520 Scriptum
2323 1464 2428 1520 per
2456 1463 2667 1520 manus
2696 1445 2971 1520 Stephani
2998 1444 3206 1501 notarii
3231 1450 3288 1501 et
3315 1446 3550 1520 scrinia-7

1944 1516 2211 1592 rii__sacri
2259 1516 2661 1592 Lateranensis
2697 1516 2895 1592 palatii
2943 1517 3005 1573 in
3034 1533 3232 1572 mense
3275 1518 3466 1584 Junio,
3498 1519 3556 1572 et

1943 1587 2258 1647 indictione
2285 1591 2507 1663 quinta.

2013 1678 2166 1735 Bene
2202 1680 2405 1736 valete.

2702 1770 2789 1824 XI.

213 1878 463 1917 sensum
498 1878 510 1917 :
545 1878 613 1916 ex
653 1861 762 1916 hoc
792 1859 950 1914 enim
981 1858 1122 1914 lucri
1150 1858 1510 1932 potissimum
1539 1856 1815 1929 prmmiun

1961 1870 2180 1930 Ioannes
2235 1874 2293 1930 X
2307 1874 2451 1931 VIII
2492 1875 2785 1952 privilegia
2844 1873 3159 1932 monasterii
3204 1872 3562 1930 Floriacmsi:

214 1951 379 2023 apud
430 1949 791 2005 conditorem
839 1947 1103 2003 omnium
1163 1946 1463 2019 reponitur
1509 1945 1842 2016 Dominum,

215 2038 466 2112 quando
486 2036 838 2093 venerabilia
864 2037 992 2092 loca
1019 2039 1341 2108 Opportune
1357 2033 1620 2090 ordinata
1637 2035 1709 2089 ad
1723 2051 1844 2089 me-

216 2126 438 2183 liorem
470 2125 686 2181 fuerint
732 2125 857 2183 sine
891 2124 1065 2180 dubio
1092 2126 1303 2178 statum
1330 2124 1622 2195 perducta.
1669 2122 1848 2195 Igitur

216 2214 363 2288 quia
420 2216 607 2269 vestra
658 2212 885 2269 dilectio
939 2215 1135 2268 nostro
1169 2211 1510 2284 apostolatui
1550 2210 1847 2266 humiliter

217 2303 483 2376 postulat
528 2320 564 2357 a
603 2302 771 2358 nobis
799 2304 1081 2374 quatenus
1118 2300 1500 2355 concedamus
1542 2303 1599 2355 et
1634 2298 1845 2354 confir-

218 2407 461 2447 memus
511 2390 616 2447 tibi
649 2391 773 2463 jam
813 2390 962 2445 dicto
1012 2389 1277 2461 episcopo
1317 2388 1613 2443 ecclesiam
1651 2391 1844 2460 proto-

220 2478 504 2552 martyris
532 2478 827 2551 Stephani,
869 2480 925 2532 et
952 2477 1146 2534 Sancti
1176 2475 1493 2544 Saturnini,
1524 2478 1582 2531 et
1623 2476 1848 2533 Sancta:

219 2566 442 2635 Mariae,
497 2566 654 2639 quod
709 2568 940 2621 vocatur
986 2564 1134 2620 sedis
1159 2565 1380 2620 Tolosae
1418 2580 1549 2619 cum
1580 2564 1850 2619 omnibus

223 2652 431 2709 fundis
462 2656 522 2708 et
549 2652 830 2709 casalibus
856 2653 943 2707 vel
973 2651 1311 2724 adjacentiis
1349 2668 1571 2721 eorum,
1604 2653 1715 2707 hoc
1744 2655 1848 2722 est,

224 2742 400 2810 casis,
444 2741 646 2809 vineis,
692 2741 859 2797 terris
906 2743 965 2795 et
1002 2741 1174 2808 silvis,
1201 2744 1372 2813 atque
1406 2740 1572 2809 villis,
1611 2741 1847 2813 campis,

224 2829 436 2901 pratis,
466 2829 708 2902 pascuis,
734 2829 965 2897 salictis,
987 2829 1291 2884 arboribus
1316 2828 1635 2902 pomiferis,
1654 2829 1850 2884 fructi-

225 2917 371 2974 feris
385 2917 858 2973 velinfructiferis
869 2916 1074 2973 diversi
1090 2917 1340 2989 generis,
1362 2917 1849 2989 puteis,fontibus,
1889 2916 1895 2923 ’

226 3005 389 3074 rivis,
422 3005 588 3078 aquis
626 3022 1023 3078 aquarumque
1077 3005 1428 3074 decursibus,
1478 3005 1848 3074 molendinis,

224 3093 665 3166 piscationibus,
721 3110 949 3149 necnon
986 3096 1045 3149 et
1085 3093 1400 3148 salinarum
1436 3093 1582 3160 ﬁlas,
1634 3094 1851 3148 cultum

2589 1968 2919 2036 propugnat.

2437 2070 2620 2141 (Circa
2649 2085 2871 2125 annum
2895 2070 3080 2141 1008.)

2019 2172 2187 2247 [GalL
2215 2174 2412 2236 Christ.
2450 2179 2492 2231 t.
2522 2175 2658 2243 VIII,
2686 2193 2742 2249 p.
2777 2177 2862 2244 18,
2904 2193 2971 2231 ex
3004 2174 3267 2231 biblioth.
3290 2174 3489 2249 Vatia}

2017 2283 2288 2351 Joannes,
2320 2300 2512 2338 servus
2540 2299 2835 2340 servorum
2865 2282 2988 2351 Dei,
3031 2281 3560 2355 prmcellentissimo

1948 2368 2299 2427 Francorum
2331 2372 2457 2445 regi
2484 2374 2740 2428 Rousaro
2787 2370 3147 2427 ecclesiastici
3194 2370 3431 2425 honoris
3482 2370 3561 2427 vi-

1947 2475 2337 2531 gorem........

2020 2547 2169 2603 Olim
2214 2549 2372 2605 fama
2425 2550 2694 2621 vulgante
2735 2551 3005 2617 vestram,
3037 2546 3563 2621 praecellentissimo

1948 2638 2621 2711 regum,ecclesiasticum
2632 2639 2917 2694 honorem
2928 2635 3314 2710 comperimus
3324 2635 3563 2709 diligere

1951 2729 2122 2799 atque
2150 2728 2349 2781 tenere
2389 2727 2822 2794 excellentiam;
2857 2743 2925 2781 ex
2965 2742 3080 2800 qua
3111 2742 3170 2780 re
3221 2741 3452 2779 necesse
3481 2728 3568 2780 est

1951 2818 2032 2883 ut,
2060 2815 2107 2869 si
2139 2814 2385 2871 aliarum
2417 2816 2787 2871 ecclesiarum
2811 2815 3003 2871 honor
3031 2832 3065 2870 a
3092 2813 3252 2870 vobis
3290 2813 3567 2869 excolitur

1951 2921 2080 2959 eam
2096 2921 2225 2977 quae
2242 2904 2507 2961 omnium
2528 2907 2699 2978 caput
2717 2907 2971 2960 esttanto
2992 2902 3565 2976 ampliushonoretis,

1951 2995 2169 3065 quanto
2188 2996 2414 3049 constat
2426 2993 2677 3067 reliquas
2697 2994 2769 3050 ab
2790 2993 2911 3066 ipsa
2926 2992 3226 3049 exordium
3237 2990 3563 3065 sumpsisse.

1950 3081 2350 3153 Comperimus
2373 3085 2566 3137 autem
2597 3082 2875 3155 quosdam
2898 3081 3192 3154 episcopos
3209 3080 3378 3136 vestri
3399 3078 3566 3151 regni

227 3182 317 3235 vel
365 3180 683 3248 incultum;
726 3198 843 3236 una
894 3198 1027 3236 cum
1054 3181 1229 3235 servis
1258 3182 1316 3235 et
1350 3179 1591 3247 ancillis,
1631 3180 1850 3236 colonis
1877 3172 1924 3233 C
1949 3168 2349 3224 auctoritatem
2410 3170 2561 3226 sedis
2606 3170 2952 3241 εροεῐοῙίοεΒ,
2984 3186 3161 3243 quam
3200 3169 3260 3224 in
3305 3171 3567 3225 Romam

230 3270 288 3322 et
316 3266 637 3324 colonabus
666 3268 882 3324 ibidem
912 3268 1356 3341 pertinentibus,
1398 3271 1456 3322 et
1498 3284 1629 3322 cum
1660 3268 1849 3323 omni-

228 3354 338 3411 bus
394 3372 569 3428 supra
620 3356 830 3429 scripto
880 3357 1144 3429 episcopo
1185 3357 1305 3427 (leg.
1347 3355 1717 3428 episc0patui,
1763 3356 1850 3409 vel

228 3443 544 3517 episcopio)
582 3445 930 3517 generaliter
959 3447 1017 3499 et
1045 3445 1105 3500 in
1156 3445 1382 3516 integro
1432 3444 1852 3517 pertinentibus

225 3531 407 3587 situm
437 3532 499 3586 in
529 3532 803 3587 comitatu
830 3532 1133 3599 Tolosano,
1176 3532 1281 3587 tibi
1319 3535 1490 3605 atque
1515 3532 1849 3587 successori-

226 3620 335 3677 bus
346 3620 463 3675 tuis
482 3620 879 3689 detinendam,
895 3621 1101 3677 emissa
1114 3621 1498 3693 praeceptione
1513 3621 1848 3690 concedere,

228 3711 285 3762 et
321 3709 674 3765 conﬁrmare
720 3709 1081 3765 deberemus.
1128 3709 1391 3765 Inclinati
1438 3709 1702 3781 precibus
1740 3710 1851 3765 tuis

224 3814 332 3869 per
358 3797 533 3868 hujus
563 3797 847 3869 privilegii
871 3798 1081 3853 seriem
1111 3815 1281 3869 supra
1323 3798 1598 3869 scriptum
1633 3798 1848 3870 episco-

224 3901 368 3955 pum
384 3884 507 3956 (leg.
526 3885 935 3958 episcopatum,
951 3886 1036 3941 cel
1046 3886 1414 3958 episcopium)
1428 3903 1559 3941 cum
1582 3887 1853 3942 omnibus

227 3972 425 4027 fundis
446 3975 503 4026 et
536 3972 815 4028 casalibus
835 3973 970 4041 suis,
996 3973 1083 4027 vel
1102 3973 1526 4030 cumomnibus
1553 3974 1849 4045 pertinen-

226 4059 323 4115 tiis
364 4064 423 4114 et
449 4060 806 4133 adjacentiis,
840 4063 902 4115 ut
955 4062 1215 4133 superius
1257 4062 1485 4133 legitur,
1519 4078 1551 4115 a
1581 4063 1850 4134 praesenti

229 4148 437 4220 quinta
492 4147 827 4216 indictione,
878 4151 935 4203 et
986 4166 1165 4221 usque
1212 4148 1274 4203 in
1324 4152 1688 4222 perpetuum,
1746 4150 1849 4205 tibi

229 4237 460 4310 tuisque
502 4236 919 4293 successoribus
961 4237 1328 4292 concedimus
1356 4241 1413 4291 et
1439 4237 1851 4292 confirmamus

230 4326 635 4381 detinendam.
671 4327 907 4399 Insuper
936 4326 1299 4381 decernimus
1328 4329 1389 4379 ut
1418 4326 1608 4379 nullus
1630 4325 1850 4396 episco-

229 4431 341 4485 pus
372 4413 433 4467 in
480 4413 590 4467 illis
621 4414 878 4485 partibus
905 4415 1116 4469 habeat
1156 4413 1447 4468 licentiam
1496 4413 1555 4467 in
1589 4416 1706 4467 toto
1736 4415 1851 4470 fine

232 4499 510 4575 episcopii
556 4500 637 4555 tui
678 4502 998 4574 quamlibet
1033 4501 1459 4557 ordinationem
1492 4501 1698 4567 facere,
1744 4501 1852 4556 nisi

232 4590 412 4645 fuerit
447 4591 545 4643 tuo
574 4605 876 4645 consensu.
912 4590 1272 4661 Quapropter
1291 4591 1605 4644 statuentes
1628 4593 1853 4661 aposto-

1949 3256 2091 3310 urbe
2116 3257 2314 3312 beatus
2360 3259 2557 3312 Petrus
2585 3258 2700 3312 suis
2723 3257 2925 3312 tribuit
2952 3258 3389 3325 successoribus,
3421 3256 3564 3312 adeo

1949 3346 2305 3418 contemptui
2347 3348 2562 3402 habere
2596 3350 2661 3400 ut
2698 3346 3027 3401 nullatenus
3071 3363 3130 3400 se
3168 3346 3566 3403 observaturos

1950 3433 2162 3489 dicant.
2216 3435 2400 3500 Quam
2453 3434 2879 3490 contumaciam
2933 3434 2993 3488 in
3041 3434 3431 3506 Transalpinis
3460 3451 3565 3488 nos

1950 3522 2248 3579 audientes
2301 3524 2425 3579 fore
2479 3522 2776 3596 episcopis,
2826 3525 2885 3578 et
2932 3522 3178 3578 minime
3242 3522 3561 3591 credentes,

1950 3610 2213 3668 misimus
2234 3613 2473 3668 fratrem
2506 3615 2563 3667 et
2590 3611 2992 3684 coepiscopum
3022 3612 3281 3666 nostrum
3309 3610 3429 3682 Bip.
3457 3627 3562 3666 an-

1949 3701 2212 3771 tistitem,
2244 3704 2307 3757 ut
2330 3701 2413 3757 rei
2432 3701 2729 3757 veritatem
2759 3702 3115 3773 agnosceret,
3139 3698 3310 3773 quise
3328 3699 3563 3772 quidem

1950 3810 1985 3848 a
2008 3792 2167 3848 vobis
2195 3791 2512 3848 honorifice
2557 3793 2901 3863 susceptum,
2935 3793 2992 3844 et
3019 3788 3117 3844 diu
3147 3788 3562 3844 humanissime

1950 3884 2255 3937 tractatum
2281 3880 2540 3949 asseruit,
2567 3880 2704 3935 dum
2733 3879 2794 3934 in
2816 3879 2901 3934 sui
2930 3877 3238 3951 priesentia
3256 3877 3560 3932 auctorita-

1952 3974 2069 4026 tem
2097 3973 2309 4025 sanctae
2336 3971 2613 4024 Romanae
2663 3966 2924 4023 Ecclesia:
2950 3967 3160 4039 despici
3191 3965 3422 4021 audivit.
3450 3967 3563 4021 Nos

1950 4075 2091 4129 ergo
2105 4076 2212 4131 pro
2242 4058 2600 4130 susceptione
2630 4057 2820 4113 fratris
2852 4059 3050 4113 vestrae
3062 4054 3411 4111 excellentia:
3429 4071 3560 4126 gra-

1950 4147 2058 4202 tias
2098 4147 2344 4219 agimus.
2378 4147 2651 4203 Miramur
2678 4150 2873 4204 autem
2901 4150 3145 4203 vestram
3184 4144 3560 4218 magnificen-

1952 4236 2091 4291 tiam
2132 4236 2239 4290 hoc
2268 4236 2517 4307 potuisse
2569 4238 2811 4309 perpeti,
2851 4239 2915 4291 ut
2940 4236 2999 4291 in
3030 4239 3214 4293 vestra
3238 4235 3563 4308 praesentia,

1952 4342 2089 4380 nam
2116 4325 2215 4391 ibi,
2246 4324 2408 4379 sicuti
2438 4326 2846 4397 comperimus,
2872 4344 3127 4399 praesens
3148 4326 3340 4393 eratis,
3371 4329 3568 4380 sancta

1953 4416 2214 4475 Romana
2245 4413 2634 4484 despiceretur
2661 4415 2930 4469 Ecclesia.
2965 4418 3075 4471 Sed
3110 4416 3246 4489 quia
3274 4416 3381 4471 hoc
3411 4415 3567 4470 vobis

1953 4501 2303 4574 displicuisse
2362 4519 2515 4556 nunc
2566 4519 2743 4574 usque
2794 4502 3212 4569 dissimulastis,
3269 4504 3569 4560 hortamur

1954 4593 2200 4646 vestram
2232 4590 2632 4644 excellentiam
2693 4594 2756 4645 ut
2791 4591 2860 4645 de
2909 4594 3116 4645 caetero
3156 4609 3276 4647 non
3316 4593 3566 4659 taceatis,

232 4678 346 4733 lica
392 4693 655 4745 censura,
690 4679 797 4733 sub
846 4677 1023 4734 divini
1069 4677 1267 4749 judicii
1308 4677 1687 4732 obtestatione
1717 4694 1855 4732 ana-
1883 4664 1937 4723 D
1958 4678 2221 4752 quinimo
2246 4676 2404 4749 regia
2425 4681 2705 4749 potestate
2721 4678 2949 4733 decreta
2969 4679 3296 4751 apostolicae
3316 4681 3465 4735 sedis
3482 4680 3568 4736 in-

234 4765 509 4820 thematis
543 4765 932 4833 interdictum,
965 4768 1028 4819 ut
1063 4766 1205 4820 nulli
1241 4783 1496 4838 unquam
1526 4769 1857 4821 nostrorum

235 4867 630 4906 successorum
662 4854 1021 4924 pontificum,
1068 4854 1153 4907 vel
1194 4853 1318 4907 alia?
1363 4853 1598 4907 cuilibet
1626 4870 1856 4925 magna:

234 4956 500 5011 persona:
530 4944 731 4995 contra
769 4944 822 4995 te
848 4958 1264 4996 successoresve
1305 4945 1429 4995 tuos
1456 4941 1706 5011 aliquam
1734 4957 1857 4995 mo-

239 5027 467 5081 lestiam
499 5031 597 5081 aut
627 5028 905 5083 damnum
936 5029 1122 5083 facere
1146 5029 1327 5095 liceat,
1345 5028 1443 5082 sed
1462 5028 1647 5100 potius
1665 5031 1857 5083 autem

236 5115 295 5170 in
336 5133 439 5169 usu
472 5119 529 5169 et
558 5116 800 5171 utilitate
829 5118 909 5171 tui
937 5118 1207 5188 episcopii
1256 5117 1315 5171 in
1363 5120 1703 5189 perpetuum
1735 5135 1857 5173 ma-

238 5207 395 5258 neat.
438 5204 497 5259 Si
529 5204 656 5276 quis
684 5208 875 5260 autem
916 5206 1224 5260 temerario
1278 5223 1418 5261 ausu
1461 5210 1661 5261 contra
1690 5206 1860 5278 hujus

242 5296 453 5347 nostra:
510 5294 835 5365 apostolicae
878 5295 1278 5366 prmceptionis
1325 5296 1599 5368 paginam
1629 5314 1661 5351 a
1692 5297 1859 5351 nobis

238 5383 672 5455 promulgatam
709 5400 881 5455 agere
944 5386 1393 5457 praesumpserit,
1441 5389 1540 5439 aut
1582 5386 1640 5440 in
1689 5402 1861 5459 supra

239 5469 451 5543 scripto
503 5472 791 5545 episcopio
832 5474 1569 5548 consecrationemﬁfecerit,
1619 5476 1727 5531 nisi
1762 5480 1859 5531 tuo

241 5560 419 5614 fuerit
471 5576 775 5626 consensu,
829 5566 929 5617 aut
958 5562 1213 5635 aliquam
1251 5580 1377 5619 rem
1422 5564 1598 5635 ipsius
1645 5566 1860 5637 episco-

242 5648 323 5722 pii
376 5649 643 5705 minuere
701 5651 963 5717 voluerit,
1012 5651 1154 5704 sciat
1210 5670 1269 5705 se
1310 5653 1526 5723 judicio
1572 5654 1863 5710 humilita-

245 5737 319 5798 tis
361 5740 571 5793 nostra
614 5756 719 5812 per
775 5741 1169 5795 auctoritatem
1200 5740 1299 5795 Dei
1333 5741 1767 5815 omnipotentis,
1808 5748 1866 5799 et

1959 4769 2227 4824 convulsa
2257 4782 2497 4821 manere
2535 4766 2772 4821 faciatis.
2815 4769 2980 4833 Nam,
3025 4770 3087 4820 ut
3133 4768 3302 4822 nobis
3324 4770 3569 4824 relatum

1960 4859 2063 4923 est,
2093 4855 2397 4910 memorati
2427 4855 2675 4926 episcopi
2712 4854 3029 4925 privilegia,
3063 4871 3189 4925 quae
3221 4856 3398 4909 sancti
3424 4873 3569 4926 prm-

1960 4944 2283 4998 decessores
2309 4944 2485 4997 nostri
2510 4960 2691 5013 regno
2713 4946 3137 5009 concesserunt,
3164 4943 3455 4996 destruere
3476 4961 3569 4999 c0-

1963 5036 2175 5086 nantur
2201 5049 2213 5086 :
2239 5048 2365 5103 quae
2400 5048 2489 5085 res
2511 5048 2614 5085 nos
2631 5031 2879 5103 graviter
2907 5032 3223 5098 contristat;
3244 5032 3377 5103 quia
3400 5032 3445 5085 si
3471 5049 3573 5086 nos

1960 5123 2168 5175 statuta
2187 5123 2612 5175 antecessorum
2636 5123 2965 5175 nostrorum
2986 5136 3102 5173 non
3126 5136 3435 5187 servamus,
3466 5137 3571 5174 nec

1960 5211 2154 5264 nostra
2174 5208 2384 5263 servari
2409 5208 2770 5263 confidimus.
2805 5208 3051 5263 Proinde
3081 5225 3186 5279 per
3206 5208 3571 5278 omnipoten-

1960 5298 2099 5352 tiam
2160 5295 2410 5363 Domini,
2452 5296 2789 5350 auctoritate
2827 5313 3056 5369 quoque
3106 5297 3164 5350 Β.
3214 5295 3365 5351 Petri
3412 5295 3572 5366 prin-

1958 5386 2099 5460 cipis
2127 5386 2519 5458 apostolorum
2551 5389 2607 5440 et
2630 5387 2843 5454 nostra,
2862 5385 3164 5440 hortamur
3182 5386 3353 5456 atque
3375 5383 3574 5455 pra-ri-

1958 5476 2149 5549 pimus
2183 5478 2247 5529 ut
2273 5477 2533 5530 auctores
2562 5476 2732 5547 hujus
2746 5473 3212 5548 prtesumptionis
3230 5473 3291 5528 in
3310 5472 3573 5546 proximo

1963 5567 2179 5621 Pascha
2207 5565 2280 5621 ad
2310 5581 2416 5619 nos
2446 5565 2641 5620 venire
2670 5564 2911 5620 faciatis.
2946 5565 3093 5620 Sunt
3109 5566 3303 5619 autem
3324 5563 3578 5618 Leterius

1964 5654 2642 5728 pseudoarchiepiscopus
2682 5644 3008 5723 Senonum,
3060 5656 3118 5709 et
3164 5655 3286 5726 ejus
3323 5653 3577 5709 Aurelia-

1966 5745 2160 5802 nensis
2188 5744 2584 5820 suifraganeus
2612 5744 2954 5819 Fulcho,qui
2985 5743 3044 5799 in
3067 5746 3290 5802 tantam
3318 5742 3575 5818 prorupit
