  <div class='ocr_page' id='page_1' title='image "/cluster/home/n/w/nwhite01/storage/ocr_20150623/139/uva.x000829787/753.png"; bbox 0 0 3888 6218; ppageno 0'>
   <div class='ocr_carea' id='block_1_1' title="bbox 335 417 465 482">
    <p class='ocr_par' dir='ltr' id='par_1_1' title="bbox 335 417 465 482">
     <span class='ocr_line' id='line_1_1' title="bbox 335 417 465 482; baseline 0.015 -2"><span class='ocrx_word' id='word_1_1' title='bbox 335 417 465 482; x_wconf 57' lang='lat' dir='ltr'>“Oi</span> 
     </span>
    </p>
   </div>
   <div class='ocr_carea' id='block_1_2' title="bbox 1171 387 2826 477">
    <p class='ocr_par' dir='ltr' id='par_1_2' title="bbox 1171 387 2826 477">
     <span class='ocr_line' id='line_1_2' title="bbox 1171 387 2826 477; baseline -0.001 -1"><span class='ocrx_word' id='word_1_2' title='bbox 1171 419 1454 477; x_wconf 76' lang='lat' dir='ltr'>JOANNIS</span> <span class='ocrx_word' id='word_1_3' title='bbox 1498 387 1680 476; x_wconf 65' lang='lat' dir='ltr'>xvm&#39;</span> <span class='ocrx_word' id='word_1_4' title='bbox 1701 414 1907 475; x_wconf 67' lang='lat' dir='ltr'>mea;</span> <span class='ocrx_word' id='word_1_5' title='bbox 1933 411 2296 474; x_wconf 65' lang='lat' dir='ltr'>EPISTOLE</span> <span class='ocrx_word' id='word_1_6' title='bbox 2324 410 2409 474; x_wconf 82' lang='lat' dir='ltr'>E’l‘</span> <span class='ocrx_word' id='word_1_7' title='bbox 2433 410 2826 474; x_wconf 68' lang='lat' dir='ltr'>DIPLOMATA</span> 
     </span>
    </p>
   </div>
   <div class='ocr_carea' id='block_1_3' title="bbox 3541 417 3682 478">
    <p class='ocr_par' dir='ltr' id='par_1_3' title="bbox 3541 417 3682 478">
     <span class='ocr_line' id='line_1_3' title="bbox 3541 417 3682 478; baseline 0 0"><span class='ocrx_word' id='word_1_8' title='bbox 3541 417 3682 478; x_wconf 63' lang='grc'><strong>1492</strong></span> 
     </span>
    </p>
   </div>
   <div class='ocr_carea' id='block_1_4' title="bbox 333 535 3680 615">
    <p class='ocr_par' dir='ltr' id='par_1_4' title="bbox 333 535 3680 615">
     <span class='ocr_line' id='line_1_4' title="bbox 333 535 3680 615; baseline -0.001 -15"><span class='ocrx_word' id='word_1_9' title='bbox 333 539 778 615; x_wconf 85' lang='lat' dir='ltr'>proterviam,ut</span> <span class='ocrx_word' id='word_1_10' title='bbox 805 539 1072 599; x_wconf 85' lang='lat' dir='ltr'>Gauzlino</span> <span class='ocrx_word' id='word_1_11' title='bbox 1095 539 1288 595; x_wconf 86' lang='lat' dir='ltr'>abbati</span> <span class='ocrx_word' id='word_1_12' title='bbox 1320 539 1660 594; x_wconf 77' lang='lat' dir='ltr'>monasterii</span> <span class='ocrx_word' id='word_1_13' title='bbox 1682 539 1740 595; x_wconf 93' lang='lat' dir='ltr'>S.</span> <span class='ocrx_word' id='word_1_14' title='bbox 1766 539 1945 593; x_wconf 89' lang='lat' dir='ltr'>Bene-</span> <span class='ocrx_word' id='word_1_15' title='bbox 1972 538 2027 598; x_wconf 80' lang='grc' dir='ltr'><strong>Α</strong></span> <span class='ocrx_word' id='word_1_16' title='bbox 2048 537 2266 593; x_wconf 84' lang='lat' dir='ltr'>tiﬁcum</span> <span class='ocrx_word' id='word_1_17' title='bbox 2291 537 2588 593; x_wconf 77' lang='lat' dir='ltr'>humiliter</span> <span class='ocrx_word' id='word_1_18' title='bbox 2613 535 2976 610; x_wconf 87' lang='lat' dir='ltr'>deprecando</span> <span class='ocrx_word' id='word_1_19' title='bbox 2997 536 3054 592; x_wconf 92' lang='lat' dir='ltr'>et</span> <span class='ocrx_word' id='word_1_20' title='bbox 3075 537 3549 596; x_wconf 86' lang='lat' dir='ltr'>commendando</span> <span class='ocrx_word' id='word_1_21' title='bbox 3577 557 3680 614; x_wconf 86' lang='lat' dir='ltr'>po-</span> 
     </span>
    </p>
   </div>
   <div class='ocr_carea' id='block_1_5' title="bbox 334 627 1945 703">
    <p class='ocr_par' dir='ltr' id='par_1_5' title="bbox 334 627 1945 703">
     <span class='ocr_line' id='line_1_5' title="bbox 334 627 1945 703; baseline -0.003 -17"><span class='ocrx_word' id='word_1_22' title='bbox 334 631 470 687; x_wconf 91' lang='lat' dir='ltr'>dicti</span> <span class='ocrx_word' id='word_1_23' title='bbox 524 629 860 703; x_wconf 68' lang='lat' dir='ltr'>praeciperet</span> <span class='ocrx_word' id='word_1_24' title='bbox 907 627 1204 702; x_wconf 88' lang='lat' dir='ltr'>privilegia</span> <span class='ocrx_word' id='word_1_25' title='bbox 1242 645 1277 682; x_wconf 93' lang='lat' dir='ltr'>a</span> <span class='ocrx_word' id='word_1_26' title='bbox 1315 629 1447 682; x_wconf 90' lang='lat' dir='ltr'>sede</span> <span class='ocrx_word' id='word_1_27' title='bbox 1498 627 1809 699; x_wconf 88' lang='lat' dir='ltr'>apostolica</span> <span class='ocrx_word' id='word_1_28' title='bbox 1844 643 1945 682; x_wconf 93' lang='lat' dir='ltr'>suo</span> 
     </span>
    </p>
   </div>
   <div class='ocr_carea' id='block_1_6' title="bbox 333 716 1945 792">
    <p class='ocr_par' dir='ltr' id='par_1_6' title="bbox 333 716 1945 792">
     <span class='ocr_line' id='line_1_6' title="bbox 333 716 1945 792; baseline -0.004 -16"><span class='ocrx_word' id='word_1_29' title='bbox 333 719 685 776; x_wconf 88' lang='lat' dir='ltr'>monasterio</span> <span class='ocrx_word' id='word_1_30' title='bbox 734 719 937 774; x_wconf 88' lang='lat' dir='ltr'>collata</span> <span class='ocrx_word' id='word_1_31' title='bbox 967 717 1099 792; x_wconf 89' lang='lat' dir='ltr'>igne</span> <span class='ocrx_word' id='word_1_32' title='bbox 1137 733 1416 771; x_wconf 89' lang='lat' dir='ltr'>cremare.</span> <span class='ocrx_word' id='word_1_33' title='bbox 1448 716 1722 770; x_wconf 85' lang='lat' dir='ltr'>Volumus</span> <span class='ocrx_word' id='word_1_34' title='bbox 1752 718 1945 770; x_wconf 90' lang='lat' dir='ltr'>autem</span> 
     </span>
    </p>
   </div>
   <div class='ocr_carea' id='block_1_7' title="bbox 333 803 1942 880">
    <p class='ocr_par' dir='ltr' id='par_1_7' title="bbox 333 803 1942 880">
     <span class='ocr_line' id='line_1_7' title="bbox 333 803 1942 880; baseline -0.003 -18"><span class='ocrx_word' id='word_1_35' title='bbox 333 807 524 880; x_wconf 87' lang='lat' dir='ltr'>ipsum</span> <span class='ocrx_word' id='word_1_36' title='bbox 549 808 818 864; x_wconf 81' lang='lat' dir='ltr'>abbatem</span> <span class='ocrx_word' id='word_1_37' title='bbox 844 805 1058 878; x_wconf 90' lang='lat' dir='ltr'>pariter</span> <span class='ocrx_word' id='word_1_38' title='bbox 1087 803 1378 870; x_wconf 83' lang='lat' dir='ltr'>advenire,</span> <span class='ocrx_word' id='word_1_39' title='bbox 1405 807 1468 858; x_wconf 92' lang='lat' dir='ltr'>ut</span> <span class='ocrx_word' id='word_1_40' title='bbox 1492 805 1642 876; x_wconf 91' lang='lat' dir='ltr'>apud</span> <span class='ocrx_word' id='word_1_41' title='bbox 1663 807 1942 871; x_wconf 81' lang='lat' dir='ltr'>sanctam,</span> 
     </span>
    </p>
   </div>
   <div class='ocr_carea' id='block_1_8' title="bbox 333 891 1944 964">
    <p class='ocr_par' dir='ltr' id='par_1_8' title="bbox 333 891 1944 964">
     <span class='ocr_line' id='line_1_8' title="bbox 333 891 1944 964; baseline -0.003 -13"><span class='ocrx_word' id='word_1_42' title='bbox 333 895 425 951; x_wconf 91' lang='lat' dir='ltr'>cui</span> <span class='ocrx_word' id='word_1_43' title='bbox 453 897 570 951; x_wconf 92' lang='lat' dir='ltr'>Deo</span> <span class='ocrx_word' id='word_1_44' title='bbox 601 894 731 948; x_wconf 91' lang='lat' dir='ltr'>licet</span> <span class='ocrx_word' id='word_1_45' title='bbox 758 893 1093 948; x_wconf 78' lang='lat' dir='ltr'>concedenti</span> <span class='ocrx_word' id='word_1_46' title='bbox 1123 891 1394 962; x_wconf 88' lang='lat' dir='ltr'>indignus</span> <span class='ocrx_word' id='word_1_47' title='bbox 1439 909 1708 964; x_wconf 67' lang='lat' dir='ltr'>primum,</span> <span class='ocrx_word' id='word_1_48' title='bbox 1749 892 1944 946; x_wconf 87' lang='lat' dir='ltr'>sedem</span> 
     </span>
    </p>
   </div>
   <div class='ocr_carea' id='block_1_9' title="bbox 333 979 1944 1052">
    <p class='ocr_par' dir='ltr' id='par_1_9' title="bbox 333 979 1944 1052">
     <span class='ocr_line' id='line_1_9' title="bbox 333 979 1944 1052; baseline -0.005 -12"><span class='ocrx_word' id='word_1_49' title='bbox 333 999 528 1040; x_wconf 88' lang='lat' dir='ltr'>coram</span> <span class='ocrx_word' id='word_1_50' title='bbox 547 983 780 1037; x_wconf 82' lang='lat' dir='ltr'>ﬁniatur</span> <span class='ocrx_word' id='word_1_51' title='bbox 804 980 1208 1046; x_wconf 80' lang='lat' dir='ltr'>controversia,</span> <span class='ocrx_word' id='word_1_52' title='bbox 1233 983 1289 1033; x_wconf 91' lang='lat' dir='ltr'>et</span> <span class='ocrx_word' id='word_1_53' title='bbox 1317 983 1683 1052; x_wconf 78' lang='lat' dir='ltr'>contemptor</span> <span class='ocrx_word' id='word_1_54' title='bbox 1709 981 1767 1036; x_wconf 94' lang='lat' dir='ltr'>S.</span> <span class='ocrx_word' id='word_1_55' title='bbox 1792 979 1944 1034; x_wconf 91' lang='lat' dir='ltr'>Petri</span> 
     </span>
    </p>
   </div>
   <div class='ocr_carea' id='block_1_10' title="bbox 334 1067 1946 1144">
    <p class='ocr_par' dir='ltr' id='par_1_10' title="bbox 334 1067 1946 1144">
     <span class='ocr_line' id='line_1_10' title="bbox 334 1067 1946 1144; baseline -0.004 -18"><span class='ocrx_word' id='word_1_56' title='bbox 334 1071 512 1144; x_wconf 89' lang='lat' dir='ltr'>digna</span> <span class='ocrx_word' id='word_1_57' title='bbox 538 1072 816 1144; x_wconf 81' lang='lat' dir='ltr'>plectatur</span> <span class='ocrx_word' id='word_1_58' title='bbox 839 1085 1029 1142; x_wconf 61' lang='lat' dir='ltr'>paena.</span> <span class='ocrx_word' id='word_1_59' title='bbox 1082 1067 1188 1133; x_wconf 86' lang='lat' dir='ltr'>Qui</span> <span class='ocrx_word' id='word_1_60' title='bbox 1240 1085 1373 1123; x_wconf 88' lang='lat' dir='ltr'>vero</span> <span class='ocrx_word' id='word_1_61' title='bbox 1406 1071 1503 1122; x_wconf 92' lang='lat' dir='ltr'>tua</span> <span class='ocrx_word' id='word_1_62' title='bbox 1548 1067 1946 1123; x_wconf 86' lang='lat' dir='ltr'>amantissima</span> 
     </span>
    </p>
   </div>
   <div class='ocr_carea' id='block_1_11' title="bbox 333 1156 1942 1231">
    <p class='ocr_par' dir='ltr' id='par_1_11' title="bbox 333 1156 1942 1231">
     <span class='ocr_line' id='line_1_11' title="bbox 333 1156 1942 1231; baseline -0.002 -17"><span class='ocrx_word' id='word_1_63' title='bbox 333 1158 729 1216; x_wconf 87' lang='lat' dir='ltr'>admonitione</span> <span class='ocrx_word' id='word_1_64' title='bbox 781 1161 990 1231; x_wconf 89' lang='lat' dir='ltr'>spreta,</span> <span class='ocrx_word' id='word_1_65' title='bbox 1037 1158 1124 1212; x_wconf 86' lang='lat' dir='ltr'>vel</span> <span class='ocrx_word' id='word_1_66' title='bbox 1174 1156 1419 1229; x_wconf 90' lang='lat' dir='ltr'>imperio</span> <span class='ocrx_word' id='word_1_67' title='bbox 1450 1159 1661 1228; x_wconf 88' lang='lat' dir='ltr'>spreto,</span> <span class='ocrx_word' id='word_1_68' title='bbox 1711 1158 1783 1212; x_wconf 89' lang='lat' dir='ltr'>ad</span> <span class='ocrx_word' id='word_1_69' title='bbox 1813 1173 1942 1211; x_wconf 91' lang='lat' dir='ltr'>san-</span> 
     </span>
    </p>
   </div>
   <div class='ocr_carea' id='block_1_12' title="bbox 331 1243 1942 1316">
    <p class='ocr_par' dir='ltr' id='par_1_12' title="bbox 331 1243 1942 1316">
     <span class='ocr_line' id='line_1_12' title="bbox 331 1243 1942 1316; baseline -0.001 -14"><span class='ocrx_word' id='word_1_70' title='bbox 331 1251 487 1302; x_wconf 91' lang='lat' dir='ltr'>ctum</span> <span class='ocrx_word' id='word_1_71' title='bbox 533 1249 766 1303; x_wconf 89' lang='lat' dir='ltr'>Petrum</span> <span class='ocrx_word' id='word_1_72' title='bbox 818 1249 875 1301; x_wconf 91' lang='lat' dir='ltr'>et</span> <span class='ocrx_word' id='word_1_73' title='bbox 932 1246 1005 1301; x_wconf 92' lang='lat' dir='ltr'>ad</span> <span class='ocrx_word' id='word_1_74' title='bbox 1061 1262 1165 1300; x_wconf 88' lang='lat' dir='ltr'>nos</span> <span class='ocrx_word' id='word_1_75' title='bbox 1223 1245 1416 1299; x_wconf 89' lang='lat' dir='ltr'>venire</span> <span class='ocrx_word' id='word_1_76' title='bbox 1473 1245 1797 1316; x_wconf 82' lang='lat' dir='ltr'>despexerit</span> <span class='ocrx_word' id='word_1_77' title='bbox 1833 1243 1942 1300; x_wconf 87' lang='lat' dir='ltr'>nisi</span> 
     </span>
    </p>
   </div>
   <div class='ocr_carea' id='block_1_13' title="bbox 331 1332 1943 1409">
    <p class='ocr_par' dir='ltr' id='par_1_13' title="bbox 331 1332 1943 1409">
     <span class='ocr_line' id='line_1_13' title="bbox 331 1332 1943 1409; baseline -0.001 -19"><span class='ocrx_word' id='word_1_78' title='bbox 331 1335 587 1409; x_wconf 86' lang='lat' dir='ltr'>corporis</span> <span class='ocrx_word' id='word_1_79' title='bbox 640 1335 946 1391; x_wconf 78' lang='lat' dir='ltr'>inﬁrmitas</span> <span class='ocrx_word' id='word_1_80' title='bbox 996 1351 1130 1388; x_wconf 90' lang='lat' dir='ltr'>eum</span> <span class='ocrx_word' id='word_1_81' title='bbox 1173 1332 1510 1404; x_wconf 88' lang='lat' dir='ltr'>gravaverit,</span> <span class='ocrx_word' id='word_1_82' title='bbox 1566 1349 1600 1386; x_wconf 88' lang='lat' dir='ltr'>a</span> <span class='ocrx_word' id='word_1_83' title='bbox 1643 1333 1847 1387; x_wconf 89' lang='lat' dir='ltr'>divinis</span> <span class='ocrx_word' id='word_1_84' title='bbox 1884 1351 1943 1388; x_wconf 88' lang='lat' dir='ltr'>se</span> 
     </span>
    </p>
   </div>
   <div class='ocr_carea' id='block_1_14' title="bbox 330 1421 1942 1495">
    <p class='ocr_par' dir='ltr' id='par_1_14' title="bbox 330 1421 1942 1495">
     <span class='ocr_line' id='line_1_14' title="bbox 330 1421 1942 1495; baseline -0.003 -15"><span class='ocrx_word' id='word_1_85' title='bbox 330 1423 587 1480; x_wconf 87' lang='lat' dir='ltr'>alienum</span> <span class='ocrx_word' id='word_1_86' title='bbox 627 1423 916 1495; x_wconf 81' lang='lat' dir='ltr'>mysteriis</span> <span class='ocrx_word' id='word_1_87' title='bbox 953 1439 1020 1476; x_wconf 87' lang='lat' dir='ltr'>ex</span> <span class='ocrx_word' id='word_1_88' title='bbox 1053 1422 1154 1478; x_wconf 90' lang='lat' dir='ltr'>Dei</span> <span class='ocrx_word' id='word_1_89' title='bbox 1195 1425 1253 1476; x_wconf 89' lang='lat' dir='ltr'>et</span> <span class='ocrx_word' id='word_1_90' title='bbox 1295 1425 1490 1476; x_wconf 88' lang='lat' dir='ltr'>nostra</span> <span class='ocrx_word' id='word_1_91' title='bbox 1533 1421 1672 1475; x_wconf 89' lang='lat' dir='ltr'>sciat</span> <span class='ocrx_word' id='word_1_92' title='bbox 1701 1422 1942 1476; x_wconf 86' lang='lat' dir='ltr'>existere</span> 
     </span>
    </p>
   </div>
   <div class='ocr_carea' id='block_1_15' title="bbox 329 1509 1942 1583">
    <p class='ocr_par' dir='ltr' id='par_1_15' title="bbox 329 1509 1942 1583">
     <span class='ocr_line' id='line_1_15' title="bbox 329 1509 1942 1583; baseline -0.002 -17"><span class='ocrx_word' id='word_1_93' title='bbox 329 1511 635 1568; x_wconf 81' lang='lat' dir='ltr'>sententia.</span> <span class='ocrx_word' id='word_1_94' title='bbox 675 1513 848 1583; x_wconf 86' lang='lat' dir='ltr'>Cujus</span> <span class='ocrx_word' id='word_1_95' title='bbox 879 1509 1236 1582; x_wconf 75' lang='lat' dir='ltr'>aegritudinis</span> <span class='ocrx_word' id='word_1_96' title='bbox 1262 1510 1500 1564; x_wconf 89' lang='lat' dir='ltr'>modum</span> <span class='ocrx_word' id='word_1_97' title='bbox 1523 1512 1631 1564; x_wconf 71' lang='lat' dir='ltr'>tua:</span> <span class='ocrx_word' id='word_1_98' title='bbox 1659 1511 1942 1563; x_wconf 83' lang='lat' dir='ltr'>excellen-</span> 
     </span>
    </p>
   </div>
   <div class='ocr_carea' id='block_1_16' title="bbox 327 1597 1940 1671">
    <p class='ocr_par' dir='ltr' id='par_1_16' title="bbox 327 1597 1940 1671">
     <span class='ocr_line' id='line_1_16' title="bbox 327 1597 1940 1671; baseline -0.001 -17"><span class='ocrx_word' id='word_1_99' title='bbox 327 1599 423 1654; x_wconf 59' lang='lat' dir='ltr'>tiae</span> <span class='ocrx_word' id='word_1_100' title='bbox 451 1599 654 1654; x_wconf 70' lang='lat' dir='ltr'>littera:</span> <span class='ocrx_word' id='word_1_101' title='bbox 685 1599 866 1671; x_wconf 86' lang='lat' dir='ltr'>regali</span> <span class='ocrx_word' id='word_1_102' title='bbox 915 1599 1102 1670; x_wconf 88' lang='lat' dir='ltr'>sigillo</span> <span class='ocrx_word' id='word_1_103' title='bbox 1141 1599 1380 1670; x_wconf 77' lang='lat' dir='ltr'>signatae</span> <span class='ocrx_word' id='word_1_104' title='bbox 1435 1600 1642 1650; x_wconf 82' lang='lat' dir='ltr'>nostrae</span> <span class='ocrx_word' id='word_1_105' title='bbox 1688 1597 1940 1652; x_wconf 89' lang='lat' dir='ltr'>indicare</span> 
     </span>
    </p>
   </div>
   <div class='ocr_carea' id='block_1_17' title="bbox 327 1685 1941 1756">
    <p class='ocr_par' dir='ltr' id='par_1_17' title="bbox 327 1685 1941 1756">
     <span class='ocr_line' id='line_1_17' title="bbox 327 1685 1941 1756; baseline 0 -16"><span class='ocrx_word' id='word_1_106' title='bbox 327 1688 613 1743; x_wconf 88' lang='lat' dir='ltr'>curabunt</span> <span class='ocrx_word' id='word_1_107' title='bbox 662 1687 1051 1742; x_wconf 88' lang='lat' dir='ltr'>sollicitudini.</span> <span class='ocrx_word' id='word_1_108' title='bbox 1083 1686 1264 1740; x_wconf 85' lang='lat' dir='ltr'>Vestri</span> <span class='ocrx_word' id='word_1_109' title='bbox 1309 1685 1500 1756; x_wconf 82' lang='lat' dir='ltr'>itaque</span> <span class='ocrx_word' id='word_1_110' title='bbox 1545 1685 1786 1739; x_wconf 83' lang='lat' dir='ltr'>honoris</span> <span class='ocrx_word' id='word_1_111' title='bbox 1818 1701 1941 1740; x_wconf 85' lang='lat' dir='ltr'>ma-</span> 
     </span>
    </p>
   </div>
   <div class='ocr_carea' id='block_1_18' title="bbox 2047 626 3676 699">
    <p class='ocr_par' dir='ltr' id='par_1_18' title="bbox 2047 626 3676 699">
     <span class='ocr_line' id='line_1_18' title="bbox 2047 626 3676 699; baseline 0.004 -19"><span class='ocrx_word' id='word_1_112' title='bbox 2047 627 2178 694; x_wconf 91' lang='lat' dir='ltr'>suit,</span> <span class='ocrx_word' id='word_1_113' title='bbox 2211 630 2272 680; x_wconf 91' lang='lat' dir='ltr'>ut</span> <span class='ocrx_word' id='word_1_114' title='bbox 2301 627 2511 682; x_wconf 89' lang='lat' dir='ltr'>nullius</span> <span class='ocrx_word' id='word_1_115' title='bbox 2541 626 2859 682; x_wconf 88' lang='lat' dir='ltr'>dominatio</span> <span class='ocrx_word' id='word_1_116' title='bbox 2885 627 3037 698; x_wconf 88' lang='lat' dir='ltr'>regis</span> <span class='ocrx_word' id='word_1_117' title='bbox 3063 631 3120 681; x_wconf 90' lang='lat' dir='ltr'>et</span> <span class='ocrx_word' id='word_1_118' title='bbox 3146 627 3426 699; x_wconf 88' lang='lat' dir='ltr'>principis</span> <span class='ocrx_word' id='word_1_119' title='bbox 3450 647 3552 684; x_wconf 89' lang='lat' dir='ltr'>seu</span> <span class='ocrx_word' id='word_1_120' title='bbox 3580 648 3676 687; x_wconf 82' lang='lat' dir='ltr'>ar-</span> 
     </span>
    </p>
   </div>
   <div class='ocr_carea' id='block_1_19' title="bbox 2045 714 3675 788">
    <p class='ocr_par' dir='ltr' id='par_1_19' title="bbox 2045 714 3675 788">
     <span class='ocr_line' id='line_1_19' title="bbox 2045 714 3675 788; baseline 0.003 -19"><span class='ocrx_word' id='word_1_121' title='bbox 2045 715 2391 787; x_wconf 87' lang='lat' dir='ltr'>chiepiscopi</span> <span class='ocrx_word' id='word_1_122' title='bbox 2423 717 2479 770; x_wconf 88' lang='lat' dir='ltr'>et</span> <span class='ocrx_word' id='word_1_123' title='bbox 2503 714 2772 787; x_wconf 85' lang='lat' dir='ltr'>episcopi,</span> <span class='ocrx_word' id='word_1_124' title='bbox 2807 718 2905 769; x_wconf 89' lang='lat' dir='ltr'>aut</span> <span class='ocrx_word' id='word_1_125' title='bbox 2941 717 3332 788; x_wconf 86' lang='lat' dir='ltr'>cujuscunque</span> <span class='ocrx_word' id='word_1_126' title='bbox 3370 717 3675 788; x_wconf 81' lang='lat' dir='ltr'>dignitatis</span> 
     </span>
    </p>
   </div>
   <div class='ocr_carea' id='block_1_20' title="bbox 2046 804 3676 876">
    <p class='ocr_par' dir='ltr' id='par_1_20' title="bbox 2046 804 3676 876">
     <span class='ocr_line' id='line_1_20' title="bbox 2046 804 3676 876; baseline 0.002 -18"><span class='ocrx_word' id='word_1_127' title='bbox 2046 821 2308 876; x_wconf 78' lang='lat' dir='ltr'>personae</span> <span class='ocrx_word' id='word_1_128' title='bbox 2361 804 2667 876; x_wconf 66' lang='lat' dir='ltr'>praefatum</span> <span class='ocrx_word' id='word_1_129' title='bbox 2709 804 3128 859; x_wconf 83' lang='lat' dir='ltr'>monasterium</span> <span class='ocrx_word' id='word_1_130' title='bbox 3179 805 3527 876; x_wconf 86' lang='lat' dir='ltr'>inquietare,</span> <span class='ocrx_word' id='word_1_131' title='bbox 3581 809 3676 864; x_wconf 87' lang='lat' dir='ltr'>vel</span> 
     </span>
    </p>
   </div>
   <div class='ocr_carea' id='block_1_21' title="bbox 2046 893 3675 966">
    <p class='ocr_par' dir='ltr' id='par_1_21' title="bbox 2046 893 3675 966">
     <span class='ocr_line' id='line_1_21' title="bbox 2046 893 3675 966; baseline 0.004 -20"><span class='ocrx_word' id='word_1_132' title='bbox 2046 893 2388 959; x_wconf 86' lang='lat' dir='ltr'>disturbare,</span> <span class='ocrx_word' id='word_1_133' title='bbox 2421 910 2520 947; x_wconf 90' lang='lat' dir='ltr'>seu</span> <span class='ocrx_word' id='word_1_134' title='bbox 2552 893 2814 948; x_wconf 89' lang='lat' dir='ltr'>minuere</span> <span class='ocrx_word' id='word_1_135' title='bbox 2846 894 3072 959; x_wconf 87' lang='lat' dir='ltr'>audeat,</span> <span class='ocrx_word' id='word_1_136' title='bbox 3125 911 3312 965; x_wconf 88' lang='lat' dir='ltr'>neque</span> <span class='ocrx_word' id='word_1_137' title='bbox 3361 897 3434 949; x_wconf 87' lang='lat' dir='ltr'>de</span> <span class='ocrx_word' id='word_1_138' title='bbox 3477 897 3675 966; x_wconf 88' lang='lat' dir='ltr'>terris,</span> 
     </span>
    </p>
   </div>
   <div class='ocr_carea' id='block_1_22' title="bbox 2045 981 3676 1053">
    <p class='ocr_par' dir='ltr' id='par_1_22' title="bbox 2045 981 3676 1053">
     <span class='ocr_line' id='line_1_22' title="bbox 2045 981 3676 1053; baseline 0.004 -19"><span class='ocrx_word' id='word_1_139' title='bbox 2045 981 2226 1053; x_wconf 89' lang='lat' dir='ltr'>aquis,</span> <span class='ocrx_word' id='word_1_140' title='bbox 2258 981 2456 1049; x_wconf 89' lang='lat' dir='ltr'>vineis,</span> <span class='ocrx_word' id='word_1_141' title='bbox 2502 981 2698 1053; x_wconf 88' lang='lat' dir='ltr'>pratis,</span> <span class='ocrx_word' id='word_1_142' title='bbox 2722 982 2892 1047; x_wconf 87' lang='lat' dir='ltr'>silvis,</span> <span class='ocrx_word' id='word_1_143' title='bbox 2916 983 3286 1050; x_wconf 89' lang='lat' dir='ltr'>molendinis,</span> <span class='ocrx_word' id='word_1_144' title='bbox 3317 983 3485 1050; x_wconf 79' lang='lat' dir='ltr'>villis,</span> <span class='ocrx_word' id='word_1_145' title='bbox 3507 986 3676 1040; x_wconf 86' lang='lat' dir='ltr'>villa-</span> 
     </span>
    </p>
   </div>
   <div class='ocr_carea' id='block_1_23' title="bbox 2043 1070 3674 1142">
    <p class='ocr_par' dir='ltr' id='par_1_23' title="bbox 2043 1070 3674 1142">
     <span class='ocr_line' id='line_1_23' title="bbox 2043 1070 3674 1142; baseline 0.002 -18"><span class='ocrx_word' id='word_1_146' title='bbox 2043 1088 2287 1142; x_wconf 89' lang='lat' dir='ltr'>rumque</span> <span class='ocrx_word' id='word_1_147' title='bbox 2314 1070 2651 1136; x_wconf 88' lang='lat' dir='ltr'>redditibus,</span> <span class='ocrx_word' id='word_1_148' title='bbox 2696 1071 2868 1125; x_wconf 89' lang='lat' dir='ltr'>servis</span> <span class='ocrx_word' id='word_1_149' title='bbox 2895 1075 2951 1125; x_wconf 91' lang='lat' dir='ltr'>et</span> <span class='ocrx_word' id='word_1_150' title='bbox 2978 1071 3222 1139; x_wconf 88' lang='lat' dir='ltr'>ancillis,</span> <span class='ocrx_word' id='word_1_151' title='bbox 3264 1073 3538 1140; x_wconf 87' lang='lat' dir='ltr'>ecclesiis,</span> <span class='ocrx_word' id='word_1_152' title='bbox 3579 1074 3674 1130; x_wconf 83' lang='lat' dir='ltr'>vel</span> 
     </span>
    </p>
   </div>
   <div class='ocr_carea' id='block_1_24' title="bbox 2045 1158 3680 1231">
    <p class='ocr_par' dir='ltr' id='par_1_24' title="bbox 2045 1158 3680 1231">
     <span class='ocr_line' id='line_1_24' title="bbox 2045 1158 3680 1231; baseline 0.004 -19"><span class='ocrx_word' id='word_1_153' title='bbox 2045 1158 2114 1212; x_wconf 91' lang='lat' dir='ltr'>de</span> <span class='ocrx_word' id='word_1_154' title='bbox 2148 1158 2214 1212; x_wconf 92' lang='lat' dir='ltr'>iis</span> <span class='ocrx_word' id='word_1_155' title='bbox 2245 1159 2512 1213; x_wconf 87' lang='lat' dir='ltr'>omnibus</span> <span class='ocrx_word' id='word_1_156' title='bbox 2543 1177 2669 1228; x_wconf 83' lang='lat' dir='ltr'>quae</span> <span class='ocrx_word' id='word_1_157' title='bbox 2699 1158 2772 1212; x_wconf 91' lang='lat' dir='ltr'>ad</span> <span class='ocrx_word' id='word_1_158' title='bbox 2802 1176 3052 1230; x_wconf 63' lang='lat' dir='ltr'>praesens</span> <span class='ocrx_word' id='word_1_159' title='bbox 3073 1159 3194 1231; x_wconf 91' lang='lat' dir='ltr'>ipse</span> <span class='ocrx_word' id='word_1_160' title='bbox 3213 1176 3411 1215; x_wconf 84' lang='lat' dir='ltr'>comes</span> <span class='ocrx_word' id='word_1_161' title='bbox 3430 1178 3680 1217; x_wconf 88' lang='lat' dir='ltr'>conces-</span> 
     </span>
    </p>
   </div>
   <div class='ocr_carea' id='block_1_25' title="bbox 2045 1245 3674 1322">
    <p class='ocr_par' dir='ltr' id='par_1_25' title="bbox 2045 1245 3674 1322">
     <span class='ocr_line' id='line_1_25' title="bbox 2045 1245 3674 1322; baseline 0.004 -24"><span class='ocrx_word' id='word_1_162' title='bbox 2045 1245 2134 1312; x_wconf 89' lang='lat' dir='ltr'>sit,</span> <span class='ocrx_word' id='word_1_163' title='bbox 2167 1263 2265 1299; x_wconf 89' lang='lat' dir='ltr'>seu</span> <span class='ocrx_word' id='word_1_164' title='bbox 2293 1263 2419 1317; x_wconf 68' lang='lat' dir='ltr'>quin</span> <span class='ocrx_word' id='word_1_165' title='bbox 2451 1247 2766 1300; x_wconf 86' lang='lat' dir='ltr'>concedere</span> <span class='ocrx_word' id='word_1_166' title='bbox 2807 1246 2995 1311; x_wconf 88' lang='lat' dir='ltr'>debet,</span> <span class='ocrx_word' id='word_1_167' title='bbox 3041 1251 3142 1301; x_wconf 90' lang='lat' dir='ltr'>aut</span> <span class='ocrx_word' id='word_1_168' title='bbox 3168 1265 3204 1301; x_wconf 89' lang='lat' dir='ltr'>a</span> <span class='ocrx_word' id='word_1_169' title='bbox 3247 1248 3510 1303; x_wconf 85' lang='lat' dir='ltr'>ﬁdelibus</span> <span class='ocrx_word' id='word_1_170' title='bbox 3559 1249 3674 1322; x_wconf 88' lang='lat' dir='ltr'>ipsi</span> 
     </span>
    </p>
   </div>
   <div class='ocr_carea' id='block_1_26' title="bbox 2042 1333 3673 1406">
    <p class='ocr_par' dir='ltr' id='par_1_26' title="bbox 2042 1333 3673 1406">
     <span class='ocr_line' id='line_1_26' title="bbox 2042 1333 3673 1406; baseline 0.004 -20"><span class='ocrx_word' id='word_1_171' title='bbox 2042 1333 2168 1386; x_wconf 91' lang='lat' dir='ltr'>loco</span> <span class='ocrx_word' id='word_1_172' title='bbox 2200 1333 2506 1400; x_wconf 90' lang='lat' dir='ltr'>dabuntur,</span> <span class='ocrx_word' id='word_1_173' title='bbox 2549 1333 2852 1405; x_wconf 87' lang='lat' dir='ltr'>quisquam</span> <span class='ocrx_word' id='word_1_174' title='bbox 2883 1333 3192 1404; x_wconf 89' lang='lat' dir='ltr'>cupiditate</span> <span class='ocrx_word' id='word_1_175' title='bbox 3236 1334 3516 1406; x_wconf 90' lang='lat' dir='ltr'>impulsus</span> <span class='ocrx_word' id='word_1_176' title='bbox 3563 1354 3673 1392; x_wconf 88' lang='lat' dir='ltr'>au-</span> 
     </span>
    </p>
   </div>
   <div class='ocr_carea' id='block_1_27' title="bbox 2042 1422 3674 1494">
    <p class='ocr_par' dir='ltr' id='par_1_27' title="bbox 2042 1422 3674 1494">
     <span class='ocr_line' id='line_1_27' title="bbox 2042 1422 3674 1494; baseline 0.004 -20"><span class='ocrx_word' id='word_1_177' title='bbox 2042 1422 2192 1476; x_wconf 87' lang='lat' dir='ltr'>ferre</span> <span class='ocrx_word' id='word_1_178' title='bbox 2213 1425 2552 1493; x_wconf 76' lang='lat' dir='ltr'>praesumat;</span> <span class='ocrx_word' id='word_1_179' title='bbox 2577 1422 2861 1494; x_wconf 79' lang='lat' dir='ltr'>quodlista</span> <span class='ocrx_word' id='word_1_180' title='bbox 2890 1427 3086 1477; x_wconf 88' lang='lat' dir='ltr'>sancta</span> <span class='ocrx_word' id='word_1_181' title='bbox 3111 1425 3426 1494; x_wconf 90' lang='lat' dir='ltr'>apostolica</span> <span class='ocrx_word' id='word_1_182' title='bbox 3447 1430 3674 1481; x_wconf 87' lang='lat' dir='ltr'>nostra-</span> 
     </span>
    </p>
   </div>
   <div class='ocr_carea' id='block_1_28' title="bbox 2043 1510 3668 1582">
    <p class='ocr_par' dir='ltr' id='par_1_28' title="bbox 2043 1510 3668 1582">
     <span class='ocr_line' id='line_1_28' title="bbox 2043 1510 3668 1582; baseline 0.004 -20"><span class='ocrx_word' id='word_1_183' title='bbox 2043 1527 2152 1582; x_wconf 86' lang='lat' dir='ltr'>que</span> <span class='ocrx_word' id='word_1_184' title='bbox 2175 1510 2511 1565; x_wconf 89' lang='lat' dir='ltr'>auctoritate</span> <span class='ocrx_word' id='word_1_185' title='bbox 2542 1511 2862 1577; x_wconf 85' lang='lat' dir='ltr'>statuimus,</span> <span class='ocrx_word' id='word_1_186' title='bbox 2903 1513 2960 1565; x_wconf 91' lang='lat' dir='ltr'>et</span> <span class='ocrx_word' id='word_1_187' title='bbox 2989 1511 3047 1564; x_wconf 91' lang='lat' dir='ltr'>in</span> <span class='ocrx_word' id='word_1_188' title='bbox 3077 1516 3422 1582; x_wconf 90' lang='lat' dir='ltr'>perpetuum</span> <span class='ocrx_word' id='word_1_189' title='bbox 3452 1514 3668 1569; x_wconf 81' lang='lat' dir='ltr'>conﬁr-</span> 
     </span>
    </p>
   </div>
   <div class='ocr_carea' id='block_1_29' title="bbox 2042 1599 3670 1674">
    <p class='ocr_par' dir='ltr' id='par_1_29' title="bbox 2042 1599 3670 1674">
     <span class='ocr_line' id='line_1_29' title="bbox 2042 1599 3670 1674; baseline 0.003 -22"><span class='ocrx_word' id='word_1_190' title='bbox 2042 1601 2263 1653; x_wconf 90' lang='lat' dir='ltr'>matum</span> <span class='ocrx_word' id='word_1_191' title='bbox 2295 1616 2414 1653; x_wconf 89' lang='lat' dir='ltr'>esse</span> <span class='ocrx_word' id='word_1_192' title='bbox 2444 1601 2724 1666; x_wconf 88' lang='lat' dir='ltr'>volumus,</span> <span class='ocrx_word' id='word_1_193' title='bbox 2755 1603 2816 1653; x_wconf 90' lang='lat' dir='ltr'>ut</span> <span class='ocrx_word' id='word_1_194' title='bbox 2840 1599 3168 1672; x_wconf 85' lang='lat' dir='ltr'>quicunque</span> <span class='ocrx_word' id='word_1_195' title='bbox 3194 1601 3262 1655; x_wconf 90' lang='lat' dir='ltr'>de</span> <span class='ocrx_word' id='word_1_196' title='bbox 3293 1602 3382 1656; x_wconf 89' lang='lat' dir='ltr'>his</span> <span class='ocrx_word' id='word_1_197' title='bbox 3408 1619 3538 1674; x_wconf 76' lang='lat' dir='ltr'>quae</span> <span class='ocrx_word' id='word_1_198' title='bbox 3569 1620 3670 1657; x_wconf 85' lang='lat' dir='ltr'>su-</span> 
     </span>
    </p>
   </div>
   <div class='ocr_carea' id='block_1_30' title="bbox 2040 1687 3670 1760">
    <p class='ocr_par' dir='ltr' id='par_1_30' title="bbox 2040 1687 3670 1760">
     <span class='ocr_line' id='line_1_30' title="bbox 2040 1687 3670 1760; baseline 0.003 -19"><span class='ocrx_word' id='word_1_199' title='bbox 2040 1687 2298 1758; x_wconf 89' lang='lat' dir='ltr'>pradicta</span> <span class='ocrx_word' id='word_1_200' title='bbox 2345 1691 2478 1742; x_wconf 90' lang='lat' dir='ltr'>sunt</span> <span class='ocrx_word' id='word_1_201' title='bbox 2533 1688 2594 1742; x_wconf 91' lang='lat' dir='ltr'>in</span> <span class='ocrx_word' id='word_1_202' title='bbox 2643 1687 2838 1760; x_wconf 90' lang='lat' dir='ltr'>aliquo</span> <span class='ocrx_word' id='word_1_203' title='bbox 2887 1691 3205 1744; x_wconf 87' lang='lat' dir='ltr'>temerator</span> <span class='ocrx_word' id='word_1_204' title='bbox 3253 1691 3558 1758; x_wconf 79' lang='lat' dir='ltr'>exstiterit,</span> <span class='ocrx_word' id='word_1_205' title='bbox 3609 1696 3670 1748; x_wconf 88' lang='lat' dir='ltr'>et</span> 
     </span>
    </p>
   </div>
   <div class='ocr_carea' id='block_1_31' title="bbox 327 1774 3670 1850">
    <p class='ocr_par' dir='ltr' id='par_1_31' title="bbox 327 1774 3670 1850">
     <span class='ocr_line' id='line_1_31' title="bbox 327 1774 3670 1850; baseline 0.001 -19"><span class='ocrx_word' id='word_1_206' title='bbox 327 1776 571 1848; x_wconf 89' lang='lat' dir='ltr'>gnitudo</span> <span class='ocrx_word' id='word_1_207' title='bbox 622 1780 815 1832; x_wconf 91' lang='lat' dir='ltr'>nostra</span> <span class='ocrx_word' id='word_1_208' title='bbox 847 1775 1070 1831; x_wconf 88' lang='lat' dir='ltr'>studeat</span> <span class='ocrx_word' id='word_1_209' title='bbox 1116 1774 1432 1846; x_wconf 89' lang='lat' dir='ltr'>adimplere</span> <span class='ocrx_word' id='word_1_210' title='bbox 1464 1774 1706 1840; x_wconf 91' lang='lat' dir='ltr'>monita,</span> <span class='ocrx_word' id='word_1_211' title='bbox 1749 1777 1805 1828; x_wconf 90' lang='lat' dir='ltr'>et</span> <span class='ocrx_word' id='word_1_212' title='bbox 1843 1791 1940 1828; x_wconf 90' lang='lat' dir='ltr'>eos</span> <span class='ocrx_word' id='word_1_213' title='bbox 1973 1825 2018 1850; x_wconf 62' lang='lat' dir='ltr'><strong>n</strong></span> <span class='ocrx_word' id='word_1_214' title='bbox 2039 1780 2239 1830; x_wconf 86' lang='lat' dir='ltr'>contra</span> <span class='ocrx_word' id='word_1_215' title='bbox 2257 1776 2405 1830; x_wconf 91' lang='lat' dir='ltr'>hanc</span> <span class='ocrx_word' id='word_1_216' title='bbox 2427 1779 2685 1831; x_wconf 89' lang='lat' dir='ltr'>nostram</span> <span class='ocrx_word' id='word_1_217' title='bbox 2708 1777 3386 1850; x_wconf 88' lang='lat' dir='ltr'>sanctionem,nostrique</span> <span class='ocrx_word' id='word_1_218' title='bbox 3403 1779 3553 1850; x_wconf 91' lang='lat' dir='ltr'>juris</span> <span class='ocrx_word' id='word_1_219' title='bbox 3572 1781 3670 1835; x_wconf 86' lang='lat' dir='ltr'>de-</span> 
     </span>
    </p>
   </div>
   <div class='ocr_carea' id='block_1_32' title="bbox 1967 1825 2018 1884">
    <p class='ocr_par' dir='ltr' id='par_1_32' title="bbox 1967 1825 2018 1884">
     <span class='ocr_line' id='line_1_32' title="bbox 1967 1825 2018 1884; baseline 0 0"><span class='ocrx_word' id='word_1_220' title='bbox 1967 1825 2018 1884; x_wconf 92' lang='grc' dir='ltr'>Β</span> 
     </span>
    </p>
   </div>
   <div class='ocr_carea' id='block_1_33' title="bbox 326 1863 3664 1938">
    <p class='ocr_par' dir='ltr' id='par_1_33' title="bbox 326 1863 3664 1938">
     <span class='ocr_line' id='line_1_33' title="bbox 326 1863 3664 1938; baseline 0.001 -18"><span class='ocrx_word' id='word_1_221' title='bbox 326 1865 424 1937; x_wconf 90' lang='lat' dir='ltr'>qui</span> <span class='ocrx_word' id='word_1_222' title='bbox 455 1865 651 1920; x_wconf 85' lang='lat' dir='ltr'>sedem</span> <span class='ocrx_word' id='word_1_223' title='bbox 691 1865 1064 1937; x_wconf 87' lang='lat' dir='ltr'>apostolicam</span> <span class='ocrx_word' id='word_1_224' title='bbox 1117 1864 1567 1935; x_wconf 89' lang='lat' dir='ltr'>appellaverunt,</span> <span class='ocrx_word' id='word_1_225' title='bbox 1601 1863 1758 1918; x_wconf 91' lang='lat' dir='ltr'>nulla</span> <span class='ocrx_word' id='word_1_226' title='bbox 1788 1863 1939 1918; x_wconf 89' lang='lat' dir='ltr'>sinat</span> <span class='ocrx_word' id='word_1_227' title='bbox 1967 1863 2018 1884; x_wconf 75' lang='lat'>“</span> <span class='ocrx_word' id='word_1_228' title='bbox 2038 1866 2365 1920; x_wconf 83' lang='lat' dir='ltr'>fensionem</span> <span class='ocrx_word' id='word_1_229' title='bbox 2396 1865 2591 1920; x_wconf 88' lang='lat' dir='ltr'>venire</span> <span class='ocrx_word' id='word_1_230' title='bbox 2629 1865 2952 1931; x_wconf 86' lang='lat' dir='ltr'>tentaverit,</span> <span class='ocrx_word' id='word_1_231' title='bbox 2985 1883 3053 1920; x_wconf 89' lang='lat' dir='ltr'>ex</span> <span class='ocrx_word' id='word_1_232' title='bbox 3084 1867 3424 1922; x_wconf 84' lang='lat' dir='ltr'>auctoritate</span> <span class='ocrx_word' id='word_1_233' title='bbox 3459 1869 3664 1938; x_wconf 86' lang='lat' dir='ltr'>Patris,</span> 
     </span>
    </p>
   </div>
   <div class='ocr_carea' id='block_1_34' title="bbox 325 1951 1934 2024">
    <p class='ocr_par' dir='ltr' id='par_1_34' title="bbox 325 1951 1934 2024">
     <span class='ocr_line' id='line_1_34' title="bbox 325 1951 1934 2024; baseline -0.001 -16"><span class='ocrx_word' id='word_1_234' title='bbox 325 1953 398 2008; x_wconf 89' lang='lat' dir='ltr'>ab</span> <span class='ocrx_word' id='word_1_235' title='bbox 423 1953 757 2009; x_wconf 87' lang='lat' dir='ltr'>adversariis</span> <span class='ocrx_word' id='word_1_236' title='bbox 780 1970 975 2008; x_wconf 90' lang='lat' dir='ltr'>rerum</span> <span class='ocrx_word' id='word_1_237' title='bbox 1004 1969 1238 2008; x_wconf 88' lang='lat' dir='ltr'>suarum</span> <span class='ocrx_word' id='word_1_238' title='bbox 1268 1951 1384 2024; x_wconf 90' lang='lat' dir='ltr'>pati</span> <span class='ocrx_word' id='word_1_239' title='bbox 1406 1951 1722 2023; x_wconf 90' lang='lat' dir='ltr'>dispendia,</span> <span class='ocrx_word' id='word_1_240' title='bbox 1750 1969 1843 2019; x_wconf 91' lang='lat' dir='ltr'>ne,</span> <span class='ocrx_word' id='word_1_241' title='bbox 1867 1952 1934 2020; x_wconf 88' lang='lat' dir='ltr'>si,</span> 
     </span>
    </p>
   </div>
   <div class='ocr_carea' id='block_1_35' title="bbox 324 2040 1934 2114">
    <p class='ocr_par' dir='ltr' id='par_1_35' title="bbox 324 2040 1934 2114">
     <span class='ocr_line' id='line_1_35' title="bbox 324 2040 1934 2114; baseline -0.001 -18"><span class='ocrx_word' id='word_1_242' title='bbox 324 2041 478 2113; x_wconf 89' lang='lat' dir='ltr'>quod</span> <span class='ocrx_word' id='word_1_243' title='bbox 504 2040 680 2096; x_wconf 85' lang='lat' dir='ltr'>absit!</span> <span class='ocrx_word' id='word_1_244' title='bbox 727 2041 894 2096; x_wconf 91' lang='lat' dir='ltr'>aliter</span> <span class='ocrx_word' id='word_1_245' title='bbox 919 2058 1094 2114; x_wconf 90' lang='lat' dir='ltr'>quam</span> <span class='ocrx_word' id='word_1_246' title='bbox 1125 2041 1470 2096; x_wconf 88' lang='lat' dir='ltr'>mandamus</span> <span class='ocrx_word' id='word_1_247' title='bbox 1521 2043 1712 2095; x_wconf 90' lang='lat' dir='ltr'>actum</span> <span class='ocrx_word' id='word_1_248' title='bbox 1742 2041 1934 2107; x_wconf 92' lang='lat' dir='ltr'>fuerit,</span> 
     </span>
    </p>
   </div>
   <div class='ocr_carea' id='block_1_36' title="bbox 322 2129 1934 2200">
    <p class='ocr_par' dir='ltr' id='par_1_36' title="bbox 322 2129 1934 2200">
     <span class='ocr_line' id='line_1_36' title="bbox 322 2129 1934 2200; baseline -0.001 -15"><span class='ocrx_word' id='word_1_249' title='bbox 322 2145 440 2186; x_wconf 90' lang='lat' dir='ltr'>non</span> <span class='ocrx_word' id='word_1_250' title='bbox 471 2129 658 2186; x_wconf 88' lang='lat' dir='ltr'>solum</span> <span class='ocrx_word' id='word_1_251' title='bbox 681 2130 1133 2197; x_wconf 87' lang='lat' dir='ltr'>contumacibus,</span> <span class='ocrx_word' id='word_1_252' title='bbox 1153 2145 1352 2184; x_wconf 87' lang='lat' dir='ltr'>verum</span> <span class='ocrx_word' id='word_1_253' title='bbox 1368 2129 1526 2184; x_wconf 91' lang='lat' dir='ltr'>omni</span> <span class='ocrx_word' id='word_1_254' title='bbox 1552 2133 1736 2184; x_wconf 91' lang='lat' dir='ltr'>vestro</span> <span class='ocrx_word' id='word_1_255' title='bbox 1754 2147 1934 2200; x_wconf 87' lang='lat' dir='ltr'>regno</span> 
     </span>
    </p>
   </div>
   <div class='ocr_carea' id='block_1_37' title="bbox 321 2218 1936 2290">
    <p class='ocr_par' dir='ltr' id='par_1_37' title="bbox 321 2218 1936 2290">
     <span class='ocr_line' id='line_1_37' title="bbox 321 2218 1936 2290; baseline -0.001 -17"><span class='ocrx_word' id='word_1_256' title='bbox 321 2219 704 2276; x_wconf 87' lang='lat' dir='ltr'>anathematis</span> <span class='ocrx_word' id='word_1_257' title='bbox 741 2219 1042 2276; x_wconf 87' lang='lat' dir='ltr'>invehatur</span> <span class='ocrx_word' id='word_1_258' title='bbox 1068 2235 1329 2274; x_wconf 89' lang='lat' dir='ltr'>censura.</span> <span class='ocrx_word' id='word_1_259' title='bbox 1363 2218 1758 2290; x_wconf 90' lang='lat' dir='ltr'>Sempiternus</span> <span class='ocrx_word' id='word_1_260' title='bbox 1788 2220 1936 2274; x_wconf 90' lang='lat' dir='ltr'>Deus</span> 
     </span>
    </p>
   </div>
   <div class='ocr_carea' id='block_1_38' title="bbox 324 2307 1933 2381">
    <p class='ocr_par' dir='ltr' id='par_1_38' title="bbox 324 2307 1933 2381">
     <span class='ocr_line' id='line_1_38' title="bbox 324 2307 1933 2381; baseline 0 -19"><span class='ocrx_word' id='word_1_261' title='bbox 324 2323 426 2363; x_wconf 87' lang='lat' dir='ltr'>sua</span> <span class='ocrx_word' id='word_1_262' title='bbox 436 2323 534 2364; x_wconf 87' lang='lat' dir='ltr'>vos</span> <span class='ocrx_word' id='word_1_263' title='bbox 548 2308 904 2381; x_wconf 87' lang='lat' dir='ltr'>protectione</span> <span class='ocrx_word' id='word_1_264' title='bbox 927 2307 1227 2375; x_wconf 86' lang='lat' dir='ltr'>custodiat,</span> <span class='ocrx_word' id='word_1_265' title='bbox 1252 2310 1308 2362; x_wconf 88' lang='lat' dir='ltr'>et</span> <span class='ocrx_word' id='word_1_266' title='bbox 1319 2309 1446 2378; x_wconf 91' lang='lat' dir='ltr'>post</span> <span class='ocrx_word' id='word_1_267' title='bbox 1459 2308 1634 2378; x_wconf 86' lang='lat' dir='ltr'>longa</span> <span class='ocrx_word' id='word_1_268' title='bbox 1647 2311 1933 2379; x_wconf 87' lang='lat' dir='ltr'>tempora-</span> 
     </span>
    </p>
   </div>
   <div class='ocr_carea' id='block_1_39' title="bbox 323 2395 1929 2471">
    <p class='ocr_par' dir='ltr' id='par_1_39' title="bbox 323 2395 1929 2471">
     <span class='ocr_line' id='line_1_39' title="bbox 323 2395 1929 2471; baseline 0.001 -21"><span class='ocrx_word' id='word_1_269' title='bbox 323 2395 391 2452; x_wconf 91' lang='lat' dir='ltr'>lis</span> <span class='ocrx_word' id='word_1_270' title='bbox 403 2397 570 2471; x_wconf 88' lang='lat' dir='ltr'>regni</span> <span class='ocrx_word' id='word_1_271' title='bbox 581 2397 946 2454; x_wconf 90' lang='lat' dir='ltr'>curriculaad</span> <span class='ocrx_word' id='word_1_272' title='bbox 960 2414 1141 2470; x_wconf 88' lang='lat' dir='ltr'>regna</span> <span class='ocrx_word' id='word_1_273' title='bbox 1161 2397 1434 2469; x_wconf 88' lang='lat' dir='ltr'>perducat</span> <span class='ocrx_word' id='word_1_274' title='bbox 1457 2399 1691 2451; x_wconf 84' lang='lat' dir='ltr'>aeterna.</span> <span class='ocrx_word' id='word_1_275' title='bbox 1725 2400 1929 2452; x_wconf 84' lang='lat' dir='ltr'>Amen.</span> 
     </span>
    </p>
   </div>
   <div class='ocr_carea' id='block_1_40' title="bbox 1003 2487 1198 2542">
    <p class='ocr_par' dir='ltr' id='par_1_40' title="bbox 1003 2487 1198 2542">
     <span class='ocr_line' id='line_1_40' title="bbox 1003 2487 1198 2542; baseline -0.01 0"><span class='ocrx_word' id='word_1_276' title='bbox 1003 2520 1008 2526; x_wconf 93' lang='lat'><em>-</em></span> <span class='ocrx_word' id='word_1_277' title='bbox 1063 2487 1198 2542; x_wconf 86' lang='lat' dir='ltr'>XIII.</span> 
     </span>
    </p>
   </div>
   <div class='ocr_carea' id='block_1_41' title="bbox 320 2571 1932 2647">
    <p class='ocr_par' dir='ltr' id='par_1_41' title="bbox 320 2571 1932 2647">
     <span class='ocr_line' id='line_1_41' title="bbox 320 2571 1932 2647; baseline 0 -20"><span class='ocrx_word' id='word_1_278' title='bbox 320 2571 558 2630; x_wconf 71' lang='lat' dir='ltr'>Joannes</span> <span class='ocrx_word' id='word_1_279' title='bbox 613 2573 834 2630; x_wconf 85' lang='lat' dir='ltr'>XVIII</span> <span class='ocrx_word' id='word_1_280' title='bbox 873 2573 1418 2647; x_wconf 48' lang='lat' dir='ltr'>paggprivilegium</span> <span class='ocrx_word' id='word_1_281' title='bbox 1460 2587 1562 2643; x_wconf 86' lang='lat' dir='ltr'>pro</span> <span class='ocrx_word' id='word_1_282' title='bbox 1611 2575 1932 2627; x_wconf 80' lang='lat' dir='ltr'>monasterio</span> 
     </span>
    </p>
   </div>
   <div class='ocr_carea' id='block_1_42' title="bbox 944 2645 1304 2700">
    <p class='ocr_par' dir='ltr' id='par_1_42' title="bbox 944 2645 1304 2700">
     <span class='ocr_line' id='line_1_42' title="bbox 944 2645 1304 2700; baseline -0.008 0"><span class='ocrx_word' id='word_1_283' title='bbox 944 2645 1304 2700; x_wconf 79' lang='lat' dir='ltr'>Bellilocensi.</span> 
     </span>
    </p>
   </div>
   <div class='ocr_carea' id='block_1_43' title="bbox 838 2731 1418 2795">
    <p class='ocr_par' dir='ltr' id='par_1_43' title="bbox 838 2731 1418 2795">
     <span class='ocr_line' id='line_1_43' title="bbox 838 2731 1418 2795; baseline -0.009 -4"><span class='ocrx_word' id='word_1_284' title='bbox 838 2735 1022 2792; x_wconf 64' lang='lat' dir='ltr'>[Anno</span> <span class='ocrx_word' id='word_1_285' title='bbox 1063 2731 1418 2795; x_wconf 61' lang='lat'>1004-1009.)</span> 
     </span>
    </p>
   </div>
   <div class='ocr_carea' id='block_1_44' title="bbox 571 2821 1683 2896">
    <p class='ocr_par' dir='ltr' id='par_1_44' title="bbox 571 2821 1683 2896">
     <span class='ocr_line' id='line_1_44' title="bbox 571 2821 1683 2896; baseline -0.004 -16"><span class='ocrx_word' id='word_1_286' title='bbox 571 2822 736 2896; x_wconf 79' lang='lat' dir='ltr'>[GalL</span> <span class='ocrx_word' id='word_1_287' title='bbox 779 2822 1001 2890; x_wconf 60' lang='lat' dir='ltr'>Christ,</span> <span class='ocrx_word' id='word_1_288' title='bbox 1033 2821 1122 2877; x_wconf 91' lang='lat' dir='ltr'>ed.</span> <span class='ocrx_word' id='word_1_289' title='bbox 1161 2825 1208 2889; x_wconf 79' lang='grc'>1,</span> <span class='ocrx_word' id='word_1_290' title='bbox 1237 2824 1278 2874; x_wconf 93' lang='lat' dir='ltr'>t.</span> <span class='ocrx_word' id='word_1_291' title='bbox 1313 2821 1399 2888; x_wconf 90' lang='lat' dir='ltr'>IV,</span> <span class='ocrx_word' id='word_1_292' title='bbox 1432 2838 1488 2893; x_wconf 90' lang='lat' dir='ltr'>p.</span> <span class='ocrx_word' id='word_1_293' title='bbox 1538 2825 1683 2888; x_wconf 70' lang='lat' dir='ltr'>15L]</span> 
     </span>
    </p>
   </div>
   <div class='ocr_carea' id='block_1_45' title="bbox 385 2908 1932 2983">
    <p class='ocr_par' dir='ltr' id='par_1_45' title="bbox 385 2908 1932 2983">
     <span class='ocr_line' id='line_1_45' title="bbox 385 2908 1932 2983; baseline -0.002 -16"><span class='ocrx_word' id='word_1_294' title='bbox 385 2913 631 2968; x_wconf 61' lang='lat' dir='ltr'>Joannes</span> <span class='ocrx_word' id='word_1_295' title='bbox 685 2910 1002 2983; x_wconf 91' lang='lat' dir='ltr'>episcopus,</span> <span class='ocrx_word' id='word_1_296' title='bbox 1034 2926 1224 2965; x_wconf 89' lang='lat' dir='ltr'>servus</span> <span class='ocrx_word' id='word_1_297' title='bbox 1255 2925 1547 2964; x_wconf 86' lang='lat' dir='ltr'>servorum</span> <span class='ocrx_word' id='word_1_298' title='bbox 1582 2909 1702 2976; x_wconf 90' lang='lat' dir='ltr'>Dei,</span> <span class='ocrx_word' id='word_1_299' title='bbox 1743 2908 1932 2965; x_wconf 90' lang='lat' dir='ltr'>omni-</span> 
     </span>
    </p>
   </div>
   <div class='ocr_carea' id='block_1_46' title="bbox 318 2997 1935 3071">
    <p class='ocr_par' dir='ltr' id='par_1_46' title="bbox 318 2997 1935 3071">
     <span class='ocr_line' id='line_1_46' title="bbox 318 2997 1935 3071; baseline -0.001 -17"><span class='ocrx_word' id='word_1_300' title='bbox 318 3000 424 3054; x_wconf 90' lang='lat' dir='ltr'>bus</span> <span class='ocrx_word' id='word_1_301' title='bbox 451 2999 706 3071; x_wconf 80' lang='lat' dir='ltr'>regibus,</span> <span class='ocrx_word' id='word_1_302' title='bbox 755 2997 1054 3070; x_wconf 88' lang='lat' dir='ltr'>episcopis,</span> <span class='ocrx_word' id='word_1_303' title='bbox 1111 2997 1366 3064; x_wconf 90' lang='lat' dir='ltr'>ducibus,</span> <span class='ocrx_word' id='word_1_304' title='bbox 1403 2997 1709 3052; x_wconf 89' lang='lat' dir='ltr'>comitibus</span> <span class='ocrx_word' id='word_1_305' title='bbox 1761 3001 1935 3070; x_wconf 88' lang='lat' dir='ltr'>atque</span> 
     </span>
    </p>
   </div>
   <div class='ocr_carea' id='block_1_47' title="bbox 2039 1954 3665 2030">
    <p class='ocr_par' dir='ltr' id='par_1_47' title="bbox 2039 1954 3665 2030">
     <span class='ocr_line' id='line_1_47' title="bbox 2039 1954 3665 2030; baseline 0.004 -22"><span class='ocrx_word' id='word_1_306' title='bbox 2039 1957 2096 2008; x_wconf 90' lang='lat' dir='ltr'>et</span> <span class='ocrx_word' id='word_1_307' title='bbox 2121 1954 2265 2022; x_wconf 86' lang='lat' dir='ltr'>Filii,</span> <span class='ocrx_word' id='word_1_308' title='bbox 2299 1958 2356 2010; x_wconf 90' lang='lat' dir='ltr'>et</span> <span class='ocrx_word' id='word_1_309' title='bbox 2387 1955 2630 2026; x_wconf 89' lang='lat' dir='ltr'>Spiritus</span> <span class='ocrx_word' id='word_1_310' title='bbox 2655 1955 3148 2028; x_wconf 82' lang='lat' dir='ltr'>sancti.simulque</span> <span class='ocrx_word' id='word_1_311' title='bbox 3169 1955 3322 2011; x_wconf 89' lang='lat' dir='ltr'>beati</span> <span class='ocrx_word' id='word_1_312' title='bbox 3347 1957 3503 2011; x_wconf 87' lang='lat' dir='ltr'>Petri</span> <span class='ocrx_word' id='word_1_313' title='bbox 3525 1975 3665 2030; x_wconf 85' lang='lat' dir='ltr'>apo-</span> 
     </span>
    </p>
   </div>
   <div class='ocr_carea' id='block_1_48' title="bbox 2037 2043 3666 2118">
    <p class='ocr_par' dir='ltr' id='par_1_48' title="bbox 2037 2043 3666 2118">
     <span class='ocr_line' id='line_1_48' title="bbox 2037 2043 3666 2118; baseline 0.002 -20"><span class='ocrx_word' id='word_1_314' title='bbox 2037 2043 2317 2098; x_wconf 88' lang='lat' dir='ltr'>stolorum</span> <span class='ocrx_word' id='word_1_315' title='bbox 2339 2043 2700 2115; x_wconf 87' lang='lat' dir='ltr'>principis,et</span> <span class='ocrx_word' id='word_1_316' title='bbox 2722 2043 2877 2097; x_wconf 83' lang='lat' dir='ltr'>Pauli</span> <span class='ocrx_word' id='word_1_317' title='bbox 2893 2043 3154 2115; x_wconf 89' lang='lat' dir='ltr'>gentium</span> <span class='ocrx_word' id='word_1_318' title='bbox 3177 2044 3666 2118; x_wconf 89' lang='lat' dir='ltr'>doctoris,quibus</span> 
     </span>
    </p>
   </div>
   <div class='ocr_carea' id='block_1_49' title="bbox 2035 2131 3662 2204">
    <p class='ocr_par' dir='ltr' id='par_1_49' title="bbox 2035 2131 3662 2204">
     <span class='ocr_line' id='line_1_49' title="bbox 2035 2131 3662 2204; baseline 0.002 -16"><span class='ocrx_word' id='word_1_319' title='bbox 2035 2131 2254 2203; x_wconf 86' lang='lat' dir='ltr'>ligandi</span> <span class='ocrx_word' id='word_1_320' title='bbox 2286 2136 2343 2186; x_wconf 91' lang='lat' dir='ltr'>et</span> <span class='ocrx_word' id='word_1_321' title='bbox 2367 2132 2620 2186; x_wconf 90' lang='lat' dir='ltr'>solvendi</span> <span class='ocrx_word' id='word_1_322' title='bbox 2649 2131 2706 2186; x_wconf 90' lang='lat' dir='ltr'>in</span> <span class='ocrx_word' id='word_1_323' title='bbox 2731 2132 2872 2186; x_wconf 57' lang='lat' dir='ltr'>caelo</span> <span class='ocrx_word' id='word_1_324' title='bbox 2902 2135 2959 2186; x_wconf 91' lang='lat' dir='ltr'>et</span> <span class='ocrx_word' id='word_1_325' title='bbox 2984 2131 3042 2185; x_wconf 92' lang='lat' dir='ltr'>in</span> <span class='ocrx_word' id='word_1_326' title='bbox 3071 2139 3226 2187; x_wconf 88' lang='lat' dir='ltr'>terra</span> <span class='ocrx_word' id='word_1_327' title='bbox 3250 2137 3503 2204; x_wconf 84' lang='lat' dir='ltr'>potestas</span> <span class='ocrx_word' id='word_1_328' title='bbox 3525 2152 3662 2190; x_wconf 90' lang='lat' dir='ltr'>con-</span> 
     </span>
    </p>
   </div>
   <div class='ocr_carea' id='block_1_50' title="bbox 2037 2220 3662 2291">
    <p class='ocr_par' dir='ltr' id='par_1_50' title="bbox 2037 2220 3662 2291">
     <span class='ocr_line' id='line_1_50' title="bbox 2037 2220 3662 2291; baseline 0.001 -15"><span class='ocrx_word' id='word_1_329' title='bbox 2037 2237 2190 2276; x_wconf 84' lang='lat' dir='ltr'>cessa</span> <span class='ocrx_word' id='word_1_330' title='bbox 2231 2223 2334 2288; x_wconf 88' lang='lat' dir='ltr'>est,</span> <span class='ocrx_word' id='word_1_331' title='bbox 2362 2223 2560 2275; x_wconf 89' lang='lat' dir='ltr'>nostra</span> <span class='ocrx_word' id='word_1_332' title='bbox 2599 2221 2774 2275; x_wconf 90' lang='lat' dir='ltr'>etiam</span> <span class='ocrx_word' id='word_1_333' title='bbox 2802 2220 3070 2291; x_wconf 87' lang='lat' dir='ltr'>pastorali</span> <span class='ocrx_word' id='word_1_334' title='bbox 3105 2223 3393 2275; x_wconf 86' lang='lat' dir='ltr'>sententia</span> <span class='ocrx_word' id='word_1_335' title='bbox 3430 2239 3662 2278; x_wconf 85' lang='lat' dir='ltr'>excom-</span> 
     </span>
    </p>
   </div>
   <div class='ocr_carea' id='block_1_51' title="bbox 2035 2308 3664 2382">
    <p class='ocr_par' dir='ltr' id='par_1_51' title="bbox 2035 2308 3664 2382">
     <span class='ocr_line' id='line_1_51' title="bbox 2035 2308 3664 2382; baseline 0.002 -18"><span class='ocrx_word' id='word_1_336' title='bbox 2035 2309 2379 2377; x_wconf 89' lang='lat' dir='ltr'>municatus,</span> <span class='ocrx_word' id='word_1_337' title='bbox 2407 2313 2578 2381; x_wconf 90' lang='lat' dir='ltr'>atque</span> <span class='ocrx_word' id='word_1_338' title='bbox 2599 2312 2876 2382; x_wconf 87' lang='lat' dir='ltr'>perpetuo</span> <span class='ocrx_word' id='word_1_339' title='bbox 2903 2308 3127 2363; x_wconf 91' lang='lat' dir='ltr'>vinculo</span> <span class='ocrx_word' id='word_1_340' title='bbox 3159 2311 3552 2366; x_wconf 86' lang='lat' dir='ltr'>anathematis</span> <span class='ocrx_word' id='word_1_341' title='bbox 3572 2313 3664 2368; x_wconf 88' lang='lat' dir='ltr'>in-</span> 
     </span>
    </p>
   </div>
   <div class='ocr_carea' id='block_1_52' title="bbox 2034 2398 3663 2466">
    <p class='ocr_par' dir='ltr' id='par_1_52' title="bbox 2034 2398 3663 2466">
     <span class='ocr_line' id='line_1_52' title="bbox 2034 2398 3663 2466; baseline 0.002 -13"><span class='ocrx_word' id='word_1_342' title='bbox 2034 2399 2296 2466; x_wconf 88' lang='lat' dir='ltr'>nodatus,</span> <span class='ocrx_word' id='word_1_343' title='bbox 2334 2401 2390 2452; x_wconf 88' lang='lat' dir='ltr'>et</span> <span class='ocrx_word' id='word_1_344' title='bbox 2415 2416 2544 2453; x_wconf 90' lang='lat' dir='ltr'>cum</span> <span class='ocrx_word' id='word_1_345' title='bbox 2594 2398 2734 2454; x_wconf 85' lang='lat' dir='ltr'>Juda</span> <span class='ocrx_word' id='word_1_346' title='bbox 2769 2399 2999 2452; x_wconf 89' lang='lat' dir='ltr'>Domini</span> <span class='ocrx_word' id='word_1_347' title='bbox 3041 2399 3225 2453; x_wconf 90' lang='lat' dir='ltr'>nostri</span> <span class='ocrx_word' id='word_1_348' title='bbox 3265 2400 3569 2464; x_wconf 83' lang='lat' dir='ltr'>traditore,</span> <span class='ocrx_word' id='word_1_349' title='bbox 3607 2406 3663 2457; x_wconf 91' lang='lat' dir='ltr'>et</span> 
     </span>
    </p>
   </div>
   <div class='ocr_carea' id='block_1_53' title="bbox 2033 2486 3657 2559">
    <p class='ocr_par' dir='ltr' id='par_1_53' title="bbox 2033 2486 3657 2559">
     <span class='ocr_line' id='line_1_53' title="bbox 2033 2486 3657 2559; baseline 0.002 -19"><span class='ocrx_word' id='word_1_350' title='bbox 2033 2487 2283 2554; x_wconf 88' lang='lat' dir='ltr'>diabolo,</span> <span class='ocrx_word' id='word_1_351' title='bbox 2318 2486 2702 2541; x_wconf 81' lang='lat' dir='ltr'>infernalibus</span> <span class='ocrx_word' id='word_1_352' title='bbox 2728 2486 2910 2558; x_wconf 66' lang='lat' dir='ltr'>pinnis</span> <span class='ocrx_word' id='word_1_353' title='bbox 2957 2487 3264 2541; x_wconf 87' lang='lat' dir='ltr'>damnatus</span> <span class='ocrx_word' id='word_1_354' title='bbox 3295 2494 3657 2559; x_wconf 86' lang='lat' dir='ltr'>permaneat,</span> 
     </span>
    </p>
   </div>
   <div class='ocr_carea' id='block_1_54' title="bbox 2032 2574 3660 2645">
    <p class='ocr_par' dir='ltr' id='par_1_54' title="bbox 2032 2574 3660 2645">
     <span class='ocr_line' id='line_1_54' title="bbox 2032 2574 3660 2645; baseline 0.002 -17"><span class='ocrx_word' id='word_1_355' title='bbox 2032 2574 2140 2628; x_wconf 91' lang='lat' dir='ltr'>nisi</span> <span class='ocrx_word' id='word_1_356' title='bbox 2165 2575 2238 2628; x_wconf 88' lang='lat' dir='ltr'>ad</span> <span class='ocrx_word' id='word_1_357' title='bbox 2267 2574 2719 2629; x_wconf 84' lang='lat' dir='ltr'>satisfactionem</span> <span class='ocrx_word' id='word_1_358' title='bbox 2746 2577 2802 2628; x_wconf 91' lang='lat' dir='ltr'>et</span> <span class='ocrx_word' id='word_1_359' title='bbox 2831 2590 3150 2645; x_wconf 83' lang='lat' dir='ltr'>congruam</span> <span class='ocrx_word' id='word_1_360' title='bbox 3183 2576 3660 2632; x_wconf 84' lang='lat' dir='ltr'>emendationem</span> 
     </span>
    </p>
   </div>
   <div class='ocr_carea' id='block_1_55' title="bbox 2032 2661 3660 2735">
    <p class='ocr_par' dir='ltr' id='par_1_55' title="bbox 2032 2661 3660 2735">
     <span class='ocr_line' id='line_1_55' title="bbox 2032 2661 3660 2735; baseline 0.003 -21"><span class='ocrx_word' id='word_1_361' title='bbox 2032 2661 2270 2716; x_wconf 88' lang='lat' dir='ltr'>venerit.</span> <span class='ocrx_word' id='word_1_362' title='bbox 2290 2661 2604 2716; x_wconf 89' lang='lat' dir='ltr'>Statuimus</span> <span class='ocrx_word' id='word_1_363' title='bbox 2624 2665 2820 2716; x_wconf 89' lang='lat' dir='ltr'>autem</span> <span class='ocrx_word' id='word_1_364' title='bbox 2842 2661 3030 2716; x_wconf 91' lang='lat' dir='ltr'>eidem</span> <span class='ocrx_word' id='word_1_365' title='bbox 3052 2663 3410 2718; x_wconf 90' lang='lat' dir='ltr'>monasterio</span> <span class='ocrx_word' id='word_1_366' title='bbox 3432 2667 3660 2735; x_wconf 88' lang='lat' dir='ltr'>aposto-</span> 
     </span>
    </p>
   </div>
   <div class='ocr_carea' id='block_1_56' title="bbox 2032 2749 3657 2822">
    <p class='ocr_par' dir='ltr' id='par_1_56' title="bbox 2032 2749 3657 2822">
     <span class='ocr_line' id='line_1_56' title="bbox 2032 2749 3657 2822; baseline 0.003 -19"><span class='ocrx_word' id='word_1_367' title='bbox 2032 2749 2154 2804; x_wconf 67' lang='lat' dir='ltr'>licae</span> <span class='ocrx_word' id='word_1_368' title='bbox 2186 2751 2539 2805; x_wconf 87' lang='lat' dir='ltr'>auctoritatis</span> <span class='ocrx_word' id='word_1_369' title='bbox 2561 2750 2945 2822; x_wconf 83' lang='lat' dir='ltr'>privilegium,</span> <span class='ocrx_word' id='word_1_370' title='bbox 2975 2754 3036 2804; x_wconf 91' lang='lat' dir='ltr'>ut</span> <span class='ocrx_word' id='word_1_371' title='bbox 3057 2752 3215 2805; x_wconf 91' lang='lat' dir='ltr'>nullo</span> <span class='ocrx_word' id='word_1_372' title='bbox 3247 2752 3426 2806; x_wconf 90' lang='lat' dir='ltr'>modo</span> <span class='ocrx_word' id='word_1_373' title='bbox 3449 2753 3524 2808; x_wconf 87' lang='lat' dir='ltr'>ab</span> <span class='ocrx_word' id='word_1_374' title='bbox 3543 2753 3657 2808; x_wconf 90' lang='lat' dir='ltr'>ullo</span> 
     </span>
    </p>
   </div>
   <div class='ocr_carea' id='block_1_57' title="bbox 2033 2838 3658 2910">
    <p class='ocr_par' dir='ltr' id='par_1_57' title="bbox 2033 2838 3658 2910">
     <span class='ocr_line' id='line_1_57' title="bbox 2033 2838 3658 2910; baseline 0.003 -18"><span class='ocrx_word' id='word_1_375' title='bbox 2033 2838 2458 2910; x_wconf 76' lang='lat' dir='ltr'>aI‘ChlepiSCOpO</span> <span class='ocrx_word' id='word_1_376' title='bbox 2483 2840 2566 2893; x_wconf 86' lang='lat' dir='ltr'>vel</span> <span class='ocrx_word' id='word_1_377' title='bbox 2591 2839 2856 2910; x_wconf 90' lang='lat' dir='ltr'>episcopo</span> <span class='ocrx_word' id='word_1_378' title='bbox 2881 2839 3228 2894; x_wconf 85' lang='lat' dir='ltr'>sententiam</span> <span class='ocrx_word' id='word_1_379' title='bbox 3256 2841 3658 2896; x_wconf 90' lang='lat' dir='ltr'>excommuni-</span> 
     </span>
    </p>
   </div>
   <div class='ocr_carea' id='block_1_58' title="bbox 2033 2926 3654 2999">
    <p class='ocr_par' dir='ltr' id='par_1_58' title="bbox 2033 2926 3654 2999">
     <span class='ocr_line' id='line_1_58' title="bbox 2033 2926 3654 2999; baseline 0.003 -19"><span class='ocrx_word' id='word_1_380' title='bbox 2033 2926 2272 2981; x_wconf 88' lang='lat' dir='ltr'>cationis</span> <span class='ocrx_word' id='word_1_381' title='bbox 2302 2927 2598 2992; x_wconf 88' lang='lat' dir='ltr'>sustineat,</span> <span class='ocrx_word' id='word_1_382' title='bbox 2635 2944 2821 2999; x_wconf 90' lang='lat' dir='ltr'>neque</span> <span class='ocrx_word' id='word_1_383' title='bbox 2845 2943 2947 2997; x_wconf 92' lang='lat' dir='ltr'>pro</span> <span class='ocrx_word' id='word_1_384' title='bbox 2969 2927 3162 2998; x_wconf 90' lang='lat' dir='ltr'>aliquo</span> <span class='ocrx_word' id='word_1_385' title='bbox 3187 2928 3342 2998; x_wconf 91' lang='lat' dir='ltr'>jure,</span> <span class='ocrx_word' id='word_1_386' title='bbox 3378 2946 3486 2984; x_wconf 90' lang='lat' dir='ltr'>nec</span> <span class='ocrx_word' id='word_1_387' title='bbox 3507 2931 3654 2985; x_wconf 90' lang='lat' dir='ltr'>ordi-</span> 
     </span>
    </p>
   </div>
   <div class='ocr_carea' id='block_1_59' title="bbox 2035 3014 3654 3089">
    <p class='ocr_par' dir='ltr' id='par_1_59' title="bbox 2035 3014 3654 3089">
     <span class='ocr_line' id='line_1_59' title="bbox 2035 3014 3654 3089; baseline 0.004 -21"><span class='ocrx_word' id='word_1_388' title='bbox 2035 3014 2270 3069; x_wconf 87' lang='lat' dir='ltr'>natione</span> <span class='ocrx_word' id='word_1_389' title='bbox 2291 3031 2700 3087; x_wconf 87' lang='lat' dir='ltr'>quamcunque</span> <span class='ocrx_word' id='word_1_390' title='bbox 2731 3015 3056 3070; x_wconf 85' lang='lat' dir='ltr'>molestiam</span> <span class='ocrx_word' id='word_1_391' title='bbox 3083 3017 3156 3071; x_wconf 91' lang='lat' dir='ltr'>ab</span> <span class='ocrx_word' id='word_1_392' title='bbox 3186 3016 3408 3072; x_wconf 87' lang='lat' dir='ltr'>eisdem</span> <span class='ocrx_word' id='word_1_393' title='bbox 3439 3018 3654 3089; x_wconf 86' lang='lat' dir='ltr'>episco-</span> 
     </span>
    </p>
   </div>
   <div class='ocr_carea' id='block_1_60' title="bbox 319 3085 3652 3176">
    <p class='ocr_par' dir='ltr' id='par_1_60' title="bbox 319 3085 3652 3176">
     <span class='ocr_line' id='line_1_60' title="bbox 319 3085 3652 3176; baseline 0.001 -17"><span class='ocrx_word' id='word_1_394' title='bbox 319 3087 609 3143; x_wconf 65' lang='lat' dir='ltr'>nomlibus</span> <span class='ocrx_word' id='word_1_395' title='bbox 636 3087 868 3176; x_wconf 42' lang='lat' dir='ltr'>P912053</span> <span class='ocrx_word' id='word_1_396' title='bbox 893 3087 1262 3176; x_wconf 66' lang='grc' dir='ltr'>Ρτξιῐιοριηιων</span> <span class='ocrx_word' id='word_1_397' title='bbox 1293 3085 1671 3157; x_wconf 43' lang='lat' dir='ltr'>Prw-gentibus</span> <span class='ocrx_word' id='word_1_398' title='bbox 1702 3085 1934 3176; x_wconf 36' lang='lat' dir='ltr'>eitum“</span> <span class='ocrx_word' id='word_1_399' title='bbox 1965 3117 2011 3176; x_wconf 74' lang='grc' dir='ltr'>ς,</span> <span class='ocrx_word' id='word_1_400' title='bbox 2035 3103 2121 3176; x_wconf 90' lang='lat' dir='ltr'>pis</span> <span class='ocrx_word' id='word_1_401' title='bbox 2146 3085 2384 3174; x_wconf 71' lang='lat' dir='ltr'>cogatur</span> <span class='ocrx_word' id='word_1_402' title='bbox 2407 3085 2710 3170; x_wconf 78' lang='lat' dir='ltr'>sustinere,</span> <span class='ocrx_word' id='word_1_403' title='bbox 2733 3106 2796 3157; x_wconf 88' lang='lat' dir='ltr'>ut</span> <span class='ocrx_word' id='word_1_404' title='bbox 2813 3102 2886 3157; x_wconf 92' lang='lat' dir='ltr'>sit</span> <span class='ocrx_word' id='word_1_405' title='bbox 2909 3103 3134 3176; x_wconf 87' lang='lat' dir='ltr'>quietus</span> <span class='ocrx_word' id='word_1_406' title='bbox 3155 3105 3309 3158; x_wconf 91' lang='lat' dir='ltr'>idcm</span> <span class='ocrx_word' id='word_1_407' title='bbox 3341 3085 3521 3174; x_wconf 74' lang='lat' dir='ltr'>locus,</span> <span class='ocrx_word' id='word_1_408' title='bbox 3553 3107 3652 3162; x_wconf 83' lang='lat' dir='ltr'>sub</span> 
     </span>
    </p>
   </div>
   <div class='ocr_carea' id='block_1_61' title="bbox 318 3174 1937 3264">
    <p class='ocr_par' dir='ltr' id='par_1_61' title="bbox 318 3174 1934 3247">
     <span class='ocr_line' id='line_1_61' title="bbox 318 3174 1934 3247; baseline 0 -17"><span class='ocrx_word' id='word_1_409' title='bbox 318 3192 408 3244; x_wconf 86' lang='lat' dir='ltr'>rs,</span> <span class='ocrx_word' id='word_1_410' title='bbox 441 3179 651 3231; x_wconf 59' lang='lat' dir='ltr'>sancta</span> <span class='ocrx_word' id='word_1_411' title='bbox 685 3174 819 3230; x_wconf 88' lang='lat' dir='ltr'>ﬂdei</span> <span class='ocrx_word' id='word_1_412' title='bbox 858 3175 916 3230; x_wconf 92' lang='lat' dir='ltr'>in</span> <span class='ocrx_word' id='word_1_413' title='bbox 955 3175 1179 3230; x_wconf 85' lang='lat' dir='ltr'>Christo</span> <span class='ocrx_word' id='word_1_414' title='bbox 1229 3190 1430 3247; x_wconf 91' lang='lat' dir='ltr'>pacem</span> <span class='ocrx_word' id='word_1_415' title='bbox 1459 3178 1517 3229; x_wconf 92' lang='lat' dir='ltr'>et</span> <span class='ocrx_word' id='word_1_416' title='bbox 1560 3174 1934 3246; x_wconf 88' lang='lat' dir='ltr'>apostolicam</span> 
     </span>
    </p>
   </div>
   <div class='ocr_carea' id='block_1_62' title="bbox 2064 3174 3656 3264">
    <p class='ocr_par' dir='ltr' id='par_1_62' title="bbox 2064 3174 3656 3263">
     <span class='ocr_line' id='line_1_62' title="bbox 2064 3174 3656 3263; baseline 0.002 -17"><span class='ocrx_word' id='word_1_417' title='bbox 2064 3209 2158 3246; x_wconf 91' lang='lat' dir='ltr'>ure</span> <span class='ocrx_word' id='word_1_418' title='bbox 2183 3195 2240 3246; x_wconf 91' lang='lat' dir='ltr'>et</span> <span class='ocrx_word' id='word_1_419' title='bbox 2267 3191 2605 3246; x_wconf 79' lang='lat' dir='ltr'>defensione</span> <span class='ocrx_word' id='word_1_420' title='bbox 2635 3174 2944 3246; x_wconf 83' lang='lat' dir='ltr'>beatorum</span> <span class='ocrx_word' id='word_1_421' title='bbox 2971 3193 3365 3263; x_wconf 88' lang='lat' dir='ltr'>apostolorum</span> <span class='ocrx_word' id='word_1_422' title='bbox 3408 3195 3560 3249; x_wconf 91' lang='lat' dir='ltr'>Petri</span> <span class='ocrx_word' id='word_1_423' title='bbox 3599 3197 3656 3250; x_wconf 88' lang='lat' dir='ltr'>et</span> 
     </span>
    </p>
   </div>
   <div class='ocr_carea' id='block_1_63' title="bbox 318 3263 804 3319">
    <p class='ocr_par' dir='ltr' id='par_1_63' title="bbox 318 3263 804 3319">
     <span class='ocr_line' id='line_1_63' title="bbox 318 3263 804 3319; baseline 0 -1"><span class='ocrx_word' id='word_1_424' title='bbox 318 3263 804 3319; x_wconf 88' lang='lat' dir='ltr'>benedictionem.</span> 
     </span>
    </p>
   </div>
   <div class='ocr_carea' id='block_1_64' title="bbox 391 3351 1932 3424">
    <p class='ocr_par' dir='ltr' id='par_1_64' title="bbox 391 3351 1932 3424">
     <span class='ocr_line' id='line_1_64' title="bbox 391 3351 1932 3424; baseline 0 -17"><span class='ocrx_word' id='word_1_425' title='bbox 391 3351 599 3407; x_wconf 89' lang='lat' dir='ltr'>Sancta</span> <span class='ocrx_word' id='word_1_426' title='bbox 609 3351 922 3424; x_wconf 89' lang='lat' dir='ltr'>apostolica</span> <span class='ocrx_word' id='word_1_427' title='bbox 951 3351 1136 3420; x_wconf 87' lang='lat' dir='ltr'>sedes,</span> <span class='ocrx_word' id='word_1_428' title='bbox 1156 3353 1418 3408; x_wconf 84' lang='lat' dir='ltr'>Romana</span> <span class='ocrx_word' id='word_1_429' title='bbox 1433 3351 1647 3406; x_wconf 86' lang='lat' dir='ltr'>scilicet</span> <span class='ocrx_word' id='word_1_430' title='bbox 1662 3352 1932 3420; x_wconf 89' lang='lat' dir='ltr'>Ecclesia,</span> 
     </span>
    </p>
   </div>
   <div class='ocr_carea' id='block_1_65' title="bbox 319 3439 1933 3513">
    <p class='ocr_par' dir='ltr' id='par_1_65' title="bbox 319 3439 1933 3513">
     <span class='ocr_line' id='line_1_65' title="bbox 319 3439 1933 3513; baseline 0.001 -19"><span class='ocrx_word' id='word_1_431' title='bbox 319 3439 455 3513; x_wconf 88' lang='lat' dir='ltr'>quia</span> <span class='ocrx_word' id='word_1_432' title='bbox 478 3455 514 3495; x_wconf 89' lang='lat' dir='ltr'>a</span> <span class='ocrx_word' id='word_1_433' title='bbox 532 3439 864 3495; x_wconf 88' lang='lat' dir='ltr'>beatissimo</span> <span class='ocrx_word' id='word_1_434' title='bbox 895 3439 1158 3512; x_wconf 89' lang='lat' dir='ltr'>principe</span> <span class='ocrx_word' id='word_1_435' title='bbox 1185 3441 1579 3512; x_wconf 88' lang='lat' dir='ltr'>apostolorum</span> <span class='ocrx_word' id='word_1_436' title='bbox 1614 3441 1799 3513; x_wconf 88' lang='lat' dir='ltr'>capite</span> <span class='ocrx_word' id='word_1_437' title='bbox 1829 3441 1933 3496; x_wconf 92' lang='lat' dir='ltr'>Pe-</span> 
     </span>
    </p>
   </div>
   <div class='ocr_carea' id='block_1_66' title="bbox 315 3528 1933 3585">
    <p class='ocr_par' dir='ltr' id='par_1_66' title="bbox 315 3528 1933 3585">
     <span class='ocr_line' id='line_1_66' title="bbox 315 3528 1933 3585; baseline 0.001 -2"><span class='ocrx_word' id='word_1_438' title='bbox 315 3531 406 3584; x_wconf 91' lang='lat' dir='ltr'>tro</span> <span class='ocrx_word' id='word_1_439' title='bbox 437 3528 662 3585; x_wconf 88' lang='lat' dir='ltr'>obtinet</span> <span class='ocrx_word' id='word_1_440' title='bbox 682 3528 1063 3584; x_wconf 88' lang='lat' dir='ltr'>Ecclesiarum</span> <span class='ocrx_word' id='word_1_441' title='bbox 1093 3545 1193 3584; x_wconf 90' lang='lat' dir='ltr'>sua</span> <span class='ocrx_word' id='word_1_442' title='bbox 1223 3532 1434 3584; x_wconf 80' lang='lat' dir='ltr'>sanctae</span> <span class='ocrx_word' id='word_1_443' title='bbox 1465 3529 1817 3584; x_wconf 88' lang='lat' dir='ltr'>auctoritatis</span> <span class='ocrx_word' id='word_1_444' title='bbox 1839 3545 1933 3585; x_wconf 84' lang='lat' dir='ltr'>ro-</span> 
     </span>
    </p>
   </div>
   <div class='ocr_carea' id='block_1_67' title="bbox 319 3617 1936 3692">
    <p class='ocr_par' dir='ltr' id='par_1_67' title="bbox 319 3617 1936 3692">
     <span class='ocr_line' id='line_1_67' title="bbox 319 3617 1936 3692; baseline 0.001 -20"><span class='ocrx_word' id='word_1_445' title='bbox 319 3617 456 3674; x_wconf 89' lang='lat' dir='ltr'>bore</span> <span class='ocrx_word' id='word_1_446' title='bbox 478 3617 696 3691; x_wconf 80' lang='lat' dir='ltr'>ligandi</span> <span class='ocrx_word' id='word_1_447' title='bbox 726 3617 1095 3692; x_wconf 88' lang='lat' dir='ltr'>solvendique</span> <span class='ocrx_word' id='word_1_448' title='bbox 1113 3621 1412 3690; x_wconf 86' lang='lat' dir='ltr'>potestate,</span> <span class='ocrx_word' id='word_1_449' title='bbox 1440 3619 1704 3674; x_wconf 89' lang='lat' dir='ltr'>membra</span> <span class='ocrx_word' id='word_1_450' title='bbox 1723 3635 1936 3690; x_wconf 88' lang='lat' dir='ltr'>suppo-</span> 
     </span>
    </p>
   </div>
   <div class='ocr_carea' id='block_1_68' title="bbox 313 3705 1934 3779">
    <p class='ocr_par' dir='ltr' id='par_1_68' title="bbox 313 3705 1934 3779">
     <span class='ocr_line' id='line_1_68' title="bbox 313 3705 1934 3779; baseline 0.001 -19"><span class='ocrx_word' id='word_1_451' title='bbox 313 3705 424 3761; x_wconf 85' lang='lat' dir='ltr'>sita</span> <span class='ocrx_word' id='word_1_452' title='bbox 443 3705 537 3779; x_wconf 88' lang='lat' dir='ltr'>pie</span> <span class='ocrx_word' id='word_1_453' title='bbox 568 3707 758 3762; x_wconf 87' lang='lat' dir='ltr'>studet</span> <span class='ocrx_word' id='word_1_454' title='bbox 784 3707 1007 3774; x_wconf 83' lang='lat' dir='ltr'>fulcire,</span> <span class='ocrx_word' id='word_1_455' title='bbox 1035 3709 1094 3762; x_wconf 92' lang='lat' dir='ltr'>et</span> <span class='ocrx_word' id='word_1_456' title='bbox 1115 3708 1237 3762; x_wconf 90' lang='lat' dir='ltr'>loca</span> <span class='ocrx_word' id='word_1_457' title='bbox 1265 3707 1409 3762; x_wconf 88' lang='lat' dir='ltr'>sacri</span> <span class='ocrx_word' id='word_1_458' title='bbox 1440 3707 1624 3762; x_wconf 90' lang='lat' dir='ltr'>cultus</span> <span class='ocrx_word' id='word_1_459' title='bbox 1653 3707 1752 3762; x_wconf 90' lang='lat' dir='ltr'>ubi</span> <span class='ocrx_word' id='word_1_460' title='bbox 1782 3707 1934 3762; x_wconf 90' lang='lat' dir='ltr'>videt</span> 
     </span>
    </p>
   </div>
   <div class='ocr_carea' id='block_1_69' title="bbox 315 3794 1932 3868">
    <p class='ocr_par' dir='ltr' id='par_1_69' title="bbox 315 3794 1932 3868">
     <span class='ocr_line' id='line_1_69' title="bbox 315 3794 1932 3868; baseline 0.001 -18"><span class='ocrx_word' id='word_1_461' title='bbox 315 3794 580 3851; x_wconf 87' lang='lat' dir='ltr'>nutantia</span> <span class='ocrx_word' id='word_1_462' title='bbox 625 3795 894 3864; x_wconf 88' lang='lat' dir='ltr'>solidare,</span> <span class='ocrx_word' id='word_1_463' title='bbox 929 3796 1171 3852; x_wconf 88' lang='lat' dir='ltr'>solidata</span> <span class='ocrx_word' id='word_1_464' title='bbox 1223 3796 1590 3861; x_wconf 84' lang='lat' dir='ltr'>conﬁrmare,</span> <span class='ocrx_word' id='word_1_465' title='bbox 1648 3797 1932 3868; x_wconf 88' lang='lat' dir='ltr'>quatenus</span> 
     </span>
    </p>
   </div>
   <div class='ocr_carea' id='block_1_70' title="bbox 314 3882 1933 3958">
    <p class='ocr_par' dir='ltr' id='par_1_70' title="bbox 314 3882 1933 3958">
     <span class='ocr_line' id='line_1_70' title="bbox 314 3882 1933 3958; baseline 0.001 -20"><span class='ocrx_word' id='word_1_466' title='bbox 314 3882 725 3940; x_wconf 86' lang='lat' dir='ltr'>ecclesiasticus</span> <span class='ocrx_word' id='word_1_467' title='bbox 745 3888 922 3940; x_wconf 88' lang='lat' dir='ltr'>status</span> <span class='ocrx_word' id='word_1_468' title='bbox 941 3884 1308 3958; x_wconf 89' lang='lat' dir='ltr'>dispensante</span> <span class='ocrx_word' id='word_1_469' title='bbox 1331 3885 1447 3940; x_wconf 93' lang='lat' dir='ltr'>Deo</span> <span class='ocrx_word' id='word_1_470' title='bbox 1480 3900 1538 3938; x_wconf 90' lang='lat' dir='ltr'>sa</span> <span class='ocrx_word' id='word_1_471' title='bbox 1547 3887 1692 3939; x_wconf 64' lang='lat' dir='ltr'>nctte</span> <span class='ocrx_word' id='word_1_472' title='bbox 1712 3884 1845 3940; x_wconf 83' lang='lat' dir='ltr'>fidei</span> <span class='ocrx_word' id='word_1_473' title='bbox 1874 3888 1933 3941; x_wconf 90' lang='lat' dir='ltr'>et</span> 
     </span>
    </p>
   </div>
   <div class='ocr_carea' id='block_1_71' title="bbox 312 3971 1927 4046">
    <p class='ocr_par' dir='ltr' id='par_1_71' title="bbox 312 3971 1927 4046">
     <span class='ocr_line' id='line_1_71' title="bbox 312 3971 1927 4046; baseline 0.001 -18"><span class='ocrx_word' id='word_1_474' title='bbox 312 3971 612 4046; x_wconf 80' lang='lat' dir='ltr'>religionis</span> <span class='ocrx_word' id='word_1_475' title='bbox 640 3991 867 4030; x_wconf 87' lang='lat' dir='ltr'>morem</span> <span class='ocrx_word' id='word_1_476' title='bbox 897 3990 1029 4028; x_wconf 90' lang='lat' dir='ltr'>cum</span> <span class='ocrx_word' id='word_1_477' title='bbox 1059 3989 1198 4044; x_wconf 90' lang='lat' dir='ltr'>pace</span> <span class='ocrx_word' id='word_1_478' title='bbox 1227 3975 1591 4045; x_wconf 83' lang='lat' dir='ltr'>exsequatur,</span> <span class='ocrx_word' id='word_1_479' title='bbox 1625 3975 1683 4028; x_wconf 94' lang='lat' dir='ltr'>et</span> <span class='ocrx_word' id='word_1_480' title='bbox 1709 3973 1782 4028; x_wconf 92' lang='lat' dir='ltr'>ab</span> <span class='ocrx_word' id='word_1_481' title='bbox 1805 3975 1927 4046; x_wconf 91' lang='lat' dir='ltr'>ejus</span> 
     </span>
    </p>
   </div>
   <div class='ocr_carea' id='block_1_72' title="bbox 311 4061 1927 4136">
    <p class='ocr_par' dir='ltr' id='par_1_72' title="bbox 311 4061 1927 4136">
     <span class='ocr_line' id='line_1_72' title="bbox 311 4061 1927 4136; baseline 0.001 -20"><span class='ocrx_word' id='word_1_482' title='bbox 311 4061 660 4118; x_wconf 86' lang='lat' dir='ltr'>laceratione</span> <span class='ocrx_word' id='word_1_483' title='bbox 687 4062 845 4134; x_wconf 90' lang='lat' dir='ltr'>pravi</span> <span class='ocrx_word' id='word_1_484' title='bbox 883 4061 1152 4117; x_wconf 88' lang='lat' dir='ltr'>homines</span> <span class='ocrx_word' id='word_1_485' title='bbox 1195 4063 1537 4116; x_wconf 88' lang='lat' dir='ltr'>terreantur.</span> <span class='ocrx_word' id='word_1_486' title='bbox 1569 4062 1927 4136; x_wconf 88' lang='lat' dir='ltr'>Quapropter</span> 
     </span>
    </p>
   </div>
   <div class='ocr_carea' id='block_1_73' title="bbox 311 4148 1928 4223">
    <p class='ocr_par' dir='ltr' id='par_1_73' title="bbox 311 4148 1928 4223">
     <span class='ocr_line' id='line_1_73' title="bbox 311 4148 1928 4223; baseline 0.002 -19"><span class='ocrx_word' id='word_1_487' title='bbox 311 4152 513 4206; x_wconf 87' lang='lat' dir='ltr'>notum</span> <span class='ocrx_word' id='word_1_488' title='bbox 543 4149 618 4206; x_wconf 90' lang='lat' dir='ltr'>sit</span> <span class='ocrx_word' id='word_1_489' title='bbox 642 4151 843 4204; x_wconf 66' lang='lat' dir='ltr'>vestrae</span> <span class='ocrx_word' id='word_1_490' title='bbox 869 4148 1227 4218; x_wconf 88' lang='lat' dir='ltr'>sublimitati,</span> <span class='ocrx_word' id='word_1_491' title='bbox 1260 4149 1396 4223; x_wconf 88' lang='lat' dir='ltr'>quia</span> <span class='ocrx_word' id='word_1_492' title='bbox 1425 4151 1813 4207; x_wconf 88' lang='lat' dir='ltr'>nobilissimus</span> <span class='ocrx_word' id='word_1_493' title='bbox 1841 4155 1928 4208; x_wconf 88' lang='lat' dir='ltr'>at-</span> 
     </span>
    </p>
   </div>
   <div class='ocr_carea' id='block_1_74' title="bbox 311 4236 1915 4312">
    <p class='ocr_par' dir='ltr' id='par_1_74' title="bbox 311 4236 1915 4312">
     <span class='ocr_line' id='line_1_74' title="bbox 311 4236 1915 4312; baseline 0.003 -21"><span class='ocrx_word' id='word_1_494' title='bbox 311 4253 425 4312; x_wconf 90' lang='lat' dir='ltr'>que</span> <span class='ocrx_word' id='word_1_495' title='bbox 448 4236 874 4293; x_wconf 86' lang='lat' dir='ltr'>strenuissimus</span> <span class='ocrx_word' id='word_1_496' title='bbox 903 4253 1096 4293; x_wconf 90' lang='lat' dir='ltr'>comes</span> <span class='ocrx_word' id='word_1_497' title='bbox 1125 4239 1292 4294; x_wconf 87' lang='lat' dir='ltr'>Fulco</span> <span class='ocrx_word' id='word_1_498' title='bbox 1341 4239 1592 4294; x_wconf 90' lang='lat' dir='ltr'>innotuit</span> <span class='ocrx_word' id='word_1_499' title='bbox 1619 4241 1806 4308; x_wconf 90' lang='lat' dir='ltr'>nobis,</span> <span class='ocrx_word' id='word_1_500' title='bbox 1855 4259 1915 4296; x_wconf 87' lang='lat' dir='ltr'>se</span> 
     </span>
    </p>
   </div>
   <div class='ocr_carea' id='block_1_75' title="bbox 309 4325 1931 4400">
    <p class='ocr_par' dir='ltr' id='par_1_75' title="bbox 309 4325 1931 4400">
     <span class='ocr_line' id='line_1_75' title="bbox 309 4325 1931 4400; baseline 0.003 -18"><span class='ocrx_word' id='word_1_501' title='bbox 309 4325 604 4400; x_wconf 86' lang='lat' dir='ltr'>quoddam</span> <span class='ocrx_word' id='word_1_502' title='bbox 625 4326 1045 4383; x_wconf 89' lang='lat' dir='ltr'>monasterium</span> <span class='ocrx_word' id='word_1_503' title='bbox 1070 4327 1132 4384; x_wconf 91' lang='lat' dir='ltr'>in</span> <span class='ocrx_word' id='word_1_504' title='bbox 1155 4328 1392 4385; x_wconf 90' lang='lat' dir='ltr'>nomine</span> <span class='ocrx_word' id='word_1_505' title='bbox 1415 4329 1704 4386; x_wconf 90' lang='lat' dir='ltr'>ethonore</span> <span class='ocrx_word' id='word_1_506' title='bbox 1719 4335 1931 4387; x_wconf 80' lang='lat' dir='ltr'>sanctae</span> 
     </span>
    </p>
   </div>
   <div class='ocr_carea' id='block_1_76' title="bbox 2035 3279 3650 3353">
    <p class='ocr_par' dir='ltr' id='par_1_76' title="bbox 2035 3279 3650 3353">
     <span class='ocr_line' id='line_1_76' title="bbox 2035 3279 3650 3353; baseline 0.002 -19"><span class='ocrx_word' id='word_1_507' title='bbox 2035 3279 2215 3347; x_wconf 90' lang='lat' dir='ltr'>Pauli,</span> <span class='ocrx_word' id='word_1_508' title='bbox 2248 3284 2305 3334; x_wconf 91' lang='lat' dir='ltr'>et</span> <span class='ocrx_word' id='word_1_509' title='bbox 2329 3279 2668 3351; x_wconf 80' lang='lat' dir='ltr'>pontificum</span> <span class='ocrx_word' id='word_1_510' title='bbox 2691 3297 2804 3333; x_wconf 78' lang='lat' dir='ltr'>suae</span> <span class='ocrx_word' id='word_1_511' title='bbox 2833 3279 2980 3334; x_wconf 79' lang='lat' dir='ltr'>sedis</span> <span class='ocrx_word' id='word_1_512' title='bbox 3006 3281 3174 3351; x_wconf 82' lang='lat' dir='ltr'>hujus</span> <span class='ocrx_word' id='word_1_513' title='bbox 3200 3281 3256 3334; x_wconf 92' lang='lat' dir='ltr'>in</span> <span class='ocrx_word' id='word_1_514' title='bbox 3285 3286 3650 3353; x_wconf 84' lang='lat' dir='ltr'>perpetuum.</span> 
     </span>
    </p>
   </div>
   <div class='ocr_carea' id='block_1_77' title="bbox 2035 3367 3650 3439">
    <p class='ocr_par' dir='ltr' id='par_1_77' title="bbox 2035 3367 3650 3439">
     <span class='ocr_line' id='line_1_77' title="bbox 2035 3367 3650 3439; baseline 0.002 -17"><span class='ocrx_word' id='word_1_515' title='bbox 2035 3367 2200 3432; x_wconf 88' lang='lat' dir='ltr'>Quod</span> <span class='ocrx_word' id='word_1_516' title='bbox 2219 3367 2264 3422; x_wconf 90' lang='lat' dir='ltr'>si</span> <span class='ocrx_word' id='word_1_517' title='bbox 2291 3367 2496 3439; x_wconf 87' lang='lat' dir='ltr'>aliquis</span> <span class='ocrx_word' id='word_1_518' title='bbox 2516 3367 2749 3422; x_wconf 89' lang='lat' dir='ltr'>rebellis</span> <span class='ocrx_word' id='word_1_519' title='bbox 2770 3370 2974 3422; x_wconf 91' lang='lat' dir='ltr'>contra</span> <span class='ocrx_word' id='word_1_520' title='bbox 2999 3368 3147 3422; x_wconf 90' lang='lat' dir='ltr'>hanc</span> <span class='ocrx_word' id='word_1_521' title='bbox 3175 3372 3434 3424; x_wconf 71' lang='lat' dir='ltr'>nostram</span> <span class='ocrx_word' id='word_1_522' title='bbox 3462 3374 3650 3426; x_wconf 88' lang='lat' dir='ltr'>aucto-</span> 
     </span>
    </p>
   </div>
   <div class='ocr_carea' id='block_1_78' title="bbox 2034 3454 3649 3530">
    <p class='ocr_par' dir='ltr' id='par_1_78' title="bbox 2034 3454 3649 3530">
     <span class='ocr_line' id='line_1_78' title="bbox 2034 3454 3649 3530; baseline 0.002 -21"><span class='ocrx_word' id='word_1_523' title='bbox 2034 3455 2288 3523; x_wconf 88' lang='lat' dir='ltr'>ritatem,</span> <span class='ocrx_word' id='word_1_524' title='bbox 2339 3455 2555 3510; x_wconf 91' lang='lat' dir='ltr'>scilicet</span> <span class='ocrx_word' id='word_1_525' title='bbox 2590 3454 3052 3528; x_wconf 88' lang='lat' dir='ltr'>archiepiscopus</span> <span class='ocrx_word' id='word_1_526' title='bbox 3081 3457 3166 3510; x_wconf 89' lang='lat' dir='ltr'>vel</span> <span class='ocrx_word' id='word_1_527' title='bbox 3195 3456 3500 3528; x_wconf 85' lang='lat' dir='ltr'>episcOpus</span> <span class='ocrx_word' id='word_1_528' title='bbox 3529 3457 3649 3530; x_wconf 86' lang='lat' dir='ltr'>qui-</span> 
     </span>
    </p>
   </div>
   <div class='ocr_carea' id='block_1_79' title="bbox 2033 3543 3652 3618">
    <p class='ocr_par' dir='ltr' id='par_1_79' title="bbox 2033 3543 3652 3618">
     <span class='ocr_line' id='line_1_79' title="bbox 2033 3543 3652 3618; baseline 0.001 -18"><span class='ocrx_word' id='word_1_529' title='bbox 2033 3560 2280 3616; x_wconf 89' lang='lat' dir='ltr'>cunque,</span> <span class='ocrx_word' id='word_1_530' title='bbox 2302 3543 2489 3616; x_wconf 90' lang='lat' dir='ltr'>ipsum</span> <span class='ocrx_word' id='word_1_531' title='bbox 2511 3543 2702 3598; x_wconf 90' lang='lat' dir='ltr'>locum</span> <span class='ocrx_word' id='word_1_532' title='bbox 2725 3543 3227 3598; x_wconf 87' lang='lat' dir='ltr'>excommunicare</span> <span class='ocrx_word' id='word_1_533' title='bbox 3247 3545 3513 3615; x_wconf 87' lang='lat' dir='ltr'>voluerit,</span> <span class='ocrx_word' id='word_1_534' title='bbox 3533 3545 3652 3618; x_wconf 88' lang='lat' dir='ltr'>ipse</span> 
     </span>
    </p>
   </div>
   <div class='ocr_carea' id='block_1_80' title="bbox 2031 3631 3647 3700">
    <p class='ocr_par' dir='ltr' id='par_1_80' title="bbox 2031 3631 3647 3700">
     <span class='ocr_line' id='line_1_80' title="bbox 2031 3631 3647 3700; baseline 0.002 -16"><span class='ocrx_word' id='word_1_535' title='bbox 2031 3631 2105 3685; x_wconf 89' lang='lat' dir='ltr'>sit</span> <span class='ocrx_word' id='word_1_536' title='bbox 2155 3631 2705 3696; x_wconf 86' lang='lat' dir='ltr'>excommunicatus,</span> <span class='ocrx_word' id='word_1_537' title='bbox 2761 3634 2819 3685; x_wconf 89' lang='lat' dir='ltr'>et</span> <span class='ocrx_word' id='word_1_538' title='bbox 2873 3632 3030 3685; x_wconf 91' lang='lat' dir='ltr'>locus</span> <span class='ocrx_word' id='word_1_539' title='bbox 3075 3631 3181 3686; x_wconf 91' lang='lat' dir='ltr'>iste</span> <span class='ocrx_word' id='word_1_540' title='bbox 3229 3631 3544 3700; x_wconf 87' lang='lat' dir='ltr'>absolutus,</span> <span class='ocrx_word' id='word_1_541' title='bbox 3590 3633 3647 3688; x_wconf 91' lang='lat' dir='ltr'>in</span> 
     </span>
    </p>
   </div>
   <div class='ocr_carea' id='block_1_81' title="bbox 2033 3717 3268 3775">
    <p class='ocr_par' dir='ltr' id='par_1_81' title="bbox 2033 3717 3268 3775">
     <span class='ocr_line' id='line_1_81' title="bbox 2033 3717 3268 3775; baseline 0 -1"><span class='ocrx_word' id='word_1_542' title='bbox 2033 3722 2317 3775; x_wconf 68' lang='lat' dir='ltr'>aeternum</span> <span class='ocrx_word' id='word_1_543' title='bbox 2349 3721 2407 3773; x_wconf 88' lang='lat' dir='ltr'>et</span> <span class='ocrx_word' id='word_1_544' title='bbox 2430 3718 2488 3773; x_wconf 90' lang='lat' dir='ltr'>in</span> <span class='ocrx_word' id='word_1_545' title='bbox 2519 3720 2804 3774; x_wconf 63' lang='lat' dir='ltr'>saeculum</span> <span class='ocrx_word' id='word_1_546' title='bbox 2823 3717 3034 3774; x_wconf 78' lang='lat' dir='ltr'>saeculi.</span> <span class='ocrx_word' id='word_1_547' title='bbox 3058 3719 3268 3774; x_wconf 82' lang='lat' dir='ltr'>Amen.</span> 
     </span>
    </p>
   </div>
   <div class='ocr_carea' id='block_1_82' title="bbox 2762 3824 2896 3881">
    <p class='ocr_par' dir='ltr' id='par_1_82' title="bbox 2762 3824 2896 3881">
     <span class='ocr_line' id='line_1_82' title="bbox 2762 3824 2896 3881; baseline 0.007 -2"><span class='ocrx_word' id='word_1_548' title='bbox 2762 3824 2896 3881; x_wconf 86' lang='lat' dir='ltr'>XIV.</span> 
     </span>
    </p>
   </div>
   <div class='ocr_carea' id='block_1_83' title="bbox 2169 3910 3507 4038">
    <p class='ocr_par' dir='ltr' id='par_1_83' title="bbox 2169 3910 3507 4038">
     <span class='ocr_line' id='line_1_83' title="bbox 2169 3910 3507 3983; baseline 0.001 -16"><span class='ocrx_word' id='word_1_549' title='bbox 2169 3913 2398 3967; x_wconf 77' lang='lat' dir='ltr'>Joannis</span> <span class='ocrx_word' id='word_1_550' title='bbox 2426 3910 2645 3967; x_wconf 87' lang='lat' dir='ltr'>XVIII</span> <span class='ocrx_word' id='word_1_551' title='bbox 2661 3913 2864 3983; x_wconf 76' lang='lat' dir='ltr'>privile</span> <span class='ocrx_word' id='word_1_552' title='bbox 2902 3914 3014 3966; x_wconf 82' lang='lat' dir='ltr'>ium</span> <span class='ocrx_word' id='word_1_553' title='bbox 3079 3929 3134 3967; x_wconf 85' lang='lat' dir='ltr'>ro</span> <span class='ocrx_word' id='word_1_554' title='bbox 3171 3914 3507 3968; x_wconf 78' lang='lat' dir='ltr'>monasterio</span> 
     </span>
     <span class='ocr_line' id='line_1_84' title="bbox 2453 3929 3218 4038; baseline 0 0"><span class='ocrx_word' id='word_1_555' title='bbox 2453 3983 2515 4038; x_wconf 88' lang='lat' dir='ltr'>S.</span> <span class='ocrx_word' id='word_1_556' title='bbox 2573 3983 2801 4038; x_wconf 76' lang='lat' dir='ltr'>Victoris</span> <span class='ocrx_word' id='word_1_557' title='bbox 2849 3929 3218 4038; x_wconf 55' lang='lat' dir='ltr'>glassiliiensis.</span> 
     </span>
    </p>
   </div>
   <div class='ocr_carea' id='block_1_84' title="bbox 2453 3983 3528 4038">
    <p class='ocr_par' dir='ltr' id='par_1_84' title="bbox 2453 3983 3528 4038">
     <span class='ocr_line' id='line_1_85' title="bbox 2453 3983 3528 4038; baseline 0 0"><span class='ocrx_word' id='word_1_558' title='bbox 2453 3983 2515 4038; x_wconf 88' lang='lat' dir='ltr'>S.</span> <span class='ocrx_word' id='word_1_559' title='bbox 2573 3983 2801 4038; x_wconf 76' lang='lat' dir='ltr'>Victoris</span> <span class='ocrx_word' id='word_1_560' title='bbox 2849 3983 3218 4038; x_wconf 81' lang='lat' dir='ltr'>Massiliensis.</span> <span class='ocrx_word' id='word_1_561' title='bbox 3519 3984 3528 3989; x_wconf 70' lang='grc'><em>”</em></span> 
     </span>
    </p>
   </div>
   <div class='ocr_carea' id='block_1_85' title="bbox 2520 4071 3161 4143">
    <p class='ocr_par' dir='ltr' id='par_1_85' title="bbox 2520 4071 3161 4143">
     <span class='ocr_line' id='line_1_86' title="bbox 2520 4071 3161 4143; baseline -0.002 -16"><span class='ocrx_word' id='word_1_562' title='bbox 2520 4071 2702 4143; x_wconf 89' lang='lat' dir='ltr'>(Circa</span> <span class='ocrx_word' id='word_1_563' title='bbox 2729 4087 2950 4126; x_wconf 89' lang='lat' dir='ltr'>annum</span> <span class='ocrx_word' id='word_1_564' title='bbox 2977 4072 3161 4142; x_wconf 78' lang='grc'>1009.)</span> 
     </span>
    </p>
   </div>
   <div class='ocr_carea' id='block_1_86' title="bbox 2355 4158 3324 4232">
    <p class='ocr_par' dir='ltr' id='par_1_86' title="bbox 2355 4158 3324 4232">
     <span class='ocr_line' id='line_1_87' title="bbox 2355 4158 3324 4232; baseline 0 -18"><span class='ocrx_word' id='word_1_565' title='bbox 2355 4159 2596 4223; x_wconf 62' lang='lat' dir='ltr'>(Marum,</span> <span class='ocrx_word' id='word_1_566' title='bbox 2635 4158 2836 4232; x_wconf 80' lang='lat' dir='ltr'>Papiri</span> <span class='ocrx_word' id='word_1_567' title='bbox 2859 4159 3100 4230; x_wconf 43' lang='lat' dir='ltr'>diplomq</span> <span class='ocrx_word' id='word_1_568' title='bbox 3130 4160 3174 4226; x_wconf 90' lang='lat' dir='ltr'>I,</span> <span class='ocrx_word' id='word_1_569' title='bbox 3207 4163 3324 4230; x_wconf 57' lang='lat'>64.]</span> 
     </span>
    </p>
   </div>
   <div class='ocr_carea' id='block_1_87' title="bbox 2100 4247 3639 4320">
    <p class='ocr_par' dir='ltr' id='par_1_87' title="bbox 2100 4247 3639 4320">
     <span class='ocr_line' id='line_1_88' title="bbox 2100 4247 3639 4320; baseline 0 -18"><span class='ocrx_word' id='word_1_570' title='bbox 2100 4247 2342 4302; x_wconf 69' lang='lat' dir='ltr'>JOANNES</span> <span class='ocrx_word' id='word_1_571' title='bbox 2393 4247 2713 4320; x_wconf 90' lang='lat' dir='ltr'>episcopus,</span> <span class='ocrx_word' id='word_1_572' title='bbox 2773 4264 2965 4302; x_wconf 87' lang='lat' dir='ltr'>servus</span> <span class='ocrx_word' id='word_1_573' title='bbox 3007 4263 3303 4302; x_wconf 89' lang='lat' dir='ltr'>servorum</span> <span class='ocrx_word' id='word_1_574' title='bbox 3361 4248 3508 4317; x_wconf 89' lang='lat' dir='ltr'>Dei,</span> <span class='ocrx_word' id='word_1_575' title='bbox 3555 4249 3639 4304; x_wconf 79' lang='lat' dir='ltr'>Gl-</span> 
     </span>
    </p>
   </div>
   <div class='ocr_carea' id='block_1_88' title="bbox 2031 4335 3636 4392">
    <p class='ocr_par' dir='ltr' id='par_1_88' title="bbox 2031 4335 3636 4392">
     <span class='ocr_line' id='line_1_89' title="bbox 2031 4335 3636 4392; baseline 0.001 -2"><span class='ocrx_word' id='word_1_576' title='bbox 2031 4352 2206 4390; x_wconf 82' lang='lat' dir='ltr'><strong>FREDO</strong></span> <span class='ocrx_word' id='word_1_577' title='bbox 2246 4336 2560 4392; x_wconf 82' lang='lat' dir='ltr'>venerabili</span> <span class='ocrx_word' id='word_1_578' title='bbox 2607 4336 2802 4392; x_wconf 88' lang='lat' dir='ltr'>abbati</span> <span class='ocrx_word' id='word_1_579' title='bbox 2834 4340 2891 4390; x_wconf 92' lang='lat' dir='ltr'>et</span> <span class='ocrx_word' id='word_1_580' title='bbox 2933 4335 3206 4391; x_wconf 90' lang='lat' dir='ltr'>omnibus</span> <span class='ocrx_word' id='word_1_581' title='bbox 3252 4337 3530 4392; x_wconf 88' lang='lat' dir='ltr'>fratribus</span> <span class='ocrx_word' id='word_1_582' title='bbox 3573 4337 3636 4392; x_wconf 89' lang='lat' dir='ltr'>de</span> 
     </span>
    </p>
   </div>
   <div class='ocr_carea' id='block_1_89' title="bbox 310 4414 3640 4492">
    <p class='ocr_par' dir='ltr' id='par_1_89' title="bbox 310 4414 3640 4492">
     <span class='ocr_line' id='line_1_90' title="bbox 310 4414 3640 4492; baseline 0.003 -22"><span class='ocrx_word' id='word_1_583' title='bbox 310 4418 368 4470; x_wconf 90' lang='lat' dir='ltr'>et</span> <span class='ocrx_word' id='word_1_584' title='bbox 395 4414 702 4472; x_wconf 61' lang='lat' dir='ltr'>individua;</span> <span class='ocrx_word' id='word_1_585' title='bbox 737 4415 1051 4485; x_wconf 84' lang='lat' dir='ltr'>Trinitatis,</span> <span class='ocrx_word' id='word_1_586' title='bbox 1079 4418 1282 4486; x_wconf 89' lang='lat' dir='ltr'>Patris,</span> <span class='ocrx_word' id='word_1_587' title='bbox 1337 4421 1394 4472; x_wconf 91' lang='lat' dir='ltr'>et</span> <span class='ocrx_word' id='word_1_588' title='bbox 1425 4419 1569 4482; x_wconf 88' lang='lat' dir='ltr'>Filii,</span> <span class='ocrx_word' id='word_1_589' title='bbox 1599 4423 1657 4474; x_wconf 89' lang='lat' dir='ltr'>et</span> <span class='ocrx_word' id='word_1_590' title='bbox 1686 4419 1929 4492; x_wconf 89' lang='lat' dir='ltr'>Spiritus</span> <span class='ocrx_word' id='word_1_591' title='bbox 1953 4431 2005 4490; x_wconf 87' lang='lat' dir='ltr'><strong>D</strong></span> <span class='ocrx_word' id='word_1_592' title='bbox 2030 4425 2386 4480; x_wconf 90' lang='lat' dir='ltr'>monasterio</span> <span class='ocrx_word' id='word_1_593' title='bbox 2437 4423 2492 4479; x_wconf 92' lang='lat' dir='ltr'>S.</span> <span class='ocrx_word' id='word_1_594' title='bbox 2543 4424 2782 4479; x_wconf 80' lang='lat' dir='ltr'>Victoris</span> <span class='ocrx_word' id='word_1_595' title='bbox 2820 4423 3204 4480; x_wconf 87' lang='lat' dir='ltr'>dilectissimis</span> <span class='ocrx_word' id='word_1_596' title='bbox 3254 4425 3390 4480; x_wconf 85' lang='lat' dir='ltr'>ﬁliis</span> <span class='ocrx_word' id='word_1_597' title='bbox 3440 4426 3640 4480; x_wconf 83' lang='lat' dir='ltr'>nostris</span> 
     </span>
    </p>
   </div>
   <div class='ocr_carea' id='block_1_90' title="bbox 308 4504 1927 4580">
    <p class='ocr_par' dir='ltr' id='par_1_90' title="bbox 308 4504 1927 4580">
     <span class='ocr_line' id='line_1_91' title="bbox 308 4504 1927 4580; baseline 0.002 -18"><span class='ocrx_word' id='word_1_598' title='bbox 308 4504 513 4573; x_wconf 80' lang='lat' dir='ltr'>sancti,</span> <span class='ocrx_word' id='word_1_599' title='bbox 537 4508 710 4580; x_wconf 78' lang='lat' dir='ltr'>atque</span> <span class='ocrx_word' id='word_1_600' title='bbox 753 4505 1021 4562; x_wconf 89' lang='lat' dir='ltr'>similiter</span> <span class='ocrx_word' id='word_1_601' title='bbox 1049 4506 1109 4562; x_wconf 91' lang='lat' dir='ltr'>in</span> <span class='ocrx_word' id='word_1_602' title='bbox 1146 4508 1368 4564; x_wconf 90' lang='lat' dir='ltr'>honore</span> <span class='ocrx_word' id='word_1_603' title='bbox 1397 4509 1715 4564; x_wconf 80' lang='lat' dir='ltr'>caelestium</span> <span class='ocrx_word' id='word_1_604' title='bbox 1743 4510 1927 4580; x_wconf 81' lang='lat' dir='ltr'>agmi-</span> 
     </span>
    </p>
   </div>
   <div class='ocr_carea' id='block_1_91' title="bbox 307 4596 1930 4668">
    <p class='ocr_par' dir='ltr' id='par_1_91' title="bbox 307 4596 1930 4668">
     <span class='ocr_line' id='line_1_92' title="bbox 307 4596 1930 4668; baseline 0.001 -17"><span class='ocrx_word' id='word_1_605' title='bbox 307 4609 451 4651; x_wconf 88' lang='lat' dir='ltr'>num</span> <span class='ocrx_word' id='word_1_606' title='bbox 479 4610 651 4667; x_wconf 87' lang='lat' dir='ltr'>super</span> <span class='ocrx_word' id='word_1_607' title='bbox 677 4612 806 4668; x_wconf 65' lang='lat' dir='ltr'>quaa</span> <span class='ocrx_word' id='word_1_608' title='bbox 835 4596 986 4651; x_wconf 90' lang='lat' dir='ltr'>Deus</span> <span class='ocrx_word' id='word_1_609' title='bbox 1013 4596 1241 4665; x_wconf 86' lang='lat' dir='ltr'>assidet,</span> <span class='ocrx_word' id='word_1_610' title='bbox 1273 4597 1383 4652; x_wconf 92' lang='lat' dir='ltr'>hoc</span> <span class='ocrx_word' id='word_1_611' title='bbox 1409 4601 1494 4651; x_wconf 92' lang='lat' dir='ltr'>est</span> <span class='ocrx_word' id='word_1_612' title='bbox 1521 4597 1833 4654; x_wconf 89' lang='lat' dir='ltr'>Cherubim</span> <span class='ocrx_word' id='word_1_613' title='bbox 1873 4601 1930 4654; x_wconf 90' lang='lat' dir='ltr'>et</span> 
     </span>
    </p>
   </div>
   <div class='ocr_carea' id='block_1_92' title="bbox 305 4680 1927 4758">
    <p class='ocr_par' dir='ltr' id='par_1_92' title="bbox 305 4680 1927 4758">
     <span class='ocr_line' id='line_1_93' title="bbox 305 4680 1927 4758; baseline 0.002 -21"><span class='ocrx_word' id='word_1_614' title='bbox 305 4680 632 4755; x_wconf 89' lang='lat' dir='ltr'>Seraphim,</span> <span class='ocrx_word' id='word_1_615' title='bbox 661 4699 697 4738; x_wconf 89' lang='lat' dir='ltr'>a</span> <span class='ocrx_word' id='word_1_616' title='bbox 720 4682 1114 4739; x_wconf 88' lang='lat' dir='ltr'>fundamentis</span> <span class='ocrx_word' id='word_1_617' title='bbox 1129 4683 1510 4740; x_wconf 87' lang='lat' dir='ltr'>construxisse</span> <span class='ocrx_word' id='word_1_618' title='bbox 1539 4702 1644 4758; x_wconf 91' lang='lat' dir='ltr'>pro</span> <span class='ocrx_word' id='word_1_619' title='bbox 1667 4703 1782 4740; x_wconf 67' lang='lat' dir='ltr'>suae</span> <span class='ocrx_word' id='word_1_620' title='bbox 1810 4687 1927 4741; x_wconf 84' lang='lat' dir='ltr'>ani-</span> 
     </span>
    </p>
   </div>
   <div class='ocr_carea' id='block_1_93' title="bbox 305 4770 1922 4845">
    <p class='ocr_par' dir='ltr' id='par_1_93' title="bbox 305 4770 1922 4845">
     <span class='ocr_line' id='line_1_94' title="bbox 305 4770 1922 4845; baseline 0.001 -19"><span class='ocrx_word' id='word_1_621' title='bbox 305 4786 415 4826; x_wconf 68' lang='lat' dir='ltr'>ma:</span> <span class='ocrx_word' id='word_1_622' title='bbox 443 4770 862 4844; x_wconf 88' lang='lat' dir='ltr'>redemptione.</span> <span class='ocrx_word' id='word_1_623' title='bbox 891 4772 995 4827; x_wconf 88' lang='lat' dir='ltr'>Cui</span> <span class='ocrx_word' id='word_1_624' title='bbox 1025 4773 1378 4828; x_wconf 89' lang='lat' dir='ltr'>monasterio</span> <span class='ocrx_word' id='word_1_625' title='bbox 1405 4773 1770 4845; x_wconf 84' lang='lat' dir='ltr'>privilegium</span> <span class='ocrx_word' id='word_1_626' title='bbox 1791 4791 1922 4830; x_wconf 88' lang='lat' dir='ltr'>san-</span> 
     </span>
    </p>
   </div>
   <div class='ocr_carea' id='block_1_94' title="bbox 299 4860 1915 4934">
    <p class='ocr_par' dir='ltr' id='par_1_94' title="bbox 299 4860 1915 4934">
     <span class='ocr_line' id='line_1_95' title="bbox 299 4860 1915 4934; baseline 0.003 -21"><span class='ocrx_word' id='word_1_627' title='bbox 299 4862 406 4915; x_wconf 66' lang='lat' dir='ltr'>ctae</span> <span class='ocrx_word' id='word_1_628' title='bbox 429 4860 754 4932; x_wconf 77' lang='lat' dir='ltr'>apostolij</span> <span class='ocrx_word' id='word_1_629' title='bbox 777 4860 1131 4916; x_wconf 79' lang='lat' dir='ltr'>auctoritatis</span> <span class='ocrx_word' id='word_1_630' title='bbox 1148 4864 1350 4917; x_wconf 89' lang='lat' dir='ltr'>contra</span> <span class='ocrx_word' id='word_1_631' title='bbox 1366 4861 1765 4934; x_wconf 82' lang='lat' dir='ltr'>improbitates</span> <span class='ocrx_word' id='word_1_632' title='bbox 1791 4880 1915 4918; x_wconf 89' lang='lat' dir='ltr'>ma-</span> 
     </span>
    </p>
   </div>
   <div class='ocr_carea' id='block_1_95' title="bbox 2029 4511 3639 4584">
    <p class='ocr_par' dir='ltr' id='par_1_95' title="bbox 2029 4511 3639 4584">
     <span class='ocr_line' id='line_1_96' title="bbox 2029 4511 3639 4584; baseline -0.001 -17"><span class='ocrx_word' id='word_1_633' title='bbox 2029 4511 2420 4584; x_wconf 88' lang='lat' dir='ltr'>spiritualibus</span> <span class='ocrx_word' id='word_1_634' title='bbox 2449 4513 2694 4568; x_wconf 88' lang='lat' dir='ltr'>salutem</span> <span class='ocrx_word' id='word_1_635' title='bbox 2725 4515 2782 4566; x_wconf 90' lang='lat' dir='ltr'>et</span> <span class='ocrx_word' id='word_1_636' title='bbox 2811 4512 3082 4582; x_wconf 87' lang='lat' dir='ltr'>gratiam,</span> <span class='ocrx_word' id='word_1_637' title='bbox 3113 4511 3353 4583; x_wconf 90' lang='lat' dir='ltr'>insuper</span> <span class='ocrx_word' id='word_1_638' title='bbox 3383 4515 3445 4567; x_wconf 89' lang='lat' dir='ltr'>et</span> <span class='ocrx_word' id='word_1_639' title='bbox 3473 4513 3639 4568; x_wconf 86' lang='lat' dir='ltr'>bene-</span> 
     </span>
    </p>
   </div>
   <div class='ocr_carea' id='block_1_96' title="bbox 2029 4599 2768 4672">
    <p class='ocr_par' dir='ltr' id='par_1_96' title="bbox 2029 4599 2768 4672">
     <span class='ocr_line' id='line_1_97' title="bbox 2029 4599 2768 4672; baseline -0.001 -17"><span class='ocrx_word' id='word_1_640' title='bbox 2029 4599 2344 4655; x_wconf 88' lang='lat' dir='ltr'>dictionem</span> <span class='ocrx_word' id='word_1_641' title='bbox 2375 4600 2768 4672; x_wconf 87' lang='lat' dir='ltr'>apostolicam.</span> 
     </span>
    </p>
   </div>
   <div class='ocr_carea' id='block_1_97' title="bbox 2099 4687 3640 4762">
    <p class='ocr_par' dir='ltr' id='par_1_97' title="bbox 2099 4687 3640 4762">
     <span class='ocr_line' id='line_1_98' title="bbox 2099 4687 3640 4762; baseline -0.001 -20"><span class='ocrx_word' id='word_1_642' title='bbox 2099 4687 2466 4743; x_wconf 84' lang='lat' dir='ltr'>Consuetudo</span> <span class='ocrx_word' id='word_1_643' title='bbox 2489 4687 2596 4742; x_wconf 89' lang='lat' dir='ltr'>fuit</span> <span class='ocrx_word' id='word_1_644' title='bbox 2625 4690 2958 4742; x_wconf 88' lang='lat' dir='ltr'>nostrorum</span> <span class='ocrx_word' id='word_1_645' title='bbox 2989 4690 3433 4744; x_wconf 88' lang='lat' dir='ltr'>antecessorum</span> <span class='ocrx_word' id='word_1_646' title='bbox 3461 4687 3640 4762; x_wconf 86' lang='lat' dir='ltr'>ponti-</span> 
     </span>
    </p>
   </div>
   <div class='ocr_carea' id='block_1_98' title="bbox 2025 4776 3640 4848">
    <p class='ocr_par' dir='ltr' id='par_1_98' title="bbox 2025 4776 3640 4848">
     <span class='ocr_line' id='line_1_99' title="bbox 2025 4776 3640 4848; baseline 0 -18"><span class='ocrx_word' id='word_1_647' title='bbox 2025 4777 2198 4830; x_wconf 83' lang='lat' dir='ltr'>ﬁcum</span> <span class='ocrx_word' id='word_1_648' title='bbox 2244 4777 2546 4831; x_wconf 89' lang='lat' dir='ltr'>subvenire</span> <span class='ocrx_word' id='word_1_649' title='bbox 2599 4776 2870 4830; x_wconf 89' lang='lat' dir='ltr'>omnibus</span> <span class='ocrx_word' id='word_1_650' title='bbox 2917 4776 2990 4832; x_wconf 89' lang='lat' dir='ltr'>ad</span> <span class='ocrx_word' id='word_1_651' title='bbox 3037 4793 3094 4830; x_wconf 89' lang='lat' dir='ltr'>se</span> <span class='ocrx_word' id='word_1_652' title='bbox 3137 4780 3376 4848; x_wconf 87' lang='lat' dir='ltr'>propter</span> <span class='ocrx_word' id='word_1_653' title='bbox 3429 4777 3640 4832; x_wconf 89' lang='lat' dir='ltr'>bonum</span> 
     </span>
    </p>
   </div>
   <div class='ocr_carea' id='block_1_99' title="bbox 2026 4863 3642 4936">
    <p class='ocr_par' dir='ltr' id='par_1_99' title="bbox 2026 4863 3642 4936">
     <span class='ocr_line' id='line_1_100' title="bbox 2026 4863 3642 4936; baseline -0.001 -17"><span class='ocrx_word' id='word_1_654' title='bbox 2026 4881 2168 4936; x_wconf 89' lang='lat' dir='ltr'>opus</span> <span class='ocrx_word' id='word_1_655' title='bbox 2189 4864 2696 4918; x_wconf 89' lang='lat' dir='ltr'>convenientibus:</span> <span class='ocrx_word' id='word_1_656' title='bbox 2727 4863 2885 4918; x_wconf 91' lang='lat' dir='ltr'>illam</span> <span class='ocrx_word' id='word_1_657' title='bbox 2911 4879 3139 4936; x_wconf 89' lang='lat' dir='ltr'>quoque</span> <span class='ocrx_word' id='word_1_658' title='bbox 3170 4865 3393 4918; x_wconf 90' lang='lat' dir='ltr'>bonam</span> <span class='ocrx_word' id='word_1_659' title='bbox 3414 4880 3642 4919; x_wconf 89' lang='lat' dir='ltr'>consue-</span> 
     </span>
    </p>
   </div>
   <div class='ocr_carea' id='block_1_100' title="bbox 303 4949 3638 5024">
    <p class='ocr_par' dir='ltr' id='par_1_100' title="bbox 303 4949 3638 5024">
     <span class='ocr_line' id='line_1_101' title="bbox 303 4949 3638 5024; baseline 0.001 -22"><span class='ocrx_word' id='word_1_660' title='bbox 303 4949 491 5004; x_wconf 90' lang='lat' dir='ltr'>lorum</span> <span class='ocrx_word' id='word_1_661' title='bbox 520 4966 778 5022; x_wconf 88' lang='lat' dir='ltr'>perenne</span> <span class='ocrx_word' id='word_1_662' title='bbox 798 4949 1106 5006; x_wconf 90' lang='lat' dir='ltr'>munimen</span> <span class='ocrx_word' id='word_1_663' title='bbox 1123 4951 1394 5024; x_wconf 81' lang='lat' dir='ltr'>exposcit.</span> <span class='ocrx_word' id='word_1_664' title='bbox 1424 4953 1507 5006; x_wconf 91' lang='lat' dir='ltr'>Ita</span> <span class='ocrx_word' id='word_1_665' title='bbox 1520 4969 1647 5024; x_wconf 85' lang='lat' dir='ltr'>quae</span> <span class='ocrx_word' id='word_1_666' title='bbox 1679 4951 1799 5023; x_wconf 92' lang='lat' dir='ltr'>ipse</span> <span class='ocrx_word' id='word_1_667' title='bbox 1811 4970 1915 5023; x_wconf 91' lang='lat' dir='ltr'>pro</span> <span class='ocrx_word' id='word_1_668' title='bbox 2021 4953 2306 5019; x_wconf 86' lang='lat' dir='ltr'>tudinem,</span> <span class='ocrx_word' id='word_1_669' title='bbox 2340 4967 2514 5024; x_wconf 88' lang='lat' dir='ltr'>quam</span> <span class='ocrx_word' id='word_1_670' title='bbox 2541 4951 2599 5006; x_wconf 91' lang='lat' dir='ltr'>in</span> <span class='ocrx_word' id='word_1_671' title='bbox 2624 4951 2734 5005; x_wconf 90' lang='lat' dir='ltr'>illis</span> <span class='ocrx_word' id='word_1_672' title='bbox 2754 4951 3064 5018; x_wconf 89' lang='lat' dir='ltr'>audiendo,</span> <span class='ocrx_word' id='word_1_673' title='bbox 3093 4951 3340 5006; x_wconf 89' lang='lat' dir='ltr'>videndo</span> <span class='ocrx_word' id='word_1_674' title='bbox 3373 4949 3638 5024; x_wconf 83' lang='lat' dir='ltr'>cognovi-</span> 
     </span>
    </p>
   </div>
   <div class='ocr_carea' id='block_1_101' title="bbox 297 5039 3638 5113">
    <p class='ocr_par' dir='ltr' id='par_1_101' title="bbox 297 5039 3638 5113">
     <span class='ocr_line' id='line_1_102' title="bbox 297 5039 3638 5113; baseline 0 -21"><span class='ocrx_word' id='word_1_675' title='bbox 297 5053 500 5094; x_wconf 88' lang='lat' dir='ltr'>amore</span> <span class='ocrx_word' id='word_1_676' title='bbox 527 5039 629 5095; x_wconf 89' lang='lat' dir='ltr'>Dei</span> <span class='ocrx_word' id='word_1_677' title='bbox 659 5039 851 5096; x_wconf 90' lang='lat' dir='ltr'>eidem</span> <span class='ocrx_word' id='word_1_678' title='bbox 877 5040 1002 5096; x_wconf 90' lang='lat' dir='ltr'>loco</span> <span class='ocrx_word' id='word_1_679' title='bbox 1028 5041 1289 5107; x_wconf 90' lang='lat' dir='ltr'>contulit,</span> <span class='ocrx_word' id='word_1_680' title='bbox 1311 5042 1486 5113; x_wconf 90' lang='lat' dir='ltr'>atque</span> <span class='ocrx_word' id='word_1_681' title='bbox 1513 5040 1913 5096; x_wconf 75' lang='lat' dir='ltr'>continuando</span> <span class='ocrx_word' id='word_1_682' title='bbox 2018 5059 2180 5106; x_wconf 88' lang='lat' dir='ltr'>mus;</span> <span class='ocrx_word' id='word_1_683' title='bbox 2206 5058 2336 5095; x_wconf 87' lang='lat' dir='ltr'>cum</span> <span class='ocrx_word' id='word_1_684' title='bbox 2359 5041 2521 5096; x_wconf 90' lang='lat' dir='ltr'>omni</span> <span class='ocrx_word' id='word_1_685' title='bbox 2547 5040 2866 5095; x_wconf 87' lang='lat' dir='ltr'>devotionis</span> <span class='ocrx_word' id='word_1_686' title='bbox 2889 5041 3075 5096; x_wconf 86' lang='lat' dir='ltr'>studio</span> <span class='ocrx_word' id='word_1_687' title='bbox 3105 5057 3448 5095; x_wconf 84' lang='lat' dir='ltr'>conservare</span> <span class='ocrx_word' id='word_1_688' title='bbox 3474 5040 3638 5095; x_wconf 86' lang='lat' dir='ltr'>debe-</span> 
     </span>
    </p>
   </div>
   <div class='ocr_carea' id='block_1_102' title="bbox 296 5125 3640 5201">
    <p class='ocr_par' dir='ltr' id='par_1_102' title="bbox 296 5125 3640 5201">
     <span class='ocr_line' id='line_1_103' title="bbox 296 5125 3640 5201; baseline 0 -20"><span class='ocrx_word' id='word_1_689' title='bbox 296 5125 600 5199; x_wconf 88' lang='lat' dir='ltr'>delegavit,</span> <span class='ocrx_word' id='word_1_690' title='bbox 627 5128 817 5183; x_wconf 81' lang='lat' dir='ltr'>nullus</span> <span class='ocrx_word' id='word_1_691' title='bbox 845 5129 1359 5194; x_wconf 86' lang='lat' dir='ltr'>temerator,nulla</span> <span class='ocrx_word' id='word_1_692' title='bbox 1383 5129 1594 5184; x_wconf 90' lang='lat' dir='ltr'>nobilis</span> <span class='ocrx_word' id='word_1_693' title='bbox 1623 5146 1721 5183; x_wconf 91' lang='lat' dir='ltr'>seu</span> <span class='ocrx_word' id='word_1_694' title='bbox 1755 5128 1916 5201; x_wconf 89' lang='lat' dir='ltr'>igno-</span> <span class='ocrx_word' id='word_1_695' title='bbox 2020 5149 2168 5198; x_wconf 90' lang='lat' dir='ltr'>mus,</span> <span class='ocrx_word' id='word_1_696' title='bbox 2214 5133 2276 5184; x_wconf 92' lang='lat' dir='ltr'>ut</span> <span class='ocrx_word' id='word_1_697' title='bbox 2321 5147 2641 5200; x_wconf 84' lang='lat' dir='ltr'>agnoscens</span> <span class='ocrx_word' id='word_1_698' title='bbox 2683 5147 2786 5184; x_wconf 87' lang='lat' dir='ltr'>nos</span> <span class='ocrx_word' id='word_1_699' title='bbox 2835 5129 3114 5184; x_wconf 88' lang='lat' dir='ltr'>Dominus</span> <span class='ocrx_word' id='word_1_700' title='bbox 3145 5145 3314 5182; x_wconf 90' lang='lat' dir='ltr'>suum</span> <span class='ocrx_word' id='word_1_701' title='bbox 3347 5131 3492 5184; x_wconf 87' lang='lat' dir='ltr'>velle</span> <span class='ocrx_word' id='word_1_702' title='bbox 3523 5142 3640 5201; x_wconf 74' lang='lat' dir='ltr'>per‘</span> 
     </span>
    </p>
   </div>
   <div class='ocr_carea' id='block_1_103' title="bbox 295 5215 3636 5290">
    <p class='ocr_par' dir='ltr' id='par_1_103' title="bbox 295 5215 3636 5290">
     <span class='ocr_line' id='line_1_104' title="bbox 295 5215 3636 5290; baseline -0.001 -19"><span class='ocrx_word' id='word_1_703' title='bbox 295 5215 427 5272; x_wconf 91' lang='lat' dir='ltr'>bilis</span> <span class='ocrx_word' id='word_1_704' title='bbox 477 5231 727 5289; x_wconf 89' lang='lat' dir='ltr'>persona</span> <span class='ocrx_word' id='word_1_705' title='bbox 765 5217 1030 5274; x_wconf 87' lang='lat' dir='ltr'>minuere</span> <span class='ocrx_word' id='word_1_706' title='bbox 1058 5219 1393 5290; x_wconf 67' lang='lat' dir='ltr'>praesumat.</span> <span class='ocrx_word' id='word_1_707' title='bbox 1427 5219 1526 5272; x_wconf 87' lang='lat' dir='ltr'>Est</span> <span class='ocrx_word' id='word_1_708' title='bbox 1563 5221 1758 5273; x_wconf 90' lang='lat' dir='ltr'>autem</span> <span class='ocrx_word' id='word_1_709' title='bbox 1791 5235 1914 5272; x_wconf 90' lang='lat' dir='ltr'>mo-</span> <span class='ocrx_word' id='word_1_710' title='bbox 2023 5220 2211 5283; x_wconf 84' lang='lat' dir='ltr'>ﬁcere,</span> <span class='ocrx_word' id='word_1_711' title='bbox 2262 5219 2466 5274; x_wconf 88' lang='lat' dir='ltr'>reddat</span> <span class='ocrx_word' id='word_1_712' title='bbox 2513 5218 2680 5273; x_wconf 88' lang='lat' dir='ltr'>nobis</span> <span class='ocrx_word' id='word_1_713' title='bbox 2727 5217 3177 5272; x_wconf 88' lang='lat' dir='ltr'>vicissitudinem</span> <span class='ocrx_word' id='word_1_714' title='bbox 3227 5233 3360 5272; x_wconf 91' lang='lat' dir='ltr'>cum</span> <span class='ocrx_word' id='word_1_715' title='bbox 3417 5218 3490 5272; x_wconf 89' lang='lat' dir='ltr'>ab</span> <span class='ocrx_word' id='word_1_716' title='bbox 3540 5217 3636 5270; x_wconf 88' lang='lat' dir='ltr'>hac</span> 
     </span>
    </p>
   </div>
   <div class='ocr_carea' id='block_1_104' title="bbox 293 5304 3633 5380">
    <p class='ocr_par' dir='ltr' id='par_1_104' title="bbox 293 5304 3633 5380">
     <span class='ocr_line' id='line_1_105' title="bbox 293 5304 3633 5380; baseline -0.001 -20"><span class='ocrx_word' id='word_1_717' title='bbox 293 5304 612 5362; x_wconf 86' lang='lat' dir='ltr'>nasterium</span> <span class='ocrx_word' id='word_1_718' title='bbox 629 5305 1155 5380; x_wconf 59' lang='lat' dir='ltr'>praedictumsitum</span> <span class='ocrx_word' id='word_1_719' title='bbox 1171 5308 1230 5362; x_wconf 91' lang='lat' dir='ltr'>in</span> <span class='ocrx_word' id='word_1_720' title='bbox 1251 5323 1401 5380; x_wconf 86' lang='lat' dir='ltr'>pago</span> <span class='ocrx_word' id='word_1_721' title='bbox 1429 5307 1734 5376; x_wconf 90' lang='lat' dir='ltr'>Turonico,</span> <span class='ocrx_word' id='word_1_722' title='bbox 1755 5307 1916 5379; x_wconf 84' lang='lat' dir='ltr'>juxta</span> <span class='ocrx_word' id='word_1_723' title='bbox 2023 5307 2292 5380; x_wconf 69' lang='lat' dir='ltr'>praesenti</span> <span class='ocrx_word' id='word_1_724' title='bbox 2337 5307 2449 5362; x_wconf 88' lang='lat' dir='ltr'>vita</span> <span class='ocrx_word' id='word_1_725' title='bbox 2480 5322 2585 5361; x_wconf 91' lang='lat' dir='ltr'>nos</span> <span class='ocrx_word' id='word_1_726' title='bbox 2615 5304 2978 5361; x_wconf 90' lang='lat' dir='ltr'>subtraxerit.</span> <span class='ocrx_word' id='word_1_727' title='bbox 3031 5304 3330 5360; x_wconf 86' lang='lat' dir='ltr'>Voluimus</span> <span class='ocrx_word' id='word_1_728' title='bbox 3357 5305 3548 5378; x_wconf 85' lang='lat' dir='ltr'>itaque</span> <span class='ocrx_word' id='word_1_729' title='bbox 3579 5306 3633 5358; x_wconf 90' lang='lat' dir='ltr'>ut</span> 
     </span>
    </p>
   </div>
   <div class='ocr_carea' id='block_1_105' title="bbox 289 5382 3632 5471">
    <p class='ocr_par' dir='ltr' id='par_1_105' title="bbox 289 5382 3632 5471">
     <span class='ocr_line' id='line_1_106' title="bbox 289 5382 3632 5471; baseline -0.001 -23"><span class='ocrx_word' id='word_1_730' title='bbox 289 5391 512 5450; x_wconf 83' lang='lat' dir='ltr'>ﬂumen</span> <span class='ocrx_word' id='word_1_731' title='bbox 540 5395 639 5470; x_wconf 89' lang='lat' dir='ltr'>qui</span> <span class='ocrx_word' id='word_1_732' title='bbox 669 5398 902 5452; x_wconf 87' lang='lat' dir='ltr'>vocatur</span> <span class='ocrx_word' id='word_1_733' title='bbox 917 5395 1156 5464; x_wconf 82' lang='lat' dir='ltr'>Andria,</span> <span class='ocrx_word' id='word_1_734' title='bbox 1179 5396 1241 5452; x_wconf 91' lang='lat' dir='ltr'>in</span> <span class='ocrx_word' id='word_1_735' title='bbox 1261 5399 1564 5470; x_wconf 90' lang='lat' dir='ltr'>prospectu</span> <span class='ocrx_word' id='word_1_736' title='bbox 1591 5397 1807 5453; x_wconf 88' lang='lat' dir='ltr'>castelli</span> <span class='ocrx_word' id='word_1_737' title='bbox 1821 5382 1919 5471; x_wconf 84' lang='lat' dir='ltr'>qui</span> <span class='ocrx_word' id='word_1_738' title='bbox 2023 5395 2438 5452; x_wconf 86' lang='lat' dir='ltr'>monasterium</span> <span class='ocrx_word' id='word_1_739' title='bbox 2472 5395 2529 5452; x_wconf 92' lang='lat' dir='ltr'>S.</span> <span class='ocrx_word' id='word_1_740' title='bbox 2563 5393 2806 5450; x_wconf 84' lang='lat' dir='ltr'>Victoris</span> <span class='ocrx_word' id='word_1_741' title='bbox 2838 5410 2969 5448; x_wconf 90' lang='lat' dir='ltr'>cum</span> <span class='ocrx_word' id='word_1_742' title='bbox 3012 5393 3288 5448; x_wconf 85' lang='lat' dir='ltr'>omnibus</span> <span class='ocrx_word' id='word_1_743' title='bbox 3319 5391 3632 5460; x_wconf 89' lang='lat' dir='ltr'>monachis,</span> 
     </span>
    </p>
   </div>
   <div class='ocr_carea' id='block_1_106' title="bbox 291 5479 3628 5560">
    <p class='ocr_par' dir='ltr' id='par_1_106' title="bbox 291 5479 3628 5560">
     <span class='ocr_line' id='line_1_107' title="bbox 291 5479 3628 5560; baseline -0.001 -24"><span class='ocrx_word' id='word_1_744' title='bbox 291 5479 503 5536; x_wconf 86' lang='lat' dir='ltr'>dicitur</span> <span class='ocrx_word' id='word_1_745' title='bbox 529 5483 728 5551; x_wconf 87' lang='lat' dir='ltr'>Locas,</span> <span class='ocrx_word' id='word_1_746' title='bbox 757 5483 944 5555; x_wconf 87' lang='lat' dir='ltr'>ipsum</span> <span class='ocrx_word' id='word_1_747' title='bbox 974 5485 1225 5560; x_wconf 88' lang='lat' dir='ltr'>denique</span> <span class='ocrx_word' id='word_1_748' title='bbox 1245 5485 1438 5542; x_wconf 89' lang='lat' dir='ltr'>locum</span> <span class='ocrx_word' id='word_1_749' title='bbox 1470 5487 1575 5542; x_wconf 89' lang='lat' dir='ltr'>sub</span> <span class='ocrx_word' id='word_1_750' title='bbox 1594 5485 1838 5543; x_wconf 89' lang='lat' dir='ltr'>tuitione</span> <span class='ocrx_word' id='word_1_751' title='bbox 1861 5490 1920 5543; x_wconf 89' lang='lat' dir='ltr'>et</span> <span class='ocrx_word' id='word_1_752' title='bbox 2021 5489 2081 5542; x_wconf 91' lang='lat' dir='ltr'>et</span> <span class='ocrx_word' id='word_1_753' title='bbox 2102 5483 2337 5558; x_wconf 86' lang='lat' dir='ltr'>reliquis</span> <span class='ocrx_word' id='word_1_754' title='bbox 2356 5486 2474 5540; x_wconf 91' lang='lat' dir='ltr'>Deo</span> <span class='ocrx_word' id='word_1_755' title='bbox 2494 5483 2874 5540; x_wconf 88' lang='lat' dir='ltr'>servientibus</span> <span class='ocrx_word' id='word_1_756' title='bbox 2894 5482 3113 5538; x_wconf 90' lang='lat' dir='ltr'>ibidem</span> <span class='ocrx_word' id='word_1_757' title='bbox 3136 5482 3628 5556; x_wconf 76' lang='lat' dir='ltr'>permanantibus,</span> 
     </span>
    </p>
   </div>
   <div class='ocr_carea' id='block_1_107' title="bbox 293 5565 3624 5647">
    <p class='ocr_par' dir='ltr' id='par_1_107' title="bbox 293 5565 3624 5647">
     <span class='ocr_line' id='line_1_108' title="bbox 293 5565 3624 5647; baseline 0.001 -27"><span class='ocrx_word' id='word_1_758' title='bbox 293 5565 635 5626; x_wconf 82' lang='lat' dir='ltr'>defensione</span> <span class='ocrx_word' id='word_1_759' title='bbox 658 5574 989 5628; x_wconf 84' lang='lat' dir='ltr'>sanctorum</span> <span class='ocrx_word' id='word_1_760' title='bbox 1017 5575 1412 5646; x_wconf 89' lang='lat' dir='ltr'>apostolorum</span> <span class='ocrx_word' id='word_1_761' title='bbox 1465 5575 1617 5632; x_wconf 88' lang='lat' dir='ltr'>Petri</span> <span class='ocrx_word' id='word_1_762' title='bbox 1647 5578 1706 5630; x_wconf 91' lang='lat' dir='ltr'>et</span> <span class='ocrx_word' id='word_1_763' title='bbox 1729 5576 1910 5644; x_wconf 92' lang='lat' dir='ltr'>Pauli,</span> <span class='ocrx_word' id='word_1_764' title='bbox 2016 5591 2249 5647; x_wconf 89' lang='lat' dir='ltr'>semper</span> <span class='ocrx_word' id='word_1_765' title='bbox 2267 5573 2690 5629; x_wconf 76' lang='lat' dir='ltr'>honorabiliter</span> <span class='ocrx_word' id='word_1_766' title='bbox 2717 5574 3084 5645; x_wconf 89' lang='lat' dir='ltr'>permaneat,</span> <span class='ocrx_word' id='word_1_767' title='bbox 3107 5571 3190 5626; x_wconf 86' lang='lat' dir='ltr'>ita</span> <span class='ocrx_word' id='word_1_768' title='bbox 3209 5575 3275 5626; x_wconf 90' lang='lat' dir='ltr'>ut</span> <span class='ocrx_word' id='word_1_769' title='bbox 3297 5573 3495 5626; x_wconf 86' lang='lat' dir='ltr'>omnia</span> <span class='ocrx_word' id='word_1_770' title='bbox 3515 5586 3624 5632; x_wconf 87' lang='lat' dir='ltr'>sua,</span> 
     </span>
    </p>
   </div>
   <div class='ocr_carea' id='block_1_108' title="bbox 291 5659 3624 5738">
    <p class='ocr_par' dir='ltr' id='par_1_108' title="bbox 291 5659 3624 5738">
     <span class='ocr_line' id='line_1_109' title="bbox 291 5659 3624 5738; baseline 0.003 -34"><span class='ocrx_word' id='word_1_771' title='bbox 291 5666 803 5728; x_wconf 85' lang='lat' dir='ltr'>successorumque</span> <span class='ocrx_word' id='word_1_772' title='bbox 825 5663 1157 5720; x_wconf 86' lang='lat' dir='ltr'>nostrorum</span> <span class='ocrx_word' id='word_1_773' title='bbox 1175 5662 1346 5735; x_wconf 89' lang='lat' dir='ltr'>hujus</span> <span class='ocrx_word' id='word_1_774' title='bbox 1366 5666 1576 5720; x_wconf 70' lang='lat' dir='ltr'>sancta:</span> <span class='ocrx_word' id='word_1_775' title='bbox 1607 5663 1755 5720; x_wconf 90' lang='lat' dir='ltr'>sedis</span> <span class='ocrx_word' id='word_1_776' title='bbox 1771 5681 1911 5738; x_wconf 90' lang='lat' dir='ltr'>pon-</span> <span class='ocrx_word' id='word_1_777' title='bbox 2012 5681 2141 5738; x_wconf 69' lang='lat' dir='ltr'>qua:</span> <span class='ocrx_word' id='word_1_778' title='bbox 2168 5663 2357 5719; x_wconf 91' lang='lat' dir='ltr'>eidem</span> <span class='ocrx_word' id='word_1_779' title='bbox 2377 5662 2730 5719; x_wconf 86' lang='lat' dir='ltr'>monasterio</span> <span class='ocrx_word' id='word_1_780' title='bbox 2753 5661 3068 5734; x_wconf 87' lang='lat' dir='ltr'>pertinent,</span> <span class='ocrx_word' id='word_1_781' title='bbox 3095 5660 3291 5736; x_wconf 87' lang='lat' dir='ltr'>quiete</span> <span class='ocrx_word' id='word_1_782' title='bbox 3322 5664 3380 5716; x_wconf 86' lang='lat' dir='ltr'>et</span> <span class='ocrx_word' id='word_1_783' title='bbox 3403 5659 3624 5735; x_wconf 81' lang='lat' dir='ltr'>paciﬁca</span> 
     </span>
    </p>
   </div>
  </div>
