3888 6218
182 405 323 466 M93

789 404 1097 464 ARNOLDI
1138 403 1605 463 HALBEBSTAT.
1637 402 1856 462 EPIST.
1890 403 1982 467 AD
2022 400 2380 461 HENRICUM
2406 399 2773 461 HERBIPOL.
2798 400 3019 462 EPISC.

3404 411 3542 473 1494

178 527 402 583 teneat.
436 523 639 583 Cellas
655 541 883 600 quoque
903 525 1010 581 sibi
1039 526 1343 596 subjectas,
1365 528 1551 579 cortes
1567 526 1813 592 etvillas,
1840 528 1893 586 Α
1920 541 2213 597 parvaque
2234 541 2482 596 persona
2501 524 2720 598 aliquid
2748 524 2959 580 audeat
2994 526 3219 582 auferre
3257 529 3327 583 de
3366 533 3537 588 rebus

172 619 227 670 et
268 615 522 687 reliqua
570 617 692 670 loca
732 614 839 669 sibi
887 614 1237 687 pertinentia
1284 630 1389 686 per
1442 614 1813 685 apostolicam

176 704 609 759 auctoritatem
635 703 687 758 ei
730 703 1161 769 conﬁrmamus,
1204 703 1414 757 amodo
1456 706 1513 757 et
1544 719 1723 774 usque
1754 702 1812 756 in

176 796 576 864 perpetuum,
606 793 688 846 ita
724 795 786 845 ut
826 792 986 847 nulla
1013 808 1229 862 magna
1259 808 1543 863 parvaque
1568 807 1814 862 persona

174 880 389 936 audeat
421 898 699 954 unquam
732 880 985 954 aliquam
1006 880 1330 936 molestiam
1361 880 1575 934 inferre
1597 896 1663 935 ex
1695 896 1815 935 om-

173 968 343 1024 nibus
393 985 545 1040 quaz
588 968 883 1040 pertinent
906 968 1180 1038 prasdicto
1219 967 1601 1035 monasterio;
1630 970 1689 1022 et
1714 967 1811 1039 qui

172 1057 394 1113 inferre
428 1056 900 1129 praesumpserit,
930 1072 999 1112 ex
1029 1056 1366 1112 auctoritate
1398 1056 1813 1128 omnipotentis

169 1146 289 1212 Dei,
323 1149 387 1201 et
420 1145 595 1201 beati
624 1145 776 1201 Petri
801 1145 1066 1219 apostoli,
1097 1148 1155 1199 et
1192 1147 1387 1199 nostra
1413 1144 1555 1199 sciat
1576 1161 1638 1199 se
1687 1161 1811 1201 esse

168 1234 758 1289 excommunicatum
813 1238 872 1289 et
935 1234 1326 1300 maledictum,
1392 1237 1450 1288 et
1495 1234 1731 1305 insuper
1777 1250 1811 1288 a

169 1323 607 1379 communione
620 1323 758 1378 etab
786 1323 1032 1378 Ecclesia
1060 1325 1409 1396 separatum,
1436 1326 1640 1377 etcum
1665 1322 1810 1378 Juda

169 1415 224 1466 et
248 1411 506 1467 diabolo
542 1410 603 1465 in
632 1411 999 1467 atrocissimis
1014 1412 1197 1484 poenis
1214 1411 1623 1483 perpetualiter
1643 1411 1805 1466 dam-

170 1503 395 1555 natum.
442 1500 710 1555 Joannes
764 1502 975 1555 sanctis
1019 1500 1311 1556 catholicas
1373 1504 1431 1555 et
1475 1500 1806 1572 apostolicae

168 1588 443 1643 Ecclesiae
473 1589 831 1659 apostolicus
848 1591 1059 1661 praesul
1090 1590 1196 1645 hoc
1227 1589 1387 1645 dedit
1436 1589 1806 1663 privilegium

173 1680 232 1731 ut
257 1677 463 1731 nullus
516 1677 1124 1750 metropolitanorum,
1161 1679 1349 1734 nullus
1378 1678 1801 1753 episcoporum,

174 1765 361 1819 nullus
411 1781 645 1833 comes,
713 1783 819 1822 nec
882 1767 1216 1835 vicecomes,
1266 1784 1370 1823 nec
1418 1768 1535 1823 ulla
1590 1784 1807 1840 magna

1916 614 2247 668 monasterii
2271 614 2327 669 S.
2352 614 2609 680 Victoris,
2642 631 2747 668 nec
2770 615 2946 669 ullum
2974 616 3256 686 judicium
3283 634 3386 672 nec
3411 621 3532 690 pla-

1914 704 2089 758 citum
2116 704 2325 757 audeat
2348 704 2534 757 facere
2563 720 2667 757 nec
2718 706 2934 771 tenere,
2982 722 3087 758 nec
3128 704 3281 760 intra
3307 724 3535 764 monas-

1916 793 2147 859 terium,
2173 809 2276 845 nec
2304 792 2363 845 in
2390 795 2569 846 totam
2593 795 2805 847 terram
2829 792 2885 847 S.
2923 794 3182 861 Victoris,
3207 812 3335 867 quae
3360 797 3532 853 hodie

1914 882 2087 935 habet
2117 886 2173 935 et
2212 881 2271 934 in
2303 884 2474 935 antea
2498 881 2750 949 habebit,
2784 898 2888 935 nec
2926 883 3072 936 ullus
3101 884 3421 955 abbasjam
3449 886 3531 940 in-

1914 972 2098 1023 troeat
2127 969 2186 1023 in
2218 969 2594 1036 monasterio,
2624 968 2732 1023 nisi
2760 988 2931 1041 quem
2975 972 3166 1027 omnis
3208 990 3528 1045 congrega-

1911 1058 1991 1112 tio
2019 1057 2279 1128 elegerit.
2317 1059 2385 1112 Et
2422 1058 2520 1130 qui
2546 1058 2654 1112 hoc
2684 1058 3047 1130 privilegium
3090 1060 3411 1133 infringere
3437 1080 3531 1117 vo-

1910 1146 2099 1212 luerit,
2123 1164 2242 1200 non
2266 1147 2469 1213 valeat,
2500 1146 2601 1200 sed
2621 1150 2929 1218 componat
2949 1148 3009 1201 in
3031 1150 3254 1204 vinculo
3280 1150 3404 1205 auri
3428 1168 3526 1223 op-

1909 1235 2036 1290 timi
2064 1234 2238 1291 libras
2262 1237 2516 1290 centum.
2552 1237 2789 1307 lnsuper
2808 1235 2953 1291 iram
2982 1238 3394 1309 omnipotentis
3420 1239 3523 1295 Dei

1908 1322 2182 1390 incurrat,
2206 1327 2263 1378 et
2280 1324 2354 1379 sit
2383 1324 2907 1379 excommunicatus
2933 1343 2999 1379 ex
3018 1327 3349 1382 auctoritate
3388 1345 3519 1383 san-

1906 1411 1981 1467 cti
2009 1412 2163 1467 Petri
2198 1413 2462 1484 apostoli,
2496 1416 2553 1466 et
2580 1415 2797 1480 nostra,
2848 1416 2906 1467 et
2928 1418 3254 1469 sanctorum
3298 1419 3519 1471 trecen-

1908 1505 2099 1555 torum
2134 1503 2389 1569 Patrum,
2421 1504 2478 1555 et
2496 1501 2601 1555 hoc
2641 1500 3007 1573 privilegium
3055 1502 3289 1559 firmum
3328 1508 3385 1559 et
3408 1508 3522 1559 sta-

1904 1588 2019 1645 bile
2047 1593 2406 1661 permaneat.

1974 1677 2047 1750 θ
2084 1679 2234 1733 Bene
2263 1679 2463 1733 valete.

1974 1766 2048 1839 ὦ
2072 1768 2271 1822 Petrus
2296 1767 2624 1823 scriniarius
2648 1768 2887 1840 scripsit.

179 1922 2915 1933 ω.
2962 1932 2987 1933 κ.
3020 1932 3023 1933 ,
3068 1932 3119 1933 κέ

1549 2032 1729 2080 ANNO
1765 2032 2007 2081 DOMINI
2035 2034 2158 2080 MXI

1302 2163 2425 2308 ARNOLDUS

964 2405 2051 2498 HALBEBSTATENSIS
2128 2407 2755 2497 EPISCOPUS

1387 2629 2193 2731 ARNOLDI

962 2801 1661 2910 EPISTOLA
1714 2803 1903 2907 AD
1974 2799 2736 2907 HENRICUM

1459 2981 1900 3022 BBRBIPOLENSEH
1940 2981 2234 3023 EPISCOPUH

1000 3086 1091 3141 DE
1130 3085 1605 3142 INSTITUTIONE
1658 3085 2131 3142 EPISCOPATUS
2171 3084 2691 3143 BAMBERGENSIS

1284 3182 1498 3256 (Edidit
1521 3183 1742 3248 BALUZ.,
1770 3180 1997 3240 MisceII.
2019 3185 2063 3237 t.
2095 3183 2185 3252 IV,
2207 3200 2265 3256 p.
2296 3183 2410 3256 39.)

241 3355 512 3415 Hnumco
540 3356 808 3433 episcopo
831 3361 1149 3417 Ansowus.
1443 3391 1447 3395 ι

246 3444 352 3502 Din
382 3449 443 3503 et
467 3446 725 3504 multum
747 3447 1037 3522 quesitus,
1060 3446 1296 3504 domine
1313 3447 1418 3518 mi,
1436 3448 1634 3522 patere
1657 3450 1786 3504 tau-

180 3532 305 3590 dem
334 3535 658 3610 aliquando
675 3535 802 3609 jam
829 3539 889 3593 te
925 3535 1192 3593 inveniri.
1223 3534 1420 3594 Nescio
1461 3553 1574 3610 quo
1604 3535 1786 3593 infor-

180 3622 332 3680 tunio
361 3641 526 3693 meo,
559 3625 784 3699 quoties
829 3626 889 3681 in
922 3625 1033 3682 ista
1078 3627 1364 3682 terrarum
1392 3641 1602 3681 venero
1658 3642 1787 3699 quae

180 3708 520 3783 longissima
544 3716 608 3769 tu
627 3715 995 3788 peragrabas,
1022 3717 1082 3770 et
1108 3730 1338 3789 semper
1357 3715 1496 3770 dum
1522 3713 1581 3769 in
1608 3715 1789 3770 altera

181 3796 301 3872 ripa
317 3799 586 3860 ﬂuminis
609 3806 666 3859 te
686 3802 1019 3860 nuntiatum
1047 3820 1267 3877 quam,
1291 3803 1417 3875 jam
1445 3803 1699 3861 transisti
1726 3803 1787 3860 in

185 3885 442 3960 alteram,
459 3908 832 3965 nequaquam
859 3894 923 3948 ut
933 3891 1351 3949 saltemlitteris
1365 3895 1424 3948 te
1448 3892 1786 3949 conveniam

188 3979 682 4047 opportunitatem
698 3980 863 4037 dans.
883 3981 1085 4037 lacent
1095 3980 1283 4037 adhuc
1310 3980 1370 4037 in
1402 3980 1623 4037 scriniis
1640 3980 1787 4038 meis

183 4058 379 4122 littera
404 4070 705 4140 torpentes
725 4068 853 4139 jam
883 4069 1101 4124 dudum
1126 4068 1230 4124 tibi
1260 4069 1512 4137 directas,
1545 4086 1687 4142 quas
1709 4071 1788 4126 le-

184 4153 340 4219 gntus
375 4172 544 4212 meus
572 4156 847 4229 postridie
893 4173 1205 4230 regressus,
1256 4160 1311 4212 te
1357 4175 1475 4213 non
1526 4158 1780 4227 invento,

182 4236 389 4298 frustra
413 4260 474 4300 se
499 4244 784 4316 accepisse
817 4248 1050 4301 testatus
1076 4246 1469 4304 est.Haberem
1494 4248 1713 4314 tamen,
1735 4246 1782 4300 si

186 4327 472 4402 auderem,
494 4334 748 4405 plurima
764 4334 869 4389 tibi
888 4350 1197 4407 suggerere
1224 4338 1281 4390 et
1298 4335 1368 4390 de
1393 4334 1501 4389 ista
1530 4351 1785 4390 commo-

186 4412 337 4474 tione
364 4435 565 4478 rerum
590 4425 964 4495 tuarum,qua
981 4426 1039 4479 te
1052 4423 1203 4479 ultra
1223 4440 1400 4497 quam
1417 4420 1574 4479 credi
1594 4425 1786 4496 posset

186 4506 579 4572 perturbatum
602 4511 809 4580 sentio,
855 4526 922 4568 ac
959 4511 1031 4567 de
1060 4514 1260 4568 nostra
1287 4512 1485 4581 etiam,
1510 4528 1653 4585 quos
1681 4509 1785 4568 tibi

186 4587 439 4653 inﬁrmas
484 4614 577 4655 res
628 4602 854 4655 nostras
895 4600 1013 4656 Deo
1068 4600 1322 4658 donante
1370 4600 1695 4668 miseratus,
1726 4599 1787 4655 in

1819 3363 1870 3423 Β
1895 3356 2230 3430 diligentius
2248 3356 2461 3413 intueri
2484 3356 2585 3425 vis,
2608 3358 2725 3412 Deo
2747 3356 3000 3429 propitio
3034 3358 3184 3412 unde
3207 3357 3341 3428 jure
3370 3374 3511 3429 gau-

1889 3445 2025 3502 deas
2037 3462 2154 3501 non
2168 3445 2585 3502 dehabebis.Tu
2596 3448 2789 3500 autem
2798 3445 2978 3518 ,quasi
2991 3444 3211 3516 aliquid
3222 3445 3513 3516 insupera-

1888 3534 2003 3592 bile
2032 3534 2137 3590 tibi
2166 3535 2439 3602 evenerit,
2470 3550 2596 3589 rem
2623 3537 2781 3588 tuam
2814 3536 2934 3588 tam
2966 3532 3251 3588 enerviter
3278 3535 3505 3588 tractas.

1887 3625 1951 3679 In
1976 3627 2325 3679 conventum
2346 3624 2591 3679 fratrum
2622 3626 2858 3677 tuorum
2887 3621 3080 3677 venire
3105 3638 3353 3689 recusas,
3374 3637 3507 3677 cum

1887 3712 2094 3787 quibus
2152 3711 2523 3769 incommoda
2550 3715 2646 3768 tua
2692 3711 2952 3766 evincere
2999 3710 3279 3765 debueras
3334 3710 3504 3781 fugis,

1887 3818 2162 3875 magnam
2190 3802 2293 3858 tibi
2322 3801 2601 3858 invidiam
2645 3799 2902 3867 conflas;
2936 3802 3305 3871 conspectum
3329 3799 3503 3870 regis,

1884 3891 2049 3965 quasi
2074 3891 2300 3965 aliquid
2324 3891 2385 3947 in
2414 3908 2475 3946 se
2503 3889 2883 3957 commiseris,
2946 3888 3178 3944 devites.
3221 3887 3369 3951 Quid
3420 3891 3508 3942 est

1886 3978 1994 4036 hoc
2011 3980 2280 4053 quodtibi
2301 3980 2616 4053 importas?
2633 3979 2739 4034 Ubi
2753 3976 3234 4051 estsapientiailla
3245 3993 3418 4048 quam
3439 3975 3499 4030 in

1884 4070 1942 4123 te
1965 4069 2183 4124 dudum
2203 4069 2338 4124 satis
2358 4073 2521 4124 acute
2536 4068 2796 4141 vigilasse
2811 4065 3238 4140 conspeximus?
3252 4067 3362 4120 Ista
3373 4082 3501 4136 qua:

1884 4160 1946 4213 tu
1956 4157 2093 4213 facis
2112 4174 2229 4212 non
2243 4158 2510 4213 videntur
2523 4176 2643 4213 esse
2656 4156 3068 4228 vigilantis,sed
3079 4154 3234 4229 gravi
3248 4152 3501 4226 quodam

1883 4262 2088 4318 sopore
2104 4246 2377 4317 depressi,
2399 4263 2516 4302 non
2540 4247 2689 4301 clare
2705 4246 2970 4315 videntis,
2985 4248 3085 4303 sed
3103 4247 3243 4303 dure
3263 4247 3503 4320 lippien-

1881 4333 1974 4389 tis.
2010 4333 2433 4407 Expergiscere,
2458 4335 2694 4391 domine
2724 4336 2827 4403 mi,
2859 4336 3303 4408 aliquantulum,
3331 4338 3389 4390 et
3407 4352 3500 4391 ca-

1883 4439 2045 4495 pesse
2067 4425 2121 4477 te
2144 4423 2350 4495 ipsum.
2374 4423 2586 4479 Nescio"
2600 4424 2807 4496 quibus
2826 4424 3238 4480 fascinantibus
3258 4427 3417 4477 extra
3445 4427 3501 4478 te

1887 4510 2087 4567 ductus
2100 4528 2178 4566 es.
2193 4511 2425 4567 Enitere
2446 4512 2638 4585 quoad
2654 4512 2837 4584 possis
2857 4514 2920 4566 ut
2948 4512 3020 4567 ad
3034 4515 3088 4565 te
3111 4512 3296 4581 ipsum
3316 4527 3504 4565 rever-

1887 4600 2330 4674 taris.Loquitur
2347 4617 2453 4656 vox
2474 4602 2695 4659 divina:
2717 4602 2894 4674 Surge
2912 4603 3010 4672 qui
3016 4600 3233 4665 dormis,
3253 4607 3302 4653 et
3314 4616 3501 4655 exsur—

190 4684 562 4749 patrocinium
574 4687 896 4758 vindicasti,
921 4688 1364 4745 defensione.Te
1385 4691 1580 4745 autem
1610 4689 1788 4755 salvo,
1810 4687 1858 4749 C
1885 4706 1951 4761 ge
1976 4708 2010 4746 a
2034 4692 2278 4753 mortuis,
2299 4697 2349 4745 et
2374 4689 2699 4745 illuminabit
2721 4696 2770 4745 te
2794 4687 3038 4744 Christus
3066 4687 3279 4759 (ΕρΙιρε.
3309 4703 3363 4755 υ,
3388 4692 3497 4753 14).

191 4783 273 4824 res
294 4777 503 4831 nostra
528 4775 587 4830 in
615 4779 783 4847 portu
814 4776 1186 4849 navigabunt.
1233 4776 1515 4843 Quocirca
1542 4777 1789 4834 dimissis

190 4853 411 4917 interim
425 4864 656 4927 nostris,
670 4865 841 4920 rebus
854 4866 985 4936 tuis,
998 4866 1152 4937 quod
1166 4867 1340 4921 modo
1355 4866 1540 4937 magis
1548 4867 1787 4938 premit,

193 4944 234 4997 si
274 4948 463 5022 aliquo
522 4953 699 5008 modo
732 4954 953 5009 mederi
999 4954 1178 5025 possit
1217 4954 1635 5026 invigilandum
1679 4958 1782 5010 est.

191 5033 545 5106 Adjutorium
574 5044 836 5097 nostrum
867 5059 902 5097 a
929 5041 1202 5111 Domino,
1220 5044 1318 5116 qui
1344 5043 1479 5098 fecit
1504 5044 1712 5099 coelum
1730 5047 1789 5099 et

190 5121 416 5183 terram.
446 5129 596 5194 Quid
634 5134 721 5186 est
749 5131 878 5200 hoc,
919 5131 1155 5188 domine
1185 5132 1288 5200 mi,
1333 5132 1491 5205 quod
1535 5136 1696 5188 tanto
1728 5137 1786 5189 te

191 5223 428 5296 maerore
455 5219 669 5276 afﬁcis?
686 5220 1090 5293 Quidcontigit
1121 5222 1224 5277 tibi
1257 5222 1411 5279 unde
1432 5226 1702 5296 torquere
1729 5226 1787 5279 te

192 5295 433 5361 habeas?
455 5306 691 5364 Etiamsi
723 5309 922 5381 pericli
948 5309 1165 5383 aliquid
1198 5311 1368 5375 foret,
1405 5295 1561 5368 esset
1588 5316 1787 5369 tamen

192 5383 642 5469 ferendum,quia
663 5397 840 5455 levius
857 5398 922 5455 fit
937 5399 1218 5473 patientia
1244 5399 1525 5475 quidquid
1543 5402 1792 5475 corrige-

195 5487 251 5528 re
279 5482 360 5534 est
396 5484 556 5541 nefas
581 5487 681 5557 (l).
715 5487 871 5542 Istud
890 5504 1024 5544 vero
1049 5488 1202 5544 unde
1235 5504 1389 5546 nunc
1412 5492 1469 5545 te
1494 5489 1726 5562 aftligis,
1743 5491 1789 5546 si

263 5599 335 5668 (1)
363 5602 498 5661 Hea.
528 5604 714 5663 Carm.
741 5623 783 5675 1,
808 5609 898 5677 24,
936 5611 1019 5665 l9.

1883 4778 1966 4833 Tu
1984 4779 2206 4851 primus
2225 4778 2486 4835 autinter
2504 4780 2743 4851 primos,
2766 4776 2940 4833 etiam
2961 4780 3273 4847 antequam
3294 4792 3389 4828 rex
3405 4776 3501 4829 ﬁe-

1886 4870 1992 4935 ret,
2017 4867 2320 4923 dominum
2340 4866 2617 4923 illumtibi
2629 4864 3087 4938 praeelegistLTu
3108 4868 3303 4936 postea
3324 4880 3502 4934 quan-

1886 4958 2007 5010 tum
2029 4960 2277 5027 poteras,
2299 4955 2444 5009 sicut
2471 4953 2777 5025 magnifice
2805 4956 3053 5026 poteras,
3096 4956 3158 5006 ut
3201 4969 3297 5006 rex
3340 4951 3502 5005 ﬁeret

1886 5044 2159 5098 institisti.
2185 5043 2432 5098 Proinde
2460 5045 2619 5096 tanta
2659 5041 2717 5095 in
2757 5041 3001 5096 invicem
3050 5041 3323 5096 suavitate
3362 5057 3503 5095 con-

1886 5132 2095 5201 juncti,
2127 5135 2288 5187 tanta
2306 5131 2581 5187 cbaritate
2612 5129 2879 5199 devincti,
2911 5134 2966 5185 te
2992 5146 3166 5185 nemo
3212 5130 3269 5183 in
3292 5130 3502 5184 libera-

1886 5223 2016 5279 liter
2045 5220 2345 5276 serviendo
2372 5220 2479 5275 sibi
2501 5220 2779 5290 devotior,
2812 5237 2872 5276 se
2902 5237 3075 5276 nemo
3108 5220 3164 5274 in
3193 5217 3507 5274 amicabili-

1886 5315 1976 5367 ter
2003 5310 2336 5383 accipiendo
2364 5309 2636 5382 paratior,
2664 5327 2896 5383 prorsus
2924 5310 3143 5382 glutine
3166 5307 3419 5382 quodam
3450 5310 3508 5362 et

1887 5401 2112 5457 vinculo
2137 5398 2405 5455 amicitiae
2426 5400 2587 5473 quasi
2618 5399 3076 5474 inseparabiliter
3095 5398 3345 5470 colligati
3366 5397 3508 5451 fuis-

1890 5491 1983 5550 tis.
2009 5492 2306 5550 Postremo
2328 5488 2657 5566 ubicunque
2678 5491 2765 5546 vel
2806 5489 3266 5564 quandocunque
3296 5490 3394 5543 aut
3412 5502 3510 5544 ne-
