3888 6218
395 419 530 479 ias
951 406 1265 479 innotui
1284 387 1767 477 assensus.
1790 407 2010 474 EPlS'l'.
2041 409 2148 473 ω
2164 410 2524 476 manu
2543 413 2912 480 anastron.
2948 413 3168 485 mea.
3594 425 3734 493 me

391 541 625 601 cessitas
651 528 979 616 postulabat
992 545 1092 599 aut
1103 531 1452 616 jucunditas,
1479 540 1652 633 etiam
1679 539 1738 595 in
1763 539 1900 633 vitai
1911 555 2008 612 pe-

2117 547 2277 603 lectio
2301 566 2316 618 ;
2343 553 2642 611 conscriba
2661 571 2793 611 cum
2815 554 2942 613 aliis
2970 555 3320 633 coepiscopis
3341 557 3404 617 et
3423 561 3736 622 οὶ)ηᾶδὶτί-

401 631 581 688 riculo
610 631 860 688 ﬁdeliter
885 632 993 688 sibi
1037 631 1406 723 suifragando
1444 647 1562 685 non
1594 631 1814 723 deeras-
2107 641 2214 696 bus
2247 639 2354 695 tuis
2381 659 2395 710 ;
2428 659 2502 698 ne
2533 641 2804 700 ﬂatintra
2823 648 3033 702 sanctae
3063 629 3314 706 ecclesiis
3361 651 3620 723 parietes
3647 654 3732 710 di-

392 721 515 778 baac
545 722 827 778 beneficia
854 721 1053 778 omnia
1075 721 1134 776 in
1164 721 1326 776 illum
1353 720 1715 792 praerogaris,
1747 723 1806 774 et
1833 737 1898 775 ex
1916 719 2006 774 his
2110 729 2251 785 visio
2273 731 2614 799 schismaiis,
2638 734 2736 788 sed
2767 735 2958 806 potius
2987 735 3046 790 in
3073 739 3346 794 omnibus
3361 719 3586 813 i-egnet‘
3610 743 3732 799 uni.

392 827 572 882 penes
599 829 658 867 se
687 827 962 883 magnam
983 809 1085 864 tibi
1107 809 1376 882 gratiam,
1407 809 1742 876 amicitiam,
1769 808 2008 863 charita-
2107 820 2194 873 tas
2217 819 2527 877 charitatis.
2557 821 2754 878 Sentio
2775 825 3124 895 jamdudum
3169 830 3226 882 te
3263 829 3407 884 mihi
3438 808 3731 888 contraire

391 903 510 958 tam
535 901 666 992 jure
689 899 1047 992 conﬂaveris,
1079 899 1219 972 quid
1245 902 1330 954 est
1363 899 1471 992 hoc
1490 897 1859 992 quodHIuOdo
1901 896 2006 951 tibi
2105 908 2268 974 velle,
2297 911 2354 963 et
2380 909 2606 980 injustas
2627 912 2906 968 suasionis
2931 918 3133 972 notare
3159 919 3370 992 elogio,
3391 921 3730 992 bujusmodi

391 989 676 1064 imponis?
687 989 817 1057 Cur,
834 1004 965 1044 cum
986 989 1140 1046 bona
1160 987 1547 1060 promeruisti,
1561 986 1729 1041 malis
1745 989 1798 1041 te
1821 1002 2010 1040 remu-

2117 996 2296 1053 verbis
2319 1014 2333 1052 :
2362 1020 2391 1050 ‹‹
2415 997 2636 1054 Sanctis
2657 1004 2715 1055 et
2727 1001 2896 1072 justis
2921 1004 3094 1060 nimis
3119 986 3396 1076 injustam
3408 986 3593 1065 videri
3603 1014 3728 1079 ,ter-

393 1080 582 1137 narari
615 1077 946 1152 permittis?
976 1077 1216 1171 Difficile
1237 1079 1322 1171 est
1339 1091 1505 1171 reum
1528 1093 1648 1131 esse
1669 1074 2004 1171 maiestatis.
2107 1085 2234 1140 reni
2266 1085 2493 1159 imperii
2519 1089 2839 1160 potentiam
2888 1093 3074 1166 magis
3097 1074 3414 1152 τοιῖηιίάωιο
3443 1074 3621 1171 φηιῂ
3651 1101 3731 1156 di.

390 1170 502 1226 Nec
549 1167 772 1258 litteris,
817 1169 901 1258 utd
921 1165 1092 1258 audio
1141 1181 1247 1221 nec
1275 1165 1499 1258 legatiS,
1530 1165 1842 1258 parcendo,
1873 1177 2006 1258 prQ-
2106 1173 2322 1243 vinam,
2347 1175 2653 1233 dilectione
2673 1165 3008 1252 temporalis
3031 1184 3322 1240 suavitatis
3341 1165 3726 1258 prorocarein

389 1257 697 1326 mittendo,
720 1255 1115 1350 supplicando,
1163 1258 1220 1310 te
1248 1253 1322 1350 ad
1369 1270 1429 1350 se
1461 1253 2000 1350 accersiraupotest.
2107 1279 2167 1318 se
2197 1263 2344 1319 iram
2371 1265 2587 1338 absque
2612 1267 2726 1323 fine
2757 1268 3068 1340 punientis.
3095 1271 3308 1328 Sedem
3334 1253 3570 1348 quoque
3589 1277 3730 1350 epis-

391 1347 694 1415 Quomodo
719 1348 883 1419 potes
912 1345 972 1433 in
1017 1359 1212 1433 regno
1231 1343 1354 1433 ejus
1376 1343 1608 1433 babere
1625 1342 2005 1433 pontificium,
2107 1353 2366 1424 copalam
2388 1353 2476 1409 cui
2503 1355 2687 1424 sedes,
2710 1342 3723 1433 quamreperistiamplishonoribus,

388 1436 434 1492 si
465 1436 539 1491 ad
563 1451 624 1490 se
652 1433 848 1490 venire
873 1431 1222 1521 refragaris‘l
1249 1431 1398 1521 Quid
1411 1431 1614 1521 dicturi
1625 1432 1765 1521 sunt
1785 1431 2010 1502 judices
2107 1444 2334 1497 auctam
2354 1445 2646 1517 perlonga
2665 1449 2948 1503 terrarum
2960 1448 3143 1521 spatia
3157 1431 3455 1507 animum
3469 1467 3588 1508 non

387 1529 521 1580 cum
551 1523 610 1578 ίη
635 1521 854 1595 Ῐυάίοίο
892 1520 1031 1577 talia
1060 1520 1491 1575 mutuabuntur
1508 1519 1536 1574 ?
1575 1519 1714 1608 Vide
1762 1535 1835 1573 ne
1879 1535 2008 1608 891ξο
2108 1529 2193 1585 fas
2221 1534 2318 1586 tuo
2371 1533 2611 1589 arbitrio
2633 1535 2720 1589 vel
2741 1519 3081 1592 exhonorari
3107 1539 3194 1593 vel
3221 1539 3454 1608 arctari,
3483 1543 3544 1596 te
3573 1543 3725 1598 nolle

387 1612 550 1685 pejus
573 1612 675 1667 flat
703 1611 860 1684 quod
897 1609 1054 1682 prius
1083 1609 1288 1665 melius
1313 1608 1438 1663 fieri
1480 1607 1683 1680 potuit,
1717 1612 1775 1662 et
1827 1625 1900 1661 ne
1929 1607 2008 1661 ri-

2117 1619 2299 1676 subire
2329 1621 2670 1694 supplicium
2705 1631 2877 1680 causa
2931 1626 3269 1698 perditionis
3307 1607 3508 1685 rerum
3553 1632 3726 1688 eccle-

387 1717 495 1774 gor
525 1700 629 1755 ista
651 1717 768 1755 non
796 1699 1092 1766 fortitudo,
1132 1697 1232 1752 sed
1263 1696 2010 1791 duritia--m_agis_habeuda
2107 1707 2488 1765 siasticamm,
2514 1733 2543 1760 »
2571 1711 2785 1768 Absita
2813 1727 2908 1768 me
2933 1696 3018 1782 iit,
3051 1715 3161 1771 nisi
3189 1716 3492 1790 ἀθείρίδω,
3525 1721 3722 1791 huius-

387 1788 478 1844 sit.
512 1788 680 1876 Aliud
709 1789 795 1844 est
815 1789 1009 1842 autem
1036 1787 1245 1841 durum
1275 1801 1422 1876 esse,
1440 1784 1611 1876 aliud
1629 1786 1859 1840 fortem.
1893 1785 2009 1839 Du-
2041 1865 2086 1876 ﬁ
2107 1797 2267 1853 modi
2297 1797 2400 1852 tibi
2421 1801 2830 1870 persuadeam!
2863 1802 3066 1874 magis,
3105 1803 3152 1858 si
3173 1805 3289 1860 uno
3313 1784 3492 1862 ὶηοάῤ
3524 1784 3720 1876 δείξω,

386 1893 486 1934 rus
508 1893 614 1933 nec
642 1875 704 1932 in
739 1877 954 1932 bonam
1002 1878 1224 1948 partem
1275 1875 1544 1932 ﬂectitur.
1591 1875 1703 1932 Cur
1753 1891 1820 1930 ex
1842 1878 2006 1946 grato

2117 1885 2166 1940 lu
2196 1887 2318 1941 hac
2343 1865 2468 1959 ipsa
2490 1891 2546 1943 te
2579 1889 2785 1945 ducere
2810 1865 3005 1946 velini.
3049 1865 3332 1950 Procedat
3379 1865 3718 1968 Apostolus;

386 1965 700 2039 ingratum,
724 1982 791 2020 ex
811 1963 996 2020 amico
1019 1963 1341 2030 inimicum,
1381 1981 1448 2019 ex
1471 1963 2007 2019 muniﬁcantissimo

2117 1976 2376 2055 loquatur
2395 1993 2498 2048 pro
2520 1995 2615 2032 ma
2636 1977 2730 2033 illa
2751 1995 2845 2034 vas
2865 1979 3414 2050 dilectionis,doctor
3427 1963 3720 2055 gentium.

386 2054 489 2112 tibi
556 2053 924 2146 inliberaleni
981 2053 1118 2109 faCiS
1229 2053 1521 2146 Qnitiqllid
1576 2053 1722 2146 tibiJ
1741 2053 2005 2118 libuerat,
2107 2052 2248 2118 Ecce
2262 2064 2464 2120 doctor
2493 2068 2707 2122 noster.
2724 2067 2846 2122 Non
2867 2069 3026 2124 enim
3051 2087 3116 2124 ex
3137 2069 3346 2126 Iudaeis
3375 2051 3476 2128 sed
3502 2090 3573 2128 ex
3591 2091 3725 2146 gen-

385 2145 558 2218 prout
584 2141 841 2233 pluribus
877 2141 1189 2233 visum-est,
1223 2142 1376 2214 apud
1408 2141 2006 2233 illaulpbtingl‘epo-
2108 2152 2279 2209 tibus.
2313 2153 2460 2218 Quid
2490 2155 2572 2210 ait
2597 2158 2937 2228 Apostolus?
2959 2159 3147 2214 Omnis
3170 2162 3375 2229 anima,
3401 2141 3722 2233 inquit;po-

385 2235 596 2322 tueras.
627 2232 830 2289 Nonne
850 2232 1010 2286 tanta
1035 2229 1424 2322 tibi_potestas
1445 2229 1505 2285 in
1536 2230 1625 2286 his
1670 2229 2008 2322 regionibus
2109 2242 2385 2298 εεείαίειιω
2411 2243 2804 2300 sublimioribus
2822 2246 3034 2300 subdita
3075 2245 3169 2303 εει,
3198 2247 3330 2303 Νοη
3357 2255 3434 2303 εει
3456 2229 3605 2304 ελίηί
3621 2229 3718 2322 βο-

385 2321 458 2378 ab
483 2337 553 2377 eo
578 2337 848 2377 concessa
872 2323 976 2386 est,
1011 2322 1075 2374 ut
1096 2319 1170 2374 ad
1202 2321 1405 2374 nutum
1438 2322 1600 2374 tuum
1659 2319 1858 2374 omnia
1907 2336 2007 2392 pa-
2110 2336 2265 2385 testas
2291 2331 2398 2386 nisi
2423 2347 2460 2388 ιι
2496 2331 2630 2387 Deo.
2683 2331 2816 2400 Quae
2869 2341 3047 2391 autem
3074 2343 3219 2400 sunt,
3269 2351 3304 2392 α
3328 2335 3444 2392 Deo
3473 2319 3717 2392 ordinata

385 2409 600 2498 renati?
631 2408 735 2465 Cui
765 2411 1024 2498 nos,aut
1057 2411 1299 2498 caeteros
1322 2407 1420 2498 qui
1449 2409 1520 2464 de
1633 2413 2008 2498 praesumunt,
2106 2424 2250 2473 sunt.
2281 2419 2476 2491 Itaque
2499 2421 2598 2492 qui
2629 2423 2825 2477 resistit
2842 2425 3118 2494 potestati.
3143 2423 3252 2480 Dei
3282 2423 3620 2480 ordinationi
3645 2442 3719 2480 re-

387 2497 784 2554 defendendos
813 2497 1146 2570 relinquis?
1200 2497 1286 2553 Sit
1306 2497 1536 2552 animus
1555 2496 1738 2565 fortis,
1771 2496 1882 2553 sed
1918 2515 2012 2552 us-
2108 2507 2264 2561 sistit.
2301 2505 2409 2573 Qui
2433 2514 2612 2562 autem
2639 2511 2906 2578 resistunt,
2929 2511 3033 2582 ipsi
3057 2511 3170 2567 sibi
3207 2511 3615 2567 damnationem
3635 2530 3718 2568 at:-

387 2603 500 2660 que
523 2587 598 2642 ad
645 2585 1117 2658 temperantiam.
1153 2585 1317 2650 Quod
1375 2586 1616 2641 modum
1653 2586 2013 2658 supergredi-
2076 2623 2078 2625 ›
2110 2595 2348 2667 quirunt.
2375 2593 2775 2666 (Rom._x1u,l,
2808 2599 2865 2668 2)
2894 2599 3034 2654 Ecce
3064 2599 3205 2672 quid
3240 2601 3465 2668 hortor,
3496 2617 3629 2657 ecce
3663 2601 3716 2656 in

386 2677 483 2729 tur
511 2674 983 2742 immoderatum,
1016 2673 1472 2730 immoderatum
1494 2675 1906 2747 intemperans,
1930 2675 2014 2730 in-

388 2761 774 2834 temperantia
819 2762 1022 2817 vitium
1053 2766 1158 2818 est.
1191 2763 1452 2835 Amplius
1479 2780 1596 2818 non
1647 2764 2010 2836 progredior.

401 2851 460 2908 Si
486 2867 604 2906 non
626 2867 730 2922 pro
761 2853 840 2919 te,
871 2852 1076 2906 saltem
1125 2868 1230 2924 pro
1277 2851 1476 2907 ovibus
1503 2852 1616 2908 tuis
1657 2853 1762 2908 tibi
1800 2853 2014 2908 timen-

397 2939 536 2995 dum
567 2942 671 2995 est.
696 2941 776 2995 De
800 2939 1054 3012 periculo
1085 2941 1242 2996 enim
1277 2941 1471 3012 agitur
1497 2941 1579 2996 rei
1610 2941 1853 3014 publica:
1878 2945 2014 2998 tuae.

392 3027 451 3083 Si
477 3027 562 3083 ita
591 3031 654 3084 ut
680 3027 898 3101 cmpisti
948 3029 1248 3100 perstabis,
1299 3030 1528 3086 evenire
1570 3034 1758 3103 potest
1799 3029 1856 3084 in
1887 3034 2014 3086 tan-

2112 2698 2240 2754 quaa
2267 2683 2449 2752 duco;
2481 2684 2602 2740 imo
2641 2702 2759 2741 non
2805 2703 2934 2759 ego,
2965 2688 3066 2744 sed
3105 2689 3429 2760 Apostolus,
3459 2689 3581 2746 imo
3612 2707 3718 2745 non

2112 2771 2230 2839 ille,
2261 2772 2363 2827 sed
2390 2773 2669 2845 perillum
2687 2776 2834 2830 Deus
2855 2793 2870 2843 ;
2893 2778 2957 2830 ut
2986 2777 3086 2832 Dei
3115 2777 3474 2834 ordinationi
3500 2795 3620 2834 non
3637 2795 3718 2834 re-

2111 2855 2309 2914 sistitis
2331 2859 2622 2933 [resistas],
2656 2879 2762 2918 nec
2786 2862 2906 2935 ipse
2948 2863 3053 2919 tibi
3083 2864 3550 2922 dominationem
3576 2884 3718 2922 assu-

2114 2962 2260 3002 mas.
2291 2947 2566 3004 Fortassis
2575 2950 2685 3005 hoc
2702 2954 2788 3006 est
2799 2951 3264 3008 dominationem
3285 2953 3394 3009 sibi
3415 2971 3716 3024 assumere,

2115 3051 2185 3090 ea
2213 3052 2340 3117 quae
2366 3053 2400 3091 a
2423 3037 2854 3094 sublimioribus
2901 3040 3290 3112 injunguntur
3331 3042 3714 3114 supersedere.

393 3119 517 3173 tum
549 3133 678 3172 eam
709 3117 898 3173 vexari
927 3118 1014 3172 vel
1040 3117 1216 3174 etiam
1242 3114 1435 3192 diripi,
1484 3123 1551 3176 ut
1580 3123 1679 3176 aut
1717 3133 2015 3192 nunquam
2049 3190 2082 3196 μ
2115 3114 2238 3178 SedE
2259 3123 2412 3196 quia,
2445 3125 2584 3180 dum
2599 3128 2792 3182 tecum
2805 3128 3142 3196 eras,nimis
3170 3131 3476 3186 acutumte
3498 3135 3558 3186 et
3583 3132 3718 3186 clare

395 3209 496 3262 aut
518 3223 647 3262 sero
679 3210 998 3278 reparetur.
1049 3190 1409 3280 Quapropter
1429 3209 1754 3276 recordare,
1779 3190 2015 3264 domine
2036 3190 2090 3252 θ
2113 3190 2406 3268 videntem
2431 3226 2728 3284 noveram,
2762 3190 2989 3288 opinor,
3021 3216 3130 3272 boc
3151 3217 3382 3288 quodin
3403 3219 3714 3274 canonibus

397 3294 502 3362 mi,
533 3293 796 3351 Ecclesiae
841 3297 1051 3350 sanctis
1090 3296 1180 3352 cui
1224 3297 1516 3368 praesides,
1555 3297 1860 3352 recordare
1887 3314 2017 3352 om-

397 3382 560 3439 nium
590 3383 689 3457 qui
709 3383 813 3440 tibi
845 3375 1094 3440 libenter
1119 3384 1394 3440 serviunt.
1430 3385 1686 3459 Loquere
1735 3401 1866 3440 cum
1906 3384 2018 3441 illis

397 3472 496 3546 qui
524 3471 629 3528 tibi
659 3479 778 3528 non
816 3473 985 3529 aliter
1012 3489 1076 3528 ac
1108 3473 1214 3528 sibi
1263 3475 1586 3530 consultum
1622 3474 1840 3543 volunt,
1885 3490 2017 3529 cum

397 3561 636 3618 domino
665 3569 796 3618 meo
817 3561 1132 3619 venerabili
1157 3563 1585 3636 archiepisc0po
1605 3563 1692 3618 W.
1719 3562 2014 3638 [Wiligiso]

395 3650 674 3724 spirituali
705 3653 803 3707 tuo
853 3653 910 3708 et
954 3653 1122 3708 Patre
1162 3655 1222 3708 et
1249 3653 1449 3721 fratre,
1497 3669 1631 3708 cum
1679 3651 1918 3708 domino
1949 3651 2016 3707 I-l.

399 3739 746 3810 [Heribarto]
769 3736 949 3796 fratre
977 3741 1078 3796 tuo
1126 3739 1378 3808 utariuo,
1413 3740 1554 3796 item
1579 3739 1895 3796 venerabili
1923 3757 2015 3795 ar-

396 3826 778 3901 chiepiscopo,
810 3841 944 3884 cum
989 3829 1229 3884 domino
1257 3829 1318 3884 Β.
1350 3828 1724 3894 [Burchardo]
1753 3828 2019 3900 Wangio-

398 3931 541 3972 num
561 3917 848 3990 apiscOpo,
871 3917 1111 3990 aliisque
1134 3915 1400 3972 ﬁdelibus
1421 3919 1477 3970 et
1495 3917 1694 3972 amicis
1717 3917 1848 3973 tuis.
1874 3917 2020 3974 Con-

397 4003 590 4060 silium
621 4005 778 4078 quod
798 4004 902 4060 tibi
933 4003 1076 4059 dant
1107 4019 1222 4060 non
1255 4004 1543 4077 repudies.
1571 4005 1738 4070 Quod
1764 4005 1921 4062 enim
1947 4006 2018 4064 de

399 4096 455 4148 te
483 4093 694 4164 agitur,
749 4092 992 4148 illorum
1035 4093 1254 4164 pariter
1303 4094 1390 4148 est
1417 4095 1628 4149 tecum.
1674 4089 1733 4150 Si
1775 4095 2017 4152 istorum

398 4179 639 4236 consilio
669 4181 818 4236 ferte
843 4178 1164 4254 delinquas,
1194 4177 1306 4236 illis
1356 4181 1754 4255 imputabitur.
1809 4183 2020 4241 Habuit

401 4283 630 4340 quoque
651 4265 886 4324 fortuna
905 4279 1054 4342 ssapa
1075 4281 1396 4344 regressum
1419 4271 1513 4344 (2).
1538 4271 1704 4338 Quod
1726 4273 1900 4328 modo
1914 4273 2018 4329 im-

401 4355 589 4412 minet
611 4356 716 4413 tibi
748 4356 807 4413 in
837 4354 1102 4430 praximo
1129 4358 1384 4416 fortassis
1413 4361 1712 4434 continget
1753 4363 1812 4417 et
1827 4361 2012 4418 alteri.

397 4444 539 4502 Ideo
571 4463 690 4502 non
711 4445 886 4504 nimis
913 4448 1353 4506 formidandum
1381 4453 1465 4506 est
1489 4453 1554 4505 ut
1575 4451 1750 4506 modo
1783 4450 1884 4507 tibi
1907 4450 2015 4506 im-

399 4535 622 4608 ponant
673 4533 829 4608 quod
881 4537 989 4610 ipsi
1038 4539 1210 4610 paulo
1255 4542 1384 4611 post
1435 4539 1588 4595 ferre
1629 4539 2014 4613 refragantur.

473 4623 624 4680 Sane
653 4622 919 4697 plurimis
943 4623 1212 4684 fidelibus
1241 4627 1353 4682 tuis
1373 4627 1432 4684 in
1459 4631 1744 4684 conventu
1773 4625 2016 4684 fratrum

397 4717 654 4782 tuorum,
677 4714 775 4772 ubi
809 4713 1099 4773 ordinatio
1131 4716 1284 4772 facta
1313 4718 1419 4787 est,
1469 4720 1527 4773 te
1555 4718 1614 4773 in
1663 4717 2019 4773 audientiam

397 4801 594 4858 venire
615 4803 770 4860 nolle
790 4803 1098 4877 displicuit,
1121 4804 1510 4878 opinantibus,
1534 4805 1580 4861 si
1601 4805 1840 4862 omnino
1865 4805 2022 4860 inﬁr-

403 4907 565 4947 mare
594 4892 787 4960 velles,
829 4895 886 4947 te
916 4895 1202 4980 praesente
1235 4895 1422 4966 magis
1446 4893 1731 4949 infirmari
1751 4895 2021 4966 potuisse.

397 4979 512 5037 Sed
543 4980 679 5052 quia
703 4981 759 5034 te
792 4979 1079 5048 donante,
1107 4996 1340 5053 quoquo
1371 4981 1547 5036 modo
1576 4981 1822 5050 dederis,
1854 4997 2022 5053 paro-

397 5069 526 5124 chia
554 5067 688 5122 data
709 5071 812 5136 est,
845 5071 904 5123 et
943 5068 1142 5122 multis
1171 5069 1454 5140 religiosis
1504 5085 1568 5123 ac
1598 5069 2023 5124 venerabilibus

399 5155 530 5212 viris
549 5155 1064 5228 comprobantibus
1091 5156 1382 5212 ordinatio
1421 5157 1574 5212 facta
1602 5159 1706 5224 est,
1754 5157 2024 5230 quodque

399 5245 574 5301 tantis
599 5242 929 5300 auctoribus
959 5243 1296 5301 roboratam
1321 5261 1385 5300 ac
1433 5249 1624 5300 ratum
1654 5246 1872 5300 factum
1916 5249 2022 5312 est,

399 5331 632 5389 difﬁcile
652 5333 940 5388 annullari
953 5333 1012 5388 et
1023 5332 1253 5388 irritum
1267 5332 1393 5389 ﬁeri
1405 5334 1583 5401 valet;
1605 5333 1790 5401 cedat,
1805 5349 2020 5407 quaeso,

397 5422 671 5480 sanctitas
697 5424 796 5478 tua
823 5421 1057 5478 illorum
1078 5421 1366 5478 sanctitati
1386 5423 1481 5496 qui
1509 5421 1642 5478 huic
1668 5422 2021 5478 ordinationi

397 5510 828 5568 consentientes
867 5510 1360 5585 subscripserunt;
1396 5513 1704 5568 roboratur
1723 5527 1792 5566 ex
1817 5515 1876 5567 te
1904 5528 2020 5568 uno

401 5599 552 5668 quad
574 5599 700 5670 jam
730 5599 1048 5655 multorum
1079 5600 1487 5672 religiosorum
1513 5599 1876 5656 conﬁrmavit
1901 5601 2020 5656 col-

471 5718 737 5794 umnae.
767 5721 1004 5779 (Eneid.
1035 5739 1112 5792 xx,
1140 5725 1245 5782 413
1266 5725 1326 5780 et
1360 5725 1594 5782 426-27.

2116 3300 2346 3372 legitur,
2377 3302 2623 3358 honesta
2677 3303 3030 3376 praecipienti
3072 3307 3462 3362 obediendum
3493 3325 3634 3375 esse,
3654 3307 3722 3362 vi-

2115 3405 2198 3443 vae
2227 3390 2414 3444 adhuc
2443 3391 2744 3447 memoria
2769 3389 3136 3462 recondaris;
3165 3397 3225 3448 et
3247 3394 3362 3450 hoc
3402 3395 3548 3450 mihi
3574 3400 3722 3467 supe-

2115 3474 2402 3546 rin'ducas,
2456 3478 2589 3534 ideo
2643 3481 2697 3534 te
2743 3479 3100 3553 praecipienti
3159 3482 3318 3537 nolle
3372 3483 3718 3556 acquiescere

2116 3563 2252 3636 quia
2281 3564 2338 3620 in
2365 3565 2672 3622 honestum
2696 3567 2960 3624 videatur
2977 3569 3285 3625 Ecclesium
3311 3573 3474 3626 tuam
3505 3569 3718 3628 dioecesi

2117 3667 2221 3707 sua
2246 3653 2488 3725 privare.
2513 3653 2736 3710 Sanctis
2759 3655 3022 3712 Patribus
3067 3655 3584 3730 praedecessoribus
3605 3673 3716 3714 ves-

2117 3739 2242 3808 tris,
2273 3741 2338 3795 ut
2362 3741 2704 3808 audivimus,
2733 3757 2851 3798 non
2887 3743 3284 3813 inhonestum,
3316 3745 3420 3801 sed
3445 3746 3603 3802 valde
3625 3745 3719 3800 ho-

2118 3829 2346 3884 nestum
2371 3829 2430 3884 et
2456 3829 2594 3886 utile
2614 3830 2798 3886 visum
2827 3834 2916 3886 est:
2959 3831 3021 3887 in
3050 3831 3190 3888 locis
3235 3833 3344 3888 sibi
3389 3833 3713 3900 commissis,

2117 3919 2421 3990 postquam
2451 3918 2510 3974 in
2541 3917 2770 3974 tantum
2807 3919 2990 3992 gfevit
3033 3920 3282 3976 Ecclesia
3333 3923 3400 3976 ut
3445 3921 3552 3994 ipsi
3595 3934 3713 3975 eam

2115 4005 2360 4060 circuire
2394 4009 2452 4060 et
2479 4007 2784 4062 observare
2811 4020 2930 4063 non
2959 4009 3236 4078 valerent,
3267 4005 3415 4065 ali‘os
3437 4009 3538 4064 sibi
3565 4010 3712 4064 subs-

2114 4092 2328 4150 tituere
2353 4095 2680 4151 sacerdotes
2722 4097 2781 4150 et
2817 4111 2889 4150 ex
2923 4111 3040 4152 uno
3087 4097 3425 4170 episcopatu
3451 4092 3588 4153 duos
3625 4101 3716 4153 aut

2115 4185 2233 4238 tres
2258 4182 2484 4251 facere;
2517 4187 2582 4238 ut
2609 4183 2765 4256 quod
2808 4185 2954 4239 unus
2976 4185 3170 4240 minus
3199 4187 3416 4258 posset,
3449 4189 3484 4240 a
3511 4187 3712 4242 duobus

2113 4269 2411 4327 aut‘tribus
2427 4273 2768 4328 cumulatius
2788 4273 3166 4346 supp'leretur.
3189 4273 3301 4328 Sed
3314 4274 3456 4345 jam'
3471 4275 3710 4330 errorum

2115 4361 2286 4433 plena
2310 4363 2444 4414 sunt
2471 4360 2688 4415 omnia.
2717 4360 2803 4415 llli‘
2833 4363 3013 4416 totam
3032 4377 3272 4434 operam
3299 4377 3462 4418 suam
3483 4377 3584 4436 pro
3606 4363 3714 4418 ani-

2115 4449 2319 4504 mabus
2343 4448 2632 4504 lucrandis
2669 4449 3080 4518 insumebant;
3125 4465 3230 4504 nos
3269 4450 3560 4523 quomodo
3599 4453 3711 4506 co'r-

2041 4567 2094 4627 D
2115 4554 2259 4611 pora
2267 4537 2564 4627 foveamus
2575 4538 2862 4612 praecipue
2881 4538 3214 4610 satagimus.
3227 4539 3315 4594 Illi
3332 4541 3439 4612 pro
3453 4539 3608 4604 ccelo,
3621 4555 3715 4627 nos

2117 4641 2220 4698 pro
2243 4628 2398 4682 terra
2418 4626 2950 4698 disceptamus.N0n
2965 4629 3112 4682 esset
3126 4630 3326 4682 tamen
3347 4625 3714 4683 παρέπτετ-

2117 4731 2184 4770 ra
2209 4715 2376 4770 nobis
2403 4713 2540 4769 satis
2568 4715 2696 4770 erit.
2713 4716 2792 4770 De
2818 4716 2961 4770 cmlo
2982 4715 3301 4782 videamus,
3325 4715 3372 4770 si
3393 4717 3645 4772 velimus.
3661 4715 3712 4768 In

2118 4802 2210 4858 his
2239 4801 2506 4859 omnibus
2527 4804 2846 4876 temporale
2876 4803 3122 4872 lucrum,
3154 4804 3308 4874 quod
3331 4803 3596 4859 homines
3612 4815 3717 4856 ma-

2121 4891 2211 4963 gis
2241 4893 2494 4958 tuentur,
2527 4894 2584 4945 et
2609 4891 2669 4946 in
2701 4908 2814 4963 quo
2842 4890 3010 4945 famza
3033 4895 3145 4946 tuae
3178 4891 3410 4946 detrahi
3436 4889 3713 4954 formidas,

2125 4997 2241 5034 non
2271 4979 2654 5033 imminuatur
2675 4979 2982 5034 tibi.Multo
3005 4979 3162 5033 enim
3185 4980 3436 5048 potiora,
3465 4982 3527 5033 ut
3542 4977 3713 5037 audio,

2123 5072 2296 5140 atque
2327 5069 2557 5122 utiliora
2575 5068 2698 5138 jam
2726 5067 3000 5132 reddidit,
3039 5071 3213 5139 atque
3245 5067 3424 5122 etiam
3451 5067 3712 5127 redderet,

2123 5161 2181 5212 et
2209 5157 2394 5211 adhuc
2423 5157 2664 5212 forsitan
2697 5156 2918 5220 reddat,
2957 5157 3002 5210 si
3036 5160 3263 5210 tantum
3297 5156 3356 5210 in
3385 5155 3710 5211 audientiam

2123 5245 2334 5311 venias,
2365 5248 2424 5299 et
2447 5244 2760 5299 secundum
2792 5244 2948 5315 quod
2973 5245 3051 5298 tui
3083 5247 3382 5300 consortes
3410 5245 3511 5300 tibi
3531 5257 3714 5299 consu-

2123 5335 2244 5389 lant
2262 5350 2420 5405 ages.
2453 5333 2644 5388 Liceat
2694 5333 2838 5388 mihi
2859 5349 2998 5404 pace
3053 5335 3153 5387 tua
3201 5334 3313 5388 hoc
3359 5334 3512 5405 quod
3566 5343 3714 5402 super

2124 5423 2328 5478 eadem
2341 5439 2404 5477 re
2417 5432 2645 5477 mecum
2667 5422 2787 5494 ipse
2812 5422 3230 5476 sermocinatus
3249 5437 3309 5477 es
3327 5423 3432 5477 tibi
3461 5423 3516 5476 in
3535 5431 3710 5475 auram

2124 5524 2438 5566 susurrare.
2466 5511 2670 5566 Nonne
2690 5509 3010 5566 recordaris
3028 5509 3184 5582 quod
3205 5509 3265 5564 in
3283 5511 3476 5582 priore
3493 5523 3635 5564 anno
3649 5503 3710 5558 ad

2125 5599 2399 5656 eumdem
2425 5599 2616 5654 locum
2658 5599 2718 5654 C.
2751 5599 3085 5669 [Bambarg]
3133 5599 3304 5655 nobis
3353 5595 3708 5673 equitantibus
