3888 6218
183 488 313 560 lm
1141 493 1433 554 SERGIUS
1463 496 1533 553 Iv
1557 496 1757 554 PAPA.
1790 528 1840 540 _

1961 494 2153 553 l'l'l'l‘lA
2176 492 2541 554 HISTORICA
3358 492 3384 555 Vl
3395 488 3499 558 598

182 638 269 682 me
300 616 584 677 advocato
606 615 680 675 ad
698 619 775 687 te,
804 612 1201 692 hujuscemodi
1237 635 1588 686 sermonem,
1638 618 1798 691 quasi
1818 619 1874 680 Α
1903 637 2099 693 gressu
2119 620 2351 694 justitiae
2379 635 2607 675 cursum
2636 631 2934 691 peragere.
2965 614 3166 673 Errata
3193 613 3349 674 enim
3378 635 3497 676 non

182 709 492 785 praescires,
531 708 748 764 habere
779 707 1032 779 coepisti:
1068 729 1094 758 ‹‹
1119 706 1177 762 Si
1222 724 1321 761 rex
1346 707 1423 762 ibi
1474 707 1659 763 facere
1684 708 1797 762 vel-
1896 715 2050 767 recto
2083 712 2251 766 ductu
2282 712 2606 775 occurrunt,
2649 708 2747 762 sed
2790 724 2858 763 ex
2904 709 3224 763 transverso
3254 709 3311 763 et
3338 706 3499 764 devio

182 801 253 855 let
274 797 695 869 episcopatum,
722 797 885 851 facile
916 796 1080 849 illum
1106 795 1368 849 Ecclesiae
1389 798 1499 849 tute
1520 796 1673 867 quod
1692 795 1796 850 tibi
1897 800 2206 867 venientia,
2238 816 2272 853 a
2299 802 2452 853 recto
2478 797 2708 852 tramite
2730 797 3015 867 depellere
3035 796 3252 850 volunt.
3281 795 3501 868 Quippe

184 886 365 941 utilius
388 889 543 940 esset
565 901 727 957 posse
754 884 1029 949 tribuere,
1053 887 1108 937 te
1133 900 1369 954 parvum
1392 883 1523 937 inde
1548 884 1795 939 fructum
1900 892 2087 943 errata
2106 905 2222 943 non
2257 890 2445 942 essent
2474 886 2580 940 nisi
2607 902 2638 940 a
2659 887 2813 940 recto
2834 886 2976 940 calle
3002 884 3314 939 deviarent.
3338 883 3501 940 Unde

187 977 411 1040 habere,
444 977 633 1029 totam
665 974 823 1029 illam
853 976 1068 1027 terram
1098 989 1245 1044 pene
1267 972 1463 1027 silvam
1495 973 1796 1040 esse,Scla-
1899 981 1955 1031 et
1974 977 2031 1031 in
2055 976 2323 1049 operibus
2347 974 2581 1048 justitiaa
2610 973 2976 1045 praecipimur
2997 989 3186 1046 neque
3212 973 3285 1027 ad
3306 973 3500 1028 dexte-

186 1080 275 1120 vos
308 1063 387 1119 ibi
425 1063 719 1129 habitare,
753 1061 892 1116 tein
921 1062 1019 1116 illa
1052 1060 1375 1133 longinqua
1392 1062 1797 1133 velnunquam
1897 1084 2025 1122 ram
2055 1082 2243 1137 neque
2272 1065 2345 1119 ad
2365 1064 2657 1119 sinistram
2696 1063 3002 1118 declinare.
3036 1064 3151 1118 Hoc
3188 1063 3269 1118 ita
3288 1061 3500 1118 descri-

186 1154 262 1208 vel
280 1168 415 1208 raro
436 1151 685 1206 venisse.
711 1170 737 1197 »ι
763 1152 964 1205 Nonne
989 1151 1111 1205 haec
1134 1150 1191 1203 in
1217 1151 1368 1204 hunc
1390 1150 1627 1204 modum
1650 1149 1800 1204 dicta
1896 1158 2015 1227 pto,
2047 1155 2108 1209 in
2132 1154 2220 1209 his
2250 1171 2377 1226 qua:
2407 1170 2441 1207 a
2466 1169 2603 1223 rege
2641 1153 3000 1223 postulantur
3044 1152 3188 1207 nihil
3218 1151 3497 1217 invenies,

187 1258 296 1297 esse
325 1240 540 1296 recolis
561 1240 591 1294 ?
613 1239 725 1294 Cur
753 1239 929 1293 modo
961 1238 1190 1293 difﬁcile
1230 1239 1451 1292 videtur
1490 1238 1643 1310 quod
1666 1242 1798 1291 tunc
1897 1246 1958 1297 ut
1983 1259 2091 1311 ego
2129 1252 2495 1311 cognoscam,
2528 1238 2684 1312 quod
2711 1240 3055 1311 religionem
3097 1240 3269 1296 laedat
3303 1241 3391 1294 vel
3421 1239 3498 1294 ad

187 1330 340 1387 facile
370 1328 564 1384 visum
590 1327 720 1383 est?
748 1329 886 1382 Ecce
912 1327 1056 1398 jam,
1086 1329 1145 1380 ut
1171 1327 1418 1393 conﬁdo,
1452 1341 1799 1397 cognoscere
1898 1330 2170 1386 delictum
2200 1329 2450 1395 inducat,
2478 1342 2675 1382 verum
2706 1328 2903 1383 omnia
2922 1328 3095 1383 divini
3116 1329 3296 1383 cultus
3315 1327 3496 1400 pieta-

188 1422 337 1492 potes
362 1435 460 1472 me
495 1417 601 1472 tibi
633 1417 846 1489 injusta
876 1433 993 1471 non
1014 1432 1346 1485 suggerere,
1373 1432 1478 1470 nec
1500 1414 1717 1470 hortari
1741 1417 1803 1469 ut
1898 1422 2016 1474 tem
2039 1420 2324 1473 tueantur.
2349 1418 2464 1471 Hoc
2485 1420 2542 1471 et
2561 1415 2679 1487 ipse
2705 1416 2765 1470 in
2785 1417 3004 1485 synodo
3018 1416 3501 1484 miserabili,atta-

190 1508 305 1579 plus
332 1521 539 1576 regem
576 1505 779 1559 timeas
800 1521 974 1577 quam
1006 1506 1207 1570 Deum,
1238 1504 1333 1558 sed
1357 1506 1419 1557 ut
1464 1503 1627 1557 illum
1668 1520 1798 1574 pro-
1899 1523 2036 1562 men
2056 1507 2343 1561 luculenta
2365 1505 2626 1560 oratione
2646 1504 2998 1576 perstrinxit,
3022 1504 3177 1576 quia,
3198 1503 3245 1559 si
3273 1520 3333 1559 se
3353 1505 3503 1559 Dens

190 1597 306 1668 pter
333 1595 489 1649 hunc
524 1596 582 1647 et
610 1592 815 1661 diligas
852 1596 909 1647 et
956 1592 1248 1657 formides,
1296 1593 1650 1663 honesteque
1682 1609 1798 1646 non
1900 1595 2148 1667 privaret
2174 1595 2360 1650 fructu
2386 1592 2598 1647 ventris
2627 1592 2713 1646 sui
2742 1595 2797 1647 et
2824 1593 3099 1659 humana,
3131 1592 3291 1664 prole
3314 1592 3502 1646 exha-

189 1679 568 1752 prmcipienti,
601 1680 701 1734 sed
730 1680 1069 1751 supplicanti
1115 1696 1179 1733 ac
1225 1680 1542 1734 retribuere
1590 1678 1800 1734 volenti
1900 1683 2149 1749 redaret,
2171 1700 2230 1737 se
2252 1683 2455 1749 Deum,
2482 1681 2528 1735 si
2551 1680 2908 1751 dignaretur,
2932 1679 3178 1736 libenter
3197 1678 3303 1735 sibi
3323 1679 3506 1735 haere-

192 1769 493 1833 concedas;
522 1768 815 1839 leviusque
838 1768 941 1822 tibi
962 1767 1072 1822 erit
1092 1767 1300 1838 partito
1322 1767 1382 1821 in
1405 1767 1582 1822 alium
1603 1785 1799 1835 onere;
1903 1772 2035 1827 dem
2066 1772 2384 1837 facturum;
2415 1772 2472 1825 et
2492 1770 2565 1824 ad
2584 1770 2691 1823 hoc
2714 1769 2889 1824 nimis
2916 1768 3214 1824 humiliter
3243 1756 3507 1824 omnium

191 1856 402 1954 facilius
424 1873 662 1927 quoque
691 1856 760 1909 de
782 1855 1144 1927 paucioribus
1166 1856 1472 1909 animabus
1491 1872 1801 1927 procuran-
1835 1901 1885 1960 Β
1902 1859 2270 1931 praesentium
2292 1857 2565 1928 suffragia
2583 1857 2782 1927 poscit.
2807 1856 2865 1912 Si
2886 1856 3306 1922 interfueris,ut
3318 1855 3509 1928 propi-

195 1942 272 1999 dis
297 1944 594 1998 rationem
622 1945 737 1998 Deo
769 1943 1010 1997 reddere
1041 1944 1274 2014 poteris.
1835 1942 1885 1960 "
1904 1948 2046 2003 tium
2068 1951 2124 2001 te
2150 1946 2355 2013 sentio,
2384 1946 2580 2017 procul
2603 1944 2780 1999 dubio
2806 1943 3183 1999 miserereris.
3209 1943 3388 2014 Igitur
3408 1943 3512 1998 mi-

259 2031 1027 2096 Quodsiadhuccedercnon
1050 2031 1149 2097 vis,
1171 2032 1374 2103 etquia
1394 2030 1601 2101 legitur
1623 2032 1804 2087 Deum
1904 2038 2097 2103 tescat,
2130 2052 2231 2090 oro
2264 2038 2338 2099 te,
2390 2032 2619 2088 animus
2664 2034 2820 2099 tuus;
2873 2033 3001 2087 laxa
3046 2031 3238 2086 sinum
3286 2029 3513 2102 pietatis

198 2136 435 2191 regnare
464 2121 659 2175 facere
707 2120 1065 2191 bypocritam
1096 2122 1327 2191 prepter
1376 2119 1803 2190 perversitatem
1903 2129 2037 2190 tuae,
2058 2140 2226 2195 parce
2246 2122 2372 2189 tibi,
2395 2121 2669 2176 miserere
2690 2122 2923 2174 tuorum
2947 2117 3042 2190 (3).
3070 2118 3231 2184 Quod
3253 2116 3514 2189 hypocri-

198 2209 383 2279 popruli
404 2208 536 2277 (Job
563 2224 743 2273 xxxw,
772 2207 1281 2279 30),resistendum
1298 2210 1461 2278 putas
1475 2206 1583 2260 nisi
1614 2207 1806 2279 aliquo

1961 2230 1977 2267 ι
2000 2211 2123 2281 regi
2138 2211 2324 2265 facere
2341 2210 2641 2275 debueras,
2660 2208 2748 2262 fac
2760 2206 2890 2261 huic
2901 2206 3248 2278 religionem
3260 2208 3517 2260 astruen-

200 2300 540 2367 argumento
563 2298 892 2362 subruatur,
916 2296 1102 2351 dicam
1126 2296 1258 2350 inde
1282 2296 1433 2367 quod
1455 2295 1810 2367 sentio.Apo'—
1906 2299 1971 2354 ti.
1998 2300 2245 2354 Honesta
2264 2299 2527 2370 postulat,
2545 2296 2745 2351 eadem
2768 2294 2905 2350 satis
2933 2299 2991 2349 et
3008 2310 3180 2367 super
3196 2293 3518 2349 retribuere

199 2384 386 2451 stolus,
411 2401 705 2455 organum
729 2382 934 2439 Christi
958 2384 1221 2437 inﬂatum
1263 2400 1296 2437 a
1335 2383 1549 2454 Spiritu
1589 2387 1807 2451 sancto,
1907 2391 2090 2460 parat.
2109 2387 2168 2444 Si
2191 2387 2329 2459 quid
2350 2385 2609 2441 Ecclesia:
2633 2387 2745 2440 tuae
2766 2383 3079 2456 corporalis
3098 2380 3265 2455 spatii
3294 2381 3515 2436 subtra-

204 2472 394 2526 fallere
417 2489 789 2544 nequaquam
812 2475 1016 2543 potest.
1060 2471 1347 2543 Quidquid
1385 2474 1570 2539 sonat,
1610 2488 1808 2527 verum
1907 2476 2082 2543 hitur,
2123 2477 2232 2530 hoc
2264 2474 2419 2529 idem
2456 2473 2739 2545 spirituali
2780 2470 3159 2528 aediﬁcatione
3186 2470 3515 2541 suppletur;

204 2562 301 2625 est,
321 2560 420 2614 sed
442 2559 893 2630 intelligentiam
910 2558 1381 2631 qumrit.Quoties
1400 2559 1665 2630 exigente
1687 2576 1812 2614 ma-
1909 2565 2207 2636 multoque
2236 2562 2575 2618 honoratior
2621 2561 2733 2616 erit
2777 2560 3023 2616 fecunda
3068 2559 3131 2613 in
3177 2557 3295 2612 filia
3342 2573 3518 2629 quam

201 2645 317 2702 litia
336 2651 533 2702 nostra
556 2664 594 2701 a
612 2650 890 2719 potestate
915 2663 1165 2718 nequam
1185 2647 1811 2721 premimur,quidquid
1911 2652 2151 2708 omnino
2169 2653 2383 2723 absque
2402 2650 2595 2705 liberis
2615 2649 2822 2705 sterilis
2842 2648 3240 2703 remaneretet
3256 2644 3520 2700 infecun-

206 2735 363 2790 nobis
384 2737 457 2791 ab
479 2753 549 2790 ea
570 2735 899 2807 praecipitur
924 2735 1080 2807 quod
1101 2751 1133 2789 a
1156 2735 1264 2789 (ide
1289 2752 1404 2788 non
1428 2735 1737 2791 abhorreat
1756 2739 1814 2792 et
1911 2742 2003 2797 da.
2044 2741 2218 2796 Aufer
2238 2740 2568 2811 rubiginem
2606 2756 2642 2793 a
2678 2737 2872 2805 corde,
2910 2737 3157 2792 hilarem
3195 2737 3265 2790 te
3289 2734 3363 2789 ad
3397 2734 3522 2788 haec

205 2822 463 2893 religioni
484 2823 781 2879 catholicae
805 2840 922 2877 non
944 2823 1671 2889 adversetur,videturmihi
1689 2841 1811 2879 esse
1911 2831 2110 2887 omnia
2139 2830 2409 2900 deinceps
2429 2828 2686 2884 ostende.
2706 2828 2831 2881 Non
2843 2824 3035 2881 veniet
3047 2840 3177 2880 sero
3188 2839 3364 2896 quem
3374 2823 3523 2879 Deus

206 2909 548 2966 faciendum.
584 2912 755 2978 Dura,
789 2911 1064 2977 difﬁcilia,
1115 2912 1356 2965 molesta
1382 2915 1713 2980 grassentur
1749 2912 1809 2966 in
1911 2919 2181 2989 adjuvare
2200 2919 2335 2970 vult.
2366 2916 2525 2971 Unde
2546 2915 2722 2970 modo
2742 2913 3250 2980 tristaris,deeursa
3270 2910 3377 2965 ista
3390 2913 3519 2965 ten-

210 2999 386 3066 HObiS,
410 2999 737 3072 Parendum
758 3003 860 3053 θει-
887 2998 1020 3065 Qua“
1041 2998 1198 3053 enim
1218 3004 1362 3063 sunt,
1386 3018 1418 3051 a
1438 3000 1552 3053 Deo
1564 3000 1809 3053 ordinata
1912 3005 2131 3059 tatione
2153 3005 2268 3059 Deo
2290 3004 2537 3076 propitio
2561 3004 2807 3058 multum
2829 3001 2967 3056 inde
2986 2996 3290 3055 laetaberis.
3312 2999 3517 3053 Tenta~

205 3096 337 3141 sunt.
362 3088 444 3143 lbi
466 3088 755 3158 culpanda
779 3091 863 3141 est
886 3087 1132 3159 pravitas
1162 3090 1376 3153 nostra,
1413 3103 1528 3140 non
1556 3087 1814 3141 ferientis
1850 3156 1884 3162 _
1911 3094 1992 3147 tio
2024 3095 2109 3148 est
2135 3092 2247 3146 vita
2276 3092 2532 3145 humana
2571 3107 2742 3162 super
2778 3092 3013 3145 terram.
3060 3089 3183 3143 Non
3227 3090 3311 3141 est
3345 3086 3523 3142 homo

205 3173 433 3244 justitia.
466 3156 597 3232 Non
620 3177 777 3231 enim
809 3156 918 3230 nisi
938 3175 1305 3247 perversitate
1330 3177 1523 3229 nostra
1543 3179 1817 3243 regnaret
1839 3156 1885 3215 C
1914 3180 2011 3253 qui
2038 3197 2158 3234 non
2185 3179 2346 3233 bibat
2364 3179 2434 3232 de
2454 3156 2782 3232 calice-isto.
2806 3178 3113 3232 Convertat
3137 3177 3286 3231 Deus
3303 3175 3521 3229 luctum

209 3261 516 3334 hypocrita.
551 3265 611 3320 Si
642 3265 871 3337 quando
903 3280 1035 3318 vero
1059 3263 1383 3335 hujusmodi
1426 3262 1641 3335 aliquid
1662 3280 1695 3317 a
1714 3280 1815 3334 po-
1914 3272 2077 3322 tuum
2096 3268 2157 3321 in
2179 3265 2476 3337 gaudium.
2501 3265 2681 3318 Nimis
2700 3268 2974 3335 augustor
2995 3263 3150 3334 quod
3164 3265 3282 3317 tam
3306 3261 3527 3316 dudum

216 3352 404 3406 testate
432 3354 534 3408 illa
566 3354 732 3409 nobis
777 3353 1115 3424 injungatur
1154 3353 1307 3423 quod
1345 3352 1429 3406 vel
1470 3351 1816 3421 religionem
1917 3358 2002 3409 est
2021 3355 2174 3426 quod
2196 3355 2250 3407 te
2278 3369 2383 3408 nec
2413 3351 2697 3407 audierim
2736 3367 2843 3418 nec
2882 3350 3143 3405 viderim.
3167 3350 3300 3404 Ideo
3322 3348 3526 3404 vellem

216 3439 485 3510 vulneret,
510 3442 600 3495 vel
638 3443 711 3496 ad
750 3445 1043 3513 peccatum
1082 3443 1298 3510 vergat,
1340 3440 1518 3494 libere
1550 3439 1817 3494 resisten-
1918 3441 2133 3513 aliquid
2164 3440 2364 3495 audire
2412 3443 2667 3505 tuorum,
2712 3438 2826 3492 sive
2876 3454 2978 3509 per
3021 3436 3259 3503 litteras,
3290 3436 3404 3491 sive
3425 3452 3531 3507 per

220 3527 345 3584 dum
367 3546 608 3597 censeo;
634 3530 891 3602 quamvis
906 3531 1014 3584 hoc
1037 3545 1153 3583 non
1175 3529 1427 3601 proprie,
1448 3529 1547 3583 sed
1567 3528 1818 3595 abusive,
1918 3528 2101 3584 vivam
2126 3542 2344 3583 vocem.
2388 3525 2505 3582 Sed
2537 3526 2611 3579 sit
2629 3524 2908 3579 arbitratu
2932 3527 3051 3578 tuo.
3080 3521 3229 3577 Satis
3256 3537 3531 3593 operosus

219 3615 425 3673 dicatur
444 3621 704 3685 resistere,
728 3622 915 3673 errata
960 3618 1269 3685 declinare,
1311 3622 1367 3672 et
1406 3620 1560 3671 recto
1600 3617 1823 3671 itineris
1921 3635 2003 3681 es,
2033 3633 2152 3671 non
2184 3614 2368 3670 audeo
2401 3613 2588 3685 magis
2610 3616 2665 3667 te
2688 3611 3027 3682 defatigare.

281 3742 351 3812 (3)
384 3743 475 3815 Sic
506 3759 689 3815 prope
714 3743 864 3815 apud
902 3741 1205 3815 Virgilium
1244 3739 1507 3815 (zEneg'd.
1549 3739 1826 3815 x1)Dran-
1923 3741 2182 3815 superius
2212 3740 2285 3794 ad
2310 3736 2489 3793 Turni
2517 3735 2842 3791 orationem
2872 3731 3079 3789 Dranci
3106 3728 3530 3804 respondentis.

218 3825 320 3877 ccs,
352 3814 424 3868 ad
449 3812 823 3885 cu'jus'verba
850 3813 1054 3867 alludit
1098 3813 1191 3866 hic
1236 3812 1540 3879 Arnoldus,
1564 3815 1627 3865 ut
1654 3813 1824 3883 paulo
1927 3812 2024 3868 Eo.
2056 3814 2293 3866 PATROL.

216 3988 1840 4002 -α-ύ--ησ--ῌ

1529 4057 1709 4102 ANNO
1776 4047 2011 4101 DOMINI
2072 4054 2223 4100 MXII

943 4169 1849 4312 SERGIUS
1931 4174 2150 4312 IV
2246 4160 2811 4307 PAPA

1190 4500 1782 4607 NOTITIA
1870 4495 2628 4603 HISTORICA‘L

1035 4669 1365 4738 (Cucomus,
1402 4667 1484 4720 De
1538 4667 1678 4722 Vitis
1702 4666 2074 4721 Romanorum
2120 4665 2457 4736 pontiﬁcum,
2493 4681 2550 4736 p.
2584 4665 2733 4731 284.)

231 4852 457 4930 Sergius
502 4857 587 4923 ιν,
611 4855 773 4930 ‘Petri
825 4855 1049 4909 Martini
1090 4854 1260 4930 filius,
1305 4856 1619 4930 Romanus,
1665 4853 1843 4930 Bucca
1862 4861 1913 4919 1)
1943 4853 2167 4930 interea
2188 4867 2320 4903 vero
2344 4850 2465 4930 ejus
2486 4848 2725 4930 consilio
2747 4851 2804 4902 et
2822 4847 3251 4930 monitionibus.
3267 4848 3555 4930 principes

267 4917 377 4979 orci
399 4917 794 4993 antea'dictus,
820 4943 887 4979 ex
905 4930 1088 4980 castro
1112 4917 1306 4991 Lunae,
1333 4923 1647 4977 monachus
1672 4925 1843 4977 antea
1864 4917 1888 4919 ⁷
1942 4921 2118 4993 italiae
2161 4917 2734 4993 composi_to__foedere
2778 4917 3017 4972 consilia
3054 4917 3284 4993 ineunt"
3300 4917 3553 4988 pellendi

273 4996 649 5057 enedictinus,
675 4997 822 5049 sedit
851 5013 1034 5051 annos
1081 5014 1140 5062 ιι,
1187 5011 1415 5048 menses
1458 5010 1532 5059 ιχ,
1577 4993 1696 5046 dies
1746 5009 1840 5060 xu,

231 5070 444 5137 creatus
472 5085 539 5121 xv
572 5069 694 5127 Kal.
720 5067 1095 5137 Septembris,
1119 5083 1273 5119 anno
1300 5069 1454 5119 1009.
1492 5063 1587 5116 Vir
1605 5063 1840 5137 sanctis-

232 5134 402 5208 simus
432 5140 580 5203 vitm,
610 5134 903 5208 grataeque
934 5136 1386 5208 consuetudinis,
1410 5140 1467 5189 et
1495 5138 1630 5188 ante
1650 5134 1841 5208 ponti-

234 5203 479 5280 ﬁcatum,
504 5213 561 5263 et
582 5203 640 5263 in
664 5209 785 5279 ipso
808 5203 1142 5280 pontificatu
1164 5207 1291 5280 fuit,
1318 5207 1376 5259 in
1396 5203 1839 5280 paupereslibe-

233 5276 381 5344 ralis,
412 5274 473 5333 in
503 5274 720 5334 amico—3
759 5274 823 5333 et
857 5279 1170 5332 familiares
1200 5274 1529 5347 jucundus;
1563 5276 1621 5328 in
1654 5274 1837 5329 delin-

233 5352 465 5414 quentes
495 5352 770 5416 clemens,
804 5350 862 5402 in
902 5352 1267 5403 contumaces
1309 5348 1618 5401 modestus.
1649 5347 1842 5400 Tantm

234 5419 548 5493 prudentiae
574 5424 855 5493 praeterea
877 5420 1003 5493 fuit,
1033 5422 1094 5473 ut
1124 5423 1366 5493 toto-suo
1386 5418 1733 5493 pontiﬁcatu
1762 5417 1843 5493 nil

236 5488 601 5570 commissum
623 5491 696 5545 sit
716 5491 1058 5570 quemerito
1080 5488 1425 5569 reprehendi
1467 5488 1842 5570 gubernantis

241 5561 587 5632 negligentia
612 5561 808 5634 possit.
834 5563 896 5615 In
923 5563 1104 5616 Deum
1135 5561 1292 5614 enim
1315 5576 1552 5634 omnem
1584 5562 1841 5634 mentem

240 5629 566 5713 convertens
590 5629 769 5713 (quod
785 5633 971 5686 facere
994 5647 1195 5712 omnes
1207 5629 1840 5713 pontificesdeberent),

237 5700 379 5822 £18m
416 5708 587 5778 atque
627 5700 852 5772 integre
885 5701 1086 5784 omnia
1120 5718 1187 5755 ex
1210 5700 1424 5782 animi.
1442 5701 1527 5755 sui
1557 5700 1842 5785 sententia

281 5779 387 5822 ene
412 5772 620 5822 nativa-
666 5775 724 5822 et
766 5773 1022 5822 moribus
1071 5770 1314 5822 instituti
1342 5782 1428 5822 sui
1460 5771 1839 5822 mbarnahat.

281 5779 387 5827 ene
412 5770 620 5844 nativa,
666 5775 724 5831 et
758 5770 1022 5829 inm-ibus
1070 5770 1314 5829 instituti
1342 5772 1428 5826 sui
1459 5771 1839 5845 gubernabat.

1944 4987 2345 5045 Sarracenos’a
2367 4988 2558 5043 Sicilia
2581 4987 2785 5058 insula,
2809 5002 2984 5058 quam
3004 5004 3109 5058 per
3129 4987 3338 5041 multos
3368 5002 3552 5043 annos

1945 5060 2335 5132 detinuerant,
2357 5060 2527 5130 idque
2569 5057 2761 5112 moliri
2790 5057 3025 5128 paribus
3054 5058 3266 5112 animis
3290 5060 3348 5113 et
3373 5060 3552 5132 copiis

1947 5131 2267 5185 instituunt.

2014 5204 2212 5255 Annus
2238 5202 2372 5257 1010
2404 5198 2583 5253 nobili
2611 5199 2977 5269 Ungarorum
2998 5198 3071 5253 ad
3090 5197 3555 5269 ﬁdemAChristia-

1945 5289 2080 5326 nam
2102 5271 2474 5326 conversione
2498 5267 2829 5324 nobilitatus
2851 5271 2953 5323 est.
2978 5269 3168 5340 Ipsum
3180 5267 3457 5340 faciendae
3468 5269 3554 5324 rei

1944 5343 2274 5422 initiumab
2297 5342 2418 5422 ipso
2452 5358 2588 5411 rege
2618 5343 2703 5394 est
2722 5340 2976 5421 ductum,
2999 5338 3251 5421 quicum
3280 5338 3551 5411 Giselam,

1944 5413 2190 5490 _Hei_nri_ci
2220 5407 2375 5490 regis
2390 5407 2670 5479 sororem,
2688 5410 2902 5490 eximia
2907 5407 3098 5490 specie
3112 5407 3396 5490 virginem
3415 5407 3554 5465 cen-

1935 5484 2099 5557 jugio
2132 5479 2441 5557 impetrare
2468 5499 2583 5557 non
2610 5484 2819 5556 posset,
2861 5479 2972 5557 nisi
3028 5479 3353 5536 Christiana
3379 5494 3554 5557 sacra

1940 5550 2272 5627 susciperet,
2303 5555 2453 5609 ultro
2482 5554 2557 5627 ad
2594 5550 2829 5627 sacrum
2857 5550 3440 5627 lavacrumaccessit,
3488 5569 3555 5608 ac

1943 5621 2177 5699 gentem
2208 5642 2370 5681 suam
2402 5622 2772 5697 pulcherrimi
2804 5622 2936 5678 facti
2968 5621 3294 5678 imitatione
3318 5621 3552 5680 sucCeu-

1943 5699 2045 5755 dit.

2009 5766 2473 5827 Romualdus‘vir
2501 5766 2801 5827 suum
2823 5763 3082 5824 moribus
3103 5766 3162 5821 et
3178 5763 3400 5839 pietate
3413 5765 3555 5824 imi-
