3888 6218
185 469 287 530 1501

1344 464 1703 524 EPISTOLAE
1732 463 1819 523 ET
1855 465 2245 525 DlPLOMATA

3312 466 3458 531 1602.

182 597 263 659 set,
289 589 576 665 reperitur,
606 591 775 661 atque
812 588 1103 662 quomodo
1148 590 1263 661 ipse
1313 591 1592 661 Sylvester
1630 590 1740 661 piae
1762 590 2164 657 Aclesiasticm
2213 589 2533 647 smcularive
2583 606 2845 661 persona;
2884 587 3121 647 facultas
3172 591 3242 646 sit
3293 594 3448 651 idem

181 682 437 737 memoriae
486 682 760 735 Romanze
820 680 1080 734 Ecclesia?
1131 681 1333 750 prwsul
1388 681 1745 750 deprecasset

183 770 467 833 Henricum,
500 767 594 839 qui
625 784 692 821 eo
724 770 983 838 tempore
1006 768 1273 821 ducatum
1296 769 1527 821 tenebat
1551 768 1744 820 Baina-

180 858 382 919 riorum,
404 860 465 910 ut
488 855 870 927 supradictum
898 856 1280 924 patriarcham
1306 858 1570 909 moneret
1588 858 1649 908 ut
1671 856 1742 908 ab

182 945 503 1001 infestatione
535 948 743 997 sancta)
774 944 1097 997 Parentium
1132 945 1391 998 Ecclesia:
1425 945 1737 997 recederet.

182 1036 312 1101 Quod
340 1037 683 1087 memoratus
708 1032 978 1085 llcnricus
999 1033 1185 1084 facere
1211 1050 1325 1086 non
1354 1032 1554 1102 potuit,
1578 1049 1743 1085 eum-

180 1142 265 1197 que
292 1123 357 1177 ad
382 1139 436 1176 se
465 1138 664 1176 vocare
698 1121 848 1181 fecit,
881 1121 979 1173 sed
1010 1124 1269 1191 tempore
1313 1121 1549 1175 distulit.
1583 1121 1741 1173 Unde

179 1213 271 1283 ipse
294 1211 563 1281 Sylvester
590 1226 732 1280 papa
786 1209 892 1279 piae
942 1208 1235 1262 memoriae
1282 1210 1622 1279 protestatus
1662 1210 1745 1260 est

178 1315 427 1355 canonum
460 1299 632 1351 libros
653 1303 822 1369 atque
856 1299 1071 1363 legum,
1110 1297 1165 1350 in
1199 1297 1404 1368 quibus
1436 1299 1745 1367 pra-sentes

177 1387 416 1457 capitulos
450 1386 684 1457 reperit,
712 1388 819 1440 hoc
863 1391 947 1439 est
986 1385 1040 1437 in
1075 1386 1466 1453 octuagesimo
1498 1384 1744 1454 septimo

177 1476 310 1530 titulo
338 1474 581 1528 Africani
620 1473 844 1528 concilii
872 1490 884 1527 :
921 1496 947 1522 «
983 1475 1170 1527 Placet
1195 1477 1255 1525 ut
1276 1473 1599 1543 quicunque
1631 1472 1747 1542 epi-

176 1563 298 1633 scopi
320 1564 504 1633 plebes
524 1579 664 1634 quas
686 1563 757 1616 ad
788 1579 949 1639 suam
971 1562 1224 1614 cathedr.
1251 1560 1580 1613 existimant
1610 1576 1746 1629 per-

176 1652 347 1717 tinere,
378 1668 489 1706 non
515 1651 595 1704 ita
624 1652 888 1721 repetant
920 1654 979 1703 ut
1000 1666 1194 1703 causas
1215 1648 1746 1718 suasjudicantilms

175 1737 417 1807 episcopis
445 1740 642 1807 agant,
674 1738 769 1789 sed
800 1736 910 1789 alio
940 1736 1237 1789 remittere
1273 1735 1608 1793 meruerint.
1633 1734 1745 1787 sive

174 1824 450 1879 volentibus
461 1824 582 1877 sine
597 1841 712 1878 non
727 1824 1045 1876 volentibus
1061 1822 1319 1893 plebibus
1334 1821 1743 1875 detrimentum

1841 684 2088 733 castrum
2118 680 2399 741 minuere,
2452 680 2721 734 infestare
2764 682 2847 734 vel
2892 681 3007 734 suis
3048 680 3240 733 usibus
3264 680 3450 736 vindi-

1842 785 1989 831 care,
2021 769 2119 820 sed
2151 768 2407 839 quietum
2430 769 2554 833 tibi,
2578 769 2717 821 sicut
2745 786 2777 822 a
2800 769 2965 823 nobis
2986 786 3319 823 concessum
3344 773 3449 837 est,

1843 861 1899 909 et
1930 856 2218 919 integrum
2264 861 2645 911 conservetur.
2694 856 2753 911 Si
2797 874 2910 928 qua
2960 858 3136 925 igitur
3188 859 3451 913 ecclesia-

1841 945 1979 997 stica
2035 945 2383 999 ssecularisve
2439 962 2683 1015 persona
2744 948 2983 1011 temere,
3053 947 3206 1017 quod
3262 943 3450 1001 absit!

1841 1033 2105 1086 adversus
2133 1033 2239 1086 ista
2270 1033 2715 1103 praesumpserit.
2749 1034 2997 1088 secundo
3024 1034 3264 1088 tertiove
3292 1051 3456 1087 com-

1843 1121 2065 1173 monita
2094 1121 2137 1173 si
2186 1136 2300 1172 non
2334 1120 2716 1175 satisfactione
2753 1138 3007 1191 congrua
3033 1123 3452 1190 emendaverit,

1844 1213 2077 1267 honoris
2100 1215 2155 1265 et
2177 1212 2347 1265 officii
2370 1211 2452 1264 sui
2478 1212 2789 1281 periculum
2816 1211 3081 1281 patiatur,
3104 1214 3200 1264 aut
3221 1228 3453 1264 excom-

1846 1300 2252 1355 municationis
2281 1300 2498 1353 ultione
2526 1301 2822 1369 plectatur.
2859 1299 2963 1362 Qui
2990 1317 3120 1355 vero
3151 1316 3452 1354 conserva-

1845 1392 1936 1443 tor
1958 1388 2259 1453 exstiterit,
2284 1387 2699 1457 omnipotentis
2723 1385 2818 1440 Dei
2844 1389 2900 1440 et
2920 1387 3307 1457 apostolorum
3331 1388 3455 1456 ejus

1846 1477 1995 1531 Petri
2038 1480 2095 1530 et
2124 1476 2278 1529 Pauli
2305 1476 2549 1543 gratiam
2575 1474 3022 1529 misericorditer
3047 1478 3450 1546 consequatur.

1916 1567 2033 1633 Ego
2067 1565 2299 1629 Sergius
2328 1564 2621 1618 catholicae
2656 1563 2916 1617 Ecclesia:
2940 1562 3255 1633 episcopus.

1916 1655 2119 1707 Datum
2153 1653 2413 1706 Laterani
2436 1669 2537 1722 per
2566 1669 2806 1706 manum
2830 1650 3087 1721 Gregorii
3111 1654 3319 1704 sancta:
3346 1651 3456 1705 Ro-

1846 1759 2031 1795 manae
2066 1741 2325 1794 Ecclesire
2356 1740 2664 1794 cardinalis
2712 1739 3051 1810 presbyteri,
3085 1756 3144 1793 ιιι
3176 1738 3461 1794 Kalendas

1845 1830 2069 1899 Aprilis,
2118 1829 2429 1883 Dominicae
2483 1828 2899 1884 lncarnationis
2941 1845 3097 1885 anno
3147 1826 3459 1884 millesimo

172 1913 480 1983 patiantur.»
499 1914 575 1966 Ex
601 1912 895 1965 mundana
914 1911 1091 1964 etiam
1112 1912 1237 1977 lege
1258 1912 1365 1964 hoc
1384 1913 1536 1963 recte
1560 1911 1745 1962 facere
1768 1948 1817 2006 B
1845 1919 2090 1984 decimo,
2124 1918 2439 1972 indictione
2466 1935 2583 1972 γιιι,

172 2017 305 2070 posse
324 2001 604 2070 cognovit.
632 2003 771 2054 Nam
791 2017 922 2053 cum
946 2001 1013 2052 dc
1044 2000 1153 2053 hoe
1180 1998 1533 2052 Justinianus
1564 1997 1747 2067 impe-

171 2092 300 2143 rator
328 2089 382 2142 in
412 2092 605 2143 octavo
628 2090 771 2143 libro
798 2088 1225 2142 lnstitutionum
1252 2104 1263 2140 :
1291 2110 1315 2135 ‹‹
1344 2086 1558 2161 Siquis
1587 2104 1747 2140 ausu-

170 2176 427 2249 propriam
450 2194 571 2231 rem
597 2176 889 2248 occupavit
914 2194 925 2229 :
951 2176 993 2229 si
1018 2193 1114 2229 sua
1138 2179 1239 2241 est,
1263 2175 1517 2241 amittat;
1543 2174 1587 2227 si
1610 2174 1745 2228 alie-

172 2280 246 2327 na,
274 2263 444 2333 ipsam
471 2264 916 2317 aestimationem
942 2263 1022 2316 rei
1055 2263 1274 2317 reddat.
1305 2284 1329 2309 υ
1355 2261 1566 2315 Idcirco
1591 2265 1749 2315 tanta

171 2350 469 2403 auctoritate
491 2353 824 2404 sanctorum
854 2354 1083 2403 Patrum
1107 2354 1277 2419 atque
1312 2350 1503 2417 legum
1544 2348 1747 2400 sutful-

170 2438 607 2509 tus,privilegium
632 2438 730 2491 tibi
755 2438 1246 2508 facerepraecepit,
1272 2441 1329 2489 et
1352 2453 1483 2490 eum
1506 2441 1747 2505 paterne

169 2526 325 2579 valere
353 2527 793 2582 commendavit.
830 2528 943 2579 Hoc
966 2543 1072 2595 ego
1096 2542 1467 2595 cognoscens,
1490 2524 1748 2595 supradi-

171 2616 243 2665 cta
269 2613 404 2679 loca,
435 2613 491 2668 id
523 2616 611 2667 est
639 2612 839 2667 Ruvini
869 2612 1159 2683 parochia,
1193 2616 1250 2665 et
1276 2612 1386 2665 duo
1414 2612 1666 2677 castella,
1692 2613 1749 2664 et

170 2699 318 2766 vallis,
348 2701 625 2773 privilegii
669 2700 945 2771 paginam
994 2700 1121 2765 tibi,
1155 2702 1230 2765 et,
1277 2700 1421 2753 sicut
1468 2700 1749 2769 Sylvester

168 2790 517 2858 praedecessor
540 2793 737 2843 noster
759 2788 1140 2853 conﬁrmavit,
1165 2788 1471 2853 confirmo,
1495 2792 1665 2858 atque
1688 2787 1747 2841 in

169 2879 420 2931 aeternum
450 2880 637 2932 valere
677 2876 968 2948 praecipio.
1005 2876 1168 2939 Quod
1202 2876 1245 2928 si
1276 2874 1480 2946 aliquis
1504 2875 1749 2945 patriar-

169 2964 273 3031 cha,
317 2972 410 3021 aut
438 2966 757 3037 episcopus,
786 2965 871 3017 vel
912 2964 1180 3035 qutelibet
1220 2979 1434 3034 magna
1464 2979 1748 3034 parvaque

169 3068 384 3122 persona
405 3054 713 3117 contraire,
744 3054 830 3106 vel
855 3056 980 3106 tuos
1011 3068 1360 3105 successores
1393 3051 1542 3104 ultra
1564 3050 1633 3103 de
1655 3068 1751 3103 su-

166 3140 406 3209 pradictis
428 3143 565 3196 locis
580 3142 830 3211 aliquam
848 3139 1387 3194 inconsuetudinem
1406 3138 1593 3191 facere
1606 3154 1748 3207 prte-

166 3230 461 3300 sumpserit,
484 3230 556 3283 sit
579 3229 761 3282 fossus
782 3228 973 3298 gladio
998 3228 1111 3281 mei
1133 3226 1621 3291 anatliematis,et,
1641 3226 1747 3279 nisi

166 3317 259 3371 cito
302 3318 623 3389 resipuerit,
664 3334 796 3371 cum
843 3317 987 3371 Juda
1040 3316 1270 3371 Domini
1318 3315 1432 3369 mei
1476 3314 1747 3369 traditore
1775 3326 1822 3384 α

165 3407 550 3476 perpetualiter
582 3411 802 3477 gemat.

224 3493 494 3567 Scriptum
521 3512 629 3567 per
661 3512 866 3549 manus
894 3493 1181 3548 Benedicti
1210 3492 1397 3563 gratia
1418 3491 1518 3547 Dei
1540 3490 1748 3545 notarii

164 3582 447 3651 regionarii
478 3589 538 3640 et
565 3583 827 3637 scrinarii
856 3582 911 3637 S.
937 3584 1213 3637 Romanas
1242 3581 1527 3647 Ecclesiae,
1552 3596 1749 3636 mense

162 3670 337 3727 Martio
361 3672 479 3728 ind.
514 3675 735 3728 octava.

223 3777 360 3833 Bene
388 3780 592 3835 valete.

911 3868 976 3921 ll.

576 3946 689 4033 alia
744 3964 955 4028 litterae,
1004 3963 1194 4033 quibus
1240 3961 1481 4018 Vediano
1532 3960 1753 4033 cuidam

556 4032 789 4089 curiense
819 4034 972 4090 titulo
1000 4032 1354 4104 emphyteusis
1388 4032 1642 4088 comedit.

749 4140 936 4209 (Anno
970 4139 1149 4205 1010.)

444 4247 769 4311 [Memnona
797 4244 991 4315 Antig.
1031 4241 1186 4311 Ital.,
1220 4243 1263 4309 Ι,
1296 4242 1441 4311 941.]

223 4348 448 4407 SBRGIUS
474 4349 795 4423 episcopus,
828 4366 1017 4403 servus
1045 4363 1337 4402 servorum
1386 4344 1507 4411 Dei,
1544 4344 1750 4399 dilecto

161 4436 264 4493 filio
294 4439 556 4505 VEDIANO,
590 4437 907 4493 Scuriensis
936 4437 1104 4492 castri
1136 4435 1395 4501 domino,
1423 4434 1666 4488 salutem
1696 4437 1754 4487 et

159 4528 516 4596 apostolicam
549 4526 1044 4582 benedictionem.

218 4614 573 4671 Manifestum
597 4620 682 4669 est
712 4619 960 4669 castrum
984 4614 1139 4686 quod
1160 4612 1361 4668 Scuria
1379 4611 1585 4667 dicitur
1602 4613 1753 4666 tem-

155 4702 372 4770 poribus
394 4706 581 4759 beatae
608 4703 907 4757 memoriae
928 4699 1360 4775 prmdecessoris
1383 4698 1563 4754 nostri
1583 4714 1751 4771 papae

156 4785 411 4856 Silvestri,
458 4793 523 4844 ut
553 4790 728 4845 etiam
761 4806 914 4845 nunc
943 4794 1127 4844 vestra
1151 4786 1431 4841 relatione
1459 4785 1751 4857 comperi-

157 4890 289 4943 mus,
322 4878 482 4948 regia
514 4877 909 4932 munificentia
929 4876 1224 4949 quondam
1246 4891 1350 4945 per
1374 4890 1581 4927 manus
1601 4873 1747 4943 ejus-

153 4960 270 5018 dem
294 4966 459 5020 beato
492 4968 659 5020 Petro
687 4966 857 5020 fuisse
889 4967 1185 5029 collatum,
1228 4966 1284 5017 et
1310 4978 1343 5015 a
1374 4966 1428 5015 te
1464 4978 1618 5015 nunc
1651 4978 1752 5031 per

152 5048 578 5108 innovationem
606 5056 709 5109 sub
740 5072 913 5108 censu
939 5070 1133 5107 annuo
1180 5053 1381 5107 docem
1432 5049 1748 5104 solidorum

152 5137 581 5196 Raimundensis
610 5146 859 5196 moneta:
891 5143 1169 5196 oblatum.
1204 5142 1314 5194 Nos
1340 5139 1555 5209 itaque,
1589 5152 1748 5191 eam-

152 5224 271 5281 dem
308 5227 680 5299 suscipientes
703 5228 1078 5291 oblationem,
1107 5224 1381 5297 quoniam
1406 5225 1460 5278 id
1491 5240 1610 5278 esse
1638 5226 1749 5276 ture

150 5312 445 5369 voluntatis
498 5315 857 5386 agnovimus,
915 5315 1015 5369 tibi
1067 5331 1100 5366 a
1146 5330 1323 5367 manu
1379 5310 1750 5367 beatitudinis

151 5405 346 5457 nostrze
378 5420 512 5459 cum
540 5420 755 5474 magna
783 5403 1087 5457 devotione
1114 5399 1464 5473 suscipienti,
1492 5402 1550 5454 et
1588 5399 1749 5453 omni

148 5491 457 5557 posteritati
485 5493 596 5547 tuae
620 5494 868 5545 castrum
893 5490 1106 5546 Scurize
1126 5505 1257 5543 cum
1279 5488 1551 5545 omnibus
1572 5486 1747 5557 perti-

149 5578 356 5633 nenciis
382 5583 440 5633 et
463 5578 917 5649 possessionibus
939 5566 1059 5649 ejus
1080 5577 1136 5631 iu
1164 5579 1505 5648 perpetuum
1535 5574 1749 5628 habere

148 5666 529 5732 concedimus,
572 5671 627 5721 et
666 5665 820 5720 idem
852 5665 1208 5737 protectionc
1239 5664 1387 5718 sedis
1424 5661 1749 5734 apostolica:

147 5744 585 5809 COmmunimus.
620 5753 939 5812 Statuimus
966 5752 1122 5807 enim
1154 5754 1215 5805 ut
1236 5750 1378 5805 nulli
1402 5748 1640 5805 omnino
1659 5764 1751 5803 ec-

162 3959 324 4030 Sergiz‘
376 3962 406 4017 Ι
419 3964 483 4031 V,

252 4041 472 4090 castrum

2607 2009 2697 2061 III.

1843 2094 2060 2162 Sergius
2102 2094 2194 2147 Ν
2239 2095 2517 2217 coit/frmat
2547 2094 2917 2164 fundationem
2942 2091 3268 2163 parochialis
3297 2088 3456 2144 eccle-

1916 2169 2006 2217 sia?
2048 2166 2240 2217 Sancti
2354 2166 2576 2217 iclmelis
2600 2166 2744 2217 amid
2790 2163 3245 2217 Nonantulanum
3289 2176 3456 2214 cerro-

1916 2169 2006 2219 sia?
2048 2166 2240 2221 Sancti
2286 2163 2576 2236 Michaelis
2600 2166 2744 2236 apud
2790 2163 3248 2236 Nonantulannrn
3289 2176 3461 2236 cecro-

1920 2237 2063 2289 bium
2106 2238 2162 2289 in
2211 2253 2339 2302 agro
2368 2232 2696 2302 blutinensi,
2720 2236 2927 2306 factum
2951 2253 2982 2288 a
3013 2233 3292 2305 Rodulpho
3322 2232 3461 2303 ejus-

1915 2307 2031 2360 dem
2053 2307 2269 2361 cwnobii
2292 2308 2498 2362 abbate.

2452 2397 2639 2465 (Anno
2677 2398 2856 2461 1011.)

2127 2484 2454 2549 [ΜυιιΑτοιιι,
2495 2484 2685 2554 Antig.
2721 2481 2875 2549 1tal.,
2910 2482 2974 2547 V,
3025 2484 3175 2551 341.]

1918 2572 2150 2626 Senones
2182 2572 2501 2642 episcopus,
2542 2587 2732 2625 servus
2760 2586 3054 2625 servorum
3086 2568 3207 2623 Dei.

1917 2661 2279 2730 Apostolatus
2334 2660 2513 2714 nostri
2556 2663 2642 2713 est
2672 2658 2993 2731 proprium,
3021 2657 3246 2730 quoties
3273 2655 3319 2710 si
3344 2669 3460 2728 qua.

1846 2748 2301 2803 sanctaEcclesia
2319 2748 2589 2819 adjutorii
2610 2747 2830 2818 aliquid
2848 2764 2949 2801 seu
2971 2743 3461 2801 corroboratiouis

1847 2838 1919 2891 ab
1951 2853 2019 2891 eo
2049 2837 2392 2907 poposcerit,
2426 2837 2597 2890 toties
2646 2851 2778 2889 cum
2810 2835 2971 2889 omni
3018 2833 3312 2887 alacritate
3338 2847 3460 2886 sese

1848 2926 2184 2995 impetrasse
2212 2925 2593 2993 congaudeat.
2637 2925 2706 2978 Et
2738 2940 2810 2977 ne
2840 2923 3035 2994 aliqua
3062 2921 3464 2993 improborum

1845 3013 2144 3079 calliditas,
2170 3013 2281 3066 sive
2304 3012 2762 3067 adversariorum
2785 3015 2997 3065 sanctae
3028 3009 3289 3065 Ecclesiae
3309 3011 3464 3063 astu-

1846 3100 1927 3154 tia
1940 3100 1997 3153 in
2022 3104 2313 3170 posterum
2327 3100 2517 3155 eidem
2531 3100 2743 3154 addere
2766 3102 3078 3171 praesumat
3089 3097 3463 3164 calumniam,

1848 3203 1965 3241 non
1997 3188 2182 3240 solum
2215 3187 2398 3252 dictis,
2455 3187 2555 3240 sed
2599 3187 2779 3240 etiam
2828 3187 3072 3256 scriptis,
3124 3183 3468 3258 quidquida

1848 3275 2015 3328 nobis
2043 3274 2149 3327 sibi
2194 3291 2527 3328 concessum
2568 3274 2760 3339 fuerit,
2794 3274 2854 3327 in
2884 3278 3229 3345 perpetuum
3253 3272 3467 3327 conﬁr-

1848 3380 2007 3417 mare
2052 3362 2293 3431 dignum
2335 3362 2620 3415 duximus.
2679 3362 3038 3432 Quapropter
3088 3364 3291 3415 notum
3338 3359 3465 3415 fore

1845 3457 2106 3511 volumus
2137 3454 2406 3509 omnibus
2437 3454 2775 3509 Christianis
2801 3453 3064 3508 fidelibus
3085 3452 3333 3525 qualiter
3350 3452 3464 3505 Ro-

1847 3544 2036 3599 dulfus
2064 3542 2407 3598 venerabilis
2437 3542 2613 3596 abbas
2642 3540 2893 3595 ecclesiae
2918 3544 3129 3595 sancta:
3165 3541 3464 3593 Nonantu-

1847 3633 2041 3699 lensis,
2092 3648 2207 3685 una
2247 3647 2376 3684 cum
2410 3630 2571 3684 omni
2618 3628 3072 3699 congregatione
3098 3628 3343 3682 fratrum
3373 3642 3463 3681 se-

1852 3722 2079 3776 niorum
2121 3720 2559 3783 monachorum,
2609 3720 2749 3771 nutu
2780 3716 2972 3771 divino
3003 3720 3061 3769 et
3090 3714 3462 3785 instigatione

1852 3809 2094 3883 Spiritus
2115 3807 2418 3879 sancti,qui
2441 3803 3250 3877 meutes,quasrepleverit,ad
3271 3801 3463 3857 omni-

1833 3897 2087 3969 potentis
2106 3896 2206 3951 Dei
2225 3889 3464 3968 obsequium,ejusdemqueSponsaa,scilicet

1849 3989 2059 4041 sancta:
2080 3984 2361 4050 Ecclesiae,
2377 3982 2746 4038 ineffabiliter
2766 3978 3463 4051 accendit,prsedicatione

1850 4089 2078 4145 quoque
2090 4073 2349 4127 fidelium
2362 4071 2767 4144 praedictorum
2786 4067 3027 4123 fratrum
3042 4065 3465 4138 coegithabita-

1849 4165 2003 4215 tores
2027 4164 2199 4232 atque
2229 4161 2354 4231 agri
2383 4162 2629 4215 cultores
2654 4160 2776 4231 jam
2801 4157 3054 4230 praefatae
3083 4155 3328 4212 abbatis:
3359 4172 3465 4211 uo-

1849 4252 2095 4303 strte.....
2123 4249 2425 4320 parcechiae
2457 4249 2711 4304 decimas
2738 4249 2853 4302 Deo
2876 4247 3034 4313 dare,
3063 4246 3162 4318 qui
3189 4246 3469 4302 hactenus

1852 4355 2028 4409 usque
2048 4354 2244 4392 rerum
2287 4354 2520 4392 suarum
2547 4337 2800 4393 decimas
2827 4338 2943 4391 Deo
2974 4335 3219 4390 minime
3246 4334 3467 4391 tribue-

1852 4425 2395 4489 bant:Q.....mum
2442 4427 2624 4480 scelus
2678 4426 3129 4491 arbitrabantur,
3188 4439 3257 4477 eo
3306 4424 3467 4494 quod

1778 4513 1910 4609 Din
1940 4512 2129 4568 Veteri
2176 4528 2241 4567 ac
2281 4514 2434 4609 Novo
2476 4514 2843 4569 Testamento
2868 4530 3229 4587 praecep......
3255 4510 3463 4609 memi-

1849 4603 2057 4657 nerant
2108 4616 2227 4656 non
2266 4601 2572 4656 solum.....
2621 4603 2739 4657 Deo
2770 4601 3037 4657 conferre
3062 4600 3315 4656 decimas
3344 4598 3465 4656 die-

1846 4707 1997 4745 rum.
2014 4689 2099 4744 Ad
2118 4704 2365 4762 quorum
2387 4688 3187 4756 exhortationes,venerabilis
3204 4686 3469 4743 videlicet

1848 4778 2074 4833 abbatis
2104 4780 2161 4831 et
2190 4776 2475 4848 praedictae
2506 4778 2997 4848 congregationis,
3034 4794 3236 4833 omnes
3260 4775 3465 4831 unani-

1850 4867 2023 4921 miter
2043 4881 2145 4919 sua
2165 4866 2341 4919 corda
2370 4864 2734 4929 inclinantes,
2758 4866 3010 4919 contrito
3028 4866 3201 4921 corde
3215 4865 3468 4921 decimas

1849 4956 1964 5009 Deo
1992 4970 2093 5025 per
2119 4968 2302 5006 annos
2332 4951 2590 5021 singulos
2614 4951 2683 5005 de
2707 4951 2978 5005 omnibus
3007 4970 3134 5023 quae
3156 4952 3468 5024 possessuri

1850 5045 2034 5107 erant,
2064 5040 2270 5095 offerre
2300 5042 2596 5106 voverunt,
2629 5041 2801 5110 atque
2829 5038 3041 5093 obnixe
3084 5041 3378 5110 petierunt
3404 5042 3469 5096 ut

1849 5130 2152 5202 praedictas
2200 5127 2473 5193 decimas,
2531 5142 2673 5197 quas
2733 5125 2983 5180 libenter
3048 5127 3166 5181 Deo
3220 5128 3465 5184 reddere

1851 5218 2220 5282 dis.....bant,
2254 5232 2325 5268 ne
2349 5214 2408 5268 in
2440 5214 2630 5268 futuro
2658 5212 2814 5268 laicis
2843 5212 3175 5266 hominibus
3205 5212 3266 5266 in
3287 5215 3465 5269 bene-

1848 5307 1976 5360 ficio
2001 5306 2508 5370 darentur,nostro
2540 5300 2853 5373 apostolico
2885 5299 3299 5353 interdicerent
3319 5316 3466 5371 prae-

1849 5398 2035 5465 cepto.
2062 5395 2299 5464 Propter
2327 5392 2436 5447 hoc
2456 5393 2649 5445 autem
2671 5391 2794 5463 jam
2825 5388 2974 5443 fatus
3003 5387 3180 5442 abbas
3200 5402 3316 5441 una
3335 5402 3467 5443 cum

1851 5481 2091 5537 consilio
2118 5481 2385 5548 fratrum,
2413 5481 2672 5535 nostram
2704 5479 3039 5552 deprecatus
3086 5477 3171 5530 est
3194 5473 3466 5546 magniﬁ-

1851 5570 2100 5625 centiam
2114 5571 2195 5635 ,ut
2205 5568 2584 5623 constitueret
2596 5569 2667 5622 de
2682 5567 2805 5639 jam
2821 5564 2986 5620 dictis
2999 5563 3237 5619 decimis
3263 5564 3462 5621 nostro

1852 5657 2159 5731 largimine
2211 5673 2386 5712 unam
2426 5656 2789 5723 canonicam,
2823 5670 2939 5708 suae
2993 5652 3170 5708 etiam
3218 5652 3464 5710 abbatis:

1850 5748 2166 5821 subjectum
2198 5746 2258 5801 in
2289 5762 2403 5819 qua
2425 5742 2859 5819 clericiidiurnis
2885 5758 2950 5798 ac
2980 5740 3279 5799 nocturnis
3304 5740 3463 5799 horis
