3888 6218
406 495 544 555 ἓὸοῧ

411 614 682 685 Ποωίηο,
708 615 768 672 et
792 612 1009 671 ibidem
1039 608 1403 668 convenienti
1426 608 1638 681 populo
1659 608 1898 665 sollicite
1923 608 2008 665 di-
2034 614 2088 672 Α

400 706 535 764 vina
558 705 899 762 exhiberent
919 700 1212 772 obsequia.
1244 700 1340 754 Hae
1371 701 1564 752 autem
1587 700 1722 751 sunt
1745 698 1890 752 fines
1912 697 2008 752 de-

400 796 686 853 cimarum
707 793 857 848 illius
874 790 1126 864 praefatae
1151 786 1442 843 canonica:
1467 803 1479 841 :
1504 803 1537 841 a
1558 785 1792 841 Claudia
1820 787 2012 841 Strata

403 900 584 958 usque
611 884 683 939 ad
713 880 1034 937 Porciolam
1059 894 1072 932 :
1106 895 1141 932 a
1162 876 1341 932 Mucia
1358 892 1491 931 vero
1516 891 1695 947 usque
1725 875 1799 929 ad
1829 876 2010 929 Pana-

400 974 555 1030 rium
576 972 821 1037 ﬂumen,
850 972 908 1023 et
931 967 1081 1022 ultra
1109 964 1385 1040 quidquid
1414 967 1471 1019 et
1496 966 1778 1036 quantum
1804 979 1837 1016 a
1865 978 2009 1035 pra:-

402 1061 539 1119 dicti
564 1057 822 1117 ﬂuminis
848 1054 1081 1112 vill......
1124 1072 1222 1109 seu
1253 1071 1287 1108 a
1308 1053 1646 1108 Nonantulaa
1676 1049 2010 1106 habitatori-

399 1151 507 1208 bus
531 1149 844 1205 laboratur.
876 1146 945 1201 Et
969 1143 1249 1218 quidquid
1273 1141 1461 1196 clerici
1492 1142 1552 1196 in
1582 1139 1819 1213 prmfata
1839 1155 2010 1194 cano-

401 1237 533 1293 nica
580 1237 695 1291 Deo
742 1232 1133 1289 communiter
1162 1229 1475 1285 militantes
1510 1230 1661 1301 juste
1717 1227 2011 1299 acquirere

402 1326 698 1399 poterunt.
730 1322 842 1379 Nos
877 1337 1013 1376 vero
1034 1318 1297 1392 precibus
1322 1317 1473 1371 illius
1497 1314 1827 1382 annuimus,
1860 1313 2016 1386 quod

405 1410 785 1485 cognovimus
823 1410 975 1481 juste
1023 1406 1254 1479 peti.....
1280 1405 1529 1477 denique
1585 1402 1896 1458 constituta
1931 1402 2016 1455 est

405 1498 471 1555 in
499 1500 723 1554 honore
751 1495 945 1552 Sancti
974 1493 1259 1551 Michaelis
1286 1491 1583 1559 canonica,
1612 1489 1861 1545 ordinati
1884 1491 2018 1543 sunt

403 1586 595 1642 clerici
617 1580 1359 1658 archipresbyter........lis,
1383 1580 1471 1634 cui
1495 1579 1669 1634 etiam
1700 1578 2014 1649 archipres-

404 1672 608 1746 bytcro
635 1675 785 1730 hanc
832 1675 1175 1746 potestatem
1200 1668 1585 1725 concessimus
1623 1671 1686 1721 ut
1723 1667 1793 1721 de
1822 1666 2016 1721 crimi-

409 1761 636 1818 nalibus
682 1762 863 1834 culpis
892 1760 1010 1832 ipse
1035 1758 1317 1830 judicium
1348 1756 1563 1811 indicat
1585 1754 2014 1827 paenitentibus.

405 1852 698 1917 Attamen,
744 1850 789 1904 si
838 1847 1143 1903 necessitas
1188 1844 1531 1911 incubuerit,
1575 1846 1647 1899 ab
1677 1844 1868 1915 aliquo
1900 1842 2018 1913 epi-

1776 486 2005 545 SERGII
2043 487 2114 543 IV
2140 485 2346 546 PAPIE

2973 564 2976 567 ,
3591 472 3732 543 eo;

2876 604 2962 662 IV.

2110 712 2331 784 Sergius
2356 711 2447 767 IV
2469 729 2617 784 papa
2660 711 2942 782 conﬁrmat
2994 710 3128 765 bona
3171 707 3358 765 omnia
3412 706 3488 764 ad
3537 707 3734 768 0m-

2427 817 2585 858 nense
2632 801 3015 856 monasterium
3057 799 3402 871 pertinentia.

2706 906 2898 979 (Anno
2947 905 3127 976 lOH.)

2216 1011 2879 1085 [Cocoosusss,Bullar.
2919 1011 3084 1082 ampl.
3114 1009 3363 1080 Cellach,
3392 1012 3435 1078 Ι,
3467 1014 3622 1080 δία]

2182 1128 2417 1183 SERGIUS
2447 1128 2764 1200 episcopus,
2793 1141 2987 1181 servus
3033 1141 3329 1182 servorum
3382 1125 3505 1193 D’ei,
3545 1124 3734 1182 Omvz

2112 1217 2381 1287 religioso
2413 1215 2607 1271 abbati
2648 1214 2841 1270 Sancti
2866 1214 3155 1270 Michaelis
3194 1212 3553 1285 archangeli,
3581 1214 3732 1270 San-

2112 1306 2302 1376 ctique
2351 1302 2621 1358 Germani
2660 1302 3007 1358 confessoris
3055 1300 3288 1369 Christi,
3329 1302 3486 1373 quod
3535 1304 3624 1356 est
3655 1302 3733 1356 si-

2113 1395 2238 1447 tum
2269 1391 2329 1446 in
2360 1392 2503 1446 valle
2532 1391 2875 1446 Conﬂuente
2891 1391 3058 1462 juxta
3083 1389 3322 1445 ﬂuvium
3356 1389 3635 1457 Literaui,
3671 1391 3733 1445 in

2114 1480 2303 1536 locum
2336 1495 2510 1551 quem
2552 1482 2760 1534 vocant
2787 1479 3074 1545 Cuxanus,
3109 1477 3217 1533 tibi
3264 1480 3575 1549 tecumque
3602 1493 3735 1532 ma-

2118 1568 2407 1635 nentibus,
2439 1570 2497 1622 et
2521 1583 2623 1638 per
2653 1570 2709 1621 te
2757 1566 2869 1621 tuis
2900 1566 3251 1637 illorumque
3287 1565 3733 1633 successoribus,

2117 1658 2265 1711 salus
2285 1659 2342 1710 ct
2361 1672 2491 1727 pax,
2512 1657 2569 1709 et
2584 1654 2895 1727 apostolica
2920 1653 3247 1709 benedictio
3269 1653 3463 1726 quoad
3477 1654 3736 1709 mundus

2116 1744 2438 1816 permanet.
2470 1744 2678 1797 Amen.

2196 1830 2337 1885 Cum
2367 1832 2589 1885 constet
2614 1828 2927 1884 Dominum
2957 1827 3139 1883 Deum
3160 1829 3422 1883 nostrum
3444 1831 3736 1883 honorem

407 1954 579 2010 scapo
605 1915 835 2010 expetat
848 1936 1155 2009 judicium,
1182 1952 1254 1989 ne
1283 1932 1631 1988 desideranti
1662 1932 1872 1986 animm
1902 1947 2019 2002 poe-

2137 1920 2329 1972 ;anctaa
2358 1915 2695 1970 universalis
2724 1915 2985 1970 Ecclesia:
3015 1915 3369 1970 incessanter
3388 1932 3425 1969 a
3446 1930 3737 1988 propagm

410 2025 716 2081 nitentiam
745 2025 977 2080 interim
1006 2040 1219 2095 negare
1248 2023 1523 2077 videatur.
1546 2020 1864 2092 Eidemque
1888 2035 2020 2073 vero

409 2113 911 2186 archipresbytero
956 2129 1093 2168 cura
1141 2112 1214 2167 sit
1258 2125 1363 2184 pro
1406 2110 1697 2177 omnibus,
1729 2109 1788 2163 in
1818 2107 2022 2162 divinis

418 2202 684 2259 videlicet
708 2202 932 2269 ofﬁciis,
980 2202 1040 2257 in
1085 2199 1427 2267 luminariis,
1478 2199 1540 2253 in
1586 2196 1930 2264 architectis,
1962 2195 2021 2249 in

412 2290 754 2362 hospitibus,
778 2291 838 2344 in
860 2290 1097 2345 decimis
1124 2292 1181 2343 et
1210 2289 1269 2342 in
1290 2286 1677 2342 oblationibus
1705 2283 2024 2339 dividendis

412 2377 566 2433 inter
590 2381 848 2445 caeteros,
877 2377 955 2431 sic
985 2376 1232 2450 qualiter
1259 2392 1319 2430 se
1343 2375 1718 2446 recognoscat
1746 2374 1863 2427 Deo
1892 2371 2023 2425 red-

416 2466 677 2523 diturum
702 2466 995 2522 rationm
1011 2466 1073 2521 in
1098 2465 1191 2521 die
1205 2464 1404 2536 judicii
1430 2481 1442 2529 ;
1472 2463 1638 2533 eique
1654 2476 1922 2517 concessa
1941 2463 2027 2514 cst

416 2554 645 2611 decima
691 2555 861 2609 unius
906 2555 1074 2621 villas,
1118 2569 1249 2625 quas
1293 2551 1500 2607 dicitur
1546 2550 1842 2617 Salicetus,
1890 2551 2024 2602 ante

410 2641 800 2713 aiiospropter
817 2656 1019 2696 curam
1028 2638 1783 2697 sollicitudinis.Statuentes
1799 2640 2025 2707 aposto-

414 2727 526 2783 lica
576 2728 921 2784 auctoritate
946 2732 1009 2784 ut
1031 2727 1357 2799 quicunque
1382 2727 1531 2780 hanc
1573 2724 2024 2789 ordinationem,

416 2817 732 2888 quam‘Deo
760 2815 1073 2871 auxiliante
1093 2831 1198 2887 pro
1218 2814 1398 2868 salute
1421 2813 1751 2867 animarum
1771 2812 2028 2866 ﬁdelium

423 2902 694 2958 ordinare
720 2903 1020 2975 jussimus,
1056 2907 1121 2959 et
1140 2905 1204 2957 ut
1227 2903 1304 2957 ab
1321 2917 1516 2957 errore
1547 2901 1792 2973 pristino
1820 2899 2027 2955 libera-

416 2993 620 3046 rentur
674 2990 976 3063 ampliare,
1018 2992 1104 3046 vel
1152 2992 1459 3047 observare
1504 2988 1802 3055 studuerit,
1833 2990 2030 3043 nostra

414 3078 698 3137 solidetur
722 3080 1146 3137 benedictione.
1178 3080 1286 3145 Qui
1311 3082 1527 3146 autem,
1548 3078 1703 3150 quod
1727 3094 1846 3133 non
1868 3080 2028 3149 opta-

417 3172 571 3237 mus,
599 3169 819 3225 violare
843 3170 1170 3237 tentaverit,
1195 3173 1295 3224 aut
1313 3168 1617 3223 consilium
1644 3167 1897 3223 violandi
1925 3167 2022 3221 de-

418 3257 667 3326 dederit,
685 3262 786 3314 aut
803 3275 837 3313 a
856 3259 1211 3330 subjectione
1230 3258 1411 3313 sancti
1432 3256 1767 3313 monasterii
1786 3256 2023 3311 canoni-

416 3361 548 3401 cam
593 3348 929 3403 mbtrahere
978 3348 1274 3420 cupiverit,
1318 3364 1417 3402 seu
1470 3346 1627 3401 laicis
1656 3345 1939 3400 decimam
1965 3345 2026 3399 in

420 3434 702 3492 beneﬂcio
718 3436 858 3492 dare
874 3434 1757 3504 voluerit,anuthematisvinculo
1768 3433 2026 3489 feriatur.

423 3522 596 3588 Quod
608 3527 674 3579 ut
693 3525 879 3581 verius
897 3525 1182 3593 credatur,
1205 3525 1653 3596 diligentiusque
1669 3523 1742 3578 ab
1761 3522 2032 3577 omnibus

423 3612 897 3682 observetm‘,boe
910 3615 1206 3669 decretum
1219 3617 1414 3669 nostro
1425 3611 1767 3668 cancellario
1785 3610 2034 3665 scribere

422 3703 822 3775 precepimus,
857 3703 1186 3774 nostrisque
1206 3702 1428 3768 litteris,
1462 3704 1526 3755 ut
1563 3699 1822 3772 superius
1844 3698 2032 3769 praeli-

427 3788 712 3859 bavim'us,
742 3807 807 3845 ac
836 3790 1218 3862 impressione
1245 3788 1425 3843 nostri
1447 3787 1620 3859 sigilli
1640 3785 2033 3842 corroboravi-

423 3892 573 3933 mus.
623 3880 694 3934 Et
728 3879 968 3951 praefato
1012 3878 1209 3933 abbati
1254 3876 1499 3931 Rodulfo
1542 3879 1715 3947 atque
1766 3874 2038 3930 omnibus

424 3964 699 4023 fratribus
740 3968 805 4021 in
845 3968 957 4021 hoc
976 3966 1206 4020 decreto
1232 3964 1587 4019 unanimiter
1607 3964 1759 4019 facto
1790 3963 2036 4019 scribere

422 4055 823 4128 praicepimus.

498 4143 661 4198 Bene
671 4143 873 4197 valete.

496 4231 540 4295 ᾧ
559 4231 769 4284 Datum
798 4247 903 4301 per
931 4242 1171 4285 manum
1194 4228 1347 4285 Petri
1373 4228 1623 4301 episeopi
1644 4232 1855 4284 sanctae.
1885 4230 2034 4284 Prm-

428 4317 677 4373 nest'inw
719 4318 1002 4386 Ecclesiae,
1055 4323 1113 4374 et
1159 4317 1578 4374 bibliothecarii
1622 4317 1765 4372 sacri
1815 4315 2032 4387 palatii,

425 4419 582 4460 anno
639 4406 872 4462 Domini
925 4407 1233 4463 millesimo
1283 4406 1610 4473 undecimo,
1659 4422 1715 4459 v1
1753 4404 2106 4480 KalendasD

422 4492 603 4561 Junii,
621 4494 943 4551 indictione
967 4513 1040 4551 rx.

496 4583 779 4640 Rodulfus
797 4585 977 4640 abbas
999 4584 1259 4657 jussione
1289 4582 1613 4656 apostolicae
1643 4580 1794 4637 sedis
1833 4578 1895 4635 in
1923 4579 2034 4635 hoc

425 4669 657 4727 decreto
683 4684 869 4728 manu
880 4673 1116 4745 propria
1137 4671 1461 4744 subscripsi.

496 4760 617 4831 Ego
637 4761 941 4832 Frogerius
968 4762 1336 4834 prior‘manu
1362 4777 1497 4815 mea
1527 4756 1854 4828 subscripsi.

496 4848 839 4903 Laurentius
888 4850 1190 4920 presbyter
1233 4853 1292 4903 et
1346 4849 1665 4904 monachus
1690 4861 1868 4899 manu
1906 4860 2037 4899 mea

424 4935 751 5006 subscripsi.

499 5024 783 5078 Gulferins
807 5027 1129 5080 monachus
1146 5034 1326 5081 manu
1347 5042 1480 5080 mea
1506 5022 1831 5093 subscripsi.

499 5113 811 5184 Gregorius
851 5115 1154 5186 presbyter
1204 5119 1262 5170 et
1308 5114 1627 5171 monachus
1674 5124 1852 5167 manu
1907 5126 2039 5165 mea

430 5200 755 5272 subscripsi.
954 5200 968 5211 '

502 5287 671 5344 Limo
700 5291 1021 5347 monachus
1036 5291 1364 5365 subscripsi.

2119 2004 2339 2059 toribus
2360 2004 2545 2058 beatae
2584 2002 2716 2058 fidei
2744 2004 3145 2073 augmentare,
3168 2018 3405 2057 necesse
3421 2006 3511 2057 est
3532 2004 3608 2058 ab
3639 2003 3738 2058 illo

2121 2091 2295 2146 totius
2304 2091 2434 2161 jure
2446 2090 2751 2161 regiminis
2771 2089 2852 2143 eis
2871 2089 3186 2144 concedere
3205 2104 3452 2144 censura
3455 2089 3603 2161 justi
3615 2106 3741 2145 mo-

2122 2177 2443 2233 deraminis
2460 2177 2886 2244 liberalitatem,
2914 2178 3318 2248 malorumque
3337 2177 3540 2249 procul
3570 2178 3648 2231 ab
3676 2192 3746 2232 ea

2122 2266 2334 2338 pellere
2362 2264 2781 2337 pervasionem.
2835 2264 3111 2329 Quocirca
3151 2265 3431 2336 quoniam
3472 2265 3747 2319 convenit

2122 2353 2448 2426 apostolica:
2491 2352 2689 2425 pietati
2737 2352 2996 2423 benigna
3039 2351 3369 2424 petentibus
3407 2364 3743 2408 succurrere

2123 2442 2545 2514 compassione,
2566 2441 2694 2496 ideo
2724 2457 2828 2496 nos
2849 2440 2959 2496 tuis
2983 2440 3151 2513 justis
3177 2440 3421 2512 (etenim
3445 2440 3598 2495 sicut
3616 2443 3746 2495 sunt

2126 2530 2294 2587 nobis
2312 2530 2675 2602 adjudicatae,
2701 2544 2837 2584 nam
2854 2531 3003 2602 juste
3029 2529 3193 2600 ﬁunt)
3217 2533 3551 2584 annuentes
3563 2529 3742 2602 preci-

2126 2621 2463 2687 bus,omnes
2475 2617 2857 2691 proprietates
2871 2618 2987 2673 sive
2998 2617 3390 2690 possessiones
3411 2616 3595 2690 ipsius
3616 2617 3741 2683 loci,

2126 2706 2270 2763 ﬁnes
2298 2707 2391 2762 vel
2413 2707 2625 2761 limites
2644 2722 2774 2761 cum
2795 2706 3131 2778 adjacentiis
3147 2706 3581 2778 praecipuoru‘m
3601 2722 3741 2778 prse-

2128 2795 2379 2863 diorum',
2410 2811 2537 2850 cum
2590 2795 2863 2850 omnibus
2895 2793 3166 2861 ecclesiis,
3221 2793 3535 2865 parochiis',
3576 2793 3738 2859 villis,

2126 2880 2320 2941 fundis
2348 2885 2511 2953 casis,
2538 2884 2838 2952 casalibus,
2892 2884 3079 2951 terris,
3127 2883 3368 2955 campis,
3408 2883 3615 2955 pratis,
3645 2899 3737 2954 pa-

2127 2973 2293 3041 scuis,
2316 2973 2489 3041 silvis,
2514 2972 2771 3044 garricis,
2798 2972 2967 3039 areis,
2991 2972 3333 3039 torculariis,
3356 2971 3546 3044 aquis,
3569 2986 3737 3043 aqua-

2126 3078 2257 3117 rum
2281 3061 2563 3129 ductibus,
2587 3061 2710 3128 viis,
2734 3059 3105 3127 molendinis,
3139 3059 3585 3115 molendinariis
3612 3075 3737 3113 cum

2130 3149 2249 3204 suis
2273 3149 2717 3222 caputcaquis,et
2736 3150 2850 3203 suis
2874 3148 3211 3220 piscatoriis,
3240 3149 3461 3203 cultum
3480 3150 3538 3203 et
3563 3147 3737 3202 incul-

2042 3223 2091 3284 α
2130 3241 2275 3307 tum,
2304 3241 2361 3293 et
2390 3253 2747 3311 quiscunque
2778 3237 3223 3310 gloriosissimus
3251 3232 3737 3307 archangelushli—

2127 3324 2287 3380 chael
2319 3341 2386 3379 ex
2412 3323 2817 3380 collationibus
2835 3322 3095 3378 fidelium
3119 3323 3179 3376 in
3200 3322 3469 3379 ccenobio
3487 3323 3737 3378 Coxiano

2128 3411 2382 3465 retinere
2427 3411 2671 3478 videtur,
2720 3413 2915 3464 nostro
2972 3410 3390 3464 confirmamus
3417 3408 3735 3482 privilegio.

2132 3497 2510 3552 Concedimus
2535 3497 2728 3569 itaque
2769 3495 3044 3568 prmdicto
3088 3495 3470 3562 monasterio,
3505 3494 3736 3567 quodin

2129 3584 2368 3640 circuitu
2391 3584 2513 3656 ejus
2538 3584 2803 3651 habetur,
2834 3582 3103 3637 alaudem
3129 3598 3261 3636 cum
3299 3582 3519 3637 ﬁnibus
3547 3585 3601 3635 et
3626 3580 3738 3635 suis

2133 3670 2379 3726 terrenis
2408 3688 2474 3725 ex
2501 3671 2680 3724 latere
2704 3685 2820 3723 uno
2847 3671 3192 3740 pergentem
3214 3684 3322 3740 per
3348 3668 3737 3723 summitatem

2135 3758 2319 3814 Serraa
2347 3757 2418 3811 de
2448 3756 2683 3811 Bovaria
2712 3756 2784 3810 ad
2807 3757 3010 3810 Jovum
3026 3755 3097 3809 de
3119 3755 3389 3822 Clerano,
3418 3757 3477 3810 et
3494 3755 3736 3810 admon-

2132 3848 2254 3900 tem
2281 3844 2377 3917 qui
2404 3843 2611 3898 dicitur
2641 3842 2922 3910 Lavarias,
2954 3845 3012 3896 et
3046 3858 3150 3913 per
3177 3842 3446 3897 Lavarias
3479 3858 3652 3914 usque
3680 3841 3735 3894 in

2136 3932 2546 3999 Flamidinum,
2564 3934 2622 3985 et
2636 3931 2772 3986 inde
2799 3930 2913 3984 itur
2932 3929 3196 3984 inlocum
3215 3930 3528 3985 vocitatum
3549 3928 3734 3994 Stella,

2136 4023 2193 4076 et
2215 4036 2394 4091 usque
2422 4020 2484 4073 in
2527 4019 2922 4074 summitatem
2965 4016 3185 4072 montis
3232 4017 3584 4089 Canigonis;
3628 4018 3737 4070 eta

2133 4107 2459 4163 meridiana
2485 4106 2676 4161 fronte
2720 4105 2938 4161 montis
2977 4104 3293 4177 Canigonis
3324 4104 3617 4161 descendit
3638 4118 3736 4175 per

2134 4196 2365 4251 Serram
2382 4194 2540 4265 pogii
2562 4192 2916 4266 Aquiloniad
2936 4209 3138 4264 rupem
3163 4192 3333 4265 vulgo
3358 4194 3730 4264 nuncupatum

2134 4282 2383 4338 Cherum
2396 4280 2632 4337 Clerinti
2644 4284 2719 4345 ,et
2730 4280 3545 4351 descenditpersummitatem
3560 4279 3729 4334 Serra:

2132 4387 2312 4441 usque
2334 4368 2405 4423 ad
2427 4368 2665 4441 pogium
2689 4366 3003 4434 Parabarii,
3030 4370 3087 4421 et
3112 4382 3290 4439 usque
3312 4366 3374 4421 in
3404 4367 3586 4422 rivum
3600 4367 3728 4421 Mer-

2134 4456 2381 4523 darium,
2414 4459 2472 4510 et
2495 4455 2795 4510 deducitur
2834 4471 3012 4526 usque
3064 4453 3124 4507 in
3166 4453 3407 4508 fluvium
3451 4453 3626 4517 Tede;
3677 4454 3731 4505 et

2134 4562 2170 4599 a
2220 4542 2653 4617 septentrionali
2704 4545 2867 4614 parte
2907 4541 3135 4596 venitur
3190 4540 3252 4595 in
3305 4544 3486 4596 strata
3520 4540 3729 4614 publica

2138 4644 2317 4703 quam
2344 4630 2546 4685 dicunt
2564 4629 2714 4684 Duas
2739 4628 3000 4696 Sorores,
3034 4630 3090 4683 et
3118 4645 3223 4700 per
3253 4627 3383 4700 ipsa
3403 4629 3495 4683 via
3518 4628 3729 4701 publica

2137 4735 2316 4790 usque
2337 4718 2395 4772 in
2420 4717 2772 4784 Literanum,
2795 4719 2852 4771 et
2873 4715 3009 4771 inde
3034 4716 3139 4771 sub
3171 4716 3384 4772 Sancto
3421 4716 3597 4771 Felice
3615 4720 3727 4769 ten-

2139 4805 2293 4860 ditur
2313 4822 2491 4878 usque
2505 4805 2564 4859 in
2587 4805 2853 4859 alaudem
2875 4804 3097 4859 Sanctae
3110 4800 3387 4870 Marite,et
3405 4804 3731 4858 terminatur

2139 4894 2198 4947 in
2227 4891 2529 4948 Petrafixa.
2564 4892 2783 4947 Deinde
2807 4892 3062 4945 tenditur
3082 4891 3329 4962 peripsa
3353 4891 3613 4953 comella,
3640 4889 3725 4942 ubi

2138 4998 2307 5053 rupes
2336 4996 2571 5051 magna,
2602 4980 2663 5033 in
2686 4996 2799 5052 qua
2837 4980 2911 5034 ob
2943 4979 3403 5050 dignoscendum
3438 4978 3726 5032 terminum

2140 5069 2314 5141 ipsius
2344 5068 2564 5123 alaudis
2592 5083 2628 5123 a
2652 5069 2820 5123 boum
2852 5065 3149 5121 memoriae
3183 5061 3526 5121 Seniofredo
3540 5064 3728 5120 comite

2138 5172 2275 5211 crux
2295 5157 2483 5211 excisa
2494 5159 2597 5211 est.
2631 5155 2700 5210 Et
2719 5154 2928 5210 exinde
2946 5154 3131 5208 iturin
3148 5155 3386 5217 Bovaria
3411 5153 3726 5213 subteriore,

2138 5247 2195 5299 et
2222 5261 2325 5317 per
2365 5244 2760 5299 summitatem
2807 5258 2986 5314 usque
3038 5242 3097 5295 in
3149 5242 3391 5297 Bovaria
3436 5240 3723 5313 superiore.

2137 5333 2416 5388 Alaudem
2466 5332 2660 5404 itaque
2705 5329 3038 5385 Tauriniani
3091 5344 3225 5384 cum
3273 5329 3511 5384 ecclesia
3556 5325 3723 5383 Sancti

2137 5419 2429 5476 Fructuosi
2458 5434 2592 5474 cum
2639 5417 2876 5474 decimis
2906 5420 2964 5473 et
2998 5416 3290 5490 primitiis,
3313 5421 3373 5471 et
3390 5416 3577 5472 villam
3608 5428 3721 5469 cum

2136 5507 2409 5563 omnibus
2438 5508 2611 5562 rebus
2658 5507 2730 5561 ad
2758 5522 2817 5561 se
2853 5505 3297 5578 pertinentibus.
3340 5504 3525 5561 Simili
3568 5498 3719 5557 modo

2137 5595 2333 5651 villam
2351 5595 2579 5651 Clerani
2597 5611 2729 5650 cum
2751 5594 2990 5650 ecclesia
3013 5594 3205 5650 Sancti
3229 5592 3475 5660 Martini,
3494 5608 3611 5648 cum
3632 5588 3715 5644 de-

2137 5683 2303 5739 cimis
2323 5686 2381 5740 et
2398 5683 2690 5757 primitiis,
2721 5686 2779 5739 et
2806 5683 3072 5739 alaudem
3094 5698 3228 5737 cum
3249 5682 3461 5738 finibus
3479 5683 3532 5737 et
3542 5677 3711 5735 termi-

2137 5771 2246 5828 nis.
2267 5772 2527 5846 Itemque“
2547 5768 2814 5830 alaudem
2831 5770 3170 5841 Avallaneti,
3184 5772 3241 5828 et
3260 5770 3521 5829 alaudem
3540 5767 3600 5826 de
3616 5769 3710 5821 Ar-
