3888 6218
187 388 317 449 15.05

1414 384 1770 455 Episrougs
1801 372 1890 463 Er
1931 382 2324 451 umquam

3378 409 3526 479 15m

182 517 344 582 boca,
372 529 519 572 cum
548 512 768 575 finibus
793 515 852 569 et
872 509 1137 569 terminis
1156 510 1291 579 suis,
1320 514 1379 566 et
1400 512 1607 571 vallem
1636 512 1819 568 Leche
1837 515 1895 581 Α
1923 510 2432 580 uncinias,alodem
2444 513 2742 573 Exalatam
2753 532 2886 577 cum
2900 518 3095 578 Sancti
3108 524 3264 581 Petri
3284 530 3523 595 ecclesia

178 620 305 657 cum
332 602 600 657 ecclesia
632 601 826 657 Sancti
859 599 1321 655 Salvatoriscum
1354 599 1591 654 decimis
1625 604 1682 655 et
1704 601 1818 673 pri-

180 691 372 746 mitiis.
414 690 570 755 Quae
597 690 756 744 vallis
786 689 1132 744 terminatur
1158 688 1227 742 de
1260 705 1375 743 uno
1398 689 1573 743 latere
1604 688 1664 741 in
1700 688 1821 759 ipsa

178 779 452 845 Portella,
488 778 567 833 de
613 779 724 833 alio
758 777 817 831 in
856 793 1028 848 supra
1071 776 1282 847 scripta
1321 777 1515 843 Stella,
1549 776 1618 829 de
1648 776 1815 831 tertio

182 868 236 922 in
268 870 483 922 monte
519 866 806 933 Stabello,
843 866 912 919 de
963 867 1169 937 quarta
1206 864 1265 917 in
1298 868 1495 919 monte
1523 863 1813 934 Caprario,

187 956 250 1009 de
281 954 497 1027 quinta
550 953 619 1007 in
651 953 871 1007 Cabum
901 952 1242 1019 convivium,
1271 952 1340 1005 de
1371 955 1530 1005 sexta
1554 951 1614 1004 in
1646 967 1814 1005 mon-

188 1047 301 1097 tem
322 1042 668 1113 Cogollem,
692 1040 760 1095 de
781 1039 1026 1111 septima
1045 1040 1103 1093 in
1126 1040 1259 1095 villa
1277 1039 1523 1096 Senarii.
1548 1040 1702 1093 Hanc
1723 1039 1817 1093 de-

191 1132 359 1203 nique
381 1130 612 1185 vallem
628 1128 716 1183 his
734 1128 1243 1183 terminationibus
1262 1128 1748 1197 introclusamjux
1760 1130 1816 1181 ta

189 1218 613 1274 deﬁnitionem
635 1216 960 1272 Seniofredi
997 1216 1225 1272 comitis
1252 1216 1566 1288 quondam,
1592 1218 1647 1269 et
1666 1231 1812 1285 prte-

189 1306 526 1376 ceptionem
562 1303 856 1359 Leutharii
892 1304 1066 1374 regis,
1098 1320 1162 1357 ac
1196 1302 1678 1357 restaurationem
1710 1300 1810 1354 ﬁlii

191 1394 363 1449 nostri
420 1392 674 1447 Wifredi
704 1392 931 1447 comitis
959 1393 1173 1463 absque
1212 1391 1379 1445 ullius
1412 1388 1810 1461 inquietudine

190 1480 970 1537 vobisconcedimus.Villam
984 1478 1412 1551 insupchurtis
1428 1494 1559 1532 cum
1576 1477 1806 1544 finibus,

190 1569 535 1625 etterminis
559 1569 696 1637 suis,
720 1571 778 1622 et
796 1568 1060 1623 alaudem
1082 1568 1151 1622 de
1173 1567 1437 1633 Foliolus,
1456 1583 1629 1638 quem
1650 1565 1809 1621 vobis

192 1657 577 1715 commutavit
595 1673 792 1712 comes
812 1656 1111 1711 Guifredus
1148 1655 1509 1726 praescriptus
1529 1671 1659 1708 cum
1682 1670 1806 1708 om-

193 1747 354 1801 nibus
377 1746 568 1801 rebus
590 1761 718 1816 quae
740 1743 882 1798 inibi
904 1743 1192 1814 possidere
1214 1746 1336 1797 erat
1356 1742 1575 1809 solitus,
1594 1741 1810 1795 scilicet

1920 600 2116 689 villare
2132 601 2485 670 Intervallos,
2506 602 2698 659 villam
2718 606 2920 675 Tobes,
2944 612 3002 663 et
3028 609 3222 669 villain
3253 616 3527 689 Aquas,et

1918 688 2111 742 villam
2134 688 2337 757 Pratis,
2373 690 2578 746 vallem
2604 692 2885 764 Balagarii
2916 711 3048 752 cum
3074 699 3284 756 ﬁnibus
3319 709 3381 760 .et
3411 688 3528 763 tar-

1917 775 2091 829 minis
2121 776 2254 843 suis,
2286 778 2581 833 ecclesiam
2614 781 2806 836 Sancti
2836 784 3069 840 Thomaa
3096 804 3231 845 cum
3255 792 3371 847 suis
3399 796 3521 855 alo-

1916 862 2100 953 dibus,
2131 866 2187 917 et
2211 881 2342 918 cum
2369 865 2627 933 decimis,
2659 871 2715 921 et
2758 869 3029 939 primitiis
3083 875 3156 930 ad
3186 894 3315 934 eam
3341 885 3520 953 perti-

1916 951 2203 1020 nentibus,
2233 952 2427 1007 villam
2452 954 2757 1010 vocitatam
2787 957 2896 1012 Lar
2923 975 3054 1015 cum
3074 951 3524 1029 aecclesiaSanc-

1915 1037 1955 1091 ti
1989 1038 2232 1094 Andreae
2252 1056 2383 1094 cum
2407 1040 2644 1096 decimis
2666 1046 2723 1097 et
2748 1044 3036 1117 primitiis,
3060 1053 3117 1104 et
3134 1052 3365 1112 alodem
3385 1075 3519 1118 cum

1912 1126 2175 1181 terminis
2200 1131 2261 1182 et
2288 1127 2587 1183 limitibus.
2632 1130 2693 1184 In
2736 1131 2876 1189 villa
2928 1133 3162 1194 Saltone
3218 1145 3517 1209 ecclesiam

1912 1213 2104 1268 Sancti
2133 1214 2401 1283 Mauritii,
2433 1232 2565 1270 cum
2593 1217 2830 1275 decimis
2888 1224 2946 1276 et
3000 1225 3273 1295 primitiis
3318 1233 3512 1297 eidem

1908 1300 2350 1371 pertinentibus.
2383 1303 2535 1391 Etin
2570 1304 2773 1360 eadem
2800 1307 2931 1362 villa
2977 1310 3205 1371 alodem
3235 1321 3291 1371 et
3314 1320 3509 1391 locum

1908 1404 2083 1477 quem
2110 1393 2315 1445 vocant
2344 1390 2672 1462 Algionem,
2704 1393 2926 1462 silvam,
2970 1401 3027 1452 et
3053 1417 3263 1470 pascua
3295 1390 3518 1477 pecori.

1908 1476 2014 1532 bus
2040 1481 2192 1550 apta,
2221 1479 2519 1535 ecclesiam
2540 1481 2733 1537 Sancti
2752 1484 2905 1539 Petri
2926 1502 3099 1557 quem
3120 1476 3318 1550 dicunt
3334 1498 3519 1563 Iuliop-

1906 1568 2045 1633 cats,
2070 1582 2200 1620 cum
2231 1566 2469 1622 decimis
2499 1570 2557 1622 et
2584 1568 2855 1639 primitiis
2883 1573 2997 1628 suis
3028 1578 3086 1629 et
3127 1577 3322 1637 villare
3346 1586 3516 1647 Riva-

1906 1652 2116 1723 frigido
2139 1670 2271 1708 cum
2298 1654 2451 1708 silvis
2472 1659 2529 1708 et
2549 1672 2821 1726 pecorum
2842 1662 3081 1731 pascuis.
3105 1664 3311 1724 Villam
3333 1672 3515 1733 Lacu.

1907 1758 2067 1809 nam,
2092 1758 2225 1797 cum
2246 1743 2483 1797 ecclesia
2502 1744 2694 1799 Sancti
2714 1746 3000 1805 Vincentii
3025 1768 3157 1809 cum
3178 1755 3416 1821 decimis
3460 1770 3520 1825 et

194 1852 318 1890 cum
337 1837 494 1902 fevo,
520 1837 584 1888 et
602 1850 735 1888 cum
752 1831 903 1887 silvis
922 1831 993 1887 ad
1014 1831 1279 1887 eamdem
1301 1831 1493 1886 villam
1516 1830 1811 1903 pertinen-
1829 1834 1879 1893 B
1905 1829 2177 1913 primitiis
2205 1834 2261 1884 et
2290 1831 2560 1887 omnibus
2583 1834 2755 1889 rebus
2779 1836 2853 1890 ad
2883 1840 3182 1899 ecclesiam
3203 1850 3399 1909 seuad
3419 1855 3520 1913 vil.

197 1924 441 1991 tibus,et
472 1922 661 1977 alium
692 1921 955 1977 alaudem
989 1937 1163 1993 quem
1193 1919 1253 1973 in
1286 1919 1487 1974 eadem
1520 1918 1809 1985 villa,etin

196 2012 312 2083 ejus
347 2012 502 2067 ﬁnes
535 2014 597 2066 et
626 2009 907 2065 terminos
938 2008 1180 2065 habetis.
1222 2009 1480 2078 Itemque
1510 2005 1809 2060 ecclesiam

197 2100 383 2157 Sancti
414 2098 738 2166 Vincentii,
762 2101 819 2153 et
837 2096 1065 2152 alodem
1110 2096 1285 2167 ipsius
1328 2094 1460 2162 loci,
1504 2111 1636 2148 cum
1674 2093 1806 2147 fini-

194 2186 292 2242 bus
349 2190 410 2242 et
456 2185 734 2241 terminis
777 2184 910 2251 suis,
955 2186 1013 2238 et
1049 2183 1278 2238 alodem
1321 2181 1569 2237 Verneti.
1622 2182 1807 2246 Quod-

195 2291 415 2347 cunque
437 2278 645 2330 autem
665 2273 841 2328 habet
861 2272 920 2326 in
942 2272 1145 2326 eadem
1166 2272 1307 2326 valle
1329 2287 1430 2342 per
1449 2270 1700 2342 plurima
1720 2271 1806 2326 Io-

192 2379 254 2417 ca
270 2364 445 2418 simili
474 2362 658 2418 modo
679 2360 1097 2428 constituimus;
1142 2360 1200 2414 id
1221 2368 1328 2427 est,
1357 2359 1584 2414 alodem
1606 2359 1674 2413 de
1696 2359 1806 2414 Fu-

195 2451 364 2520 liano,
386 2455 447 2506 et
461 2450 701 2506 alodem
721 2449 790 2504 de
812 2447 1408 2519 Bonohomine,quem
1429 2447 1589 2501 vobis
1609 2450 1806 2502 contu-

194 2540 256 2594 lit
272 2556 373 2611 per
393 2538 699 2611 scripturae
720 2534 952 2604 seriem,
993 2538 1051 2590 et
1087 2534 1145 2589 in
1172 2534 1303 2589 villa
1320 2534 1467 2603 Pini,
1492 2538 1549 2589 et
1569 2535 1627 2589 in
1660 2534 1805 2590 Villa

197 2628 477 2697 Mentedo,
501 2631 564 2682 et
584 2627 645 2681 in
666 2624 793 2685 aliis
810 2624 1065 2696 pluribus
1083 2623 1242 2691 locis,
1284 2628 1342 2679 et
1360 2623 1491 2678 villa
1511 2623 1801 2695 Ciresago,

199 2722 360 2790 atque
382 2717 443 2771 in
462 2716 606 2771 villa
623 2714 889 2781 Arriano,
911 2716 1190 2785 quantum
1223 2712 1591 2768 Seniofredus
1611 2730 1804 2768 comes

200 2804 407 2860 ibidem
426 2803 637 2859 habuit
658 2819 761 2874 per
782 2801 1163 2873 qualicunque
1193 2816 1349 2868 voce,
1371 2801 1459 2855 vel
1489 2802 1678 2856 caeteri
1700 2802 1802 2857 ho-

200 2892 375 2947 mines
396 2892 776 2949 contulerunt
793 2889 982 2945 eidem
1000 2888 1373 2957 monasterio,
1396 2892 1455 2943 et
1484 2889 1712 2944 alodem
1733 2890 1804 2945 de

201 2980 446 3049 Canolia,
470 2984 651 3053 atque
671 2978 862 3033 villam
884 2962 1189 3032 Castellani
1209 2992 1339 3031 cum
1377 2977 1597 3032 duabus
1625 2978 1802 3031 eccle-

203 3067 292 3123 siis
305 3069 525 3125 ibidem
547 3066 825 3135 fundatis,
848 3066 1062 3120 scilicet
1082 3064 1275 3121 Sancti
1295 3064 1559 3132 Andreae,
1581 3081 1646 3120 ac
1668 3067 1804 3120 Bea-

1907 1918 2022 1972 lam
2052 1907 2495 1989 pertinentibus,
2522 1937 2655 1976 cum
2675 1923 2941 1979 terminis
2971 1930 3030 1980 et
3050 1928 3284 1988 ﬁnibus.
3322 1907 3517 2000 Hect;-

1907 2005 2053 2060 siam
2082 2006 2276 2099 Sancti
2302 2006 2590 2062 Valentini
2637 2025 2770 2064 cum
2829 2011 3068 2069 decimis
3123 2020 3181 2072 et
3210 2021 3511 2099 primitiis,

1907 2110 2034 2164 quae
2065 2094 2174 2149 sita
2212 2098 2301 2185 est
2325 2094 2405 2185 in;
2431 2095 2562 2150 villa
2591 2096 2843 2169 Sponde,
2874 2100 3117 2159 Alodem
3147 2104 3217 2161 de
3257 2094 3515 2185 lingulae

1903 2196 2035 2274 cum
2063 2183 2306 2274 mercati
2332 2183 2584 2252 teloneo,
2612 2201 2743 2241 cum
2763 2185 2987 2256 villulis,
3020 2192 3079 2245 et
3103 2183 3509 2274 villarunculis,

1904 2272 1961 2322 et
1993 2270 2201 2325 vallem
2251 2271 2560 2327 Ursariam.
2618 2273 2683 2328 Hi
2733 2277 2928 2330 autem
2985 2282 3120 2334 sunt
3148 2283 3385 2349 termini
3440 2270 3513 2349 de

1902 2359 2184 2429 Angulos:
2222 2360 2302 2413 De
2334 2376 2449 2415 una
2475 2362 2639 2432 parte
2671 2361 2731 2415 in
2762 2362 2884 2417 rivo
2912 2364 2998 2419 vel
3037 2365 3098 2420 in
3129 2368 3262 2427 villa
3291 2374 3513 2440 Fauni.

1900 2447 2072 2515 caria,
2103 2447 2173 2502 de
2202 2447 2315 2502 alia
2361 2448 2421 2502 in
2453 2447 2586 2502 villa
2640 2466 2768 2522 qua:
2800 2455 3004 2508 vocant
3030 2453 3295 2530 Crucem,
3326 2466 3415 2529 ,vel
3442 2466 3505 2525 in

1899 2535 2233 2626 summitate
2254 2535 2468 2626 montis
2492 2552 2665 2608 quem
2681 2542 2883 2594 vocant
2909 2540 3281 2617 Scalibatum,
3313 2554 3372 2606 et
3398 2570 3507 2626 per

1901 2623 2298 2679 summitatem
2316 2624 2491 2696 ipsius
2504 2626 2717 2681 montis
2730 2626 2843 2681 itur
2856 2627 2917 2683 in
2939 2628 3133 2687 villam
3148 2623 3500 2712 Quiliamim,

1903 2716 1960 2767 et
1987 2711 2121 2767 inde
2150 2712 2477 2783 pervenitur
2506 2730 2686 2786 usque
2710 2713 2769 2769 in
2814 2716 3045 2786 Melum;
3081 2720 3151 2777 de
3176 2724 3347 2791 tertia
3368 2711 3507 2788 vero

1901 2803 2065 2873 parte
2095 2800 2156 2855 in
2185 2817 2390 2873 campo
2416 2818 2567 2869 raso;
2600 2802 2671 2859 de
2694 2807 2899 2877 quarta
2925 2805 2986 2861 in
3017 2826 3217 2883 campo
3239 2814 3506 2887 regis,vel

1902 2890 1962 2943 in
1992 2889 2167 2961 pugio
2193 2889 2472 2962 Elperico.
2508 2892 2652 2946 Item
2709 2891 3148 2957 villarunculum
3201 2917 3377 2973 quem
3410 2921 3506 2962 vo-

1902 2980 2036 3031 cant
2064 2977 2382 3032 Odclonem
2405 2978 2474 3032 de
2520 2978 2705 3034 Chero
2754 2985 3064 3041 ramatum.
3116 2987 3182 3042 In
3231 2990 3509 3051 comitatu

1902 3081 2035 3119 vero
2059 3064 2452 3133 Cerdaniensi,
2486 3065 2947 3139 Vil-Vulcariam,
2981 3076 3039 3128 et
3062 3073 3123 3128 in
3153 3056 3420 3150 Avizuno,
3450 3087 3508 3139 et

204 3160 269 3211 ιω
287 3174 518 3230 semper
537 3154 784 3227 virginis
803 3154 1013 3223 Mariae,
1036 3170 1168 3209 cum
1187 3152 1424 3207 decimis
1444 3155 1502 3208 et
1536 3152 1807 3225 primitiis
1829 3154 1871 3218 C
1903 3151 1964 3206 in
1989 3152 2261 3220 Odelone,
2294 3155 2351 3207 et
2377 3152 2437 3207 in
2468 3154 2630 3224 Egat,
2664 3158 2723 3210 et
2748 3155 2809 3209 in
2833 3157 3039 3227 Turba,
3067 3165 3125 3216 et
3152 3161 3215 3220 in
3245 3166 3510 3239 Ernas,et

206 3245 615 3302 etalodibusad
626 3244 858 3299 easdem
870 3243 1134 3298 ecclesias
1142 3240 1805 3314 pertinentibus.Eadem

205 3333 386 3407 itaque
422 3334 562 3390 villa
594 3333 773 3389 habet
801 3330 1235 3387 aﬂ'rontationes
1272 3331 1386 3385 sive
1419 3329 1697 3387 terminos
1732 3332 1803 3387 de

208 3439 314 3479 una
337 3426 501 3496 parte
528 3422 596 3478 in
619 3420 920 3489 Petraﬁxa,
942 3437 1069 3494 quae
1093 3419 1203 3475 sita
1227 3422 1313 3474 est
1340 3418 1400 3473 in
1431 3418 1704 3475 terminio
1732 3420 1802 3476 de

204 3512 324 3570 villa
349 3512 645 3587 Mollegio,
671 3511 741 3566 de
770 3508 883 3566 alia
907 3512 1066 3582 parte
1093 3509 1153 3564 in
1186 3525 1319 3564 arca
1343 3508 1413 3563 de
1439 3508 1804 3577 Casalono,et

205 3601 346 3657 vadit
370 3620 474 3676 per
498 3617 733 3659 comam
778 3616 893 3672 qua
926 3597 1187 3671 pergitur
1225 3598 1299 3653 ad
1327 3598 1544 3652 ﬂumen
1587 3598 1702 3653 Ted
1730 3598 1801 3654 de

209 3690 364 3747 tertia
378 3695 547 3764 parte
584 3689 644 3744 in
663 3688 816 3761 ipsos
834 3687 1045 3743 casales
1073 3686 1143 3741 de
1172 3687 1482 3758 Mengono,
1505 3686 1575 3741 de
1596 3689 1802 3759 quarta

207 3779 511 3836 terminum
541 3780 615 3836 de
644 3778 873 3834 Canova
898 3776 984 3831 vel
1025 3775 1327 3844 Petraﬁxa,
1377 3777 1434 3829 et
1457 3773 1591 3829 inde
1621 3792 1801 3849 usque

205 3863 259 3918 in
279 3865 493 3925 ﬂumen
515 3867 656 3924 Ted.
679 3867 750 3921 Et
771 3866 922 3920 ultra
938 3863 1127 3936 ipsum
1148 3863 1388 3932 ﬂumen,
1410 3865 1693 3936 quantum
1712 3865 1799 3919 te.

208 3955 370 4009 nebat
397 3954 774 4012 Seniofredus
802 3969 1015 4021 comes,
1047 3951 1109 4006 in
1141 3951 1232 4007 die
1259 3951 1447 4007 obitus
1492 3952 1578 4006 sui
1606 3952 1801 4008 villam

205 4039 483 4099 Torrentis
510 4060 648 4100 cum
666 4042 876 4097 ﬁnibus
907 4044 967 4095 et
992 4038 1256 4096 terminis
1274 4040 1409 4108 suis,
1432 4039 1627 4095 villam
1640 4042 1800 4096 Insu-

206 4127 269 4184 la:
287 4132 407 4202 pari
427 4133 629 4201 modo,
655 4131 851 4187 villare
882 4134 940 4186 et
957 4130 1274 4197 casalonos,
1305 4145 1439 4183 cum
1468 4129 1581 4182 suis
1606 4128 1803 4185 limiti-

207 4214 322 4287 bus,
352 4221 585 4277 alodem
610 4221 681 4276 de
706 4219 948 4292 Molegio
980 4221 1037 4274 et
1065 4217 1135 4272 de
1164 4217 1310 4271 valle
1329 4217 1554 4271 Mosset.
1573 4217 1715 4271 Item
1739 4216 1798 4271 in

208 4303 536 4379 Planicolos,
562 4311 622 4363 et
650 4307 980 4380 Stagnilios,
1004 4309 1063 4362 et
1089 4305 1149 4360 in
1174 4303 1468 4371 Terradas,
1491 4306 1547 4357 et
1564 4303 1624 4357 in
1654 4305 1799 4359 Mar-

209 4395 372 4466 ceva],
403 4402 461 4455 et
487 4399 550 4453 in
583 4397 885 4465 Erbocolo,
921 4399 979 4450 et
1028 4395 1091 4450 in
1140 4392 1377 4449 ecclesia
1405 4395 1615 4447 sach
1639 4393 1802 4448 Eula-

210 4480 294 4538 lia:
320 4486 652 4557 portionem
688 4502 865 4559 quam
910 4484 1126 4540 habere
1175 4482 1415 4551 debetis,
1455 4483 1513 4536 et
1540 4480 1600 4535 in
1649 4480 1799 4536 deci-

1904 3239 1963 3295 in
1996 3241 2226 3309 Alzone,
2254 3243 2311 3295 et
2336 3239 2396 3295 in
2428 3240 2786 3313 Salagosa,et
2812 3244 2873 3298 in
2907 3246 3180 3320 Bajande,
3203 3254 3332 3311 etin
3353 3258 3513 3315 Esta-

1902 3345 2019 3397 var,
2050 3331 2107 3382 et
2133 3327 2194 3382 in
2221 3328 2472 3400 Gurjuga
2509 3330 2826 3401 superiore,
2857 3336 2915 3388 et
2950 3334 3011 3390 in
3027 3336 3225 3393 villare
3250 3342 3504 3416 Nervice,

1902 3422 1959 3473 et
1979 3418 2038 3473 in
2062 3418 2220 3472 curte
2273 3416 2541 3485 Floridio,
2594 3421 2651 3473 et
2680 3418 2741 3474 in
2767 3420 2965 3490 Edors,
2999 3426 3056 3478 et
3083 3424 3141 3480 in
3176 3428 3412 3501 Unozes,
3444 3439 3505 3491 et

1899 3506 1959 3563 in
1990 3507 2266 3578 Callegas,
2299 3509 2356 3561 et
2393 3506 2451 3593 in
2489 3505 2684 3563 villam
2709 3508 2809 3575 Ixi,
2845 3512 2901 3564 et
2929 3510 2990 3565 in
3017 3511 3215 3571 villam
3246 3518 3499 3593 Lubinti,

1900 3599 1956 3652 et
1982 3595 2043 3650 in
2072 3594 2279 3650 eodem
2306 3592 2583 3649 comitatu
2606 3594 2800 3651 villam
2812 3597 3168 3670 Eragolisam
3180 3618 3313 3662 cum
3327 3610 3506 3668 eccle.

1898 3685 1983 3741 sia
2006 3682 2196 3741 Sancti
2224 3681 2438 3749 Jacobi,
2463 3698 2595 3737 cum
2615 3682 2853 3739 decimis
2900 3689 2957 3742 et
2973 3687 3263 3762 primitiis,
3296 3698 3352 3751 et
3381 3714 3506 3765 om-

1900 3774 2069 3830 nibus
2094 3771 2268 3827 rebus
2292 3770 2364 3861 ad
2390 3786 2450 3825 se
2476 3769 2917 3861 pertinentibus,
2949 3775 3178 3834 alodem
3202 3779 3272 3837 de
3302 3784 3504 3861 Eucig,

1900 3866 1957 3919 et
1983 3862 2053 3918 de
2074 3862 2220 3917 Lora
2249 3863 2306 3914 et
2325 3859 2386 3914 in
2415 3861 2660 3927 Araone,
2684 3862 2743 3915 et
2767 3859 2828 3916 in
2859 3863 3166 3937 Exenegia,
3198 3872 3256 3923 et
3283 3869 3344 3928 in
3373 3859 3509 3932 villa

1901 3950 2094 4007 Sancti
2118 3946 2366 4016 Martini,
2404 3950 2462 4002 et
2488 3947 2736 4017 Ysavals,
2764 3952 2822 4004 et
2850 3950 2913 4006 in
2941 3951 3151 4010 Sancta
3173 3957 3411 4031 Eulalia,
3443 3968 3504 4020 et

1899 4040 1961 4095 in
1975 4039 2119 4095 valle
2152 4036 2401 4094 Cheirol.
2430 4037 2574 4093 Item
2600 4036 2659 4091 in
2678 4039 3012 4096 Palleriolos
3034 4046 3307 4116 parochia
3332 4049 3506 4109 sane.

1898 4127 1943 4183 ti
1965 4128 2221 4194 Thomas,
2270 4141 2399 4197 quae
2452 4128 2537 4181 est
2561 4124 2623 4180 in
2651 4126 2973 4201 Ventajola,
3020 4148 3152 4189 cum
3181 4135 3420 4196 decimis
3444 4144 3505 4198 et

1896 4213 2185 4287 primitiis;
2210 4216 2269 4268 et
2296 4213 2353 4268 in
2380 4213 2584 4269 eadem
2612 4214 2746 4271 villa
2775 4218 3006 4277 alodem
3036 4221 3232 4280 villam
3260 4226 3505 4287 Vulvirri

1898 4318 2033 4358 cum
2061 4300 2300 4357 ecclesia
2323 4301 2547 4357 Sancta:
2561 4302 2804 4360 Caeciliae
2820 4321 2952 4362 cum
2965 4308 3205 4367 decimis
3225 4317 3283 4369 et
3298 4317 3505 4388 primi-

1897 4391 2011 4457 tiis;
2045 4393 2103 4446 et
2131 4389 2389 4462 ejusdem
2412 4389 2558 4445 villae
2588 4390 2819 4448 alodem
2845 4410 2976 4451 cum
2998 4399 3172 4453 servis
3192 4404 3498 4477 etancillis,

1899 4482 1958 4535 et
1983 4478 2254 4534 omnibus
2277 4477 2450 4532 rebus
2473 4477 2543 4532 ad
2565 4479 2836 4536 eumdem
2856 4482 3048 4538 locum
3060 4486 3499 4564 pertinentibus,

213 4569 637 4645 mis,primitiis,
650 4573 723 4630 ad
733 4574 1001 4630 eamdem
1018 4569 1462 4643 pertinentibus.
1478 4568 1798 4625 VillamTa-
1825 4619 1879 4651 ῃ
1898 4582 2033 4624 cum
2056 4564 2323 4622 terminis
2347 4565 2625 4621 etfinibus
2654 4570 2776 4624 tam
2797 4570 3032 4626 ecclesia
3070 4589 3246 4644 quam
3267 4578 3498 4651 alodes;

212 4662 384 4734 resagi
402 4663 694 4738 integram
713 4680 846 4719 cum
867 4660 1106 4718 ecclesia
1122 4658 1340 4715 ibidem
1359 4658 1467 4714 sita
1493 4673 1623 4712 cum
1647 4658 1799 4713 deci-
1825 4653 1879 4680 ν
1899 4654 2197 4711 ecclesiam
2218 4653 2440 4710 Sanctae
2460 4654 2733 4726 Eugeniae
2746 4672 2881 4712 cum
2901 4657 3137 4715 decimis
3155 4665 3215 4717 et
3230 4665 3501 4734 primitiis

212 4747 1115 4822 misprimitiisetomnibusrebus
1139 4748 1326 4803 eidem
1352 4745 1794 4820 pertinentibus.
1897 4746 1956 4799 et
1981 4759 2114 4799 cum
2140 4741 2305 4797 alode
2334 4742 2404 4797 de
2434 4740 2661 4814 Sagana
2687 4760 2701 4810 ;
2733 4744 2963 4800 alodem
2984 4744 3045 4800 in
3092 4747 3227 4804 villa
3263 4754 3410 4822 Albi,
3443 4761 3504 4812 et

208 4836 436 4897 Alodem
456 4843 527 4898 de
556 4841 691 4898 villa
715 4839 1109 4914 Ropidaria,et
1126 4836 1356 4893 alodem
1396 4834 1552 4908 quod
1591 4839 1799 4890 vocant
1894 4832 2089 4890 vineas
2112 4831 2174 4887 in
2193 4830 2445 4887 termino
2474 4831 2543 4885 de
2564 4832 2769 4902 Isogal.
2800 4833 2870 4887 Et
2896 4832 2955 4887 in
2980 4834 3111 4891 villa
3129 4836 3410 4907 Curtes,et
3434 4842 3493 4899 in

208 4922 483 4987 chraria.
520 4932 593 4988 Et
621 4930 683 4985 in
714 4929 917 4986 eadem
947 4926 1093 4983 valle
1134 4924 1496 4991 Conﬂuente,
1542 4924 1604 4979 in
1649 4923 1795 4979 valle
1891 4920 2220 4988 Judicarias,
2243 4919 2376 4975 etin
2398 4918 2809 4986 Cerconeda,et
2827 4919 2884 4974 in
2898 4922 3409 4984 Aranfer.Alodem
3433 4931 3493 4987 in

209 5010 556 5077 Secundiano
580 5019 707 5076 etin
720 5019 851 5074 villa
869 5018 1036 5074 Ortos
1054 5013 1791 5083 etJuliolos,etinFlacano,
1889 5008 2022 5065 villa
2043 5007 2328 5076 Palazold,
2348 5008 2406 5061 et
2430 5006 2492 5061 in
2520 5008 2779 5077 Anauga,
2810 5009 2868 5061 et
2892 5006 3071 5081 Olaja,
3095 5012 3153 5064 et
3170 5010 3229 5065 in
3249 5014 3493 5089 Palazio,

212 5103 333 5159 etin
359 5107 718 5176 Sodanias,et
740 5106 1150 5173 Marazanos,et
1169 5103 1230 5158 in
1250 5102 1711 5171 Porcinianos,et
1730 5102 1791 5157 in
1892 5100 1949 5152 et
1977 5097 2036 5152 in
2067 5096 2197 5151 villa
2223 5095 2422 5162 Coma,
2452 5097 2510 5149 et
2537 5095 2596 5148 in
2626 5093 2763 5149 villa
2791 5095 2989 5163 Borco,
3022 5097 3154 5153 etin
3176 5098 3490 5176 Chrxanos,

1894 5189 1951 5240 et
1978 5186 2037 5240 in
2067 5184 2242 5251 Estol,
2271 5183 2329 5238 in
2355 5182 2485 5237 villa
2508 5182 2738 5239 Adacio.
2771 5185 2836 5239 In
2866 5184 3102 5241 ecclesia
3132 5186 3327 5244 Sancti
3353 5192 3494 5249 Lau-

1890 5274 2061 5329 rentii
2088 5274 2312 5344 partem
2334 5287 2507 5343 quam
2554 5270 2711 5326 dedit
2759 5271 3013 5328 Wisadus
3066 5276 3123 5328 et
3163 5291 3344 5347 nepos
3369 5280 3493 5352 ejus

1888 5362 2243 5429 Willelmus;
2294 5359 2522 5414 alodem
2570 5358 2630 5414 in
2683 5361 2816 5416 villa
2866 5361 3248 5432 Senovastre;
3298 5366 3493 5427 villam

1888 5451 2213 5506 Brrizellam
2239 5464 2370 5502 cum
2420 5448 2632 5504 ﬁnibus
2683 5452 2741 5503 et
2794 5449 3057 5505 terminis
3085 5450 3236 5521 suis;
3270 5452 3331 5509 in
3359 5457 3492 5515 villa

1886 5538 2087 5608 Pratis,
2127 5536 2378 5605 alodem,
2417 5535 2612 5593 villam
2641 5537 2806 5607 Oruc,
2861 5541 2919 5593 et
2947 5538 3141 5596 villam
3164 5540 3308 5614 Rivi,
3357 5562 3493 5606 cum

1888 5629 2101 5689 ﬁnibus
2128 5629 2187 5684 et
2226 5625 2490 5709 terminis
2527 5629 2587 5688 et
2619 5626 2955 5707 adjacentiis
2992 5629 3107 5689 suis
3116 5648 3134 5707 ε
3187 5633 3493 5702 ecclesiam

1825 4619 1879 4680 D

207 5189 466 5264 Agnes,et
492 5199 552 5253 in
574 5196 817 5264 Eune,in
840 5195 1107 5262 Evulo,et
1125 5192 1185 5247 in
1202 5191 1493 5260 Oreliano,
1517 5194 1574 5247 et
1593 5190 1653 5246 in
1675 5189 1792 5245 Cir-

205 5273 325 5335 lano
337 5284 459 5340 etin
473 5285 705 5353 Tubiro,
738 5286 796 5339 et
816 5282 878 5338 in
890 5283 1171 5337 Vetesano
1196 5280 1329 5334 villa
1348 5279 1701 5347 Canabellas,
1734 5282 1793 5334 et

206 5361 376 5438 Erola,
398 5376 453 5428 et
463 5375 757 5441 Planos,et
767 5369 1385 5444 Caprilios,etTovegal
1404 5384 1536 5423 cum
1551 5368 1791 5424 ecclesia

206 5449 381 5513 Sancti
400 5461 633 5517 Adriani
653 5477 783 5516 cum
807 5458 1046 5513 decimis
1058 5459 1113 5513 et
1133 5456 1402 5528 primitiis
1421 5456 1494 5511 ad
1514 5473 1644 5512 eam
1664 5474 1792 5528 per-

206 5537 518 5621 tinentibus;
538 5551 735 5606 villam
754 5546 998 5604 Talantii
1029 5562 1163 5601 cum
1188 5545 1427 5600 ecclesia
1446 5545 1637 5601 Sancti
1660 5546 1791 5602 Ste-

206 5626 368 5703 Phaﬂi
385 5651 516 5700 cum
537 5636 778 5700 decimis
796 5638 854 5696 et
870 5632 1142 5713 primitiis
1170 5631 1304 5692 suis.
1336 5632 1700 5693 Mozunculas
1730 5638 1792 5718 et
