3888 6218
365 413 501 476 1507

1737 406 1964 463 SERGII
1999 398 2069 462 IV
2105 407 2310 464 ΡΑΡᾹΞ

3562 412 3697 468 1508

365 531 436 595 de
462 538 593 594 villa
619 535 877 593 Tarteria
905 552 1035 592 cum
1066 534 1302 590 decimis
1345 538 1401 587 et
1429 532 1694 605 primitiis
1722 532 1853 588 suis.
1878 534 2056 598 Ec-A
2078 533 2230 602 villa,
2260 532 2516 608 itemque
2561 532 2860 589 ecclesiam
2910 532 3133 589 Sanctae
3190 532 3517 602 Felicitatis,
3568 552 3699 606 quae

368 626 602 682 clesiam
632 624 825 681 Sancti
851 625 1089 678 Andreae
1118 623 1175 676 in
1197 622 1331 676 villa
1365 623 1655 693 Batturga,
1686 624 1743 675 et
1771 620 1983 675 ibidem

369 714 619 769 alodem.
652 715 714 767 In
744 712 878 766 villa
905 711 1115 765 Telone
1156 709 1452 764 ecrlesiam
1485 709 1676 764 Sancti
1707 708 1983 776 Vincenti,

374 819 500 875 qua:
530 803 635 855 sita
665 806 750 854 est
778 800 835 852 in
862 799 996 869 pujo
1022 816 1153 851 cum
1214 798 1378 851 alode
1432 814 1553 859 suo,
1606 800 1665 849 et
1694 798 1753 849 in
1784 797 1984 849 eadem

372 891 507 944 villa
536 890 762 943 alodem
792 888 987 940 alium.
1022 888 1087 940 Et
1118 887 1173 939 in
1224 888 1366 939 valle
1408 886 1694 949 Baritana,
1751 886 1806 936 in
1858 884 1985 937 villa
2018 894 2022 899 ‘

373 978 721 1033 Menteliano
744 976 967 1029 alodem
990 992 1119 1029 cum
1152 977 1272 1045 ejus
1301 975 1511 1027 ﬁnibus
1536 977 1591 1026 et
1616 974 1980 1042 adjacentiis;

378 1070 436 1121 et
462 1067 523 1119 in
550 1066 682 1119 villa
708 1065 813 1117 Bar
842 1064 1067 1117 alodem
1099 1080 1229 1116 cum
1257 1064 1377 1133 ejus
1403 1063 1611 1115 ﬁnibus
1642 1062 1697 1114 in
1726 1060 1983 1131 plurimis

372 1153 538 1217 locis;
575 1156 629 1205 et
663 1152 720 1205 in
774 1150 1045 1205 comitatu
1087 1140 1464 1221 U'rgellitano,
1516 1149 1575 1201 in
1608 1149 1739 1201 villa
1766 1148 1983 1202 Cabrils

372 1241 599 1296 alodem
630 1240 727 1310 qui
759 1240 865 1292 fuit
920 1239 990 1291 de
1024 1239 1323 1294 Undiscolo
1356 1238 1659 1291 monacho.
1704 1236 1983 1298 Quincun-

372 1343 484 1402 que
510 1331 703 1382 autem
734 1326 907 1379 habet
944 1326 1093 1379 idem
1127 1325 1452 1379 coanobium
1480 1325 1537 1378 in
1568 1323 1847 1395 pruzdictis
1888 1338 1986 1376 co-

373 1416 672 1471 mitatibus
697 1429 795 1468 seu
849 1414 1005 1481 locis,
1065 1414 1365 1467 statuimus
1403 1415 1574 1482 atque
1623 1410 1986 1465 decernimus

368 1505 501 1576 jure
528 1506 802 1573 perpetuo
833 1501 1196 1573 possidenda,
1231 1505 1285 1554 et
1316 1502 1528 1572 absque
1558 1500 1723 1553 ullius
1761 1499 1983 1569 inquie-

374 1592 574 1646 tudine
608 1590 878 1644 tenenda.
905 1591 965 1643 In
996 1590 1268 1643 comitatu
1294 1606 1425 1642 vero
1474 1587 1766 1641 Cerdauia}
1795 1586 1986 1639 villam

377 1694 551 1750 quam
580 1681 785 1732 vocant
816 1676 1127 1743 Rivolorto,
1178 1694 1307 1730 cum
1366 1675 1577 1729 ﬁnibus
1626 1679 1681 1728 et
1728 1672 1988 1727 terminis

377 1768 522 1834 suis;
565 1765 824 1819 similiter
852 1765 1041 1817 villam
1073 1766 1141 1817 de
1184 1764 1541 1833 Montenigro
1591 1780 1719 1816 cum
1752 1761 1989 1815 ecclesia

378 1854 569 1909 Sancti
595 1852 870 1923 Stephani
903 1869 1029 1904 cum
1054 1851 1286 1904 decimis
1313 1856 1367 1904 et
1412 1851 1673 1920 primitiis
1703 1850 1815 1902 suis
1844 1866 1856 1905 :
1893 1849 1991 1900 sed

380 1947 437 1997 et
478 1942 537 1995 in
580 1941 852 1995 comitatu
904 1940 1205 2008 Bergitano
1238 1939 1427 1993 villam
1486 1938 1819 2008 Spiojiolam
1861 1954 1987 1988 cum

381 2031 618 2087 ecclesia
646 2028 839 2083 Sancti
867 2028 1197 2093 Clementis,
1226 2046 1355 2081 cum
1389 2028 1623 2081 decimis
1650 2031 1699 2079 ct
1730 2026 1993 2095 primitiis

382 2124 439 2175 et
475 2119 744 2174 omnibus
774 2116 845 2169 ad
875 2134 931 2169 se
969 2117 1387 2187 pertinentibus
1438 2116 1625 2176 rebus,
1682 2117 1736 2165 et
1766 2114 1992 2167 alodem

383 2209 454 2263 de
485 2206 768 2269 Cleirano,
802 2207 972 2275 atque
1004 2204 1060 2257 in
1088 2206 1255 2258 Petra
1304 2205 1496 2269 furno,
1529 2207 1585 2255 et
1616 2203 1671 2254 in
1708 2203 1992 2261 Hercnua,

387 2299 444 2349 et
467 2295 526 2349 in
545 2294 710 2347 Viver
741 2294 809 2345 de
838 2292 1221 2346 Castraserras
1248 2292 1474 2345 alodem
1499 2290 1595 2361 qui
1637 2291 1741 2344 fuit
1764 2291 1831 2343 de
1853 2289 1997 2343 Onia

386 2384 712 2449 monacho;
774 2385 830 2434 et
882 2380 939 2433 in
1008 2380 1234 2433 Wardia
1301 2380 1527 2432 alodem
1585 2382 1640 2431 et
1701 2378 1996 2430 ecclesiam

389 2473 613 2527 Sancta:
666 2469 854 2524 Mariae
905 2484 1035 2522 cum
1095 2468 1207 2520 suis
1254 2468 1445 2529 rebus,
1507 2471 1563 2520 et
1628 2466 1891 2520 alaudem
1941 2465 1999 2518 in

387 2561 521 2614 villa
579 2557 846 2613 Crosilios
880 2575 891 2623 ;
955 2556 1091 2609 item
1124 2556 1179 2608 in
1222 2556 1365 2607 valle
1399 2555 1753 2619 Centluente,
1786 2555 1843 2607 in
1872 2555 2004 2607 villa

390 2651 613 2711 Astoer,
637 2650 695 2699 et
720 2645 779 2698 in
810 2644 1108 2715 Aspicano,
1150 2646 1205 2695 et
1252 2643 1311 2695 in
1356 2643 1609 2696 Pcnedes
1639 2642 1887 2696 alodem.
1942 2644 1999 2695 ln

388 2735 522 2789 villa
564 2734 876 2797 Fenestret,
933 2735 990 2785 et
1036 2731 1092 2784 in
1140 2732 1358 2797 Saorla,
1415 2735 1470 2783 et
1518 2730 1575 2783 in
1630 2730 1901 2797 Vincano,
1949 2734 2005 2783 et

390 2823 454 2879 in
480 2822 699 2889 Vilella,
742 2824 799 2874 et
820 2820 877 2873 in
910 2820 1259 2890 Rigerdano,
1288 2824 1343 2872 et
1376 2821 1431 2873 in
1456 2819 1667 2885 Vallils,
1693 2822 1747 2871 et
1786 2819 1843 2871 in
1876 2822 2009 2873 Are-

392 2912 614 2977 nianes,
642 2908 780 2963 etin
808 2908 1147 2971 Ghuvianas,
1178 2907 1235 2960 in
1268 2908 1354 2961 his
1384 2908 1652 2961 omnibus
1692 2908 1907 2973 alodes,
1952 2925 2009 2978 et

390 3000 587 3054 villare
640 2997 917 3051 Erzillano
985 2996 1209 3049 alodem
1275 2996 1369 3065 qui
1451 2996 1555 3049 fuit
1611 2997 1678 3049 (le
1738 2996 2007 3049 Durando

2082 622 2189 677 sita
2228 627 2313 677 est
2362 622 2421 677 in
2475 621 2816 678 Castellione
2849 638 2979 675 cum
3010 622 3122 675 suis
3159 621 3441 687 alodibus,
3474 623 3536 676 in
3569 625 3703 677 villa

2084 711 2437 777 Favaries,et
2457 712 2514 765 in
2547 711 2859 780 Regulella,
2895 714 2950 763 et
2969 710 3024 764 in
3049 710 3475 776 Tiriliano,etin
3501 711 3700 766 Cassa-

2087 799 2228 865 nias,
2262 803 2313 853 et
2341 801 2395 852 in
2428 799 2953 853 Pleucioszalodem
2979 797 3153 851 etiam
3174 798 3243 851 de
3257 799 3388 852 villa
3411 799 3700 866 Saccaria,

2085 889 2137 939 et
2171 887 2238 939 de
2268 888 2512 949 Palmas,
2545 889 2598 937 et
2621 886 2689 937 de
2719 886 2933 954 Campo
2953 885 3176 950 Ursino,
3223 888 3279 937 et.
3330 886 3399 939 de
3423 888 3701 953 Petralas,

2085 977 2141 1027 et
2172 974 2239 1026 de
2273 974 2567 1027 Curbones
2597 976 2649 1025 et
2677 973 2745 1025 de
2776 973 2991 1039 Uxone,
3031 976 3088 1025 et
3118 973 3187 1026 de
3210 973 3707 1041 Coma—Calida,et

2083 1061 2452 1127 Porcilianos,
2482 1064 2539 1113 et
2570 1060 2640 1114 de
2662 1059 2793 1113 villa
2818 1060 3019 1126 Pratis,
3069 1063 3126 1113 et
3154 1060 3223 1114 de
3264 1060 3624 1127 Pricilianos,
3646 1065 3707 1115 et

2085 1150 2153 1202 de
2186 1149 2507 1215 Cabannas,
2566 1150 2623 1200 et
2667 1147 2736 1201 de
2788 1146 3020 1201 Virano.
3072 1148 3141 1201 Et
3170 1148 3227 1200 in
3287 1148 3431 1201 valle
3473 1149 3702 1202 Sancta:

2085 1237 2275 1291 Mariae
2328 1236 2577 1301 alodem,
2625 1234 2723 1288 sed
2750 1238 2807 1288 et
2849 1235 3056 1288 vallem
3111 1236 3333 1289 Sanctae
3384 1235 3604 1302 Crucis,
3647 1242 3705 1290 et

2086 1324 2415 1394 archangeli
2440 1323 2745 1390 Michaelis,
2778 1325 2835 1375 et
2861 1322 3012 1375 beati
3040 1324 3277 1377 Joannis
3311 1339 3439 1394 quae
3484 1324 3593 1377 sita
3620 1328 3704 1377 est

2086 1413 2145 1467 in
2179 1413 2323 1466 valle
2369 1412 2531 1478 Alba,
2580 1426 2709 1464 cum
2757 1409 2992 1463 decimis
3041 1414 3097 1464 et
3139 1411 3443 1481 primitiis;
3494 1410 3596 1464 sed
3647 1415 3704 1464 et

2089 1500 2356 1554 omnibus
2400 1500 2568 1554 rebus
2621 1499 2693 1552 ad
2748 1514 2877 1551 eam
2936 1499 3375 1569 pertinentibus.
3439 1498 3701 1553 Castrum

2090 1589 2265 1643 etiam
2298 1589 2489 1643 Sancti
2511 1591 2801 1645 Laurentii
2833 1608 2963 1645 cum
2995 1591 3195 1645 eadem
3220 1589 3487 1649 Ecclesia,
3524 1587 3624 1641 sed
3649 1591 3705 1640 et

2089 1682 2293 1730 cuncta
2326 1677 2397 1729 ad
2428 1677 2691 1731 eamdem
2720 1680 2925 1733 vallem
2956 1677 3333 1749 pertinentia:
3376 1675 3611 1729 alodem
3636 1674 3703 1726 de

2090 1766 2224 1819 villa
2256 1765 2715 1831 Attendido,etin
2756 1766 3168 1831 Chonosolo,et
3194 1765 3247 1818 in
3282 1764 3537 1827 Buliaco,
3569 1762 3701 1815 etin

2091 1854 2351 1907 Conredo
2379 1871 2390 1919 ;
2427 1856 2481 1906 et
2505 1854 2561 1906 in
2584 1855 2860 1907 comitatu
2883 1854 3126 1907 Redensi
3149 1855 3206 1905 in
3235 1852 3365 1905 villa
3388 1849 3703 1905 Brevazello

2092 1942 2338 1995 alodem.
2377 1942 2436 1993 In
2470 1943 2743 1995 comitatu
2801 1943 3079 1996 Tolosano
3125 1941 3423 1994 ecclesiam
3486 1940 3705 1992 Sanctae

2093 2030 2279 2083 Mariae
2303 2047 2428 2099 quae
2462 2030 2567 2082 sita
2599 2034 2682 2083 est.
2713 2030 2863 2082 inter
2893 2031 3031 2083 duas
3060 2046 3256 2100 aquas,
3314 2044 3446 2080 cum
3477 2026 3706 2080 decimis

2094 2122 2149 2171 et
2181 2117 2446 2186 primitiis
2476 2122 2533 2171 et
2562 2136 2693 2171 cum
2725 2119 2992 2171 omnibus
3049 2117 3309 2171 alodibus
3339 2115 3411 2168 ad
3442 2114 3705 2168 eamdem

2095 2206 2391 2259 ecclesiam
2414 2206 2856 2275 pertinentibus,
2887 2223 3016 2260 cum
3077 2205 3239 2277 aquis
3294 2208 3351 2257 et
3394 2202 3706 2274 piscatoriis

2097 2298 2153 2347 et
2177 2293 2451 2359 vernetis;
2483 2295 2713 2348 alodem
2746 2295 2815 2348 de
2844 2296 3078 2363 Algares
3139 2292 3515 2359 subteriores,
3573 2294 3625 2344 et
3650 2291 3704 2343 in

2100 2385 2332 2453 Algares
2372 2382 2692 2453 superiores
2724 2382 3093 2435 medietatem
3126 2380 3377 2434 ecclesia:
3400 2379 3597 2434 Sancti
3618 2380 3710 2433 Ju-

2100 2471 2256 2535 liani,
2290 2474 2345 2525 et
2373 2471 2743 2525 medietatem
2774 2471 2843 2524 de
2880 2470 3149 2525 omnibus
3172 2486 3299 2540 qum
3328 2468 3402 2521 ad
3428 2484 3563 2522 eam
3584 2484 3705 2538 per-

2100 2560 2311 2625 tinent,
2343 2561 2399 2611 et
2425 2557 2673 2623 alodem,
2706 2562 2762 2611 et
2814 2560 3047 2613 boscos:
3111 2561 3167 2611 et
3194 2558 3252 2610 in
3290 2557 3425 2610 villa
3454 2557 3709 2610 Texona-

2101 2648 2215 2702 rias
2241 2648 2536 2701 ecclesiam
2564 2648 2755 2701 Sancti
2783 2648 3006 2702 Martini
3028 2664 3158 2700 eum
3173 2646 3412 2700 decimis
3440 2649 3502 2699 et
3527 2646 3712 2716 primi-

2106 2738 2196 2791 tiis
2221 2737 2549 2807 cunctisque
2576 2738 2747 2790 rebus
2774 2737 2846 2790 ad
2877 2754 3006 2790 eam
3037 2736 3585 2807 pertinentibus,sed
3598 2736 3706 2789 alo-

2105 2828 2236 2880 dem
2261 2829 2316 2877 et
2342 2826 2561 2889 boscos,
2599 2828 2655 2877 et
2683 2826 2911 2879 alodem
2939 2826 3007 2877 de
3039 2824 3421 2890 Cortevillica,
3456 2810 3593 2877 etin
3621 2823 3709 2877 vil-

2108 2916 2224 2967 lare
2263 2913 2433 2981 Fagia
2473 2914 2725 2977 alodem,.
2757 2918 2812 2967 et
2838 2913 2895 2966 in
2927 2914 3058 2966 villa
3114 2915 3338 2966 Bexano
3385 2912 3615 2966 alodem
3660 2916 3711 2965 et

2110 3001 2530 3067 molendinum,
2588 3005 2644 3053 et
2685 3000 2740 3053 in
2795 3003 3126 3071 Artennago
3184 3000 3487 3053 ecclesiam
3533 2998 3707 3054 Sancti

391 3090 750 3162 presbytero,
818 3086 1021 3138 vallem
1075 3085 1350 3151 Stabiam,
1376 3101 1506 3138 cum
1556 3085 1792 3138 ecclesia
1816 3084 2007 3138 Sancti
2032 3090 2078 3148 C
2112 3088 2369 3152 Quintini
2410 3105 2539 3141 cum
2592 3087 2828 3140 decimis
2880 3091 2935 3140 ct
2966 3086 3256 3156 primitiis,
3314 3089 3372 3139 et
3403 3085 3629 3139 alodem
3658 3085 3709 3137 in

396 3178 640 3233 Andreae
684 3191 814 3229 cum
855 3173 1092 3227 decimis
1136 3177 1191 3225 et
1222 3174 1485 3243 primitiis
1536 3176 1685 3227 suis:
1721 3173 1777 3227 iu
1810 3175 2011 3227 eadem

394 3266 541 3319 valle
562 3264 720 3318 villas
742 3278 872 3316 cum
908 3261 1166 3314 terminis
1213 3265 1270 3314 et
1300 3262 1687 3327 ﬁnibus,silvis
1721 3266 1779 3314 et
1801 3260 2010 3315 monti-

397 3353 541 3419 bus;
595 3352 732 3406 item
765 3350 981 3403 Vallem
1025 3350 1289 3419 Magnam
1338 3367 1469 3403 cum
1528 3350 1761 3403 ecclesia
1822 3348 2012 3403 Sancti

400 3440 679 3498 Vincentii
708 3456 837 3493 cum
883 3437 1118 3491 decimis
1149 3440 1204 3491 et
1250 3438 1537 3508 primitiis,
1584 3455 1713 3490 cum
1758 3436 2016 3490 terminis

399 3537 457 3588 et
506 3532 737 3595 ﬁnibus,
793 3527 944 3581 silvis
994 3530 1051 3579 et
1092 3525 1329 3579 collibus
1372 3527 1443 3581 ad
1492 3528 1756 3579 eamdem
1812 3527 2015 3578 vallem

402 3618 866 3694 pertinentibus:
926 3614 1167 3668 Alodem
1195 3613 1263 3666 de
1306 3614 1439 3665 Bula
1472 3630 1599 3666 cum
1659 3613 1918 3665 terminis
1966 3615 2021 3665 et

406 3709 637 3775 ﬁnibus,
673 3710 729 3760 et
754 3704 981 3759 alodem
1024 3701 1092 3755 de
1146 3701 1333 3755 Insula
1362 3718 1459 3753 seu
1487 3700 1555 3753 de
1588 3702 1903 3767 Ragollella
1935 3703 2023 3753 at-

417 3813 529 3870 que
559 3797 629 3850 de
652 3794 879 3863 Nisiago
912 3795 968 3845 et
1009 3791 1077 3843 de
1106 3789 1237 3842 villa
1280 3788 1585 3853 Milliarios,
1633 3791 1687 3840 et
1718 3789 1784 3840 de
1814 3790 2021 3842 Sancto

420 3886 601 3941 Felice
643 3883 957 3953 superiore,
991 3896 1089 3932 seu
1121 3878 1189 3929 de
1218 3878 1425 3930 Sancto
1460 3876 1636 3928 Felice
1669 3876 1983 3929 subteriore
2010 3894 2022 3930 :

417 3977 559 4033 item
584 3972 810 4028 alodem
844 3968 913 4021 de
940 3967 1267 4031 Valletorta,
1311 3967 1366 4016 et
1395 3964 1462 4015 de
1490 3964 1661 4016 Lucas
1707 3966 1763 4016 et
1794 3964 1861 4017 de
1897 3964 2031 4020 Cur-

416 4067 598 4124 bima.
640 4063 710 4115 Et
735 4059 1003 4113 i1110011111
1030 4069 1201 4125 quem
1238 4054 1443 4107 vocant
1470 4052 1704 4119 Insulas,
1737 4055 1918 4105 terras
1974 4056 2031 4106 et

419 4157 653 4218 vineas;
702 4152 759 4202 et
805 4144 1033 4199 alodem
1071 4142 1140 4195 de
1188 4140 1616 4207 Valleventosa;
1662 4140 1814 4195 etin
1856 4141 2029 4212 pugio

420 4245 699 4305 Buscano,
732 4240 789 4290 et
818 4235 876 4288 in
906 4232 1051 4286 valle
1081 4230 1279 4301 Asperi
1300 4230 1527 4285 alodem
1550 4230 1618 4284 de
1644 4229 1953 4295 Vernedas,
1978 4234 2035 4283 et

2112 3176 2315 3230 eodem
2347 3177 2492 3241 loco,
2513 3180 2569 3228 et
2594 3175 2652 3228 in
2671 3175 2974 3245 Ambliago
2997 3175 3223 3227 alodem
3248 3179 3305 3229 et
3323 3174 3710 3228 molendinum

2112 3282 2241 3318 cum
2265 3268 2431 3334 caput
2461 3264 2621 3334 aquis
2649 3267 2705 3317 et
2734 3263 3135 3333 piscatoriis,et
3161 3264 3219 3315 in
3248 3262 3469 3333 Viliago
3498 3261 3711 3315 alodem

2115 3356 2171 3407 et
2200 3353 2691 3419 molendinum,et
2712 3353 2768 3405 in
2794 3352 3062 3405 Miliarias
3083 3352 3386 3405 ecclesiam
3410 3351 3601 3405 Sancti
3624 3350 3716 3403 Sa-

2115 3442 2333 3495 turnini
2359 3458 2487 3494 cum
2515 3442 2783 3494 omnibus
2812 3442 2981 3494 rebus
3012 3440 3085 3493 ad
3130 3458 3258 3494 eam
3287 3439 3712 3512 pertinentibus,

2118 3533 2175 3584 et
2220 3530 2433 3583 ibidem
2487 3530 2752 3582 alodem:
2788 3531 2856 3582 Et
2908 3528 2964 3581 in
3020 3529 3315 3600 provincia
3372 3525 3713 3581 Narbonensi

2122 3618 2347 3671 alodem
2379 3618 2448 3671 de
2471 3618 2675 3671 Villare
2703 3617 2981 3671 Aldrado:
3006 3618 3073 3670 Et
3096 3617 3153 3670 in
3179 3616 3456 3670 comitatu
3477 3614 3712 3668 Bisuldu-

2124 3707 2289 3760 nensi
2320 3706 2509 3758 villam
2543 3706 2788 3759 Centcns
2818 3721 2945 3757 cum
2973 3704 3184 3758 ﬁnibus
3216 3708 3273 3758 et
3304 3702 3563 3758 terminis
3595 3700 3712 3765 suis,

2125 3798 2182 3849 et
2208 3794 2432 3847 alodem
2460 3794 2528 3847 de
2559 3793 2824 3859 Maliauo,
2855 3798 2911 3846 et
2949 3794 3243 3846 ecclesiam
3268 3792 3463 3847 Sancti
3492 3792 3713 3844 Michae-

2126 3883 2192 3936 lis
2223 3882 2291 3935 de
2318 3881 2714 3935 Ortomadario
2738 3897 2867 3934 cum
2901 3880 3199 3934 decimiset
3219 3880 3492 3950 primitiis
3523 3881 3575 3932 et
3599 3894 3714 3931 cum

2129 3971 2392 4025 eamdem
2424 3970 2635 4035 villam,
2669 3970 2811 4023 etin
2870 3970 3119 4023 Cantens
3169 3969 3424 4035 alodem,
3480 3969 3576 4040 qui
3624 3966 3715 4021 fuit

2128 4059 2427 4125 Odonis,et
2453 4058 2679 4112 alodem
2711 4059 2780 4111 de
2808 4059 3080 4123 Maneval,
3114 4058 3417 4111 etalodem
3451 4057 3519 4111 de
3546 4059 3714 4111 Monte

2131 4149 2371 4215 Canuto,
2400 4152 2457 4201 et
2487 4148 2555 4201 de
2575 4148 2833 4213 Salletas,
2868 4152 2923 4201 et
2954 4147 3011 4200 in
3043 4148 3320 4200 comitatu
3368 4146 3713 4217 Impurdano,

2132 4238 2361 4291 alodem
2388 4236 2457 4289 de
2487 4235 2847 4301 Castellione,
2891 4240 2947 4290 et
2997 4236 3295 4290 ecclesiam
3353 4236 3422 4289 de
3472 4235 3714 4288 Flaviano

420 4332 480 4387 in
510 4327 776 4393 Molledil,
806 4322 1109 4379 etalodcm
1137 4320 1205 4373 de
1239 4319 1472 4381 Crodos.
1507 4319 1655 4373 etde
1708 4318 2262 4400 Salvaticos,Dcun1
2319 4325 2431 4378 suis
2486 4325 2746 4378 terminis
2800 4327 2857 4378 et
2906 4324 3305 4395 pertinentiis:
3352 4342 3410 4379 in
3468 4322 3716 4377 comitatu

422 4426 480 4477 et
505 4421 575 4475 de
600 4417 731 4473 villa
758 4412 1055 4471 Paladolo:
1080 4414 1137 4465 et
1158 4410 1212 4464 in
1241 4410 1515 4463 comitatu
1538 4408 1957 4462 Resselionensi
1976 4408 2031 4460 in

420 4511 557 4565 villa
581 4507 764 4562 Tiviro
797 4502 1023 4558 alodem
1051 4516 1181 4553 cum
1212 4498 1420 4551 ﬁnibus
1447 4499 1503 4550 et
1530 4494 1814 4561 terminis,
1848 4496 2034 4549 etalo-

427 4600 561 4654 dem
585 4596 654 4650 de
681 4597 838 4650 fonte
862 4589 1151 4655 Centuria,
1186 4591 1241 4641 et
1280 4587 1348 4640 de
1391 4585 1649 4652 Reliano,
1675 4587 1731 4637 et
1764 4582 1819 4636 in
1843 4583 2035 4638 villarc

424 4688 635 4748 Milano
664 4683 893 4739 alodem
931 4678 1027 4751 qui
1056 4677 1162 4731 fuit
1182 4676 1250 4729 de
1280 4674 1583 4739 Bonisilio;
1635 4673 1889 4744 itemque
1917 4673 2036 4725 alo-

426 4781 561 4836 dem
591 4772 796 4831 Basoni
826 4784 957 4824 cum
985 4765 1218 4821 ecclesia
1248 4763 1441 4819 Sancti
1480 4761 1755 4815 Vincentii
1788 4777 1916 4814 eum
1940 4760 2037 4813 de-

424 4871 589 4927 cimis
628 4871 686 4920 et
704 4857 973 4936 primitiis
1003 4853 1331 4924 cunctisque
1362 4851 1533 4905 rebus
1560 4850 1630 4904 ad
1656 4867 1713 4903 se
1745 4849 2039 4921 pertinen-

424 4962 596 5025 tibus,
628 4969 761 5009 cum
810 4946 1019 5003 ﬁnibus
1070 4946 1126 4997 et
1169 4939 1430 4995 terminis
1474 4938 1608 5005 suis,
1638 4942 1693 4991 et
1719 4937 1945 4991 alodem
1972 4938 2040 4992 de

430 5046 736 5110 Cmcanet,
770 5037 999 5093 alodem
1026 5033 1094 5087 de
1146 5027 1502 5085 Petra-Calce
1536 5043 1665 5079 cum
1698 5026 1958 5080 terminis
1988 5030 2045 5080 et

428 5131 762 5208 adjaceutiis
786 5126 920 5193 suis,
966 5126 1023 5176 et
1074 5122 1133 5177 in
1172 5119 1303 5173 villa
1342 5114 1601 5181 Turilias,
1660 5118 1714 5167 et
1743 5114 1801 5167 in
1834 5114 2041 5169 Sancto

427 5203 760 5286 Laurentio,
787 5222 843 5271 et
870 5216 929 5269 in
957 5211 1222 5281 Judegas,
1245 5212 1302 5260 et
1331 5207 1388 5263 in
1422 5203 1712 5260 Caldal‘ios
1743 5207 1799 5257 et
1815 5204 2044 5259 alodem

431 5316 506 5369 da
536 5309 768 5365 Berchal
793 5322 806 5359 :
839 5304 980 5358 item
1009 5300 1070 5354 in
1099 5296 1373 5352 comitatu
1404 5291 1790 5357 Feniolitensi,
1826 5291 1882 5344 in
1900 5292 2043 5346 valle

433 5396 765 5459 Sauriniani
793 5394 981 5451 villam
1009 5403 1182 5460 quam
1206 5385 1541 5453 nuncupant
1559 5381 1835 5434 Valletam
1862 5381 1932 5434 ad
1964 5381 2047 5434 in-

432 5498 668 5561 tegrum
697 5500 827 5539 cum
850 5481 1058 5534 ﬁnibus
1084 5480 1140 5531 et
1158 5472 1488 5546 adjacentiis
1501 5472 1632 5537 suis,
1656 5488 1785 5524 cum
1813 5470 2047 5525 ecclesia

438 5560 635 5635 Sancti
662 5568 945 5626 Michaelis
970 5571 1027 5623 et
1055 5564 1292 5619 ecclesia
1321 5561 1511 5617 Sancti
1541 5560 1847 5631 Petri,quze
1877 5562 2047 5615 estin-

436 5658 813 5726 Tabernullas
830 5672 963 5710 cum
976 5670 1078 5709 suo
1099 5652 1287 5723 alode,
1305 5654 1362 5706 et
1384 5649 1528 5706 alios
1547 5648 1741 5703 alodes
1761 5648 1820 5706 in
1843 5650 2046 5709 eadem

2136 4413 2582 4467 Barchinonensi
2608 4413 2668 4466 in
2700 4413 2944 4467 Lanaria
2965 4413 3191 4465 alodem
3228 4413 3452 4483 quifuit
3473 4409 3717 4465 deAbba-

2133 4501 2276 4568 rich,
2305 4504 2361 4555 et
2399 4501 2457 4554 in
2488 4501 2689 4555 eadem
2719 4501 2939 4554 civitate
2972 4501 3198 4554 alodem
3228 4504 3414 4554 terras
3441 4503 3498 4555 et
3526 4499 3717 4559 vineas;

2136 4592 2205 4645 Et
2228 4590 2287 4644 in
2318 4590 2471 4655 Orta,
2505 4593 2563 4643 et
2590 4590 2649 4643 in
2681 4591 2984 4656 Romanet,
3018 4593 3075 4643 et
3104 4589 3162 4642 in
3210 4589 3583 4642 Fenestrellas
3616 4585 3718 4637 alo-

2138 4679 2237 4733 des
2263 4696 2275 4745 ;
2301 4681 2357 4732 et
2384 4677 2446 4730 in
2476 4677 2773 4731 Balneolos
2804 4677 3064 4743 alodem;
3096 4676 3154 4730 in
3178 4676 3458 4731 comitatu
3479 4670 3718 4736 Vallensi,

2138 4766 2198 4821 in
2229 4765 2490 4837 Mogoda,
2547 4767 2603 4818 et
2646 4764 2706 4817 in
2775 4765 3067 4819 Galleches
3119 4767 3175 4817 et
3232 4764 3293 4817 in
3348 4766 3545 4830 Tenes,
3583 4758 3718 4815 etin

2140 4853 2386 4920 Olineto,
2418 4852 2571 4906 etin
2626 4852 2932 4919 Palaciolo,
2992 4855 3048 4907 et
3079 4852 3135 4906 in
3202 4852 3523 4914 Petraﬁtta,
3575 4850 3627 4901 et
3674 4845 3719 4898 in

2141 4941 2381 5013 Aspicell
2412 4939 2635 5003 alodes;
2669 4940 2737 4992 Et
2800 4938 2856 4992 in
2914 4940 3141 4993 civitate
3201 4939 3503 4995 Minorissa
3555 4933 3721 4989 alodes

2143 5029 2237 5100 qui
2263 5030 2495 5083 fuerunt
2520 5026 2827 5081 Audesindi
2850 5027 3142 5081 monachi.
3166 5028 3312 5081 Etin
3335 5026 3599 5081 comitatu
3626 5023 3721 5073 Au-

2143 5133 2300 5171 sonze
2332 5115 2560 5168 alodem
2583 5115 2652 5169 de
2674 5115 2869 5168 villare
2893 5115 3279 5186 Pauli,quiest
3300 5116 3465 5187 juxta
3493 5112 3718 5167 Castrum

2147 5203 2456 5267 Salliforas,
2490 5206 2546 5256 et
2577 5203 2768 5258 alodes
2798 5204 2866 5257 de
2901 5204 3113 5258 Cheros
3140 5221 3151 5257 :
3188 5208 3245 5257 et
3272 5204 3329 5257 in
3359 5205 3559 5258 Sancto
3589 5198 3719 5267 lini-

2143 5292 2321 5365 polito
2349 5294 2407 5343 et
2436 5290 2567 5343 villa
2594 5291 2813 5345 Palazol
2845 5290 3094 5345 alodem.
3130 5292 3257 5345 “(BC
3278 5291 3455 5362 igitur
3483 5297 3718 5360 quiscun-

2146 5399 2255 5453 que
2282 5378 2525 5433 diximus
2577 5381 2661 5434 vel
2709 5397 2835 5452 quae
2880 5397 2997 5433 non
3048 5380 3297 5433 diximus
3328 5378 3556 5450 prtedia,
3586 5371 3715 5427 villas

2145 5470 2373 5537 scilicet,
2410 5469 2691 5536 ecclesias,
2724 5469 3040 5540 parochias,
3101 5469 3331 5535 fundos,
3389 5484 3558 5531 casas,
3585 5475 3716 5517 casa-

2144 5562 2246 5627 les,
2279 5563 2459 5613 terras
2497 5559 2673 5613 cultas
2731 5561 2787 5612 et
2817 5557 3076 5628 incultas,
3132 5574 3392 5629 campos,
3438 5556 3622 5628 sylvas,
3648 5547 3715 5600 vl-

2145 5651 2765 5728 neas,prata,pecorum
2770 5662 3000 5723 pascua,
3014 5663 3200 5720 areas,
3218 5644 3712 5717 torcularia,aquaii
