3888 6218
221 416 361 475 1509

1442 416 1800 476 EPISTOL/E
1835 416 1920 474 ET
1957 417 2352 476 DIPLOMA’I‘A

3423 422 3560 495 nec

216 552 518 609 aquarum
547 535 767 603 ductus,
823 537 939 592 vias
993 538 1384 605 molendinos,
1421 537 1847 593 molendinares
1869 542 1916 601 Α
1954 538 2123 605 salus,
2153 541 2210 593 et
2235 542 2440 611 pax,et
2470 540 2783 612 apostolica
2804 541 3153 615 benedictio,
3184 550 3375 620 quoad
3390 568 3564 611 mun-

216 641 351 679 cum
369 624 498 680 suis
526 628 697 696 caput
726 625 910 698 aquis,
937 630 995 681 et
1018 626 1360 697 piscatoriis,
1388 631 1445 681 ct
1474 644 1602 680 cum
1631 626 1843 693 salinis,

216 715 276 769 et
302 711 562 769 clibanis
608 712 808 784 piceis,
841 714 1039 769 omnia
1083 714 1359 786 acquisita
1383 716 1469 768 vel
1497 714 1848 785 acquif'enda

216 800 288 856 ad
320 801 529 856 Sancti
561 800 846 857 Michaelis
892 802 1217 857 ccenobium
1258 804 1317 856 in
1343 804 1484 856 valle
1524 801 1846 857 Ceniluenti

216 887 416 956 situm,
451 890 806 961 pertinentia
835 907 965 944 cum
996 907 1188 946 servos
1218 896 1274 944 et
1302 891 1609 963 mancipia,
1651 892 1844 943 aucte-

216 976 391 1032 ritate
422 977 510 1031 illi
560 983 816 1033 servatur
861 979 1175 1051 apostolica
1216 995 1251 1033 a
1300 978 1483 1033 nobis.
1531 979 1845 1033 Statuimus

214 1069 415 1120 autem
452 1069 538 1134 ut,
569 1067 798 1138 quando
846 1067 1023 1122 abbas
1055 1068 1226 1139 ipsius
1254 1067 1588 1121 monasterii
1612 1066 1840 1131 ebierit,

215 1168 409 1225 neque
439 1169 478 1208 a
502 1154 756 1225 regibus,
790 1172 977 1227 neque
1007 1172 1041 1209 a
1067 1155 1394 1219 comitibus,
1423 1171 1610 1225 neque
1640 1171 1674 1209 a
1702 1171 1841 1225 qua-

212 1240 495 1313 licunque
527 1258 795 1314 persona,
823 1243 1147 1313 cupiditatis
1169 1243 1423 1315 pecuniae
1445 1260 1637 1309 causa,
1653 1259 1841 1313 neque

212 1344 315 1399 pro
347 1330 746 1402 qualicunque
776 1331 983 1385 favoris
1030 1332 1190 1386 inani
1224 1331 1408 1401 gloria
1435 1332 1653 1385 ibidem
1702 1347 1839 1384 cen-

212 1417 539 1473 stituantur
580 1420 838 1485 abbates,
866 1420 965 1474 sed
994 1436 1027 1473 a
1055 1420 1274 1473 cunctis
1321 1420 1537 1473 ibidem
1578 1418 1839 1489 degenti—

215 1503 318 1559 bus
343 1506 534 1561 servis
560 1505 663 1561 Dei
698 1507 1013 1561 secundum
1041 1508 1221 1562 Deum
1242 1508 1407 1580 juxta
1430 1508 1718 1561 Benedicti
1739 1524 1839 1577 pa-

212 1593 315 1647 tris
353 1595 628 1666 regulam
660 1595 950 1665 eligantur
986 1596 1241 1650 abbates.
1273 1598 1487 1650 Damus
1516 1612 1743 1667 quoque
1773 1595 1839 1647 li-

212 1681 476 1737 centiam
511 1683 683 1753 ipsius
707 1684 815 1738 leci
846 1684 1150 1739 abbatibus
1179 1684 1503 1755 ubicunque
1534 1684 1617 1735 vel
1645 1698 1678 1736 a
1699 1700 1838 1754 qua-

213 1768 602 1843 libuscunque
634 1772 925 1826 voluerint
954 1772 1229 1843 episcopis
1254 1790 1383 1825 suos
1426 1772 1659 1825 clericos
1684 1771 1839 1825 erdi-

216 1860 423 1927 nandi,
446 1864 509 1914 et
534 1876 567 1913 a
588 1861 969 1931 qualicunque
1000 1862 1133 1914 sede
1174 1862 1252 1913 eis
1286 1861 1564 1930 placuerit
1591 1860 1840 1913 chrisma

1949 626 2053 679 dus
2084 631 2443 697 permaneat.
2470 631 2673 683 Amen.

2021 714 2163 768 Cum
2196 719 2416 769 constet
2438 718 2748 773 Dominum
2774 721 2955 776 Deum
2984 728 3249 780 nostrum
3277 728 3562 785 honorem

1948 806 2159 856 sanctas
2192 804 2522 858 universalis
2553 808 2813 862 Ecclesiae
2837 809 3194 867 incessanter
3214 832 3247 869 a
3276 833 3559 888 propaga-

1946 890 2165 943 teribus
2192 892 2373 945 beatze
2407 893 2538 945 fidei
2570 901 2970 963 augmentare,
2997 916 3228 957 necesse
3260 907 3345 957 est
3370 905 3559 961 abillo

1942 977 2117 1031 totius
2132 979 2263 1048 jure
2282 980 2579 1049 regiminis
2601 981 2653 1034 ei
2670 985 2985 1040 concedere
2999 1004 3241 1044 censura
3265 991 3405 1061 justi
3432 1009 3558 1048 me-

1944 1065 2260 1120 deraminis
2291 1068 2719 1135 liberalitatem,
2744 1072 3144 1146 malorumque
3177 1080 3374 1147 procul
3395 1081 3469 1134 ab
3491 1094 3562 1135 ea

1942 1154 2156 1222 pellere
2182 1155 2603 1223 pervasionem.
2652 1156 2946 1227 Quocirca,
2980 1164 3256 1232 quoniam
3289 1170 3563 1223 convenit

1942 1241 2266 1311 apostolicae
2298 1242 2497 1311 pietati
2551 1243 2805 1313 benigna
2861 1250 3191 1316 patentibus
3224 1270 3558 1312 succurrere

1941 1329 2362 1399 cempassiene,
2392 1328 2520 1383 ideo
2552 1347 2655 1383 nos
2678 1331 2787 1385 tuis
2806 1334 2973 1402 justis
2998 1336 3239 1406 (etenim
3260 1340 3559 1397 sicutsunt

1941 1430 1975 1468 a
2007 1415 2174 1469 nobis
2191 1416 2550 1486 adjudicatte,
2577 1434 2713 1472 nam
2725 1419 2893 1489 justze
2912 1426 3058 1493 sunt)
3079 1432 3400 1483 annuentes
3422 1446 3553 1501 pre-

1941 1501 2121 1568 cibus,
2151 1519 2355 1557 omnes
2385 1505 2769 1574 proprietates
2807 1508 2919 1561 sive
2952 1513 3335 1580 possessiones
3380 1516 3557 1586 ipsius

1940 1589 2072 1655 loci,
2090 1590 2235 1644 ﬁnes
2260 1592 2345 1645 vel
2366 1591 2579 1645 limites
2606 1610 2737 1646 cum
2764 1594 3104 1664 adjacentiis
3128 1601 3555 1672 praecipuorum

1943 1677 2318 1746 praediorum,
2345 1695 2476 1732 cum
2500 1680 2767 1735 omnibus
2786 1683 3055 1751 ecclesiis,
3080 1688 3554 1758 parechiis,villis,

1940 1765 2150 1832 fundis,
2207 1766 2350 1820 casis
2403 1768 2681 1821 casalibus
2724 1770 2910 1837 terris,
2955 1774 3194 1843 campis,
3228 1777 3424 1846 pratis,
3456 1794 3559 1848 pa-

1939 1854 2105 1917 scuis,
2137 1853 2305 1919 silvis,
2334 1854 2591 1923 garricis,
2617 1856 2783 1923 areis,
2814 1860 3153 1928 torculariis,
3177 1865 3358 1934 aquis,
3383 1882 3557 1937 aqua-

215 1947 542 2019 accipiendi
569 1966 581 2013 ;
616 1952 674 2003 οι
698 1951 759 2001 ιιι
780 1949 988 2002 anulla
1017 1949 1302 2019 episcopo,
1332 1964 1435 2001 nec
1466 1948 1537 2001 ab
1560 1948 1657 2000 illo
1679 1948 1839 2016 cujus
1862 1920 1909 1977 Β
1940 1956 2066 1993 rum
2097 1941 2378 2007 ductibus,
2410 1942 2530 2005 viis,
2556 1943 2927 2011 molendinis,
2962 1949 3399 2006 melendinariis
3418 1969 3553 2008 cum

215 2033 390 2090 situm
437 2040 546 2103 est,
587 2052 692 2090 nec
717 2037 789 2090 ab
832 2037 943 2090 alio
988 2039 1164 2108 possit
1203 2035 1710 2101 excemmunicari,
1752 2036 1836 2087 vel

216 2122 411 2195 aliqua
461 2124 733 2178 eumdem
782 2124 1200 2178 monasterium
1252 2124 1547 2194 pertinens
1580 2123 1833 2180 ecclesia.

216 2208 542 2265 Statuimus
574 2212 749 2265 etiam
778 2215 840 2265 ut
869 2212 995 2283 quis
1020 2212 1327 2282 paenitens,
1356 2227 1389 2264 a
1418 2210 1717 2264 liminibus
1740 2228 1834 2264 ex-

216 2296 403 2351 clusus
425 2299 965 2370 ecclesite,quandiu
980 2299 1056 2353 ibi
1071 2299 1527 2363 steterit,habeat
1545 2298 1836 2352 licentiam

216 2383 581 2454 introeundi,
615 2391 671 2442 et
711 2403 885 2442 omne
927 2388 1182 2442 divinum
1230 2387 1483 2441 officium
1541 2386 1833 2441 audiendi.

221 2471 608 2529 Concedimus
628 2491 855 2547 quoque
880 2475 1073 2529 abbati
1103 2476 1187 2529 vel
1216 2474 1534 2540 monachis,
1562 2480 1619 2528 et
1649 2474 1835 2528 omni-

219 2559 324 2614 bus
353 2562 582 2616 clericis
612 2562 680 2617 ad
728 2552 1145 2617 monasterium
1184 2563 1631 2633 pertinentibus,
1660 2563 1835 2615 licen-

220 2647 383 2713 tiam,
408 2649 523 2702 nisi
550 2649 837 2704 veluerint
860 2654 1179 2721 spontanee
1206 2651 1289 2703 vel
1322 2650 1531 2720 rogati,
1565 2650 1638 2704 ad
1667 2666 1837 2719 syne-

223 2734 360 2789 dum
385 2753 509 2791 nen
542 2738 738 2792 eundi.
772 2738 1196 2793 Conllrmamus
1224 2737 1402 2807 igitur
1432 2741 1489 2790 et
1518 2738 1840 2792 stabilimus

224 2824 439 2880 amedo
456 2829 518 2879 ut
534 2826 721 2880 nullus
732 2828 1047 2892 rex,nullus
1062 2826 1543 2897 princeps,nullus
1557 2828 1836 2893 marchie,

220 2913 411 2967 nullus
435 2916 846 2981 comes,nullus
860 2915 1252 2986 judex,nullus
1283 2915 1709 2985 episcepus,nec
1726 2917 1838 2969 ulla

221 3014 443 3071 magna
472 3017 760 3073 parvaque
784 3019 1031 3073 persona
1060 3003 1310 3073 aliquam
1337 3002 1450 3055 vim
1476 3003 1561 3055 vel
1594 3002 1835 3056 invasio-

224 3103 357 3143 nem
379 3090 444 3144 in
468 3091 674 3144 eodem
696 3092 959 3146 coenobio
981 3094 1079 3145 aut
1101 3091 1157 3143 in
1179 3091 1293 3144 suis
1305 3091 1667 3161 pertinentiis
1687 3091 1835 3143 face-

1938 2027 2051 2081 suis
2076 2032 2247 2098 caput
2276 2030 2521 2100 aquis,et
2544 2031 2658 2084 suis
2684 2031 3004 2100 piscatoriis
3035 2037 3252 2091 cultum
3285 2042 3343 2092 et
3369 2039 3553 2095 incul-

1936 2118 2144 2181 tum,et
2162 2133 2515 2188 qumcunque
2532 2119 2700 2172 beata
2718 2120 2969 2188 gloriosa
2987 2124 3146 2193 virgo
3162 2126 3335 2180 Maria
3355 2144 3421 2181 ex
3437 2129 3552 2183 col-

1938 2203 2516 2259 latienibusﬁdelium
2546 2206 2605 2259 in
2635 2209 2896 2262 caznebie
2912 2210 3277 2281 Bivipollensi
3298 2216 3551 2271 retinere

1937 2291 2180 2357 videtur,
2210 2296 2407 2347 nostro
2437 2295 2748 2363 apostolico
2781 2297 3195 2354 confirmamus
3224 2303 3551 2375 privilegio.

1939 2379 2522 2453 Cencedimusitaque
2536 2383 2808 2453 praedicto
2824 2389 3360 2461 menasterie,qued
3374 2392 3435 2446 in
3448 2394 3554 2448 cir-

1937 2467 2091 2521 cuitu
2117 2469 2238 2539 ejus
2252 2469 2748 2537 habetur,alodem
2766 2489 2833 2526 ex
2857 2474 3033 2529 latere
3051 2493 3165 2530 uno
3186 2484 3549 2550 pergentem,

1938 2555 2094 2625 quod
2108 2556 2814 2628 discurritperTamarice,
2839 2561 3445 2635 etinfunditinTezer;
3477 2570 3550 2624 ab

1938 2643 2050 2697 alio
2065 2644 2241 2697 latere
2258 2662 2359 2715 per
2370 2647 2774 2716 aquaeductum
2792 2649 2888 2720 qui
2911 2649 3177 2706 discurrit
3198 2656 3349 2708 ultra
3360 2655 3553 2711 villam

1937 2730 2108 2785 Melas
2136 2749 2267 2786 cum
2290 2734 2495 2787 eadem
2527 2734 2660 2789 villa
2684 2736 2874 2803 Melas,
2899 2741 2958 2792 et
2987 2739 3244 2795 infundit
3273 2742 3332 2796 in
3358 2743 3551 2813 Tezer,

1941 2818 2146 2875 deinde
2172 2822 2429 2876 asCendit
2450 2840 2554 2893 per
2592 2826 2909 2879 terrentem
2944 2827 3095 2881 ultra
3124 2831 3556 2901 Engerdans,et

1940 2908 2321 2979 ascenditper
2361 2911 2652 2965 l‘ornelles
2682 2930 2858 2984 usque
2891 2914 2950 2967 in
2993 2918 3226 2972 Serram
3262 2936 3434 2990 super
3459 2920 3552 2974 sil-

1938 3012 2067 3049 vam
2101 2997 2171 3050 de
2198 2998 2433 3064 Ordina,
2460 3003 2517 3051 et
2547 3001 2809 3069 pervenit
2828 3002 2888 3055 in
2911 3020 3061 3075 pago
3089 3023 3260 3077 super
3291 3008 3551 3062 Vilarzel-

1938 3083 2092 3149 lum;
2127 3086 2199 3137 ab
2228 3085 2350 3155 ipse
2394 3086 2691 3142 Vilarzelle
2725 3092 2987 3160 pervenit
3017 3111 3195 3165 usque
3226 3096 3285 3149 in
3312 3098 3552 3167 pogium

222 3191 282 3231 re
303 3182 639 3249 praesumat.
682 3180 791 3233 Pro
826 3196 938 3251 quo
963 3182 1019 3232 et
1048 3182 1146 3233 tuo
1171 3179 1343 3232 divini
1364 3179 1564 3249 judicii
1590 3180 1836 3233 ebtesta-
1860 3203 1905 3262 ρ
1941 3170 2498 3262 (Σεξινϐυυωβθῗίῐιάϐν
2515 3178 2778 3243 pervenit
2799 3178 2858 3231 in
2876 3180 3049 3235 Serra
3064 3199 3237 3253 super
3254 3186 3551 3256 Guausago

222 3263 403 3334 tione,
435 3271 493 3321 et
524 3268 908 3322 anathematis
940 3268 1344 3322 interdictione
1390 3268 1837 3337 promulgantcs

224 3351 592 3410 decernimus
621 3359 684 3409 ut
709 3372 826 3409 non
857 3356 1065 3410 audeat
1094 3356 1285 3427 aliqua
1303 3372 1551 3427 persona
1579 3356 1666 3409 vel
1692 3373 1836 3425 prae-

225 3446 416 3496 sumat
436 3445 640 3497 centra
661 3443 769 3498 hoc
791 3447 1056 3497 nostrum
1080 3443 1447 3514 privilegium
1475 3443 1533 3497 in
1553 3444 1840 3514 aliquibus

225 3543 398 3600 agere
426 3530 658 3602 injuste,
700 3547 887 3603 neque
916 3531 1042 3603 quis
1068 3531 1207 3584 illud
1243 3534 1423 3585 tentet
1452 3532 1741 3600 frangere.
1780 3531 1838 3586 Si

226 3616 348 3687 quis
370 3621 591 3687 autem,
620 3619 775 3690 quod
797 3636 912 3673 non
941 3619 1245 3687 credimus,
1270 3620 1428 3690 parvi
1450 3620 1707 3690 pendens
1723 3620 1837 3689 pri-

225 3703 499 3778 vilegium
531 3710 792 3760 nostrum
815 3707 1144 3772 tentaverit,
1169 3708 1239 3761 de
1264 3711 1427 3777 parte
1449 3706 1548 3762 Dei
1571 3706 1836 3778 omnipo-

223 3792 396 3848 tentis
427 3794 722 3866 sanctique
752 3795 873 3866 ejus
922 3794 1165 3866 apestoli
1195 3794 1370 3862 Petri,
1407 3799 1463 3849 et
1492 3799 1707 3863 nostra,
1742 3795 1839 3867 qui

226 3880 342 3951 ejus
368 3882 674 3953 fungimur
700 3883 839 3951 vice,
866 3883 1176 3955 perpetuis,
1210 3883 1319 3937 nisi
1351 3883 1674 3954 resipuerit,
1699 3901 1837 3938 ana-

225 3968 497 4025 thematis
524 3971 759 4026 vinculis
785 3972 1126 4043 obligamus.
1172 3971 1231 4027 Si
1263 3972 1389 4044 quis
1415 3977 1609 4027 autem
1657 3973 1839 4027 sancti

224 4058 471 4114 camebii
490 4060 660 4131 hujus
681 4061 912 4131 adjutor
932 4060 1200 4129 existens,
1216 4060 1380 4115 illum
1408 4060 1467 4114 in
1494 4077 1607 4131 quo
1638 4064 1838 4132 potue-

223 4144 297 4200 rit
324 4148 590 4220 elegerit,
621 4148 889 4203 ditaverit
919 4152 975 4202 et
1003 4148 1303 4216 amaverit,
1331 4149 1421 4203 hic
1443 4149 1543 4203 Dei
1573 4149 1838 4220 omnipo-

224 4235 397 4290 tentis
427 4236 759 4291 interventu
785 4237 1097 4308 apestolica
1138 4238 1389 4309 repletus
1437 4236 1837 4292 benedictione

223 4337 479 4379 crescere
510 4341 569 4378 se
601 4325 850 4396 gaudeat
880 4325 937 4378 in
967 4325 1234 4379 virtutem
1266 4325 1335 4379 de
1361 4325 1586 4379 virtute.

291 4412 587 4485 Scriptum
619 4430 725 4485 per
759 4430 999 4469 manum
1030 4413 1320 4468 Benedicti
1352 4412 1843 4483 netariiregiena—

222 4498 289 4554 rii
315 4503 376 4556 et
398 4501 681 4556 scriniarii
709 4507 921 4557 sanctae
954 4503 1230 4557 Romana":
1255 4501 1540 4569 Ecclesiae,
1559 4502 1616 4555 in
1638 4518 1837 4557 mense

224 4586 550 4658 Novembri,
585 4590 907 4646 indictione
940 4591 1183 4647 decima.

294 4679 446 4732 Bene
474 4678 681 4734 valete.

1002 4785 1064 4843 V.

223 4883 400 4960 Sergii
443 4906 601 4963 papa:
647 4890 743 4948 IV
776 4890 1122 4964 privilegium
1162 4908 1267 4964 pro
1323 4893 1639 4948 monasterio
1685 4890 1838 4946 Rivi-

902 4980 1151 5051 pullensi.

836 5085 1235 5161 (AnneiOlL)

329 5192 756 5262 [COCQUELINES,
779 5191 993 5247 Bullar.
1028 5193 1189 5263 ampl.
1220 5192 1466 5261 ϐοηθοίη
1497 5191 1549 5261 I,
1587 5196 1735 5259 312.]

298 5295 534 5352 SRRGIUS
580 5297 898 5369 episcopus,
929 5314 1122 5352 servus
1150 5314 1444 5352 servorum
1496 5298 1617 5366 Dei,
1663 5298 1845 5351 0mm

232 5383 495 5456 religioso
519 5384 716 5438 abbati
748 5386 973 5439 Sanctae
994 5385 1180 5439 Mariae
1203 5385 1458 5440 dominae
1485 5389 1695 5441 nostrae
1718 5402 1843 5439 me-

234 5472 465 5527 nasterii
491 5471 651 5543 quod
670 5471 844 5526 situm
862 5475 948 5526 est
966 5472 1025 5525 in
1051 5473 1328 5527 comitatu
1348 5475 1595 5527 Ausenae
1618 5474 1678 5526 in
1700 5474 1846 5527 valle

233 5556 626 5633 Rivipollensis
653 5559 806 5614 inter
831 5560 944 5615 duo
975 5559 1238 5627 ﬂumina,
1263 5559 1369 5615 tibi
1398 5564 1705 5633 tecumque
1721 5578 1843 5615 ma-

235 5646 525 5719 nentibus,
552 5649 612 5704 et
645 5662 752 5722 per
779 5649 837 5711 te
864 5646 976 5707 tuis
1008 5646 1356 5723 illerumque
1401 5649 1845 5723 successoribus,

1862 4462 1913 4519 D

1938 3258 2184 3327 minore,
2211 3260 2531 3314 etinfundit
2552 3262 2610 3315 in
2637 3263 2823 3319 rivum
2847 3266 3043 3322 Sancti
3060 3270 3350 3325 Laurentii
3375 3290 3553 3345 usque

1940 3346 1999 3400 in
2031 3347 2248 3401 ﬂumen
2283 3349 2511 3415 Frcber,
2538 3350 2747 3405 deinde
2773 3356 3030 3409 ascendit
3061 3372 3167 3426 per
3192 3359 3437 3413 rivulum
3457 3362 3557 3432 qui

1942 3434 2209 3488 discurrit
2237 3436 2311 3490 ad
2342 3437 2533 3490 villam
2565 3439 2766 3505 Babos,
2816 3446 2876 3494 et
2928 3445 3191 3514 pervenit
3233 3447 3306 3499 ad
3358 3448 3553 3503 villam

1940 3522 2235 3591 Stamariz,
2255 3526 2313 3578 et
2329 3524 2583 3578 infundit
2599 3525 2659 3578 in
2682 3528 2877 3595 'l‘ezer,
2902 3533 2959 3583 et
2983 3530 3256 3585 aﬂ‘rentat
3276 3533 3336 3587 in
3357 3534 3551 3591 villam

1939 3611 2297 3678 Archamala,
2330 3615 2388 3666 et
2417 3612 2552 3667 inde
2585 3612 2643 3667 in
2663 3615 2905 3685 pogium
2930 3616 3257 3673 Salomonis
3289 3638 3467 3693 usque
3489 3623 3551 3679 in

1940 3697 2074 3752 villa
2109 3699 2280 3753 Melas
2309 3716 2441 3754 cum
2482 3701 2597 3755 suis
2620 3702 2984 3771 terminibus,
3043 3723 3392 3780 quacunque
3447 3727 3549 3767 au-

1939 3787 2267 3841 ctoritatem
2296 3789 2470 3843 habet
2493 3791 2553 3843 in
2588 3790 2791 3844 eadem
2823 3793 2966 3846 valle
2996 3808 3100 3864 per
3124 3796 3380 3865 plurima
3405 3799 3550 3857 loca.

1940 3874 2124 3930 Simili
2176 3876 2351 3931 mede
2381 3878 2780 3933 constituimus
2820 3879 2889 3934 de
2944 3883 3088 3936 valle
3132 3883 3200 3937 de
3232 3885 3550 3957 Tentaries,

1938 3962 2071 4017 villa
2098 3965 2490 4034 Aramancias,
2518 3965 2736 4021 Stuiole
2763 3968 2979 4040 major,
3006 3970 3126 4042 ipsa
3157 3972 3466 4043 Grivolesa,
3495 3968 3557 4033 et

1940 4050 2082 4105 alios
2105 4069 2209 4123 per
2222 4054 2631 4125 plurimaleca.
2654 4055 3003 4113 Piscationes
3025 4076 3253 4133 quoque
3268 4079 3553 4135 aquarum

1941 4139 2011 4193 de
2044 4140 2218 4194 Tezer
2241 4158 2275 4195 a
2300 4142 2630 4198 Risbamala
2660 4161 2837 4217 usque
2864 4146 2938 4201 ad
2959 4148 3151 4220 Spata,
3175 4153 3232 4204 et
3260 4151 3330 4205 de
3360 4151 3555 4208 Freter

1941 4226 2012 4281 de
2042 4227 2165 4299 ipsa
2193 4230 2368 4284 corba
2398 4248 2574 4302 usque
2596 4232 2656 4285 in
2687 4234 2876 4289 Tezer.
2908 4236 3137 4291 Mercati
3165 4255 3300 4294 vere
3330 4241 3557 4311 prtefati

1940 4315 2073 4384 loci,
2098 4317 2395 4371 teleneum
2418 4321 2475 4371 et
2497 4336 2734 4374 omnem
2760 4322 3045 4393 justitiam
3062 4325 3139 4379 ibi
3160 4330 3556 4398 peragendam

1940 4404 2013 4458 ab
2040 4404 2268 4475 integre
2319 4407 2710 4464 concedimus.
2747 4411 3085 4465 Parochiam
3118 4413 3189 4467 de
3235 4415 3358 4485 ipsa
3387 4419 3555 4487 valle,

1940 4492 2240 4546 ecclesiam
2273 4493 2469 4547 Sancti
2509 4496 2684 4563 Petri,
2713 4512 2845 4551 cum
2885 4499 3107 4552 caeteris
3152 4501 3403 4556 ecclesiis
3444 4505 3555 4560 sibi

1940 4580 2353 4648 subditis,sicut
2370 4582 2677 4638 Getmarus
2696 4586 2996 4656 episcopus
3016 4585 3234 4642 ibidem
3252 4593 3552 4662 concessit,

1939 4670 2389 4724 velsuccesseres
2408 4672 2458 4742 ej
2469 4688 2530 4726 us
2550 4672 2900 4728 Idalcherius
2930 4678 2988 4728 et
3005 4675 3281 4746 Georgius
3302 4679 3555 4752 episcopi

1941 4773 2075 4811 cum
2096 4757 2335 4812 decimis
2354 4763 2525 4830 atque
2542 4760 2814 4830 primitiis
2835 4761 3049 4833 absque
3070 4763 3557 4825 tribute.Aledem

1943 4846 2098 4917 quod
2115 4846 2321 4900 dicitur
2349 4848 2653 4901 Matamala
2674 4864 2805 4902 cum
2829 4850 3067 4905 ecclesia
3097 4852 3322 4906 Sancta:
3341 4854 3553 4925 Mariae,

1944 4938 2001 4988 et
2030 4934 2266 4988 ecclesia
2296 4935 2365 4989 de
2394 4935 2569 5005 pugio
2599 4935 2962 4991 Machenosie
3012 4955 3144 4992 cum
3201 4940 3441 4996 decimis
3497 4950 3556 4999 et

1944 5021 2233 5093 primitiis.
2260 5024 2329 5076 Et
2353 5022 2529 5077 habet
2558 5006 2996 5080 atl‘rentatienes
3041 5042 3108 5080 ex
3138 5027 3319 5081 latere
3346 5047 3462 5086 une
3492 5032 3552 5086 in

1945 5127 2098 5181 pugo
2126 5109 2535 5177 Transvadeni,
2558 5111 2747 5181 pergit
2772 5128 2874 5183 per
2896 5114 3086 5183 ipsum
3108 5114 3353 5171 rivelum
3373 5134 3553 5191 usque

1946 5200 2021 5254 ad
2069 5198 2246 5253 alium
2298 5199 2393 5269 qui
2426 5199 2617 5269 pergit
2644 5216 2747 5270 per
2787 5200 2909 5271 ipsa
2949 5203 3095 5269 loca,
3128 5208 3187 5257 et
3210 5203 3464 5276 injungit
3491 5207 3553 5261 in

1946 5289 2231 5343 terrentes
2279 5286 2376 5356 qui
2435 5287 2766 5341 discurrunt
2792 5289 2861 5341 de
2893 5291 3065 5344 Serra
3096 5290 3345 5345 Vinicles
3375 5310 3555 5366 usque

1946 5378 2019 5432 ad
2046 5376 2309 5429 Cinctum
2328 5375 2957 5444 centra'l‘remolesa,et
2974 5379 3165 5450 pergit
3187 5395 3291 5450 per
3318 5381 3554 5439 Serram

1945 5481 2124 5536 usque
2164 5463 2238 5516 ad
2267 5465 2575 5534 pertellam
2607 5464 2678 5517 de
2708 5464 3051 5537 Villalonga,
3082 5471 3138 5521 et
3168 5468 3465 5525 descendit
3492 5472 3555 5531 in

1947 5555 2289 5619 terrentem,
2326 5551 2623 5606 descendit
2657 5568 2760 5624 per
2790 5554 3054 5623 Lebaria,
3100 5558 3158 5610 et
3212 5557 3466 5631 injungit
3492 5560 3554 5617 in

1945 5642 2122 5720 pugio
2148 5640 2560 5702 Transvadoni.
2602 5642 2673 5700 Et
2718 5641 2782 5698 in
2831 5642 3040 5726 eadem
3089 5645 3232 5721 valle
3254 5647 3562 5717 Matemela.
