3888 6218
361 437 503 502 ,ίὸίά

1743 433 1971 496 SERGH
2003 431 2077 490 IV
2109 431 2315 490 ΡΑΡΔΕ

3557 439 3696 498 1512

370 566 604 624 alodem
636 562 732 636 qui
779 562 890 619 fuit
911 561 1197 632 Rodulpbi
1229 560 1502 634 episcOpi,
1535 565 1593 616 et
1638 562 1973 634 parochiam
1996 565 2353 630 Atermtnos
2379 562 2520 634 ejus,
2557 564 2616 616 et
2641 561 2810 618 alode
2860 557 2930 617 de
2975 559 3217 620 Camma
3265 577 3398 618 cum
3445 562 3690 622 ecclesia

375 655 447 710 de
475 653 756 720 Vineolas,
792 669 922 706 cum
953 649 1190 705 decimis
1216 653 1273 704 et
1301 649 1589 720 primitiis,
1633 668 1773 722 quas
1803 652 1978 706 Geor-

371 743 500 813 gius
527 741 829 814 episcopus
877 738 1156 795 concessit
1197 742 1395 792 sancto
1441 738 1724 793 Salvatori
1763 740 1979 810 absque

371 829 611 895 tributo,
631 827 777 882 sicut
797 828 854 881 in
873 826 994 897 ipsa
1017 826 1152 880 dote
1174 829 1434 893 resonat;
1459 830 1516 880 et
1538 827 1766 881 alodem
1789 826 1977 896 ipsum

371 933 545 988 quem
577 915 774 972 dicunt
802 913 1322 984 Campmanandati
1354 930 1485 967 cum
1512 913 1775 968 terminis
1804 914 1978 968 etad-

363 1003 649 1075 jacentiis,
681 1004 864 1058 totam
895 1001 1160 1055 videlicet
1214 1001 1428 1058 villam.
1463 1003 1532 1056 Et
1583 1001 1640 1055 in
1681 1003 1978 1072 Guausago

369 1093 599 1148 alodem
623 1089 722 1163 qui
768 1089 877 1144 fuit
905 1089 976 1144 de
1007 1089 1252 1144 Guisallo
1280 1095 1336 1144 et
1360 1089 1702 1145 Seniofredo
1729 1106 1860 1146 cum
1888 1106 1978 1144 ec-

364 1179 557 1246 clesia,
590 1194 721 1232 cum
747 1177 1008 1233 terminis
1037 1183 1094 1232 et
1127 1178 1494 1249 adjacentiis.
1526 1179 1595 1232 Et
1619 1178 1849 1233 alodem
1882 1177 1978 1250 qui

364 1267 474 1322 fuit
499 1267 572 1322 de
599 1268 821 1324 Joanne
851 1283 982 1320 cum
1002 1266 1201 1334 domo,
1226 1265 1395 1320 terris
1417 1270 1475 1320 et
1493 1265 1695 1332 vineis,
1714 1270 1771 1320 et
1791 1265 1978 1338 ipsum

361 1356 603 1412 boscum
633 1354 934 1412 Libertini.
967 1356 1034 1410 Et
1055 1355 1112 1410 in
1149 1355 1280 1410 villa
1307 1353 1589 1410 Stamariz
1617 1354 1804 1424 ipsum
1851 1356 1975 1408 alo-

368 1445 504 1502 dem
553 1460 686 1500 cum
743 1443 1030 1509 terminis,
1066 1444 1153 1497 vel
1206 1443 1564 1514 adjacentiis.
1617 1444 1684 1497 Et
1730 1442 1788 1496 in
1847 1442 1980 1498 villa

367 1533 582 1592 Enove
609 1531 798 1602 ipsum
829 1530 1198 1602 alodem,qui
1223 1531 1335 1585 fuit
1367 1531 1436 1584 de
1464 1531 1770 1597 Tellemar,
1794 1532 1882 1584 vel
1909 1530 1979 1584 de

366 1621 494 1691 ejus
511 1619 836 1676 heredibus
854 1635 985 1674 cum
1002 1618 1286 1685 terminis,
1304 1621 1362 1672 et
1383 1619 1613 1674 alodem
1631 1635 1803 1690 quem
1821 1619 1983 1672 tenet

369 1709 571 1764 Petrus
600 1707 917 1779 presbyter.
951 1708 1019 1760 Et
1043 1706 1101 1760 in
1132 1706 1255 1776 ipsa
1279 1707 1451 1773 Silva,
1484 1722 1612 1778 quae
1638 1706 1838 1760 dicunt
1867 1706 1975 1760 Gu-

367 1797 581 1862 valosa,
607 1812 740 1850 cum
770 1794 1032 1850 terminis
1061 1797 1118 1848 et
1141 1794 1498 1864 adjacentiis.
1551 1795 1620 1848 Et
1663 1794 1722 1847 in
1752 1794 1975 1860 Salton,

2078 655 2134 706 et
2163 651 2418 717 decimis,
2460 654 2518 706 et
2558 651 2851 719 primitiis,
2885 653 2942 706 et
2966 651 3330 719 terminibus,
3362 655 3418 704 ct
3444 652 3695 707 Enolosa

2079 755 2210 793 cum
2242 740 2355 793 suis
2413 738 2794 811 pertinentiis.
2829 741 2890 792 lu
2910 739 3184 794 comitatu
3216 740 3314 811 qui
3341 739 3551 795 dicitur
3575 739 3698 794 Val-

2079 826 2183 892 les,
2216 844 2372 881 casas
2399 843 2529 882 cum
2561 831 2769 892 curtes,
2816 828 3035 894 hortos,
3070 831 3273 896 terras,
3295 831 3355 882 et
3383 828 3604 892 vineas,
3637 832 3698 882 et

2081 915 2307 969 alodem
2339 916 2409 970 de
2443 917 2650 987 Digno,
2701 917 2789 970 vel
2823 915 3190 986 Engelfredo,
3225 919 3285 969 et
3337 917 3573 972 alodem
3623 916 3695 970 de

2082 1003 2749 1070 Canobellas,cta10dem
2773 1002 3042 1058 Mationa.
3073 997 3136 1057 In
3161 1003 3436 1059 comitatu
3459 1008 3697 1059 Ausona

2081 1091 2308 1144 alodem
2333 1091 2550 1162 paJatii,
2584 1096 2641 1146 et
2671 1092 2901 1148 alodem
2932 1091 3028 1163 qui
3049 1090 3256 1146 dicitur
3283 1091 3470 1164 Oligo,
3503 1096 3564 1146 et
3590 1093 3698 1147 Da-

2083 1179 2250 1232 nielis
2273 1180 2552 1246 villarem,
2609 1181 2839 1235 alodem
2891 1179 3192 1247 Saniliare,
3247 1185 3307 1235 et
3351 1180 3592 1235 alodem
3625 1181 3697 1236 de

2083 1267 2340 1320 Elzedelo
2363 1283 2491 1321 cum
2525 1269 2890 1332 terminibus,
2919 1271 2976 1322 et
2993 1267 3198 1323 boscos
3229 1267 3438 1322 Rochas
3469 1268 3694 1336 Felicis,

2081 1355 2309 1409 alodem
2343 1356 2632 1410 Planezas.
2659 1357 2724 1409 Et
2746 1355 2805 1409 in
2826 1355 3104 1410 comitatu
3119 1360 3354 1412 Auzona
3381 1356 3524 1410 alios
3543 1357 3700 1411 alan-

2081 1443 2179 1497 des
2208 1443 2269 1497 in
2301 1443 2495 1498 multis
2555 1443 2716 1512 locis,
2738 1443 2795 1498 id
2825 1443 3049 1514 estipsa
3073 1445 3312 1511 Deveza,
3341 1447 3399 1498 et
3423 1442 3484 1498 in
3509 1444 3700 1499 Wisti-

2079 1532 2235 1586 liano
2266 1549 2442 1598 casas,
2513 1535 2712 1600 terras,
2745 1515 2939 1587 vineas
2981 1533 3438 1605 quamplurinas,
3475 1537 3534 1586 et
3577 1534 3700 1590 alo-

2081 1621 2261 1687 dium,
2290 1620 2389 1692 qui
2407 1621 2514 1675 fuit
2547 1621 2616 1675 de
2651 1621 2870 1675 Borello
2898 1620 3111 1674 comite
3146 1621 3216 1674 de
3249 1621 3502 1676 Paliares
3521 1621 3695 1677 Mira-

2079 1707 2172 1772 lie,
2204 1724 2334 1762 cum
2367 1709 2482 1762 suis
2531 1709 2813 1774 terminis,
2845 1713 2902 1763 et
2933 1709 3087 1781 ipsos
3125 1709 3321 1764 alodes
3347 1727 3490 1782 quos
3534 1710 3696 1766 dedit

2078 1795 2324 1850 Gualdus
2354 1795 2428 1850 ad
2452 1795 2723 1850 Sanctam
2777 1797 3016 1852 Mariam
3048 1797 3194 1853 sicut
3223 1799 3315 1852 ille
3341 1799 3602 1866 tenebat,
3634 1803 3696 1853 et

367 1883 600 1940 alodem
621 1898 752 1937 cum
775 1882 975 1947 boscis,
991 1898 1134 1953 quos
1155 1881 1313 1937 dedit
1332 1882 1513 1936 dictus
1530 1881 1779 1936 domnus
1791 1881 1974 1948 Oliba,
1999 1882 2048 1940 B
2079 1898 2183 1954 pro
2215 1883 2528 1937 donatione
2559 1883 2806 1938 scribere
2836 1884 2992 1952 fecit,
3021 1889 3078 1938 et
3105 1885 3325 1941 alodem
3348 1887 3505 1958 quod
3531 1887 3683 1940 Guil-

371 1974 431 2026 et
479 1971 717 2026 boscum
748 1971 844 2041 qui
863 1970 968 2024 fuit
987 1970 1058 2025 de
1098 1968 1431 2040 Sperandeo
1455 1972 1511 2024 et
1539 1969 1608 2024 de
1639 1969 1821 2037 Ortes,
1845 1985 1976 2023 cum

367 2058 631 2117 terminis
659 2060 745 2113 vel
778 2058 1128 2131 adjacentiis.
1163 2060 1232 2114 Et
1271 2059 1502 2114 alodem
1534 2059 1604 2113 de
1638 2058 1870 2124 Sasitos,
1922 2059 1980 2112 et

369 2147 521 2220 ipsos
549 2147 926 2204 condaminas
952 2148 1022 2203 de
1040 2147 1405 2214 Archamala,
1426 2151 1484 2202 et
1510 2146 1739 2200 alodem
1763 2146 1834 2200 de
1855 2147 1980 2201 Bal-

374 2237 501 2304 bos,
532 2239 592 2292 et
617 2237 848 2294 alodem
874 2237 945 2292 de
973 2236 1313 2302 Monleliols,
1347 2240 1406 2290 et
1447 2235 1678 2291 alodem
1711 2235 1781 2290 de
1808 2233 1977 2288 Gnid-

371 2325 573 2381 mondi
621 2341 752 2382 cum
783 2325 970 2393 terris,
1023 2325 1222 2391 vincis,
1271 2324 1442 2392 silvis,
1474 2341 1606 2379 cum
1638 2323 1895 2390 ecclesia,
1923 2325 1981 2378 et

366 2412 622 2481 decimis,
661 2417 719 2469 et
747 2413 1014 2486 primitiis
1039 2429 1169 2468 cum
1202 2413 1414 2468 ﬁnibus
1466 2416 1526 2467 et
1575 2411 1838 2466 terminis
1867 2411 1980 2466 suis

368 2503 583 2576 absque
617 2503 852 2558 tributo.
908 2502 1149 2557 Alodem
1183 2517 1316 2556 vero
1349 2500 1446 2571 qui
1477 2500 1687 2555 dicitur
1715 2500 1980 2555 Salselles

367 2607 499 2647 cum
545 2590 786 2647 ecclesia
833 2592 895 2646 S.
935 2589 1112 2655 Petri,
1145 2605 1277 2643 cum
1308 2588 1566 2654 decimis,
1602 2591 1659 2642 et
1690 2585 1976 2658 primitiis,

368 2696 501 2736 cum
523 2679 736 2735 finibus
763 2682 822 2734 et
849 2678 1194 2735 terminibus
1225 2676 1340 2730 suis
1389 2677 1604 2748 absque
1643 2675 1879 2731 tributo.
1915 2677 1976 2729 lu

366 2783 518 2840 pago
550 2768 894 2840 Berguitano
922 2767 1110 2821 locum
1153 2765 1450 2819 Brositano
1478 2764 1706 2818 alodem
1745 2763 1890 2817 sicut
1916 2763 1975 2818 in

367 2855 600 2912 illorum
619 2855 836 2928 judicio
862 2856 1114 2918 resonat,
1143 2856 1200 2907 et
1223 2853 1497 2923 parochia
1527 2853 1753 2908 Sancta:
1786 2852 1975 2907 Maria:

365 2960 499 2999 cum
527 2943 783 3000 ecclesiis
810 2942 916 2996 sibi
943 2941 1202 3008 subditis,
1235 2941 1293 2996 id
1318 2944 1421 3008 est,
1444 2941 1722 3012 palatium
1754 2941 1978 3012 Rodga-

364 3031 517 3088 rium
545 3032 597 3087 ei
627 3032 751 3102 ipsa
778 3032 1086 3097 Pcra,cum
1111 3029 1352 3085 decimis
1383 3033 1441 3084 et
1461 3029 1730 3101 primitiis
1759 3030 1973 3100 absque

369 3119 604 3178 tributo.
627 3117 938 3173 Ecclesiam
959 3119 1020 3173 S.
1051 3117 1354 3185 Vincentii,
1399 3135 1526 3190 qua:
1555 3122 1641 3172 est
1667 3117 1725 3172 in
1758 3119 1974 3173 Albiols

2077 1971 2284 2024 lelmus
2305 1971 2461 2025 dedit
2482 1972 2539 2025 in
2559 1973 2856 2028 Albedano
2878 1989 3010 2027 cum
3028 1973 3214 2042 terris,
3229 1974 3456 2041 casis,et
3477 1975 3663 2030 vincis
3677 2018 3690 2038 ,

2079 2058 2247 2113 cultis
2273 2059 2358 2113 vel
2392 2059 2639 2128 incultis,
2671 2064 2729 2114 et
2751 2061 2980 2116 alodem
3006 2062 3076 2116 de
3111 2061 3302 2130 Serra,
3334 2062 3434 2134 qui
3483 2063 3594 2117 fuit
3617 2064 3688 2118 de

2079 2145 2342 2214 Gafredo,
2369 2149 2426 2200 et
2443 2148 2671 2202 alodem
2695 2148 2765 2202 de
2789 2149 3102 2217 Juniolosa,
3128 2153 3186 2203 et
3233 2149 3465 2204 alodem
3493 2150 3566 2205 de
3591 2151 3693 2206 Ga-

2077 2233 2237 2288 linde
2265 2251 2503 2306 campus
2534 2236 2630 2308 qui
2663 2237 2770 2291 fuit
2793 2236 2862 2291 de
2888 2237 3285 2292 Guiscafredus
3331 2238 3594 2305 clericus,
3635 2243 3693 2294 et

2081 2323 2275 2377 alodes
2301 2323 2370 2378 de
2402 2324 2667 2393 Lociana,
2705 2325 2801 2396 qui
2831 2325 3068 2379 fuerunt
3098 2325 3400 2380 Guillelmo
3431 2327 3550 2382 ﬁlio
3579 2329 3680 2381 Er-

2082 2411 2348 2479 menairi,
2375 2415 2435 2466 et
2462 2412 2691 2466 alodem
2711 2413 2780 2467 de
2801 2413 3044 2468 Guisado
3073 2429 3206 2468 cum
3235 2414 3614 2483 molendinis,
3635 2419 3689 2470 et

2080 2498 2274 2554 alodes
2302 2499 2372 2554 de
2396 2500 2588 2568 Ovalo,
2621 2517 2765 2572 quos
2793 2501 2951 2556 dedit
2974 2501 3371 2556 Gandamurus
3396 2506 3456 2557 et
3473 2503 3686 2558 Hones-

2080 2589 2189 2654 tus,
2225 2590 2283 2642 et
2309 2587 2472 2643 Oliba
2519 2588 2729 2657 clerici,
2760 2589 2848 2644 vel
2882 2589 3072 2644 cuncti
3099 2589 3388 2658 homines,
3421 2593 3482 2646 et
3497 2592 3691 2648 alodes

2081 2674 2152 2728 de
2187 2675 2395 2743 Jonna,
2431 2680 2490 2730 et
2509 2677 2702 2732 alodes
2734 2677 2805 2732 de
2837 2677 2957 2732 rivo
2992 2677 3063 2731 de
3093 2679 3284 2746 Peras,
3307 2681 3367 2732 et
3396 2679 3598 2733 alodes
3621 2679 3687 2734 de

2079 2762 2362 2818 Saturano
2400 2781 2530 2818 cum
2565 2765 2681 2820 suis
2741 2765 3026 2833 terminis,
3064 2769 3123 2820 et
3176 2765 3409 2820 alodem
3439 2766 3514 2821 de
3549 2767 3686 2822 valle

2079 2850 2270 2904 Oriola
2291 2868 2421 2906 cum
2447 2852 2562 2906 suis
2587 2853 2868 2908 terminis.
2901 2855 2965 2908 In
3000 2853 3278 2909 comitatu
3299 2853 3686 2910 Cerdanienso

2075 2940 2220 2992 valle
2254 2938 2518 2994 Lilitense
2549 2941 2682 2995 villa
2711 2941 3040 2996 Armonedo
3071 2958 3203 2996 cum
3223 2941 3465 2996 decimis
3492 2947 3551 2998 et
3577 2942 3687 3014 pri-

2077 3027 2275 3095 mitiis,
2290 3045 2421 3083 cum
2447 3029 2611 3084 alode
2625 3030 2723 3102 qui
2747 3029 2954 3085 dicitur
2976 3030 3220 3099 Lilledo,
3245 3035 3304 3086 et
3321 3031 3685 3100 Genebredo,

2072 3116 2310 3188 pogium
2335 3118 2404 3172 de
2431 3118 2784 3189 Maranegas,
2816 3121 2874 3174 et
2901 3120 3135 3174 Marola.
3167 3121 3232 3174 ln
3259 3120 3455 3175 locum
3487 3121 3587 3193 qui
3608 3120 3686 3175 di-

363 3224 496 3263 cum
527 3207 696 3262 alode
727 3210 786 3261 et
811 3206 1048 3262 decimis
1072 3210 1130 3261 et
1157 3206 1445 3278 primitiis.
1477 3208 1545 3261 Et
1573 3207 1634 3261 in
1651 3208 1843 3260 locum
1874 3206 1974 3278 qui
1993 3215 2040 3274 α
2073 3204 2221 3260 citur
2248 3205 2554 3273 Guarexer,
2579 3206 2705 3277 ipso
2729 3207 2894 3262 alode
2921 3225 3052 3262 cum
3074 3207 3331 3275 ecclesia,
3362 3208 3608 3264 decimis
3629 3213 3685 3264 et

367 3295 577 3351 dicitur
599 3296 944 3351 Suburbano
975 3296 1208 3350 alodum
1247 3312 1380 3351 cum
1437 3295 1688 3351 ecclesiis
1742 3295 1801 3349 in
1841 3295 1974 3351 villa

362 3400 490 3456 quae
505 3383 713 3440 dicitur
724 3385 1091 3456 Guargalam.
1108 3387 1171 3439 ln
1182 3385 1373 3440 locum
1387 3385 1484 3457 qui
1509 3385 1714 3440 dicitur
1734 3386 1970 3452 Pontus,

368 3473 600 3529 alodem
626 3490 759 3530 cum
790 3473 1061 3543 ecclesiis,
1087 3491 1228 3546 quas
1255 3473 1416 3529 dedit
1445 3473 1750 3528 Guifredus
1779 3490 1974 3528 comes

361 3561 592 3618 Sancte
623 3562 814 3618 Maria:
845 3565 908 3617 ut
935 3563 1114 3618 alium
1139 3561 1370 3618 alodem
1405 3562 1478 3617 de
1505 3563 1810 3634 Gargalam
1839 3579 1972 3618 cum

363 3651 616 3707 ecclesiis
641 3653 700 3707 et
727 3651 986 3720 decimis,
1016 3655 1076 3706 et
1093 3650 1365 3724 primitiis
1387 3653 1446 3705 et
1464 3651 1746 3719 terminis,
1767 3654 1825 3706 et
1851 3653 1970 3708 alo-

355 3739 490 3795 dem
507 3739 579 3794 de
595 3739 808 3795 Nabars
831 3755 962 3796 cum
977 3739 1407 3807 terminibus,et
1426 3739 1654 3794 alodem
1669 3739 1738 3794 de
1760 3740 1969 3808 Nureo,

361 3831 422 3882 et
457 3827 686 3883 alodem
726 3827 798 3883 de
826 3827 1198 3895 Montesclau,
1229 3829 1288 3881 et
1317 3826 1512 3882 alodes
1534 3827 1823 3882 Torrentis
1839 3844 1970 3899 pro-

357 3915 551 3982 fundi,
572 3919 630 3970 et
648 3917 845 3972 alodes
863 3916 934 3970 de
961 3915 1318 3976 Folcunaria.
1347 3917 1405 3968 et
1431 3915 1628 3969 alodes
1654 3915 1728 3970 ad
1753 3916 1970 3972 calcem

358 4004 428 4058 de
459 4008 646 4060 castro
679 4005 998 4071 Balzarens,
1032 4006 1092 4058 et
1115 4003 1314 4058 alodes
1336 4002 1408 4056 de
1437 4004 1647 4073 Begua,
1672 4007 1730 4059 et
1758 4004 1829 4059 de
1859 4006 1970 4059 An-

349 4107 518 4160 zano,
537 4095 596 4147 et
623 4091 822 4146 alodes
846 4091 977 4146 dela
997 4089 1261 4156 Doixosa,
1294 4089 1392 4162 qui
1429 4090 1664 4146 fuerunt
1692 4091 1964 4162 Bonifilii,

351 4181 410 4234 et
433 4178 735 4246 Lobatoni,
753 4178 840 4232 vel
863 4178 934 4232 de
965 4176 1204 4232 caateris.
1227 4179 1298 4232 Et
1323 4178 1506 4249 ipsam
1532 4180 1738 4235 vallem
1760 4181 1964 4237 Marles

350 4281 483 4321 cum
509 4265 670 4320 villas
702 4267 762 4320 et
787 4265 1247 4333 molendinos,et
1274 4267 1574 4323 ecclesiam
1605 4268 1829 4325 Sancta:
1853 4272 1966 4327 Ma-

347 4353 451 4410 ria:
478 4369 612 4410 cum
633 4353 874 4410 decimis
902 4357 961 4410 et
988 4353 1281 4426 primitiis,
1313 4359 1371 4411 et
1400 4357 1663 4412 alodibus
1687 4374 1820 4413 cum
1847 4359 1964 4414 suis

346 4442 616 4499 terminis
642 4444 727 4500 vel
762 4443 1118 4515 adjacentiis.
1156 4445 1225 4498 Et
1252 4444 1446 4500 alodes
1504 4445 1575 4500 de
1601 4446 1959 4516 Gaminacos,

2072 3292 2364 3364 primitiis.
2415 3295 2478 3348 In
2512 3294 2795 3348 Cerdania
2831 3295 3061 3350 alodem
3087 3295 3186 3368 qui
3229 3295 3440 3351 dicitur
3470 3298 3680 3367 alozos,

2073 3398 2204 3436 cum
2230 3381 2489 3448 ecclesia,
2521 3381 2762 3437 decimis
2780 3387 2837 3438 et
2865 3384 3154 3456 primitiis,
3187 3383 3420 3440 alodem
3447 3385 3523 3440 de
3554 3386 3682 3442 Bar.

2074 3471 2143 3525 Et
2171 3470 2229 3525 in
2262 3470 2464 3526 eadem
2499 3471 2801 3541 Cerdania,
2848 3473 3042 3528 alodes
3073 3473 3143 3528 de
3171 3474 3500 3546 Arreguall,
3528 3479 3586 3530 et
3612 3475 3682 3531 de

2072 3559 2362 3614 Nassobell
2393 3561 2452 3612 et
2491 3558 2560 3614 de
2590 3559 2962 3630 Monteliano,
2994 3563 3052 3615 et
3076 3561 3147 3616 de
3170 3561 3300 3629 Bar,
3323 3566 3384 3617 et
3411 3562 3602 3618 Adoll.
3619 3563 3686 3618 Et

2071 3647 2132 3701 in
2154 3647 2464 3702 Labertells
2509 3648 2736 3703 alodem
2782 3666 2914 3704 cum
2957 3649 3330 3720 molendinis,
3363 3653 3424 3706 et
3453 3651 3683 3707 alodem

2071 3735 2142 3791 de
2167 3736 2521 3791 Villa-vetere
2557 3752 2690 3793 cum
2740 3737 2875 3808 ipsis
2921 3739 3190 3807 ecclesiis,
3240 3742 3299 3793 et
3335 3739 3574 3796 alodem
3609 3739 3680 3795 de

2070 3824 2246 3892 Evall,
2299 3829 2356 3880 et
2385 3825 2457 3880 de
2489 3825 2722 3894 Bellich,
2757 3831 2814 3882 et
2856 3827 2926 3882 de
2974 3827 3206 3883 Masolio
3243 3830 3301 3883 et
3356 3828 3430 3883 de
3482 3832 3680 3884 sancta

2071 3911 2308 3979 Eulalia,
2357 3916 2417 3967 et
2453 3912 2524 3968 de
2556 3913 2774 3982 Engils,
2825 3918 2883 3969 et
2923 3914 2994 3970 de
3023 3917 3154 3984 Ger,
3204 3919 3264 3970 et
3302 3915 3374 3972 de
3405 3917 3675 3984 Palaciol,

2070 4004 2128 4056 et
2153 4001 2226 4057 de
2265 4001 2598 4069 Villa-Lobs,
2622 4006 2679 4056 et
2700 4003 2770 4058 de
2807 4004 3030 4076 Oligua,
3062 4007 3121 4059 et
3144 4005 3215 4060 de
3245 4008 3492 4074 Anama,
3525 4009 3585 4061 et
3607 4005 3675 4061 de

2067 4089 2309 4160 Salciep,
2351 4092 2408 4145 et
2439 4090 2508 4144 de
2540 4092 2874 4163 Equaleges,
2901 4097 2959 4148 et
2999 4092 3068 4146 de
3095 4094 3190 4162 Ur,
3214 4097 3272 4148 et
3297 4095 3368 4149 de
3391 4093 3675 4150 Centaflo-

2068 4178 2218 4246 rida,
2276 4180 2334 4233 et
2377 4181 2736 4250 Angastuna,
2776 4184 2836 4234 et
2889 4181 2961 4236 de
3003 4183 3256 4251 Estavar,
3307 4186 3366 4237 et
3395 4182 3469 4238 de
3516 4182 3673 4238 Sala-

2065 4284 2204 4341 gosa
2229 4267 2302 4322 de
2321 4266 2456 4336 Sed,
2489 4271 2548 4322 et
2583 4267 2655 4322 de
2684 4268 2991 4339 Palaciolo,
3045 4273 3104 4325 et
3157 4270 3229 4327 de
3279 4271 3669 4338 Valfamelica,

2065 4360 2119 4410 et
2143 4356 2213 4410 de
2257 4356 2415 4424 Ezer,
2444 4357 2502 4410 et
2541 4355 2611 4410 de
2659 4357 2828 4425 Esna,
2869 4361 2927 4412 et
2956 4358 3026 4413 de
3057 4359 3338 4414 Psanezas
3365 4362 3426 4414 et
3453 4359 3528 4414 de
3554 4358 3672 4414 Sal-

2062 4443 2282 4516 tegual,
2317 4447 2376 4498 ct
2393 4443 2464 4498 de
2491 4444 2696 4512 Miella,
2724 4449 2782 4500 et
2810 4445 2880 4500 de
2910 4447 3250 4516 Ventolano,
3277 4451 3336 4502 et
3371 4448 3445 4503 de
3465 4447 3670 4504 Closel-

357 4535 426 4626 et.
447 4531 685 4588 ecclesia
709 4532 780 4588 de
809 4534 1016 4626 Monte.
1033 4533 1263 4602 Clauso,
1325 4537 1384 4626 et
1399 4534 1609 4626 alodes
1654 4535 1727 4626 de
1779 4536 1962 4590 Bene-
1981 4567 2035 4626 D
2061 4535 2147 4626 los
2167 4537 2226 4588 ct
2242 4532 2312 4588 de
2335 4532 2562 4626 Obzello
2589 4536 2654 4626 e_t_
2669 4533 2739 4626 de
2754 4534 3232 4626 (iampanciqnos,
3251 4537 3490 4593 Macana
3516 4541 3576 4594 et
3594 4537 3667 4593 de

345 4619 527 4690 mide,
579 4623 638 4676 et
658 4621 856 4677 alodes
882 4621 954 4677 de
983 4621 1176 4692 Serra,
1207 4623 1305 4696 qui
1332 4621 1440 4677 fuit
1467 4623 1718 4691 Delanti,
1751 4627 1810 4679 et
1840 4626 1959 4680 alo-

349 4708 452 4766 des
502 4709 574 4766 de
625 4709 913 4783 Spurigia,
959 4713 1018 4766 et
1063 4711 1135 4766 de
1165 4711 1400 4780 Callers,
1433 4715 1493 4766 et
1526 4711 1661 4783 ipsa:
1687 4713 1860 4768 valles
1887 4713 1960 4769 de

341 4797 671 4854 Boscedano
693 4815 827 4856 cum
838 4799 1105 4868 villis,vel
1127 4799 1356 4855 illorum
1386 4799 1960 4868 terminos,etalodes

345 4885 418 4942 de
457 4889 680 4944 Palam.
710 4889 775 4944 In
821 4887 1048 4944 civitate
1095 4888 1397 4944 Minorissa
1445 4888 1700 4957 alodem,
1760 4889 1820 4944 id
1873 4893 1960 4946 est

342 4991 523 5046 casas,
551 4979 754 5046 terras,
788 4975 984 5032 vineas
1007 4979 1067 5032 et
1094 4975 1290 5032 alodes
1332 4977 1430 5050 qui
1473 4979 1709 5034 fuerunt
1731 4978 1803 5034 de
1832 4979 1958 5035 aliis

341 5063 694 5120 hominibus.
729 5066 792 5120 In
827 5066 1022 5120 Monte
1055 5066 1288 5122 Serrato
1302 5067 1534 5121 adolem
1564 5083 1695 5122 cum
1721 5067 1959 5124 ecclesia

343 5152 542 5208 Sancti
568 5152 746 5222 Petri,
762 5157 821 5208 et
835 5153 1030 5208 Sancti
1043 5153 1356 5222 Martini,et
1367 5154 1424 5208 in
1439 5155 1738 5210 cacumine
1749 5157 1957 5212 Montis

340 5241 560 5302 Serrati
587 5240 888 5298 ecclesiam
915 5243 1140 5299 Sanctae
1193 5242 1384 5298 Maria:
1415 5247 1472 5298 et
1496 5243 1692 5299 Sancti
1731 5245 1950 5314 Asiseli,

2060 4622 2392 4688 Mernmors,
2421 4623 2482 4676 et
2509 4620 2580 4675 de
2610 4620 2841 4690 Urriols,
2870 4625 2928 4678 et
2957 4623 3030 4678 de
3069 4623 3196 4680 Cols
3217 4640 3350 4679 cum
3380 4630 3665 4698 pasturas,

2059 4711 2119 4764 et
2140 4707 2536 4764 Armonedum
2572 4708 2919 4780 jamdictum
2971 4727 3106 4766 cum
3147 4710 3300 4784 ipsos
3324 4712 3549 4784 boscos,
3609 4718 3669 4769 et

2059 4798 2266 4866 calino,
2301 4801 2360 4852 et
2412 4797 2564 4870 ipsas
2604 4800 2887 4869 pasturas,
2927 4802 2986 4854 et
3013 4799 3311 4857 ecclesiam
3333 4801 3530 4858 Sancti
3557 4803 3665 4860 Ro-

2057 4885 2216 4942 mani
2254 4903 2387 4941 cum
2411 4885 2774 4956 terminibus,
2812 4891 2870 4942 et
2896 4887 3092 4944 alodes
3140 4889 3210 4944 de
3236 4891 3373 4962 pujo
3405 4891 3656 4960 Malello,

2057 4974 2156 5047 qui
2183 4973 2400 5029 ibidem
2441 4977 2546 5041 est,
2579 4976 2636 5029 et
2657 4974 2910 5044 Gomses,
2947 4980 3006 5031 et
3055 4975 3439 5050 Scurrigeres,
3495 4983 3554 5035 et
3603 4980 3664 5035 in

2055 5065 2262 5120 eadem
2313 5064 2594 5120 Cerdania
2637 5063 2696 5120 in
2735 5065 2994 5136 pluribus
3041 5067 3200 5137 locis,
3232 5085 3412 5138 casas,
3451 5074 3662 5139 curtes,

2052 5171 2185 5210 cum
2206 5155 2392 5210 vineis
2416 5161 2471 5210 el
2500 5155 2686 5214 terris.
2711 5157 2780 5211 Et
2807 5157 2866 5210 in
2893 5157 3170 5214 comitatu
3216 5159 3664 5232 Urgellitanensi

2051 5245 2281 5301 alodem
2325 5245 2420 5317 qui
2462 5245 2668 5300 dicitur
2703 5246 2941 5302 Exeduli
2999 5264 3132 5304 cum
3180 5249 3421 5305 ecclesia
3467 5250 3662 5307 Sancti

341 5345 472 5386 cum
499 5331 688 5398 terris,
721 5333 779 5385 et
802 5331 1000 5400 vineis,
1032 5334 1090 5386 et
1114 5331 1487 5400 molendinis,
1511 5335 1569 5388 et
1591 5332 1951 5406 silvis,atque
2048 5334 2356 5390 Michaelis.
2399 5335 2469 5388 Et
2505 5335 2566 5390 in
2596 5338 2780 5390 castro
2810 5336 3076 5392 Cardona
3112 5338 3345 5394 alodem
3374 5356 3551 5412 quem
3577 5341 3663 5397 di-

339 5419 598 5490 garricis,
625 5422 684 5474 et
703 5419 935 5476 alodem
965 5420 1064 5492 qui
1094 5419 1303 5475 dicitur
1327 5422 1564 5476 Evelosa
1599 5438 1732 5477 cum
1755 5423 1946 5493 terris,

2047 5427 2186 5479 cunt
2211 5423 2432 5490 Pradis,
2454 5427 2512 5479 et
2538 5425 2760 5480 caeteris
2781 5426 2936 5496 aliis;
2966 5431 3024 5482 et
3047 5429 3244 5484 alodes
3255 5429 3327 5485 de
3349 5429 3657 5488 Scorbario

334 5506 535 5575 vineis,
568 5506 940 5576 molendinis,
971 5508 1142 5578 silvis,
1171 5511 1343 5582 atque
1372 5509 1645 5582 garricis;
1702 5514 1761 5566 et
1788 5511 1850 5566 in
1875 5512 1948 5567 ci-
2044 5527 2177 5568 cum
2207 5512 2462 5568 ecclesiis
2483 5499 2541 5568 δι
2565 5513 2684 5569 suis
2714 5515 3086 5585 terminibus,
3115 5520 3176 5572 et
3202 5518 3404 5574 alodes
3425 5519 3498 5574 de
3524 5518 3657 5576 Cor-

332 5590 506 5678 yitate
561 5593 922 5650 Barchinona
969 5612 1146 5665 casas,
1214 5613 1348 5653 cum
1401 5598 1678 5668 curtibus,
1732 5599 1940 5671 puteis,
2043 5600 2258 5656 dinello
2297 5615 2430 5658 cum
2473 5603 2713 5659 ecclesia
2752 5602 2947 5659 Sancti
2993 5605 3343 5678 Cucuphatis
3369 5624 3505 5664 cum
3531 5608 3651 5666 suis

328 5673 532 5750 hortis,
559 5679 752 5752 terris,
779 5679 979 5756 vineis,
1009 5700 1140 5762 quae
1175 5688 1310 5742 sunt
1349 5685 1504 5744 intra
1551 5686 1844 5746 civitatem
1880 5692 1939 5750 et
2037 5688 2407 5764 torminibus,
2444 5693 2504 5750 et
2525 5692 2724 5752 alodes
2751 5691 2825 5751 de
2849 5693 3073 5770 Lagno,
3116 5673 3178 5755 et
3200 5695 3556 5758 Castrobono
3577 5697 3644 5758 in
