3888 6218
186 558 313 613 1513

1377 554 1733 611 EPISTOLE
1775 552 1863 611 ET
1898 553 2294 611 DlPLOMATA

3356 559 3497 619 1514

184 678 388 733 eodem
439 674 718 732 comitatu
773 676 913 731 alias
960 679 1144 730 terras
1196 679 1255 730 et
1294 676 1504 731 vineas.
1550 678 1611 730 In
1651 676 1796 730 valle
1821 680 1878 739 Α
1900 693 2005 732 nec
2034 676 2105 730 ab
2130 676 2245 730 ullo
2277 674 2334 730 in
2352 676 2512 747 cujus
2532 693 2700 732 suum
2726 679 2811 732 est
2836 676 3254 733 monasterium
3274 677 3494 749 episco-

186 765 510 822 Conlluenti
541 766 791 831 alodem,
834 765 931 836 qui
980 764 1186 819 dicitur
1214 765 1366 830 Evol,
1398 780 1526 818 cum
1555 764 1677 835 ipsa
1705 780 1792 819 sa-

185 856 317 910 lices
342 857 401 909 et
426 858 706 926 pasturas,
731 856 799 907 Et
836 853 894 907 in
926 854 1129 908 eadem
1172 853 1314 906 valle
1358 853 1416 907 in
1438 852 1633 906 multis
1654 852 1791 907 locis

186 943 401 1010 vineas,
433 946 492 997 et
534 943 764 997 alodem
797 941 866 995 de
890 942 1187 1008 Sodames,
1229 943 1287 995 et
1312 941 1507 994 alodes
1536 942 1605 996 de
1633 940 1787 994 Win-

189 1031 344 1095 cedo,
381 1034 440 1084 et
467 1030 538 1083 de
557 1012 837 1097 Macanos,
870 1033 927 1084 et
952 1030 1182 1084 alodem
1212 1029 1283 1082 de
1320 1045 1630 1099 sagamano
1656 1044 1786 1083 cum

188 1118 425 1173 ecclesia
451 1118 647 1172 Sancti
680 1117 991 1172 Clementis
1028 1134 1159 1171 cum
1196 1118 1310 1171 suis
1338 1118 1617 1184 alodibus,
1650 1117 1781 1171 etin

187 1206 421 1261 Soliano
453 1206 705 1273 alodem,
738 1205 874 1260 etin
902 1206 1246 1260 Corneliano
1277 1208 1455 1259 terras
1475 1208 1531 1259 et
1558 1205 1785 1273 vineas;

188 1296 239 1348 et
266 1294 325 1348 in
348 1294 596 1349 Arriano
623 1311 798 1362 casas,
833 1298 1015 1348 terras
1045 1297 1100 1347 et
1128 1294 1339 1359 vineas,
1366 1296 1425 1347 et
1451 1293 1679 1348 alodem
1718 1293 1789 1348 de

186 1383 475 1449 Monsedo,
504 1386 562 1436 et
590 1383 951 1447 Vitamarias,
981 1386 1038 1435 et
1064 1382 1293 1436 alodem
1321 1382 1390 1435 de
1422 1381 1785 1437 Fenestredo.

180 1474 236 1525 In
292 1471 425 1526 loco
483 1470 583 1542 qui
640 1470 849 1525 dicitur
897 1472 1072 1537 Bulla,
1124 1474 1305 1525 terras
1346 1474 1404 1524 et
1458 1470 1672 1537 vineas,
1732 1473 1792 1525 et

185 1575 357 1627 casas,
392 1576 527 1614 cum
558 1560 797 1614 decimis
827 1562 886 1615 et
913 1559 1201 1631 primitiis.
1252 1561 1313 1613 ln
1343 1559 1649 1613 Vintolano
1677 1562 1791 1613 ter-

182 1663 271 1703 ras
296 1651 358 1703 et
388 1648 603 1703 vineas.
632 1650 695 1702 In
709 1648 1081 1719 campajonos
1101 1665 1281 1715 casas,
1306 1650 1486 1703 terras
1516 1651 1573 1703 et
1599 1647 1793 1703 vineas

183 1739 235 1792 et
256 1736 313 1791 in
339 1737 557 1809 Bippas
590 1741 793 1803 terras,
826 1753 984 1792 casas
1017 1740 1074 1791 et
1096 1737 1312 1792 vineas.
1346 1737 1414 1792 In
1443 1738 1675 1793 Macana
1695 1753 1789 1791 ca-

177 1842 277 1893 sas,
306 1825 529 1896 vineas,
550 1830 753 1881 terras.
771 1826 839 1880 Et
857 1826 917 1880 in
938 1826 1212 1882 comitatu
1240 1824 1794 1881 Rossolionensialo-

181 1912 307 1969 dem
343 1914 417 1968 de
444 1914 652 1981 Tason,
701 1917 758 1968 et
799 1916 1037 1969 Amasos
1094 1914 1165 1969 de
1218 1915 1581 1969 Petra-calce.
1606 1916 1673 1967 Et
1728 1912 1788 1969 in

177 2003 316 2057 valle
344 2002 514 2073 Speri
544 2002 773 2058 alodem
824 2003 894 2057 de
925 2002 1165 2057 Etaloris
1197 2006 1254 2057 et
1281 2003 1510 2057 alodem
1554 2003 1625 2057 de
1652 2003 1788 2057 Her-

181 2090 303 2144 mis.
339 2092 405 2144 In
419 2091 694 2145 comitatu
716 2090 1029 2145 Paloriensi
1056 2090 1253 2145 alodes
1284 2091 1380 2161 qui
1413 2094 1547 2145 sunt
1574 2090 1631 2145 in
1660 2092 1787 2146 Bas-

182 2177 398 2233 turcius
426 2194 559 2232 cum
581 2178 942 2247 ecclesiis,vel
966 2178 1081 2233 suis
1109 2178 1391 2233 alodibus.
1420 2180 1483 2233 In
1510 2179 1785 2234 comitatu

177 2265 579 2321 Bisnldunensi
627 2266 823 2321 alodes
881 2266 978 2337 qui
1041 2266 1275 2321 fuerunt
1323 2267 1392 2322 de
1457 2267 1663 2335 Corbo,
1727 2270 1787 2321 et

169 2354 586 2425 Argilagarios,
655 2355 969 2422 Valle-alta,
1034 2354 1356 2421 Juviniano,
1424 2372 1554 2409 cum
1620 2356 1782 2423 casis,

172 2441 350 2497 vineis
397 2446 458 2497 et
507 2443 702 2511 terris;
759 2444 818 2497 in
874 2445 1062 2498 locum
1116 2444 1213 2515 qui
1254 2444 1460 2498 dicitur
1501 2444 1782 2511 Judaicas,

173 2529 408 2584 ecclesia
464 2530 520 2583 S.
589 2530 742 2585 Petri
801 2547 933 2585 cum
990 2548 1165 2598 casas,
1221 2534 1404 2585 terras
1462 2534 1519 2586 et
1569 2533 1782 2601 vineas,

171 2632 299 2672 cum
334 2616 573 2671 decimis
617 2620 673 2671 et
714 2617 1000 2689 primitiis,
1035 2622 1093 2672 et
1140 2619 1546 2685 oblationibus,
1588 2623 1646 2674 et
1672 2620 1787 2674 suis

168 2704 436 2760 terminis
465 2707 551 2760 vel
587 2706 950 2776 adjacentiis.
984 2709 1051 2761 Et
1080 2707 1139 2761 in
1197 2707 1488 2761 Vernedas
1539 2708 1681 2762 casis
1729 2711 1787 2762 et

167 2794 356 2862 terris,
400 2798 458 2848 et
495 2796 725 2849 alodem
757 2796 827 2849 de
880 2797 1141 2867 Fulgosa,
1198 2799 1256 2850 et
1301 2798 1370 2851 de
1424 2797 1784 2865 Secundclla,

169 2882 299 2937 etin
327 2882 575 2954 Aqualia
600 2886 657 2937 et
694 2884 925 2938 alodem
978 2884 1049 2938 de
1082 2886 1219 2955 Bag,
1277 2884 1376 2955 qui
1423 2886 1531 2939 fuit
1578 2886 1648 2939 de
1680 2886 1786 2939 Ra-

172 2972 396 3034 mardo,
435 2975 492 3026 et
523 2972 837 3040 Porrarias,
871 2976 928 3027 et
948 2973 1176 3028 alodem
1229 2974 1298 3027 de
1330 2974 1632 3029 Blacarder
1657 2990 1789 3029 cum

166 3059 369 3128 boscis,
400 3061 650 3133 pasturis
676 3063 733 3115 et
774 3062 1143 3129 molendinis,
1177 3066 1235 3116 et
1275 3063 1504 3117 alodem
1545 3063 1617 3117 de
1660 3064 1790 3119 Bra-

171 3147 283 3215 nia,
308 3151 369 3204 et
394 3149 580 3220 ipsam
604 3149 837 3204 tertiam
880 3154 1105 3222 partem
1139 3152 1210 3205 de
1252 3151 1385 3204 villa
1404 3151 1625 3205 Palazol
1654 3168 1785 3205 cum

168 3237 427 3291 terminis
452 3240 511 3290 et
534 3236 744 3291 ﬁnibus
769 3237 883 3291 suis
909 3255 921 3292 :
955 3242 1013 3292 et
1065 3239 1262 3293 alodes
1288 3239 1358 3292 de
1406 3240 1574 3293 Basso
1619 3243 1677 3293 et
1716 3240 1787 3295 de

1808 2050 1862 2112 B

1898 766 2017 836 pio,
2037 783 2141 821 nec
2168 766 2238 820 ab
2270 766 2382 820 alio
2408 765 2587 837 possit
2630 766 3141 834 excommunicari,
3180 767 3269 822 vel
3299 767 3493 839 aliqua

1892 855 1965 910 ad
1977 853 2249 921 eumdem
2267 854 2683 908 monasterium
2708 854 3007 925 pertinens
3018 853 3493 910 ecclesia.Statui-

1887 960 2016 997 mus
2044 943 2219 997 etiam
2246 946 2308 996 ut
2337 942 2589 1013 quisquis
2620 942 2905 1013 paenitens
2924 959 2958 998 a
2981 942 3281 997 liminibus
3307 944 3493 998 exclu-

1886 1048 1980 1085 sus
1992 1030 2248 1085 Ecclesia
2267 1030 2522 1101 quandiu
2536 1029 2612 1084 ibi
2630 1030 3390 1095 steterit,habeatlicentiam
3408 1031 3494 1086 in-

1888 1119 2153 1174 troeundi
2186 1123 2244 1172 et
2273 1135 2447 1173 omne
2473 1117 2730 1172 divinum
2753 1118 3006 1173 ofﬁcium
3028 1118 3323 1174 audiendi.
3338 1119 3489 1175 Con-

1888 1207 2146 1262 cedimus
2167 1224 2395 1278 quoque
2417 1206 2611 1262 abbati
2655 1208 2740 1261 vel
2772 1207 3088 1274 monachis,
3120 1212 3178 1262 et
3217 1208 3490 1263 omnibus

1890 1295 2058 1349 cleris
2086 1296 2160 1350 ad
2174 1294 2588 1349 monasterium
2613 1295 3363 1365 pertinentibus,licentiam
3375 1294 3485 1350 nisi

1888 1383 2175 1437 voluerint
2218 1386 2535 1452 spontanee
2569 1384 2653 1436 vel
2693 1382 2902 1453 rogati,
2944 1383 3019 1437 ad
3055 1383 3339 1454 synodum
3369 1401 3489 1441 non

1892 1471 2087 1525 eundi.
2125 1470 2548 1525 Conﬁrmamus
2569 1471 2746 1542 igitur
2767 1473 2825 1525 et
2850 1470 3170 1525 stabilimus
3193 1472 3405 1527 amodo
3422 1475 3488 1527 ut

1892 1560 2080 1614 nullus
2105 1576 2225 1625 rex,
2254 1560 2442 1613 nullus
2471 1559 2761 1631 princeps,
2790 1558 2979 1614 nullus
3008 1558 3493 1625 marchio,nullus

1891 1662 2107 1714 comes,
2144 1648 2331 1701 nullus
2353 1647 2551 1717 judex,
2594 1664 2783 1718 neque
2813 1647 2932 1702 ulla
2965 1661 3182 1718 magna
3206 1663 3493 1719 parvaque

1888 1751 2139 1806 persona
2170 1735 2426 1806 aliquam
2456 1735 2572 1789 vim
2599 1735 2687 1790 vel
2706 1734 3069 1790 invasionem
3090 1734 3148 1790 in
3171 1734 3378 1791 eodem
3391 1752 3496 1791 ca-

1890 1824 2065 1879 nobio
2079 1826 2179 1878 aut
2208 1822 2268 1878 in
2298 1823 2411 1878 suis
2432 1821 2799 1893 pertinentiis
2818 1823 3008 1878 facere
3033 1826 3366 1893 prasumat,
3386 1840 3493 1897 pro

1890 1927 2003 1982 quo
2025 1913 2084 1966 et
2110 1912 2214 1965 sub
2237 1910 2409 1965 divini
2430 1910 2635 1981 judicii
2652 1910 3060 1975 obtestatione,
3082 1914 3140 1965 et
3154 1912 3493 1968 anathema-

1887 1999 1960 2053 tis
1974 1999 2379 2054 interdictione
2391 2000 2829 2071 promulgantes
2841 1999 3493 2067 decernimus,utnullus

1884 2104 2141 2159 unquam
2166 2091 2495 2143 nostrorum
2519 2104 2909 2143 successorum
2935 2088 3276 2158 pontiﬁcum
3302 2105 3491 2162 neque

1886 2176 2013 2248 quis
2029 2176 2191 2231 illum
2210 2178 2479 2247 frangere
2506 2178 2710 2233 tentet.
2732 2175 2789 2230 Si
2810 2176 2935 2247 quis
2954 2178 3171 2245 autem,
3199 2176 3354 2249 quod
3370 2194 3491 2234 non

1885 2264 2195 2333 credimus,
2229 2282 2335 2319 nec
2359 2264 2574 2319 timens
2594 2266 2799 2331 Deum,
2828 2267 2886 2318 et
2901 2267 3163 2320 nostrum
3183 2265 3492 2337 parvipen-

1887 2352 2029 2407 dens
2051 2352 2434 2424 privilegium,
2457 2353 2614 2424 quod
2644 2352 3035 2421 concedimus,
3061 2353 3235 2409 verbo
3265 2354 3490 2410 factove

1887 2442 2249 2513 disrumpere
2270 2442 2602 2508 tentaverit,
2628 2442 2782 2496 hunc
2811 2441 3064 2513 quisquis
3078 2442 3173 2497 ille
3190 2443 3383 2510 fuerit,
3416 2444 3490 2499 de

1885 2534 2048 2602 parte
2063 2531 2162 2585 Dei
2183 2530 2920 2603 omnipotentis,sanctique
2938 2531 3059 2602 ejus
3076 2532 3320 2605 apostoli
3335 2532 3490 2588 Petri

1887 2621 1946 2673 et
1968 2623 2185 2688 nostra,
2210 2619 2308 2691 qui
2333 2619 2455 2688 ejus
2474 2618 2769 2689 fungimur
2792 2618 2932 2687 vice,
2954 2618 3380 2690 perpetuis,nisi
3397 2637 3492 2676 re-

1887 2706 2149 2779 sipuerit,
2203 2707 2595 2763 anathematis
2627 2706 2866 2762 vinculis
2899 2707 3244 2779 obligamus.
3275 2708 3336 2765 Si
3365 2709 3494 2782 quis

1888 2797 2086 2850 autem
2116 2795 2287 2866 hujus
2306 2795 2488 2850 sancti
2517 2794 2764 2851 canobii
2784 2796 3016 2866 adjutor
3044 2796 3311 2865 existens,
3332 2797 3495 2853 illum

1890 2883 1948 2938 in
1976 2900 2089 2953 quo
2116 2884 2371 2955 potuerit
2403 2883 2641 2955 elegerit
2665 2886 2724 2937 et
2749 2885 3045 2949 amaverit,
3085 2884 3178 2938 hic
3192 2884 3293 2941 Dei
3312 2887 3498 2943 omni-

1897 2972 2156 3041 potentis
2204 2972 2537 3027 interventu
2579 2971 2894 3042 apostolica
2921 2972 3174 3043 repletus
3221 2973 3500 3030 benedic-

1890 3060 2050 3115 tione
2074 3076 2331 3115 crescere
2353 3078 2412 3115 se
2459 3060 2712 3131 gaudeat
2740 3060 2799 3114 in
2839 3059 3111 3116 virtutem
3158 3062 3229 3117 de
3258 3062 3495 3120 virtute:

1894 3147 2080 3219 sitque
2112 3149 2301 3219 portio
2350 3149 2471 3219 ejus
2508 3149 2825 3218 paradisus,
2865 3149 3172 3205 hareditas
3214 3150 3362 3207 illius
3389 3154 3497 3209 Do-

1890 3235 2086 3289 minus
2104 3236 2380 3301 Christus,
2401 3251 2510 3305 pax
2533 3240 2590 3290 et
2615 3234 2930 3291 consolatio
2960 3237 3103 3307 ejus,
3137 3238 3233 3294 ubi
3264 3256 3498 3314 semper

166 3322 420 3395 Viguilar
443 3328 502 3379 et
532 3324 602 3378 de
636 3325 921 3380 Bivocano
951 3343 965 3394 ;
1018 3329 1074 3380 et
1117 3327 1188 3381 de
1216 3326 1557 3397 Villalonga,
1611 3330 1668 3381 et
1716 3328 1786 3382 de
1817 3341 1863 3401 C
1890 3325 1949 3377 et
1976 3324 2255 3393 gaudium
2284 3326 2341 3378 et
2369 3324 2535 3377 dolor
2564 3324 2773 3378 nullus.

166 3410 401 3479 Pineda,
432 3417 490 3467 et
536 3414 702 3468 alode
730 3414 799 3468 de
836 3415 1103 3486 Bagonos
1138 3432 1151 3469 :
1181 3414 1241 3469 in
1271 3415 1548 3470 comitatu
1568 3417 1785 3470 Gerun-

166 3498 320 3555 densi
350 3500 413 3555 in
443 3500 577 3555 villa
626 3518 801 3573 quam
832 3502 1030 3557 dicunt
1064 3503 1297 3558 Celiano
1323 3504 1446 3575 ipso
1495 3505 1681 3573 alode,
1729 3508 1785 3559 et

164 3588 323 3644 alode
352 3590 426 3645 de
456 3591 760 3645 Emulano.
794 3592 857 3645 In
908 3592 1191 3648 comitatu
1252 3592 1551 3648 Cerdania
1594 3593 1784 3664 ipsum

162 3677 411 3744 alodem,
452 3680 609 3750 quod
638 3680 747 3734 fuit
771 3681 1071 3735 Gualdaldi
1121 3681 1495 3749 vicecomitis,
1520 3698 1654 3737 cum
1694 3699 1782 3738 ec-

159 3765 338 3819 clesiis
368 3767 762 3839 superpositis,
796 3786 923 3841 qua
968 3768 1047 3823 ibi
1095 3774 1249 3837 sunt,
1311 3770 1425 3824 sive
1473 3770 1533 3825 in
1564 3771 1775 3841 locum,

160 3869 329 3924 quem
356 3860 566 3910 vocant
593 3857 653 3911 in
685 3858 837 3912 Valle
878 3861 1066 3913 vetere
1095 3859 1393 3913 ecclesiam
1424 3858 1615 3915 Sancti
1641 3862 1780 3916 Mar-

158 3940 277 4009 tini,
309 3946 369 3998 et
393 3944 587 3998 Sancti
621 3944 917 4000 Saturnini
950 3962 1081 4001 cum
1128 3947 1340 4002 ﬁnibus
1389 3951 1447 4002 et
1492 3949 1773 4017 terminis,

158 4028 393 4086 decimis
432 4035 492 4087 et
528 4032 819 4105 primitiis.
861 4036 1005 4090 Item
1052 4035 1111 4089 in
1144 4036 1288 4092 valle
1330 4037 1553 4110 Asperi,
1579 4038 1773 4095 villam

157 4134 328 4189 quam
359 4120 558 4176 dicunt
582 4122 820 4178 Hermas
868 4140 1001 4179 cum
1042 4124 1253 4180 ﬁnibus
1279 4128 1338 4179 et
1366 4126 1633 4182 terminis
1655 4127 1770 4183 suis

153 4221 215 4259 ac
243 4207 416 4263 silvis.
449 4211 514 4264 In
551 4211 835 4267 Roveraso
861 4228 1039 4281 casas,
1099 4230 1231 4268 cum
1271 4213 1439 4269 terris
1490 4218 1548 4269 et
1565 4215 1764 4285 vineis,

154 4297 207 4347 et
225 4298 470 4366 eremis;
504 4298 645 4354 item
668 4299 727 4355 in
752 4301 1098 4373 Berguitano
1121 4301 1180 4357 in
1213 4302 1343 4357 villa
1359 4304 1636 4374 Donegua
1665 4321 1678 4359 :
1705 4304 1766 4361 in

1962 3412 2256 3483 Scriptum
2279 3429 2382 3483 per
2414 3427 2656 3466 manum
2683 3411 2973 3467 Benedicti
2999 3415 3208 3470 notarii
3230 3417 3495 3489 regiona-

1890 3499 1981 3568 rii,
2019 3504 2075 3555 et
2105 3499 2386 3555 scriniarii
2402 3504 2615 3554 sancta
2636 3500 2912 3555 Romana
2929 3501 3191 3559 Ecclesia
3212 3503 3271 3561 in
3291 3521 3493 3563 mense

1885 3588 2237 3655 Novembris,
2272 3587 2589 3643 indictione
2610 3588 2855 3644 decima.

1953 3662 2106 3715 Bene
2135 3662 2341 3719 valete.
2634 3731 2702 3786 VI

1878 3819 2098 3892 Sergius
2139 3819 2231 3905 1
2252 3820 2711 3947 pgparonﬁrrnat
2759 3819 3133 3891 fundationem
3173 3828 3492 3884 monasterii

1947 3892 2011 3947 S.
2067 3893 2220 3947 Petra
2336 3892 2677 3947 cmlzotenszs.
2736 3898 2787 3947 et
2849 3893 2982 3947 bona
3041 3895 3114 3947 ad
3164 3896 3308 3947 illud
3367 3916 3486 3947 sne-

1947 3892 2011 3948 S.
2067 3893 2225 3971 P_etri
2258 3892 2677 3960 'ch'liotensis,
2736 3898 2787 3948 et
2849 3893 2982 3948 bona
3041 3895 3114 3950 ad
3164 3896 3308 3955 illud
3367 3916 3486 3971 spe-

1947 3967 2175 4021 ctantz’a.

2470 4033 2664 4106 (Anno
2707 4035 2892 4107 1011.)

1980 4125 2398 4196 [Οοεωειικεῃ
2446 4121 2662 4178 Bullar.
2698 4122 2862 4195 ampl.
2903 4123 3128 4195 collect,
3152 4128 3194 4195 Ι,
3221 4127 3367 4199 314.]

1940 4212 2174 4269 SERGIUS
2200 4212 2522 4284 episcopus,
2551 4228 2746 4267 servus
2772 4228 3070 4270 servorum
3100 4214 3223 4272 Dei.

1941 4302 2001 4357 Si
2031 4301 2237 4357 domus
2263 4299 2759 4356 excellentissima
2788 4303 3193 4373 speculationis
3233 4305 3475 4363 sanctis-

152 4385 429 4440 comitatu
450 4388 879 4460 Empuradense
903 4391 1137 4445 alodem
1171 4390 1241 4445 de
1269 4395 1472 4463 stagno
1499 4392 1665 4447 salso.
1700 4394 1767 4447 Et
1870 4389 2033 4445 sima
2076 4389 2276 4445 matris
2319 4390 2533 4443 nostrae
2563 4388 2829 4444 Ecclesia
2887 4390 3247 4463 impellimur
3273 4410 3475 4453 curam

150 4469 205 4527 in
239 4474 634 4536 Petralatense
666 4478 896 4532 alodem
922 4478 993 4534 de
1027 4479 1378 4548 Castillione,
1407 4483 1465 4535 et
1490 4481 1561 4536 de
1580 4481 1763 4537 Valle-
1869 4481 2153 4550 satagere,
2188 4479 2246 4531 et
2272 4477 2345 4531 ob
2376 4475 2630 4531 studium
2660 4476 2837 4532 divini
2864 4479 3048 4533 cultus
3064 4495 3168 4551 pro
3189 4481 3472 4552 religione

151 4562 302 4617 mala
333 4579 464 4619 cum
491 4564 854 4621 terminibus.
889 4568 1019 4622 Hac
1046 4567 1224 4639 igitur
1250 4585 1607 4641 quacunque
1627 4570 1765 4625 dixi—
1787 4622 1835 4641 ἢ
1864 4582 2162 4623 sacrorum
2208 4566 2471 4619 locorum
2501 4580 2914 4635 promovemur
2933 4566 3309 4637 pracogitare
3339 4567 3470 4625 illo-

152 4662 297 4718 mus,
331 4652 415 4705 vel
441 4669 803 4725 quacunque
834 4672 952 4709 non
975 4654 1219 4710 dicimus
1248 4657 1469 4726 pradia
1489 4658 1761 4730 acquisita
1786 4651 1839 4682 υ
1863 4670 1994 4710 rum
2026 4652 2448 4708 sublimitatem
2480 4655 2652 4723 atque
2690 4651 3083 4719 stabilitatem,
3125 4656 3190 4707 ut
3209 4654 3316 4709 soli
3346 4657 3463 4714 Deo

148 4737 231 4790 vel
254 4740 607 4811 acquirenda
628 4742 698 4797 ad
723 4746 933 4798 sancta
966 4744 1065 4800 Dei
1095 4744 1392 4800 Genitricis
1431 4746 1760 4803 canobium
1861 4742 2160 4798 servitium
2192 4742 2421 4796 valeant
2448 4739 2855 4795 habitantesin
2878 4739 3299 4813 eaimpendere
3318 4760 3332 4810 ;
3353 4744 3465 4801 hoc

147 4820 204 4878 in
229 4827 374 4882 valle
400 4829 800 4901 Rivipollensis
818 4832 992 4888 situm
1021 4833 1390 4906 pertinentia,
1418 4834 1758 4892 auctoritate
1859 4832 2028 4888 nobis
2050 4832 2217 4886 decet
2242 4830 2339 4903 pio
2370 4829 2570 4885 labore
2605 4844 2950 4897 assuescere,
2978 4832 3041 4884 ut
3060 4829 3255 4885 anime
3305 4831 3464 4887 Chri-

145 4909 220 4966 illi
253 4913 561 4972 ﬁrmantur
584 4935 620 4973 a
656 4919 827 4975 nobis
855 4921 1187 4994 apostolica.
1220 4920 1536 4977 Statuimus
1560 4926 1755 4978 autem
1857 4924 1945 4975 sto
1969 4920 2193 4987 dicata,
2227 4935 2355 4991 qua
2382 4934 2441 4973 se
2471 4917 2530 4971 in
2554 4916 2755 4971 diebus
2783 4916 2918 4972 vita
2949 4917 3180 4973 illorum
3203 4918 3460 4977 servituti

140 5001 222 5066 ιιι,
247 5004 483 5073 quando
507 5005 684 5060 abbas
708 5006 883 5079 ipsius
913 5008 1251 5063 monasterii
1300 5008 1527 5078 obierit,
1560 5026 1748 5081 neque
1856 5009 2354 5073 contradiderunt,
2397 5005 2787 5078 perseverent,
2818 5005 2924 5060 sub
2957 5004 3079 5075 ejus
3109 5005 3318 5062 militia
3345 5007 3456 5064 im-

140 5101 175 5142 a
197 5089 448 5161 regibus,
477 5110 667 5166 neque
706 5112 739 5149 a
758 5096 1080 5165 comitibus,
1108 5114 1295 5170 neque
1320 5115 1354 5153 a
1372 5098 1753 5171 qualicunque

139 5189 385 5245 persona
411 5198 518 5252 pro
541 5183 878 5254 cupiditate,
912 5185 1170 5257 pecunia
1193 5203 1382 5255 causa,
1431 5204 1618 5258 neque
1648 5204 1753 5259 pro

141 5266 393 5335 qualibet
420 5271 633 5326 favoris
661 5272 849 5327 inanis
873 5274 1060 5345 gloria
1088 5274 1303 5330 ibidem
1332 5276 1758 5330 constituantur

139 5351 393 5426 abbates,
426 5359 527 5414 sed
550 5377 583 5415 a
601 5361 819 5415 cunctis
844 5360 924 5416 ibi
951 5362 1023 5418 de
1049 5364 1314 5433 gentibus
1340 5364 1514 5419 servis
1541 5364 1642 5419 Dei
1673 5381 1758 5420 se-

138 5442 385 5500 cundum
415 5448 623 5516 Deum,
677 5453 735 5505 et
777 5451 942 5522 juxta
966 5450 1259 5506 Benedicti
1287 5452 1469 5507 Patris
1493 5454 1755 5525 regulam

137 5527 418 5601 eligantur
435 5536 702 5593 abbates.
726 5540 942 5594 Damus
982 5557 1212 5612 quoque
1258 5541 1551 5597 licentiam
1578 5542 1757 5613 ipsius

133 5613 241 5672 loci
271 5621 461 5679 abbati
487 5626 813 5699 ubicunque
836 5629 924 5683 vel
957 5647 992 5684 a
1020 5630 1255 5701 qualibu
1267 5647 1520 5703 scunque
1541 5631 1756 5703 episco-

132 5703 218 5776 pis
240 5724 368 5765 suos
396 5714 634 5770 clericos
684 5716 1015 5786 ordinandi,
1043 5735 1079 5773 a
1102 5720 1484 5791 qualicunque
1510 5720 1563 5775 ei
1590 5721 1726 5775 sede

131 5792 678 5867 placueritChrisma
694 5806 1035 5878 accipiendi,
1056 5809 1115 5864 et
1132 5810 1242 5864 uta
1259 5808 1417 5865 nullo
1446 5809 1722 5885 episcopo
1748 5832 1764 5863 υ

372 5900 612 5961 ΡΑι-ιιοι..
650 5903 910 5963 CXXXIX.

1854 5097 2227 5171 perturbata,
2253 5112 2357 5150 nec
2375 5111 2493 5149 non
2524 5095 2582 5147 et
2596 5092 2691 5146 illa
2716 5090 2828 5146 illic
2842 5095 3122 5148 maneant
3146 5110 3250 5165 per
3261 5098 3458 5152 aucto-

1852 5188 2087 5242 ritatem
2115 5188 2326 5240 nostra
2356 5181 2506 5237 sedis
2550 5179 2899 5252 apostolica,
2932 5181 3271 5238 auctoritate
3292 5184 3461 5241 nobis

1855 5290 2143 5339 concessa,
2161 5273 2264 5327 sub
2286 5272 2408 5342 ejus
2419 5269 2708 5336 videlicet,
2736 5269 2897 5340 cujus
2925 5285 3031 5325 nos
3043 5267 3292 5326 fruimur
3312 5271 3457 5342 vice,

1854 5364 1967 5419 ﬁde
1998 5366 2162 5418 tenus
2201 5360 2391 5427 ﬁrma,
2451 5374 2578 5431 qua
2630 5357 2815 5412 votive
2846 5374 2881 5413 a
2910 5356 3224 5413 Christanis
3265 5357 3328 5415 in
3357 5361 3460 5417 Dei

1854 5451 2121 5509 laudibus
2164 5447 2489 5504 contradita
2546 5447 2698 5501 sunt.
2731 5445 2911 5517 Igitur
2939 5445 3210 5502 omnibus
3238 5447 3461 5519 episco-

1858 5541 1965 5615 pis,
2018 5537 2276 5604 ducibus,
2331 5535 2659 5602 comitibus,
2705 5537 2765 5589 et
2789 5536 3004 5590 sancta
3056 5534 3160 5590 Dei
3199 5535 3463 5595 Ecclesia

1859 5626 2203 5703 primatibus
2224 5623 2603 5697 prasentibus
2624 5622 2840 5679 scilicet
2859 5626 2918 5677 et
2944 5621 3152 5678 futuris
3175 5622 3464 5701 ﬁdelibus,

1864 5722 2069 5776 notum
2091 5732 2212 5772 esse
2230 5715 2491 5771 volumus
2520 5711 2657 5786 quia
2687 5712 2929 5768 dilectus
2953 5714 3013 5767 et
3029 5710 3291 5785 specialis
3317 5715 3471 5776 ﬁlius

1868 5809 2064 5868 noster
2076 5804 2401 5864 Bernardus
2418 5801 2908 5879 comesgloriosus
2933 5798 3217 5876 suggessit
3238 5808 3477 5876 aposto-
