  <div class='ocr_page' id='page_1' title='image "/cluster/home/n/w/nwhite01/storage/ocr_20150623/139/uva.x000829787/765.png"; bbox 0 0 3888 6218; ppageno 0'>
   <div class='ocr_carea' id='block_1_1' title="bbox 503 533 638 592">
    <p class='ocr_par' dir='ltr' id='par_1_1' title="bbox 503 533 638 592">
     <span class='ocr_line' id='line_1_1' title="bbox 503 533 638 592; baseline -0.022 0"><span class='ocrx_word' id='word_1_1' title='bbox 503 533 638 592; x_wconf 75' lang='grc'><strong>1515</strong></span> 
     </span>
    </p>
   </div>
   <div class='ocr_carea' id='block_1_2' title="bbox 1870 527 2438 590">
    <p class='ocr_par' dir='ltr' id='par_1_2' title="bbox 1870 527 2438 590">
     <span class='ocr_line' id='line_1_2' title="bbox 1870 527 2438 590; baseline 0.004 -2"><span class='ocrx_word' id='word_1_2' title='bbox 1870 527 2095 588; x_wconf 78' lang='lat' dir='ltr'><strong>SERGH</strong></span> <span class='ocrx_word' id='word_1_3' title='bbox 2132 527 2201 587; x_wconf 77' lang='lat' dir='ltr'><strong>IV</strong></span> <span class='ocrx_word' id='word_1_4' title='bbox 2237 527 2438 590; x_wconf 64' lang='lat' dir='ltr'><strong>PAP/E</strong></span> 
     </span>
    </p>
   </div>
   <div class='ocr_carea' id='block_1_3' title="bbox 3661 539 3774 594">
    <p class='ocr_par' dir='ltr' id='par_1_3' title="bbox 3661 539 3774 594">
     <span class='ocr_line' id='line_1_3' title="bbox 3661 539 3774 594; baseline 0 0"><span class='ocrx_word' id='word_1_5' title='bbox 3661 539 3774 594; x_wconf 77' lang='grc'><strong>1516</strong></span> 
     </span>
    </p>
   </div>
   <div class='ocr_carea' id='block_1_4' title="bbox 504 653 3783 732">
    <p class='ocr_par' dir='ltr' id='par_1_4' title="bbox 504 653 3783 732">
     <span class='ocr_line' id='line_1_4' title="bbox 504 653 3783 732; baseline 0.001 -21"><span class='ocrx_word' id='word_1_6' title='bbox 504 655 620 712; x_wconf 88' lang='lat' dir='ltr'><strong>atui</strong></span> <span class='ocrx_word' id='word_1_7' title='bbox 651 658 848 710; x_wconf 90' lang='lat' dir='ltr'><strong>nostro</strong></span> <span class='ocrx_word' id='word_1_8' title='bbox 875 654 1030 727; x_wconf 88' lang='lat' dir='ltr'><strong>quod</strong></span> <span class='ocrx_word' id='word_1_9' title='bbox 1060 653 1118 708; x_wconf 90' lang='lat' dir='ltr'><strong>in</strong></span> <span class='ocrx_word' id='word_1_10' title='bbox 1139 653 1416 710; x_wconf 89' lang='lat' dir='ltr'><strong>comitatu</strong></span> <span class='ocrx_word' id='word_1_11' title='bbox 1446 653 1764 709; x_wconf 84' lang='lat' dir='ltr'><strong>Feniolensi</strong></span> <span class='ocrx_word' id='word_1_12' title='bbox 1799 655 1974 708; x_wconf 81' lang='lat' dir='ltr'><strong>vellet</strong></span> <span class='ocrx_word' id='word_1_13' title='bbox 2003 670 2098 708; x_wconf 84' lang='lat' dir='ltr'><strong>se-</strong></span> <span class='ocrx_word' id='word_1_14' title='bbox 2120 656 2178 716; x_wconf 79' lang='grc' dir='ltr'>Α</span> <span class='ocrx_word' id='word_1_15' title='bbox 2272 655 2561 728; x_wconf 85' lang='lat' dir='ltr'><strong>Scriptum</strong></span> <span class='ocrx_word' id='word_1_16' title='bbox 2601 674 2705 730; x_wconf 90' lang='lat' dir='ltr'><strong>per</strong></span> <span class='ocrx_word' id='word_1_17' title='bbox 2753 673 2992 714; x_wconf 89' lang='lat' dir='ltr'><strong>manum</strong></span> <span class='ocrx_word' id='word_1_18' title='bbox 3036 657 3330 716; x_wconf 80' lang='lat' dir='ltr'><strong>Benedicti</strong></span> <span class='ocrx_word' id='word_1_19' title='bbox 3366 658 3580 716; x_wconf 86' lang='lat' dir='ltr'><strong>notarii</strong></span> <span class='ocrx_word' id='word_1_20' title='bbox 3612 659 3783 732; x_wconf 84' lang='lat' dir='ltr'><strong>regio-</strong></span> 
     </span>
    </p>
   </div>
   <div class='ocr_carea' id='block_1_5' title="bbox 500 740 2102 799">
    <p class='ocr_par' dir='ltr' id='par_1_5' title="bbox 500 740 2102 799">
     <span class='ocr_line' id='line_1_5' title="bbox 500 740 2102 799; baseline -0.003 0"><span class='ocrx_word' id='word_1_21' title='bbox 500 743 725 799; x_wconf 89' lang='lat' dir='ltr'><strong>undum</strong></span> <span class='ocrx_word' id='word_1_22' title='bbox 781 743 1205 798; x_wconf 77' lang='lat' dir='ltr'><strong>institutionem</strong></span> <span class='ocrx_word' id='word_1_23' title='bbox 1256 742 1556 797; x_wconf 74' lang='lat' dir='ltr'><strong>canonicae</strong></span> <span class='ocrx_word' id='word_1_24' title='bbox 1588 740 1951 795; x_wconf 91' lang='lat' dir='ltr'><strong>auctoritatis</strong></span> <span class='ocrx_word' id='word_1_25' title='bbox 1983 755 2102 794; x_wconf 86' lang='lat' dir='ltr'><strong>mo-</strong></span> 
     </span>
    </p>
   </div>
   <div class='ocr_carea' id='block_1_6' title="bbox 501 828 2098 902">
    <p class='ocr_par' dir='ltr' id='par_1_6' title="bbox 501 828 2098 902">
     <span class='ocr_line' id='line_1_6' title="bbox 501 828 2098 902; baseline -0.003 -15"><span class='ocrx_word' id='word_1_26' title='bbox 501 831 820 887; x_wconf 88' lang='lat' dir='ltr'><strong>nasterium</strong></span> <span class='ocrx_word' id='word_1_27' title='bbox 846 833 1179 884; x_wconf 78' lang='lat' dir='ltr'><strong>construere</strong></span> <span class='ocrx_word' id='word_1_28' title='bbox 1233 831 1292 884; x_wconf 91' lang='lat' dir='ltr'><strong>in</strong></span> <span class='ocrx_word' id='word_1_29' title='bbox 1321 831 1572 902; x_wconf 91' lang='lat' dir='ltr'><strong>quodam</strong></span> <span class='ocrx_word' id='word_1_30' title='bbox 1614 828 1927 884; x_wconf 83' lang='lat' dir='ltr'><strong>venerabili</strong></span> <span class='ocrx_word' id='word_1_31' title='bbox 1949 828 2098 894; x_wconf 88' lang='lat' dir='ltr'><strong>loco,</strong></span> 
     </span>
    </p>
   </div>
   <div class='ocr_carea' id='block_1_7' title="bbox 501 915 2100 991">
    <p class='ocr_par' dir='ltr' id='par_1_7' title="bbox 501 915 2100 991">
     <span class='ocr_line' id='line_1_7' title="bbox 501 915 2100 991; baseline -0.004 -17"><span class='ocrx_word' id='word_1_32' title='bbox 501 920 598 991; x_wconf 85' lang='lat' dir='ltr'><strong>qui</strong></span> <span class='ocrx_word' id='word_1_33' title='bbox 620 922 705 974; x_wconf 90' lang='lat' dir='ltr'><strong>est</strong></span> <span class='ocrx_word' id='word_1_34' title='bbox 724 921 1086 974; x_wconf 90' lang='lat' dir='ltr'><strong>consecratus</strong></span> <span class='ocrx_word' id='word_1_35' title='bbox 1109 918 1167 974; x_wconf 92' lang='lat' dir='ltr'><strong>in</strong></span> <span class='ocrx_word' id='word_1_36' title='bbox 1181 920 1400 973; x_wconf 90' lang='lat' dir='ltr'><strong>honore</strong></span> <span class='ocrx_word' id='word_1_37' title='bbox 1433 918 1614 972; x_wconf 80' lang='lat' dir='ltr'><strong>sancti</strong></span> <span class='ocrx_word' id='word_1_38' title='bbox 1649 917 1801 972; x_wconf 87' lang='lat' dir='ltr'><strong>Petri</strong></span> <span class='ocrx_word' id='word_1_39' title='bbox 1834 915 2100 988; x_wconf 80' lang='lat' dir='ltr'><strong>apostoli,</strong></span> 
     </span>
    </p>
   </div>
   <div class='ocr_carea' id='block_1_8' title="bbox 501 1004 2104 1080">
    <p class='ocr_par' dir='ltr' id='par_1_8' title="bbox 501 1004 2104 1080">
     <span class='ocr_line' id='line_1_8' title="bbox 501 1004 2104 1080; baseline -0.004 -18"><span class='ocrx_word' id='word_1_40' title='bbox 501 1007 818 1080; x_wconf 80' lang='lat' dir='ltr'><strong>deprecans</strong></span> <span class='ocrx_word' id='word_1_41' title='bbox 837 1010 899 1061; x_wconf 88' lang='lat' dir='ltr'><strong>ut</strong></span> <span class='ocrx_word' id='word_1_42' title='bbox 927 1006 1082 1062; x_wconf 91' lang='lat' dir='ltr'><strong>idem</strong></span> <span class='ocrx_word' id='word_1_43' title='bbox 1106 1006 1526 1061; x_wconf 75' lang='lat' dir='ltr'><strong>monasterium</strong></span> <span class='ocrx_word' id='word_1_44' title='bbox 1548 1009 1759 1060; x_wconf 68' lang='lat' dir='ltr'><strong>nostra:</strong></span> <span class='ocrx_word' id='word_1_45' title='bbox 1777 1004 2104 1076; x_wconf 80' lang='lat' dir='ltr'><strong>apostolicae</strong></span> 
     </span>
    </p>
   </div>
   <div class='ocr_carea' id='block_1_9' title="bbox 499 1091 2106 1168">
    <p class='ocr_par' dir='ltr' id='par_1_9' title="bbox 499 1091 2106 1168">
     <span class='ocr_line' id='line_1_9' title="bbox 499 1091 2106 1168; baseline -0.003 -18"><span class='ocrx_word' id='word_1_46' title='bbox 499 1094 906 1168; x_wconf 58' lang='lat' dir='ltr'><strong>praeceptionis</strong></span> <span class='ocrx_word' id='word_1_47' title='bbox 933 1094 1294 1150; x_wconf 91' lang='lat' dir='ltr'><strong>muniremus</strong></span> <span class='ocrx_word' id='word_1_48' title='bbox 1320 1094 1639 1166; x_wconf 86' lang='lat' dir='ltr'><strong>privilegio.</strong></span> <span class='ocrx_word' id='word_1_49' title='bbox 1676 1094 1849 1164; x_wconf 88' lang='lat' dir='ltr'><strong>Cujus</strong></span> <span class='ocrx_word' id='word_1_50' title='bbox 1873 1091 2106 1164; x_wconf 91' lang='lat' dir='ltr'><strong>petitio-</strong></span> 
     </span>
    </p>
   </div>
   <div class='ocr_carea' id='block_1_10' title="bbox 502 1181 2108 1254">
    <p class='ocr_par' dir='ltr' id='par_1_10' title="bbox 502 1181 2108 1254">
     <span class='ocr_line' id='line_1_10' title="bbox 502 1181 2108 1254; baseline -0.003 -17"><span class='ocrx_word' id='word_1_51' title='bbox 502 1201 638 1238; x_wconf 88' lang='lat' dir='ltr'><strong>nem</strong></span> <span class='ocrx_word' id='word_1_52' title='bbox 661 1183 942 1239; x_wconf 86' lang='lat' dir='ltr'><strong>salubrius</strong></span> <span class='ocrx_word' id='word_1_53' title='bbox 967 1183 1040 1238; x_wconf 91' lang='lat' dir='ltr'><strong>ob</strong></span> <span class='ocrx_word' id='word_1_54' title='bbox 1067 1199 1327 1237; x_wconf 91' lang='lat' dir='ltr'><strong>amorem</strong></span> <span class='ocrx_word' id='word_1_55' title='bbox 1343 1183 1444 1238; x_wconf 89' lang='lat' dir='ltr'><strong>Dei</strong></span> <span class='ocrx_word' id='word_1_56' title='bbox 1471 1182 1790 1254; x_wconf 88' lang='lat' dir='ltr'><strong>adimplere</strong></span> <span class='ocrx_word' id='word_1_57' title='bbox 1812 1181 2108 1235; x_wconf 89' lang='lat' dir='ltr'><strong>studentes</strong></span> 
     </span>
    </p>
   </div>
   <div class='ocr_carea' id='block_1_11' title="bbox 502 1269 2104 1342">
    <p class='ocr_par' dir='ltr' id='par_1_11' title="bbox 502 1269 2104 1342">
     <span class='ocr_line' id='line_1_11' title="bbox 502 1269 2104 1342; baseline -0.002 -17"><span class='ocrx_word' id='word_1_58' title='bbox 502 1272 868 1327; x_wconf 87' lang='lat' dir='ltr'><strong>decernimus</strong></span> <span class='ocrx_word' id='word_1_59' title='bbox 887 1287 990 1342; x_wconf 90' lang='lat' dir='ltr'><strong>per</strong></span> <span class='ocrx_word' id='word_1_60' title='bbox 1010 1271 1179 1342; x_wconf 86' lang='lat' dir='ltr'><strong>hujus</strong></span> <span class='ocrx_word' id='word_1_61' title='bbox 1205 1271 1385 1325; x_wconf 85' lang='lat' dir='ltr'><strong>nostri</strong></span> <span class='ocrx_word' id='word_1_62' title='bbox 1419 1271 1699 1342; x_wconf 85' lang='lat' dir='ltr'><strong>privilegii</strong></span> <span class='ocrx_word' id='word_1_63' title='bbox 1736 1269 2104 1341; x_wconf 82' lang='lat' dir='ltr'><strong>dignitatem,</strong></span> 
     </span>
    </p>
   </div>
   <div class='ocr_carea' id='block_1_12' title="bbox 506 1356 2108 1430">
    <p class='ocr_par' dir='ltr' id='par_1_12' title="bbox 506 1356 2108 1430">
     <span class='ocr_line' id='line_1_12' title="bbox 506 1356 2108 1430; baseline -0.003 -17"><span class='ocrx_word' id='word_1_64' title='bbox 506 1362 566 1413; x_wconf 92' lang='lat' dir='ltr'><strong>ut</strong></span> <span class='ocrx_word' id='word_1_65' title='bbox 596 1359 794 1414; x_wconf 87' lang='lat' dir='ltr'><strong>omnia</strong></span> <span class='ocrx_word' id='word_1_66' title='bbox 827 1374 955 1430; x_wconf 65' lang='lat' dir='ltr'><strong>qua:</strong></span> <span class='ocrx_word' id='word_1_67' title='bbox 996 1358 1311 1430; x_wconf 89' lang='lat' dir='ltr'><strong>antiquitus</strong></span> <span class='ocrx_word' id='word_1_68' title='bbox 1349 1359 1737 1429; x_wconf 81' lang='lat' dir='ltr'><strong>cujuscunque</strong></span> <span class='ocrx_word' id='word_1_69' title='bbox 1785 1356 2014 1426; x_wconf 80' lang='lat' dir='ltr'><strong>generis</strong></span> <span class='ocrx_word' id='word_1_70' title='bbox 2051 1356 2108 1408; x_wconf 92' lang='lat' dir='ltr'><strong>in</strong></span> 
     </span>
    </p>
   </div>
   <div class='ocr_carea' id='block_1_13' title="bbox 505 1444 2102 1516">
    <p class='ocr_par' dir='ltr' id='par_1_13' title="bbox 505 1444 2102 1516">
     <span class='ocr_line' id='line_1_13' title="bbox 505 1444 2102 1516; baseline -0.003 -14"><span class='ocrx_word' id='word_1_71' title='bbox 505 1448 711 1502; x_wconf 88' lang='lat' dir='ltr'><strong>eodem</strong></span> <span class='ocrx_word' id='word_1_72' title='bbox 744 1448 931 1502; x_wconf 85' lang='lat' dir='ltr'><strong>votive</strong></span> <span class='ocrx_word' id='word_1_73' title='bbox 978 1446 1303 1501; x_wconf 88' lang='lat' dir='ltr'><strong>contradita</strong></span> <span class='ocrx_word' id='word_1_74' title='bbox 1327 1449 1638 1514; x_wconf 87' lang='lat' dir='ltr'><strong>suntloco,</strong></span> <span class='ocrx_word' id='word_1_75' title='bbox 1697 1446 1808 1500; x_wconf 86' lang='lat' dir='ltr'><strong>sive</strong></span> <span class='ocrx_word' id='word_1_76' title='bbox 1861 1444 2102 1516; x_wconf 65' lang='lat' dir='ltr'><strong>praedia,</strong></span> 
     </span>
    </p>
   </div>
   <div class='ocr_carea' id='block_1_14' title="bbox 505 1531 2112 1606">
    <p class='ocr_par' dir='ltr' id='par_1_14' title="bbox 505 1531 2112 1606">
     <span class='ocr_line' id='line_1_14' title="bbox 505 1531 2112 1606; baseline -0.002 -18"><span class='ocrx_word' id='word_1_77' title='bbox 505 1535 620 1590; x_wconf 90' lang='lat' dir='ltr'><strong>sive</strong></span> <span class='ocrx_word' id='word_1_78' title='bbox 653 1535 711 1588; x_wconf 93' lang='lat' dir='ltr'><strong>in</strong></span> <span class='ocrx_word' id='word_1_79' title='bbox 749 1535 1008 1600; x_wconf 86' lang='lat' dir='ltr'><strong>decimis,</strong></span> <span class='ocrx_word' id='word_1_80' title='bbox 1040 1537 1152 1589; x_wconf 89' lang='lat' dir='ltr'><strong>sive</strong></span> <span class='ocrx_word' id='word_1_81' title='bbox 1207 1535 1264 1588; x_wconf 89' lang='lat' dir='ltr'><strong>in</strong></span> <span class='ocrx_word' id='word_1_82' title='bbox 1289 1533 1578 1606; x_wconf 88' lang='lat' dir='ltr'><strong>primitiis,</strong></span> <span class='ocrx_word' id='word_1_83' title='bbox 1628 1533 1740 1587; x_wconf 89' lang='lat' dir='ltr'><strong>sive</strong></span> <span class='ocrx_word' id='word_1_84' title='bbox 1793 1533 1851 1587; x_wconf 95' lang='lat' dir='ltr'><strong>in</strong></span> <span class='ocrx_word' id='word_1_85' title='bbox 1890 1531 2112 1586; x_wconf 70' lang='lat' dir='ltr'><strong>caeteris</strong></span> 
     </span>
    </p>
   </div>
   <div class='ocr_carea' id='block_1_15' title="bbox 507 1622 2111 1694">
    <p class='ocr_par' dir='ltr' id='par_1_15' title="bbox 507 1622 2111 1694">
     <span class='ocr_line' id='line_1_15' title="bbox 507 1622 2111 1694; baseline -0.003 -16"><span class='ocrx_word' id='word_1_86' title='bbox 507 1623 988 1678; x_wconf 85' lang='lat' dir='ltr'><strong>redhibitiombus</strong></span> <span class='ocrx_word' id='word_1_87' title='bbox 1009 1623 1418 1688; x_wconf 76' lang='lat' dir='ltr'><strong>ecclesmsticis,</strong></span> <span class='ocrx_word' id='word_1_88' title='bbox 1443 1622 1780 1694; x_wconf 86' lang='lat' dir='ltr'><strong>perenniter</strong></span> <span class='ocrx_word' id='word_1_89' title='bbox 1805 1625 2111 1692; x_wconf 68' lang='lat' dir='ltr'><strong>permstere</strong></span> 
     </span>
    </p>
   </div>
   <div class='ocr_carea' id='block_1_16' title="bbox 501 1709 2114 1783">
    <p class='ocr_par' dir='ltr' id='par_1_16' title="bbox 501 1709 2114 1783">
     <span class='ocr_line' id='line_1_16' title="bbox 501 1709 2114 1783; baseline -0.003 -17"><span class='ocrx_word' id='word_1_90' title='bbox 501 1712 775 1783; x_wconf 88' lang='lat' dir='ltr'><strong>jubemus</strong></span> <span class='ocrx_word' id='word_1_91' title='bbox 792 1711 1007 1765; x_wconf 88' lang='lat' dir='ltr'><strong>ibidem</strong></span> <span class='ocrx_word' id='word_1_92' title='bbox 1025 1711 1348 1780; x_wconf 87' lang='lat' dir='ltr'><strong>mancipata</strong></span> <span class='ocrx_word' id='word_1_93' title='bbox 1367 1711 1575 1778; x_wconf 88' lang='lat' dir='ltr'><strong>alodia,</strong></span> <span class='ocrx_word' id='word_1_94' title='bbox 1591 1711 1678 1765; x_wconf 91' lang='lat' dir='ltr'><strong>vel</strong></span> <span class='ocrx_word' id='word_1_95' title='bbox 1696 1725 1822 1782; x_wconf 70' lang='lat' dir='ltr'><strong>qua:</strong></span> <span class='ocrx_word' id='word_1_96' title='bbox 1841 1709 2114 1781; x_wconf 67' lang='lat' dir='ltr'><strong>praefatus</strong></span> 
     </span>
    </p>
   </div>
   <div class='ocr_carea' id='block_1_17' title="bbox 511 1796 2110 1869">
    <p class='ocr_par' dir='ltr' id='par_1_17' title="bbox 511 1796 2110 1869">
     <span class='ocr_line' id='line_1_17' title="bbox 511 1796 2110 1869; baseline -0.002 -16"><span class='ocrx_word' id='word_1_97' title='bbox 511 1815 704 1853; x_wconf 90' lang='lat' dir='ltr'><strong>comes</strong></span> <span class='ocrx_word' id='word_1_98' title='bbox 734 1799 791 1852; x_wconf 91' lang='lat' dir='ltr'><strong>in</strong></span> <span class='ocrx_word' id='word_1_99' title='bbox 824 1799 1030 1853; x_wconf 90' lang='lat' dir='ltr'><strong>eodem</strong></span> <span class='ocrx_word' id='word_1_100' title='bbox 1058 1798 1335 1868; x_wconf 79' lang='lat' dir='ltr'><strong>subrogat</strong></span> <span class='ocrx_word' id='word_1_101' title='bbox 1367 1799 1514 1864; x_wconf 90' lang='lat' dir='ltr'><strong>loco,</strong></span> <span class='ocrx_word' id='word_1_102' title='bbox 1546 1797 1634 1852; x_wconf 89' lang='lat' dir='ltr'><strong>vel</strong></span> <span class='ocrx_word' id='word_1_103' title='bbox 1665 1814 1793 1869; x_wconf 61' lang='lat' dir='ltr'><strong>qua:</strong></span> <span class='ocrx_word' id='word_1_104' title='bbox 1827 1796 2110 1852; x_wconf 90' lang='lat' dir='ltr'><strong>moderno</strong></span> 
     </span>
    </p>
   </div>
   <div class='ocr_carea' id='block_1_18' title="bbox 511 1885 2114 1958">
    <p class='ocr_par' dir='ltr' id='par_1_18' title="bbox 511 1885 2114 1958">
     <span class='ocr_line' id='line_1_18' title="bbox 511 1885 2114 1958; baseline -0.001 -18"><span class='ocrx_word' id='word_1_105' title='bbox 511 1886 777 1942; x_wconf 89' lang='lat' dir='ltr'><strong>videntur</strong></span> <span class='ocrx_word' id='word_1_106' title='bbox 805 1887 877 1941; x_wconf 91' lang='lat' dir='ltr'><strong>ad</strong></span> <span class='ocrx_word' id='word_1_107' title='bbox 897 1887 1172 1941; x_wconf 91' lang='lat' dir='ltr'><strong>eumdem</strong></span> <span class='ocrx_word' id='word_1_108' title='bbox 1187 1887 1376 1940; x_wconf 89' lang='lat' dir='ltr'><strong>locum</strong></span> <span class='ocrx_word' id='word_1_109' title='bbox 1392 1891 1659 1958; x_wconf 89' lang='lat' dir='ltr'><strong>tempore</strong></span> <span class='ocrx_word' id='word_1_110' title='bbox 1676 1885 1988 1958; x_wconf 88' lang='lat' dir='ltr'><strong>pertinere,</strong></span> <span class='ocrx_word' id='word_1_111' title='bbox 2011 1900 2114 1956; x_wconf 87' lang='lat' dir='ltr'><strong>per</strong></span> 
     </span>
    </p>
   </div>
   <div class='ocr_carea' id='block_1_19' title="bbox 2204 744 3782 818">
    <p class='ocr_par' dir='ltr' id='par_1_19' title="bbox 2204 744 3782 818">
     <span class='ocr_line' id='line_1_19' title="bbox 2204 744 3782 818; baseline 0.004 -19"><span class='ocrx_word' id='word_1_112' title='bbox 2204 744 2372 812; x_wconf 90' lang='lat' dir='ltr'><strong>narii,</strong></span> <span class='ocrx_word' id='word_1_113' title='bbox 2411 751 2470 802; x_wconf 93' lang='lat' dir='ltr'><strong>et</strong></span> <span class='ocrx_word' id='word_1_114' title='bbox 2527 747 2808 802; x_wconf 90' lang='lat' dir='ltr'><strong>scriniarii</strong></span> <span class='ocrx_word' id='word_1_115' title='bbox 2869 751 3082 804; x_wconf 79' lang='lat' dir='ltr'><strong>sanctae</strong></span> <span class='ocrx_word' id='word_1_116' title='bbox 3103 751 3378 806; x_wconf 77' lang='lat' dir='ltr'><strong>Romanae</strong></span> <span class='ocrx_word' id='word_1_117' title='bbox 3421 749 3695 818; x_wconf 73' lang='lat' dir='ltr'><strong>Ecclesiae,</strong></span> <span class='ocrx_word' id='word_1_118' title='bbox 3732 751 3782 805; x_wconf 92' lang='lat' dir='ltr'><strong>in</strong></span> 
     </span>
    </p>
   </div>
   <div class='ocr_carea' id='block_1_20' title="bbox 2203 837 3420 903">
    <p class='ocr_par' dir='ltr' id='par_1_20' title="bbox 2203 837 3420 903">
     <span class='ocr_line' id='line_1_20' title="bbox 2203 837 3420 903; baseline 0.004 -14"><span class='ocrx_word' id='word_1_119' title='bbox 2203 851 2403 891; x_wconf 90' lang='lat' dir='ltr'><strong>mense</strong></span> <span class='ocrx_word' id='word_1_120' title='bbox 2431 837 2789 903; x_wconf 84' lang='lat' dir='ltr'><strong>Novembris,</strong></span> <span class='ocrx_word' id='word_1_121' title='bbox 2830 837 3146 894; x_wconf 87' lang='lat' dir='ltr'><strong>indictione</strong></span> <span class='ocrx_word' id='word_1_122' title='bbox 3168 838 3420 895; x_wconf 90' lang='lat' dir='ltr'><strong>decima.</strong></span> 
     </span>
    </p>
   </div>
   <div class='ocr_carea' id='block_1_21' title="bbox 2276 925 2662 983">
    <p class='ocr_par' dir='ltr' id='par_1_21' title="bbox 2276 925 2662 983">
     <span class='ocr_line' id='line_1_21' title="bbox 2276 925 2662 983; baseline 0.01 -4"><span class='ocrx_word' id='word_1_123' title='bbox 2276 925 2430 980; x_wconf 91' lang='lat' dir='ltr'><strong>Bene</strong></span> <span class='ocrx_word' id='word_1_124' title='bbox 2458 928 2662 983; x_wconf 90' lang='lat' dir='ltr'><strong>valete.</strong></span> 
     </span>
    </p>
   </div>
   <div class='ocr_carea' id='block_1_22' title="bbox 2941 1017 3055 1078">
    <p class='ocr_par' dir='ltr' id='par_1_22' title="bbox 2941 1017 3055 1078">
     <span class='ocr_line' id='line_1_22' title="bbox 2941 1017 3055 1078; baseline 0.053 -6"><span class='ocrx_word' id='word_1_125' title='bbox 2941 1017 3055 1078; x_wconf 86' lang='lat' dir='ltr'><strong>VII.</strong></span> 
     </span>
    </p>
   </div>
   <div class='ocr_carea' id='block_1_23' title="bbox 2275 1119 3728 1196">
    <p class='ocr_par' dir='ltr' id='par_1_23' title="bbox 2275 1119 3728 1196">
     <span class='ocr_line' id='line_1_23' title="bbox 2275 1119 3728 1196; baseline 0.001 -20"><span class='ocrx_word' id='word_1_126' title='bbox 2275 1119 2459 1194; x_wconf 73' lang='lat' dir='ltr'><strong>Sergii</strong></span> <span class='ocrx_word' id='word_1_127' title='bbox 2503 1121 2596 1176; x_wconf 91' lang='lat' dir='ltr'><strong>IV</strong></span> <span class='ocrx_word' id='word_1_128' title='bbox 2640 1139 2796 1194; x_wconf 70' lang='lat' dir='ltr'><strong>papa:</strong></span> <span class='ocrx_word' id='word_1_129' title='bbox 2843 1123 3190 1195; x_wconf 75' lang='lat' dir='ltr'><strong>privilegium</strong></span> <span class='ocrx_word' id='word_1_130' title='bbox 3239 1140 3343 1196; x_wconf 85' lang='lat' dir='ltr'><strong>pro</strong></span> <span class='ocrx_word' id='word_1_131' title='bbox 3417 1125 3728 1182; x_wconf 72' lang='lat' dir='ltr'><strong>monasterio</strong></span> 
     </span>
    </p>
   </div>
   <div class='ocr_carea' id='block_1_24' title="bbox 2815 1209 3205 1280">
    <p class='ocr_par' dir='ltr' id='par_1_24' title="bbox 2815 1209 3205 1280">
     <span class='ocr_line' id='line_1_24' title="bbox 2815 1209 3205 1280; baseline 0.003 -14"><span class='ocrx_word' id='word_1_132' title='bbox 2815 1209 3176 1280; x_wconf 77' lang='lat' dir='ltr'><strong>Canz’gonensi</strong></span> <span class='ocrx_word' id='word_1_133' title='bbox 3192 1255 3205 1266; x_wconf 93' lang='lat'><strong>.</strong></span> 
     </span>
    </p>
   </div>
   <div class='ocr_carea' id='block_1_25' title="bbox 2777 1319 3244 1389">
    <p class='ocr_par' dir='ltr' id='par_1_25' title="bbox 2777 1319 3244 1389">
     <span class='ocr_line' id='line_1_25' title="bbox 2777 1319 3244 1389; baseline 0.004 -17"><span class='ocrx_word' id='word_1_134' title='bbox 2777 1321 2998 1384; x_wconf 80' lang='lat' dir='ltr'><strong>(Anno</strong></span> <span class='ocrx_word' id='word_1_135' title='bbox 3041 1319 3244 1389; x_wconf 90' lang='grc'><strong>1011.)</strong></span> 
     </span>
    </p>
   </div>
   <div class='ocr_carea' id='block_1_26' title="bbox 2641 1425 3386 1496">
    <p class='ocr_par' dir='ltr' id='par_1_26' title="bbox 2641 1425 3386 1496">
     <span class='ocr_line' id='line_1_26' title="bbox 2641 1425 3386 1496; baseline 0 -18"><span class='ocrx_word' id='word_1_136' title='bbox 2641 1425 3016 1495; x_wconf 61' lang='grc' dir='ltr'><strong>[ϐοεουεωκη</strong></span> <span class='ocrx_word' id='word_1_137' title='bbox 3046 1429 3088 1480; x_wconf 90' lang='lat' dir='ltr'><strong>t.</strong></span> <span class='ocrx_word' id='word_1_138' title='bbox 3111 1426 3148 1491; x_wconf 90' lang='lat' dir='ltr'><strong>l,</strong></span> <span class='ocrx_word' id='word_1_139' title='bbox 3164 1441 3221 1496; x_wconf 91' lang='lat' dir='ltr'><strong>p.</strong></span> <span class='ocrx_word' id='word_1_140' title='bbox 3239 1425 3386 1495; x_wconf 73' lang='lat'><strong>315.]</strong></span> 
     </span>
    </p>
   </div>
   <div class='ocr_carea' id='block_1_27' title="bbox 2283 1529 3566 1602">
    <p class='ocr_par' dir='ltr' id='par_1_27' title="bbox 2283 1529 3566 1602">
     <span class='ocr_line' id='line_1_27' title="bbox 2283 1529 3566 1602; baseline 0 -18"><span class='ocrx_word' id='word_1_141' title='bbox 2283 1530 2515 1584; x_wconf 77' lang='lat' dir='ltr'><strong>SERGIUS</strong></span> <span class='ocrx_word' id='word_1_142' title='bbox 2543 1529 2862 1602; x_wconf 88' lang='lat' dir='ltr'><strong>episcopus,</strong></span> <span class='ocrx_word' id='word_1_143' title='bbox 2895 1546 3090 1585; x_wconf 88' lang='lat' dir='ltr'><strong>servus</strong></span> <span class='ocrx_word' id='word_1_144' title='bbox 3115 1545 3412 1584; x_wconf 88' lang='lat' dir='ltr'><strong>servorum</strong></span> <span class='ocrx_word' id='word_1_145' title='bbox 3445 1531 3566 1586; x_wconf 86' lang='lat' dir='ltr'><strong>Dei.</strong></span> 
     </span>
    </p>
   </div>
   <div class='ocr_carea' id='block_1_28' title="bbox 2284 1617 3790 1690">
    <p class='ocr_par' dir='ltr' id='par_1_28' title="bbox 2284 1617 3790 1690">
     <span class='ocr_line' id='line_1_28' title="bbox 2284 1617 3790 1690; baseline 0.003 -18"><span class='ocrx_word' id='word_1_146' title='bbox 2284 1617 2568 1682; x_wconf 85' lang='lat' dir='ltr'><strong>Quoniam</strong></span> <span class='ocrx_word' id='word_1_147' title='bbox 2596 1618 2787 1672; x_wconf 86' lang='lat' dir='ltr'><strong>divina</strong></span> <span class='ocrx_word' id='word_1_148' title='bbox 2804 1623 3098 1674; x_wconf 90' lang='lat' dir='ltr'><strong>annuente</strong></span> <span class='ocrx_word' id='word_1_149' title='bbox 3130 1619 3342 1690; x_wconf 87' lang='lat' dir='ltr'><strong>pietate</strong></span> <span class='ocrx_word' id='word_1_150' title='bbox 3381 1619 3584 1676; x_wconf 87' lang='lat' dir='ltr'><strong>sedula</strong></span> <span class='ocrx_word' id='word_1_151' title='bbox 3610 1637 3726 1676; x_wconf 90' lang='lat' dir='ltr'><strong>mos</strong></span> <span class='ocrx_word' id='word_1_152' title='bbox 3743 1622 3790 1677; x_wconf 92' lang='lat' dir='ltr'><strong>in</strong></span> 
     </span>
    </p>
   </div>
   <div class='ocr_carea' id='block_1_29' title="bbox 2215 1707 3792 1781">
    <p class='ocr_par' dir='ltr' id='par_1_29' title="bbox 2215 1707 3792 1781">
     <span class='ocr_line' id='line_1_29' title="bbox 2215 1707 3792 1781; baseline 0.003 -21"><span class='ocrx_word' id='word_1_153' title='bbox 2215 1707 2424 1760; x_wconf 89' lang='lat' dir='ltr'><strong>nostris</strong></span> <span class='ocrx_word' id='word_1_154' title='bbox 2454 1707 2967 1779; x_wconf 73' lang='lat' dir='ltr'><strong>przedeccssoribus</strong></span> <span class='ocrx_word' id='word_1_155' title='bbox 3000 1707 3218 1763; x_wconf 84' lang='lat' dir='ltr'><strong>exstitit</strong></span> <span class='ocrx_word' id='word_1_156' title='bbox 3258 1710 3553 1781; x_wconf 86' lang='lat' dir='ltr'><strong>prosperis</strong></span> <span class='ocrx_word' id='word_1_157' title='bbox 3580 1710 3689 1765; x_wconf 88' lang='lat' dir='ltr'><strong>sive</strong></span> <span class='ocrx_word' id='word_1_158' title='bbox 3712 1711 3792 1765; x_wconf 87' lang='lat' dir='ltr'><strong>ad-</strong></span> 
     </span>
    </p>
   </div>
   <div class='ocr_carea' id='block_1_30' title="bbox 2212 1795 3790 1870">
    <p class='ocr_par' dir='ltr' id='par_1_30' title="bbox 2212 1795 3790 1870">
     <span class='ocr_line' id='line_1_30' title="bbox 2212 1795 3790 1870; baseline 0.004 -22"><span class='ocrx_word' id='word_1_159' title='bbox 2212 1795 2386 1849; x_wconf 90' lang='lat' dir='ltr'><strong>versis</strong></span> <span class='ocrx_word' id='word_1_160' title='bbox 2411 1795 2674 1850; x_wconf 90' lang='lat' dir='ltr'><strong>omnium</strong></span> <span class='ocrx_word' id='word_1_161' title='bbox 2705 1796 3010 1850; x_wconf 87' lang='lat' dir='ltr'><strong>hominum</strong></span> <span class='ocrx_word' id='word_1_162' title='bbox 3042 1797 3372 1868; x_wconf 84' lang='lat' dir='ltr'><strong>diligentius</strong></span> <span class='ocrx_word' id='word_1_163' title='bbox 3399 1799 3658 1870; x_wconf 84' lang='lat' dir='ltr'><strong>vigilare,</strong></span> <span class='ocrx_word' id='word_1_164' title='bbox 3680 1799 3790 1854; x_wconf 88' lang='lat' dir='ltr'><strong>etin</strong></span> 
     </span>
    </p>
   </div>
   <div class='ocr_carea' id='block_1_31' title="bbox 2214 1883 3794 1957">
    <p class='ocr_par' dir='ltr' id='par_1_31' title="bbox 2214 1883 3794 1957">
     <span class='ocr_line' id='line_1_31' title="bbox 2214 1883 3794 1957; baseline 0.005 -20"><span class='ocrx_word' id='word_1_165' title='bbox 2214 1883 2651 1939; x_wconf 85' lang='lat' dir='ltr'><strong>necessitatibus</strong></span> <span class='ocrx_word' id='word_1_166' title='bbox 2679 1885 3002 1951; x_wconf 89' lang='lat' dir='ltr'><strong>subvenire,</strong></span> <span class='ocrx_word' id='word_1_167' title='bbox 3034 1903 3148 1957; x_wconf 90' lang='lat' dir='ltr'><strong>quo</strong></span> <span class='ocrx_word' id='word_1_168' title='bbox 3176 1887 3396 1942; x_wconf 90' lang='lat' dir='ltr'><strong>malum</strong></span> <span class='ocrx_word' id='word_1_169' title='bbox 3424 1887 3485 1941; x_wconf 92' lang='lat' dir='ltr'><strong>in</strong></span> <span class='ocrx_word' id='word_1_170' title='bbox 3513 1889 3704 1945; x_wconf 89' lang='lat' dir='ltr'><strong>animo</strong></span> <span class='ocrx_word' id='word_1_171' title='bbox 3723 1907 3794 1945; x_wconf 86' lang='lat' dir='ltr'><strong>re-</strong></span> 
     </span>
    </p>
   </div>
   <div class='ocr_carea' id='block_1_32' title="bbox 510 1967 3791 2046">
    <p class='ocr_par' dir='ltr' id='par_1_32' title="bbox 510 1967 3791 2046">
     <span class='ocr_line' id='line_1_32' title="bbox 510 1967 3791 2046; baseline 0.002 -18"><span class='ocrx_word' id='word_1_172' title='bbox 510 1974 662 2029; x_wconf 84' lang='lat' dir='ltr'><strong>banc</strong></span> <span class='ocrx_word' id='word_1_173' title='bbox 679 1975 858 2030; x_wconf 88' lang='lat' dir='ltr'><strong>nostri</strong></span> <span class='ocrx_word' id='word_1_174' title='bbox 879 1974 1158 2045; x_wconf 82' lang='lat' dir='ltr'><strong>privilegii</strong></span> <span class='ocrx_word' id='word_1_175' title='bbox 1179 1975 1582 2029; x_wconf 84' lang='lat' dir='ltr'><strong>auctoritatem</strong></span> <span class='ocrx_word' id='word_1_176' title='bbox 1606 1975 1664 2028; x_wconf 92' lang='lat' dir='ltr'><strong>in</strong></span> <span class='ocrx_word' id='word_1_177' title='bbox 1687 1974 2114 2044; x_wconf 68' lang='lat' dir='ltr'><strong>praenominato</strong></span> <span class='ocrx_word' id='word_1_178' title='bbox 2138 1967 2191 2027; x_wconf 94' lang='grc' dir='ltr'>Β</span> <span class='ocrx_word' id='word_1_179' title='bbox 2217 1989 2408 2027; x_wconf 78' lang='lat' dir='ltr'><strong>secare</strong></span> <span class='ocrx_word' id='word_1_180' title='bbox 2448 1973 2752 2044; x_wconf 88' lang='lat' dir='ltr'><strong>possimus,</strong></span> <span class='ocrx_word' id='word_1_181' title='bbox 2783 1973 3004 2028; x_wconf 89' lang='lat' dir='ltr'><strong>bonum</strong></span> <span class='ocrx_word' id='word_1_182' title='bbox 3036 1990 3170 2029; x_wconf 91' lang='lat' dir='ltr'><strong>vero</strong></span> <span class='ocrx_word' id='word_1_183' title='bbox 3217 1977 3548 2046; x_wconf 88' lang='lat' dir='ltr'><strong>apostolicis</strong></span> <span class='ocrx_word' id='word_1_184' title='bbox 3584 1979 3791 2033; x_wconf 90' lang='lat' dir='ltr'><strong>benedi-</strong></span> 
     </span>
    </p>
   </div>
   <div class='ocr_carea' id='block_1_33' title="bbox 512 2062 2118 2134">
    <p class='ocr_par' dir='ltr' id='par_1_33' title="bbox 512 2062 2118 2134">
     <span class='ocr_line' id='line_1_33' title="bbox 512 2062 2118 2134; baseline -0.001 -18"><span class='ocrx_word' id='word_1_185' title='bbox 512 2063 892 2134; x_wconf 84' lang='lat' dir='ltr'><strong>subrogamus</strong></span> <span class='ocrx_word' id='word_1_186' title='bbox 913 2063 1038 2117; x_wconf 92' lang='lat' dir='ltr'><strong>loco</strong></span> <span class='ocrx_word' id='word_1_187' title='bbox 1064 2080 1078 2129; x_wconf 90' lang='lat'><strong>;</strong></span> <span class='ocrx_word' id='word_1_188' title='bbox 1098 2079 1344 2134; x_wconf 90' lang='lat' dir='ltr'><strong>quorum</strong></span> <span class='ocrx_word' id='word_1_189' title='bbox 1362 2063 1603 2117; x_wconf 89' lang='lat' dir='ltr'><strong>nomina</strong></span> <span class='ocrx_word' id='word_1_190' title='bbox 1618 2065 1752 2117; x_wconf 88' lang='lat' dir='ltr'><strong>sunt</strong></span> <span class='ocrx_word' id='word_1_191' title='bbox 1777 2063 1901 2117; x_wconf 72' lang='lat' dir='ltr'><strong>haec</strong></span> <span class='ocrx_word' id='word_1_192' title='bbox 1915 2078 1928 2117; x_wconf 93' lang='lat'><strong>:</strong></span> <span class='ocrx_word' id='word_1_193' title='bbox 1943 2062 2118 2116; x_wconf 88' lang='lat' dir='ltr'><strong>eccle-</strong></span> 
     </span>
    </p>
   </div>
   <div class='ocr_carea' id='block_1_34' title="bbox 515 2150 2108 2214">
    <p class='ocr_par' dir='ltr' id='par_1_34' title="bbox 515 2150 2108 2214">
     <span class='ocr_line' id='line_1_34' title="bbox 515 2150 2108 2214; baseline 0 -10"><span class='ocrx_word' id='word_1_194' title='bbox 515 2151 662 2205; x_wconf 85' lang='lat' dir='ltr'><strong>siam</strong></span> <span class='ocrx_word' id='word_1_195' title='bbox 696 2153 919 2206; x_wconf 75' lang='lat' dir='ltr'><strong>Sanctaa</strong></span> <span class='ocrx_word' id='word_1_196' title='bbox 961 2151 1146 2205; x_wconf 66' lang='lat' dir='ltr'><strong>Mariae</strong></span> <span class='ocrx_word' id='word_1_197' title='bbox 1181 2151 1452 2214; x_wconf 86' lang='lat' dir='ltr'><strong>de.Valle,</strong></span> <span class='ocrx_word' id='word_1_198' title='bbox 1487 2154 1545 2204; x_wconf 91' lang='lat' dir='ltr'><strong>et</strong></span> <span class='ocrx_word' id='word_1_199' title='bbox 1575 2151 1877 2206; x_wconf 89' lang='lat' dir='ltr'><strong>ecclesiam</strong></span> <span class='ocrx_word' id='word_1_200' title='bbox 1908 2150 2108 2206; x_wconf 87' lang='lat' dir='ltr'><strong>Sancti</strong></span> 
     </span>
    </p>
   </div>
   <div class='ocr_carea' id='block_1_35' title="bbox 512 2239 2112 2295">
    <p class='ocr_par' dir='ltr' id='par_1_35' title="bbox 512 2239 2112 2295">
     <span class='ocr_line' id='line_1_35' title="bbox 512 2239 2112 2295; baseline 0.001 -3"><span class='ocrx_word' id='word_1_201' title='bbox 512 2239 778 2294; x_wconf 66' lang='lat' dir='ltr'><strong>Andreae.</strong></span> <span class='ocrx_word' id='word_1_202' title='bbox 812 2243 870 2294; x_wconf 92' lang='lat' dir='ltr'><strong>et</strong></span> <span class='ocrx_word' id='word_1_203' title='bbox 897 2239 1196 2294; x_wconf 83' lang='lat' dir='ltr'><strong>ecclesiam</strong></span> <span class='ocrx_word' id='word_1_204' title='bbox 1228 2240 1420 2293; x_wconf 84' lang='lat' dir='ltr'><strong>Sancti</strong></span> <span class='ocrx_word' id='word_1_205' title='bbox 1451 2240 1676 2294; x_wconf 84' lang='lat' dir='ltr'><strong>Martini</strong></span> <span class='ocrx_word' id='word_1_206' title='bbox 1715 2241 1785 2294; x_wconf 90' lang='lat' dir='ltr'><strong>de</strong></span> <span class='ocrx_word' id='word_1_207' title='bbox 1821 2241 1953 2294; x_wconf 90' lang='lat' dir='ltr'><strong>villa</strong></span> <span class='ocrx_word' id='word_1_208' title='bbox 1985 2241 2112 2295; x_wconf 89' lang='lat' dir='ltr'><strong>Pri-</strong></span> 
     </span>
    </p>
   </div>
   <div class='ocr_carea' id='block_1_36' title="bbox 515 2326 2119 2392">
    <p class='ocr_par' dir='ltr' id='par_1_36' title="bbox 515 2326 2119 2392">
     <span class='ocr_line' id='line_1_36' title="bbox 515 2326 2119 2392; baseline 0 -10"><span class='ocrx_word' id='word_1_209' title='bbox 515 2327 737 2392; x_wconf 86' lang='lat' dir='ltr'><strong>nianas,</strong></span> <span class='ocrx_word' id='word_1_210' title='bbox 761 2331 817 2382; x_wconf 91' lang='lat' dir='ltr'><strong>et</strong></span> <span class='ocrx_word' id='word_1_211' title='bbox 847 2326 1146 2382; x_wconf 87' lang='lat' dir='ltr'><strong>ecclesiam</strong></span> <span class='ocrx_word' id='word_1_212' title='bbox 1186 2327 1380 2382; x_wconf 84' lang='lat' dir='ltr'><strong>Sancti</strong></span> <span class='ocrx_word' id='word_1_213' title='bbox 1407 2328 1602 2382; x_wconf 86' lang='lat' dir='ltr'><strong>Jacobi</strong></span> <span class='ocrx_word' id='word_1_214' title='bbox 1632 2345 1762 2382; x_wconf 90' lang='lat' dir='ltr'><strong>cum</strong></span> <span class='ocrx_word' id='word_1_215' title='bbox 1795 2328 2032 2383; x_wconf 87' lang='lat' dir='ltr'><strong>decimis</strong></span> <span class='ocrx_word' id='word_1_216' title='bbox 2061 2332 2119 2382; x_wconf 90' lang='lat' dir='ltr'><strong>et</strong></span> 
     </span>
    </p>
   </div>
   <div class='ocr_carea' id='block_1_37' title="bbox 513 2417 2120 2490">
    <p class='ocr_par' dir='ltr' id='par_1_37' title="bbox 513 2417 2120 2490">
     <span class='ocr_line' id='line_1_37' title="bbox 513 2417 2120 2490; baseline 0 -18"><span class='ocrx_word' id='word_1_217' title='bbox 513 2417 805 2490; x_wconf 85' lang='lat' dir='ltr'><strong>primitiis,</strong></span> <span class='ocrx_word' id='word_1_218' title='bbox 837 2420 895 2472; x_wconf 91' lang='lat' dir='ltr'><strong>et</strong></span> <span class='ocrx_word' id='word_1_219' title='bbox 943 2417 1162 2482; x_wconf 85' lang='lat' dir='ltr'><strong>alodiis,</strong></span> <span class='ocrx_word' id='word_1_220' title='bbox 1197 2417 1680 2472; x_wconf 87' lang='lat' dir='ltr'><strong>redhibitionibus</strong></span> <span class='ocrx_word' id='word_1_221' title='bbox 1705 2417 1954 2485; x_wconf 89' lang='lat' dir='ltr'><strong>illarum,</strong></span> <span class='ocrx_word' id='word_1_222' title='bbox 1988 2419 2120 2472; x_wconf 89' lang='lat' dir='ltr'><strong>hac-</strong></span> 
     </span>
    </p>
   </div>
   <div class='ocr_carea' id='block_1_38' title="bbox 514 2505 2116 2576">
    <p class='ocr_par' dir='ltr' id='par_1_38' title="bbox 514 2505 2116 2576">
     <span class='ocr_line' id='line_1_38' title="bbox 514 2505 2116 2576; baseline -0.001 -14"><span class='ocrx_word' id='word_1_223' title='bbox 514 2509 684 2562; x_wconf 86' lang='lat' dir='ltr'><strong>tenus</strong></span> <span class='ocrx_word' id='word_1_224' title='bbox 711 2510 770 2561; x_wconf 93' lang='lat' dir='ltr'><strong>et</strong></span> <span class='ocrx_word' id='word_1_225' title='bbox 789 2505 1044 2560; x_wconf 90' lang='lat' dir='ltr'><strong>alodium</strong></span> <span class='ocrx_word' id='word_1_226' title='bbox 1077 2505 1147 2559; x_wconf 88' lang='lat' dir='ltr'><strong>de</strong></span> <span class='ocrx_word' id='word_1_227' title='bbox 1170 2506 1298 2560; x_wconf 91' lang='lat' dir='ltr'><strong>villa</strong></span> <span class='ocrx_word' id='word_1_228' title='bbox 1319 2507 1595 2560; x_wconf 78' lang='lat' dir='ltr'><strong>Archanis</strong></span> <span class='ocrx_word' id='word_1_229' title='bbox 1639 2523 1770 2560; x_wconf 90' lang='lat' dir='ltr'><strong>cum</strong></span> <span class='ocrx_word' id='word_1_230' title='bbox 1829 2506 2116 2576; x_wconf 85' lang='lat' dir='ltr'><strong>terminis,</strong></span> 
     </span>
    </p>
   </div>
   <div class='ocr_carea' id='block_1_39' title="bbox 515 2594 2110 2665">
    <p class='ocr_par' dir='ltr' id='par_1_39' title="bbox 515 2594 2110 2665">
     <span class='ocr_line' id='line_1_39' title="bbox 515 2594 2110 2665; baseline 0.001 -17"><span class='ocrx_word' id='word_1_231' title='bbox 515 2598 575 2648; x_wconf 89' lang='lat' dir='ltr'><strong>et</strong></span> <span class='ocrx_word' id='word_1_232' title='bbox 627 2594 834 2648; x_wconf 83' lang='lat' dir='ltr'><strong>finibus</strong></span> <span class='ocrx_word' id='word_1_233' title='bbox 884 2594 1018 2661; x_wconf 87' lang='lat' dir='ltr'><strong>suis,</strong></span> <span class='ocrx_word' id='word_1_234' title='bbox 1050 2610 1258 2664; x_wconf 85' lang='lat' dir='ltr'><strong>nempe</strong></span> <span class='ocrx_word' id='word_1_235' title='bbox 1309 2597 1366 2646; x_wconf 83' lang='lat' dir='ltr'><strong>et</strong></span> <span class='ocrx_word' id='word_1_236' title='bbox 1393 2595 1648 2648; x_wconf 88' lang='lat' dir='ltr'><strong>alodium</strong></span> <span class='ocrx_word' id='word_1_237' title='bbox 1701 2595 1858 2665; x_wconf 90' lang='lat' dir='ltr'><strong>quod</strong></span> <span class='ocrx_word' id='word_1_238' title='bbox 1887 2595 2110 2649; x_wconf 85' lang='lat' dir='ltr'><strong>Wadal-</strong></span> 
     </span>
    </p>
   </div>
   <div class='ocr_carea' id='block_1_40' title="bbox 513 2682 2115 2755">
    <p class='ocr_par' dir='ltr' id='par_1_40' title="bbox 513 2682 2115 2755">
     <span class='ocr_line' id='line_1_40' title="bbox 513 2682 2115 2755; baseline 0.001 -18"><span class='ocrx_word' id='word_1_239' title='bbox 513 2684 600 2737; x_wconf 92' lang='lat' dir='ltr'><strong>lus</strong></span> <span class='ocrx_word' id='word_1_240' title='bbox 637 2683 708 2737; x_wconf 89' lang='lat' dir='ltr'><strong>de</strong></span> <span class='ocrx_word' id='word_1_241' title='bbox 739 2683 944 2737; x_wconf 91' lang='lat' dir='ltr'><strong>eodem</strong></span> <span class='ocrx_word' id='word_1_242' title='bbox 973 2683 1097 2736; x_wconf 90' lang='lat' dir='ltr'><strong>loco</strong></span> <span class='ocrx_word' id='word_1_243' title='bbox 1127 2682 1304 2736; x_wconf 85' lang='lat' dir='ltr'><strong>abbas</strong></span> <span class='ocrx_word' id='word_1_244' title='bbox 1343 2683 1401 2736; x_wconf 90' lang='lat' dir='ltr'><strong>in</strong></span> <span class='ocrx_word' id='word_1_245' title='bbox 1434 2683 1564 2737; x_wconf 90' lang='lat' dir='ltr'><strong>villa</strong></span> <span class='ocrx_word' id='word_1_246' title='bbox 1595 2683 1651 2736; x_wconf 88' lang='lat' dir='ltr'><strong>S.</strong></span> <span class='ocrx_word' id='word_1_247' title='bbox 1691 2683 1886 2737; x_wconf 83' lang='lat' dir='ltr'><strong>Felicis</strong></span> <span class='ocrx_word' id='word_1_248' title='bbox 1917 2684 2115 2755; x_wconf 84' lang='lat' dir='ltr'><strong>acqui—</strong></span> 
     </span>
    </p>
   </div>
   <div class='ocr_carea' id='block_1_41' title="bbox 513 2771 2113 2844">
    <p class='ocr_par' dir='ltr' id='par_1_41' title="bbox 513 2771 2113 2844">
     <span class='ocr_line' id='line_1_41' title="bbox 513 2771 2113 2844; baseline 0.001 -19"><span class='ocrx_word' id='word_1_249' title='bbox 513 2771 642 2826; x_wconf 88' lang='lat' dir='ltr'><strong>sivit</strong></span> <span class='ocrx_word' id='word_1_250' title='bbox 669 2771 783 2825; x_wconf 88' lang='lat' dir='ltr'><strong>sive</strong></span> <span class='ocrx_word' id='word_1_251' title='bbox 835 2787 938 2842; x_wconf 90' lang='lat' dir='ltr'><strong>per</strong></span> <span class='ocrx_word' id='word_1_252' title='bbox 999 2773 1287 2842; x_wconf 87' lang='lat' dir='ltr'><strong>parentes,</strong></span> <span class='ocrx_word' id='word_1_253' title='bbox 1347 2771 1460 2824; x_wconf 87' lang='lat' dir='ltr'><strong>sive</strong></span> <span class='ocrx_word' id='word_1_254' title='bbox 1505 2788 1608 2841; x_wconf 91' lang='lat' dir='ltr'><strong>per</strong></span> <span class='ocrx_word' id='word_1_255' title='bbox 1651 2773 2113 2844; x_wconf 87' lang='lat' dir='ltr'><strong>qualemcunque</strong></span> 
     </span>
    </p>
   </div>
   <div class='ocr_carea' id='block_1_42' title="bbox 511 2859 2105 2932">
    <p class='ocr_par' dir='ltr' id='par_1_42' title="bbox 511 2859 2105 2932">
     <span class='ocr_line' id='line_1_42' title="bbox 511 2859 2105 2932; baseline 0 -16"><span class='ocrx_word' id='word_1_256' title='bbox 511 2877 710 2916; x_wconf 91' lang='lat' dir='ltr'><strong>vocem</strong></span> <span class='ocrx_word' id='word_1_257' title='bbox 741 2876 753 2914; x_wconf 91' lang='lat'>:</span> <span class='ocrx_word' id='word_1_258' title='bbox 786 2859 1051 2914; x_wconf 86' lang='lat' dir='ltr'><strong>similiter</strong></span> <span class='ocrx_word' id='word_1_259' title='bbox 1081 2863 1138 2913; x_wconf 91' lang='lat' dir='ltr'><strong>et</strong></span> <span class='ocrx_word' id='word_1_260' title='bbox 1168 2859 1423 2914; x_wconf 90' lang='lat' dir='ltr'><strong>alodium</strong></span> <span class='ocrx_word' id='word_1_261' title='bbox 1455 2859 1525 2914; x_wconf 88' lang='lat' dir='ltr'><strong>de</strong></span> <span class='ocrx_word' id='word_1_262' title='bbox 1549 2859 1678 2914; x_wconf 90' lang='lat' dir='ltr'><strong>villa</strong></span> <span class='ocrx_word' id='word_1_263' title='bbox 1709 2861 2021 2932; x_wconf 83' lang='lat' dir='ltr'><strong>Regulella,</strong></span> <span class='ocrx_word' id='word_1_264' title='bbox 2045 2865 2105 2917; x_wconf 91' lang='lat' dir='ltr'><strong>et</strong></span> 
     </span>
    </p>
   </div>
   <div class='ocr_carea' id='block_1_43' title="bbox 513 2947 2108 3022">
    <p class='ocr_par' dir='ltr' id='par_1_43' title="bbox 513 2947 2108 3022">
     <span class='ocr_line' id='line_1_43' title="bbox 513 2947 2108 3022; baseline 0.001 -18"><span class='ocrx_word' id='word_1_265' title='bbox 513 2950 666 3022; x_wconf 91' lang='lat' dir='ltr'><strong>quod</strong></span> <span class='ocrx_word' id='word_1_266' title='bbox 702 2950 934 3004; x_wconf 89' lang='lat' dir='ltr'><strong>Pontius</strong></span> <span class='ocrx_word' id='word_1_267' title='bbox 957 2949 1134 3002; x_wconf 86' lang='lat' dir='ltr'><strong>frater</strong></span> <span class='ocrx_word' id='word_1_268' title='bbox 1152 2948 1276 3018; x_wconf 89' lang='lat' dir='ltr'><strong>jam</strong></span> <span class='ocrx_word' id='word_1_269' title='bbox 1289 2947 1422 3002; x_wconf 90' lang='lat' dir='ltr'><strong>dicti</strong></span> <span class='ocrx_word' id='word_1_270' title='bbox 1437 2949 1660 3002; x_wconf 90' lang='lat' dir='ltr'><strong>abbatis</strong></span> <span class='ocrx_word' id='word_1_271' title='bbox 1683 2948 1899 3002; x_wconf 88' lang='lat' dir='ltr'><strong>ibidem</strong></span> <span class='ocrx_word' id='word_1_272' title='bbox 1924 2951 2108 3006; x_wconf 91' lang='lat' dir='ltr'><strong>votive</strong></span> 
     </span>
    </p>
   </div>
   <div class='ocr_carea' id='block_1_44' title="bbox 510 3035 2114 3108">
    <p class='ocr_par' dir='ltr' id='par_1_44' title="bbox 510 3035 2114 3108">
     <span class='ocr_line' id='line_1_44' title="bbox 510 3035 2114 3108; baseline 0.001 -16"><span class='ocrx_word' id='word_1_273' title='bbox 510 3037 862 3108; x_wconf 84' lang='lat' dir='ltr'><strong>subrogavit.</strong></span> <span class='ocrx_word' id='word_1_274' title='bbox 902 3037 1030 3090; x_wconf 71' lang='lat' dir='ltr'><strong>Haec</strong></span> <span class='ocrx_word' id='word_1_275' title='bbox 1061 3035 1260 3090; x_wconf 90' lang='lat' dir='ltr'><strong>omnia</strong></span> <span class='ocrx_word' id='word_1_276' title='bbox 1290 3035 1507 3106; x_wconf 67' lang='lat' dir='ltr'><strong>praedia</strong></span> <span class='ocrx_word' id='word_1_277' title='bbox 1536 3051 1709 3106; x_wconf 86' lang='lat' dir='ltr'><strong>supra</strong></span> <span class='ocrx_word' id='word_1_278' title='bbox 1745 3037 2048 3093; x_wconf 81' lang='lat' dir='ltr'><strong>nominata</strong></span> <span class='ocrx_word' id='word_1_279' title='bbox 2080 3057 2114 3094; x_wconf 90' lang='lat' dir='ltr'><strong>a</strong></span> 
     </span>
    </p>
   </div>
   <div class='ocr_carea' id='block_1_45' title="bbox 510 3124 2110 3196">
    <p class='ocr_par' dir='ltr' id='par_1_45' title="bbox 510 3124 2110 3196">
     <span class='ocr_line' id='line_1_45' title="bbox 510 3124 2110 3196; baseline 0.001 -16"><span class='ocrx_word' id='word_1_280' title='bbox 510 3127 777 3181; x_wconf 80' lang='lat' dir='ltr'><strong>fidelibus</strong></span> <span class='ocrx_word' id='word_1_281' title='bbox 799 3125 876 3179; x_wconf 92' lang='lat' dir='ltr'><strong>ibi</strong></span> <span class='ocrx_word' id='word_1_282' title='bbox 902 3125 1128 3188; x_wconf 87' lang='lat' dir='ltr'><strong>collata,</strong></span> <span class='ocrx_word' id='word_1_283' title='bbox 1151 3124 1238 3178; x_wconf 89' lang='lat' dir='ltr'><strong>vel</strong></span> <span class='ocrx_word' id='word_1_284' title='bbox 1284 3141 1411 3195; x_wconf 67' lang='lat' dir='ltr'><strong>qua:</strong></span> <span class='ocrx_word' id='word_1_285' title='bbox 1443 3124 1712 3196; x_wconf 90' lang='lat' dir='ltr'><strong>deinceps</strong></span> <span class='ocrx_word' id='word_1_286' title='bbox 1765 3125 1981 3180; x_wconf 83' lang='lat' dir='ltr'><strong>fuerint</strong></span> <span class='ocrx_word' id='word_1_287' title='bbox 2017 3144 2110 3181; x_wconf 90' lang='lat' dir='ltr'><strong>ac-</strong></span> 
     </span>
    </p>
   </div>
   <div class='ocr_carea' id='block_1_46' title="bbox 511 3213 2182 3314">
    <p class='ocr_par' dir='ltr' id='par_1_46' title="bbox 511 3213 2182 3314">
     <span class='ocr_line' id='line_1_46' title="bbox 511 3213 2182 3314; baseline 0.001 -47"><span class='ocrx_word' id='word_1_288' title='bbox 511 3214 721 3286; x_wconf 90' lang='lat' dir='ltr'><strong>quisita</strong></span> <span class='ocrx_word' id='word_1_289' title='bbox 750 3230 881 3268; x_wconf 90' lang='lat' dir='ltr'><strong>cum</strong></span> <span class='ocrx_word' id='word_1_290' title='bbox 909 3213 1115 3268; x_wconf 89' lang='lat' dir='ltr'><strong>eodem</strong></span> <span class='ocrx_word' id='word_1_291' title='bbox 1168 3213 1520 3268; x_wconf 84' lang='lat' dir='ltr'><strong>monasterio</strong></span> <span class='ocrx_word' id='word_1_292' title='bbox 1573 3214 1675 3268; x_wconf 85' lang='lat' dir='ltr'><strong>sub</strong></span> <span class='ocrx_word' id='word_1_293' title='bbox 1731 3219 1943 3269; x_wconf 67' lang='lat' dir='ltr'><strong>sancta:</strong></span> <span class='ocrx_word' id='word_1_294' title='bbox 1998 3217 2182 3314; x_wconf 74' lang='lat' dir='ltr'><strong>Ro-C</strong></span> 
     </span>
    </p>
   </div>
   <div class='ocr_carea' id='block_1_47' title="bbox 509 3302 2110 3376">
    <p class='ocr_par' dir='ltr' id='par_1_47' title="bbox 509 3302 2110 3376">
     <span class='ocr_line' id='line_1_47' title="bbox 509 3302 2110 3376; baseline 0 -18"><span class='ocrx_word' id='word_1_295' title='bbox 509 3319 700 3360; x_wconf 69' lang='lat' dir='ltr'><strong>manas</strong></span> <span class='ocrx_word' id='word_1_296' title='bbox 737 3303 998 3358; x_wconf 71' lang='lat' dir='ltr'><strong>Ecclesia:</strong></span> <span class='ocrx_word' id='word_1_297' title='bbox 1030 3305 1088 3356; x_wconf 92' lang='lat' dir='ltr'><strong>et</strong></span> <span class='ocrx_word' id='word_1_298' title='bbox 1119 3306 1328 3356; x_wconf 81' lang='lat' dir='ltr'><strong>nostrae</strong></span> <span class='ocrx_word' id='word_1_299' title='bbox 1360 3302 1510 3356; x_wconf 83' lang='lat' dir='ltr'><strong>sedis</strong></span> <span class='ocrx_word' id='word_1_300' title='bbox 1543 3304 1871 3375; x_wconf 53' lang='lat' dir='ltr'><strong>apostolicae</strong></span> <span class='ocrx_word' id='word_1_301' title='bbox 1903 3305 2110 3376; x_wconf 84' lang='lat' dir='ltr'><strong>recipi-</strong></span> 
     </span>
    </p>
   </div>
   <div class='ocr_carea' id='block_1_48' title="bbox 507 3389 2113 3464">
    <p class='ocr_par' dir='ltr' id='par_1_48' title="bbox 507 3389 2113 3464">
     <span class='ocr_line' id='line_1_48' title="bbox 507 3389 2113 3464; baseline 0 -18"><span class='ocrx_word' id='word_1_302' title='bbox 507 3405 637 3446; x_wconf 89' lang='lat' dir='ltr'><strong>mus</strong></span> <span class='ocrx_word' id='word_1_303' title='bbox 667 3389 1012 3457; x_wconf 89' lang='lat' dir='ltr'><strong>munimine,</strong></span> <span class='ocrx_word' id='word_1_304' title='bbox 1055 3391 1162 3444; x_wconf 86' lang='lat' dir='ltr'><strong>hoc</strong></span> <span class='ocrx_word' id='word_1_305' title='bbox 1212 3393 1529 3444; x_wconf 88' lang='lat' dir='ltr'><strong>statuentes</strong></span> <span class='ocrx_word' id='word_1_306' title='bbox 1558 3394 1621 3444; x_wconf 92' lang='lat' dir='ltr'><strong>ut</strong></span> <span class='ocrx_word' id='word_1_307' title='bbox 1653 3391 1924 3464; x_wconf 86' lang='lat' dir='ltr'><strong>deinceps</strong></span> <span class='ocrx_word' id='word_1_308' title='bbox 1956 3393 2113 3446; x_wconf 89' lang='lat' dir='ltr'><strong>nulla</strong></span> 
     </span>
    </p>
   </div>
   <div class='ocr_carea' id='block_1_49' title="bbox 507 3479 2114 3553">
    <p class='ocr_par' dir='ltr' id='par_1_49' title="bbox 507 3479 2114 3553">
     <span class='ocr_line' id='line_1_49' title="bbox 507 3479 2114 3553; baseline 0 -19"><span class='ocrx_word' id='word_1_309' title='bbox 507 3495 767 3553; x_wconf 89' lang='lat' dir='ltr'><strong>unquam</strong></span> <span class='ocrx_word' id='word_1_310' title='bbox 797 3480 1102 3550; x_wconf 85' lang='lat' dir='ltr'><strong>subrogata</strong></span> <span class='ocrx_word' id='word_1_311' title='bbox 1127 3495 1376 3550; x_wconf 88' lang='lat' dir='ltr'><strong>persona</strong></span> <span class='ocrx_word' id='word_1_312' title='bbox 1390 3479 1694 3551; x_wconf 69' lang='lat' dir='ltr'><strong>przefalam</strong></span> <span class='ocrx_word' id='word_1_313' title='bbox 1718 3479 2016 3534; x_wconf 90' lang='lat' dir='ltr'><strong>ecclesiam</strong></span> <span class='ocrx_word' id='word_1_314' title='bbox 2033 3483 2114 3535; x_wconf 89' lang='lat' dir='ltr'><strong>at-</strong></span> 
     </span>
    </p>
   </div>
   <div class='ocr_carea' id='block_1_50' title="bbox 507 3567 2109 3642">
    <p class='ocr_par' dir='ltr' id='par_1_50' title="bbox 507 3567 2109 3642">
     <span class='ocr_line' id='line_1_50' title="bbox 507 3567 2109 3642; baseline -0.001 -18"><span class='ocrx_word' id='word_1_315' title='bbox 507 3585 620 3642; x_wconf 90' lang='lat' dir='ltr'><strong>que</strong></span> <span class='ocrx_word' id='word_1_316' title='bbox 653 3567 1070 3624; x_wconf 80' lang='lat' dir='ltr'><strong>monasterium</strong></span> <span class='ocrx_word' id='word_1_317' title='bbox 1102 3584 1232 3622; x_wconf 91' lang='lat' dir='ltr'><strong>cum</strong></span> <span class='ocrx_word' id='word_1_318' title='bbox 1259 3568 1372 3622; x_wconf 90' lang='lat' dir='ltr'><strong>suis</strong></span> <span class='ocrx_word' id='word_1_319' title='bbox 1405 3569 1673 3623; x_wconf 90' lang='lat' dir='ltr'><strong>omnibus</strong></span> <span class='ocrx_word' id='word_1_320' title='bbox 1697 3585 1870 3640; x_wconf 87' lang='lat' dir='ltr'><strong>supra</strong></span> <span class='ocrx_word' id='word_1_321' title='bbox 1901 3569 2109 3623; x_wconf 85' lang='lat' dir='ltr'><strong>taxatis</strong></span> 
     </span>
    </p>
   </div>
   <div class='ocr_carea' id='block_1_51' title="bbox 507 3655 2112 3729">
    <p class='ocr_par' dir='ltr' id='par_1_51' title="bbox 507 3655 2112 3729">
     <span class='ocr_line' id='line_1_51' title="bbox 507 3655 2112 3729; baseline -0.001 -17"><span class='ocrx_word' id='word_1_322' title='bbox 507 3658 612 3712; x_wconf 86' lang='lat' dir='ltr'><strong>sub</strong></span> <span class='ocrx_word' id='word_1_323' title='bbox 632 3657 763 3729; x_wconf 86' lang='lat' dir='ltr'><strong>jure</strong></span> <span class='ocrx_word' id='word_1_324' title='bbox 789 3655 1023 3711; x_wconf 87' lang='lat' dir='ltr'><strong>alterius</strong></span> <span class='ocrx_word' id='word_1_325' title='bbox 1037 3656 1289 3710; x_wconf 68' lang='lat' dir='ltr'><strong>ecclesia:</strong></span> <span class='ocrx_word' id='word_1_326' title='bbox 1303 3673 1434 3710; x_wconf 91' lang='lat' dir='ltr'><strong>eam</strong></span> <span class='ocrx_word' id='word_1_327' title='bbox 1463 3659 1776 3728; x_wconf 85' lang='lat' dir='ltr'><strong>subjugare</strong></span> <span class='ocrx_word' id='word_1_328' title='bbox 1798 3660 2112 3728; x_wconf 63' lang='lat' dir='ltr'><strong>praesumat</strong></span> 
     </span>
    </p>
   </div>
   <div class='ocr_carea' id='block_1_52' title="bbox 510 3746 2110 3818">
    <p class='ocr_par' dir='ltr' id='par_1_52' title="bbox 510 3746 2110 3818">
     <span class='ocr_line' id='line_1_52' title="bbox 510 3746 2110 3818; baseline 0 -17"><span class='ocrx_word' id='word_1_329' title='bbox 510 3763 704 3818; x_wconf 90' lang='lat' dir='ltr'><strong>neque</strong></span> <span class='ocrx_word' id='word_1_330' title='bbox 736 3747 973 3818; x_wconf 88' lang='lat' dir='ltr'><strong>placitos</strong></span> <span class='ocrx_word' id='word_1_331' title='bbox 993 3746 1269 3816; x_wconf 89' lang='lat' dir='ltr'><strong>publicos,</strong></span> <span class='ocrx_word' id='word_1_332' title='bbox 1291 3747 1406 3800; x_wconf 88' lang='lat' dir='ltr'><strong>sive</strong></span> <span class='ocrx_word' id='word_1_333' title='bbox 1424 3763 1526 3818; x_wconf 90' lang='lat' dir='ltr'><strong>per</strong></span> <span class='ocrx_word' id='word_1_334' title='bbox 1537 3746 1872 3813; x_wconf 90' lang='lat' dir='ltr'><strong>homicidia,</strong></span> <span class='ocrx_word' id='word_1_335' title='bbox 1895 3747 1983 3800; x_wconf 87' lang='lat' dir='ltr'><strong>vel</strong></span> <span class='ocrx_word' id='word_1_336' title='bbox 2004 3763 2110 3818; x_wconf 92' lang='lat' dir='ltr'><strong>pro</strong></span> 
     </span>
    </p>
   </div>
   <div class='ocr_carea' id='block_1_53' title="bbox 510 3833 2113 3907">
    <p class='ocr_par' dir='ltr' id='par_1_53' title="bbox 510 3833 2113 3907">
     <span class='ocr_line' id='line_1_53' title="bbox 510 3833 2113 3907; baseline 0 -18"><span class='ocrx_word' id='word_1_337' title='bbox 510 3835 896 3907; x_wconf 87' lang='lat' dir='ltr'><strong>cujuscunque</strong></span> <span class='ocrx_word' id='word_1_338' title='bbox 927 3835 1094 3905; x_wconf 91' lang='lat' dir='ltr'><strong>culpa</strong></span> <span class='ocrx_word' id='word_1_339' title='bbox 1121 3834 1307 3888; x_wconf 89' lang='lat' dir='ltr'><strong>valeat</strong></span> <span class='ocrx_word' id='word_1_340' title='bbox 1332 3850 1610 3906; x_wconf 85' lang='lat' dir='ltr'><strong>peragere</strong></span> <span class='ocrx_word' id='word_1_341' title='bbox 1635 3834 1722 3888; x_wconf 89' lang='lat' dir='ltr'><strong>vel</strong></span> <span class='ocrx_word' id='word_1_342' title='bbox 1750 3833 2113 3890; x_wconf 86' lang='lat' dir='ltr'><strong>functiouem</strong></span> 
     </span>
    </p>
   </div>
   <div class='ocr_carea' id='block_1_54' title="bbox 511 3921 2117 3996">
    <p class='ocr_par' dir='ltr' id='par_1_54' title="bbox 511 3921 2117 3996">
     <span class='ocr_line' id='line_1_54' title="bbox 511 3921 2117 3996; baseline -0.001 -16"><span class='ocrx_word' id='word_1_343' title='bbox 511 3923 627 3980; x_wconf 88' lang='lat' dir='ltr'><strong>sive</strong></span> <span class='ocrx_word' id='word_1_344' title='bbox 649 3924 969 3996; x_wconf 89' lang='lat' dir='ltr'><strong>temporale</strong></span> <span class='ocrx_word' id='word_1_345' title='bbox 985 3921 1278 3976; x_wconf 87' lang='lat' dir='ltr'><strong>servitium</strong></span> <span class='ocrx_word' id='word_1_346' title='bbox 1299 3937 1365 3974; x_wconf 83' lang='lat' dir='ltr'><strong>ex</strong></span> <span class='ocrx_word' id='word_1_347' title='bbox 1389 3922 1594 3976; x_wconf 90' lang='lat' dir='ltr'><strong>eodem</strong></span> <span class='ocrx_word' id='word_1_348' title='bbox 1622 3923 1973 3979; x_wconf 87' lang='lat' dir='ltr'><strong>monasterio</strong></span> <span class='ocrx_word' id='word_1_349' title='bbox 2005 3923 2117 3978; x_wconf 85' lang='lat' dir='ltr'><strong>exi-</strong></span> 
     </span>
    </p>
   </div>
   <div class='ocr_carea' id='block_1_55' title="bbox 515 4009 2116 4085">
    <p class='ocr_par' dir='ltr' id='par_1_55' title="bbox 515 4009 2116 4085">
     <span class='ocr_line' id='line_1_55' title="bbox 515 4009 2116 4085; baseline -0.001 -17"><span class='ocrx_word' id='word_1_350' title='bbox 515 4029 680 4085; x_wconf 83' lang='lat' dir='ltr'><strong>gere;</strong></span> <span class='ocrx_word' id='word_1_351' title='bbox 713 4012 812 4066; x_wconf 88' lang='lat' dir='ltr'><strong>sed</strong></span> <span class='ocrx_word' id='word_1_352' title='bbox 842 4011 1010 4064; x_wconf 90' lang='lat' dir='ltr'><strong>liceat</strong></span> <span class='ocrx_word' id='word_1_353' title='bbox 1059 4009 1253 4063; x_wconf 88' lang='lat' dir='ltr'><strong>abbati</strong></span> <span class='ocrx_word' id='word_1_354' title='bbox 1292 4009 1556 4080; x_wconf 78' lang='lat' dir='ltr'><strong>praefato,</strong></span> <span class='ocrx_word' id='word_1_355' title='bbox 1596 4013 1653 4064; x_wconf 94' lang='lat' dir='ltr'><strong>et</strong></span> <span class='ocrx_word' id='word_1_356' title='bbox 1690 4012 2116 4068; x_wconf 89' lang='lat' dir='ltr'><strong>successoribus</strong></span> 
     </span>
    </p>
   </div>
   <div class='ocr_carea' id='block_1_56' title="bbox 515 4096 2114 4172">
    <p class='ocr_par' dir='ltr' id='par_1_56' title="bbox 515 4096 2114 4172">
     <span class='ocr_line' id='line_1_56' title="bbox 515 4096 2114 4172; baseline 0.001 -17"><span class='ocrx_word' id='word_1_357' title='bbox 515 4101 632 4156; x_wconf 90' lang='lat' dir='ltr'><strong>suis</strong></span> <span class='ocrx_word' id='word_1_358' title='bbox 659 4101 762 4154; x_wconf 90' lang='lat' dir='ltr'><strong>sub</strong></span> <span class='ocrx_word' id='word_1_359' title='bbox 790 4102 1001 4153; x_wconf 80' lang='lat' dir='ltr'><strong>nostrae</strong></span> <span class='ocrx_word' id='word_1_360' title='bbox 1039 4096 1412 4152; x_wconf 88' lang='lat' dir='ltr'><strong>institutionis</strong></span> <span class='ocrx_word' id='word_1_361' title='bbox 1431 4099 1662 4154; x_wconf 88' lang='lat' dir='ltr'><strong>servitio</strong></span> <span class='ocrx_word' id='word_1_362' title='bbox 1684 4099 1875 4172; x_wconf 86' lang='lat' dir='ltr'><strong>quiete</strong></span> <span class='ocrx_word' id='word_1_363' title='bbox 1903 4102 2114 4171; x_wconf 89' lang='lat' dir='ltr'><strong>vivere,</strong></span> 
     </span>
    </p>
   </div>
   <div class='ocr_carea' id='block_1_57' title="bbox 519 4187 2118 4262">
    <p class='ocr_par' dir='ltr' id='par_1_57' title="bbox 519 4187 2118 4262">
     <span class='ocr_line' id='line_1_57' title="bbox 519 4187 2118 4262; baseline 0.003 -19"><span class='ocrx_word' id='word_1_364' title='bbox 519 4205 626 4244; x_wconf 89' lang='lat' dir='ltr'><strong>nec</strong></span> <span class='ocrx_word' id='word_1_365' title='bbox 655 4188 884 4243; x_wconf 88' lang='lat' dir='ltr'><strong>licentia</strong></span> <span class='ocrx_word' id='word_1_366' title='bbox 913 4188 984 4241; x_wconf 86' lang='lat' dir='ltr'><strong>sit</strong></span> <span class='ocrx_word' id='word_1_367' title='bbox 1007 4187 1274 4259; x_wconf 89' lang='lat' dir='ltr'><strong>cuiquam</strong></span> <span class='ocrx_word' id='word_1_368' title='bbox 1289 4204 1516 4259; x_wconf 69' lang='lat' dir='ltr'><strong>magna:</strong></span> <span class='ocrx_word' id='word_1_369' title='bbox 1530 4205 1834 4262; x_wconf 63' lang='lat' dir='ltr'><strong>parvaeque</strong></span> <span class='ocrx_word' id='word_1_370' title='bbox 1855 4207 2118 4262; x_wconf 64' lang='lat' dir='ltr'><strong>personas</strong></span> 
     </span>
    </p>
   </div>
   <div class='ocr_carea' id='block_1_58' title="bbox 521 4275 2119 4352">
    <p class='ocr_par' dir='ltr' id='par_1_58' title="bbox 521 4275 2119 4352">
     <span class='ocr_line' id='line_1_58' title="bbox 521 4275 2119 4352; baseline 0.001 -18"><span class='ocrx_word' id='word_1_371' title='bbox 521 4295 591 4334; x_wconf 83' lang='lat' dir='ltr'><strong>ex</strong></span> <span class='ocrx_word' id='word_1_372' title='bbox 617 4277 740 4348; x_wconf 87' lang='lat' dir='ltr'><strong>ejus</strong></span> <span class='ocrx_word' id='word_1_373' title='bbox 790 4277 960 4332; x_wconf 89' lang='lat' dir='ltr'><strong>rebus</strong></span> <span class='ocrx_word' id='word_1_374' title='bbox 984 4275 1366 4350; x_wconf 87' lang='lat' dir='ltr'><strong>omnibusque</strong></span> <span class='ocrx_word' id='word_1_375' title='bbox 1392 4277 1464 4332; x_wconf 90' lang='lat' dir='ltr'><strong>ad</strong></span> <span class='ocrx_word' id='word_1_376' title='bbox 1521 4295 1654 4334; x_wconf 90' lang='lat' dir='ltr'><strong>eum</strong></span> <span class='ocrx_word' id='word_1_377' title='bbox 1695 4280 2119 4352; x_wconf 89' lang='lat' dir='ltr'><strong>pertinentibus</strong></span> 
     </span>
    </p>
   </div>
   <div class='ocr_carea' id='block_1_59' title="bbox 522 4366 2120 4442">
    <p class='ocr_par' dir='ltr' id='par_1_59' title="bbox 522 4366 2120 4442">
     <span class='ocr_line' id='line_1_59' title="bbox 522 4366 2120 4442; baseline 0.001 -18"><span class='ocrx_word' id='word_1_378' title='bbox 522 4367 727 4424; x_wconf 84' lang='lat' dir='ltr'><strong>exinde</strong></span> <span class='ocrx_word' id='word_1_379' title='bbox 742 4366 990 4435; x_wconf 75' lang='lat' dir='ltr'><strong>auferre,</strong></span> <span class='ocrx_word' id='word_1_380' title='bbox 1005 4366 1107 4422; x_wconf 89' lang='lat' dir='ltr'><strong>sed</strong></span> <span class='ocrx_word' id='word_1_381' title='bbox 1128 4366 1328 4422; x_wconf 89' lang='lat' dir='ltr'><strong>omnia</strong></span> <span class='ocrx_word' id='word_1_382' title='bbox 1347 4366 1406 4421; x_wconf 92' lang='lat' dir='ltr'><strong>in</strong></span> <span class='ocrx_word' id='word_1_383' title='bbox 1434 4367 1641 4424; x_wconf 88' lang='lat' dir='ltr'><strong>eodem</strong></span> <span class='ocrx_word' id='word_1_384' title='bbox 1673 4370 1797 4425; x_wconf 92' lang='lat' dir='ltr'><strong>loco</strong></span> <span class='ocrx_word' id='word_1_385' title='bbox 1817 4386 1923 4442; x_wconf 90' lang='lat' dir='ltr'><strong>per</strong></span> <span class='ocrx_word' id='word_1_386' title='bbox 1937 4371 2120 4426; x_wconf 91' lang='lat' dir='ltr'><strong>nostri</strong></span> 
     </span>
    </p>
   </div>
   <div class='ocr_carea' id='block_1_60' title="bbox 517 4455 2116 4531">
    <p class='ocr_par' dir='ltr' id='par_1_60' title="bbox 517 4455 2116 4531">
     <span class='ocr_line' id='line_1_60' title="bbox 517 4455 2116 4531; baseline 0.002 -18"><span class='ocrx_word' id='word_1_387' title='bbox 517 4457 800 4531; x_wconf 86' lang='lat' dir='ltr'><strong>privilegii</strong></span> <span class='ocrx_word' id='word_1_388' title='bbox 825 4455 1227 4512; x_wconf 88' lang='lat' dir='ltr'><strong>auctoritatem</strong></span> <span class='ocrx_word' id='word_1_389' title='bbox 1249 4457 1581 4528; x_wconf 89' lang='lat' dir='ltr'><strong>perenniter</strong></span> <span class='ocrx_word' id='word_1_390' title='bbox 1601 4463 1878 4513; x_wconf 90' lang='lat' dir='ltr'><strong>maneant</strong></span> <span class='ocrx_word' id='word_1_391' title='bbox 1895 4458 2116 4518; x_wconf 87' lang='lat' dir='ltr'><strong>dotata.</strong></span> 
     </span>
    </p>
   </div>
   <div class='ocr_carea' id='block_1_61' title="bbox 2215 2061 3792 2138">
    <p class='ocr_par' dir='ltr' id='par_1_61' title="bbox 2215 2061 3792 2138">
     <span class='ocr_line' id='line_1_61' title="bbox 2215 2061 3792 2138; baseline 0.004 -24"><span class='ocrx_word' id='word_1_392' title='bbox 2215 2061 2500 2116; x_wconf 87' lang='lat' dir='ltr'><strong>ctionibus</strong></span> <span class='ocrx_word' id='word_1_393' title='bbox 2529 2061 2906 2116; x_wconf 84' lang='lat' dir='ltr'><strong>corroborare</strong></span> <span class='ocrx_word' id='word_1_394' title='bbox 2932 2066 3318 2134; x_wconf 91' lang='lat' dir='ltr'><strong>:quapropter</strong></span> <span class='ocrx_word' id='word_1_395' title='bbox 3347 2081 3475 2132; x_wconf 91' lang='lat' dir='ltr'><strong>nos,</strong></span> <span class='ocrx_word' id='word_1_396' title='bbox 3499 2066 3596 2138; x_wconf 91' lang='lat' dir='ltr'><strong>qui</strong></span> <span class='ocrx_word' id='word_1_397' title='bbox 3616 2083 3792 2122; x_wconf 88' lang='lat' dir='ltr'><strong>eorum</strong></span> 
     </span>
    </p>
   </div>
   <div class='ocr_carea' id='block_1_62' title="bbox 2217 2148 3794 2226">
    <p class='ocr_par' dir='ltr' id='par_1_62' title="bbox 2217 2148 3794 2226">
     <span class='ocr_line' id='line_1_62' title="bbox 2217 2148 3794 2226; baseline 0.005 -24"><span class='ocrx_word' id='word_1_398' title='bbox 2217 2148 2785 2220; x_wconf 82' lang='lat' dir='ltr'><strong>gestamusinfulam,</strong></span> <span class='ocrx_word' id='word_1_399' title='bbox 2805 2149 3036 2204; x_wconf 91' lang='lat' dir='ltr'><strong>illorum</strong></span> <span class='ocrx_word' id='word_1_400' title='bbox 3057 2151 3254 2222; x_wconf 89' lang='lat' dir='ltr'><strong>utique</strong></span> <span class='ocrx_word' id='word_1_401' title='bbox 3284 2155 3550 2208; x_wconf 91' lang='lat' dir='ltr'><strong>volumus</strong></span> <span class='ocrx_word' id='word_1_402' title='bbox 3584 2155 3794 2226; x_wconf 80' lang='lat' dir='ltr'><strong>vestigia</strong></span> 
     </span>
    </p>
   </div>
   <div class='ocr_carea' id='block_1_63' title="bbox 2217 2237 3794 2308">
    <p class='ocr_par' dir='ltr' id='par_1_63' title="bbox 2217 2237 3794 2308">
     <span class='ocr_line' id='line_1_63' title="bbox 2217 2237 3794 2308; baseline 0.004 -17"><span class='ocrx_word' id='word_1_403' title='bbox 2217 2238 2398 2308; x_wconf 89' lang='lat' dir='ltr'><strong>sequi,</strong></span> <span class='ocrx_word' id='word_1_404' title='bbox 2428 2240 2490 2291; x_wconf 90' lang='lat' dir='ltr'><strong>ut</strong></span> <span class='ocrx_word' id='word_1_405' title='bbox 2522 2253 2724 2293; x_wconf 90' lang='lat' dir='ltr'><strong>omnes</strong></span> <span class='ocrx_word' id='word_1_406' title='bbox 2745 2237 3005 2292; x_wconf 89' lang='lat' dir='ltr'><strong>videlicet</strong></span> <span class='ocrx_word' id='word_1_407' title='bbox 3027 2239 3292 2294; x_wconf 88' lang='lat' dir='ltr'><strong>homines</strong></span> <span class='ocrx_word' id='word_1_408' title='bbox 3315 2241 3420 2295; x_wconf 88' lang='lat' dir='ltr'><strong>sub</strong></span> <span class='ocrx_word' id='word_1_409' title='bbox 3442 2242 3650 2298; x_wconf 73' lang='lat' dir='ltr'><strong>nostris</strong></span> <span class='ocrx_word' id='word_1_410' title='bbox 3674 2248 3794 2298; x_wconf 85' lang='lat' dir='ltr'><strong>tem-</strong></span> 
     </span>
    </p>
   </div>
   <div class='ocr_carea' id='block_1_64' title="bbox 2217 2325 3792 2400">
    <p class='ocr_par' dir='ltr' id='par_1_64' title="bbox 2217 2325 3792 2400">
     <span class='ocr_line' id='line_1_64' title="bbox 2217 2325 3792 2400; baseline 0.003 -18"><span class='ocrx_word' id='word_1_411' title='bbox 2217 2327 2451 2400; x_wconf 85' lang='lat' dir='ltr'><strong>poribus</strong></span> <span class='ocrx_word' id='word_1_412' title='bbox 2473 2342 2506 2380; x_wconf 89' lang='lat' dir='ltr'><strong>a</strong></span> <span class='ocrx_word' id='word_1_413' title='bbox 2537 2327 2652 2381; x_wconf 93' lang='lat' dir='ltr'><strong>Deo</strong></span> <span class='ocrx_word' id='word_1_414' title='bbox 2673 2325 2940 2380; x_wconf 88' lang='lat' dir='ltr'><strong>constitui</strong></span> <span class='ocrx_word' id='word_1_415' title='bbox 2962 2327 3274 2397; x_wconf 86' lang='lat' dir='ltr'><strong>gaudeant,</strong></span> <span class='ocrx_word' id='word_1_416' title='bbox 3307 2333 3365 2383; x_wconf 89' lang='lat' dir='ltr'><strong>et</strong></span> <span class='ocrx_word' id='word_1_417' title='bbox 3377 2331 3497 2385; x_wconf 90' lang='lat' dir='ltr'><strong>Deo</strong></span> <span class='ocrx_word' id='word_1_418' title='bbox 3511 2333 3792 2387; x_wconf 85' lang='lat' dir='ltr'><strong>auxiliante</strong></span> 
     </span>
    </p>
   </div>
   <div class='ocr_carea' id='block_1_65' title="bbox 2217 2415 3793 2488">
    <p class='ocr_par' dir='ltr' id='par_1_65' title="bbox 2217 2415 3793 2488">
     <span class='ocr_line' id='line_1_65' title="bbox 2217 2415 3793 2488; baseline 0.003 -17"><span class='ocrx_word' id='word_1_419' title='bbox 2217 2415 2552 2488; x_wconf 86' lang='lat' dir='ltr'><strong>perenniter</strong></span> <span class='ocrx_word' id='word_1_420' title='bbox 2579 2430 2794 2468; x_wconf 89' lang='lat' dir='ltr'><strong>nomen</strong></span> <span class='ocrx_word' id='word_1_421' title='bbox 2831 2418 3003 2468; x_wconf 67' lang='lat' dir='ltr'><strong>tanta:</strong></span> <span class='ocrx_word' id='word_1_422' title='bbox 3027 2415 3323 2487; x_wconf 80' lang='lat' dir='ltr'><strong>dignitatis</strong></span> <span class='ocrx_word' id='word_1_423' title='bbox 3347 2417 3545 2482; x_wconf 90' lang='lat' dir='ltr'><strong>decus,</strong></span> <span class='ocrx_word' id='word_1_424' title='bbox 3574 2423 3631 2474; x_wconf 92' lang='lat' dir='ltr'><strong>et</strong></span> <span class='ocrx_word' id='word_1_425' title='bbox 3665 2437 3793 2476; x_wconf 86' lang='lat' dir='ltr'><strong>com-</strong></span> 
     </span>
    </p>
   </div>
   <div class='ocr_carea' id='block_1_66' title="bbox 2217 2501 3794 2573">
    <p class='ocr_par' dir='ltr' id='par_1_66' title="bbox 2217 2501 3794 2573">
     <span class='ocr_line' id='line_1_66' title="bbox 2217 2501 3794 2573; baseline 0.004 -16"><span class='ocrx_word' id='word_1_426' title='bbox 2217 2504 2391 2558; x_wconf 87' lang='lat' dir='ltr'><strong>moda</strong></span> <span class='ocrx_word' id='word_1_427' title='bbox 2415 2504 2623 2557; x_wconf 87' lang='lat' dir='ltr'><strong>ferant.</strong></span> <span class='ocrx_word' id='word_1_428' title='bbox 2659 2503 2790 2557; x_wconf 87' lang='lat' dir='ltr'><strong>Ideo</strong></span> <span class='ocrx_word' id='word_1_429' title='bbox 2823 2501 2957 2573; x_wconf 90' lang='lat' dir='ltr'><strong>quia</strong></span> <span class='ocrx_word' id='word_1_430' title='bbox 2999 2503 3223 2558; x_wconf 86' lang='lat' dir='ltr'><strong>Christo</strong></span> <span class='ocrx_word' id='word_1_431' title='bbox 3255 2503 3634 2570; x_wconf 84' lang='lat' dir='ltr'><strong>distribuente</strong></span> <span class='ocrx_word' id='word_1_432' title='bbox 3661 2511 3794 2564; x_wconf 89' lang='lat' dir='ltr'><strong>Petri</strong></span> 
     </span>
    </p>
   </div>
   <div class='ocr_carea' id='block_1_67' title="bbox 2217 2591 3789 2668">
    <p class='ocr_par' dir='ltr' id='par_1_67' title="bbox 2217 2591 3789 2668">
     <span class='ocr_line' id='line_1_67' title="bbox 2217 2591 3789 2668; baseline 0.005 -23"><span class='ocrx_word' id='word_1_433' title='bbox 2217 2591 2492 2664; x_wconf 88' lang='lat' dir='ltr'><strong>principis</strong></span> <span class='ocrx_word' id='word_1_434' title='bbox 2525 2591 2918 2661; x_wconf 91' lang='lat' dir='ltr'><strong>apostolorum</strong></span> <span class='ocrx_word' id='word_1_435' title='bbox 2949 2591 3133 2647; x_wconf 91' lang='lat' dir='ltr'><strong>vicem</strong></span> <span class='ocrx_word' id='word_1_436' title='bbox 3169 2596 3486 2664; x_wconf 87' lang='lat' dir='ltr'><strong>gestamus,</strong></span> <span class='ocrx_word' id='word_1_437' title='bbox 3521 2596 3628 2652; x_wconf 87' lang='lat' dir='ltr'><strong>hoc</strong></span> <span class='ocrx_word' id='word_1_438' title='bbox 3657 2598 3789 2668; x_wconf 88' lang='lat' dir='ltr'><strong>quod</strong></span> 
     </span>
    </p>
   </div>
   <div class='ocr_carea' id='block_1_68' title="bbox 2215 2680 3794 2752">
    <p class='ocr_par' dir='ltr' id='par_1_68' title="bbox 2215 2680 3794 2752">
     <span class='ocr_line' id='line_1_68' title="bbox 2215 2680 3794 2752; baseline 0.004 -18"><span class='ocrx_word' id='word_1_439' title='bbox 2215 2681 2456 2734; x_wconf 85' lang='lat' dir='ltr'><strong>facimus</strong></span> <span class='ocrx_word' id='word_1_440' title='bbox 2507 2680 2904 2734; x_wconf 90' lang='lat' dir='ltr'><strong>inconvulsum</strong></span> <span class='ocrx_word' id='word_1_441' title='bbox 2955 2697 3195 2736; x_wconf 90' lang='lat' dir='ltr'><strong>manere</strong></span> <span class='ocrx_word' id='word_1_442' title='bbox 3249 2684 3535 2752; x_wconf 89' lang='lat' dir='ltr'><strong>volumus,</strong></span> <span class='ocrx_word' id='word_1_443' title='bbox 3569 2689 3626 2740; x_wconf 90' lang='lat' dir='ltr'><strong>ut</strong></span> <span class='ocrx_word' id='word_1_444' title='bbox 3653 2687 3794 2740; x_wconf 88' lang='lat' dir='ltr'><strong>nulla</strong></span> 
     </span>
    </p>
   </div>
   <div class='ocr_carea' id='block_1_69' title="bbox 2215 2769 3792 2842">
    <p class='ocr_par' dir='ltr' id='par_1_69' title="bbox 2215 2769 3792 2842">
     <span class='ocr_line' id='line_1_69' title="bbox 2215 2769 3792 2842; baseline 0.003 -19"><span class='ocrx_word' id='word_1_445' title='bbox 2215 2769 2429 2823; x_wconf 89' lang='lat' dir='ltr'><strong>laicalis</strong></span> <span class='ocrx_word' id='word_1_446' title='bbox 2458 2785 2706 2840; x_wconf 90' lang='lat' dir='ltr'><strong>persona</strong></span> <span class='ocrx_word' id='word_1_447' title='bbox 2750 2786 2851 2823; x_wconf 89' lang='lat' dir='ltr'><strong>seu</strong></span> <span class='ocrx_word' id='word_1_448' title='bbox 2903 2769 3306 2842; x_wconf 90' lang='lat' dir='ltr'><strong>episcoporum</strong></span> <span class='ocrx_word' id='word_1_449' title='bbox 3341 2773 3430 2826; x_wconf 88' lang='lat' dir='ltr'><strong>vel</strong></span> <span class='ocrx_word' id='word_1_450' title='bbox 3477 2773 3792 2829; x_wconf 86' lang='lat' dir='ltr'><strong>clericorum</strong></span> 
     </span>
    </p>
   </div>
   <div class='ocr_carea' id='block_1_70' title="bbox 2216 2857 3789 2928">
    <p class='ocr_par' dir='ltr' id='par_1_70' title="bbox 2216 2857 3789 2928">
     <span class='ocr_line' id='line_1_70' title="bbox 2216 2857 3789 2928; baseline 0.003 -18"><span class='ocrx_word' id='word_1_451' title='bbox 2216 2857 2427 2911; x_wconf 89' lang='lat' dir='ltr'><strong>nostris</strong></span> <span class='ocrx_word' id='word_1_452' title='bbox 2485 2857 2672 2911; x_wconf 90' lang='lat' dir='ltr'><strong>obstet</strong></span> <span class='ocrx_word' id='word_1_453' title='bbox 2720 2857 3020 2928; x_wconf 58' lang='lat' dir='ltr'><strong>praeceptis</strong></span> <span class='ocrx_word' id='word_1_454' title='bbox 3069 2862 3168 2912; x_wconf 90' lang='lat' dir='ltr'><strong>aut</strong></span> <span class='ocrx_word' id='word_1_455' title='bbox 3214 2860 3590 2928; x_wconf 86' lang='lat' dir='ltr'><strong>contradicat,</strong></span> <span class='ocrx_word' id='word_1_456' title='bbox 3653 2878 3717 2916; x_wconf 86' lang='lat' dir='ltr'><strong>ne</strong></span> <span class='ocrx_word' id='word_1_457' title='bbox 3739 2861 3789 2914; x_wconf 92' lang='lat' dir='ltr'><strong>in</strong></span> 
     </span>
    </p>
   </div>
   <div class='ocr_carea' id='block_1_71' title="bbox 2213 2945 3782 3022">
    <p class='ocr_par' dir='ltr' id='par_1_71' title="bbox 2213 2945 3782 3022">
     <span class='ocr_line' id='line_1_71' title="bbox 2213 2945 3782 3022; baseline 0.003 -22"><span class='ocrx_word' id='word_1_458' title='bbox 2213 2947 2406 3000; x_wconf 89' lang='lat' dir='ltr'><strong>multis</strong></span> <span class='ocrx_word' id='word_1_459' title='bbox 2432 2945 2929 3000; x_wconf 89' lang='lat' dir='ltr'><strong>maledictionibus</strong></span> <span class='ocrx_word' id='word_1_460' title='bbox 2950 2946 3227 3002; x_wconf 89' lang='lat' dir='ltr'><strong>incurrat.</strong></span> <span class='ocrx_word' id='word_1_461' title='bbox 3259 2947 3440 3020; x_wconf 82' lang='lat' dir='ltr'><strong>Igitur</strong></span> <span class='ocrx_word' id='word_1_462' title='bbox 3459 2949 3782 3022; x_wconf 85' lang='lat' dir='ltr'><strong>quia.postu-</strong></span> 
     </span>
    </p>
   </div>
   <div class='ocr_carea' id='block_1_72' title="bbox 2211 3033 3782 3110">
    <p class='ocr_par' dir='ltr' id='par_1_72' title="bbox 2211 3033 3782 3110">
     <span class='ocr_line' id='line_1_72' title="bbox 2211 3033 3782 3110; baseline 0.002 -22"><span class='ocrx_word' id='word_1_463' title='bbox 2211 3035 2368 3088; x_wconf 90' lang='lat' dir='ltr'><strong>lastis</strong></span> <span class='ocrx_word' id='word_1_464' title='bbox 2399 3052 2433 3088; x_wconf 92' lang='lat' dir='ltr'><strong>a</strong></span> <span class='ocrx_word' id='word_1_465' title='bbox 2461 3034 2647 3099; x_wconf 89' lang='lat' dir='ltr'><strong>nobis,</strong></span> <span class='ocrx_word' id='word_1_466' title='bbox 2695 3033 2962 3088; x_wconf 88' lang='lat' dir='ltr'><strong>Guifrede</strong></span> <span class='ocrx_word' id='word_1_467' title='bbox 3005 3034 3209 3089; x_wconf 88' lang='lat' dir='ltr'><strong>dilecte</strong></span> <span class='ocrx_word' id='word_1_468' title='bbox 3267 3053 3485 3105; x_wconf 90' lang='lat' dir='ltr'><strong>comes,</strong></span> <span class='ocrx_word' id='word_1_469' title='bbox 3527 3044 3782 3110; x_wconf 87' lang='lat' dir='ltr'><strong>quatenus</strong></span> 
     </span>
    </p>
   </div>
   <div class='ocr_carea' id='block_1_73' title="bbox 2212 3123 3829 3201">
    <p class='ocr_par' dir='ltr' id='par_1_73' title="bbox 2212 3123 3829 3201">
     <span class='ocr_line' id='line_1_73' title="bbox 2212 3123 3829 3201; baseline 0.003 -23"><span class='ocrx_word' id='word_1_470' title='bbox 2212 3123 2511 3178; x_wconf 90' lang='lat' dir='ltr'><strong>ecclesiam</strong></span> <span class='ocrx_word' id='word_1_471' title='bbox 2550 3125 2731 3178; x_wconf 89' lang='lat' dir='ltr'><strong>sancti</strong></span> <span class='ocrx_word' id='word_1_472' title='bbox 2760 3123 2983 3178; x_wconf 84' lang='lat' dir='ltr'><strong>Martini</strong></span> <span class='ocrx_word' id='word_1_473' title='bbox 3001 3123 3592 3194; x_wconf 83' lang='lat' dir='ltr'><strong>tibiconcederemus,</strong></span> <span class='ocrx_word' id='word_1_474' title='bbox 3615 3131 3669 3183; x_wconf 90' lang='lat' dir='ltr'><strong>ut</strong></span> <span class='ocrx_word' id='word_1_475' title='bbox 3693 3145 3781 3201; x_wconf 89' lang='lat' dir='ltr'><strong>pro</strong></span> <span class='ocrx_word' id='word_1_476' title='bbox 3811 3155 3829 3174; x_wconf 75' lang='grc' dir='ltr'><em>ι</em></span> 
     </span>
    </p>
   </div>
   <div class='ocr_carea' id='block_1_74' title="bbox 2211 3211 3789 3284">
    <p class='ocr_par' dir='ltr' id='par_1_74' title="bbox 2211 3211 3789 3284">
     <span class='ocr_line' id='line_1_74' title="bbox 2211 3211 3789 3284; baseline 0.004 -19"><span class='ocrx_word' id='word_1_477' title='bbox 2211 3215 2444 3266; x_wconf 91' lang='lat' dir='ltr'><strong>tuorum</strong></span> <span class='ocrx_word' id='word_1_478' title='bbox 2460 3215 2851 3283; x_wconf 60' lang='lat' dir='ltr'><strong>peccatorumv,</strong></span> <span class='ocrx_word' id='word_1_479' title='bbox 2881 3211 3000 3265; x_wconf 89' lang='lat' dir='ltr'><strong>sive</strong></span> <span class='ocrx_word' id='word_1_480' title='bbox 3021 3215 3254 3268; x_wconf 89' lang='lat' dir='ltr'><strong>tuorum</strong></span> <span class='ocrx_word' id='word_1_481' title='bbox 3278 3220 3591 3284; x_wconf 89' lang='lat' dir='ltr'><strong>parentum</strong></span> <span class='ocrx_word' id='word_1_482' title='bbox 3616 3218 3789 3271; x_wconf 88' lang='lat' dir='ltr'><strong>remis-</strong></span> 
     </span>
    </p>
   </div>
   <div class='ocr_carea' id='block_1_75' title="bbox 2209 3299 3790 3376">
    <p class='ocr_par' dir='ltr' id='par_1_75' title="bbox 2209 3299 3790 3376">
     <span class='ocr_line' id='line_1_75' title="bbox 2209 3299 3790 3376; baseline 0.003 -21"><span class='ocrx_word' id='word_1_483' title='bbox 2209 3300 2370 3356; x_wconf 90' lang='lat' dir='ltr'><strong>sione</strong></span> <span class='ocrx_word' id='word_1_484' title='bbox 2401 3299 2458 3353; x_wconf 90' lang='lat' dir='ltr'><strong>in</strong></span> <span class='ocrx_word' id='word_1_485' title='bbox 2491 3316 2560 3354; x_wconf 89' lang='lat' dir='ltr'><strong>ea</strong></span> <span class='ocrx_word' id='word_1_486' title='bbox 2589 3299 3008 3354; x_wconf 87' lang='lat' dir='ltr'><strong>monasterium</strong></span> <span class='ocrx_word' id='word_1_487' title='bbox 3040 3300 3280 3368; x_wconf 85' lang='lat' dir='ltr'><strong>faceres,</strong></span> <span class='ocrx_word' id='word_1_488' title='bbox 3308 3305 3368 3356; x_wconf 90' lang='lat' dir='ltr'><strong>et</strong></span> <span class='ocrx_word' id='word_1_489' title='bbox 3397 3303 3469 3357; x_wconf 91' lang='lat' dir='ltr'><strong>de</strong></span> <span class='ocrx_word' id='word_1_490' title='bbox 3501 3305 3609 3359; x_wconf 88' lang='lat' dir='ltr'><strong>tuis</strong></span> <span class='ocrx_word' id='word_1_491' title='bbox 3636 3305 3790 3376; x_wconf 86' lang='lat' dir='ltr'><strong>siqni-</strong></span> 
     </span>
    </p>
   </div>
   <div class='ocr_carea' id='block_1_76' title="bbox 2212 3387 3790 3460">
    <p class='ocr_par' dir='ltr' id='par_1_76' title="bbox 2212 3387 3790 3460">
     <span class='ocr_line' id='line_1_76' title="bbox 2212 3387 3790 3460; baseline 0.003 -16"><span class='ocrx_word' id='word_1_492' title='bbox 2212 3389 2346 3444; x_wconf 92' lang='lat' dir='ltr'><strong>dem</strong></span> <span class='ocrx_word' id='word_1_493' title='bbox 2385 3387 2614 3460; x_wconf 63' lang='lat' dir='ltr'><strong>praediis</strong></span> <span class='ocrx_word' id='word_1_494' title='bbox 2636 3387 2718 3442; x_wconf 89' lang='lat' dir='ltr'><strong>illi</strong></span> <span class='ocrx_word' id='word_1_495' title='bbox 2749 3391 2960 3443; x_wconf 73' lang='lat' dir='ltr'><strong>sancta:</strong></span> <span class='ocrx_word' id='word_1_496' title='bbox 2992 3389 3256 3444; x_wconf 63' lang='lat' dir='ltr'><strong>Ecclesiae</strong></span> <span class='ocrx_word' id='word_1_497' title='bbox 3277 3391 3790 3460; x_wconf 74' lang='lat' dir='ltr'><strong>concederes;haac,</strong></span> 
     </span>
    </p>
   </div>
   <div class='ocr_carea' id='block_1_77' title="bbox 2212 3476 3792 3550">
    <p class='ocr_par' dir='ltr' id='par_1_77' title="bbox 2212 3476 3792 3550">
     <span class='ocr_line' id='line_1_77' title="bbox 2212 3476 3792 3550; baseline 0.003 -18"><span class='ocrx_word' id='word_1_498' title='bbox 2212 3477 2571 3532; x_wconf 87' lang='lat' dir='ltr'><strong>charisssime</strong></span> <span class='ocrx_word' id='word_1_499' title='bbox 2603 3476 2682 3530; x_wconf 85' lang='lat' dir='ltr'><strong>fili</strong></span> <span class='ocrx_word' id='word_1_500' title='bbox 2715 3477 2914 3547; x_wconf 90' lang='lat' dir='ltr'><strong>petitio</strong></span> <span class='ocrx_word' id='word_1_501' title='bbox 2945 3477 3112 3532; x_wconf 90' lang='lat' dir='ltr'><strong>nobis</strong></span> <span class='ocrx_word' id='word_1_502' title='bbox 3141 3479 3300 3534; x_wconf 90' lang='lat' dir='ltr'><strong>bona</strong></span> <span class='ocrx_word' id='word_1_503' title='bbox 3340 3479 3586 3550; x_wconf 87' lang='lat' dir='ltr'><strong>videtur,</strong></span> <span class='ocrx_word' id='word_1_504' title='bbox 3634 3485 3688 3536; x_wconf 90' lang='lat' dir='ltr'><strong>et</strong></span> <span class='ocrx_word' id='word_1_505' title='bbox 3705 3497 3792 3536; x_wconf 89' lang='lat' dir='ltr'><strong>an-</strong></span> 
     </span>
    </p>
   </div>
   <div class='ocr_carea' id='block_1_78' title="bbox 2213 3565 3788 3638">
    <p class='ocr_par' dir='ltr' id='par_1_78' title="bbox 2213 3565 3788 3638">
     <span class='ocr_line' id='line_1_78' title="bbox 2213 3565 3788 3638; baseline 0.004 -18"><span class='ocrx_word' id='word_1_506' title='bbox 2213 3583 2365 3621; x_wconf 91' lang='lat' dir='ltr'><strong>nuen</strong></span> <span class='ocrx_word' id='word_1_507' title='bbox 2375 3569 2427 3620; x_wconf 91' lang='lat' dir='ltr'><strong>te</strong></span> <span class='ocrx_word' id='word_1_508' title='bbox 2457 3582 2683 3620; x_wconf 89' lang='lat' dir='ltr'><strong>summo</strong></span> <span class='ocrx_word' id='word_1_509' title='bbox 2699 3566 2854 3637; x_wconf 80' lang='lat' dir='ltr'><strong>Rege</strong></span> <span class='ocrx_word' id='word_1_510' title='bbox 2866 3565 3024 3620; x_wconf 92' lang='lat' dir='ltr'><strong>illam</strong></span> <span class='ocrx_word' id='word_1_511' title='bbox 3038 3568 3341 3638; x_wconf 66' lang='lat' dir='ltr'><strong>praefatam</strong></span> <span class='ocrx_word' id='word_1_512' title='bbox 3359 3570 3656 3626; x_wconf 87' lang='lat' dir='ltr'><strong>ecclesiam</strong></span> <span class='ocrx_word' id='word_1_513' title='bbox 3676 3587 3788 3626; x_wconf 88' lang='lat' dir='ltr'><strong>cum</strong></span> 
     </span>
    </p>
   </div>
   <div class='ocr_carea' id='block_1_79' title="bbox 2213 3653 3791 3730">
    <p class='ocr_par' dir='ltr' id='par_1_79' title="bbox 2213 3653 3791 3730">
     <span class='ocr_line' id='line_1_79' title="bbox 2213 3653 3791 3730; baseline 0.001 -20"><span class='ocrx_word' id='word_1_514' title='bbox 2213 3655 2486 3710; x_wconf 89' lang='lat' dir='ltr'><strong>omnibus</strong></span> <span class='ocrx_word' id='word_1_515' title='bbox 2496 3653 2859 3726; x_wconf 89' lang='lat' dir='ltr'><strong>pertinentiis</strong></span> <span class='ocrx_word' id='word_1_516' title='bbox 2871 3653 2975 3708; x_wconf 91' lang='lat' dir='ltr'><strong>tibi</strong></span> <span class='ocrx_word' id='word_1_517' title='bbox 2991 3655 3387 3728; x_wconf 89' lang='lat' dir='ltr'><strong>concedimus,</strong></span> <span class='ocrx_word' id='word_1_518' title='bbox 3401 3661 3461 3712; x_wconf 91' lang='lat' dir='ltr'><strong>et</strong></span> <span class='ocrx_word' id='word_1_519' title='bbox 3491 3658 3791 3730; x_wconf 88' lang='lat' dir='ltr'><strong>apostolica</strong></span> 
     </span>
    </p>
   </div>
   <div class='ocr_carea' id='block_1_80' title="bbox 2215 3744 3792 3819">
    <p class='ocr_par' dir='ltr' id='par_1_80' title="bbox 2215 3744 3792 3819">
     <span class='ocr_line' id='line_1_80' title="bbox 2215 3744 3792 3819; baseline 0.001 -21"><span class='ocrx_word' id='word_1_520' title='bbox 2215 3744 2553 3798; x_wconf 89' lang='lat' dir='ltr'><strong>auctoritate</strong></span> <span class='ocrx_word' id='word_1_521' title='bbox 2583 3744 3014 3810; x_wconf 89' lang='lat' dir='ltr'><strong>confirmamus,</strong></span> <span class='ocrx_word' id='word_1_522' title='bbox 3040 3745 3098 3797; x_wconf 90' lang='lat' dir='ltr'><strong>et</strong></span> <span class='ocrx_word' id='word_1_523' title='bbox 3112 3759 3244 3799; x_wconf 89' lang='lat' dir='ltr'><strong>eam</strong></span> <span class='ocrx_word' id='word_1_524' title='bbox 3278 3744 3336 3800; x_wconf 92' lang='lat' dir='ltr'><strong>in</strong></span> <span class='ocrx_word' id='word_1_525' title='bbox 3371 3751 3699 3819; x_wconf 88' lang='lat' dir='ltr'><strong>perpetuam</strong></span> <span class='ocrx_word' id='word_1_526' title='bbox 3722 3746 3792 3800; x_wconf 86' lang='lat' dir='ltr'><strong>in-</strong></span> 
     </span>
    </p>
   </div>
   <div class='ocr_carea' id='block_1_81' title="bbox 2215 3833 3788 3904">
    <p class='ocr_par' dir='ltr' id='par_1_81' title="bbox 2215 3833 3788 3904">
     <span class='ocr_line' id='line_1_81' title="bbox 2215 3833 3788 3904; baseline 0.001 -16"><span class='ocrx_word' id='word_1_527' title='bbox 2215 3834 2546 3888; x_wconf 89' lang='lat' dir='ltr'><strong>convulsam</strong></span> <span class='ocrx_word' id='word_1_528' title='bbox 2577 3849 2815 3887; x_wconf 89' lang='lat' dir='ltr'><strong>manere</strong></span> <span class='ocrx_word' id='word_1_529' title='bbox 2858 3833 3166 3888; x_wconf 89' lang='lat' dir='ltr'><strong>sancimus.</strong></span> <span class='ocrx_word' id='word_1_530' title='bbox 3203 3833 3611 3904; x_wconf 90' lang='lat' dir='ltr'><strong>Concedimus,</strong></span> <span class='ocrx_word' id='word_1_531' title='bbox 3638 3837 3788 3892; x_wconf 84' lang='lat' dir='ltr'><strong>etiam</strong></span> 
     </span>
    </p>
   </div>
   <div class='ocr_carea' id='block_1_82' title="bbox 2215 3921 3788 3995">
    <p class='ocr_par' dir='ltr' id='par_1_82' title="bbox 2215 3921 3788 3995">
     <span class='ocr_line' id='line_1_82' title="bbox 2215 3921 3788 3995; baseline 0.001 -19"><span class='ocrx_word' id='word_1_532' title='bbox 2215 3922 2528 3994; x_wconf 61' lang='lat' dir='ltr'><strong>praelibataa</strong></span> <span class='ocrx_word' id='word_1_533' title='bbox 2557 3921 2808 3978; x_wconf 63' lang='lat' dir='ltr'><strong>ecclesiis</strong></span> <span class='ocrx_word' id='word_1_534' title='bbox 2837 3925 2903 3976; x_wconf 90' lang='lat' dir='ltr'><strong>ut</strong></span> <span class='ocrx_word' id='word_1_535' title='bbox 2933 3939 3233 3995; x_wconf 89' lang='lat' dir='ltr'><strong>nunquam</strong></span> <span class='ocrx_word' id='word_1_536' title='bbox 3258 3923 3526 3980; x_wconf 83' lang='lat' dir='ltr'><strong>obnoxia</strong></span> <span class='ocrx_word' id='word_1_537' title='bbox 3557 3925 3626 3980; x_wconf 86' lang='lat' dir='ltr'><strong>sit</strong></span> <span class='ocrx_word' id='word_1_538' title='bbox 3643 3924 3788 3980; x_wconf 79' lang='lat' dir='ltr'><strong>servi-</strong></span> 
     </span>
    </p>
   </div>
   <div class='ocr_carea' id='block_1_83' title="bbox 2214 4009 3791 4085">
    <p class='ocr_par' dir='ltr' id='par_1_83' title="bbox 2214 4009 3791 4085">
     <span class='ocr_line' id='line_1_83' title="bbox 2214 4009 3791 4085; baseline 0.001 -21"><span class='ocrx_word' id='word_1_539' title='bbox 2214 4010 2324 4066; x_wconf 92' lang='lat' dir='ltr'><strong>tuti</strong></span> <span class='ocrx_word' id='word_1_540' title='bbox 2359 4009 2611 4077; x_wconf 88' lang='lat' dir='ltr'><strong>alterius,</strong></span> <span class='ocrx_word' id='word_1_541' title='bbox 2637 4027 2870 4081; x_wconf 90' lang='lat' dir='ltr'><strong>semper</strong></span> <span class='ocrx_word' id='word_1_542' title='bbox 2893 4010 2968 4064; x_wconf 88' lang='lat' dir='ltr'><strong>sit</strong></span> <span class='ocrx_word' id='word_1_543' title='bbox 2993 4010 3178 4066; x_wconf 90' lang='lat' dir='ltr'><strong>libera</strong></span> <span class='ocrx_word' id='word_1_544' title='bbox 3209 4014 3269 4066; x_wconf 89' lang='lat' dir='ltr'><strong>et</strong></span> <span class='ocrx_word' id='word_1_545' title='bbox 3292 4013 3622 4084; x_wconf 88' lang='lat' dir='ltr'><strong>apostolicis</strong></span> <span class='ocrx_word' id='word_1_546' title='bbox 3648 4012 3791 4085; x_wconf 83' lang='lat' dir='ltr'><strong>privi-</strong></span> 
     </span>
    </p>
   </div>
   <div class='ocr_carea' id='block_1_84' title="bbox 2215 4099 3791 4172">
    <p class='ocr_par' dir='ltr' id='par_1_84' title="bbox 2215 4099 3791 4172">
     <span class='ocr_line' id='line_1_84' title="bbox 2215 4099 3791 4172; baseline 0 -18"><span class='ocrx_word' id='word_1_547' title='bbox 2215 4099 2382 4172; x_wconf 88' lang='lat' dir='ltr'><strong>legiis</strong></span> <span class='ocrx_word' id='word_1_548' title='bbox 2445 4100 2712 4166; x_wconf 84' lang='lat' dir='ltr'><strong>exaltata,</strong></span> <span class='ocrx_word' id='word_1_549' title='bbox 2769 4115 2873 4170; x_wconf 91' lang='lat' dir='ltr'><strong>per</strong></span> <span class='ocrx_word' id='word_1_550' title='bbox 2923 4117 2984 4155; x_wconf 89' lang='lat' dir='ltr'><strong>se</strong></span> <span class='ocrx_word' id='word_1_551' title='bbox 3041 4099 3102 4154; x_wconf 93' lang='lat' dir='ltr'><strong>in</strong></span> <span class='ocrx_word' id='word_1_552' title='bbox 3148 4116 3336 4156; x_wconf 59' lang='lat' dir='ltr'><strong>sevum</strong></span> <span class='ocrx_word' id='word_1_553' title='bbox 3368 4106 3603 4158; x_wconf 89' lang='lat' dir='ltr'><strong>maneat</strong></span> <span class='ocrx_word' id='word_1_554' title='bbox 3648 4099 3791 4156; x_wconf 86' lang='lat' dir='ltr'><strong>subli-</strong></span> 
     </span>
    </p>
   </div>
   <div class='ocr_carea' id='block_1_85' title="bbox 2218 4188 3792 4263">
    <p class='ocr_par' dir='ltr' id='par_1_85' title="bbox 2218 4188 3792 4263">
     <span class='ocr_line' id='line_1_85' title="bbox 2218 4188 3792 4263; baseline -0.003 -18"><span class='ocrx_word' id='word_1_555' title='bbox 2218 4193 2396 4245; x_wconf 87' lang='lat' dir='ltr'><strong>mata.</strong></span> <span class='ocrx_word' id='word_1_556' title='bbox 2429 4188 2579 4253; x_wconf 86' lang='lat' dir='ltr'><strong>Quas</strong></span> <span class='ocrx_word' id='word_1_557' title='bbox 2630 4191 2826 4243; x_wconf 90' lang='lat' dir='ltr'><strong>autem</strong></span> <span class='ocrx_word' id='word_1_558' title='bbox 2882 4188 3270 4261; x_wconf 88' lang='lat' dir='ltr'><strong>possessiones</strong></span> <span class='ocrx_word' id='word_1_559' title='bbox 3333 4193 3436 4245; x_wconf 89' lang='lat' dir='ltr'><strong>aut</strong></span> <span class='ocrx_word' id='word_1_560' title='bbox 3478 4190 3686 4263; x_wconf 74' lang='lat' dir='ltr'><strong>praedia</strong></span> <span class='ocrx_word' id='word_1_561' title='bbox 3709 4205 3792 4244; x_wconf 87' lang='lat' dir='ltr'><strong>seu</strong></span> 
     </span>
    </p>
   </div>
   <div class='ocr_carea' id='block_1_86' title="bbox 2218 4277 3790 4350">
    <p class='ocr_par' dir='ltr' id='par_1_86' title="bbox 2218 4277 3790 4350">
     <span class='ocr_line' id='line_1_86' title="bbox 2218 4277 3790 4350; baseline -0.001 -16"><span class='ocrx_word' id='word_1_562' title='bbox 2218 4279 2472 4334; x_wconf 85' lang='lat' dir='ltr'><strong>conﬁnia</strong></span> <span class='ocrx_word' id='word_1_563' title='bbox 2499 4295 2632 4333; x_wconf 90' lang='lat' dir='ltr'><strong>cum</strong></span> <span class='ocrx_word' id='word_1_564' title='bbox 2676 4277 2790 4333; x_wconf 92' lang='lat' dir='ltr'><strong>suis</strong></span> <span class='ocrx_word' id='word_1_565' title='bbox 2823 4277 3090 4333; x_wconf 89' lang='lat' dir='ltr'><strong>omnibus</strong></span> <span class='ocrx_word' id='word_1_566' title='bbox 3135 4279 3512 4349; x_wconf 87' lang='lat' dir='ltr'><strong>pertinentiis</strong></span> <span class='ocrx_word' id='word_1_567' title='bbox 3534 4281 3790 4350; x_wconf 85' lang='lat' dir='ltr'><strong>rebusque</strong></span> 
     </span>
    </p>
   </div>
   <div class='ocr_carea' id='block_1_87' title="bbox 2219 4365 3789 4439">
    <p class='ocr_par' dir='ltr' id='par_1_87' title="bbox 2219 4365 3789 4439">
     <span class='ocr_line' id='line_1_87' title="bbox 2219 4365 3789 4439; baseline -0.002 -16"><span class='ocrx_word' id='word_1_568' title='bbox 2219 4367 2437 4424; x_wconf 92' lang='lat' dir='ltr'><strong>cunctis</strong></span> <span class='ocrx_word' id='word_1_569' title='bbox 2458 4383 2636 4438; x_wconf 91' lang='lat' dir='ltr'><strong>usque</strong></span> <span class='ocrx_word' id='word_1_570' title='bbox 2653 4367 2766 4422; x_wconf 91' lang='lat' dir='ltr'><strong>huc</strong></span> <span class='ocrx_word' id='word_1_571' title='bbox 2785 4365 3095 4439; x_wconf 88' lang='lat' dir='ltr'><strong>acquisitis,</strong></span> <span class='ocrx_word' id='word_1_572' title='bbox 3116 4367 3277 4422; x_wconf 91' lang='lat' dir='ltr'><strong>villas</strong></span> <span class='ocrx_word' id='word_1_573' title='bbox 3291 4367 3531 4438; x_wconf 88' lang='lat' dir='ltr'><strong>scilicet,</strong></span> <span class='ocrx_word' id='word_1_574' title='bbox 3554 4367 3789 4424; x_wconf 81' lang='lat' dir='ltr'><strong>ecclesias</strong></span> 
     </span>
    </p>
   </div>
   <div class='ocr_carea' id='block_1_88' title="bbox 2218 4455 3794 4528">
    <p class='ocr_par' dir='ltr' id='par_1_88' title="bbox 2218 4455 3794 4528">
     <span class='ocr_line' id='line_1_88' title="bbox 2218 4455 3794 4528; baseline -0.001 -15"><span class='ocrx_word' id='word_1_575' title='bbox 2218 4475 2350 4514; x_wconf 90' lang='lat' dir='ltr'><strong>cum</strong></span> <span class='ocrx_word' id='word_1_576' title='bbox 2378 4457 2610 4512; x_wconf 90' lang='lat' dir='ltr'><strong>illarum</strong></span> <span class='ocrx_word' id='word_1_577' title='bbox 2639 4455 3022 4528; x_wconf 90' lang='lat' dir='ltr'><strong>pertinentiis,</strong></span> <span class='ocrx_word' id='word_1_578' title='bbox 3053 4457 3376 4526; x_wconf 86' lang='lat' dir='ltr'><strong>parochias,</strong></span> <span class='ocrx_word' id='word_1_579' title='bbox 3417 4459 3794 4526; x_wconf 81' lang='lat' dir='ltr'><strong>fundos,casas</strong></span> 
     </span>
    </p>
   </div>
   <div class='ocr_carea' id='block_1_89' title="bbox 519 4541 3792 4618">
    <p class='ocr_par' dir='ltr' id='par_1_89' title="bbox 519 4541 3792 4618">
     <span class='ocr_line' id='line_1_89' title="bbox 519 4541 3792 4618; baseline -0.002 -12"><span class='ocrx_word' id='word_1_580' title='bbox 519 4548 902 4606; x_wconf 86' lang='lat' dir='ltr'><strong>Concedimus</strong></span> <span class='ocrx_word' id='word_1_581' title='bbox 927 4546 1102 4602; x_wconf 88' lang='lat' dir='ltr'><strong>etiam</strong></span> <span class='ocrx_word' id='word_1_582' title='bbox 1131 4545 1370 4618; x_wconf 63' lang='lat' dir='ltr'><strong>praefato</strong></span> <span class='ocrx_word' id='word_1_583' title='bbox 1387 4546 1580 4602; x_wconf 88' lang='lat' dir='ltr'><strong>abbati</strong></span> <span class='ocrx_word' id='word_1_584' title='bbox 1601 4550 1659 4601; x_wconf 91' lang='lat' dir='ltr'><strong>et</strong></span> <span class='ocrx_word' id='word_1_585' title='bbox 1695 4548 2116 4604; x_wconf 88' lang='lat' dir='ltr'><strong>successoribus</strong></span> <span class='ocrx_word' id='word_1_586' title='bbox 2138 4541 2192 4602; x_wconf 92' lang='lat' dir='ltr'><strong>D</strong></span> <span class='ocrx_word' id='word_1_587' title='bbox 2218 4548 2451 4614; x_wconf 88' lang='lat' dir='ltr'><strong>casales,</strong></span> <span class='ocrx_word' id='word_1_588' title='bbox 2469 4545 2730 4611; x_wconf 84' lang='lat' dir='ltr'><strong>costales,</strong></span> <span class='ocrx_word' id='word_1_589' title='bbox 2757 4547 2940 4600; x_wconf 89' lang='lat' dir='ltr'><strong>terras</strong></span> <span class='ocrx_word' id='word_1_590' title='bbox 2963 4544 3143 4598; x_wconf 89' lang='lat' dir='ltr'><strong>cultas</strong></span> <span class='ocrx_word' id='word_1_591' title='bbox 3159 4545 3246 4600; x_wconf 89' lang='lat' dir='ltr'><strong>vel</strong></span> <span class='ocrx_word' id='word_1_592' title='bbox 3275 4545 3543 4615; x_wconf 87' lang='lat' dir='ltr'><strong>incultas,</strong></span> <span class='ocrx_word' id='word_1_593' title='bbox 3567 4561 3792 4617; x_wconf 81' lang='lat' dir='ltr'><strong>campos,</strong></span> 
     </span>
    </p>
   </div>
   <div class='ocr_carea' id='block_1_90' title="bbox 519 4635 2117 4707">
    <p class='ocr_par' dir='ltr' id='par_1_90' title="bbox 519 4635 2117 4707">
     <span class='ocr_line' id='line_1_90' title="bbox 519 4635 2117 4707; baseline -0.001 -13"><span class='ocrx_word' id='word_1_594' title='bbox 519 4639 634 4694; x_wconf 89' lang='lat' dir='ltr'><strong>suis</strong></span> <span class='ocrx_word' id='word_1_595' title='bbox 661 4637 912 4694; x_wconf 86' lang='lat' dir='ltr'><strong>chrisma</strong></span> <span class='ocrx_word' id='word_1_596' title='bbox 941 4635 1011 4690; x_wconf 91' lang='lat' dir='ltr'><strong>de</strong></span> <span class='ocrx_word' id='word_1_597' title='bbox 1037 4651 1378 4707; x_wconf 88' lang='lat' dir='ltr'><strong>quacunque</strong></span> <span class='ocrx_word' id='word_1_598' title='bbox 1401 4635 1536 4689; x_wconf 91' lang='lat' dir='ltr'><strong>sede</strong></span> <span class='ocrx_word' id='word_1_599' title='bbox 1559 4636 1681 4706; x_wconf 89' lang='lat' dir='ltr'><strong>ejus</strong></span> <span class='ocrx_word' id='word_1_600' title='bbox 1709 4637 1995 4706; x_wconf 88' lang='lat' dir='ltr'><strong>placuerit</strong></span> <span class='ocrx_word' id='word_1_601' title='bbox 2025 4654 2117 4693; x_wconf 85' lang='lat' dir='ltr'><strong>re-</strong></span> 
     </span>
    </p>
   </div>
   <div class='ocr_carea' id='block_1_91' title="bbox 520 4723 2116 4801">
    <p class='ocr_par' dir='ltr' id='par_1_91' title="bbox 520 4723 2116 4801">
     <span class='ocr_line' id='line_1_91' title="bbox 520 4723 2116 4801; baseline -0.001 -18"><span class='ocrx_word' id='word_1_602' title='bbox 520 4727 652 4801; x_wconf 92' lang='lat' dir='ltr'><strong>cipi,</strong></span> <span class='ocrx_word' id='word_1_603' title='bbox 679 4727 766 4781; x_wconf 90' lang='lat' dir='ltr'><strong>vel</strong></span> <span class='ocrx_word' id='word_1_604' title='bbox 797 4725 1030 4780; x_wconf 90' lang='lat' dir='ltr'><strong>clericos</strong></span> <span class='ocrx_word' id='word_1_605' title='bbox 1065 4739 1267 4779; x_wconf 90' lang='lat' dir='ltr'><strong>eorum</strong></span> <span class='ocrx_word' id='word_1_606' title='bbox 1301 4723 1628 4780; x_wconf 89' lang='lat' dir='ltr'><strong>ordinandi.</strong></span> <span class='ocrx_word' id='word_1_607' title='bbox 1659 4724 1715 4778; x_wconf 92' lang='lat' dir='ltr'><strong>Si</strong></span> <span class='ocrx_word' id='word_1_608' title='bbox 1743 4724 1868 4796; x_wconf 86' lang='lat' dir='ltr'><strong>quis</strong></span> <span class='ocrx_word' id='word_1_609' title='bbox 1897 4729 2116 4794; x_wconf 88' lang='lat' dir='ltr'><strong>autem,</strong></span> 
     </span>
    </p>
   </div>
   <div class='ocr_carea' id='block_1_92' title="bbox 518 4811 2118 4892">
    <p class='ocr_par' dir='ltr' id='par_1_92' title="bbox 518 4811 2118 4892">
     <span class='ocr_line' id='line_1_92' title="bbox 518 4811 2118 4892; baseline -0.001 -20"><span class='ocrx_word' id='word_1_610' title='bbox 518 4817 672 4892; x_wconf 92' lang='lat' dir='ltr'><strong>quod</strong></span> <span class='ocrx_word' id='word_1_611' title='bbox 699 4832 817 4872; x_wconf 85' lang='lat' dir='ltr'><strong>non</strong></span> <span class='ocrx_word' id='word_1_612' title='bbox 839 4817 1127 4885; x_wconf 91' lang='lat' dir='ltr'><strong>optamus,</strong></span> <span class='ocrx_word' id='word_1_613' title='bbox 1143 4811 1362 4866; x_wconf 88' lang='lat' dir='ltr'><strong>nefario</strong></span> <span class='ocrx_word' id='word_1_614' title='bbox 1385 4828 1524 4866; x_wconf 89' lang='lat' dir='ltr'><strong>ausu</strong></span> <span class='ocrx_word' id='word_1_615' title='bbox 1542 4814 1977 4884; x_wconf 63' lang='lat' dir='ltr'><strong>praesumpserit</strong></span> <span class='ocrx_word' id='word_1_616' title='bbox 1996 4815 2118 4871; x_wconf 72' lang='lat' dir='ltr'><strong>haec</strong></span> 
     </span>
    </p>
   </div>
   <div class='ocr_carea' id='block_1_93' title="bbox 518 4901 2119 4978">
    <p class='ocr_par' dir='ltr' id='par_1_93' title="bbox 518 4901 2119 4978">
     <span class='ocr_line' id='line_1_93' title="bbox 518 4901 2119 4978; baseline -0.001 -18"><span class='ocrx_word' id='word_1_617' title='bbox 518 4923 648 4978; x_wconf 68' lang='lat' dir='ltr'><strong>quas</strong></span> <span class='ocrx_word' id='word_1_618' title='bbox 675 4921 709 4960; x_wconf 88' lang='lat' dir='ltr'><strong>a</strong></span> <span class='ocrx_word' id='word_1_619' title='bbox 737 4903 902 4960; x_wconf 91' lang='lat' dir='ltr'><strong>nobis</strong></span> <span class='ocrx_word' id='word_1_620' title='bbox 926 4901 986 4956; x_wconf 92' lang='lat' dir='ltr'><strong>in</strong></span> <span class='ocrx_word' id='word_1_621' title='bbox 1013 4901 1220 4956; x_wconf 90' lang='lat' dir='ltr'><strong>eodem</strong></span> <span class='ocrx_word' id='word_1_622' title='bbox 1240 4903 1436 4954; x_wconf 91' lang='lat' dir='ltr'><strong>sancto</strong></span> <span class='ocrx_word' id='word_1_623' title='bbox 1461 4901 1586 4956; x_wconf 92' lang='lat' dir='ltr'><strong>loco</strong></span> <span class='ocrx_word' id='word_1_624' title='bbox 1601 4918 1870 4956; x_wconf 90' lang='lat' dir='ltr'><strong>concessa</strong></span> <span class='ocrx_word' id='word_1_625' title='bbox 1883 4906 2036 4966; x_wconf 88' lang='lat' dir='ltr'><strong>sunt,</strong></span> <span class='ocrx_word' id='word_1_626' title='bbox 2059 4906 2119 4958; x_wconf 91' lang='lat' dir='ltr'><strong>et</strong></span> 
     </span>
    </p>
   </div>
   <div class='ocr_carea' id='block_1_94' title="bbox 517 4988 2120 5064">
    <p class='ocr_par' dir='ltr' id='par_1_94' title="bbox 517 4988 2120 5064">
     <span class='ocr_line' id='line_1_94' title="bbox 517 4988 2120 5064; baseline -0.002 -14"><span class='ocrx_word' id='word_1_627' title='bbox 517 5011 554 5050; x_wconf 88' lang='lat' dir='ltr'><strong>a</strong></span> <span class='ocrx_word' id='word_1_628' title='bbox 575 4993 742 5050; x_wconf 88' lang='lat' dir='ltr'><strong>nobis</strong></span> <span class='ocrx_word' id='word_1_629' title='bbox 767 5008 870 5064; x_wconf 91' lang='lat' dir='ltr'><strong>pro</strong></span> <span class='ocrx_word' id='word_1_630' title='bbox 899 4989 1208 5046; x_wconf 89' lang='lat' dir='ltr'><strong>stabilitate</strong></span> <span class='ocrx_word' id='word_1_631' title='bbox 1231 4989 1355 5060; x_wconf 90' lang='lat' dir='ltr'><strong>jam</strong></span> <span class='ocrx_word' id='word_1_632' title='bbox 1378 4988 1511 5044; x_wconf 90' lang='lat' dir='ltr'><strong>dicti</strong></span> <span class='ocrx_word' id='word_1_633' title='bbox 1542 4989 1876 5044; x_wconf 90' lang='lat' dir='ltr'><strong>monasterii</strong></span> <span class='ocrx_word' id='word_1_634' title='bbox 1907 4994 2120 5046; x_wconf 89' lang='lat' dir='ltr'><strong>statuta</strong></span> 
     </span>
    </p>
   </div>
   <div class='ocr_carea' id='block_1_95' title="bbox 513 5077 2120 5152">
    <p class='ocr_par' dir='ltr' id='par_1_95' title="bbox 513 5077 2120 5152">
     <span class='ocr_line' id='line_1_95' title="bbox 513 5077 2120 5152; baseline -0.003 -13"><span class='ocrx_word' id='word_1_635' title='bbox 513 5086 670 5151; x_wconf 86' lang='lat' dir='ltr'><strong>sunt,</strong></span> <span class='ocrx_word' id='word_1_636' title='bbox 702 5083 1017 5152; x_wconf 81' lang='lat' dir='ltr'><strong>refragare,</strong></span> <span class='ocrx_word' id='word_1_637' title='bbox 1067 5080 1167 5132; x_wconf 87' lang='lat' dir='ltr'><strong>aut</strong></span> <span class='ocrx_word' id='word_1_638' title='bbox 1221 5077 1279 5130; x_wconf 92' lang='lat' dir='ltr'><strong>in</strong></span> <span class='ocrx_word' id='word_1_639' title='bbox 1336 5093 1630 5150; x_wconf 90' lang='lat' dir='ltr'><strong>quoquam</strong></span> <span class='ocrx_word' id='word_1_640' title='bbox 1685 5080 2120 5149; x_wconf 72' lang='lat' dir='ltr'><strong>praesumpserit</strong></span> 
     </span>
    </p>
   </div>
   <div class='ocr_carea' id='block_1_96' title="bbox 511 5164 2120 5242">
    <p class='ocr_par' dir='ltr' id='par_1_96' title="bbox 511 5164 2120 5242">
     <span class='ocr_line' id='line_1_96' title="bbox 511 5164 2120 5242; baseline -0.004 -15"><span class='ocrx_word' id='word_1_641' title='bbox 511 5169 862 5242; x_wconf 86' lang='lat' dir='ltr'><strong>transgredi,</strong></span> <span class='ocrx_word' id='word_1_642' title='bbox 893 5167 1032 5223; x_wconf 88' lang='lat' dir='ltr'><strong>sciat</strong></span> <span class='ocrx_word' id='word_1_643' title='bbox 1059 5183 1118 5220; x_wconf 91' lang='lat' dir='ltr'><strong>se</strong></span> <span class='ocrx_word' id='word_1_644' title='bbox 1149 5164 1335 5220; x_wconf 89' lang='lat' dir='ltr'><strong>nostri</strong></span> <span class='ocrx_word' id='word_1_645' title='bbox 1361 5165 1748 5220; x_wconf 88' lang='lat' dir='ltr'><strong>anathematis</strong></span> <span class='ocrx_word' id='word_1_646' title='bbox 1774 5166 1998 5222; x_wconf 90' lang='lat' dir='ltr'><strong>vinculo</strong></span> <span class='ocrx_word' id='word_1_647' title='bbox 2036 5167 2120 5222; x_wconf 89' lang='lat' dir='ltr'><strong>in-</strong></span> 
     </span>
    </p>
   </div>
   <div class='ocr_carea' id='block_1_97' title="bbox 513 5254 2116 5326">
    <p class='ocr_par' dir='ltr' id='par_1_97' title="bbox 513 5254 2116 5326">
     <span class='ocr_line' id='line_1_97' title="bbox 513 5254 2116 5326; baseline -0.004 -9"><span class='ocrx_word' id='word_1_648' title='bbox 513 5259 818 5326; x_wconf 87' lang='lat' dir='ltr'><strong>nodatum,</strong></span> <span class='ocrx_word' id='word_1_649' title='bbox 876 5259 934 5311; x_wconf 91' lang='lat' dir='ltr'><strong>et</strong></span> <span class='ocrx_word' id='word_1_650' title='bbox 978 5272 1112 5310; x_wconf 91' lang='lat' dir='ltr'><strong>cum</strong></span> <span class='ocrx_word' id='word_1_651' title='bbox 1167 5254 1420 5322; x_wconf 90' lang='lat' dir='ltr'><strong>diabolo,</strong></span> <span class='ocrx_word' id='word_1_652' title='bbox 1462 5257 1521 5309; x_wconf 90' lang='lat' dir='ltr'><strong>et</strong></span> <span class='ocrx_word' id='word_1_653' title='bbox 1576 5254 1700 5326; x_wconf 90' lang='lat' dir='ltr'><strong>ejus</strong></span> <span class='ocrx_word' id='word_1_654' title='bbox 1741 5256 2116 5311; x_wconf 89' lang='lat' dir='ltr'><strong>atrocissimis</strong></span> 
     </span>
    </p>
   </div>
   <div class='ocr_carea' id='block_1_98' title="bbox 509 5343 2115 5424">
    <p class='ocr_par' dir='ltr' id='par_1_98' title="bbox 509 5343 2115 5424">
     <span class='ocr_line' id='line_1_98' title="bbox 509 5343 2115 5424; baseline -0.004 -18"><span class='ocrx_word' id='word_1_655' title='bbox 509 5347 740 5424; x_wconf 90' lang='lat' dir='ltr'><strong>pompis</strong></span> <span class='ocrx_word' id='word_1_656' title='bbox 795 5349 966 5417; x_wconf 90' lang='lat' dir='ltr'><strong>atque</strong></span> <span class='ocrx_word' id='word_1_657' title='bbox 992 5345 1140 5399; x_wconf 75' lang='lat' dir='ltr'><strong>Iuda</strong></span> <span class='ocrx_word' id='word_1_658' title='bbox 1167 5343 1446 5399; x_wconf 87' lang='lat' dir='ltr'><strong>traditore</strong></span> <span class='ocrx_word' id='word_1_659' title='bbox 1481 5343 1714 5398; x_wconf 89' lang='lat' dir='ltr'><strong>Domini</strong></span> <span class='ocrx_word' id='word_1_660' title='bbox 1747 5344 1930 5399; x_wconf 88' lang='lat' dir='ltr'><strong>nostri</strong></span> <span class='ocrx_word' id='word_1_661' title='bbox 1984 5347 2115 5400; x_wconf 85' lang='lat' dir='ltr'><strong>Jesu</strong></span> 
     </span>
    </p>
   </div>
   <div class='ocr_carea' id='block_1_99' title="bbox 512 5432 2109 5504">
    <p class='ocr_par' dir='ltr' id='par_1_99' title="bbox 512 5432 2109 5504">
     <span class='ocr_line' id='line_1_99' title="bbox 512 5432 2109 5504; baseline -0.003 -9"><span class='ocrx_word' id='word_1_662' title='bbox 512 5438 736 5495; x_wconf 83' lang='lat' dir='ltr'><strong>Christu</strong></span> <span class='ocrx_word' id='word_1_663' title='bbox 763 5434 965 5490; x_wconf 69' lang='lat' dir='ltr'><strong>aeterni</strong></span> <span class='ocrx_word' id='word_1_664' title='bbox 1001 5433 1250 5489; x_wconf 88' lang='lat' dir='ltr'><strong>incendii</strong></span> <span class='ocrx_word' id='word_1_665' title='bbox 1290 5432 1567 5504; x_wconf 91' lang='lat' dir='ltr'><strong>supplicio</strong></span> <span class='ocrx_word' id='word_1_666' title='bbox 1593 5435 2109 5490; x_wconf 89' lang='lat' dir='ltr'><strong>concremandum.</strong></span> 
     </span>
    </p>
   </div>
   <div class='ocr_carea' id='block_1_100' title="bbox 508 5521 2110 5596">
    <p class='ocr_par' dir='ltr' id='par_1_100' title="bbox 508 5521 2110 5596">
     <span class='ocr_line' id='line_1_100' title="bbox 508 5521 2110 5596; baseline -0.004 -13"><span class='ocrx_word' id='word_1_667' title='bbox 508 5530 582 5583; x_wconf 77' lang='lat' dir='ltr'><strong>At</strong></span> <span class='ocrx_word' id='word_1_668' title='bbox 605 5541 738 5580; x_wconf 91' lang='lat' dir='ltr'><strong>vero</strong></span> <span class='ocrx_word' id='word_1_669' title='bbox 769 5522 974 5596; x_wconf 89' lang='lat' dir='ltr'><strong>quipio</strong></span> <span class='ocrx_word' id='word_1_670' title='bbox 993 5522 1204 5576; x_wconf 90' lang='lat' dir='ltr'><strong>intuitu</strong></span> <span class='ocrx_word' id='word_1_671' title='bbox 1217 5521 1550 5577; x_wconf 84' lang='lat' dir='ltr'><strong>observator</strong></span> <span class='ocrx_word' id='word_1_672' title='bbox 1569 5521 1628 5575; x_wconf 90' lang='lat' dir='ltr'><strong>in</strong></span> <span class='ocrx_word' id='word_1_673' title='bbox 1655 5522 1928 5577; x_wconf 89' lang='lat' dir='ltr'><strong>omnibus</strong></span> <span class='ocrx_word' id='word_1_674' title='bbox 1944 5523 2110 5578; x_wconf 83' lang='lat' dir='ltr'><strong>exsti-</strong></span> 
     </span>
    </p>
   </div>
   <div class='ocr_carea' id='block_1_101' title="bbox 504 5609 2113 5682">
    <p class='ocr_par' dir='ltr' id='par_1_101' title="bbox 504 5609 2113 5682">
     <span class='ocr_line' id='line_1_101' title="bbox 504 5609 2113 5682; baseline -0.002 -13"><span class='ocrx_word' id='word_1_675' title='bbox 504 5614 664 5680; x_wconf 87' lang='lat' dir='ltr'><strong>terit,</strong></span> <span class='ocrx_word' id='word_1_676' title='bbox 697 5610 1020 5666; x_wconf 89' lang='lat' dir='ltr'><strong>custodiens</strong></span> <span class='ocrx_word' id='word_1_677' title='bbox 1053 5611 1224 5682; x_wconf 87' lang='lat' dir='ltr'><strong>hujus</strong></span> <span class='ocrx_word' id='word_1_678' title='bbox 1252 5609 1733 5682; x_wconf 86' lang='lat' dir='ltr'><strong>nostriprivilegii</strong></span> <span class='ocrx_word' id='word_1_679' title='bbox 1752 5614 1985 5673; x_wconf 87' lang='lat' dir='ltr'><strong>statuta,</strong></span> <span class='ocrx_word' id='word_1_680' title='bbox 2011 5613 2113 5666; x_wconf 81' lang='lat' dir='ltr'><strong>be-</strong></span> 
     </span>
    </p>
   </div>
   <div class='ocr_carea' id='block_1_102' title="bbox 504 5698 2110 5768">
    <p class='ocr_par' dir='ltr' id='par_1_102' title="bbox 504 5698 2110 5768">
     <span class='ocr_line' id='line_1_102' title="bbox 504 5698 2110 5768; baseline -0.001 -10"><span class='ocrx_word' id='word_1_681' title='bbox 504 5698 848 5758; x_wconf 87' lang='lat' dir='ltr'><strong>nedictionis</strong></span> <span class='ocrx_word' id='word_1_682' title='bbox 865 5698 1111 5768; x_wconf 88' lang='lat' dir='ltr'><strong>gratiam</strong></span> <span class='ocrx_word' id='word_1_683' title='bbox 1125 5715 1158 5752; x_wconf 90' lang='lat' dir='ltr'><strong>a</strong></span> <span class='ocrx_word' id='word_1_684' title='bbox 1177 5698 1709 5753; x_wconf 89' lang='lat' dir='ltr'><strong>misericordissimo</strong></span> <span class='ocrx_word' id='word_1_685' title='bbox 1727 5699 1968 5754; x_wconf 89' lang='lat' dir='ltr'><strong>Domino</strong></span> <span class='ocrx_word' id='word_1_686' title='bbox 1993 5702 2110 5756; x_wconf 90' lang='lat' dir='ltr'><strong>Deo</strong></span> 
     </span>
    </p>
   </div>
   <div class='ocr_carea' id='block_1_103' title="bbox 405 5783 2106 5854">
    <p class='ocr_par' dir='ltr' id='par_1_103' title="bbox 405 5783 2106 5854">
     <span class='ocr_line' id='line_1_103' title="bbox 405 5783 2106 5854; baseline 0.002 -14"><span class='ocrx_word' id='word_1_687' title='bbox 405 5800 416 5808; x_wconf 74' lang='grc'><strong>“</strong></span> <span class='ocrx_word' id='word_1_688' title='bbox 502 5788 701 5840; x_wconf 87' lang='lat' dir='ltr'><strong>nostro</strong></span> <span class='ocrx_word' id='word_1_689' title='bbox 734 5783 1125 5850; x_wconf 86' lang='lat' dir='ltr'><strong>multipliciter</strong></span> <span class='ocrx_word' id='word_1_690' title='bbox 1153 5789 1536 5854; x_wconf 87' lang='lat' dir='ltr'><strong>consequatur</strong></span> <span class='ocrx_word' id='word_1_691' title='bbox 1554 5785 2001 5842; x_wconf 62' lang='lat' dir='ltr'><strong>etvitaaaeternze</strong></span> <span class='ocrx_word' id='word_1_692' title='bbox 2023 5790 2106 5842; x_wconf 86' lang='lat' dir='ltr'><strong>ef-</strong></span> 
     </span>
    </p>
   </div>
   <div class='ocr_carea' id='block_1_104' title="bbox 501 5867 2102 5941">
    <p class='ocr_par' dir='ltr' id='par_1_104' title="bbox 501 5867 2102 5941">
     <span class='ocr_line' id='line_1_104' title="bbox 501 5867 2102 5941; baseline 0.006 -19"><span class='ocrx_word' id='word_1_693' title='bbox 501 5868 597 5923; x_wconf 77' lang='lat' dir='ltr'><strong>fici</strong></span> <span class='ocrx_word' id='word_1_694' title='bbox 621 5869 914 5919; x_wconf 83' lang='lat' dir='ltr'><strong>mereatur</strong></span> <span class='ocrx_word' id='word_1_695' title='bbox 933 5867 1284 5941; x_wconf 89' lang='lat' dir='ltr'><strong>particepsin</strong></span> <span class='ocrx_word' id='word_1_696' title='bbox 1303 5871 1856 5929; x_wconf 74' lang='lat' dir='ltr'><strong>saeculasacculorum</strong></span> <span class='ocrx_word' id='word_1_697' title='bbox 1871 5917 1882 5932; x_wconf 89' lang='lat'><strong>.</strong></span> <span class='ocrx_word' id='word_1_698' title='bbox 1895 5877 2102 5932; x_wconf 79' lang='lat' dir='ltr'><strong>Amen.</strong></span> 
     </span>
    </p>
   </div>
   <div class='ocr_carea' id='block_1_105' title="bbox 2219 4635 3795 4706">
    <p class='ocr_par' dir='ltr' id='par_1_105' title="bbox 2219 4635 3795 4706">
     <span class='ocr_line' id='line_1_105' title="bbox 2219 4635 3795 4706; baseline -0.003 -14"><span class='ocrx_word' id='word_1_699' title='bbox 2219 4637 2406 4700; x_wconf 89' lang='lat' dir='ltr'><strong>silvas,</strong></span> <span class='ocrx_word' id='word_1_700' title='bbox 2427 4635 2642 4702; x_wconf 90' lang='lat' dir='ltr'><strong>vineas,</strong></span> <span class='ocrx_word' id='word_1_701' title='bbox 2661 4637 2848 4706; x_wconf 89' lang='lat' dir='ltr'><strong>prata,</strong></span> <span class='ocrx_word' id='word_1_702' title='bbox 2865 4649 3143 4706; x_wconf 90' lang='lat' dir='ltr'><strong>pecorum</strong></span> <span class='ocrx_word' id='word_1_703' title='bbox 3171 4649 3404 4706; x_wconf 88' lang='lat' dir='ltr'><strong>pascua,</strong></span> <span class='ocrx_word' id='word_1_704' title='bbox 3436 4640 3795 4704; x_wconf 85' lang='lat' dir='ltr'><strong>areas,toreu-</strong></span> 
     </span>
    </p>
   </div>
   <div class='ocr_carea' id='block_1_106' title="bbox 2216 4722 3788 4796">
    <p class='ocr_par' dir='ltr' id='par_1_106' title="bbox 2216 4722 3788 4796">
     <span class='ocr_line' id='line_1_106' title="bbox 2216 4722 3788 4796; baseline -0.002 -16"><span class='ocrx_word' id='word_1_705' title='bbox 2216 4725 2380 4792; x_wconf 89' lang='lat' dir='ltr'><strong>laria,</strong></span> <span class='ocrx_word' id='word_1_706' title='bbox 2411 4740 2609 4796; x_wconf 82' lang='lat' dir='ltr'><strong>aquas,</strong></span> <span class='ocrx_word' id='word_1_707' title='bbox 2650 4739 2933 4796; x_wconf 89' lang='lat' dir='ltr'><strong>aquarum</strong></span> <span class='ocrx_word' id='word_1_708' title='bbox 2983 4722 3204 4791; x_wconf 89' lang='lat' dir='ltr'><strong>ductus,</strong></span> <span class='ocrx_word' id='word_1_709' title='bbox 3239 4724 3358 4780; x_wconf 85' lang='lat' dir='ltr'><strong>vias</strong></span> <span class='ocrx_word' id='word_1_710' title='bbox 3423 4725 3788 4786; x_wconf 86' lang='lat' dir='ltr'><strong>molendinas,</strong></span> 
     </span>
    </p>
   </div>
   <div class='ocr_carea' id='block_1_107' title="bbox 2218 4811 3794 4887">
    <p class='ocr_par' dir='ltr' id='par_1_107' title="bbox 2218 4811 3794 4887">
     <span class='ocr_line' id='line_1_107' title="bbox 2218 4811 3794 4887; baseline -0.003 -17"><span class='ocrx_word' id='word_1_711' title='bbox 2218 4811 2676 4870; x_wconf 89' lang='lat' dir='ltr'><strong>molendinarios</strong></span> <span class='ocrx_word' id='word_1_712' title='bbox 2703 4829 2837 4868; x_wconf 90' lang='lat' dir='ltr'><strong>cum</strong></span> <span class='ocrx_word' id='word_1_713' title='bbox 2881 4811 2996 4868; x_wconf 91' lang='lat' dir='ltr'><strong>suis</strong></span> <span class='ocrx_word' id='word_1_714' title='bbox 3049 4813 3409 4885; x_wconf 87' lang='lat' dir='ltr'><strong>caputaquis,</strong></span> <span class='ocrx_word' id='word_1_715' title='bbox 3462 4818 3522 4868; x_wconf 91' lang='lat' dir='ltr'><strong>et</strong></span> <span class='ocrx_word' id='word_1_716' title='bbox 3572 4814 3794 4887; x_wconf 84' lang='lat' dir='ltr'><strong>piscato-</strong></span> 
     </span>
    </p>
   </div>
   <div class='ocr_carea' id='block_1_108' title="bbox 2218 4900 3789 4976">
    <p class='ocr_par' dir='ltr' id='par_1_108' title="bbox 2218 4900 3789 4976">
     <span class='ocr_line' id='line_1_108' title="bbox 2218 4900 3789 4976; baseline -0.003 -18"><span class='ocrx_word' id='word_1_717' title='bbox 2218 4902 2337 4970; x_wconf 89' lang='lat' dir='ltr'><strong>riis,</strong></span> <span class='ocrx_word' id='word_1_718' title='bbox 2360 4918 2490 4956; x_wconf 91' lang='lat' dir='ltr'><strong>cum</strong></span> <span class='ocrx_word' id='word_1_719' title='bbox 2504 4900 2716 4968; x_wconf 90' lang='lat' dir='ltr'><strong>salinis,</strong></span> <span class='ocrx_word' id='word_1_720' title='bbox 2739 4903 2798 4955; x_wconf 91' lang='lat' dir='ltr'><strong>et</strong></span> <span class='ocrx_word' id='word_1_721' title='bbox 2817 4900 3056 4957; x_wconf 90' lang='lat' dir='ltr'><strong>clibanis</strong></span> <span class='ocrx_word' id='word_1_722' title='bbox 3071 4900 3268 4972; x_wconf 89' lang='lat' dir='ltr'><strong>piceis,</strong></span> <span class='ocrx_word' id='word_1_723' title='bbox 3293 4902 3497 4958; x_wconf 89' lang='lat' dir='ltr'><strong>omnia</strong></span> <span class='ocrx_word' id='word_1_724' title='bbox 3517 4900 3789 4976; x_wconf 85' lang='lat' dir='ltr'><strong>acquisita,</strong></span> 
     </span>
    </p>
   </div>
   <div class='ocr_carea' id='block_1_109' title="bbox 2217 4988 3789 5062">
    <p class='ocr_par' dir='ltr' id='par_1_109' title="bbox 2217 4988 3789 5062">
     <span class='ocr_line' id='line_1_109' title="bbox 2217 4988 3789 5062; baseline -0.003 -17"><span class='ocrx_word' id='word_1_725' title='bbox 2217 4992 2306 5045; x_wconf 92' lang='lat' dir='ltr'><strong>vel</strong></span> <span class='ocrx_word' id='word_1_726' title='bbox 2354 4988 2709 5062; x_wconf 87' lang='lat' dir='ltr'><strong>acquirenda</strong></span> <span class='ocrx_word' id='word_1_727' title='bbox 2762 4988 2956 5045; x_wconf 88' lang='lat' dir='ltr'><strong>Sancti</strong></span> <span class='ocrx_word' id='word_1_728' title='bbox 3005 4989 3230 5045; x_wconf 84' lang='lat' dir='ltr'><strong>Martini</strong></span> <span class='ocrx_word' id='word_1_729' title='bbox 3284 4991 3547 5048; x_wconf 62' lang='lat' dir='ltr'><strong>coenobio</strong></span> <span class='ocrx_word' id='word_1_730' title='bbox 3578 4993 3636 5046; x_wconf 92' lang='lat' dir='ltr'><strong>in</strong></span> <span class='ocrx_word' id='word_1_731' title='bbox 3669 4989 3789 5044; x_wconf 81' lang='lat' dir='ltr'><strong>valle</strong></span> 
     </span>
    </p>
   </div>
   <div class='ocr_carea' id='block_1_110' title="bbox 2219 5078 3791 5152">
    <p class='ocr_par' dir='ltr' id='par_1_110' title="bbox 2219 5078 3791 5152">
     <span class='ocr_line' id='line_1_110' title="bbox 2219 5078 3791 5152; baseline -0.004 -16"><span class='ocrx_word' id='word_1_732' title='bbox 2219 5080 2544 5136; x_wconf 86' lang='lat' dir='ltr'><strong>Conﬂuenti</strong></span> <span class='ocrx_word' id='word_1_733' title='bbox 2569 5080 2626 5134; x_wconf 92' lang='lat' dir='ltr'><strong>in</strong></span> <span class='ocrx_word' id='word_1_734' title='bbox 2650 5083 2849 5136; x_wconf 89' lang='lat' dir='ltr'><strong>monte</strong></span> <span class='ocrx_word' id='word_1_735' title='bbox 2867 5078 3252 5151; x_wconf 83' lang='lat' dir='ltr'><strong>Canigonensi</strong></span> <span class='ocrx_word' id='word_1_736' title='bbox 3273 5079 3333 5134; x_wconf 91' lang='lat' dir='ltr'><strong>in</strong></span> <span class='ocrx_word' id='word_1_737' title='bbox 3365 5096 3508 5152; x_wconf 89' lang='lat' dir='ltr'><strong>pace</strong></span> <span class='ocrx_word' id='word_1_738' title='bbox 3529 5084 3730 5146; x_wconf 89' lang='lat' dir='ltr'><strong>tenere,</strong></span> <span class='ocrx_word' id='word_1_739' title='bbox 3747 5078 3791 5130; x_wconf 87' lang='lat' dir='ltr'><strong>et</strong></span> 
     </span>
    </p>
   </div>
   <div class='ocr_carea' id='block_1_111' title="bbox 2217 5167 3791 5240">
    <p class='ocr_par' dir='ltr' id='par_1_111' title="bbox 2217 5167 3791 5240">
     <span class='ocr_line' id='line_1_111' title="bbox 2217 5167 3791 5240; baseline -0.003 -17"><span class='ocrx_word' id='word_1_740' title='bbox 2217 5168 2512 5240; x_wconf 90' lang='lat' dir='ltr'><strong>possidere</strong></span> <span class='ocrx_word' id='word_1_741' title='bbox 2539 5167 2661 5222; x_wconf 91' lang='lat' dir='ltr'><strong>sine</strong></span> <span class='ocrx_word' id='word_1_742' title='bbox 2693 5169 2928 5239; x_wconf 88' lang='lat' dir='ltr'><strong>alicujus</strong></span> <span class='ocrx_word' id='word_1_743' title='bbox 2951 5167 3366 5239; x_wconf 87' lang='lat' dir='ltr'><strong>inquietudinis</strong></span> <span class='ocrx_word' id='word_1_744' title='bbox 3387 5169 3606 5224; x_wconf 89' lang='lat' dir='ltr'><strong>damno</strong></span> <span class='ocrx_word' id='word_1_745' title='bbox 3632 5169 3791 5224; x_wconf 79' lang='lat' dir='ltr'><strong>decre-</strong></span> 
     </span>
    </p>
   </div>
   <div class='ocr_carea' id='block_1_112' title="bbox 2214 5255 3788 5328">
    <p class='ocr_par' dir='ltr' id='par_1_112' title="bbox 2214 5255 3788 5328">
     <span class='ocr_line' id='line_1_112' title="bbox 2214 5255 3788 5328; baseline -0.004 -16"><span class='ocrx_word' id='word_1_746' title='bbox 2214 5259 2418 5312; x_wconf 90' lang='lat' dir='ltr'><strong>vimus.</strong></span> <span class='ocrx_word' id='word_1_747' title='bbox 2454 5257 2770 5312; x_wconf 88' lang='lat' dir='ltr'><strong>Statuimus</strong></span> <span class='ocrx_word' id='word_1_748' title='bbox 2798 5259 2993 5312; x_wconf 89' lang='lat' dir='ltr'><strong>autem</strong></span> <span class='ocrx_word' id='word_1_749' title='bbox 3040 5259 3121 5322; x_wconf 90' lang='lat' dir='ltr'><strong>ut,</strong></span> <span class='ocrx_word' id='word_1_750' title='bbox 3171 5255 3408 5328; x_wconf 88' lang='lat' dir='ltr'><strong>quando</strong></span> <span class='ocrx_word' id='word_1_751' title='bbox 3444 5257 3618 5312; x_wconf 87' lang='lat' dir='ltr'><strong>abbas</strong></span> <span class='ocrx_word' id='word_1_752' title='bbox 3644 5255 3788 5327; x_wconf 89' lang='lat' dir='ltr'><strong>ipsius</strong></span> 
     </span>
    </p>
   </div>
   <div class='ocr_carea' id='block_1_113' title="bbox 2215 5339 3787 5420">
    <p class='ocr_par' dir='ltr' id='par_1_113' title="bbox 2215 5339 3787 5420">
     <span class='ocr_line' id='line_1_113' title="bbox 2215 5339 3787 5420; baseline -0.006 -18"><span class='ocrx_word' id='word_1_753' title='bbox 2215 5345 2551 5402; x_wconf 87' lang='lat' dir='ltr'><strong>monasterii</strong></span> <span class='ocrx_word' id='word_1_754' title='bbox 2582 5345 2808 5414; x_wconf 88' lang='lat' dir='ltr'><strong>obierit,</strong></span> <span class='ocrx_word' id='word_1_755' title='bbox 2843 5361 3031 5417; x_wconf 90' lang='lat' dir='ltr'><strong>neque</strong></span> <span class='ocrx_word' id='word_1_756' title='bbox 3055 5345 3352 5415; x_wconf 84' lang='lat' dir='ltr'><strong>aregibus,</strong></span> <span class='ocrx_word' id='word_1_757' title='bbox 3368 5363 3561 5420; x_wconf 90' lang='lat' dir='ltr'><strong>neque</strong></span> <span class='ocrx_word' id='word_1_758' title='bbox 3580 5363 3612 5400; x_wconf 90' lang='lat' dir='ltr'><strong>a</strong></span> <span class='ocrx_word' id='word_1_759' title='bbox 3644 5339 3787 5399; x_wconf 88' lang='lat' dir='ltr'><strong>comi-</strong></span> 
     </span>
    </p>
   </div>
   <div class='ocr_carea' id='block_1_114' title="bbox 2213 5434 3786 5508">
    <p class='ocr_par' dir='ltr' id='par_1_114' title="bbox 2213 5434 3786 5508">
     <span class='ocr_line' id='line_1_114' title="bbox 2213 5434 3786 5508; baseline -0.003 -20"><span class='ocrx_word' id='word_1_760' title='bbox 2213 5436 2385 5500; x_wconf 86' lang='lat' dir='ltr'><strong>tibus,</strong></span> <span class='ocrx_word' id='word_1_761' title='bbox 2419 5451 2604 5506; x_wconf 88' lang='lat' dir='ltr'><strong>neque</strong></span> <span class='ocrx_word' id='word_1_762' title='bbox 2634 5452 2666 5490; x_wconf 92' lang='lat' dir='ltr'><strong>a</strong></span> <span class='ocrx_word' id='word_1_763' title='bbox 2695 5434 3078 5507; x_wconf 77' lang='lat' dir='ltr'><strong>qualicunque</strong></span> <span class='ocrx_word' id='word_1_764' title='bbox 3115 5450 3365 5506; x_wconf 89' lang='lat' dir='ltr'><strong>persona</strong></span> <span class='ocrx_word' id='word_1_765' title='bbox 3389 5434 3786 5508; x_wconf 77' lang='lat' dir='ltr'><strong>cupiditatiSpe-</strong></span> 
     </span>
    </p>
   </div>
   <div class='ocr_carea' id='block_1_115' title="bbox 2214 5519 3779 5595">
    <p class='ocr_par' dir='ltr' id='par_1_115' title="bbox 2214 5519 3779 5595">
     <span class='ocr_line' id='line_1_115' title="bbox 2214 5519 3779 5595; baseline -0.004 -16"><span class='ocrx_word' id='word_1_766' title='bbox 2214 5524 2396 5580; x_wconf 71' lang='lat' dir='ltr'><strong>cunize</strong></span> <span class='ocrx_word' id='word_1_767' title='bbox 2418 5540 2607 5590; x_wconf 89' lang='lat' dir='ltr'><strong>causa,</strong></span> <span class='ocrx_word' id='word_1_768' title='bbox 2643 5539 2830 5595; x_wconf 88' lang='lat' dir='ltr'><strong>neque</strong></span> <span class='ocrx_word' id='word_1_769' title='bbox 2847 5538 2950 5593; x_wconf 91' lang='lat' dir='ltr'><strong>pro</strong></span> <span class='ocrx_word' id='word_1_770' title='bbox 2982 5523 3367 5594; x_wconf 83' lang='lat' dir='ltr'><strong>qualicunque</strong></span> <span class='ocrx_word' id='word_1_771' title='bbox 3399 5519 3779 5579; x_wconf 85' lang='lat' dir='ltr'><strong>favorisinanis</strong></span> 
     </span>
    </p>
   </div>
   <div class='ocr_carea' id='block_1_116' title="bbox 2212 5605 3778 5684">
    <p class='ocr_par' dir='ltr' id='par_1_116' title="bbox 2212 5605 3778 5684">
     <span class='ocr_line' id='line_1_116' title="bbox 2212 5605 3778 5684; baseline -0.007 -17"><span class='ocrx_word' id='word_1_772' title='bbox 2212 5611 2634 5684; x_wconf 84' lang='lat' dir='ltr'><strong>gloriaibidem</strong></span> <span class='ocrx_word' id='word_1_773' title='bbox 2660 5611 3086 5667; x_wconf 86' lang='lat' dir='ltr'><strong>constituantur</strong></span> <span class='ocrx_word' id='word_1_774' title='bbox 3121 5611 3394 5679; x_wconf 89' lang='lat' dir='ltr'><strong>abbates;</strong></span> <span class='ocrx_word' id='word_1_775' title='bbox 3431 5613 3580 5666; x_wconf 88' lang='lat' dir='ltr'><strong>seda</strong></span> <span class='ocrx_word' id='word_1_776' title='bbox 3597 5605 3778 5665; x_wconf 86' lang='lat' dir='ltr'><strong>cunctis</strong></span> 
     </span>
    </p>
   </div>
   <div class='ocr_carea' id='block_1_117' title="bbox 2211 5696 3777 5772">
    <p class='ocr_par' dir='ltr' id='par_1_117' title="bbox 2211 5696 3777 5772">
     <span class='ocr_line' id='line_1_117' title="bbox 2211 5696 3777 5772; baseline -0.004 -17"><span class='ocrx_word' id='word_1_777' title='bbox 2211 5700 2426 5755; x_wconf 87' lang='lat' dir='ltr'><strong>ibidem</strong></span> <span class='ocrx_word' id='word_1_778' title='bbox 2451 5699 2792 5772; x_wconf 83' lang='lat' dir='ltr'><strong>degentibus</strong></span> <span class='ocrx_word' id='word_1_779' title='bbox 2806 5699 3433 5757; x_wconf 84' lang='lat' dir='ltr'><strong>servisDeisecundum</strong></span> <span class='ocrx_word' id='word_1_780' title='bbox 3455 5700 3628 5756; x_wconf 88' lang='lat' dir='ltr'><strong>Deum</strong></span> <span class='ocrx_word' id='word_1_781' title='bbox 3649 5696 3777 5768; x_wconf 82' lang='lat' dir='ltr'><strong>juxta</strong></span> 
     </span>
    </p>
   </div>
   <div class='ocr_carea' id='block_1_118' title="bbox 2212 5783 3775 5859">
    <p class='ocr_par' dir='ltr' id='par_1_118' title="bbox 2212 5783 3775 5859">
     <span class='ocr_line' id='line_1_118' title="bbox 2212 5783 3775 5859; baseline -0.003 -17"><span class='ocrx_word' id='word_1_782' title='bbox 2212 5787 2507 5842; x_wconf 84' lang='lat' dir='ltr'><strong>Benedicti</strong></span> <span class='ocrx_word' id='word_1_783' title='bbox 2537 5787 2720 5842; x_wconf 88' lang='lat' dir='ltr'><strong>Patris</strong></span> <span class='ocrx_word' id='word_1_784' title='bbox 2751 5788 3014 5859; x_wconf 84' lang='lat' dir='ltr'><strong>regulam</strong></span> <span class='ocrx_word' id='word_1_785' title='bbox 3049 5786 3344 5858; x_wconf 84' lang='lat' dir='ltr'><strong>eligantur</strong></span> <span class='ocrx_word' id='word_1_786' title='bbox 3383 5787 3636 5844; x_wconf 87' lang='lat' dir='ltr'><strong>abbates.</strong></span> <span class='ocrx_word' id='word_1_787' title='bbox 3666 5783 3775 5838; x_wconf 86' lang='lat' dir='ltr'><strong>Con-</strong></span> 
     </span>
    </p>
   </div>
   <div class='ocr_carea' id='block_1_119' title="bbox 2211 5871 3768 5948">
    <p class='ocr_par' dir='ltr' id='par_1_119' title="bbox 2211 5871 3768 5948">
     <span class='ocr_line' id='line_1_119' title="bbox 2211 5871 3768 5948; baseline -0.007 -15"><span class='ocrx_word' id='word_1_788' title='bbox 2211 5877 2513 5933; x_wconf 79' lang='lat' dir='ltr'><strong>firmamus</strong></span> <span class='ocrx_word' id='word_1_789' title='bbox 2559 5892 2720 5948; x_wconf 87' lang='lat' dir='ltr'><strong>ergo,</strong></span> <span class='ocrx_word' id='word_1_790' title='bbox 2761 5879 2820 5932; x_wconf 90' lang='lat' dir='ltr'><strong>et</strong></span> <span class='ocrx_word' id='word_1_791' title='bbox 2873 5875 3197 5934; x_wconf 84' lang='lat' dir='ltr'><strong>stabilimus</strong></span> <span class='ocrx_word' id='word_1_792' title='bbox 3247 5875 3464 5934; x_wconf 88' lang='lat' dir='ltr'><strong>amodo</strong></span> <span class='ocrx_word' id='word_1_793' title='bbox 3521 5879 3582 5932; x_wconf 89' lang='lat' dir='ltr'><strong>ut</strong></span> <span class='ocrx_word' id='word_1_794' title='bbox 3615 5871 3768 5932; x_wconf 86' lang='lat' dir='ltr'><strong>nullus</strong></span> 
     </span>
    </p>
   </div>
  </div>
