3888 6218
410 530 548 588 1519

1789 505 2011 567 SERGH
2051 503 2120 564 IV
2156 498 2363 562 PAPZE

3598 492 3750 550 1520

406 651 566 707 mino
593 651 666 706 de
695 646 966 721 parochia
991 642 1181 700 Sancti
1213 639 1384 707 Petri,
1418 637 1516 712 qui
1565 635 1770 692 dicitur
1805 634 2006 697 Serra,
2032 633 2089 694 Α
2111 626 2533 682 conﬁrmantur
2579 639 2613 676 a
2661 619 2830 677 nobis
2873 615 3209 692 apostolica.
3249 615 3308 672 Si
3341 613 3472 688 quis
3518 615 3762 671 autem,

408 742 494 796 vel
517 741 608 794 del
625 737 950 810 Aquabula;
969 734 1038 787 de
1061 732 1230 786 tertia
1257 745 1485 800 quoque
1508 724 1742 799 partein
1761 721 2011 810 termino

409 829 480 883 de
495 808 838 896 Civennago,
859 824 927 878 de
946 823 1149 892 quarta
1173 817 1455 889 siquidem
1474 818 1637 888 parte
1653 813 1712 867 in
1736 808 2012 883 parochia

410 915 602 971 Sancti
633 910 945 969 Saturnini.
982 908 1272 971 Quantum
1320 905 1474 959 infra
1506 903 1631 958 istis
1671 898 2013 956 terminibus

411 1003 715 1057 fundatum
737 1017 857 1055 esse
875 998 1114 1062 videtur,
1134 999 1254 1049 tam
1270 995 1487 1047 cultum
1508 1006 1683 1064 quam
1703 988 2007 1050 incultum,

413 1095 470 1145 et
494 1087 929 1162 praenominatis
961 1082 1412 1156 possessionibus
1439 1080 1786 1145 dec1mas,et
1812 1072 2013 1147 primi-

414 1179 520 1232 tias
550 1194 679 1232 cum
694 1173 1076 1231 oblationibus
1105 1170 1362 1224 ﬁdelium
1402 1168 1488 1222 his
1513 1163 1825 1238 prmlibatis
1843 1177 2016 1234 paro-

412 1265 551 1320 chiis
571 1266 643 1320 ad
663 1262 1074 1335 possidendum
1093 1257 1427 1329 perenniter
1441 1251 2013 1309 contradimus.Prm-

413 1355 656 1426 cipimus
687 1353 862 1407 etiam
887 1348 1229 1404 auctoritate
1246 1345 1583 1417 apostolica,
1601 1346 1663 1396 ut
1689 1342 1878 1396 nullus
1902 1336 2020 1408 epi-

412 1460 636 1516 scopus,
673 1440 977 1510 omnisque
1008 1436 1236 1507 generis
1267 1449 1514 1505 persona
1544 1430 1837 1500 infrajam
1864 1427 2016 1480 dicta

415 1513 666 1587 termina
680 1530 750 1583 de
765 1528 852 1582 his
865 1526 1284 1595 duabusprazno
1295 1519 1524 1575 minatis
1536 1516 1819 1589 parochiis
1834 1513 2020 1568 novel-

416 1622 534 1676 lam
551 1617 658 1672 sibi
688 1615 988 1671 ecclesiam
1019 1614 1350 1666 construere
1388 1608 1724 1681 praesumat,
1757 1619 1859 1658 nec
1913 1602 2020 1655 cle-

417 1706 566 1761 ricos
597 1704 737 1760 alios
762 1703 974 1773 eligere
991 1699 1064 1754 ad
1088 1715 1288 1753 eorum
1310 1695 1636 1750 functiones
1659 1688 2020 1764 peragendas

420 1810 528 1848 nec
552 1793 690 1847 alias
721 1789 985 1844 ecclesias
1041 1785 1349 1856 erigendas
1405 1783 1478 1837 ad
1507 1779 1894 1837 ministerium
1926 1794 2020 1831 au-

422 1882 720 1943 diendum,
750 1893 854 1932 nec
885 1877 1000 1930 ulla
1026 1890 1274 1945 persona
1298 1871 1639 1926 clericorum
1685 1868 1764 1923 eis
1793 1881 2021 1922 sacrum

2116 715 2271 788 quod
2302 713 2425 768 ﬁeri
2457 729 2574 767 non
2631 709 2944 777 credimus,
2974 707 3286 763 temerario
3344 721 3486 759 ausu
3534 705 3761 757 contra

2113 803 2282 873 hujus
2314 800 2490 855 nostri
2526 795 2805 871 privilegii
2842 799 3076 863 statuta,
3144 794 3302 867 quod
3339 791 3755 873 _concedimus

2115 890 2476 958 disrumpere
2507 869 2840 951 tentaverit,
2886 884 2996 938 nisi
3023 869 3357 955 resipuerit:
3379 879 3749 934 auctoritate

2115 978 2216 1033 Dei
2249 975 2666 1048 omnipotentis
2696 978 2752 1028 et
2779 973 2960 1027 sancti
2984 971 3135 1026 Petri
3149 969 3550 1042 apostolorum
3572 967 3754 1039 prin-

2117 1065 2255 1136 cipis
2286 1069 2458 1135 atque
2490 1067 2707 1125 nostra,
2738 1062 2837 1134 qui
2858 1061 2980 1132 ejus
2998 1059 3301 1131 fungimur
3327 1057 3468 1123 vice,
3497 1054 3759 1110 anathev

2119 1153 2289 1207 matis
2316 1152 2553 1206 vinculis
2603 1149 3075 1205 indissolubiliter
3119 1145 3550 1209 innodandum,
3615 1147 3676 1198 et
3714 1159 3758 1196 a

2119 1257 2301 1311 regno
2328 1241 2430 1295 Dei
2474 1257 2533 1294 se
2589 1238 2801 1294 sentiat
2832 1237 3169 1291 alienatum.
3219 1233 3568 1289 Praedictum
3601 1247 3753 1285 vero

2120 1328 2537 1383 monasterium
2555 1326 2724 1382 nobis
2746 1323 3116 1380 tributarium
3130 1323 3396 1394 eligimus
3418 1336 3524 1392 per
3540 1319 3757 1390 singu-

2120 1416 2205 1469 los
2235 1415 2569 1469 annosduos
2588 1410 2998 1474 bizantios.Qui
3017 1414 3213 1464 autem
3239 1407 3584 1480 praedictum
3599 1421 3752 1460 san-

2121 1505 2275 1557 ctum
2296 1501 2714 1556 monasterium
2742 1503 2953 1554 sanctas
2983 1497 3134 1553 sedis
3159 1494 3528 1551 tributarium
3549 1493 3752 1564 inquo

2119 1589 2372 1662 potuerit
2387 1588 2644 1660 elegerit,
2677 1591 2734 1641 et
2755 1586 2936 1642 nostri
2955 1584 3236 1658 privilegii
3272 1584 3616 1638 observator
3636 1600 3751 1637 ex-

2119 1678 2342 1745 stiterit,
2349 1693 2458 1747 pax
2475 1693 2644 1748 super
2656 1675 2818 1730 illum
2831 1675 2903 1729 sit
2921 1677 2980 1729 et
2992 1671 3387 1728 misericordia
3397 1671 3755 1727 benedicta-

2122 1765 2230 1832 nis,
2262 1765 2321 1819 in
2364 1765 2630 1819 omnibus
2672 1765 2840 1818 rebus
2869 1764 3250 1834 locupletatus
3291 1759 3480 1832 gratia
3498 1759 3648 1815 sciat
3677 1776 3750 1815 se

2122 1853 2468 1924 adepturum
2506 1851 2718 1924 gaudia
2745 1850 3118 1923 sempiterna.

422 1968 808 2026 ministerium
855 1965 1118 2020 exerceat
1173 1961 1262 2015 his
1319 1960 1417 2032 qui
1461 1957 1738 2030 praedicta
1766 1938 2094 2011 terminaB
2196 1933 3752 2032 δοῐὶρῐμιῐξρθτωᾶιιιιωΒθηεᾶὶεὶὶηοιειτὶὶιδθείοηωξὶ,

422 2059 688 2114 videntur
707 2054 990 2119 habitare,
1023 2052 1126 2106 nisi
1145 2048 1549 2104 tantummodo
1571 2046 1632 2101 hi
1659 2045 1754 2118 qui
1786 2061 1890 2115 per
1906 2059 2026 2098 ma-

423 2165 530 2204 nus
551 2145 773 2202 abbatis
791 2141 1014 2216 praefati
1028 2139 1272 2195 coenobii
1299 2137 1514 2191 fuerint
1535 2133 1831 2205 subrogati
1852 2131 1908 2186 in
1937 2130 2027 2185 his

423 2251 598 2309 supra
625 2231 936 2289 nominatis
967 2229 1188 2283 duabus
1207 2224 1512 2298 parochiis.
1545 2222 1651 2286 Qui
1685 2221 1851 2276 aliter
1880 2235 2025 2291 prae-

426 2322 754 2395 sumpserit,
785 2323 994 2374 nostra:
1012 2315 1365 2371 auctoritatis
1380 2311 1667 2368 sententia
1691 2324 2025 2364 excommu-

427 2410 733 2467 nicationis
749 2408 974 2462 vinculo
1005 2406 1262 2460 feriatur.
1286 2402 1453 2456 Enim
1465 2416 1599 2454 vero
1630 2401 1689 2453 et
1716 2397 2026 2453 confirma-

425 2517 557 2556 mus
572 2499 630 2554 in
643 2497 884 2571 praefato
900 2492 1250 2548 monasterio
1263 2491 1402 2545 alios
1414 2504 1619 2544 omnes
1630 2483 2028 2556 alodios,qui;a

427 2585 806 2644 ﬁdelibusDci
844 2584 902 2638 in
935 2580 1234 2654 przelibato
1265 2576 1616 2634 monasterio
1637 2574 1829 2630 collati
1858 2589 2027 2645 repe-

427 2673 894 2743 riuntur,scilicet
921 2671 1114 2725 villam
1141 2666 1466 2724 Tordarias.
1497 2681 1628 2719 cum
1657 2663 1869 2718 finibus
1891 2661 2024 2730 suis,

428 2768 488 2821 et
515 2764 710 2818 villam
748 2758 1101 2815 Fullonicam
1129 2772 1261 2810 cum
1310 2753 1547 2809 ecclesia
1598 2751 1780 2808 sancti
1802 2749 2026 2806 Martini

425 2869 558 2908 cum
578 2847 812 2905 decimis
829 2857 886 2900 et
899 2844 1166 2918 primitiis
1178 2842 1376 2910 suis,et
1393 2842 1716 2898 oblationes
1732 2840 2022 2908 fidelium;

425 2955 639 3010 nempe
677 2939 735 2992 et
790 2936 985 2990 villare
1015 2932 1113 3004 qui
1159 2933 1394 2986 vocatur
1438 2930 1594 2984 Kasti
1625 2947 1753 2984 cum
1789 2925 2027 2983 ecclesia

425 3027 622 3084 Sancti
646 3023 883 3080 Joannis
912 3038 1045 3075 cum
1077 3019 1315 3075 decimis
1341 3022 1399 3072 et
1434 3018 1787 3091 primitiis,et
1816 3014 2026 3070 ﬁnibus

423 3116 742 3172 suis.Plane
769 3111 1090 3184 quidem,et
1119 3107 1384 3162 alaudem
1418 3106 1488 3161 de
1508 3107 1640 3161 villa
1657 3105 2023 3169 Csssamolas,

427 3201 755 3259 ecclestiam
780 3213 1009 3271 quoque
1030 3196 1252 3251 Sanctae
1275 3194 1618 3266 Maria3,quaa
1647 3193 1855 3281 dicitur
1884 3194 2027 3247 Pan-
2050 3220 2099 3281 α

422 3291 701 3348 nessiares
731 3289 833 3342 sub
857 3287 1097 3341 tuitione
1129 3283 1350 3339 domini
1380 3282 1656 3337 Bernardi
1689 3280 1932 3346 comitis,
1968 3281 2027 3334 et

421 3379 645 3436 abbatis
662 3375 921 3449 prmdicti
939 3373 1274 3429 monasterii
1299 3372 1371 3428 ad
1387 3370 1924 3432 construendum,et
1937 3385 2025 3424 or-

421 3468 743 3526 dinandum
765 3481 897 3520 cum
912 3463 1066 3518 dona
1082 3461 1339 3516 fidelium
1355 3477 1481 3531 qua:
1505 3459 1584 3514 ibi
1596 3458 1813 3514 fuerint
1827 3458 2023 3512 subro-

420 3560 556 3631 gata
602 3555 727 3610 sine
775 3553 966 3625 aliqua
1017 3549 1402 3604 minoratione
1432 3549 1518 3602 vel
1546 3546 2018 3603 deterioratione.

419 3645 756 3702 Stabilimus
798 3641 969 3696 simul
1018 3655 1148 3693 cum
1180 3637 1378 3692 omnia
1419 3637 1542 3708 ipsa
1592 3652 1721 3707 qua;
1751 3635 2024 3708 deinceps

418 3735 642 3790 videtur
672 3732 1046 3802 augmentare
1074 3727 1161 3781 vel
1191 3726 1343 3797 juste
1395 3723 1693 3796 acquirere
1734 3722 1935 3778 omnia
1961 3723 2022 3778 in

421 3822 689 3878 omnibus
723 3816 1003 3890 quidquid
1053 3815 1361 3886 praefatum
1401 3811 1729 3866 coenobium
1760 3809 2024 3865 videatur

418 3908 748 3977 habere,vel
761 3905 1032 3974 deinceps
1043 3901 1336 3973 acquirere
1348 3898 1451 3954 sub
1464 3901 1676 3953 nostrae
1687 3898 2025 3954 defensione

421 3994 784 4053 certitudinis
806 3992 1114 4062 recipimus
1139 3987 1507 4044 omnimodo:
1533 3987 1766 4059 insuper
1783 4003 2024 4043 censura

421 4082 1063 4160 apostolicastatuentes
1079 4077 1180 4130 sub
1207 4074 1383 4129 divini
1402 4074 1605 4146 judicii
1618 4075 2024 4145 obtestatione,

427 4178 489 4230 ut
511 4173 698 4227 nullus
721 4167 984 4223 Ecclesiae
997 4165 1294 4236 episcopus
1324 4163 1381 4217 in
1411 4163 1651 4236 praefato
1671 4164 2027 4219 monasterio

426 4261 710 4318 ditionem
729 4255 1064 4328 quamlibet,
1097 4257 1194 4308 aut
1210 4252 1871 4308 excommunicationem
1886 4269 2031 4325 prae-

427 4353 620 4408 sumat
647 4347 883 4412 inferre,
916 4360 1020 4399 nec
1051 4343 1109 4398 in
1147 4357 1349 4396 eorum
1393 4341 1663 4410 ecclesiis,
1716 4358 1906 4413 neque
1933 4344 2029 4398 in-

431 4457 632 4500 eorum
664 4434 1132 4512 possessionibus.
1159 4432 1433 4487 Jubemus
1457 4430 1692 4502 insuper
1721 4435 1784 4486 ut
1826 4447 2030 4488 omnes

2126 2032 2184 2084 et
2226 2028 2504 2084 scriniarii
2535 2032 2747 2083 sanctae
2777 2031 2990 2083 nostra:
3041 2027 3321 2082 Romanae
3354 2024 3648 2090 Ecclesiae,
3683 2022 3753 2077 in

2127 2134 2328 2172 mense
2355 2120 2412 2171 et
2440 2117 2760 2173 indictione
2790 2116 3036 2171 decima.

2196 2205 2349 2260 Bene
2377 2206 2584 2260 valete.

2897 2292 2961 2346 1X

2127 2381 2490 2452 Prz'vz'legium
2511 2381 2696 2452 Sergii
2737 2379 2768 2434 1
2780 2379 2831 2436 V
2866 2396 3023 2452 papa:
3040 2395 3144 2451 pro
3182 2377 3503 2435 monasterio
3531 2373 3757 2432 Montis

2795 2469 3050 2542 Maioris.

2641 2559 2830 2632 (Anno
2870 2561 3210 2630 lOO9-iOl2.)

2519 2663 2687 2737 [GalL
2739 2663 2935 2722 Christ.
2974 2681 3123 2729 nov.,
3158 2663 3339 2734 l,l04]

2198 2753 2430 2810 SERGIUS
2455 2753 2776 2825 episcopus,
2803 2769 2996 2808 servus
3015 2768 3307 2808 serverum
3332 2749 3459 2806 Dei.

2199 2842 2409 2898 Notum
2428 2841 2696 2896 omnibus
2714 2840 2838 2895 ﬁeri
2851 2839 3430 2911 volumus,pra3cipue
3443 2837 3744 2893 Amalrico

2127 2930 2575 3002 archiepiscopo,
2597 2928 2986 3000 Poncionique
3000 2927 3456 2999 archiepiscopo,
3475 2926 3743 2981 Eldiber-

2126 3017 2489 3087 to,Jocelino,
2520 3017 2886 3086 Almerardo,
2917 3020 2975 3072 et
3003 3015 3255 3071 Frodoni
3291 3014 3599 3088 episcopis,
3632 3029 3744 3069 cae.

2127 3106 2377 3178 terisque
2403 3110 2524 3161 tam
2555 3106 2778 3160 clericis
2797 3122 2973 3177 quam
3004 3105 3183 3172 laicis,
3207 3106 3457 3159 salutem
3477 3108 3538 3158 et
3563 3103 3743 3158 bene-

2127 3195 2438 3249 dictionem
2459 3192 3178 3265 apostolicam,etc.Sciatis
3189 3192 3345 3264 quod
3362 3190 3742 3246 Archinricus

2127 3284 2302 3338 abbas
2333 3284 2406 3338 ad
2447 3287 2708 3337 nostram
2749 3282 3124 3353 apostolicam
3170 3281 3367 3335 sedem
3409 3279 3742 3334 Aubertum

2123 3372 2478 3427 monachum
2495 3370 2739 3438 misit,ut
2759 3373 2957 3425 nostra
2979 3368 3384 3424 benedictione
3404 3367 3743 3439 Stephanus

2120 3459 2420 3532 episcOpus
2437 3459 2734 3514 ecclesiam
2753 3457 2810 3514 S.
2830 3457 3037 3528 Mariae,
3059 3456 3118 3515 S.
3140 3456 3375 3512 Joannis
3390 3457 3450 3509 et
3468 3453 3529 3509 S.
3551 3453 3741 3523 Petri,

2122 3567 2188 3605 ac
2217 3549 2410 3604 Sancti
2430 3547 2721 3602 Benedicti
2752 3549 3051 3602 consecret
3071 3562 3135 3600 ac
3152 3544 3478 3601 benedicat.
3504 3543 3571 3598 Id
3593 3543 3745 3598 scia-

2122 3637 2459 3706 tis,facimus
2485 3635 2546 3690 in
2577 3635 2699 3707 ejus
2727 3633 3162 3690 consecratione
3181 3633 3359 3687 talem
3374 3630 3742 3688 benedictio-

2123 3742 2261 3782 nem
2289 3729 2348 3780 et
2375 3725 2802 3780 absolutionem
2821 3722 3212 3790 concedimus,
3231 3724 3296 3777 ut
3309 3720 3647 3793 quicunque
3667 3719 3742 3775 ad

2125 3830 2256 3870 eam
2276 3813 2562 3886 paenitens
2611 3813 2672 3868 in
2724 3811 3158 3868 consecratione
3201 3809 3378 3882 ipsius
3406 3808 3741 3876 advenerit,

2124 3905 2239 3958 tale
2269 3902 2594 3958 remedium
2617 3899 3006 3975 percipiat.lbi
3035 3899 3270 3955 tertiam
3297 3900 3526 3970 partem
3553 3897 3745 3970 pceni-

2124 3993 2300 4046 tentia
2331 3991 2414 4046 illi
2460 3990 2820 4058 dimittimus,
2872 3990 2932 4044 et
2992 3986 3293 4044 ecclesiam
3341 4001 3523 4058 usque
3577 3985 3741 4058 apud

2127 4083 2298 4152 caput
2319 4078 2457 4134 anni
2469 4079 2522 4134 ei
2539 4077 2922 4145 reddimus,et
2933 4091 3138 4148 pacem
3154 4078 3212 4129 et
3231 4072 3742 4146 capillosincidere

2126 4168 2376 4236 habeat;
2405 4170 2465 4222 et
2493 4166 2540 4221 si
2581 4181 2739 4220 mors
2785 4165 2846 4219 in
2887 4163 3074 4236 capite
3129 4162 3269 4217 anni
3324 4161 3601 4228 evenerit,
3651 4161 3742 4217 vel

2128 4256 2282 4312 infra
2300 4272 2540 4323 annum,
2563 4272 2632 4310 ex
2656 4256 2854 4310 nostra
2868 4255 3033 4323 parte
3053 4251 3345 4306 absolutus
3366 4250 3738 4323 permaneat,

2130 4349 2190 4402 et
2215 4345 2261 4401 si
2287 4344 2620 4400 desiderans
2640 4358 2745 4414 per
2768 4339 3168 4396 infirmitatem
3191 4338 3521 4394 annualiter
3537 4336 3740 4393 venire

2131 4433 2474 4508 nequiverit,
2505 4436 2564 4487 et
2591 4428 3013 4487 interveniente
3049 4431 3238 4484 morte
3269 4427 3620 4494 occubuerit,
3680 4427 3741 4482 in

431 4531 647 4589 nocivze
683 4523 1073 4583 ecclesiasticae
1099 4519 1481 4586 venditiones,
1515 4520 1602 4573 vel
1627 4520 2029 4578 commutatio-
2051 4501 2106 4560 Β
2133 4501 2266 4580 eam
2294 4520 2573 4577 absolutio
2613 4521 2973 4592 permaneat.
3003 4516 3333 4572 Aldibertus
3359 4532 3494 4571 vero
3521 4519 3580 4570 et
3602 4514 3742 4571 Bai-

432 4643 555 4691 nes,
579 4636 706 4696 quae
733 4618 804 4673 ab
821 4609 1219 4670 abbatibusvel
1247 4606 1525 4696 episcopis
1555 4606 1694 4661 olim
1721 4607 1791 4663 de
1823 4609 2032 4667 eodem

435 4695 787 4772 monasterio
819 4705 983 4758 facta:
1005 4701 1157 4765 sunt,
1195 4713 1262 4751 ex
1292 4695 1633 4750 auctoritate
1681 4700 1879 4753 nostra
1903 4716 2030 4755 om-

435 4805 576 4861 nino
604 4812 796 4853 vacuaa
824 4796 882 4848 et
921 4786 1187 4843 invalidae
1217 4783 1558 4856 persistant:
1589 4783 1724 4854 quia
1753 4786 2031 4859 scriptum

436 4887 696 4962 estquia,
728 4881 884 4955 quod
911 4876 1090 4932 semel
1119 4873 1359 4929 offertur
1382 4873 1497 4926 Deo
1532 4872 1759 4928 auferre
1790 4876 2034 4934 minime

435 4961 622 5039 liceat.
641 4977 855 5031 Damus
867 4967 1041 5023 etiam
1057 4965 1404 5036 potestatem
1424 4961 1723 5016 monachis
1735 4963 1908 5036 ipsius
1924 4969 2035 5024 loci

433 5065 753 5127 secundum
783 5057 1049 5129 regulam
1065 5050 1260 5110 Sancti
1279 5049 1569 5104 Benedicti
1590 5066 1657 5104 ex
1669 5067 1872 5108 eorum
1895 5072 2030 5126 pro-

428 5157 560 5234 pria
583 5146 1056 5223 congregatione,
1070 5142 1159 5197 vel
1179 5138 1330 5194 unde
1343 5141 1544 5208 aptum
1559 5154 1706 5194 essse
1732 5159 2032 5218 perspexe-

426 5226 572 5309 rint,
595 5243 866 5299 abbatem
897 5230 1169 5305 eligendi,
1201 5230 1260 5282 et
1289 5226 1600 5299 synodum,
1628 5245 1734 5283 nec
1757 5232 1893 5303 ipsis
1926 5253 2028 5293 nec

422 5333 649 5395 clericis
665 5341 868 5385 eorum
898 5339 1018 5378 non
1050 5315 1324 5374 custodiri
1348 5316 1600 5370 chrisma
1628 5319 1781 5374 unde
1807 5321 1887 5376 eis
1908 5327 2028 5397 p]a_

419 5421 610 5482 cuerit
633 5411 968 5487 recipiendi,
1000 5411 1060 5464 et
1083 5405 1317 5462 clericos
1343 5419 1566 5472 eorum,
1585 5404 1644 5459 in
1675 5423 2023 5484 quacunque

421 5512 560 5571 sede
605 5503 890 5578 elegerint
941 5493 1251 5554 ordinandi
1293 5495 1352 5546 et
1398 5494 1460 5546 ut
1489 5493 1679 5548 omnis
1707 5498 2018 5570 paenitens,

419 5595 677 5675 quandiu
702 5592 782 5648 ibi
805 5587 1048 5653 steterit,
1077 5582 1368 5675 licentiam
1387 5583 1599 5638 habeat
1621 5586 1917 5644 ecclesiam
1931 5588 2022 5644 in-

417 5670 712 5748 troeundi,
740 5678 829 5733 vel
858 5675 956 5747 qui
983 5672 1203 5729 ibidem
1239 5670 1456 5725 dictum
1498 5670 1672 5726 fuerit
1713 5674 2013 5733 audiendi,

422 5775 557 5829 Haec
582 5765 752 5836 igitur
767 5776 1124 5833 quaecunque
1138 5759 1558 5830 supradiximus
1569 5760 1912 5820 auctoritate
1935 5764 2019 5823 illi

2134 4612 2386 4668 noardus
2409 4609 2507 4682 qui
2522 4610 2676 4664 hanc
2695 4623 2928 4663 causam
2951 4609 3192 4679 propter
3202 4621 3470 4661 amorem
3486 4606 3589 4660 Dei
3608 4605 3740 4662 fieri

2131 4701 2191 4756 in
2222 4716 2425 4756 eorum
2446 4699 2731 4771 potestate
2748 4694 3071 4768 adiuvando
3098 4694 3358 4765 cupiunt,
3373 4693 3444 4749 de
3457 4695 3744 4765 paeniten-

2132 4790 2214 4846 tia
2240 4791 2311 4845 de
2342 4805 2457 4862 qua
2484 4787 2660 4843 modo
2677 4784 2966 4858 suspirant
2993 4782 3240 4839 absoluti
3260 4782 3460 4850 sint,et
3483 4783 3744 4839 habeant

2133 4880 2425 4950 integram
2455 4875 2748 4931 licentiam
2782 4877 2842 4929 et
2865 4871 3310 4945 possibilitatem
3356 4871 3417 4925 in
3450 4875 3740 4944 quantum

2134 4967 2418 5023 voluerint
2443 4970 2563 5020 tam
2592 4962 2700 5036 ipsi
2731 4978 2907 5035 quam
2929 4961 3040 5027 sui,
3069 4961 3322 5033 augendi
3351 4963 3410 5014 et
3440 4959 3740 5016 crescendi

2134 5055 2407 5112 eumdem
2446 5054 2636 5107 locum
2663 5051 2888 5106 naviter
2916 5050 3288 5117 aedificatum,
3314 5052 3373 5104 et
3403 5045 3737 5106 coenobium

2129 5142 2330 5199 Montis
2358 5139 2764 5211 Majoris,quod
2781 5137 2929 5209 juris
2956 5141 3043 5193 est
3062 5138 3339 5192 Romanae
3361 5137 3650 5203 Ecclesiae,
3682 5137 3739 5190 et

2129 5231 2309 5288 sancti
2365 5229 2606 5296 Petri,et
2652 5226 2983 5296 nostri,tam
3020 5225 3081 5280 in
3111 5225 3429 5281 honoribus
3470 5226 3734 5281 ecclesia-

2125 5321 2298 5387 sticis,
2322 5331 2499 5391 quam
2538 5316 2599 5370 in
2620 5315 2704 5370 sui
2735 5318 3021 5386 potestate
3045 5313 3282 5381 habent,
3310 5328 3492 5385 quam
3522 5313 3586 5368 in
3615 5329 3725 5368 caa-

2126 5411 2260 5466 teris
2281 5404 2730 5480 possessionibus
2750 5403 2916 5474 juxta
2945 5401 3105 5474 piam
3135 5401 3480 5472 petitionem
3501 5417 3729 5457 venera-

2121 5498 2249 5555 bilis
2278 5494 2501 5551 abbatis
2529 5492 2788 5564 przedicti
2805 5492 2916 5547 loci
2933 5489 3272 5556 Archinrici,
3293 5492 3351 5544 et
3375 5488 3556 5545 modo
3585 5493 3641 5544 et
3667 5488 3721 5543 in

2119 5585 2484 5654 futuro,sicut
2495 5583 2636 5638 olim
2660 5580 3002 5636 Lambertus
3017 5583 3184 5652 pater
3204 5577 3551 5634 earumdem
3574 5577 3718 5634 mili-

2117 5678 2244 5731 tum
2274 5669 2668 5728 conveniendo
2708 5667 2961 5724 scribere
3012 5666 3170 5722 fecit.
3219 5665 3560 5740 Quicunque
3588 5681 3714 5723 vero

2111 5763 2246 5821 huic
2271 5762 2397 5818 loco
2428 5758 2677 5815 Corteno
2720 5757 2808 5813 vel
2842 5754 3020 5812 Menti
3063 5753 3264 5828 Majori
3304 5755 3459 5812 bene
3497 5753 3709 5824 fecerit.
