3888 6218
153 405 273 461 1521

1329 393 1683 452 EPlSTOLE
1725 394 1807 452 ΕΤ
1851 394 2250 452 DIPLOMATA

3349 398 3368 452 1
3382 397 3484 454 522

149 525 332 582 talem
369 519 855 578 benedictionem
879 516 1138 591 accipiat,
1159 516 1304 572 sicut
1324 516 1661 584 diximus,et
1678 515 1777 590 qui
1807 521 1857 581 Α
1901 516 2195 588 Corgnito,
2229 518 2472 572 salutem
2497 516 2893 573 charissimam
2925 533 3058 572 cum
3083 515 3484 574 benedictione

150 614 219 669 ad
243 613 412 667 hanc
445 609 746 665 ecclesiam
769 608 1142 674 ibit,securus
1173 606 1244 659 de
1277 605 1546 660 omnibus
1577 605 1771 659 inimi-

152 703 226 758 cis
275 700 403 756 suis
440 699 632 766 vadat,
662 701 720 753 et
771 696 868 768 qui
919 695 970 748 ei
1015 694 1247 765 aliquod
1289 695 1776 766 impedimentum

153 788 522 866 praestiterit,
542 787 684 842 sciat
705 786 750 840 is
773 782 1340 839 excommunicatum
1369 785 1425 836 et
1446 784 1779 836 anathema-

154 880 422 934 tizatum.
456 876 515 931 Si
543 874 902 947 quisitaque,
931 870 1087 943 quod
1117 887 1234 925 non
1270 873 1562 941 optamus,
1596 872 1780 924 teme-

156 967 308 1022 rario
347 983 522 1030 ausu,
549 967 656 1018 etc.

220 1055 475 1127 Sergius
503 1056 714 1107 sanctae
742 1050 1038 1106 catholica:
1069 1051 1127 1104 et
1153 1048 1480 1121 apostolica:
1519 1044 1778 1100 Ecclesiae

157 1143 392 1216 praesul.
452 1143 652 1196 Petrus
695 1141 1015 1212 episcopus,
1063 1136 1420 1193 Crescentius
1457 1133 1777 1205 episcopus,

158 1235 363 1288 Petrus
428 1231 749 1302 episcopus,
804 1226 1113 1298 Gregorius
1163 1228 1222 1280 et
1273 1224 1598 1294 Stephanus
1658 1220 1779 1292 epi-

159 1318 344 1389 scopi.

228 1409 456 1462 Datum
490 1404 755 1460 Laterani
783 1420 884 1476 per
913 1419 1120 1457 manus
1147 1399 1386 1457 Joannis
1423 1400 1634 1454 sanctae
1664 1398 1778 1451 Ro-

165 1513 359 1551 manae
392 1493 662 1549 Ecclesiae
689 1492 913 1547 diaconi
942 1489 1271 1546 cardinalis.

954 1597 1016 1652 Χ.

610 1706 710 1759 apa
743 1687 1090 1759 Amalricum
1116 1685 1418 1759 Aquensem
1446 1685 1784 1759 archiepisco-

617 1757 827 1815 elratum
880 1757 1084 1812 Montis

164 1690 394 1762 Sergius
434 1689 530 1743 IV

226 1779 375 1834 pum
435 1762 502 1815 ob

239 1833 551 1904 redarguit.

679 1917 869 1988 (Anno
903 1915 1256 1984 1009-1012.)

577 2021 745 2094 [Gall.
777 2020 982 2079 Christ.
1013 2037 1160 2088 nov.,
1206 2021 1248 2088 Ι,
1284 2021 1398 2090 63.]

241 2129 490 2187 SERGIUS
520 2128 842 2199 episcopus,
873 2141 1065 2181 servus
1097 2140 1392 2180 servorum
1434 2121 1555 2188 Dei,
1599 2119 1788 2176 omni-

171 2220 276 2276 bus
309 2215 785 2288 archiepiscopis,
812 2214 1118 2286 episcopis,
1149 2213 1406 2278 ducibus,
1439 2209 1792 2266 marchioni-

171 2308 276 2363 bus
308 2310 371 2361 et
396 2304 725 2370 comitibus,
759 2303 1004 2358 salutem
1036 2304 1093 2355 et
1133 2301 1506 2374 apostolicam
1552 2298 1790 2354 benedi-

175 2396 466 2450 ctioncm.

247 2483 430 2538 Nobis
442 2483 663 2537 clamor
681 2478 1049 2536 nobilissimae
1069 2478 1370 2535 comitissac
1394 2475 1680 2532 Adelaidis
1701 2477 1795 2530 de-

179 2575 330 2628 latus
354 2574 462 2638 est,
495 2573 554 2624 et
577 2571 1000 2625 monachorum
1031 2571 1088 2624 8.
1125 2568 1278 2623 Petri
1309 2583 1478 2639 super
1510 2566 1657 2620 filios
1685 2565 1792 2618 Ne-

178 2659 443 2731 belongi,
476 2659 823 2713 Bainaldum
851 2658 1134 2724 videlicet,
1165 2657 1515 2711 Willelmum
1561 2657 1617 2708 et
1647 2653 1794 2707 Lan-

180 2750 440 2815 fredum,
466 2752 523 2802 et
546 2747 1039 2819 archiepiscopum
1067 2746 1421 2800 Amalricum
1441 2748 1796 2815 Aquensem,

183 2837 279 2909 qui
304 2835 539 2892 fortiter
564 2836 864 2890 devastant
899 2832 1311 2889 monasterium
1330 2830 1536 2887 Montis
1549 2828 1794 2900 Majoris,

182 2926 343 2997 quod
373 2927 461 2979 est
485 2924 589 2978 sub
620 2925 904 2996 potestate
949 2921 1130 2977 sancti
1181 2921 1334 2976 Petri
1384 2923 1442 2974 et
1491 2922 1710 2984 nostra,
1740 2917 1798 2971 et

183 3012 426 3085 insuper
443 3012 638 3067 villam
663 3028 790 3084 qum
812 3011 1150 3065 nominatur
1172 3011 1459 3074 Pertusus,
1494 3023 1598 3078 per
1620 3006 1800 3060 virtu-

1882 607 2212 678 apostolica.

1951 697 2154 750 Nostra
2182 712 2318 751 cura
2349 695 2650 766 pastoralis
2679 695 2807 750 talis
2835 698 2940 762 est,
2975 694 3197 750 Christo
3232 695 3481 764 favente,

1878 787 1940 838 ut
1955 784 2347 838 discordantes
2362 785 2597 838 clericos
2608 785 2694 838 vel
2708 784 2882 838 laicos
2907 785 2981 838 ad
3005 783 3373 838 concordiam
3390 801 3480 839 re-

1876 872 2303 927 vocemus.ldeo
2323 888 2631 926 monemus
2645 875 2719 938 te,
2743 872 3015 942 prazdicte
3030 871 3298 926 Gratiane
3312 871 3480 938 abba,

1879 962 1935 1014 et
1965 959 2207 1014 omnino
2232 961 2507 1030 jubemus
2541 962 2622 1026 ut,
2649 960 2962 1014 secundum
3003 963 3358 1032 praeceptum
3389 976 3480 1014 re-

1878 1049 2027 1119 gula:
2049 1047 2244 1102 Sancti
2276 1046 2588 1115 Benedicti,
2615 1048 2883 1103 humilies
2898 1052 2953 1103 te
2974 1049 3077 1103 sub
3103 1048 3364 1102 Guidone
3387 1047 3484 1102 ab-

1878 1136 2011 1190 bate
2045 1135 2384 1190 monasterii
2436 1136 2660 1190 Sancta:
2692 1136 2876 1190 Mariae
2931 1137 3084 1208 quod
3131 1135 3368 1207 ponitur
3421 1135 3481 1191 in

1880 1224 2047 1278 Farfa
2063 1241 2076 1292 ;
2093 1227 2149 1277 et
2167 1224 2446 1295 quidquid
2465 1227 2668 1278 contra
2679 1224 3040 1295 praelibatum
3063 1224 3482 1280 monasterium

1883 1312 2093 1383 injuste
2144 1311 2331 1382 egisti,
2390 1311 2554 1365 citius
2600 1312 2897 1379 emendes,
2928 1317 2985 1366 et
3029 1314 3308 1381 ecclesias,
3341 1330 3484 1386 quas

1876 1401 2001 1472 jam
2024 1400 2177 1454 dicto
2202 1399 2396 1454 abbati
2415 1400 2736 1466 contendis,
2752 1400 2965 1454 scilicet
2980 1401 3171 1456 Sancti
3189 1401 3484 1473 Peregrini

1885 1494 1942 1545 et
1969 1489 2162 1544 Sancti
2193 1489 2479 1544 Michaelis
2505 1507 2636 1544 cum
2668 1491 2939 1545 omnibus
2967 1490 3081 1545 suis
3103 1490 3485 1562 pertinentiis,

1885 1579 2094 1632 reddas
2115 1577 2215 1633 illi.
2253 1579 2417 1642 Quod
2439 1579 2483 1632 si
2506 1579 2697 1633 facere
2730 1579 3003 1644 nolueris,
3036 1579 3107 1634 ab
3121 1579 3280 1634 omni
3300 1579 3487 1635 ofﬁcio

1887 1666 2224 1722 sacerdotali
2257 1683 2494 1721 maneas
2536 1667 2773 1721 alienus.
2827 1667 3104 1722 Similiter
3146 1668 3493 1723 mandamus

1196 1755 1362 1828 ajoris
1411 1757 1790 1810 monasterium
1892 1755 2164 1810 omnibus
2213 1755 2501 1825 priedictis
2551 1755 2908 1824 hominibus,
2950 1757 3036 1812 vel
3089 1757 3233 1824 aliis,
3263 1756 3360 1828 qui
3391 1757 3494 1812 tibi

1819 1832 1871 1891 Β
1891 1846 2096 1898 contra
2131 1845 2280 1898 hanc
2313 1847 2570 1899 nostram
2594 1844 2914 1914 jussionem
2961 1846 3314 1916 adiutorium
3345 1863 3498 1917 prae-

1893 1934 2044 1986 stare
2074 1932 2384 2000 voluerint,
2413 1935 2475 1987 ut
2495 1937 2654 1987 extra
2674 1933 2984 1988 Ecclesiam
3004 1938 3302 2003 maneant,
3317 1953 3494 2007 usque

1893 2021 2032 2074 dum
2065 2037 2169 2092 per
2202 2021 2656 2076 satisfactionem
2680 2022 3137 2077 emendaverint.

2635 2128 2746 2182 XII.

1893 2212 2120 2282 Sergius
2152 2210 2242 2266 IV
2285 2211 2541 2268 Ecclesiae
2570 2214 2954 2285 Bambergensi
2964 2214 3258 2287 privilegia
3287 2214 3496 2270 tribuit.

2408 2302 2598 2371 (Anno
2635 2304 2981 2374 10094012.)

1900 2389 2066 2460 [Vide
2093 2391 2150 2444 in
2180 2390 2484 2464 Bsxsmcro
2526 2392 2641 2445 Vlll
2661 2392 3005 2464 privilegium
3042 2409 3144 2464 pro
3175 2393 3356 2448 eadem
3390 2391 3500 2448 Ec-

2393 2463 2572 2531 clesia,
2601 2463 2670 2517 ad
2694 2480 2785 2518 an.
2823 2468 3004 2532 1013.]

2625 2569 2758 2622 Xlll.

1901 2652 2125 2724 Sergius
2153 2653 2243 2708 1V
2269 2656 2563 2710 monastcri
2591 2655 2653 2712 S.
2695 2656 2968 2729 Vincenlii
3003 2656 3368 2714 Vulturnensis
3389 2673 3508 2729 pos-

2226 2729 2476 2782 sessiones
2506 2735 2554 2782 et
2574 2728 2857 2798 privilegia
2888 2729 3186 2797 conﬁrmat.

2500 2816 2692 2887 (Anno
2733 2821 2913 2882 1012.)

2227 2905 2511 2976 [UGl-IELLI,
2545 2905 2710 2959 Italia
2729 2923 2904 2972 sacra,
2927 2907 3013 2973 Vl,
3043 2910 3188 2980 390.]

1973 2990 2207 3046 Senems
2238 2993 2558 3063 episcopus,
2592 3011 2787 3048 servus
2807 3011 3103 3050 servorum
3126 2995 3249 3058 Dei,
3279 2996 3511 3051 HlLARlO

185 3080 567 3157 temillorum
593 3080 1070 3172 depraedaverunt
1085 3101 1144 3152 et
1161 3099 1582 3163 cremaverunt,
1601 3094 1800 3150 tandiu
1829 3103 1875 3165 ί]
1902 3080 2219 3172 Ῡξηθῖδὶξξίί
2252 3080 2447 3134 abbati
2479 3097 2546 3134 ex
2585 3083 2940 3137 monasterio
2984 3085 3191 3138 (ληίδα
3241 3083 3513 3156 martyris

187 3206 494 3262 quousque
538 3187 931 3243 inhabitabilis
967 3188 1299 3257 permanet.
1333 3187 1412 3240 De
1457 3201 1570 3256 qua
1609 3200 1797 3249 causa,

187 3294 503 3334 monemus
530 3280 588 3332 et
613 3293 889 3347 rogamus
926 3274 1268 3330 auctoritate
1313 3274 1709 3345 apostolorum
1741 3275 1800 3326 et

188 3371 411 3433 nostra,
425 3380 602 3436 supra
618 3365 836 3419 dictum
858 3366 1183 3434 Aquensem
1197 3362 1714 3434 archiepiscopum,
1739 3362 1801 3415 ut

188 3454 308 3526 ipse
339 3455 566 3528 primus
599 3453 914 3509 satisfaciat
945 3469 958 3506 :
994 3452 1203 3506 deinde
1232 3467 1362 3505 cum
1395 3451 1615 3506 caeteris
1648 3467 1800 3505 com-

187 3542 641 3614 provincialibus
672 3541 1133 3614 archiepiscopis,
1184 3539 1484 3610 episcopis,
1532 3542 1705 3611 atque
1733 3539 1798 3592 li-

192 3631 417 3687 delibus
448 3631 805 3697 Christianis,
852 3629 948 3701 qui
992 3629 1235 3701 imperio
1282 3627 1592 3683 Provinciae
1635 3627 1802 3681 habi-

189 3723 336 3788 tant,
363 3719 538 3775 faciat
567 3719 762 3773 venire
804 3718 1059 3772 infantes
1103 3716 1436 3788 Nevelongi,
1467 3720 1525 3770 et
1555 3716 1628 3770 ad
1663 3731 1801 3770 con-

193 3825 406 3880 gruam
437 3807 918 3863 emendationem
947 3807 1076 3861 illos
1101 3807 1419 3861 admoneat
1441 3805 1511 3860 de
1530 3803 1688 3875 gravi
1708 3804 1805 3859 da-

193 3913 356 3965 mno,
391 3897 548 3968 quod
575 3895 651 3966 inj
665 3898 786 3950 uste
818 3895 1138 3949 intulerunt
1159 3893 1512 3949 monasterio
1543 3895 1602 3947 B.
1627 3893 1802 3950 Petri.

195 3986 248 4040 Si
281 4004 381 4042 vos
408 3985 698 4041 audierint
728 3987 784 4038 et
811 3983 1270 4050 emendaverint,
1320 3984 1438 4037 Deo
1466 3983 1702 4053 gratias.
1744 3981 1802 4035 Si

197 4079 392 4130 autem
425 4072 886 4145 contempserint
916 4072 1153 4127 obedire
1205 4071 1366 4126 vobis
1396 4074 1453 4125 et
1481 4069 1805 4142 apostolicis

199 4162 521 4233 prmeeptis,
540 4160 1113 4216 excommunicamus
1142 4161 1290 4221 illos,
1318 4175 1381 4213 ac
1410 4157 1806 4213 maledicimus

196 4268 261 4305 ex
293 4253 461 4322 parte
500 4247 600 4304 Dei
631 4252 688 4303 et
718 4248 773 4302 S.
806 4247 1014 4313 Mariae,
1035 4251 1092 4303 et
1112 4247 1453 4303 auctoritate
1482 4249 1542 4300 B.
1576 4249 1806 4316 aposto-

198 4337 414 4406 lorum,
439 4341 548 4392 etc.
577 4337 818 4407 Insuper
845 4352 989 4406 rogo
1018 4352 1221 4390 omnes
1249 4352 1346 4389 vos
1374 4334 1470 4406 qui
1499 4336 1682 4408 Deum
1709 4350 1804 4387 cu-

1902 3168 2205 3234 Vincentii,
2242 3171 2298 3221 et
2343 3185 2446 3239 pro
2506 3172 2562 3222 te
2620 3186 2816 3225 vener.
2866 3174 3245 3239 monasterio,
3289 3173 3513 3246 tuisque

1903 3256 2319 3311 successoribus
2348 3257 2405 3310 in
2434 3259 2800 3328 perpetuum.

1979 3345 2120 3399 Cum
2155 3361 2368 3415 magna
2401 3345 2566 3398 nobis
2596 3346 2981 3402 sollicitudine
3013 3365 3149 3402 cura
3180 3348 3386 3404 insistit
3408 3365 3512 3420 pro

1902 3433 2177 3488 universis
2205 3433 2306 3488 Dei
2339 3433 2618 3501 Ecclesiis,
2649 3451 2715 3488 ac
2742 3435 2848 3506 piis
2870 3437 3008 3490 locis
3036 3437 3268 3507 vigilan.
3303 3454 3378 3492 ne
3407 3436 3513 3491 ali-

1904 3538 2078 3594 quam
2110 3521 2464 3576 necessitatis
2501 3523 2791 3592 jacturam
2836 3523 3132 3590 sustineat,
3181 3525 3282 3580 sed
3326 3525 3514 3596 magis

1903 3610 2141 3683 propria
2165 3610 2412 3666 utilitate
2449 3611 2736 3682 stipendia
2766 3616 3184 3683 consequatur;
3217 3612 3346 3668 ideo
3372 3630 3514 3668 con-

1903 3700 2062 3754 venit
2088 3717 2192 3755 nos
2221 3699 2522 3771 pastoralis
2545 3703 2666 3754 tota
2693 3700 2904 3754 mentis
2922 3701 3260 3773 integritate
3277 3718 3515 3757 eorum-

1906 3788 2041 3842 dem
2072 3806 2200 3843 ven.
2233 3790 2492 3843 locorum
2520 3789 2783 3843 maxima:
2811 3789 3136 3844 stabilitatis
3175 3790 3512 3863 integritate

1905 3892 2236 3947 procurare,
2270 3881 2330 3931 et
2379 3878 2576 3932 sedule
2619 3894 2823 3932 eorum
2861 3877 3092 3933 utilitati
3133 3879 3387 3934 subsidia
3430 3879 3512 3934 illi

1907 3966 2194 4033 conferre,
2231 3970 2288 4021 et
2310 3969 2427 4022 Deo
2469 3971 2664 4022 nostro
2696 3967 3083 4038 omnipotenti
3115 3968 3172 4023 id
3217 3969 3372 4040 quod
3407 3984 3512 4039 pro

1908 4054 2031 4124 ejus
2049 4055 2231 4108 sancti
2251 4055 2506 4110 nominis
2526 4058 2767 4122 honore,
2793 4055 2968 4110 etiam
2985 4057 3060 4111 ad
3088 4057 3320 4112 laudem
3339 4058 3516 4128 atque

1909 4141 2157 4213 gloriam
2207 4143 2330 4212 ejus
2377 4145 2587 4201 divinae
2622 4146 2937 4216 majestatis
2969 4146 3383 4201 venerabilium
3410 4163 3518 4201 no-

1908 4233 2157 4283 strorum
2189 4229 2367 4284 etiam
2389 4235 2685 4289 contulere
2709 4235 2867 4301 locis,
2888 4233 3073 4305 sitque
3104 4251 3170 4289 ac
3199 4235 3518 4307 optabilem

1910 4317 2097 4382 nobis,
2129 4334 2257 4388 quae
2277 4319 2352 4372 ad
2381 4320 2504 4389 ejus
2533 4324 2726 4377 locum
2762 4323 3158 4393 plenissimam
3187 4323 3519 4378 misericor-

199 4442 325 4482 ram
356 4426 576 4481 habere
599 4423 901 4493 videmini,
919 4426 1000 4490 ut,
1033 4423 1179 4478 sicut
1208 4440 1316 4496 ego
1341 4421 1800 4488 excommunico,

1911 4404 2066 4459 diam
2086 4405 2326 4476 dignum
2344 4407 2676 4478 hujusmodi
2708 4411 2788 4481 pii
2812 4412 3003 4483 operis
3034 4413 3090 4466 in
3113 4410 3348 4466 sidereis
3373 4410 3518 4466 arci-

199 4515 464 4570 similiter
493 4517 553 4569 et
579 4529 678 4568 vos
708 4511 952 4575 faciatis,
982 4515 1039 4566 et
1065 4512 1539 4584 constringantur
1583 4511 1807 4566 vinculo

202 4602 611 4668 anathematis,
645 4601 742 4673 qui
775 4601 824 4654 vi
852 4600 1110 4654 saeculari
1160 4604 1388 4655 vastant
1430 4604 1603 4672 atque
1648 4597 1810 4654 dissi-

203 4695 342 4764 pant
373 4691 498 4746 sine
526 4692 819 4746 voluntate
850 4689 1073 4744 abbatis
1089 4690 1607 4756 etmonachorum,
1630 4693 1814 4744 terras

203 4781 482 4847 retinent,
521 4795 664 4850 quas
689 4793 793 4832 nos
833 4779 890 4831 et
927 4780 1318 4832 antecessores
1361 4777 1542 4831 nostri
1572 4777 1811 4832 tradidi-

204 4885 354 4936 mus,
388 4869 448 4922 et
475 4863 976 4922 corroboravimus
1005 4865 1274 4920 ccenobio
1308 4881 1481 4936 supra
1513 4865 1686 4920 dicto.

969 4971 1061 5028 Xl.

206 5059 428 5130 Sergius
455 5057 547 5113 IV
555 5075 700 5130 papa
733 5058 1000 5116 Gratiano
1020 5057 1206 5114 abbati
1231 5064 1281 5115 el
1303 5059 1546 5114 omnibus
1566 5058 1818 5114 habitan—

276 5132 416 5184 tibus
475 5133 531 5183 in
583 5131 797 5186 castello
854 5139 904 5185 et
947 5133 1166 5185 civitate
1211 5131 1462 5200 (Iorgnito
1482 5133 1729 5200 praecipit
1757 5137 1819 5185 ut

277 5201 527 5256 ecclesias
563 5201 845 5270 Peregrini
865 5209 916 5256 et
955 5202 1019 5258 S.
1053 5201 1334 5256 Michaelis
1367 5200 1610 5256 Guidoni
1637 5202 1824 5256 abbati

279 5271 539 5342 Far/ensi
561 5275 866 5329 restituant.

736 5363 926 5428 (Anno
959 5359 1297 5428 1009-1012.)

353 5449 634 5516 [MABiLL.,
665 5449 867 5505 Annal.
909 5447 1024 5504 0rd.
1057 5449 1120 5505 S.
1161 5446 1364 5502 Bened.
1409 5447 1495 5514 ιν,
1530 5449 1678 5514 206.]

289 5555 528 5611 δειωῠε
557 5555 880 5628 episcOpus,
921 5571 1114 5610 servus
1155 5570 1453 5609 servorum
1497 5553 1620 5620 Dei,
1676 5551 1824 5607 Gna-

218 5659 383 5698 TIANO
432 5642 650 5711 abbati,
695 5646 753 5697 et
795 5642 1066 5698 omnibus
1095 5641 1567 5700 habitantibusin
1598 5642 1829 5697 castello

1911 4493 2016 4548 bus
2046 4493 2352 4547 conferant
2371 4498 2929 4554 remunerationem.
2950 4501 3129 4572 Igitur
3150 4500 3284 4571 quia
3300 4498 3520 4569 petistis

1913 4599 1946 4635 a
1972 4581 2138 4636 nobis
2168 4585 2455 4652 quatenus
2487 4588 2906 4643 monasterium
2924 4590 2983 4644 B.
3005 4587 3521 4659 Vineentiimarty-

1913 4670 1990 4725 ris
2019 4669 2191 4724 situm
2235 4688 2409 4742 supra
2436 4673 2699 4739 fluvium,
2734 4678 2890 4745 quod
2921 4678 3129 4732 dicitur
3152 4678 3519 4743 Vulturnum,

1914 4759 1972 4813 in
2001 4758 2290 4813 territorio
2351 4760 2754 4817 Beneventano
2801 4766 3058 4835 partibus
3098 4766 3372 4834 Samnis},
3406 4781 3523 4821 una

1916 4865 2048 4902 cum
2079 4847 2193 4902 suis
2209 4847 2571 4918 pertinentiis
2597 4851 2656 4903 et
2685 4855 3071 4922 monasteriis,
3100 4854 3367 4910 videlicet
3396 4871 3521 4910 m0-

1916 4935 2233 4991 nasterium
2266 4937 2324 4989 B.
2360 4935 2517 4990 Petri
2548 4937 2793 5008 apostoli
2826 4940 3076 5009 positum
3093 4942 3259 5012 juxta
3283 4942 3522 4997 fluvium

1918 5025 2153 5079 Sabbati
2167 5024 2462 5080 territorio
2474 5026 2898 5092 Beneventano,
2913 5029 3011 5083 sed
3031 5031 3523 5087 etmonasterium

1920 5113 1976 5168 8.
2010 5113 2112 5167 Dei
2153 5114 2446 5185 genitricis
2490 5113 2679 5168 Mariae
2705 5113 2764 5166 in
2807 5115 2955 5182 loco,
3006 5116 3102 5186 qui
3144 5117 3350 5173 dicitur
3376 5120 3523 5176 Loco

1920 5219 2082 5257 sano.
2115 5205 2260 5258 ltcm
2299 5203 2716 5258 monasterium
2741 5203 3049 5259 Salvatoris
3081 5206 3312 5261 Domini
3343 5210 3524 5264 nostri

1918 5292 2049 5345 Jesu
2074 5291 2300 5361 Christi,
2334 5292 2490 5364 quod
2519 5291 2771 5364 positum
2805 5295 2891 5346 est
2912 5292 2970 5346 in
2992 5291 3160 5359 Alife,
3184 5309 3290 5347 nec
3321 5312 3439 5350 non
3466 5299 3527 5350 et

1922 5380 2342 5434 monasterium
2365 5380 2425 5434 in
2441 5381 2668 5436 honore
2691 5381 2746 5436 8.
2779 5381 2965 5437 Mariae
2993 5379 3360 5448 aedificatum,
3376 5381 3528 5437 vide-

1920 5466 2052 5520 licet
2085 5468 2144 5521 in
2176 5468 2470 5523 territorio
2501 5470 2816 5526 Marsicano
2844 5471 2968 5526 loco
2985 5468 3328 5542 Apinianici,
3352 5485 3527 5540 porro

1925 5559 1980 5609 et
2007 5557 2427 5612 monasterium
2462 5560 2496 5614 S
2516 5600 2529 5612 .
2560 5560 2739 5616 Mauri
2757 5559 3262 5631 infralcomitatum
3292 5558 3530 5614 Atinen-

1925 5659 2070 5710 sem,
2103 5642 2280 5698 etiam
2310 5644 2466 5700 aliud
2517 5650 2938 5706 monasterium
2984 5651 3042 5708 S.
3087 5649 3187 5706 Dei
3234 5647 3527 5721 genitricis
