3888 6218
1651 393 1876 454 SERGII
1910 393 1982 454 IV
2014 393 2226 454 PAPE

3498 401 3647 462 1328

327 514 520 574 Maria
546 515 800 592 positum
825 514 888 574 in
914 515 1203 574 territorio
1222 515 1506 574 Pinnense
1524 516 1584 574 in
1598 515 1919 590 loco,quod
1939 519 1994 581 Α
2020 515 2257 574 nasterii
2273 514 3188 584 fueritinvitatus,necmissarum
3199 519 3641 578 solemnitatem

323 606 554 664 Ποθεηο
589 605 828 675 dicitur;
887 607 1182 662 enimvero
1231 611 1290 661 et
1318 607 1737 663 monasterium
1766 605 1924 661 aliud

321 698 720 751 consecratum
752 695 811 750 in
839 695 1121 752 honorem
1155 695 1212 750 S.
1259 695 1359 750 Dei
1399 695 1693 767 genitricis
1737 694 1924 751 Maria

322 782 382 839 in
411 783 560 850 loco,
591 783 689 856 qui
738 783 945 839 dicitur
991 785 1141 840 Duas
1183 783 1461 838 basilicas.
1516 786 1661 839 Item
1712 787 1769 839 et
1814 783 1926 839 alia

323 872 470 927 cella
499 871 540 928 S
587 871 777 927 Maria
791 873 955 944 juxta
981 872 1216 926 ﬂuvium
1242 871 1458 940 Trinio,
1487 872 1765 944 quoniam
1798 872 1926 944 qui-

324 959 485 1028 dem,
503 965 562 1016 et
581 962 794 1017 cellaS.
819 961 992 1017 Sossii
1016 961 1074 1018 in
1093 961 1344 1029 Liburia,
1369 962 1641 1035 locusque
1664 963 1922 1016 Pantano

322 1065 456 1106 cum
485 1049 711 1122 integro
733 1050 856 1122 ipso
876 1051 1074 1106 Waldo
1097 1051 1426 1122 pertinente
1447 1050 1552 1122 ipsi
1569 1048 1922 1106 monasterio

322 1137 382 1198 S.
413 1139 722 1207 Vincentii,
752 1141 908 1213 quod
938 1141 1113 1196 habet
1144 1141 1288 1197 fines
1319 1141 1389 1196 de
1426 1141 1616 1213 prima
1641 1143 1803 1213 parte
1831 1139 1925 1194 via

322 1228 584 1301 antiqua,
618 1229 716 1302 qui
742 1229 898 1286 venit
925 1229 999 1287 ad
1034 1230 1302 1297 ducenta,
1352 1229 1450 1301 qui
1477 1229 1733 1284 decernit
1773 1229 1924 1284 inter

325 1315 469 1385 hac,
507 1319 684 1385 terra,
711 1334 812 1373 seu
829 1317 1052 1385 Waldo,
1071 1321 1128 1373 et
1154 1317 1267 1373 alia
1297 1320 1471 1385 terra,
1495 1319 1552 1371 et
1572 1317 1794 1385 Waldo,
1826 1315 1924 1388 qui

322 1404 432 1461 fuit
454 1407 718 1479 pradicti
749 1407 1108 1475 monasterii,
1131 1410 1190 1462 et
1219 1410 1371 1463 terra
1393 1407 1504 1462 alia
1529 1407 1704 1478 ipsius
1725 1423 1926 1462 mona-

319 1493 500 1562 sterii,
529 1497 588 1550 et
614 1495 863 1568 qualiter
891 1495 1180 1568 demergit
1223 1495 1311 1550 via
1350 1495 1612 1568 antiqua,
1643 1494 1739 1567 qui
1770 1494 1926 1549 vadit

319 1581 396 1637 ad
426 1581 552 1655 ipsa
579 1583 800 1656 piscina
821 1584 948 1656 jam
993 1584 1127 1640 dicti
1157 1583 1517 1650 monasterii,
1554 1587 1611 1638 et
1640 1583 1924 1655 demergit

321 1669 413 1726 via
437 1669 561 1743 ipsa
586 1671 739 1727 inter
761 1671 916 1752 ipsas
945 1676 1146 1740 terras,
1177 1676 1234 1726 et
1261 1672 1462 1727 Waldo
1480 1673 1605 1744 jam
1630 1671 1765 1727 dicti
1795 1688 1924 1727 mo-

324 1759 582 1828 nasterii,
605 1764 663 1816 et
691 1763 848 1817 terra
861 1762 974 1818 alia
990 1761 1164 1834 ipsius
1191 1760 1552 1828 monasterii,
1575 1777 1702 1833 qua
1716 1760 1924 1816 dicitur

2022 607 2306 678 quispiam
2327 606 2619 662 celebrare
2634 607 3310 676 prasumat.Statuentes
3322 611 3644 682 apostolica

2023 693 2259 767 insuper
2286 709 2529 750 censura
2557 695 2659 750 sub
2704 693 2877 749 divini
2902 695 3104 766 judicii
3131 698 3638 767 obtestationibus,

2024 784 2082 836 et
2109 783 2309 838 validis
2335 787 2509 855 atque
2537 782 2826 838 atrocibus
2854 785 3243 840 anathematis
3273 787 3637 844 interdictio-

2024 871 2214 938 nibus,
2246 875 2309 926 ut
2340 873 2529 927 nullus
2549 888 2808 944 unquam
2839 877 3157 944 prasumat
3181 875 3470 947 quispiam
3493 877 3642 932 alius

2023 960 2413 1032 cujuscunque
2435 960 2732 1032 dignitatis
2749 961 3025 1032 praditus
3038 966 3440 1033 potestate,vel
3454 965 3639 1022 etiam

2023 1048 2082 1102 in
2109 1049 2316 1104 eodem
2347 1049 2658 1105 venerabili
2691 1051 3070 1119 monasterio,
3122 1053 3210 1108 vel
3252 1054 3414 1128 cujus
3452 1053 3642 1110 causis

2023 1137 2380 1206 incumbere,
2435 1142 2534 1193 aut
2588 1139 2660 1194 de
2707 1139 2899 1202 rebus,
2928 1144 2986 1195 et
3037 1141 3514 1212 possessionibus,
3548 1144 3638 1199 vel

2023 1227 2280 1283 Ecclesiis
2303 1228 2592 1299 subjectis,
2607 1229 2692 1282 vel
2715 1228 2999 1301 quidquid
3023 1230 3093 1284 de
3115 1231 3202 1286 his
3218 1231 3428 1287 exinde
3447 1233 3641 1288 inesse

2023 1316 2251 1372 videtur
2273 1334 2508 1389 quoquo
2551 1317 2726 1372 modo
2776 1317 3028 1385 auferre,
3079 1321 3178 1373 aut
3217 1320 3492 1388 alienare,
3527 1337 3643 1378 nec

2025 1405 2661 1479 quamlibetmalitiam,
2684 1408 2782 1460 aut
2795 1407 3038 1479 jactura
3063 1408 3393 1464 molestiam
3413 1409 3641 1466 ibidem

2022 1495 2136 1549 sive
2168 1495 2341 1567 pacis,
2361 1494 2474 1548 sive
2497 1493 2812 1548 barbaricis
2841 1496 3641 1569 temporibusquoquomodo

2021 1582 2389 1638 inferendum
2407 1582 2710 1654 prafatum
2727 1583 3151 1654 perenniter,ut
3167 1584 3382 1640 dictum
3406 1589 3493 1641 est
3510 1591 3639 1642 tam

2021 1671 2176 1744 pacis
2219 1671 2396 1744 quani
2437 1671 2721 1726 barbarici
2778 1671 3058 1742 temporis
3111 1672 3284 1727 firma
3322 1673 3642 1730 stabilitate

2025 1760 2391 1816 decernimus
2420 1760 2524 1814 sub
2551 1759 2951 1832 jurisdictione
2982 1762 3194 1815 sancta
3235 1761 3496 1817 Ecclesia:
3529 1779 3640 1819 no-

327 1847 398 1904 de
425 1849 688 1916 Tortora,
721 1852 779 1904 et
806 1852 962 1904 terra
999 1850 1070 1905 de
1101 1849 1454 1917 hominibus,
1487 1850 1585 1922 qui
1617 1849 1694 1905 ibi
1719 1850 1924 1904 affines
1950 1871 2000 1930 Β
2023 1853 2153 1904 stra
2176 1865 2519 1920 permanen.
2545 1849 2986 1918 Promulgantes
3005 1865 3216 1920 nempe
3233 1853 3292 1904 et
3315 1851 3422 1905 hac
3444 1855 3644 1907 aucto-

321 1940 476 2005 sunt,
500 1940 558 1993 et
589 1937 734 1994 sicut
761 1937 964 2010 incipit
985 1955 1157 2009 super
1185 1938 1308 2010 ipsa
1335 1937 1648 2010 piscina,et
1677 1938 1924 2010 qualiter

325 2025 564 2081 revolvit
581 2043 753 2098 super
768 2026 892 2100 ipsa
910 2030 1067 2082 terra
1081 2027 1152 2083 de
1169 2026 1379 2082 eodem
1401 2027 1624 2094 Waldo,
1639 2030 1698 2082 et
1718 2026 1925 2082 eadem

323 2116 480 2170 terra
508 2115 578 2170 de
605 2115 868 2183 Tortora,
895 2118 954 2172 et
981 2115 1136 2171 vadit
1164 2115 1236 2170 ad
1275 2115 1464 2187 ipsum
1497 2117 1758 2170 Pantano
1781 2131 1926 2186 pra-

328 2202 464 2260 dicti
493 2204 855 2269 monasterii.
882 2208 942 2260 et
967 2203 1222 2276 perrexit
1245 2203 1552 2276 peripsum
1573 2206 1924 2271 Pantanum,

317 2296 377 2348 et
403 2293 650 2360 Silva,et
676 2293 886 2366 palude
916 2310 1097 2366 usque
1128 2293 1186 2348 in
1214 2293 1338 2364 ipso
1368 2293 1600 2366 frigido.
1621 2294 1702 2348 De
1719 2297 1926 2366 quarta

323 2399 460 2444 vero
485 2384 650 2456 parte
688 2383 813 2438 sine
836 2382 962 2454 jam
1002 2382 1154 2438 dicto
1180 2382 1412 2453 frigido,
1443 2386 1500 2437 et
1521 2382 1650 2454 jam
1681 2381 1926 2438 dictola-

325 2488 437 2528 neo
465 2471 642 2527 etiam
672 2489 788 2527 una
821 2487 951 2526 cum
979 2471 1102 2526 aliis
1130 2469 1497 2526 monasteriis
1526 2473 1584 2524 et
1612 2470 1766 2525 cellis
1791 2488 1924 2527 cum

326 2560 469 2616 casis
494 2564 552 2616 et
581 2561 878 2620 casalibus.
909 2577 1042 2615 cum
1072 2559 1249 2614 servis
1273 2561 1332 2613 et
1369 2557 1589 2613 ancillis
1627 2559 1922 2632 utriusque

329 2666 493 2708 sexus
539 2649 754 2705 ibidem
804 2649 1208 2715 residentibus,
1241 2649 1330 2703 vel
1369 2664 1502 2703 cum
1539 2648 1739 2703 omnia
1775 2653 1833 2704 et
1861 2650 1921 2704 in

337 2737 607 2793 omnibus
616 2737 729 2792 suis
745 2737 1110 2810 pertinentiis
1129 2736 1254 2805 tibi,
1266 2737 1492 2808 tuisque
1508 2737 1924 2792 successoribus

328 2825 655 2888 abbatibus,
687 2826 784 2898 qui
816 2825 1032 2882 ibidem
1063 2825 1123 2881 in
1143 2828 1408 2898 tempore
1438 2824 1674 2881 fuerint.
1709 2827 1922 2881 Conce-

326 2914 516 2971 dimus
546 2918 610 2970 ut
635 2915 739 2970 sub
776 2915 1176 2986 jurisdictione
1205 2919 1414 2970 sancta
1447 2918 1657 2970 nostra
1687 2915 1776 2969 cui
1807 2917 1923 2972 Deo

2022 1937 2194 1992 ritate
2229 1938 2285 1992 Β.
2321 1937 2715 2010 apostolorum
2750 1937 3026 2010 principis
3056 1953 3254 1992 coram
3281 1938 3399 1994 Deo
3427 1943 3488 1994 et
3515 1943 3644 1995 ter-

2024 2025 2176 2081 ribili
2203 2026 2325 2097 ejus
2357 2025 2620 2080 examine
2647 2042 2752 2098 pro
2775 2025 2968 2080 futuro
2996 2041 3100 2096 per
3119 2027 3640 2100 hujusnostriapo-

2025 2114 2206 2169 stolici
2232 2114 2538 2186 privilegii,
2571 2116 2744 2186 atque
2792 2114 3084 2170 constituti
3116 2115 3424 2184 sancimus,
3458 2119 3640 2191 atque

2025 2203 2410 2270 decernimus,
2441 2207 2502 2256 ut
2549 2203 2676 2258 loca
2707 2220 2835 2275 qua
2871 2204 2943 2258 ab
2975 2203 3280 2259 abbatibus
3307 2205 3637 2276 cujuslibet,

2025 2308 2152 2363 qua
2182 2291 2342 2348 vobis
2372 2291 2430 2346 in
2455 2291 2664 2346 eodem
2696 2291 2937 2363 prafato
2963 2308 3158 2348 vener.
3192 2293 3550 2348 monasterio
3573 2294 3636 2350 S.

2025 2381 2308 2436 Vincentii
2363 2385 2532 2436 mari.
2589 2383 2969 2448 commutata,
3001 2382 3089 2436 vel
3136 2381 3313 2436 etiam
3361 2397 3642 2440 concessa

2024 2473 2289 2537 sunt,nec
2321 2488 2440 2526 non
2472 2475 2529 2525 et
2555 2470 2694 2526 alias
2718 2471 2978 2525 locorum
3002 2471 3412 2542 possessiones,
3447 2489 3576 2544 qua
3601 2489 3642 2528 a

2022 2562 2274 2631 regibus,
2310 2577 2374 2615 ac
2403 2561 2660 2627 ducibus,
2692 2560 2777 2614 vel
2809 2559 3135 2627 castaldeis,
3165 2559 3443 2615 universis
3473 2561 3640 2616 Chri-

2023 2649 2223 2704 stianis
2263 2649 2320 2704 in
2356 2649 2565 2704 eodem
2594 2652 2794 2704 sancto
2827 2649 2951 2702 loco
2983 2648 3192 2720 largita
3231 2653 3404 2720 atque
3441 2650 3642 2707 oblata

2023 2741 2177 2802 sunt,
2211 2741 2311 2793 aut
2340 2737 2396 2792 in
2434 2742 2730 2809 posterum
2765 2736 2878 2791 illic
2903 2753 3172 2792 concessa
3195 2736 3432 2804 fuerint,
3466 2738 3642 2794 firma

2023 2827 2337 2882 stabilitate
2360 2826 2476 2898 juri
2509 2826 2683 2898 ipsius
2711 2825 2938 2898 prafati
2971 2842 3096 2879 ven.
3130 2827 3472 2881 monasterii
3519 2826 3642 2881 exi-

2025 2917 2229 2974 stenda
2252 2918 2424 2987 atque
2447 2915 2504 2969 in
2519 2917 2864 2987 perpetuum
2885 2913 3290 2985 permanenda
3307 2914 3641 2972 statuimus.

323 3005 558 3059 auctore
624 3001 975 3058 deservimus
1027 3003 1287 3058 Ecclesia
1343 3003 1504 3058 vobis
1561 3003 1926 3060 attinendum
2028 3009 2140 3062 Nec
2171 3003 2401 3060 licentia
2431 3003 2522 3070 sit,
2547 3006 2610 3058 ut
2637 3002 2856 3057 dictum
2875 3005 2978 3069 est,
3002 3005 3061 3057 et
3081 3003 3226 3073 ejus,
3252 3003 3342 3056 vel
3365 3001 3644 3059 omnibus

321 3091 533 3148 nullius
557 3090 790 3147 alterius
839 3091 1100 3147 Ecclesia
1142 3091 1637 3164 jurisdictionibus
1688 3092 1930 3148 submit-
1970 3159 2002 3164 _
2029 3095 2222 3152 eidem
2253 3091 2604 3148 monasterio
2643 3091 2932 3162 pertinen.
2961 3090 3231 3162 cuiquam
3257 3107 3490 3163 magna
3513 3107 3649 3163 par-

323 3184 542 3236 tantur.
571 3182 680 3236 Pro
706 3197 818 3252 qua
859 3197 922 3236 re
955 3179 1062 3253 piis
1088 3159 1386 3236 desideriis
1418 3174 1698 3248 faventes,
1730 3198 1795 3236 ac
1825 3199 1928 3238 no-
1956 3159 2004 3220 ο
2030 3200 2228 3256 vaque
2258 3197 2520 3252 persona
2543 3159 2905 3247 auferre,aut
2922 3159 3163 3250 praefato
3175 3180 3338 3251 juxta
3362 3159 3444 3246 id,
3482 3159 3645 3252 quod

324 3273 444 3325 stra
470 3269 816 3352 auctoritate
842 3270 998 3343 quod
1033 3269 1377 3341 exposcitur,
1411 3270 1834 3342 mancipamur.
1863 3273 1932 3326 Et

323 3357 457 3414 ideo
513 3358 882 3415 concedimus
937 3357 1096 3415 vobis
1149 3359 1462 3432 vestrisque
1515 3361 1932 3416 successoribus

327 3447 632 3508 abbatibus
677 3449 971 3505 licentiam
1021 3447 1347 3522 apostolica
1381 3448 1531 3504 sedis
1582 3453 1813 3517 nostra,
1869 3453 1933 3506 ut

327 3538 650 3611 quamlibet
660 3537 1152 3594 Christianitatem
1167 3537 1560 3610 indigentibus
1578 3537 1636 3592 in
1656 3538 1930 3611 pradicto

327 3643 523 3683 vener.
557 3628 936 3696 monasterio,
968 3627 1153 3700 qualis
1183 3626 1479 3700 episcopus
1508 3627 1666 3682 vobis
1697 3627 1770 3682 ad
1795 3627 1932 3682 invi-

327 3716 572 3772 tandum
593 3719 724 3789 jure
749 3717 1040 3773 volueritis
1055 3715 1307 3772 habendi
1328 3717 1673 3788 potestatem
1687 3715 1930 3770 omnino

331 3804 702 3861 concedimus
714 3806 790 3862 ad
803 3805 1075 3861 Ecclesias
1085 3803 1532 3870 conﬁrmandas,
1549 3820 1648 3859 seu
1659 3803 1934 3860 abbatem

329 3895 811 3951 consecrandum.
872 3895 1060 3950 Etiam
1091 3892 1355 3948 similiter
1389 3891 1820 3948 ordinationem
1861 3893 1932 3949 de

331 3983 804 4053 subdiaconibus,
831 3986 891 4040 et
928 3981 1268 4038 diaconibus
1306 3997 1406 4036 seu
1441 3980 1788 4052 presbyteris
1830 3999 1935 4055 per

329 4075 595 4147 tempore
612 4073 965 4139 faciendum,
978 4075 1038 4128 et
1057 4071 1132 4126 ad
1143 4086 1382 4126 omnem
1399 4071 1646 4143 gradum
1669 4074 1932 4130 ecclesia-

331 4161 539 4219 sticum
559 4161 779 4218 ibidem
800 4161 859 4216 in
889 4164 1152 4233 tempore
1185 4159 1934 4232 adimplendum.Protesta-

331 4265 467 4305 mur
489 4249 668 4305 etiam
698 4249 889 4305 nullus
912 4249 1212 4323 episcopus
1232 4248 1440 4304 exinde
1467 4250 1676 4305 debeat
1695 4251 1933 4307 subdia-

329 4353 566 4406 conum,
585 4337 890 4395 diaconum
901 4381 914 4406 ,
934 4355 1034 4394 seu
1056 4338 1454 4411 presbyterum
1468 4338 1541 4394 ad
1554 4356 1719 4395 suum
1735 4341 1932 4396 conci-

327 4426 470 4483 lium
483 4427 1044 4501 provocare,nisisua
1056 4426 1622 4494 fueritvoluntas,aut
1633 4429 1928 4497 abbatem,

327 4517 418 4573 vel
441 4519 792 4574 monachum
809 4517 968 4572 nullo
991 4515 1166 4571 modo
1180 4515 1464 4588 judicare,
1483 4517 1569 4570 vel
1593 4532 1930 4573 excommu-

330 4606 544 4663 nicare.
559 4607 834 4663 Volumus
853 4606 1030 4662 etiam
1048 4607 1107 4660 et
1132 4604 1443 4676 apostolica
1459 4604 1818 4676 injungimus
1835 4622 1934 4662 au-

329 4697 594 4754 ctoritate
623 4698 786 4754 vobis
809 4697 1124 4768 vestrisque
1153 4693 1574 4750 successoribus
1603 4695 1928 4765 abbatibus,

326 4788 424 4860 qui
453 4787 671 4844 ibidem
690 4787 752 4842 in
777 4789 1042 4858 tempore
1063 4783 1486 4856 praordinatus
1508 4781 1684 4838 fuerit
1699 4784 1771 4840 de
1787 4802 1929 4858 qua-

323 4877 594 4950 licunque
629 4875 875 4932 Ecclesia
919 4873 1205 4940 sacerdos,
1232 4873 1320 4928 vel
1347 4870 1537 4927 clerici
1562 4873 1826 4928 venerint
1853 4875 1929 4930 ad

322 4967 730 5034 habitandum,
752 4965 919 5020 autin
935 4961 1370 5019 conversatione
1383 4961 1652 5028 fratrum,
1665 4961 1780 5015 sive
1799 4979 1924 5017 mo-

322 5055 626 5112 nachicum
640 5052 986 5126 suscipiendi
998 5050 1284 5118 habitum,
1309 5066 1368 5104 se
1387 5048 1714 5116 contulerit,
1728 5049 1923 5106 statim

2029 3273 2352 3344 subjectum
2377 3270 2596 3324 eisdem
2627 3285 2756 3323 ven.
2775 3267 2912 3323 locis
2934 3267 3259 3340 apostolicis
3289 3267 3640 3337 constitutis,

2031 3365 2205 3434 atque
2249 3357 2560 3432 privilegiis
2600 3356 2874 3412 consistat
2902 3356 2961 3411 in
3004 3356 3474 3414 concurrendum
3509 3374 3643 3431 per-

2032 3452 2289 3508 maneat.
2314 3451 2382 3504 Et
2397 3448 2566 3504 liceat
2593 3447 2832 3502 eosdem
2850 3447 3169 3502 monachos
3189 3445 3262 3501 de
3279 3463 3382 3501 sua
3399 3463 3648 3520 congre.

2031 3541 2266 3614 gatione
2292 3540 2565 3594 abbatem
2595 3554 2826 3610 semper
2853 3537 3089 3609 eligere,
3121 3536 3290 3592 liceat
3317 3537 3511 3608 ipsum
3541 3539 3646 3594 ab-

2032 3631 2251 3697 batem,
2283 3629 2380 3702 qui
2419 3627 2637 3684 fuerint
2685 3645 2817 3684 suos
2852 3626 3114 3699 judicare
3161 3627 3486 3683 monachos
3523 3644 3647 3684 non

2033 3719 2220 3774 solum
2268 3717 2429 3773 virile
2489 3716 2931 3784 monasterium,
2976 3715 3076 3770 sed
3117 3715 3298 3770 etiam
3355 3715 3651 3772 muliebre

2033 3805 2453 3863 monasterium
2479 3804 2586 3860 sibi
2611 3804 2954 3876 subjectum.
2982 3803 3043 3860 Si
3068 3803 3196 3876 quis
3231 3806 3452 3872 autem,
3486 3806 3650 3878 quod

2036 3913 2154 3951 non
2182 3898 2471 3966 optamus,
2504 3892 2726 3949 nefario
2755 3910 2896 3948 ausu
2915 3893 3351 3967 prasumpserit
3373 3893 3503 3949 hac
3515 3909 3649 3967 qua

2035 4001 2070 4038 a
2093 3982 2260 4039 nobis
2285 3983 2358 4038 ad
2381 3982 2615 4038 laudem
2642 3981 2746 4037 Dei
2773 3999 2878 4055 pro
2924 3981 3237 4037 stabilitate
3274 3998 3405 4037 ven.
3433 3997 3650 4038 mona-

2031 4071 2186 4127 sterii
2214 4073 2428 4127 statuta
2455 4074 2589 4126 sunt
2613 4070 2930 4141 refragare,
2964 4073 3063 4126 aut
3090 4069 3152 4126 in
3177 4087 3476 4144 quoquam
3488 4073 3653 4126 tran-

2032 4161 2145 4216 sire
2177 4159 2484 4227 discilium,
2535 4158 2922 4214 anathematis
2968 4158 3192 4214 vinculo
3221 4158 3561 4227 innodatus,
3589 4164 3652 4214 et

2030 4266 2162 4305 cum
2213 4247 2466 4317 diabolo,
2519 4251 2579 4304 et
2607 4248 2729 4320 ejus
2759 4246 3124 4302 atrocissimis
3153 4247 3405 4320 pompis,
3458 4252 3639 4321 atque

2030 4355 2165 4393 cum
2208 4338 2354 4393 Juda
2399 4336 2679 4392 traditore
2733 4334 2965 4392 Domini
3003 4335 3185 4390 nostri
3237 4337 3370 4391 Jesu
3423 4336 3638 4392 Christi

1957 4456 2012 4516 Β
2029 4429 2248 4484 aterno
2278 4425 2548 4482 incendio
2577 4423 3036 4480 concremandus
3058 4425 3385 4497 deputetur.
3410 4427 3484 4481 At
3503 4443 3640 4483 vero

2032 4518 2129 4590 qui
2159 4515 2254 4589 pio
2297 4515 2508 4570 intuitu
2557 4514 3014 4582 observaturum,
3047 4517 3106 4568 et
3149 4513 3210 4568 in
3237 4513 3518 4569 omnibus
3542 4533 3641 4572 ex-

2031 4604 2241 4661 stiterit
2263 4603 2590 4660 custodiens
2613 4603 2783 4674 hujus
2813 4601 2994 4658 nostri
3024 4601 3327 4665 apostolici
3358 4605 3642 4660 constitu-

2031 4697 2156 4749 tum
2210 4693 2286 4749 ad
2338 4694 2557 4748 cultum
2588 4691 2690 4747 Dei
2729 4690 3189 4763 respicientibus,
3217 4690 3645 4747 benedictionis

2031 4782 2303 4855 gratiam,
2335 4781 2628 4852 vitamque
2684 4783 2966 4834 aeternam
3015 4796 3050 4834 a
3097 4779 3642 4836 misericordissima

2028 4871 2278 4926 Domino
2311 4872 2428 4926 Deo
2457 4872 2654 4925 nostro
2686 4867 3080 4940 multipliciter
3127 4871 3540 4940 consequatur,
3584 4873 3646 4924 et

2030 4960 2156 5014 vitae
2190 4961 2422 5014 aeterna
2452 4957 2738 5030 particeps
2765 4956 2915 5011 effici
2946 4958 3258 5011 mereatur.

2097 5048 2387 5119 Scriptum
2408 5062 2514 5117 per
2530 5061 2740 5100 manus
2763 5043 3057 5100 Benedicti
3075 5043 3285 5099 notarii
3301 5043 3642 5116 regionarii,

317 5143 664 5218 recipiendi;
697 5142 946 5198 chrisma
974 5156 1110 5196 vero
1135 5144 1194 5194 et
1218 5139 1412 5194 oleum
1433 5140 1748 5192 sanctuma
1767 5140 1924 5210 quali
2024 5138 2083 5188 et
2134 5135 2416 5213 scriniarii
2448 5137 2506 5190 S.
2539 5135 2605 5190 Β.
2635 5135 2697 5189 E.
2727 5134 2786 5188 in
2821 5149 3023 5188 mense
3073 5132 3385 5188 Februario
3425 5131 3635 5187 indict.

316 5235 589 5308 episcopo
618 5232 778 5288 vobis
807 5232 1071 5286 voluntas
1107 5226 1301 5295 fuerit,
1332 5225 1707 5298 impetrandi.
1731 5226 1924 5282 Liceat
2023 5239 2077 5277 κ.
2111 5225 2263 5278 Bene
2318 5224 2428 5278 val.
2476 5225 2619 5279 Data
2647 5239 2678 5276 v
2706 5222 2833 5280 Kal.
2879 5219 3060 5277 Martii
3088 5237 3193 5293 per
3222 5236 3433 5275 manus
3463 5219 3638 5287 Petri,

311 5338 545 5395 semper
565 5325 624 5378 et
643 5319 985 5386 secundum,
1017 5320 1083 5374 ut
1103 5316 1373 5384 diximus,
1405 5315 1510 5370 sub
1539 5315 1916 5388 apostolicam
2019 5312 2254 5367 Domini
2304 5311 2493 5384 gratia
2541 5311 2797 5384 episcopi
2837 5310 2894 5365 S.
2927 5308 3296 5364 Pranestina
3349 5309 3639 5376 Ecclesia,

307 5415 569 5468 nostram
600 5409 1047 5482 potestatem,et
1075 5420 1314 5461 omnem
1337 5403 1638 5476 cujuslibet
1655 5402 1915 5459 Ecclesia
2018 5404 2075 5454 et
2126 5399 2547 5456 bibliothecarii
2595 5403 2810 5454 sancta
2868 5397 3196 5470 apostolica
3250 5397 3422 5463 sedis,
3483 5413 3638 5452 anno

303 5499 668 5558 sacerdotem
714 5497 775 5553 in
805 5495 1048 5569 praefato
1071 5511 1181 5551 ven
1244 5491 1596 5550 monasterio
1627 5490 1912 5548 ditionem
2014 5487 2116 5543 Dei
2146 5488 2404 5560 propitio
2439 5487 2808 5561 pontiﬁcatus
2835 5485 3060 5542 domini
3099 5485 3280 5540 nostri
3311 5483 3642 5557 Sergiisan-

301 5585 1014 5661 quamlibethaberehanc
1039 5583 1468 5649 auctoritatem,
1485 5581 1904 5656 pratersedem
2006 5576 2334 5633 ctissimilV
2357 5593 2526 5651 papa
2559 5576 2800 5632 sedente
2825 5590 2980 5631 anno
3012 5576 3064 5642 3,
3089 5573 3290 5630 indict.
3308 5573 3639 5644 supradicta

292 5669 672 5746 apostolicam
692 5671 1090 5746 prohibemus,
1115 5672 1196 5728 ita
1225 5673 1308 5739 ut,
1327 5670 1435 5728 nisi
1460 5671 1534 5726 ab
1553 5669 1763 5725 abbate
1777 5684 1901 5730 mo-
2001 5666 2252 5726 decima.

289 5905 389 5969 "5.,
