3888 6218
174 417 305 471 1525

918 534 1048 589 XIV.

172 623 351 693 Sergii
376 621 471 676 ιγ
506 640 666 694 papae
688 622 1032 694 privilegium
1074 640 1177 695 pro
1214 622 1525 676 monasterio
1555 618 1773 673 Belli'lo-

878 729 1040 769 ορκδι.

782 805 966 873 (Anno
1002 806 1180 873 1012.)

386 890 604 960 [Gallia
638 890 975 954 Christiana,
1016 896 1125 946 vet.
1161 892 1277 959 ed.,
1311 894 1351 957 l,
1386 892 1532 960 756.]

239 983 300 1035 In
334 980 580 1035 nomine
612 980 842 1036 Domini
862 981 1169 1036 Salvatoris
1199 981 1377 1036 nostri
1396 983 1524 1035 Jesn
1547 981 1772 1047 Christi,

173 1088 348 1126 anno.
397 1111 409 1124 .
456 1112 469 1124 .
520 1111 530 1124 .
577 1110 589 1122 .
635 1071 883 1143 propitio
930 1071 1293 1142 pontificatus
1345 1070 1545 1124 domui
1598 1068 1777 1122 nostri

173 1159 357 1231 Sergii
389 1159 603 1213 summi
636 1159 920 1229 pontificis
967 1159 1242 1213 universis
1282 1160 1470 1230 quarti
1502 1174 1685 1229 papae,
1718 1156 1777 1211 in

172 1248 561 1302 sacratissima
588 1248 722 1302 sede
748 1247 903 1303 beati
925 1248 1076 1302 Petri
1107 1247 1576 1319 apostoli,terlio,
1600 1245 1779 1300 indic-

178 1337 333 1391 tione
362 1353 396 1390 ι
430 1353 630 1391 mense
654 1336 861 1407 Aprilis
887 1337 979 1391 die
1010 1354 1119 1391 xxv.

239 1425 390 1489 Quia
417 1442 584 1480 mens
604 1427 861 1480 humana
886 1442 1114 1497 semper
1142 1425 1201 1479 in
1230 1424 1579 1495 cogitatione
1598 1423 1783 1495 posita

172 1531 287 1568 esse
322 1514 701 1586 dignoscitur,
725 1519 782 1568 et
803 1514 982 1568 animi
1004 1514 1443 1586 uniuscujusque
1464 1530 1565 1585 pro
1598 1512 1782 1567 diver-

170 1604 240 1657 sis
263 1602 457 1657 causis
474 1607 533 1656 et
552 1602 1159 1669 sollicitudinibus,huc
1180 1604 1311 1657 illuc
1334 1601 1655 1680 divagando
1678 1599 1786 1656 dis-

171 1692 371 1758 currit,
407 1707 514 1745 nec
543 1693 693 1745 valet
724 1691 923 1745 omnia
968 1694 1195 1762 explere
1245 1708 1534 1757 sermone,
1564 1708 1665 1744 nec
1695 1690 1786 1744 fu-

174 1786 303 1835 tura
332 1785 535 1835 tenere
563 1780 847 1834 memoria
880 1797 1006 1851 quae
1038 1781 1285 1851 geritur;
1329 1780 1540 1834 idcirco
1581 1783 1783 1833 notum

1382 405 1732 466 EPISTOL£
1762 405 1844 464 ET
1880 408 2275 467 DlPLOMATA

3344 419 3478 477 1526

1798 537 1853 595 Α
1881 547 2038 588 mam
2066 538 2410 605 potestatem
2439 540 2496 592 et
2516 538 2775 610 regimen
2801 538 2973 595 totius
2987 539 3355 597 sanctissimos
3377 542 3482 597 Ec-

1879 622 2085 685 (διεξίω,
2119 626 2214 696 qui
2270 626 2399 680 huic
2436 627 2864 700 archiepiscopo
2903 631 3149 684 vestram
3205 631 3482 686 sanctita-

1875 711 2017 765 tem.
2052 753 2065 766 .
2096 754 2108 767 .
2152 754 2164 766 .
2200 715 2523 781 Lamentat,
2569 718 2626 769 et
2681 715 3016 788 interpellat
3071 717 3380 773 Ecclesiam
3427 732 3484 783 et

1878 800 2070 871 legem
2102 806 2161 857 ct
2184 804 2465 873 justitiam
2500 805 2767 875 postulat,
2800 807 3226 879 venerabilique
3253 810 3488 863 mones!

1884 890 2032 943 terio
2070 891 2235 945 Fulco
2262 892 2411 946 infra
2431 910 2592 947 suam
2614 894 3299 967 construxitparochiam,
3325 901 3488 954 etvo-

1882 978 1966 1031 bis
1994 980 2203 1033 obtulit
2240 980 2297 1035 Si
2316 982 2475 1036 vobis
2493 983 2805 1055 placetipse
2820 984 3490 1057 archiepiscopusconse-

1880 1082 2041 1120 crare
2074 1068 2223 1135 velit,
2252 1086 2317 1123 ac
2349 1070 2676 1124 nullatenus
2698 1073 3010 1127 secundum
3062 1076 3276 1130 statuta
3319 1093 3490 1133 cano-

1882 1172 2021 1209 num
2052 1160 2108 1211 et
2135 1157 2470 1213 Justinianas
2502 1160 2663 1229 legis,
2684 1162 3176 1218 consecrationem
3206 1166 3280 1220 ad
3298 1166 3491 1221 domi-

1887 1244 2049 1298 nium
2082 1246 2497 1317 archiepiscopi
2530 1249 2741 1302 auferri
2790 1251 2993 1321 potuit.
3025 1271 3059 1303 ››
3103 1253 3260 1307 Tunc
3286 1256 3491 1310 Petrus

1884 1334 1982 1388 Dei
2015 1338 2155 1388 nutu
2183 1352 2329 1388 unus
2355 1352 2422 1389 ex
2453 1338 2661 1391 nostris
2683 1338 2879 1392 datum
2906 1340 3085 1409 judici
3138 1357 3240 1411 pro
3281 1360 3403 1410 nos,
3431 1348 3490 1399 et

1884 1422 1957 1476 ad
1992 1427 2189 1477 nostra
2217 1423 2397 1478 vicem
2430 1425 2643 1480 habere
2674 1427 3006 1497 respondit:
3036 1448 3067 1480 «
3088 1430 3253 1484 Certe
3283 1448 3488 1487 mona-

1884 1511 2121 1566 sterium
2174 1511 2362 1583 ipsum
2422 1531 2549 1585 qua:
2607 1514 2775 1569 Fulco
2802 1514 3105 1570 aadiﬂcavit
3131 1534 3231 1571 sua
3260 1519 3492 1591 propria

1884 1600 2194 1655 heareditas
2226 1601 2353 1667 fuit,
2387 1604 2444 1655 et
2473 1601 2628 1655 beati
2681 1603 2926 1672 apostoli
2981 1604 3134 1659 Petri
3160 1606 3491 1675 Ecclesiam,

1885 1692 1943 1742 et
2000 1690 2179 1743 nostri
2207 1690 2418 1745 seniori
2458 1691 2757 1761 potestatis
2783 1694 2840 1745 et
2884 1692 3150 1755 dominii,
3194 1699 3496 1751 monaste-

1886 1778 2037 1832 rium
2058 1782 2116 1831 et
2136 1780 2628 1834 consecrationem
2654 1780 3085 1851 perpetualiter,
3102 1798 3206 1852 pro
3218 1800 3321 1838 sua
3337 1784 3499 1839 obtu-

174 1868 642 1941 prudentissimis
663 1869 804 1923 viris
828 1848 1114 1939 ingenuis,
1144 1869 1466 1922 litterarum
1492 1870 1786 1937 repertum
1812 1848 1863 1908 Β
1887 1867 1952 1921 lit
1981 1867 2181 1920 anima
2211 1867 2459 1938 qualiter
2488 1848 2730 1938 perdere
2760 1848 2794 1921 a
2823 1885 2924 1922 suo
2980 1848 3240 1924 dominio
3267 1871 3494 1940 debeat,

172 1961 275 2023 est,
312 1962 377 2012 ut
404 1975 532 2029 qua:
558 1960 756 2011 mente
806 1957 1171 2028 inquirimus,
1222 1956 1427 2010 litteris
1465 1971 1784 2009 exaremus.

170 2049 232 2102 Et
264 2048 425 2113 ideo,
464 2063 572 2118 ego
610 2046 841 2117 Sergius
867 2046 1059 2100 divina
1095 2046 1281 2117 gratia
1307 2048 1542 2117 quartus
1580 2047 1790 2098 sanctas

176 2138 458 2192 Romana
496 2136 752 2190 Ecclesiae
802 2136 1080 2207 pontifex,
1122 2152 1313 2189 servus
1341 2151 1635 2188 servorum
1667 2131 1788 2206 Dei,

169 2224 454 2279 universas
479 2225 741 2278 Ecclesiae
762 2224 973 2296 p0pulo
997 2228 1199 2277 notum
1220 2240 1339 2277 esse
1354 2224 1788 2293 volumus,prae-

166 2315 336 2385 cipue
359 2329 825 2383 successoresque
840 2312 1104 2377 nostri,et
1117 2312 1607 2366 cohabitatoribus
1617 2313 1790 2368 sacris

172 2401 582 2458 Lateranensis
610 2400 837 2473 palatii,
865 2401 1113 2473 qualiter
1138 2401 1208 2454 ad
1240 2405 1496 2455 nostram
1526 2402 1790 2473 apostoli-

169 2508 299 2546 cam
323 2491 519 2545 sedem
540 2490 915 2544 lamentando
939 2489 1093 2543 venit
1111 2484 1611 2561 quemdam'Hugo
1624 2507 1789 2545 vene-

171 2581 343 2637 rabili
363 2580 796 2652 archiepisc0po
820 2582 1032 2633 sanctae
1054 2579 1401 2634 Turonensis
1419 2580 1703 2648 Ecclesiae,
1730 2584 1789 2635 et

173 2671 245 2726 de
276 2669 700 2725 monasterium
729 2686 900 2741 quem
935 2670 1101 2723 Fulco
1133 2685 1167 2722 a
1197 2668 1420 2722 noviter
1450 2669 1783 2737 construxit,

167 2764 223 2814 et
242 2774 354 2831 pro
399 2758 606 2813 anima:
639 2775 755 2812 suae
786 2757 1107 2812 remedium
1132 2756 1285 2811 beati
1315 2757 1467 2811 Petri
1513 2758 1783 2829 apostoli-

167 2864 232 2902 ac
265 2846 437 2902 nobis
478 2847 703 2913 obtulit,
758 2846 1135 2917 proclamavit
1178 2848 1236 2900 et
1274 2847 1587 2917 qumrelam
1618 2864 1782 2902 suam

168 2937 321 2991 circa
350 2952 480 3003 nos,
512 2936 593 2990 ita
623 2935 927 3007 disponere
953 2934 1124 3005 coepit
1155 2935 1384 2989 dicens:
1414 2954 1443 2986 ‹‹
1467 2935 1509 2989 Ο
1536 2936 1781 2991 Domine

165 3041 451 3098 papa,cur
463 3024 893 3079 consecratione
908 3023 1244 3078 monasterii
1256 3040 1429 3094 quem
1444 3024 1611 3078 Fulco
1625 3025 1783 3080 vobis

1891 1955 2214 2010 ostendite?
2239 1959 2297 2008 et
2318 1955 2871 2010 nobisinnotescite?
2895 1958 3080 2011 Unum
3104 1959 3220 2012 scio
3243 1961 3495 2026 tantum,

1895 2043 2029 2115 quia
2058 2045 2217 2114 cujus
2255 2048 2339 2097 est
2365 2045 2690 2109 hzereditas,
2737 2043 2911 2114 ipsius
2962 2050 3019 2099 et
3061 2046 3438 2101 consecratio.
3462 2065 3496 2099 ι

1895 2133 2073 2203 Igitur
2085 2133 2243 2204 Hugo
2259 2133 2970 2203 archiepiscopuscernens
2981 2150 3039 2187 se
3054 2135 3277 2189 nullum
3297 2152 3496 2190 verum

1893 2225 1990 2275 aut
2011 2226 2232 2275 rectum
2269 2222 2501 2289 habere,
2545 2223 2601 2275 et
2654 2222 2900 2293 qualiter
2936 2238 3041 2276 nos
3079 2239 3212 2277 eum
3252 2224 3497 2295 perdere

1896 2309 2263 2376 deberemus,
2296 2310 2536 2363 minime
2564 2326 2725 2380 posse
2748 2310 3219 2373 ostendere,mox
3238 2312 3497 2383 proﬁteri

1889 2401 1949 2452 et
1996 2398 2182 2452 dicere
2235 2399 2404 2470 coepit
2447 2414 2505 2451 se
2566 2414 2847 2471 peccasse,
2906 2416 3144 2468 errasse,
3198 2404 3258 2455 et
3297 2417 3496 2456 coram

1894 2487 2358 2559 omnipotentem
2386 2488 2695 2542 Dominum
2737 2492 2794 2542 et
2824 2492 3079 2543 nostram
3102 2493 3361 2545 sanctam
3381 2492 3500 2546 Ro-

1888 2592 2131 2631 manam
2160 2576 2491 2641 Ecclesiam,
2514 2576 2684 2631 nimis
2706 2576 3006 2649 deliquisse
3039 2594 3106 2633 eo
3123 2579 3499 2650 quodinjuste

1888 2668 1944 2718 et
1963 2666 2179 2737 absque
2200 2666 2391 2737 aliqua
2407 2666 2630 2721 ratione
2654 2666 2819 2720 nobis
2837 2668 3041 2722 exinde
3057 2668 3332 2739 litigasse.
3359 2669 3500 2724 Inde

1885 2772 2018 2810 vero
2072 2773 2139 2810 ex
2188 2774 2365 2810 manu
2403 2755 2663 2827 Gregorii
2703 2756 2955 2829 episcopi
3004 2759 3184 2828 Sylva:
3231 2758 3502 2814 Candidas

1885 2845 2108 2917 recepit
2137 2846 2380 2916 virgula,
2435 2848 2494 2899 et
2544 2861 2649 2916 per
2694 2846 2963 2901 eamdem
3015 2846 3298 2918 virgulam
3328 2863 3504 2920 quam

1893 2950 2071 2987 manu
2104 2936 2358 3000 tenebat,
2393 2951 2647 2989 consona
2694 2951 2851 3001 voce,
2898 2936 3106 2991 devota
3141 2938 3360 3003 mente,
3387 2953 3506 2993 cer-

1886 3023 2162 3077 nentibus
2193 3024 2415 3077 cunctis
2446 3023 2541 3095 qui
2582 3024 2845 3090 aderant,
2867 3024 3054 3097 ipsum
3084 3024 3504 3081 monasterium

167 3113 400 3180 obtulit,
445 3112 599 3184 quod
646 3112 798 3166 infra
840 3112 1021 3166 nostri
1063 3111 1583 3183 archiepiscopatus
1611 3129 1783 3195 paro:
1810 3131 1857 3190 α
1888 3127 2021 3164 cum
2050 3112 2508 3178 consecratione,
2531 3114 2589 3166 et
2619 3114 2892 3168 omnibus
2922 3112 3028 3168 sibi
3062 3113 3501 3189 pertinentibus,

167 3202 361 3258 chiam
414 3201 721 3256 fundatum
765 3217 888 3255 esse
937 3200 1292 3272 dignoscitur
1342 3200 1508 3255 nobis
1564 3201 1777 3255 aufertl

171 3290 385 3346 vultis?
412 3312 441 3338 »
474 3290 613 3345 Cum
647 3306 755 3361 ego
778 3290 850 3344 ab
877 3289 1084 3343 eodem
1097 3290 1338 3360 Hugone
1352 3290 1780 3362 archiepiscopo

174 3379 314 3435 talia
372 3378 683 3445 audissem,
738 3378 932 3433 statim
984 3379 1056 3433 ad
1102 3382 1360 3433 nostram
1414 3378 1782 3450 presentiam

167 3485 458 3524 arcessere
503 3467 765 3534 fecimus,
843 3466 1124 3539 episcopis
1168 3467 1386 3521 cardiu.
1435 3468 1787 3540 presbyteris

172 3556 537 3624 diaconibus,
573 3555 1037 3622 subdiaconibus,
1060 3559 1118 3610 et
1156 3571 1274 3609 non
1306 3555 1502 3628 paucis
1531 3555 1602 3609 de
1633 3557 1786 3611 clero

159 3646 453 3718 judicibus
486 3661 717 3717 quoque
765 3645 1078 3711 Romuleis,
1109 3645 1418 3717 multisque
1448 3645 1625 3699 etiam
1656 3644 1789 3700 viris

175 3734 491 3800 nobilibus,
524 3733 601 3787 ibi
631 3749 828 3789 coram
862 3733 1275 3804 assistentibus,
1305 3749 1553 3805 quorum
1594 3732 1786 3787 nomi-

168 3840 245 3878 na
268 3823 385 3879 suis
417 3822 689 3878 manibus
714 3822 952 3877 inferius
983 3821 1230 3894 ascripta
1245 3824 1538 3889 tenentur,
1559 3825 1617 3876 et
1632 3838 1786 3876 nunc

169 3912 431 3968 seriatim
474 3911 747 3966 intimare
804 3911 1121 3978 studemus,
1150 3910 1441 3967 videlicet:
1503 3910 1783 3981 archiepi-

174 4017 349 4072 scopo
383 4000 751 4071 Lugdunensi
778 3999 1062 4067 Ecclesiae,
1090 4001 1293 4055 Petrus
1318 4000 1616 4072 episcopus
1638 4001 1784 4055 Prae-

168 4090 457 4157 nestimaa,
491 4089 827 4143 Benedictus
856 4089 1108 4159 episcop.
1150 4090 1501 4159 Portuensis,
1531 4091 1782 4145 Joannes

168 4180 266 4253 qui
297 4181 358 4232 et
388 4178 626 4234 nomine
664 4182 899 4233 vocatur
924 4179 1337 4234 Lavicaanensis
1363 4180 1625 4235 Ecclesia:
1658 4178 1778 4251 epi-

161 4285 344 4341 sc0p.,
381 4267 688 4339 Gregorius
720 4267 973 4341 episcop.
1017 4268 1199 4340 Sylva:
1248 4269 1530 4338 candidae,
1579 4272 1779 4325 Petrus

166 4358 423 4429 episcop.
464 4356 834 4429 Vipernensis
893 4358 1173 4413 Ecclesiae.
1230 4359 1432 4414 Amico
1484 4360 1782 4430 presbyter

161 4446 493 4513 cardinalis,
549 4446 876 4519 Stephanus
926 4448 1226 4519 presbyter
1282 4450 1466 4514 card.,
1531 4451 1782 4504 Joannes

164 4536 469 4608 presbyter
498 4535 823 4601 cardinalis,
858 4537 1212 4591 Crescentius
1266 4539 1566 4609 presbyter
1596 4539 1777 4606 card.,

161 4627 416 4680 Joannes
446 4623 882 4679 archidiaconus
911 4628 1120 4679 sancta:
1175 4627 1452 4680 Romanae
1492 4628 1776 4694 Ecclesiae,

162 4714 327 4769 Abbo
348 4712 910 4776 diaconus,Joannes
925 4714 1201 4768 diaconus
1222 4713 1318 4786 qui
1335 4715 1781 4785 cognominatur

163 4803 232 4856 de
258 4804 415 4856 Beno
451 4800 661 4871 opifex.
705 4803 904 4855 Petrus
942 4802 1218 4857 diaconus
1259 4819 1292 4856 a
1335 4802 1532 4856 Chana
1569 4804 1777 4874 patria,

162 4890 523 4946 Crescentius
551 4888 997 4960 Anpodiaconus
1016 4890 1405 4945 oblacionario
1428 4909 1440 4957 ;
1473 4891 1779 4962 Gregorius

162 4979 539 5034 defensorum
568 4978 948 5048 primicerius.
995 4980 1196 5034 Petrus
1244 4996 1311 5033 ex
1365 4980 1475 5033 alio
1504 4982 1675 5034 Petro
1704 4981 1774 5036 de

160 5068 404 5139 pulchro
437 5066 761 5121 dativorum
784 5067 1093 5139 judicibus.
1124 5069 1451 5139 Stephanus
1477 5068 1574 5139 qui
1603 5084 1772 5123 voca-

157 5158 250 5211 tur
284 5156 358 5210 de
405 5156 725 5223 Bernardo,
772 5158 975 5211 Petrus
1020 5157 1091 5211 de
1141 5158 1472 5228 Breperato,
1518 5158 1767 5213 Berardo

155 5246 304 5301 titius
333 5246 665 5320 Crescentio
686 5248 757 5302 ad
790 5252 1027 5320 puteum
1051 5249 1253 5319 proba.
1288 5248 1504 5302 Franco
1528 5248 1764 5302 Camar-

155 5337 338 5409 lingo,
371 5338 429 5388 et
459 5335 572 5389 alio
600 5336 816 5391 Franco
840 5337 911 5391 de
932 5337 1211 5403 Deodato,
1243 5336 1575 5408 caeterisque
1593 5336 1765 5406 pluri-

154 5426 281 5481 mis.
308 5427 459 5481 Ante
489 5424 578 5479 his
600 5426 871 5480 omnibus
900 5425 1270 5497 praesentiam
1300 5427 1555 5482 erexitse
1588 5428 1764 5482 Bene-

156 5515 343 5571 dictus
367 5513 702 5569 Portuensis
732 5514 1051 5586 episcopus,
1088 5520 1145 5569 et
1171 5531 1367 5570 coram
1395 5516 1546 5572 dicto
1579 5517 1764 5572 archi-

155 5603 430 5675 episcopo
462 5600 874 5672 interpellavit,
906 5605 963 5656 et
1004 5601 1194 5657 dicere
1226 5604 1427 5676 coepit:
1463 5628 1491 5656 «
1525 5604 1769 5662 Domine

151 5690 516 5747 sanctissime
540 5691 712 5745 Pater
726 5692 784 5744 et
814 5690 1005 5745 senior
1024 5690 1114 5744 cui
1138 5692 1287 5746 Deus
1307 5693 1595 5749 commisit
1611 5712 1766 5749 sum-

1884 3199 2048 3254 sicuti
2092 3202 2259 3255 Fulco
2311 3202 2369 3255 Β.
2420 3200 2572 3255 Petri
2605 3202 2847 3272 apostoli
2881 3206 2939 3257 et
2962 3203 3147 3271 nobis,
3180 3207 3505 3277 nostraque

1892 3289 2227 3361 apostolicae
2279 3289 2429 3343 sedis
2473 3305 2576 3360 pro
2615 3307 2718 3344 sua
2748 3290 2955 3345 obtulit
2984 3292 3201 3359 anima,
3234 3294 3400 3349 uobis
3424 3294 3507 3349 ita

1900 3378 2190 3441 refutavit,
2219 3382 2391 3450 atque
2421 3378 2477 3432 in
2507 3382 2851 3451 perpetuum
2892 3379 3172 3435 traditum
3202 3398 3323 3437 esse
3352 3383 3505 3438 afﬁr-

1895 3467 2106 3535 mavit;
2138 3466 2227 3521 bis
2258 3467 2336 3522 ita
2366 3468 2607 3540 expletis
2641 3467 2868 3538 publice
2894 3467 3209 3535 constituit,
3241 3473 3413 3541 atque
3441 3470 3503 3526 in

1890 3558 2245 3627 perpetuum
2276 3556 2675 3627 permanendo
2728 3555 2976 3611 firmiter
3003 3555 3291 3611 stabilivit.
3336 3598 3349 3612 .
3393 3596 3406 3611 .
3440 3558 3503 3615 in

1888 3652 2155 3716 tempore
2183 3646 2395 3701 amodo
2441 3646 2499 3699 in
2540 3648 2711 3700 antea
2740 3645 2798 3700 in
2840 3643 3225 3717 qualicunque
3254 3662 3505 3718 persona

1893 3734 2222 3802 hominum,
2248 3737 2369 3789 tam
2392 3733 2965 3807 sacerdotalis,quam
2990 3732 3225 3803 laicalis,
3247 3734 3505 3807 qualibet

1889 3824 2199 3895 scriptura,
2230 3825 2317 3879 vel
2356 3822 2674 3895 privilegia,
2708 3840 2775 3878 ex
2821 3821 3095 3894 praedicto
3121 3824 3501 3893 monasterio,

1891 3916 1949 3967 et
1982 3930 2085 3967 sua
2108 3912 2483 3981 consecratio,
2511 3913 2599 3967 vel
2624 3911 2975 3984 pertinentia
3000 3928 3034 3966 a
3057 3928 3177 3981 me,
3195 3913 3283 3967 vel
3307 3930 3341 3968 a
3358 3913 3506 3975 meis

1890 4002 2310 4057 successoribus
2340 4002 2492 4056 facta
2520 4000 2871 4073 apparuerit,
2898 4001 3084 4056 sciant
3112 4017 3337 4070 omnes,
3365 4002 3505 4074 quia

1887 4090 2100 4161 partim
2135 4093 2193 4144 et
2228 4096 2390 4146 metu
2420 4108 2546 4147 esse
2561 4091 2814 4146 facta.Et
2834 4091 2901 4158 si,
2924 4091 3081 4164 quod
3095 4090 3271 4147 absit!
3292 4090 3498 4163 ipsam,

1886 4181 1949 4232 ut
1970 4178 2104 4246 dixi,
2136 4180 2481 4251 scripturam
2513 4197 2547 4235 a
2575 4180 2742 4236 nobis
2766 4181 2981 4236 factam
3001 4180 3353 4255 apparuerit,
3375 4180 3501 4236 irri-

1890 4270 2009 4322 tam
2044 4284 2165 4322 esse
2185 4270 2312 4323 volo
2345 4272 2515 4341 atque
2541 4270 2914 4326 damnatam:
2948 4273 3006 4325 et
3034 4274 3184 4326 hanc
3232 4270 3499 4327 notitiam

1888 4356 2253 4412 refutationis
2283 4357 2468 4413 brevis
2502 4359 2664 4413 omni
2694 4362 2959 4432 tempore
2986 4361 3217 4416 firmam
3249 4363 3307 4415 et
3330 4360 3502 4416 stabi-

1881 4449 2003 4502 lem
2036 4446 2279 4518 astipulo
2304 4463 2679 4517 permanere;
2707 4448 2915 4504 dehinc
2965 4452 3100 4503 ante
3156 4465 3339 4504 unum
3372 4465 3500 4505 nos-

1881 4539 2043 4591 trum
2075 4535 2479 4608 coepiscopum
2533 4536 2799 4591 videlicet
2837 4538 3074 4591 Petrum
3128 4536 3497 4607 Vipernensis

1883 4625 2146 4681 Ecclesia":
2171 4624 2284 4679 illic
2309 4624 2756 4687 transmisimus,
2776 4627 2834 4678 et
2858 4626 3055 4677 nostra
3066 4623 3187 4677 vice
3212 4623 3352 4679 illud
3372 4640 3494 4680 mo-

1886 4715 2206 4772 nasterium
2236 4713 2556 4769 consecrari
2567 4713 2862 4783 jussimus,
2887 4714 3088 4766 contra
3104 4714 3260 4784 quod
3280 4715 3490 4770 consti-

1881 4805 2127 4861 tutionis
2157 4807 2363 4859 nostra:
2395 4802 2665 4867 edictum,
2699 4816 3056 4871 quaecunque
3082 4801 3275 4856 moliri
3305 4805 3491 4857 teme-

1879 4894 2033 4949 rarie
2075 4890 2522 4966 praesumpserit,
2555 4888 2941 4944 anathematis
2972 4889 3380 4946 maledictione
3410 4895 3492 4946 te-

1880 4988 2107 5052 neatur,
2154 4984 2339 5039 donec
2370 4981 2726 5053 resipiscens,
2787 4981 2844 5032 et
2900 4978 2973 5032 ad
3016 4978 3489 5035 satisfaciendum

1876 5072 2168 5144 praedictae
2187 5076 2397 5128 nostrae
2428 5069 2713 5137 Ecclesiae,
2739 5072 3065 5141 nostraeque
3082 5070 3488 5140 praeceptionis

1873 5162 2091 5217 redeat.
2140 5162 2248 5226 Qui
2276 5178 2409 5217 vero
2448 5161 2545 5234 pio
2586 5161 2818 5221 hortatu
2850 5159 3181 5213 observator
3210 5157 3271 5212 in
3302 5158 3488 5214 omni-

1871 5250 1979 5304 bus
2008 5250 2311 5317 exstiterit,
2332 5251 2660 5305 custodiens
2672 5249 2842 5320 hujus
2854 5250 3062 5303 nostrae
3075 5245 3300 5301 notitiae
3314 5249 3486 5319 atque

1865 5338 2240 5393 refutationis
2268 5339 2477 5405 brevis,
2508 5337 2934 5394 benedictionis
2967 5335 3213 5408 gratiam
3259 5352 3294 5389 a
3318 5335 3486 5391 mise-

1866 5426 2264 5482 ricordissimo
2297 5427 2546 5481 Domino
2578 5429 2694 5484 Deo
2726 5430 2922 5483 nostro
2948 5424 3486 5497 multiplicitercon-

1870 5519 2163 5589 sequatur,
2187 5518 2244 5568 et
2272 5514 2401 5568 vitae
2428 5519 2661 5571 aeternae
2687 5518 2972 5590 particeps
2992 5516 3141 5571 efﬁci
3167 5518 3480 5573 mereatur.

1873 5608 2058 5673 Quam
2080 5603 2401 5658 chartulam
2430 5603 2619 5658 brevis
2646 5606 3012 5661 refutationis
3038 5606 3344 5663 Benedicto
3375 5623 3482 5662 no-

1875 5697 2019 5753 tario
2050 5697 2109 5751 et
2133 5691 2429 5748 scriniario
2460 5691 2608 5746 sedis
2637 5696 2848 5747 nostrae
2895 5695 3223 5775 apostolicae
3271 5713 3376 5769 pro
3401 5695 3483 5752 fu-
