3888 6218
301 369 438 427 1527

307 492 441 548 tura
465 487 755 547 memoria
804 489 1114 563 futuroque
1161 486 1514 553 testimonio,
1563 486 1622 540 et
1656 483 1990 548 chartulaA,

306 579 666 636 scribendam
695 579 1096 652 praecepimus,
1128 594 1192 632 ac
1222 576 1408 648 sigillo
1442 577 1636 630 nostro
1676 573 1914 645 sigillari

299 665 659 739 jussimusin
707 683 907 722 mense
957 671 1016 721 et
1039 665 1357 722 indictione
1403 663 1788 736 suprascripta
1819 663 1917 718 de-

308 771 479 812 cima.

379 845 648 917 Signum,
676 861 783 916 ego
817 843 1049 916 Sergius
1087 847 1297 898 sanctas
1349 841 1643 898 catholicae
1670 845 1728 896 et
1756 857 1918 913 apos-

309 933 496 990 tolicae
517 936 794 990 Romanae
822 932 1083 988 Ecclesia
1109 934 1337 1005 praesul.
1369 934 1570 988 Petrus
1617 931 1918 1004 episcopus

308 1027 520 1080 sanctae
539 1021 906 1079 Praanestinte
927 1021 1188 1076 Ecclesia:
1207 1026 1264 1076 et
1283 1020 1752 1076 Bibliothecarius
1768 1019 1918 1075 sacri

309 1111 526 1186 palatii.
547 1111 885 1168 Benedictus
905 1110 1204 1183 episcopus
1232 1109 1585 1167 Portuensis.
1612 1109 1920 1180 Gregorius

310 1200 610 1274 episc0pus
622 1200 785 1256 Silvm
800 1198 1093 1255 Candidas.
1113 1199 1295 1254 Homo
1311 1198 1610 1272 episcopus
1627 1197 1920 1253 Lavicanaa

311 1287 572 1344 Ecclesiae
594 1290 796 1344 Petrus
807 1287 1106 1360 episcOpus
1129 1290 1340 1342 sanctae
1357 1285 1723 1359 Vipernensis
1741 1286 1924 1340 Eccle-

309 1375 429 1434 site.
458 1380 662 1434 Petrus
713 1377 982 1432 defensor
1029 1375 1250 1431 dativus
1289 1376 1487 1447 judex.
1544 1377 1746 1430 Petrus
1776 1373 1924 1429 dati-

312 1484 414 1523 vus
425 1467 625 1539 judex.
649 1469 854 1522 Petrus
875 1466 1018 1521 alius
1037 1465 1258 1521 dativus
1270 1466 1468 1537 judex.
1489 1463 1805 1520 Richardus
1827 1481 1926 1519 no-

314 1555 444 1613 bilis
468 1555 574 1611 vir.
609 1554 934 1626 Stephanus
961 1556 1031 1610 de
1069 1555 1361 1610 Bernardo
1418 1556 1633 1609 Franco
1670 1554 1924 1608 Deodato

314 1643 662 1700 cubiculario
692 1643 1002 1711 dominico,
1035 1645 1282 1698 Berardo
1313 1642 1452 1710 ﬁlio,
1505 1641 1830 1697 Crescentio
1853 1641 1927 1695 ad

316 1735 556 1806 puteum
578 1731 780 1803 proba.
813 1733 1064 1787 Joannes
1104 1730 1539 1786 archidiaconus
1583 1732 1795 1784 sanctae
1833 1731 1929 1783 Ec-

316 1820 504 1876 clesiae
552 1821 830 1875 Romanae
875 1820 1040 1875 Abbo
1082 1819 1356 1874 diaconus
1405 1821 1616 1874 sanctae
1650 1789 2001 1874 RomanaeB

319 1909 604 1966 Ecclesiae.
629 1910 880 1964 Joannes
901 1908 1175 1964 diaconus
1191 1909 1416 1963 Sanctae
1438 1910 1718 1963 Romanae
1741 1909 1928 1962 Eccle-

319 1997 440 2058 siae.
487 2000 689 2054 Petrus
745 1997 1044 2055 diaconus.
1105 1997 1464 2053 Crescentius
1527 1997 1928 2052 subdiaconus.

321 2087 660 2144 Benedictus
681 2085 972 2142 diaconus.
996 2085 1196 2141 Amico
1223 2085 1548 2141 cardinalis.
1582 2085 1930 2158 Stephanus,

318 2178 590 2244 Joannes,
619 2176 996 2244 Crescentius,
1038 2175 1358 2232 cardinales
1401 2175 1626 2230 Sanctae
1655 2176 1933 2231 Romanas

323 2265 620 2332 Ecclesiae;
669 2267 919 2320 Joannes
980 2264 1139 2337 prior
1187 2263 1705 2329 subdiaconorum;
1734 2265 1938 2319 Rame-

327 2355 445 2410 rius
482 2354 775 2410 diaconus.
798 2356 917 2426 Ego
949 2354 1287 2410 Benedictus
1315 2353 1614 2409 scriniario
1647 2355 1682 2409 S
1724 2356 1939 2410 Roma-

333 2460 424 2498 nae
473 2443 735 2499 Ecclesia:
786 2444 1033 2516 scriptor
1085 2445 1254 2514 hujus
1303 2442 1523 2497 notitiae
1574 2442 1938 2498 refutationis

331 2532 518 2588 brevis
547 2536 676 2604 post
701 2533 964 2588 omnium
994 2532 1455 2604 supradictorum
1493 2531 1938 2604 subscriptiones

331 2618 534 2689 factas,
565 2621 846 2693 complevi
866 2624 925 2676 et
953 2621 1190 2676 absolvi.

1085 2709 1204 2763 XV.

406 2795 587 2870 Sergii
605 2796 640 2852 Ι
647 2797 697 2853 V
706 2814 868 2870 papae
874 2797 1218 2870 privilegium
1231 2813 1336 2870 pro
1360 2800 1676 2854 monasterio
1695 2797 1871 2871 Belli-

1037 2887 1244 2942 locensi.

931 2974 1123 3048 (Anno
1167 2975 1350 3049 1012.)

414 3064 618 3138 [Gallia
649 3063 973 3133 Christiana,
1007 3067 1117 3120 vet.
1149 3066 1311 3134 edit.,
1343 3065 1608 3134 tom..lV,
1640 3081 1698 3136 p.
1731 3066 1876 3136 150.]

415 3154 651 3209 SERGIUS
681 3152 1000 3226 episcopus,
1045 3171 1237 3209 servus
1285 3170 1581 3210 servorum
1615 3153 1736 3222 Dei,
1769 3153 1955 3210 omni-

345 3243 452 3298 bus
479 3241 745 3298 ﬁdelibus
774 3246 986 3298 sanctae
1020 3243 1120 3298 Dei
1152 3242 1412 3298 Ecclesiae
1444 3242 1745 3316 episcOpis.

417 3333 629 3388 Notum
655 3348 776 3386 esse
801 3333 1062 3386 volumus
1089 3331 1248 3387 vobis
1293 3331 1427 3404 quia
1471 3331 1709 3404 quidam
1763 3348 1957 3386 comes

351 3419 590 3478 nomine
621 3421 787 3476 Fulco
815 3420 1134 3476 construxit
1191 3419 1486 3493 quoddam
1539 3419 1958 3476 monasterium

349 3509 410 3565 in
439 3526 540 3565 suo
565 3509 802 3582 pr0prio
823 3509 1176 3581 alodo,quod
1204 3511 1263 3564 et
1288 3509 1348 3572 S.
1371 3510 1541 3564 Petro
1565 3511 1961 3581 apostolorum

352 3598 944 3672 principitradidit,ac
958 3603 1168 3653 nostra:
1197 3597 1519 3666 donationi,
1550 3615 1963 3653 successorum-

350 3704 464 3760 que
489 3687 893 3744 nostrorumin
923 3692 1200 3759 perpetuo
1217 3687 1348 3758 jure
1379 3687 1674 3743 submisit:
1694 3704 1866 3759 quem
1885 3689 1963 3742 lo-

351 3792 484 3832 cum
498 3791 606 3848 ego
621 3793 724 3850 per
734 3776 970 3831 memeti
976 3793 1144 3848 psum
1159 3792 1382 3831 sacrare
1406 3793 1524 3831 non
1545 3777 1964 3846 valens,quem-

352 3865 488 3920 dam
521 3867 783 3920 nostrum
812 3865 1242 3936 sulfraganeum
1260 3864 1592 3935 episcopum
1609 3863 1742 3918 illuc
1761 3864 1963 3932 direxi,

356 3958 420 4009 ut
441 3953 632 4026 ipsum
653 3953 1071 4010 monasterium
1095 3952 1215 4007 vice
1255 3952 1291 4008 S
1358 3951 1513 4007 Petri
1543 3968 1610 4007 ac
1655 3956 1854 4009 nostra
1881 3971 1966 4009 sa-

356 4046 547 4099 craret
565 4060 629 4098 ac
654 4041 1047 4098 benediceret.
1063 4040 1398 4097 Audivimus
1417 4043 1614 4096 autem
1631 4041 1822 4098 eidem
1841 4045 1964 4100 loco

357 4131 570 4187 multos
585 4130 801 4186 habere
823 4128 1064 4196 invidos,
1079 4133 1431 4203 quapropter
1454 4131 1855 4188 benedictione
1878 4149 1967 4187 ex-

360 4220 537 4290 pleta,
565 4217 612 4272 si
637 4216 812 4272 fuerit
835 4216 1040 4290 aliquis
1060 4217 1236 4272 homo
1259 4219 1357 4291 qui
1386 4219 1556 4292 hujus
1575 4219 1686 4276 loci
1715 4221 1965 4276 servien-

358 4305 531 4373 tibus,
551 4305 733 4360 autad
748 4304 935 4379 ipsum
965 4307 1156 4362 locum
1185 4307 1841 4381 attinent1bus,aliquam
1870 4326 1968 4364 cu-

1189 365 1414 426 SERGH
1465 363 1536 422 IV
1571 360 1780 420 PAPIE
1814 357 2176 420 EPISTOLE
2211 361 2298 420 ET
2334 363 2730 421 DIPLOMATA

3486 367 3620 426 i528

2743 488 2892 548 XVI.

2010 593 2229 664 Sergius
2256 593 2286 648 1
2296 595 2349 651 V
2388 593 2668 650 Michaelis
2705 599 3088 670 archiepiscopi
3121 597 3464 656 Salemitani
3493 597 3622 670 jura

2456 667 2866 739 metropolitana
2885 667 3193 739 conﬁrmat.

2614 757 2798 830 (Anno
2846 761 3022 829 4012.)

2302 843 2589 914 [UGHELLI,
2619 843 2785 900 Italia
2817 861 3000 915 sacra,
3034 847 3152 915 VII,
3190 847 3340 918 377.]

2091 931 2351 996 SERGIUS,
2374 949 2566 988 servus
2594 951 2889 990 servorum
2915 935 3038 1003 Dei,
3071 935 3444 992 dilectissimo
3467 937 3630 994 nobis

2013 1017 2190 1076 fratri
2221 1021 2544 1094 meritoque
2576 1023 2903 1080 honorabili
2929 1025 3220 1094 MICBAELJ,
3253 1025 3631 1082 Salernitanas

2022 1109 2173 1164 sedis
2192 1109 2644 1184 archiepiscopo.

2095 1197 2241 1262 Quia
2269 1198 2440 1253 vestri
2465 1199 2684 1272 accepti
2705 1199 2973 1258 beneﬁcii
3000 1219 3293 1260 memores
3313 1219 3440 1260 esse
3460 1203 3634 1260 debe-

2025 1303 2174 1350 mus,
2207 1291 2266 1342 et
2289 1287 2674 1343 reverentiam
2725 1289 3104 1346 fraternitatis
3130 1295 3335 1348 vestras
3366 1309 3510 1366 erga
3533 1309 3638 1349 nos

2025 1377 2082 1429 et
2096 1378 2355 1430 sanctam
2375 1378 2700 1432 Romanam
2713 1378 3022 1435 Ecclesiam
3034 1380 3324 1454 praecipue
3335 1383 3640 1438 exuberas-

2025 1480 2086 1519 se
2114 1465 2512 1534 cognovimus,
2530 1465 2660 1521 ideo
2681 1467 2893 1523 merito
2916 1483 2981 1524 ac
2999 1469 3129 1540 jure
3150 1470 3642 1542 recompensatio-

2028 1569 2100 1607 ne
2117 1553 2406 1608 charitatis
2425 1556 2623 1609 vestrae
2640 1556 2962 1626 rependere
2978 1557 3140 1613 vobis
3159 1555 3641 1631 statuimus,qua-

2028 1644 2194 1696 tenus
2223 1641 2441 1714 liqueat
2471 1643 2738 1698 omnibus
2783 1643 2991 1700 Christi
3033 1646 3318 1710 ﬁdelibus,
3348 1647 3640 1704 immenso

2027 1731 2252 1789 honore
2280 1733 2690 1788 honorandum
2739 1733 2884 1802 fore,
2933 1735 3032 1808 qui
3071 1735 3350 1792 vicarium
3391 1739 3452 1794 B.
3489 1737 3643 1793 Petri

2031 1823 2429 1895 apostolorum
2459 1820 2732 1893 principis
2748 1821 3057 1894 diligenter
3074 1824 3481 1894 honoraverit;
3504 1842 3645 1882 con-

2029 1927 2200 1966 sensu
2230 1926 2296 1964 ac
2325 1910 2618 1964 voluntate
2639 1914 2972 1966 nostrorum
2999 1913 3244 1968 fratrum
3272 1914 3646 1970 concedimus

2033 2001 2092 2055 et
2121 1999 2536 2054 conﬁrmamus
2565 2002 2622 2053 te
2638 1999 2968 2055 Michaelem
2999 2001 3353 2057 confratrem
3375 2005 3647 2058 nostrum

2032 2087 2092 2144 in
2125 2087 2328 2143 ordine
2359 2086 2612 2159 archiep.
2632 2086 2797 2142 sicuti
2828 2090 3126 2161 quondam
3147 2092 3381 2162 Amato,
3416 2092 3506 2147 cui
3527 2091 3646 2166 pri-

2033 2175 2208 2231 mitus
2227 2178 2428 2231 vestrae
2470 2175 2620 2231 sedis
2647 2176 3168 2250 archiepiscopatus
3197 2179 3586 2236 Salernitanae
3613 2198 3650 2236 a

2035 2265 2247 2320 nostris
2276 2265 2730 2320 antecessoribus
2754 2266 2919 2321 datus
2949 2267 3077 2336 fuit,
3109 2267 3190 2323 ita
3207 2285 3306 2324 vos
3326 2272 3527 2324 nostra
3546 2286 3648 2324 au-

2037 2353 2227 2410 ctorit.
2264 2353 2492 2426 quietus
2518 2355 2706 2409 valeas
2743 2354 3034 2425 possidere
3064 2372 3132 2410 ac
3169 2356 3502 2428 vigilantius
3530 2374 3655 2413 cus-

2039 2443 2265 2509 todire;
2297 2441 2398 2496 tali
2431 2458 2684 2515 namque
2715 2443 2938 2510 ordine,
2967 2448 3030 2499 ut
3058 2445 3163 2500 fati
3191 2463 3410 2515 sumus,
3439 2447 3499 2502 id
3527 2447 3654 2502 ﬁeri
3685 2491 3698 2507 .

2041 2530 2399 2587 decrevimus
2431 2533 2493 2584 ut
2525 2533 2585 2585 tu
2610 2533 2668 2585 et
2697 2547 3047 2588 successores
3089 2531 3173 2588 tui
3212 2534 3273 2588 in
3302 2539 3656 2607 perpetuum

2042 2619 2299 2676 habeatis
2334 2617 2630 2674 licentiam
2655 2623 2712 2674 et
2752 2622 3100 2692 potestatem
3122 2622 3438 2679 ordinandi
3455 2640 3662 2680 conse-

2043 2707 2359 2780 orandique
2389 2707 2689 2780 episcopos
2717 2708 2777 2763 in
2805 2708 2896 2764 his
2919 2710 3190 2782 subjectis
3208 2711 3376 2767 vobis
3390 2712 3530 2767 locis
3546 2713 3663 2768 hoc

2047 2801 2134 2854 est
2161 2799 2420 2852 Pestanae
2449 2812 2582 2850 cum
2599 2797 2887 2868 parochiis
2902 2801 2961 2854 et
2975 2799 3066 2870 adj
3075 2799 3314 2855 acentiis
3343 2817 3518 2872 super
3535 2801 3665 2874 epi-

2049 2889 2345 2958 scopatum
2375 2886 2706 2941 Consanum
2737 2901 2868 2941 cum
2899 2887 3184 2960 parochiis
3231 2891 3292 2944 et
3321 2889 3670 2960 adjacentiis

2049 2974 2185 3042 suis,
2208 2990 2434 3030 necnon
2461 2977 2520 3030 et
2560 2975 2958 3046 episcopatum
2983 2975 3469 3046 Acheruntinum,
3494 2978 3669 3034 simul

2051 3061 2230 3116 etiam
2259 3065 2316 3117 et
2347 3063 2744 3133 episcopatum
2775 3064 3248 3134 Bisinianensem,
3281 3069 3341 3122 et
3365 3067 3673 3138 episcopa-

2053 3154 2180 3205 tum
2205 3151 2700 3219 Maluttauensem,
2733 3155 2905 3224 atque
2951 3152 3350 3226 episcopatum
3381 3155 3677 3212 Cusentim

2055 3255 2186 3294 cum
2215 3237 2485 3294 omnibus
2513 3239 2798 3312 parochiis
2829 3245 2888 3295 et
2904 3241 3300 3313 adjacentibus
3315 3243 3678 3310 eorum,sic-

2057 3328 2140 3383 uti
2184 3327 2244 3382 in
2275 3331 2462 3384 vestro
2514 3328 2792 3384 anteriori
2825 3345 2927 3384 usu
2959 3330 3117 3402 pallii
3146 3331 3500 3399 continetur,
3523 3332 3590 3385 ut
3613 3329 3678 3386 in

2059 3417 2299 3473 ecclesia
2324 3420 2534 3473 sanctae
2580 3417 2683 3473 Dei
2713 3418 3014 3475 Genitricis
3040 3419 3229 3475 Mariae
3257 3423 3318 3474 et
3344 3420 3503 3475 beati
3528 3421 3681 3476 Mat-

2057 3506 2179 3562 thei
2212 3505 2456 3578 apostoli
2495 3509 2554 3562 et
2599 3506 2964 3574 evangelista:
3014 3508 3175 3579 cujus
3215 3508 3684 3566 sacratissimum

2061 3613 2269 3667 corpus
2295 3594 2596 3667 possidetis
2617 3599 2789 3668 atque
2816 3597 2976 3652 vobis
3000 3597 3313 3669 vestrisque
3339 3597 3688 3654 successori.

2063 3685 2170 3740 bus
2198 3700 2532 3739 concessum
2563 3687 2669 3739 est.
2701 3686 2836 3738 Post
2865 3685 3175 3740 discessum
3197 3685 3486 3758 siquidem
3507 3690 3686 3742 tuum

2063 3789 2416 3828 successores
2445 3771 2528 3827 tui
2557 3773 2895 3843 perveniant
2943 3773 3018 3828 ad
3049 3774 3426 3846 apostolicam
3449 3775 3685 3844 sedem,

2063 3863 2128 3916 ut
2150 3877 2315 3916 usum
2346 3861 2502 3932 pallii
2531 3861 3141 3935 consecrationemque
3169 3863 3538 3920 decretaliter
3553 3881 3691 3918 sus-

2065 3949 2312 4022 cipiant;
2342 3953 2399 4004 et
2437 3949 2480 4004 si
2512 3966 2864 4006 successores
2888 3951 3071 4006 nostri
3101 3967 3443 4008 consecrare
3472 3953 3688 4008 nolue-

2067 4039 2203 4104 rint,
2223 4038 2455 4096 licentia
2473 4037 2546 4094 sit
2562 4042 2762 4094 vestrae
2777 4043 2990 4096 sancta:
3012 4040 3273 4118 Ecclesia:
3301 4041 3374 4096 ab
3394 4041 3694 4114 episcopis

2065 4127 2266 4183 vestris
2285 4128 2662 4200 suﬂ‘raganeis
2677 4128 3020 4196 consecrari,
3039 4132 3100 4183 et
3118 4145 3236 4185 non
3253 4129 3692 4202 habeantpote-

2069 4220 2277 4274 statem
2307 4233 2658 4273 successores
2691 4217 2872 4272 nostri
2897 4217 2956 4272 in
2988 4217 3208 4273 cunctis
3234 4217 3436 4273 vestris
3462 4219 3692 4290 episco-

2068 4307 2319 4380 patibus,
2351 4323 2495 4379 quos
2518 4305 2679 4362 vobis
2707 4307 3076 4378 subjecerunt
3104 4305 3376 4379 deinceps
3397 4307 3461 4362 in
3483 4324 3697 4380 perpe-

359 4393 648 4451 lumniam
677 4399 776 4451 aut
801 4395 1130 4452 molestiam
1150 4396 1366 4453 inferre
1387 4397 1969 4471 voluerit,autaliquis
1992 4391 2046 4452 D
2068 4399 2234 4450 tuum
2280 4395 2532 4466 aliquem
2575 4394 2909 4467 episcopum
2960 4411 3322 4462 consecrare,
3377 4395 3537 4468 quod
3557 4396 3696 4467 jam

360 4483 660 4558 episcOpus
683 4488 784 4540 aut
809 4485 1292 4558 archiepiscopus,
1320 4487 1420 4560 qui
1447 4503 1546 4543 eos
1572 4487 1968 4543 excommuni-

360 4589 492 4630 care
521 4574 608 4630 vel
636 4574 980 4630 maledicere
1009 4575 1383 4646 voluerit,ipsi
1403 4575 1518 4630 sint
1537 4592 1605 4631 ex
1631 4575 1970 4632 auctoritate

361 4661 567 4731 Patris,
590 4667 643 4720 et
677 4663 821 4732 Filii,
849 4668 908 4720 et
927 4664 1386 4738 Spiritussaucti,
1401 4667 1460 4720 et
1483 4665 1542 4720 S.
1568 4665 1721 4720 Petri
1740 4668 1970 4736 aposto-

361 4753 550 4808 lorum
580 4751 857 4826 principis
895 4752 984 4808 cui
1031 4770 1066 4808 a
1120 4752 1343 4809 Christo
1371 4753 1579 4808 collata
1606 4757 1694 4808 est
1721 4756 1974 4825 potestas

361 4838 583 4912 ligandi
600 4844 772 4913 atque
795 4841 1074 4910 solvendi,
1104 4841 1485 4913 omniumque
1529 4844 1883 4906 sanctorum,
1917 4845 1976 4898 et

361 4945 432 4984 ex
461 4933 661 4984 nostra
685 4929 1042 4998 auctoritate,
1072 4929 1454 5000 omniumque
1481 4929 1881 5001 episcoporum
1896 4935 1976 4985 at-

363 5033 476 5090 que
496 5017 1060 5090 archiepiscoporum
1075 5021 1288 5073 sanctae
1301 5019 1578 5074 Romanae
1593 5018 1977 5085 Ecclesiae,ex-

361 5105 774 5162 communicati
789 5109 963 5178 atque
992 5107 1172 5176 anath
1208 5104 1482 5173 matizati,
1528 5105 1642 5160 sive
1663 5106 1972 5176 maledicti,

361 5196 658 5252 etc.Locus
670 5211 806 5250 vero
826 5195 923 5249 ille
939 5193 1975 5265 etomneshujuslociservientes,nec

363 5301 482 5340 non
511 5287 571 5340 et
597 5283 890 5355 adjutores
910 5282 1054 5354 ejus,
1073 5283 1186 5338 sive
1208 5281 1380 5338 amici
1397 5282 1448 5336 ei
1468 5299 1534 5338 ex
1555 5282 1760 5338 eadem
1779 5287 1978 5338 aucto-

364 5372 535 5428 ritate
563 5371 823 5442 superius
851 5370 1027 5435 dicta,
1049 5370 1164 5426 sint
1178 5370 1421 5426 absoluti
1447 5373 1506 5425 et
1525 5370 1976 5440 benedicti,nul-

363 5461 596 5532 Iamque
618 5460 863 5516 timeant
899 5475 1158 5532 unquam
1187 5459 1848 5516 excommunicationem
1886 5463 1971 5514 at-

365 5563 480 5618 que
507 5545 980 5602 maledictionem
1010 5547 1082 5602 ab
1123 5547 1220 5603 illo
1236 5547 1528 5620 episcopo,
1546 5562 1734 5620 neque
1749 5545 1969 5602 archie-

365 5633 626 5704 piscopo,
653 5633 750 5704 qui
779 5633 964 5692 vivere
993 5635 1172 5707 possit
1207 5652 1379 5708 super
1408 5640 1646 5692 terram.

2069 4483 2228 4538 vobis
2256 4498 2592 4538 concessum
2617 4485 2704 4537 est
2754 4482 3091 4556 Quicunque
3127 4487 3324 4539 autem
3377 4484 3533 4539 hanc
3559 4500 3699 4539 nos-

2069 4575 2177 4628 trae
2202 4571 2632 4628 concessionem
2660 4573 3064 4645 praeceptionis
3097 4573 3312 4628 violare
3362 4590 3698 4645 praesump-

2071 4661 2228 4728 serit,
2280 4665 2558 4734 perpetuo
2606 4661 2994 4716 anathematis
3019 4660 3244 4716 vinculo
3290 4662 3592 4734 religetur,
3633 4665 3700 4718 et

2073 4751 2198 4805 hazc
2228 4753 2426 4805 nostra
2451 4749 2741 4804 concessio
2763 4749 2979 4804 stabilis
2995 4748 3238 4804 etﬁrma
3256 4750 3317 4804 in
3337 4755 3700 4822 perpetuum

2075 4843 2330 4896 maneat.

2145 4926 2435 4998 Scriptum
2465 4942 2570 4998 per
2598 4941 2807 4981 manus
2843 4926 3082 4983 Joannis
3106 4925 3393 4982 scriniarii
3426 4926 3487 4983 S.
3517 4929 3701 4984 Rom.

2077 5016 2334 5071 Ecclesia:
2362 5016 2421 5070 in
2450 5031 2651 5070 mense
2679 5015 2869 5084 Junio,
2901 5015 3023 5071 ind.
3051 5033 3106 5072 x.
3139 5017 3266 5070 Dat.
3293 5033 3367 5071 xv
3399 5017 3526 5072 Kal.
3559 5016 3700 5072 Julii

2075 5121 2178 5177 per
2210 5121 2451 5160 manum
2479 5103 2741 5175 Gregorii
2767 5104 3020 5178 episcopi
3063 5108 3122 5159 et
3166 5104 3593 5161 bibliothecarii
3625 5106 3698 5162 S.

2075 5195 2224 5250 sedis
2254 5193 2600 5267 apostolicis,
2632 5210 2808 5250 anno.
2857 5195 2976 5250 Deo
3019 5193 3294 5266 pr0pitio,
3324 5195 3706 5267 pontiﬁcatus

2078 5285 2142 5336 D.
2178 5283 2364 5354 Sergii
2388 5283 2457 5336 ιν
2476 5299 2640 5354 papas
2672 5281 2731 5336 in
2760 5282 3143 5338 sacratissima
3166 5283 3303 5338 sede
3330 5283 3490 5338 beati
3537 5285 3701 5340 Petri

2074 5370 2390 5443 apostolica
2410 5375 2492 5438 ni,
2523 5368 2724 5425 indict.
2748 5387 2804 5436 x,
2828 5385 3029 5425 mense
3056 5370 3249 5439 Junio,
3282 5369 3378 5426 die
3404 5373 3562 5426 sexta
3591 5371 3694 5427 de-

2071 5475 2244 5520 eima.
