3888 6218
1576 550 1724 590 ANNO
1773 550 1961 591 DOIINI
2000 550 2109 590 ιιν

1237 734 2300 879 HENBICUS

988 1037 1798 1148 PARMENSIS
1857 1036 2645 1149 EPISCOPUS
2689 1029 2757 1092 θ’

1551 1443 2146 1547 HENBICI

585 1666 1155 1801 SEBMO
1237 1666 1461 1790 DE
1542 1659 2414 1799 PASCHATE
2493 1661 3108 1796 DOMINI

1157 1877 1366 1952 (Edidit
1393 1877 1524 1939 MAI.
1548 1876 1751 1949 Script.
1784 1880 1887 1930 vet.
1926 1873 2065 1944 Coll,
2094 1890 2217 1932 nov.
2256 1874 2370 1943 VII,
2404 1873 2554 1946 271.)

270 2157 710 2233 Redemptionis
723 2159 933 2214 nostrae
947 2156 1089 2227 dies,
1104 2154 1444 2223 charissimi,
1460 2157 1625 2211 tanto
1645 2153 1812 2210 nobis
1830 2157 1887 2217 Α
1916 2153 2124 2209 molari
2142 2154 2400 2226 jubetur,
2419 2170 2532 2228 quo
2556 2153 2887 2228 typicusille
2910 2156 3158 2229 populus
3173 2155 3413 2214 insuetae
3424 2169 3519 2213 co‘

199 2254 283 2307 est
311 2248 654 2323 propensius
680 2245 1054 2302 honorandus
1075 2248 1132 2299 et
1153 2244 1362 2299 celebri
1389 2242 1694 2298 devotione
1720 2259 1814 2298 re-
1913 2242 2215 2298 mestionis
2245 2259 2407 2299 more
2447 2246 2805 2299 vesceretur:
2844 2243 2987 2320 sicut
3016 2244 3068 2301 ei
3100 2261 3208 2318 per
3226 2246 3455 2318 Moysen
3484 2262 3521 2302 a

203 2338 501 2404 colendus,
528 2338 746 2409 quanto
787 2334 981 2389 salutis
1030 2337 1243 2387 nostra:
1294 2332 1505 2403 gaudio
1559 2331 1813 2386 dicatum
1914 2332 2171 2388 Domino
2199 2331 2632 2387 demonstratur
2660 2350 2674 2386 :
2702 2331 2891 2402 Renes,
2910 2332 3120 2406 inquit,
3145 2337 3524 2390 vestrosaccin-

204 2430 367 2485 illum
401 2424 949 2497 agnoscimus.Licet
975 2422 1134 2479 enim
1166 2424 1505 2476 caeterarum
1538 2419 1816 2476 festivita-
1911 2423 2065 2491 getis,
2093 2420 2455 2474 calceamenta
2486 2422 2742 2477 habebitis
2788 2424 2843 2476 in
2860 2422 3104 2494 pedibus,
3151 2428 3203 2478 et
3249 2423 3524 2479 comedetis

206 2521 329 2572 tum
362 2516 485 2571 dies
515 2515 590 2569 ad
622 2516 885 2569 nostrum
907 2512 1021 2567 sint
1041 2510 1284 2565 instituti
1303 2508 1578 2581 gaudium
1607 2514 1664 2564 et
1678 2526 1816 2582 pro-

201 2606 448 2672 fectum,
487 2603 580 2657 hic
627 2604 848 2668 tamen,
896 2599 992 2672 qui
1026 2598 1463 2654 resurrectionis
1494 2601 1581 2653 est
1607 2602 1816 2655 nostra

208 2693 551 2765 mysterium
563 2733 577 2760 ,
601 2689 796 2746 salutis
808 2693 865 2744 et
881 2686 1271 2743 exsultationis
1283 2687 1580 2759 privilegio
1595 2688 1819 2743 obtinet

208 2781 609 2855 principatum
634 2800 645 2835 :
667 2779 812 2834 sicut
830 2794 936 2849 per
958 2775 1316 2831 Psalmistam
1331 2776 1538 2830 dicitur
1561 2792 1574 2830 :
1598 2775 1735 2830 Hac
1745 2782 1820 2831 est

209 2871 319 2925 dies
348 2886 516 2942 quam
533 2868 665 2938 fecit
694 2864 1311 2933 Dominus,ea:sultemus
1336 2873 1385 2918 et
1411 2864 1647 2918 laetemur
1663 2866 1816 2932 inea,

212 2960 343 3015 Haec
370 2962 479 3027 est,
501 2957 764 3029 inquam,
794 2955 915 3010 dies
932 2954 991 3009 in
1015 2952 1456 3025 quaviventibus
1471 2953 1747 3024 gaudium
1764 2955 1823 3008 et

224 3047 474 3104 mortuis
504 3048 812 3118 praestatur
841 3042 1244 3114 refrigerium:
1272 3042 1396 3096 haec
1428 3045 1531 3110 est,
1559 3041 1821 3112 inquam,

212 3137 335 3192 dies
364 3152 544 3209 quam
571 3133 678 3189 sibi
722 3131 1002 3188 Dominus
1042 3130 1367 3202 specialiter
1395 3129 1726 3197 vindicavit,
1768 3132 1827 3185 et

207 3248 235 3286 ε
249 3223 521 3297 anguinis
551 3223 636 3277 sui
660 3220 845 3294 pretio
865 3223 923 3274 et
939 3218 1373 3274 resurrectionis
1401 3218 1582 3290 gloria
1605 3218 1831 3274 dedica-

222 3316 333 3383 vit;
366 3330 476 3388 pro
510 3310 676 3366 nobis
705 3308 859 3363 enim
884 3311 1145 3363 mortuus
1177 3307 1487 3362 resurrexit
1508 3323 1829 3378 nunquam,

222 3403 544 3461 secundum
570 3397 814 3472 apostoli
836 3396 988 3452 Petri
1006 3395 1380 3466 sententiam,
1412 3395 1747 3463 moriturus,
1769 3398 1833 3450 ut

1912 2508 2253 2582 festinanter.
2289 2508 2403 2563 Sed
2433 2509 2587 2581 quod
2608 2508 2689 2565 illi
2716 2509 2776 2566 in
2800 2510 3098 2566 occidente
3133 2510 3279 2583 legis
3305 2511 3522 2581 littera,

1915 2598 2027 2652 hoc
2058 2613 2163 2652 nos
2192 2595 2535 2652 vivificantis
2564 2598 2795 2670 spiritus
2819 2599 3107 2655 custodire
3155 2600 3432 2655 debemus
3459 2600 3522 2656 in

1917 2686 2124 2759 gratia.
2156 2687 2364 2742 Littera
2395 2690 2536 2743 enim
2556 2689 2771 2759 occidit,
2821 2692 3036 2762 spiritus
3057 2697 3233 2748 autem
3265 2692 3523 2761 oiviﬁcat.

1919 2775 2069 2840 Quid
2105 2793 2244 2849 ergo
2276 2792 2381 2848 per
2414 2777 2748 2851 IEgyptum,
2773 2778 2883 2834 nisi
2912 2779 3149 2835 tenebras
3171 2778 3527 2852 accipimus?

1921 2866 1979 2919 et
2006 2863 2146 2936 quid
2170 2866 2369 2936 phase,
2413 2866 2522 2921 nisi
2575 2870 2862 2923 transitum
2901 2867 3318 2924 nominamus?
3344 2868 3529 2924 Phase

1922 2952 2121 3024 igitur,
2138 2970 2243 3025 pro
2263 2972 2376 3027 quo
2405 2956 2639 3027 pascha,
2670 2957 2744 3011 sit
2785 2956 2919 3012 licet
2947 2957 3160 3030 linguai
3184 2959 3418 3013 alterius
3439 2974 3530 3014 ac-

1923 3040 2189 3112 cipimus,
2221 3046 2377 3097 recte
2409 3044 2789 3112 celebramus,
2831 3061 2962 3100 cum
3006 3045 3079 3101 de
3139 3044 3346 3101 veteris
3382 3045 3528 3117 legis

1926 3128 2184 3184 tenebris
2215 3129 2291 3184 ad
2316 3146 2479 3185 novae
2509 3131 2712 3202 gratiae
2743 3134 2931 3188 lucem
2956 3134 3242 3202 venimus,
3260 3136 3318 3189 et
3351 3132 3532 3189 infer-

1930 3216 2087 3271 nalia
2115 3218 2363 3273 claustra
2384 3219 2596 3274 caelesti
2631 3221 2767 3275 sede
2788 3225 3236 3290 commutemus,
3272 3223 3531 3293 apostolo

1930 3305 2099 3359 Petro
2127 3308 2272 3360 teste
2304 3306 2401 3378 qui
2439 3307 2553 3361 ait:
2584 3306 2773 3363 Eratis
2802 3309 3092 3380 aliquando
3125 3310 3367 3379 tenebrae,
3389 3327 3534 3367 nunc

1929 3398 2109 3448 autem
2137 3394 2229 3448 lux
2256 3395 2312 3448 in
2340 3393 2593 3450 Domino.
2638 3397 2707 3450 Et
2743 3399 2912 3470 paulo
2961 3401 3092 3469 post
3120 3415 3227 3454 nos
3256 3399 3536 3455 admonet

222 3510 352 3549 cum
385 3507 456 3546 eo
488 3487 705 3562 pariter
733 3486 807 3541 ad
852 3485 1123 3539 virtutem
1182 3501 1217 3538 a
1246 3482 1395 3537 vitiis
1441 3499 1828 3554 resurgamus.
1853 3480 1903 3539 B
1931 3482 2129 3538 dicens
2161 3501 2174 3538 :
2225 3484 2463 3555 Papulas
2521 3487 2903 3558 acquisitionis,
2952 3489 3268 3543 annuntiate
3312 3489 3534 3544 virtutes

223 3580 489 3644 Christus,
521 3575 730 3648 inquit,
758 3589 1037 3643 resurgens
1075 3589 1107 3625 a
1138 3573 1360 3626 mortuis
1378 3572 1507 3642 jam
1534 3587 1639 3625 non
1666 3573 1830 3625 mori-

222 3677 346 3737 tur;
374 3682 517 3723 mors
543 3665 625 3719 illi
645 3663 790 3718 ultra
830 3678 936 3715 non
963 3660 1348 3716 dominabitur.
1383 3661 1445 3713 In
1477 3659 1583 3713 hac
1613 3659 1828 3730 itaque,

222 3762 453 3825 fratres,
480 3753 650 3810 nobis
689 3753 775 3807 est
820 3749 1179 3822 permaxime
1208 3747 1731 3820 congaudendum;
1770 3747 1831 3802 in

222 3848 352 3914 hac,
386 3842 636 3900 Domino
664 3841 919 3905 auctore,
936 3836 1308 3910 spiritualiter
1334 3836 1754 3903 exsultandum,
1771 3834 1831 3890 in

227 3952 341 4009 qua
357 3936 531 4004 caput
546 3931 809 3985 nostrum
828 3926 1301 3992 Christus,morte
1332 3924 1837 3987 devicta,resurre-

225 4024 305 4081 xit
317 4026 377 4079 et
386 4016 820 4077 resurrectionis
833 4018 1043 4070 nostra:
1058 4014 1472 4069 nobisformam
1482 4013 1835 4085 resurgendo

229 4108 671 4173 demonstravit,
704 4104 981 4176 Apostolo
1010 4105 1174 4168 teste,
1208 4101 1305 4173 qui
1324 4102 1402 4156 ait
1433 4119 1445 4155 :
1477 4101 1545 4158 Si
1563 4102 1838 4174 complan-

230 4203 335 4258 tati
360 4199 462 4270 (ita
495 4196 652 4268 cod.)
696 4195 837 4265 facti
872 4208 1055 4247 sumus
1106 4191 1451 4246 similitudini
1474 4193 1660 4263 mortis
1702 4192 1834 4263 ejus,

229 4289 396 4346 simul
414 4294 465 4342 et
493 4284 885 4341 resurrectionis
904 4284 1126 4337 erimus.
1188 4279 1302 4335 Sed
1346 4281 1409 4333 ut
1459 4279 1838 4335 solemnitatis

230 4378 404 4448 hujus
422 4374 583 4430 vobis
600 4372 813 4428 amodo
831 4368 1106 4441 mysteria
1128 4369 1469 4423 revelemus.
1485 4367 1840 4423 Testamenti

230 4463 452 4521 Veteris
466 4459 901 4535 quodammodo
920 4459 1116 4528 portas
1131 4455 1457 4524 subeamus,
1476 4459 1533 4510 et
1551 4456 1705 4511 unde
1717 4457 1840 4512 haec

232 4552 392 4627 prius
422 4549 724 4607 celebritas
748 4545 1053 4603 inoleverit
1082 4560 1466 4616 agnoscamus
1494 4561 1508 4600 :
1542 4562 1654 4617 quo
1687 4545 1839 4601 bene

233 4640 537 4714 cognitam
570 4641 629 4693 et
651 4638 777 4711 plus
797 4651 1061 4691 amemus
1092 4638 1150 4688 et
1166 4633 1547 4688 venerabilius
1574 4634 1839 4689 observe-

1930 3571 2043 3640 eius
2065 3572 2163 3640 qui
2193 3588 2279 3627 vos
2307 3574 2519 3629 vocavit
2545 3575 2601 3629 in
2630 3574 2944 3632 admirabile
2966 3576 3142 3633 lumen
3170 3592 3350 3630 suum.

2003 3657 2167 3723 Quod
2192 3660 2339 3714 bene
2361 3660 2537 3715 etiam
2576 3663 3009 3719 demonstratur
3032 3679 3165 3719 cum
3191 3679 3298 3736 per
3321 3663 3534 3720 Lucam

1931 3747 2345 3818 evangelistam
2379 3749 2589 3806 dicitur
2619 3768 2633 3806 :
2662 3751 2840 3808 Homo
2865 3751 3088 3826 quidam
3135 3751 3448 3808 descendens
3477 3754 3535 3809 in

1932 3835 2196 3893 Hiericho
2221 3838 2418 3894 incidit
2457 3843 2513 3894 in
2567 3841 2827 3910 latrones,-
2849 3841 2949 3915 qui
2987 3841 3331 3914 exspoliatus
3360 3844 3536 3916 atque

1933 3925 2285 3995 vulneratus,
2341 3928 2582 3985 tandem
2632 3929 2979 4003 relinquitur
3010 3929 3343 3999 semivivus;
3374 3931 3475 3986 sed
3503 3947 3538 3986 a

1936 4011 2265 4070 Samariten
2275 4032 2307 4070 ο
2326 4016 2777 4075 misericorditer
2790 4023 3103 4091 susceptus,
3125 4019 3254 4075 vita;
3271 4021 3329 4074 et
3343 4019 3538 4075 salutis

1935 4100 2188 4171 gratiam
2224 4103 2465 4175 adeptus
2496 4110 2600 4163 est.
2632 4107 2816 4163 Homo
2850 4107 2945 4164 hic
2971 4108 3378 4180 protoplastus,
3418 4106 3539 4163 imo

1934 4188 2259 4244 humanum
2282 4208 2466 4262 genus
2498 4193 2797 4268 accipitur.
2832 4196 3096 4253 Hiericho
3117 4197 3340 4269 defectio
3360 4196 3543 4270 expri-

1937 4275 2139 4335 mitur.
2173 4278 2527 4337 Hierusalem
2542 4288 2697 4356 paeis
2726 4286 2855 4342 visio
2886 4288 3236 4344 nominatur.
3270 4287 3547 4343 Latrones

1936 4365 2180 4437 maligni
2222 4368 2455 4439 spiritus
2488 4371 2911 4445 intelliguntur.
2949 4376 3107 4432 Tunc
3139 4392 3339 4432 revera
3365 4377 3546 4432 homo

1939 4452 2030 4507 hic
2060 4454 2132 4508 ab
2174 4455 2530 4514 Hierusalem
2580 4461 2877 4517 descendit
2907 4464 3140 4535 quando
3186 4463 3245 4517 in
3276 4464 3544 4535 paradiso

1940 4541 2169 4596 Domini
2183 4543 2269 4598 sui
2286 4549 2576 4619 prtecepta
2598 4549 2980 4622 contempsit;
3013 4550 3111 4623 qui
3136 4566 3268 4606 cum
3284 4550 3544 4609 Hiericho

1941 4632 2149 4701 pergit,
2173 4632 2382 4688 merito
2402 4634 2634 4706 spiritus
2644 4636 2933 4709 malignos
2963 4637 3207 4695 offendit
3223 4656 3238 4708 ;
3254 4639 3390 4712 quia
3410 4656 3544 4696 cum

234 4747 365 4785 mus
393 4745 407 4782 :
433 4725 717 4800 quidquid
733 4725 910 4779 etiam
926 4722 1059 4777 hinc
1080 4721 1452 4795 spiritualiter
1483 4721 1733 4791 patuerit
1752 4737 1839 4776 as-
1865 4749 1912 4807 Ο
1941 4719 2152 4774 relictis
2181 4721 2432 4790 aeternis,
2464 4725 2653 4779 solum
2682 4723 2974 4780 defectivis
2989 4725 3424 4800 intendit,quod
3436 4727 3545 4783 sibi

233 4816 607 4882 sumendum,
631 4811 891 4869 utilitatis
920 4813 1120 4866 vestrae
1147 4826 1251 4882 per
1274 4826 1376 4864 nos
1406 4808 1515 4862 erit
1532 4808 1724 4862 usibus
1747 4825 1842 4864 ex-

230 4906 597 4979 ponendum,

1942 4808 2227 4877 pernicies
2240 4815 2473 4883 paretur
2486 4813 2812 4868 nullatenus
2827 4813 3329 4871 intellexit.Merito
3350 4815 3546 4888 itaque

1946 4898 2141 4954 tunica
2189 4900 2640 4956 immortalitatis
2671 4902 2897 4959 exuitur
2930 4920 2944 4959 :
2980 4903 3188 4960 merito
3226 4905 3547 4962 multarum

301 4995 448 5050 Cum
462 4994 534 5048 de
557 4990 833 5047 servitute
863 4987 1200 5062 {Egyptiaca
1212 4985 1498 5058 portentis
1520 4984 1844 5056 insignibus
1943 4988 2337 5058 miseriarum,
2378 4990 2580 5064 quibus
2609 4991 2701 5046 hic
2730 4991 3258 5066 involvitur,plagis
3277 4994 3544 5051 afﬁcitur.

228 5075 1457 5156 plebsIsraeliticaliberatur,phaseDomino
1476 5073 1846 5130 anniversali-

1945 5079 2156 5134 merito
2187 5085 2482 5151 postremo
2513 5079 2815 5137 semivivus
2830 5080 2891 5137 in
2919 5081 3290 5153 hujussaaculi
3308 5083 3399 5140 via
3417 5099 3551 5154 pro-

230 5176 318 5228 ter
332 5170 628 5227 celebrare
641 5167 992 5238 praecipitur,
1027 5183 1098 5220 ne
1129 5169 1217 5220 tot
1243 5167 1655 5237 tantorumque
1668 5165 1845 5219 virtu-
1944 5167 2153 5221 teritur
2178 5184 2191 5222 :
2226 5172 2291 5223 ut
2314 5170 2528 5227 amodo
2545 5169 2726 5244 quivis
2743 5172 2960 5226 aeterna
2976 5169 3157 5226 discat
3177 5174 3472 5243 appetere,
3490 5177 3552 5231 et

229 5258 769 5315 temmiraculorum
788 5271 1055 5329 processu
1071 5253 1351 5324 temporis
1367 5253 1672 5324 posteritas
1685 5252 1847 5324 igno-

230 5348 800 5420 raret,ignotamque
815 5344 973 5399 nulla
991 5341 1226 5398 honoris
1242 5340 1569 5396 reverentia
1596 5341 1847 5396 celebra-

235 5440 322 5493 ret
341 5454 353 5493 :
376 5435 474 5491 ubi
500 5434 681 5490 etiam
701 5449 906 5506 agnus,
925 5432 1021 5505 qui
1036 5432 1268 5487 illorum
1282 5430 1493 5501 pascha
1509 5430 1716 5496 fuerat,
1741 5428 1847 5483 im-

1944 5255 2312 5311 transeuntia
2330 5260 2495 5314 omni
2508 5260 2736 5315 studeat
2761 5261 2982 5316 cautela
3007 5258 3316 5317 declinare.
3335 5260 3404 5315 Et
3416 5261 3553 5336 quia

1946 5343 2218 5399 sacerdos
2249 5349 2307 5400 et
2327 5346 2520 5416 levita,
2551 5349 2770 5405 Veteris
2798 5348 3149 5406 Testamenti
3187 5350 3407 5419 Patres,
3434 5350 3553 5407 eis-

1949 5429 2082 5486 dem
2098 5429 2311 5486 addicti
2321 5433 2507 5505 plagis
2524 5437 3000 5506 succumbebant,
3017 5437 3241 5494 nullum
3256 5438 3555 5496 vulnerato

304 5599 385 5670 (t)
414 5595 682 5670 Vivebat_
702 5591 978 5670 Henricus
1007 5591 1180 5670 circa_
1199 5606 1420 5647 annum
1460 5591 1636 5656 10w;
1676 5587 1861 5645 adfuit
1891 5590 2053 5649 enim
2082 5590 2362 5647 Romanae
2389 5592 2611 5665 synodo
2656 5596 2779 5668 ejus
2807 5598 2966 5654 anni.
3006 5599 3208 5658 Prodit
3236 5603 3435 5660 autem
3460 5601 3553 5660 hic

239 5659 427 5726 δείδιήο
456 5685 528 5725 ex
563 5664 805 5737 antiquo
835 5663 1031 5719 codice
1061 5659 1354 5717 Vaticano.
