3888 6218
350 409 370 467 Ι
384 414 484 470 535

1402 406 1749 467 BRUNONIS
1791 404 2244 464 LINGONENSIS
2283 406 2600 466 EPISCOPI
2636 421 2638 426 '

3521 413 3542 466 l
3555 410 3663 468 536

355 537 414 589 et
443 533 659 591 fructus
690 533 894 606 dignos
909 532 1262 606 paenitentiae
1283 532 1548 605 agere,id
1571 534 1655 587 est
1676 532 1950 588 utvulne-
1976 524 2032 586 Α
2062 529 2243 586 dium.
2273 533 2455 588 Homo
2487 534 2738 605 aegrotus
2763 533 2970 606 quaerit
2997 535 3370 604 medicinam,
3388 535 3490 612 qui
3510 551 3666 610 saepe

350 623 508 679 ribus
549 624 789 679 vulnera
819 641 933 678 non
963 623 1256 694 adjiciant,
1290 625 1347 676 et
1375 624 1577 676 sanata
1607 639 1724 677 non
1756 639 1950 676 resan-

350 711 522 766 cient.
543 713 806 768 Salutare
836 712 1119 783 siquidem
1151 710 1502 782 poenitentite
1526 713 1611 764 est
1626 709 1949 766 remedium

351 799 688 873 pcenitentia
721 802 796 871 (1)
826 800 1033 855 iterum
1066 817 1183 854 non
1215 801 1510 872 perficere.
1549 799 1835 870 Scriptum
1867 802 1952 854 est

347 888 506 944 enim
522 905 534 944 :
554 888 1143 944 Pmnitentibusdedit
1160 889 1306 943 Deus
1317 887 1804 960 partemjustitiaa.
1831 891 1950 959 Age

348 975 545 1048 igitur,
583 977 887 1051 paenitens,
923 978 1156 1050 propria
1186 978 1400 1032 scelera
1443 977 1739 1045 confitere,
1773 977 1950 1048 prode

346 1063 662 1137 iniquitatis
691 1069 995 1124 secretum.
1022 1069 1167 1121 Nota
1198 1068 1334 1121 sunt
1352 1067 1468 1120 Deo
1492 1082 1618 1138 quae
1650 1066 1706 1121 in
1729 1067 1950 1120 occulto

345 1153 552 1222 fecisti,
575 1172 704 1228 quae
724 1155 769 1211 si
791 1173 910 1212 non
928 1155 1136 1212 dixerit
1153 1155 1370 1226 lingua,
1393 1171 1509 1210 non
1526 1154 1738 1227 poterit
1767 1156 1952 1209 celare

344 1243 720 1298 conscientia.
756 1243 1157 1300 Frustrainter
1178 1243 1425 1316 parietes
1453 1246 1582 1299 tuos
1612 1243 1822 1298 timens
1843 1243 1952 1298 cri-

348 1329 511 1386 mina
527 1332 858 1389 abscondis:
877 1335 1035 1406 patet
1055 1335 1169 1387 Deo
1189 1349 1362 1388 omne
1380 1333 1535 1404 quod
1552 1333 1951 1388 absconditum

347 1423 550 1491 putas;
593 1426 653 1476 et
696 1421 741 1476 si
789 1421 1040 1476 hominis
1080 1422 1271 1476 oculos
1316 1421 1374 1474 in
1426 1419 1671 1492 peccatis
1700 1418 1952 1488 effugere

347 1524 377 1560 v
393 1509 528 1575 ales,
545 1511 870 1564 nullatenus
887 1513 1084 1564 tamen
1107 1510 1204 1564 Dei
1223 1511 1516 1581 aspectum
1537 1509 1714 1563 latere
1744 1505 1954 1578 poterit

350 1597 630 1670 quidquid
661 1598 718 1653 in
747 1600 968 1654 occulto
1014 1599 1274 1669 gesseris.
1304 1596 1362 1652 Si
1399 1613 1504 1668 per
1531 1597 1951 1651 confessionem

346 1688 584 1756 peccata
605 1688 682 1755 (2)
706 1690 1019 1758 antequam
1060 1686 1268 1757 judicia
1312 1685 1672 1740 iracundiam
1719 1683 1949 1749 sentias,

348 1775 518 1832 crede
541 1774 703 1840 mihi,
732 1779 916 1830 totum
933 1775 1154 1829 veniale
1176 1774 1305 1840 erit,
1323 1773 1367 1828 si
1389 1772 1650 1828 confiteri
1683 1788 1799 1827 non
1819 1788 1954 1827 eru-

2056 619 2274 676 incerto
2305 622 2501 676 labore
2535 623 2778 678 desudat
2826 623 2884 678 in
2913 628 3154 696 aegroto.
3197 628 3343 683 Deus
3371 645 3508 683 vero
3540 627 3664 684 sine

2053 712 2246 767 labore
2267 713 2452 778 sanat,
2472 710 2593 767 sine
2619 712 2889 768 tarditate
2906 715 3330 773 medicamenta
3347 722 3604 788 praestat,
3620 719 3666 774 si

2053 799 2255 854 devote
2285 801 2552 871 lacrymis
2577 801 2789 874 scripta
2820 802 2877 857 in
2909 803 3141 859 auribus
3165 805 3393 876 pietatis
3432 825 3550 862 sua:
3580 810 3664 862 le-

2052 892 2222 960 gatur
2241 889 2597 958 pcenitentia.
2632 891 2812 946 Nemo
2845 894 2923 959 te,
2958 909 2991 947 ο
3016 894 3212 960 homo,
3239 895 3445 950 melius
3475 896 3665 952 reficit

2055 992 2229 1047 quam
2253 977 2348 1048 qui
2383 978 2538 1044 fecit,
2573 995 2676 1033 nec
2700 980 2843 1034 alius
2863 985 3029 1036 sanat
3061 982 3164 1037 nisi
3196 983 3292 1056 qui
3322 986 3580 1054 flagellat
3605 988 3665 1040 et

2054 1067 2233 1119 curat.
2263 1065 2427 1120 Solus
2453 1065 2610 1121 enim
2643 1069 2800 1124 novit
2825 1070 3013 1142 operis
3035 1070 3115 1126 tui
3147 1071 3544 1143 fragilitatem,
3564 1073 3665 1146 qui

2053 1153 2162 1208 hoc
2189 1157 2376 1210 totum
2405 1159 2696 1228 exspectat
2727 1160 2788 1212 ut
2816 1158 3051 1214 fatearis
3079 1165 3137 1215 et
3166 1177 3332 1216 mora
3361 1178 3482 1216 non
3528 1162 3662 1228 erit,

2054 1243 2366 1310 utsaneris,
2386 1245 2481 1315 qui
2501 1262 2606 1316 per
2627 1247 2972 1318 prophetam
2995 1249 3346 1304 Ezechielem
3369 1249 3452 1306 ait
3476 1267 3489 1304 :
3517 1251 3662 1306 Cum

2056 1347 2363 1387 conversus
2413 1333 2586 1387 fueris
2638 1337 2697 1388 et
2746 1335 3120 1407 ingemueris,
3161 1341 3298 1392 tunc
3327 1339 3662 1394 salvaberis.

2053 1419 2234 1474 Datur
2265 1419 2430 1476 nobis
2475 1439 2508 1476 a
2543 1422 2957 1494 benignissimo
2998 1424 3192 1495 judice
3235 1427 3392 1482 locus
3421 1426 3662 1482 curandi

2055 1507 2435 1580 nosmetipsos
2483 1509 2541 1564 in
2587 1511 2833 1581 peccatis
2881 1513 3091 1568 nostris
3117 1531 3316 1569 coram
3357 1516 3662 1572 sacerdote

2054 1596 2174 1664 Dei,
2210 1614 2281 1650 ne
2313 1597 2521 1652 iterum
2565 1603 2789 1654 accuset
2815 1616 2918 1656 nos
2949 1600 3007 1655 in
3047 1601 3126 1656 eis
3166 1603 3429 1658 diabolus
3456 1619 3661 1660 coram

2048 1685 2240 1754 judice
2259 1685 2502 1740 Christo.
2526 1685 2656 1741 Vult
2671 1688 2826 1742 enim
2851 1693 2913 1743 ut
2933 1689 3262 1760 ignoscatur
3279 1709 3352 1746 ne
3383 1692 3663 1764 puniatur

2055 1772 2111 1827 in
2143 1773 2357 1829 futuro.
2381 1774 2560 1844 Igitur
2581 1775 2706 1847 pius
2723 1778 2893 1831 Pater
2913 1779 3051 1833 dum
3077 1779 3231 1834 videt
3251 1797 3355 1852 per
3371 1781 3664 1850 paeniten-

350 1865 529 1920 bescis
559 1867 616 1919 et
648 1879 751 1936 per
780 1863 1177 1935 paenitentiam
1203 1879 1448 1934 purgare
1477 1861 1831 1934 praecaveris,
1865 1861 1948 1914 di-
1981 1842 2032 1900 B
2057 1861 2195 1916 tiam
2219 1865 2451 1932 peccata
2478 1866 2673 1918 nostra
2697 1881 2732 1918 a
2754 1865 2919 1920 nobis
2939 1867 3226 1938 damnari,
3249 1868 3467 1939 gaudet
3487 1869 3664 1924 mise-

351 1958 516 2010 cente
533 1953 1022 2024 Psalomographo
1045 1969 1056 2006 :
1076 1952 1210 2006 Diri
1234 1953 1522 2023 injustitias
1539 1970 1677 2005 meas
1697 1951 1949 2017 Domino,

351 2051 401 2097 et
419 2051 475 2097 tu
495 2043 750 2096 remisisti
781 2043 1100 2112 impietatem
1123 2043 1333 2111 peccati
1359 2044 1464 2094 mei
1483 2041 1654 2112 (Psal.
1694 2057 1842 2105 xxxi,
1871 2040 1946 2111 5).

353 2132 698 2203 Exspectata
713 2129 878 2186 nobis
895 2125 1177 2184 Dominus
1197 2129 1572 2184 confessionis
1587 2128 1950 2196 sacrificium,

352 2223 413 2274 ut
434 2221 668 2291 prmstet
684 2218 850 2273 nobis
871 2218 1209 2272 delectabile
1224 2217 1596 2287 indulgentia:
1621 2217 1953 2288 munus,qui

353 2310 470 2363 vult
495 2323 704 2364 omnes
723 2306 1182 2362 hominessalvos
1204 2306 1326 2360 fieri
1351 2311 1407 2360 et
1428 2306 1724 2360 neminem
1745 2308 1954 2376 perire,

353 2397 476 2453 haec
507 2396 734 2452 dicente
753 2398 810 2450 et
833 2395 889 2449 in
913 2395 1024 2450 alio
1043 2398 1164 2449 loco
1189 2395 1482 2466 Scriptura
1508 2411 1518 2448 :
1553 2394 1619 2447 In
1645 2409 1959 2466 quacunque

351 2484 437 2538 die
456 2489 704 2556 peccator
742 2482 1007 2542 confessus
1044 2482 1231 2550 fuerit,
1265 2483 1374 2533 vita
1421 2483 1558 2534 vicet
1595 2489 1644 2534 ct
1686 2496 1792 2534 non
1845 2498 1956 2533 mo-

355 2573 526 2627 rietur
559 2570 775 2642 (Ezech.
810 2587 922 2635 xxi,
955 2570 1066 2635 28).
1117 2569 1160 2623 Ο
1202 2569 1493 2640 singulare
1525 2569 1959 2624 clementissimi

354 2657 951 2732 judicisbeneficium!
979 2658 1021 2712 Ο
1041 2657 1237 2727 magni
1265 2661 1322 2712 et
1343 2657 1523 2711 securi
1555 2657 1760 2712 divina!
1780 2658 1957 2728 pieta-

362 2748 432 2803 tis
472 2746 722 2802 thesauri
748 2745 760 2799 !
795 2748 1036 2818 Pr0pter
1066 2747 1173 2800 hoc
1200 2745 1559 2816 peccantium
1594 2747 1711 2800 vult
1735 2746 1958 2800 confes-

355 2835 583 2892 sionum
611 2851 822 2890 munus
851 2834 1129 2905 accipere,
1165 2837 1226 2888 ut
1252 2850 1368 2888 non
1397 2832 1649 2888 inveniat
1694 2835 1843 2905 quod
1874 2835 1958 2888 ul-

360 2922 491 2980 cisci
523 2922 748 2978 debeat.
770 2922 893 2976 Non
925 2921 1100 2976 simus
1130 2921 1343 2993 ingrati
1371 2922 1517 2976 tanti
1548 2922 1958 2979 benevolentiae

359 3009 765 3083 Redemptoris
784 3009 983 3075 nostri,
1003 3009 1099 3082 qui
1118 3010 1304 3081 magis
1333 3010 1449 3064 vult
1470 3008 1766 3081 ignoscere
1785 3029 1959 3083 quam

359 3099 586 3173 punire,
638 3098 825 3170 magis
867 3099 1082 3152 salvare
1124 3115 1297 3169 quam
1346 3099 1607 3169 perdere.
1637 3099 1964 3170 Acquiritur

359 3188 608 3245 Domino
661 3187 816 3260 quod
867 3203 981 3242 non
1025 3187 1259 3258 punitur
1297 3186 1355 3241 in
1401 3203 1587 3256 servo,
1619 3192 1676 3242 et
1714 3190 1961 3244 multum
1992 3175 2040 3235 Ο

361 3277 658 3334 confertur
689 3277 928 3342 auctori,
957 3275 1001 3331 si
1042 3277 1350 3347 deputatur
1379 3292 1585 3346 poenm,
1614 3277 1790 3332 venite
1823 3295 1964 3333 con-

361 3369 630 3431 donetur,
665 3382 769 3420 nec
800 3368 962 3436 optat
1010 3366 1198 3420 ulcisci
1247 3365 1344 3438 qui
1391 3370 1623 3438 paratus
1667 3368 1754 3422 est
1797 3366 1965 3422 mise-

362 3455 498 3523 reri,
527 3455 649 3527 ipso
680 3455 750 3508 de
777 3471 834 3509 se
861 3471 964 3527 per
981 3455 1322 3526 prophetam
1357 3454 1584 3510 dicente
1614 3473 1626 3509 :
1660 3455 1801 3510 Nolo
1821 3473 1965 3510 mor-

364 3553 467 3600 tem
511 3546 826 3617 peccatoris,
878 3544 967 3597 sed
1015 3551 1076 3596 ut
1113 3551 1448 3599 convertatur
1485 3551 1534 3598 et
1577 3548 1719 3599 vivat
1751 3545 1961 3615 (Ezech.

361 3649 556 3700 χχχιιι,
600 3631 710 3705 ll).
744 3633 884 3686 Ecce
921 3649 1088 3686 verus
1142 3632 1270 3687 vitae
1318 3637 1518 3687 auctor
1548 3633 1646 3705 qui
1689 3650 1804 3689 non
1849 3636 1968 3690 vult

361 3721 651 3794 peccantis
691 3724 965 3787 mortem,
997 3721 1096 3775 sed
1136 3720 1517 3776 convertentis
1555 3722 1732 3777 vitam
1767 3739 1779 3776 :
1813 3724 1967 3778 unde

363 3813 422 3865 et
469 3810 526 3865 in
579 3807 884 3880 Evangelio
918 3807 1040 3879 ipsa
1064 3807 1283 3862 Veritas
1308 3807 1390 3862 ait
1416 3823 1428 3861 :
1454 3807 1549 3863 Sic
1573 3811 1674 3862 erit
1701 3810 1969 3880 gaudium

363 3901 419 3952 in
463 3898 586 3952 cazlo
625 3912 805 3953 coram
833 3897 1002 3952 Patre
1030 3903 1198 3950 vestro
1228 3903 1278 3950 et
1317 3896 1518 3963 angelis
1545 3897 1656 3966 ejus
1683 3914 1837 3968 super
1864 3915 1968 3954 uno

351 3993 632 4058 peccatore
660 3987 1033 4056 paenitentiam
1072 3991 1261 4052 agente
1303 3984 1461 4049 (Luc.
1510 4001 1600 4052 xv,
1639 3989 1758 4054 l0);
1806 3989 1863 4040 et
1907 3987 1967 4043 in

365 4075 649 4148 propheta
675 4089 688 4126 :
733 4072 839 4128 Dic
866 4079 922 4124 tu
942 4073 1096 4142 prior
1121 4073 1415 4142 injustitias
1437 4078 1553 4126 tuas
1592 4081 1648 4126 ut
1666 4076 1969 4145 justi/iceris

365 4162 495 4230 (Isa.
525 4178 681 4221 mn,
707 4159 820 4230 26).
855 4161 991 4214 Ecce
1029 4159 1314 4230 benignus
1357 4163 1443 4214 est
1481 4161 1722 4233 largitor
1765 4164 1966 4231 veni-ee,

364 4249 462 4321 qui
475 4247 695 4321 prtebet
704 4263 808 4317 pro
821 4248 975 4302 luctu
988 4249 1104 4302 tem
1113 4247 1646 4318 poraliazternitatis
1667 4251 1967 4321 gaudium,

363 4337 486 4409 ipso
513 4335 738 4391 dicente
769 4351 781 4390 :
811 4334 973 4390 Beati
995 4337 1090 4408 qui
1133 4336 1332 4406 lugent,
1363 4341 1613 4410 quoniam
1643 4340 1746 4409 ipsi
1782 4356 1966 4396 conso-

363 4425 622 4480 labuntur
659 4422 883 4498 (Matth.
917 4442 970 4493 v,
1004 4429 1074 4492 5).
1105 4427 1173 4480 Et
1220 4425 1280 4480 in
1330 4427 1439 4482 alio
1470 4428 1594 4483 loco
1627 4444 1639 4481 :
1681 4429 1866 4486 Venite
1900 4431 1971 4484 ad

366 4532 447 4570 me
476 4531 654 4570 omnes
682 4515 778 4586 qui
805 4513 1062 4570 laboratis
1091 4520 1140 4568 et
1185 4517 1394 4570 onerati
1437 4518 1578 4584 estis,
1625 4523 1676 4571 et
1711 4535 1806 4587 ego
1840 4519 1964 4591 νε»ίὶ-
1992 4544 2045 4604 D

362 4606 504 4660 ciam
534 4620 622 4658 vos
637 4603 854 4670 (Matth.
875 4605 974 4674 χι).
997 4603 1088 4658 Ait
1104 4603 1284 4672 enim,
1300 4608 1362 4659 ut
1387 4605 1630 4662 diximus
1653 4623 1666 4661 :
1691 4607 1790 4662 Dic
1813 4608 1968 4680 prius

364 4691 673 4764 injustitias
694 4695 820 4748 tuas
859 4695 922 4747 ut
945 4691 1274 4763 justificeris
1299 4696 1357 4746 et
1387 4711 1504 4748 non
1537 4694 1962 4764 condemneris,

364 4785 430 4837 ut
454 4785 690 4836 maneat
713 4781 771 4836 in
791 4784 846 4836 te
867 4781 1175 4852 praemium
1194 4781 1572 4854 poenitentiae,
1587 4801 1703 4838 non
1721 4783 1973 4840 vindicta

363 4873 756 4942 peccatorum.
780 4869 1048 4942 Nunquid
1065 4868 1226 4942 quasi
1253 4869 1474 4924 nescius
1494 4870 1644 4926 Deus
1667 4888 1770 4926 nos
1791 4872 1970 4926 confi-

364 4957 471 5014 teri
501 4958 768 5013 hortatur
787 4961 1040 5028 peccata,
1064 4975 1191 5031 quae
1214 4957 1372 5030 prius
1394 4975 1570 5031 quam
1605 4962 1766 5030 gesta
1784 4964 1975 5016 essent

364 5045 726 5118 praesciebat,
745 5044 905 5117 cujus
937 5046 1298 5117 providentia
1329 5047 1526 5102 omnia
1556 5051 1861 5120 patescunt
1882 5066 1974 5105 oc-

364 5134 554 5190 culta?
572 5135 728 5190 Tunc
749 5134 964 5207 poteris
983 5135 1304 5206 perfectum
1323 5135 1594 5208 consequi
1623 5136 1972 5192 beneﬁcium

366 5221 693 5288 medicinae,
729 5222 792 5286 _si
833 5239 949 5277 non
981 5223 1129 5277 celes
1159 5223 1384 5279 medico
1416 5227 1526 5278 tuae
1576 5226 1814 5280 vulnera
1841 5243 1975 5281 con-

365 5309 642 5366 scientiae.
673 5308 891 5381 Opinor
932 5309 1088 5364 enim
1118 5310 1223 5366 nisi
1258 5311 1659 5384 interpellatur
1689 5313 1968 5382 medicus,

365 5415 485 5453 non
515 5401 748 5454 curatur
772 5402 1042 5471 azgrotus.
1091 5400 1384 5456 Confessio
1419 5404 1517 5456 tua
1561 5402 1850 5459 medicina
1887 5407 1973 5459 est

367 5486 670 5543 vulnerum
688 5490 923 5542 tuorum
953 5491 1012 5543 et
1030 5488 1226 5544 salutis
1246 5492 1359 5545 tuae
1381 5489 1762 5546 certissimum
1783 5491 1968 5547 subsi-

435 5640 514 5705 (l)
539 5641 622 5706 F.,
649 5643 975 5719 paenitenda.

2053 1951 2190 2017 reri,
2224 1953 2281 2005 et
2302 1951 2601 2022 proprium
2631 1969 2898 2008 exercere
2925 1971 3135 2010 munus
3156 1956 3575 2013 misericordiae
3606 1960 3662 2013 in

2055 2039 2400 2111 pcenitentes
2420 2043 2601 2110 optat,
2623 2040 2767 2095 sicut
2788 2058 2892 2112 per
2916 2042 3119 2098 Isaiam
3139 2047 3380 2100 testatur
3409 2047 3661 2117 prophe-

2054 2131 2197 2182 tam.
2229 2127 2349 2197 Ego
2391 2145 2510 2181 sum
2542 2131 2638 2200 qui
2673 2130 2814 2184 deleo
2859 2132 3168 2203 iniquitates
3196 2140 3314 2188 tuas
3338 2132 3472 2204 (Isa.
3507 2152 3661 2202 mn,

2056 2221 2167 2288 '25).
2201 2219 2266 2270 Et
2295 2217 2506 2272 iterum
2541 2235 2554 2273 :
2591 2217 2982 2275 Convertimini
3022 2221 3094 2276 ad
3141 2221 3440 2277 Dominum
3487 2223 3665 2280 Deum

2056 2314 2318 2372 oestrum,-
2349 2310 2475 2378 quia
2509 2308 2801 2362 misericors
2829 2315 2878 2362 et
2892 2311 3018 2379 pius
3047 2317 3142 2377 est,
3164 2313 3382 2382 patiens
3409 2319 3459 2367 et
3486 2313 3666 2368 multae

2060 2396 2439 2450 misericordiae
2468 2395 2665 2464 (Exod.
2701 2414 2885 2463 xxxw,
2918 2399 2988 2467 6).
3032 2399 3146 2453 Hoc
3176 2399 3360 2454 sciens
3392 2401 3452 2454 Β.
3489 2401 3666 2456 David

2061 2483 2141 2537 ait
2170 2501 2181 2537 :
2221 2484 2510 2540 Peccatum
2539 2500 2713 2540 meum
2732 2488 3001 2555 cognitum
3027 2486 3122 2541 libi
3141 2489 3257 2557 feci
3283 2496 3333 2542 et
3360 2491 3669 2562 iniquitates

2060 2588 2204 2628 mea:
2249 2590 2353 2626 non
2385 2575 2567 2644 operui
2595 2574 2766 2642 (Psal.
2800 2590 2950 2642 xxxx,
2983 2577 3056 2642 6).
3099 2576 3348 2631 Econtra
3389 2577 3434 2631 si
3473 2593 3670 2648 pecca-

2061 2663 2182 2714 tum
2216 2661 2369 2732 quod
2422 2661 2641 2729 fecerit,
2669 2663 2775 2716 hoc
2810 2666 3006 2734 negat,
3053 2680 3250 2736 poenas
3278 2669 3472 2720 reatus
3501 2684 3664 2722 accu-

2061 2750 2262 2817 mulat,
2287 2747 2420 2820 quia
2441 2748 2675 2819 punitur
2694 2751 3057 2806 contumacia
3082 2753 3312 2807 sceleris
3329 2755 3663 2824 negatione.

2064 2836 2175 2891 Sed
2203 2837 2342 2891 dicis
2371 2837 2564 2891 forsan
2601 2855 2612 2891 :
2646 2840 2731 2893 Me
2771 2842 2950 2894 terret
3001 2856 3269 2896 meorum
3321 2843 3664 2913 magnitudo

2062 2929 2449 2997 peccatorum.
2481 2927 2629 2991 Quin
2652 2927 2768 2982 imo
2790 2931 2949 2984 tanto
2972 2929 3157 3001 magis
3179 2930 3566 2988 insistendum
3583 2935 3668 2988 est

2062 3013 2186 3080 tibi,
2208 3019 2492 3086 peccator,
2518 3015 2575 3069 in
2598 3016 2884 3071 medicina
2901 3018 3276 3074 confessionis
3294 3036 3367 3074 ne
3389 3037 3591 3091 parcas
3607 3021 3664 3077 in

2064 3102 2372 3172 putredine
2404 3105 2726 3159 vulnerum.
2759 3105 2816 3159 Si
2848 3105 3072 3161 medico
3101 3107 3384 3162 erubescis
3415 3109 3664 3180 aperire,

2065 3190 2410 3261 multiplicas
2463 3193 2723 3246 ulcerum
2775 3192 3021 3249 dolores.
3082 3195 3414 3250 Nullatenus
3461 3196 3667 3252 divinae

2065 3277 2484 3333 abundantiam
2513 3281 2832 3336 clementiae
2851 3283 3236 3337 numerositas
3257 3287 3488 3340 tuorum
3507 3303 3670 3360 supe-

2065 3382 2194 3420 rare
2226 3366 2441 3438 poterit
2464 3371 2950 3438 peccatorum.l\'e
2980 3371 3168 3426 tardes
3188 3371 3260 3426 de
3286 3372 3378 3427 die
3403 3373 3460 3427 in
3495 3375 3670 3438 diem,

2067 3454 2205 3510 dicit
2236 3455 2550 3526 Scriptura,
2581 3457 2858 3524 converti,
2907 3458 3041 3530 quia
3085 3459 3266 3514 nescis
3295 3461 3434 3532 quid
3465 3480 3672 3534 super-

2067 3545 2308 3598 ventura
2335 3543 2522 3615 pariat
2549 3544 2668 3599 dies
2703 3561 2715 3598 :
2745 3545 2880 3615 quia
2905 3547 3137 3617 qualem
3168 3550 3225 3602 te
3257 3549 3494 3604 ultimus
3513 3551 3674 3606 inve-

2065 3630 2218 3686 nerit
2243 3631 2382 3698 dies,
2403 3632 2533 3686 talis
2541 3623 3104 3703 judicaBerismecte
3127 3636 3305 3692 voluit
3331 3639 3476 3694 Deus
3507 3640 3670 3696 illum

2068 3721 2334 3794 prtescire
2385 3721 2562 3786 diem,
2594 3724 2655 3774 ut
2684 3737 2915 3792 semper
2945 3727 3179 3794 paratus
3208 3742 3358 3780 esses
3384 3745 3397 3793 ;
3441 3729 3674 3800 qualem

2069 3812 2232 3879 optas
2262 3811 2395 3862 ante
2417 3807 2677 3878 judicem
2707 3811 2766 3864 te
2788 3814 2960 3875 stare,
2977 3813 3034 3866 te
3051 3827 3317 3883 prmpara
3338 3815 3477 3869 dum
3500 3816 3676 3872 habes

2068 3899 2300 3966 tempus
2318 3897 2618 3966 operandi.
2646 3899 2778 3952 Esto
2802 3898 3131 3970 negotiator
3145 3901 3402 3968 devotus,
3420 3920 3551 3959 eme
3573 3906 3674 3962 tibi

2068 4001 2316 4056 regnum
2345 3984 2444 4038 Dei
2471 3985 2830 4056 paenitentia:
2864 3987 3052 4055 lucris,
3086 4006 3316 4046 memor
3346 3992 3576 4048 Domini
3597 3994 3677 4049 di-

2069 4071 2251 4126 centis
2285 4089 2298 4126 :
2328 4073 2706 4128 Pa-nitentiam
2737 4077 2900 4145 agite,
2931 4078 3387 4151 appropinquabit
3423 4083 3570 4138 vobis
3594 4101 3671 4137 re-

2067 4179 2234 4231 gnum
2256 4161 2362 4216 Dei
2391 4162 2616 4225 (Matth.
2651 4180 2724 4228 ιν,
2762 4165 2865 4234 17).
2900 4168 3010 4221 Pro
3048 4169 3108 4222 te
3146 4168 3380 4239 legitur,
3432 4187 3466 4225 ο
3497 4172 3671 4227 homo

2070 4249 2280 4316 vivens,
2297 4253 2444 4304 Deus
2459 4251 2634 4305 homo
2657 4253 2839 4308 factus
2856 4257 2960 4320 est,
2986 4258 3048 4309 ut
3068 4259 3124 4310 te
3144 4257 3477 4314 redimeret.
3513 4259 3671 4330 Seip-

2069 4354 2196 4392 sum
2227 4337 2462 4393 tradidit
2493 4338 2550 4392 in
2600 4345 2872 4408 mortem,
2925 4345 2987 4397 ut
3027 4345 3084 4398 te
3114 4346 3362 4400 salvaret
3392 4346 3452 4402 in
3474 4347 3666 4402 vitam.

2070 4423 2219 4489 Quid
2248 4429 2307 4479 tu
2326 4425 2486 4495 jaces
2517 4426 2573 4480 in
2605 4431 2794 4483 morte
2821 4431 3144 4486 scelerum?
3193 4432 3380 4504 Surge
3433 4439 3491 4490 et
3536 4435 3623 4491 dic
3653 4452 3666 4489 :

2067 4514 2564 4585 Pater,peccaviin
2583 4520 2812 4581 coelum,
2836 4518 3021 4575 adduc
3049 4519 3148 4576 tibi
3177 4523 3289 4578 tua:
3317 4525 3670 4594 poenitentia:

2068 4605 2274 4657 testem
2299 4603 2552 4660 fidelem.
2567 4607 2776 4662 Munda
2793 4609 2873 4663 vis
2893 4609 3110 4664 habere
3130 4611 3671 4688 vestimenta,quare

2069 4707 2186 4746 non
2234 4694 2418 4747 multo
2452 4694 2634 4766 magis
2665 4696 2874 4767 qumris
2902 4700 3185 4754 mundam
3210 4703 3267 4754 te
3295 4701 3515 4756 habere
3556 4702 3668 4757 ani-

2071 4779 2277 4834 mam?
2310 4781 2586 4837 Sordidus
2634 4800 2752 4838 non
2797 4785 2875 4840 vis
2905 4789 3215 4858 procedere
3271 4789 3330 4843 in
3367 4796 3673 4862 conspectu

2070 4867 2398 4935 hominum,
2433 4886 2533 4924 cur
2564 4888 2681 4926 non
2715 4875 2896 4929 multo
2929 4875 3115 4947 magis
3161 4876 3332 4931 times
3378 4880 3673 4935 sordidum

2071 4957 2318 5026 peccatis
2365 4962 2421 5012 te
2450 4960 2766 5030 procedere
2811 4962 2868 5016 in
2924 4968 3235 5035 conspectu
3264 4967 3414 5021 Dei?
3443 4968 3592 5023 Lava
3620 4971 3673 5022 te

2073 5046 2456 5118 lacrymarum
2491 5049 2672 5117 fonte,
2700 5067 2772 5105 ne
2794 5051 2930 5122 quid
2959 5051 3017 5106 in
3041 5055 3098 5108 te
3119 5053 3270 5108 illius
3291 5056 3471 5111 oculis
3503 5057 3675 5128 maje-

2073 5135 2235 5190 statis
2261 5135 2538 5191 offendat.
2566 5137 2722 5205 Quis,
2758 5155 2924 5212 rogo,
2961 5142 3174 5197 cadens
3199 5160 3318 5198 non
3335 5146 3545 5216 qmerit
3560 5161 3671 5200 sur-

2073 5221 2239 5296 gere?
2253 5225 2389 5288 Quis
2409 5224 2738 5282 infirmatur
2750 5230 2936 5284 etnon
2958 5229 3244 5286 desiderat
3255 5232 3674 5289 convalescere?

2075 5311 2209 5376 Quis
2233 5312 2590 5384 periclitatur
2619 5317 2678 5368 et
2711 5331 2828 5370 non
2869 5320 3028 5388 optat
3057 5318 3343 5374 evadere?
3375 5320 3674 5390 Poenitebit

2071 5404 2128 5455 te
2157 5402 2529 5474 postmodum
2584 5403 2842 5473 tarditas,
2891 5405 2938 5460 si
2977 5423 3097 5462 non
3149 5407 3491 5487 cogitaveris
3524 5408 3668 5482 quod

2069 5490 2282 5546 animae
2334 5492 2445 5545 tuae
2502 5491 2766 5563 proficiat
2813 5492 2888 5548 ad
2936 5495 3201 5551 salutem.
3247 5498 3520 5570 Exsurge,
3570 5496 3664 5561 fili,

2146 5649 2222 5724 (2)
2254 5651 2424 5708 Deest
2453 5651 2716 5714 videlicet
2744 5654 2956 5725 aperias
2987 5657 3086 5710 aut
3116 5655 3259 5728 quid
3288 5657 3494 5714 simile.
