3888 6218
237 504 398 563 1537

1233 488 1566 549 EPISTOLA.
1601 487 1695 545 AD
1733 478 2068 543 CLERICOS
2106 475 2580 540 LlNGONENSES

3436 490 3573 546 i538

249 625 759 698 exsurge,placare
771 622 1002 676 Patrem
1017 616 1560 691 pmnitentia,quem
1583 608 1862 668 offendisti

1973 629 2130 681 ratus
2159 641 2265 680 nos
2312 624 2590 694 accipere,
2625 622 2669 677 si
2710 639 2828 678 non
2857 622 3138 679 fuerimus
3171 624 3317 696 pigri
3345 628 3419 682 ad
3445 645 3579 685 eum

245 717 495 770 scelere.
559 711 846 769 Conﬁtere
894 709 1143 779 culpam,
1191 707 1254 759 ut
1302 703 1521 759 saneris
1549 719 1582 756 a
1622 699 1869 755 medico.

239 805 378 859 Esto
415 804 477 858 in
532 806 632 857 tua
682 799 954 856 sollicitus
1006 798 1210 853 salute.
1263 793 1321 850 Si
1374 797 1434 847 tu
1467 792 1585 862 ipse
1633 788 1717 844 tui
1751 804 1868 843 non

244 891 436 946 habes
463 906 684 955 curam,
705 887 832 959 quis
854 886 956 940 tibi
980 886 1053 940 ad
1069 886 1313 939 salutem
1335 880 1603 952 prodesse
1629 875 1860 948 poterit,

247 981 339 1035 vel
370 981 503 1052 quis
551 978 653 1033 tibi
680 976 864 1031 fidelis
894 975 1004 1031 erit
1047 973 1092 1028 si
1124 978 1185 1028 tu
1214 974 1336 1042 ipse
1367 969 1599 1024 tibimet
1623 965 1870 1020 inﬁdelis

253 1087 382 1125 esse
411 1067 749 1142 prohaberis
765 1066 792 1121 ?
808 1064 1119 1120 lnfidelilas
1134 1066 1218 1117 est
1231 1077 1444 1132 magna
1459 1062 1513 1112 te
1527 1075 1642 1113 non
1669 1071 1868 1110 curare

254 1159 328 1213 de
357 1159 546 1212 salute
569 1159 752 1223 tua,et
771 1154 1122 1209 morientem
1148 1155 1203 1204 te
1226 1151 1285 1204 in
1314 1146 1559 1220 peccatis
1581 1163 1696 1200 non
1711 1161 1866 1199 resu-

253 1246 452 1300 scitari
485 1261 588 1316 per
625 1242 1048 1316 paenitentiam.
1079 1240 1304 1304 Quanto
1337 1235 1564 1305 longius
1591 1230 1868 1286 recessisti

253 1351 361 1409 pro
391 1336 675 1409 scelerum
705 1329 1155 1402 magnitudinea
1182 1329 1322 1388 Deo,
1344 1329 1507 1380 tanto
1537 1321 1741 1376 fortius
1766 1336 1870 1393 per

249 1401 665 1495 paenitentiam
682 1401 1149 1491 appropinquare
1163 1413 1684 1471 studeas.Clemens
1701 1411 1872 1464 Pater

249 1515 498 1584 paratus
526 1514 610 1565 est
634 1513 689 1564 te
719 1507 1048 1579 accipere,si
1080 1511 1142 1561 tu
1172 1521 1288 1560 non
1330 1499 1646 1557 tardaveris
1676 1514 1867 1553 rever-

249 1597 744 1670 tere.Asperatibi
760 1595 982 1651 videtur
1000 1593 1315 1656 conversio,
1338 1590 1525 1646 carnis
1542 1588 1868 1659 relinquere

252 1689 581 1756 desideria;
605 1688 705 1742 sed
743 1686 924 1741 multo
949 1683 1146 1740 durior
1170 1681 1423 1738 conditio
1445 1678 1673 1734 aeternis
1695 1684 1752 1731 te
1783 1692 1869 1731 ar-

252 1777 397 1833 dere
421 1775 759 1844 ﬂammis,et
781 1791 887 1846 pro
918 1769 1427 1842 modicitemporis
1451 1766 1674 1822 luxuria
1686 1763 1868 1838 poenis

1974 713 2529 771 venire.Audivimus
2539 713 3062 768 beatumJoannem
3085 714 3495 785 evangelistam
3510 718 3582 773 ad

1969 801 2372 876 paenitentiam
2419 818 2524 856 nos
2567 801 2900 856 hortantem
2931 802 3220 858 dicentem
3248 803 3306 858 in
3334 805 3584 875 Epistola

1969 908 2102 946 sua:
2135 891 2202 946 Si
2249 890 2542 944 dixerimus
2585 895 2842 961 quoniam
2863 896 3145 961 peccatum
3173 909 3281 946 non
3309 893 3578 965 habemus,

1968 997 2061 1034 nos
2089 982 2224 1051 ipsos
2248 979 2563 1046 seducimus,
2619 984 2668 1034 et
2714 982 2907 1034 veritas
2955 981 3011 1033 in
3062 981 3211 1034 nobis
3261 997 3367 1036 non
3395 987 3490 1039 est.
3518 982 3586 1038 Si

1969 1075 2146 1122 autem
2191 1068 2419 1136 confessi
2467 1068 2734 1137 fuerimus
2781 1074 3000 1138 peccata
3053 1076 3252 1136 nostra,
3309 1069 3488 1141 ﬁdelis
3534 1078 3583 1125 et

1957 1157 2139 1227 justus
2167 1165 2241 1211 est
2289 1157 2456 1224 Deus,
2518 1163 2580 1209 ut
2619 1156 2768 1212 nobis
2784 1165 3004 1227 peccata
3034 1165 3214 1212 nostra
3233 1159 3499 1227 dimittat,
3531 1166 3582 1214 et

1967 1246 2210 1300 emundet
2239 1263 2332 1299 nos
2369 1245 2438 1301 ab
2465 1247 2612 1300 omni
2665 1246 2951 1316 iniquitate
3001 1246 3054 1319 (1
3081 1247 3245 1303 Joan.
3301 1264 3342 1316 1,
3373 1249 3452 1319 8).
3484 1248 3581 1305 Sia

1970 1335 2159 1389 nullus
2189 1338 2274 1388 est
2302 1335 2424 1389 sine
2456 1333 2844 1405 peccat’o,quis
2860 1337 2945 1388 est
2965 1335 3059 1406 qui
3090 1336 3429 1407 poenitentia
3458 1353 3576 1393 non

1968 1422 2379 1494 indigeat,qua:
2413 1423 2536 1477 sine
2597 1421 2960 1477 confessione
2989 1423 3080 1477 vix
3121 1424 3419 1479 fructuosa
3449 1424 3573 1479 fieri

1968 1511 2156 1566 valet?
2189 1510 2631 1566 Consideremus
2657 1509 3004 1565 sententiam
3032 1510 3186 1566 beati
3213 1512 3407 1566 Jacobi
3437 1529 3578 1584 apo-

1970 1598 2099 1653 stoli
2132 1598 2413 1654 dicentis:
2447 1597 2796 1668 Conﬁlemini
2816 1598 3133 1654 alterutrum
3161 1607 3383 1670 peccata
3408 1608 3579 1656 vestra

1973 1686 2117 1753 (Jac.
2157 1704 2208 1754 v,
2237 1687 2345 1759 l6).
2374 1686 2769 1742 Recordemur
2817 1686 2970 1758 quod
3005 1686 3360 1760 Redemptor
3389 1691 3582 1744 noster

1967 1774 2334 1846 publicanum
2351 1777 2719 1846 peccatorem
2743 1791 2802 1829 se
2816 1775 3194 1830 confitentem
3213 1776 3498 1832 Pharisaao
3519 1793 3578 1834 se

250 1866 410 1920 tradi
444 1863 758 1938 ΡΘΓΡθῐυίεο
794 1863 1003 1928 Quanti
1025 1857 1589 1916 mOdOinfBI‘nalibuS
1609 1852 1868 1925 deputati
1891 1878 1943 1936 Β
1966 1863 2024 1918 in
2065 1880 2166 1918 sua
2194 1863 2454 1918 laudanti
2478 1863 2701 1935 justitia
2730 1863 3086 1934 praetulerit:
3120 1863 3226 1918 scit
3255 1864 3415 1920 enim
3441 1881 3579 1920 con-

258 1954 576 2010 tormentis
599 1953 855 2007 converti
885 1947 1267 2014 voluissent,si
1289 1945 1538 2019 spatium
1569 1944 1677 1998 illis
1708 1943 1869 1997 dare-

259 2045 356 2096 tur
381 2040 808 2097 convertendi?
829 2039 1038 2095 Omnia
1068 2037 1300 2110 quidem
1330 2035 1498 2106 hujus
1519 2030 1707 2087 szeculi
1725 2030 1870 2084 dura

254 2131 316 2186 in
345 2130 786 2203 comparatione
805 2127 1178 2183 infernalium
1209 2124 1354 2179 levia
1367 2118 1867 2194 etquodammodo

242 2220 513 2291 jucunda
537 2218 822 2273 videntur.
847 2215 1080 2272 Servisti
1107 2214 1337 2269 diabolo
1362 2211 1420 2266 in
1449 2209 1693 2275 luxuria,
1720 2206 1866 2262 servi

254 2309 484 2364 Christo
534 2308 592 2361 in
625 2307 904 2362 castitate.
937 2304 1241 2375 Utriusque
1286 2300 1368 2356 rei
1401 2299 1578 2354 finem
1610 2295 1863 2352 attende.

251 2398 356 2452 llla
404 2395 716 2469 siquidem,
762 2395 821 2450 id
873 2397 958 2449 est
989 2393 1234 2458 luxuria,
1289 2388 1569 2444 hominen
1601 2384 1779 2440 mittit
1808 2383 1866 2438 in

254 2486 529 2541 ﬂammas
555 2503 568 2553 ;
601 2483 831 2539 castitas
860 2480 1126 2538 charitati
1153 2479 1464 2550 conjuncta
1495 2492 1599 2530 nos
1625 2473 1870 2531 deducet

250 2574 310 2660 in
342 2591 595 2646 regnum
614 2571 753 2628 Dei?
771 2573 1075 2627 Revertere
1101 2568 1160 2623 in
1176 2567 1328 2622 viam
1346 2565 1416 2620 de
1437 2581 1550 2636 qua
1563 2559 1864 2617 oberrasti.

250 2650 500 2736 Jejuniis
547 2680 754 2735 corpus
802 2660 1075 2726 afﬁcitur,
1109 2657 1210 2713 sed
1260 2651 1625 2728 pulchritudo
1659 2650 1868 2705 animae

252 2755 584 2825 reparatur.
610 2751 746 2806 Vilis
769 2750 839 2806 sit
863 2747 1120 2821 corporis
1141 2746 1343 2811 cultus,
1377 2743 1479 2798 sed
1517 2741 1636 2813 ipse
1667 2738 1867 2810 praeci-

252 2857 404 2913 puus
432 2844 518 2895 est
563 2839 881 2895 sanctitatis
911 2840 1168 2893 ornatus.
1206 2832 1544 2905 Vigiliarum
1571 2827 1871 2884 assiduitas

252 2929 311 2984 in
339 2929 702 2986 orationibus
743 2930 801 2982 et
851 2927 1020 2982 laude
1047 2924 1149 2978 Dei
1197 2921 1474 2994 angelicm
1507 2921 1592 2972 est
1624 2915 1869 2970 imitatio

250 3019 623 3076 vitaa.Parvus
639 3017 796 3071 cibus
822 3018 1013 3086 pastus
1027 3015 1112 3067 est
1139 3011 1368 3066 animae.
1399 3009 1454 3062 Si
1478 3007 1654 3062 habes
1683 3005 1865 3071 unde,

255 3107 608 3182 pauperibus
629 3103 1022 3178 porrige,quia
1048 3117 1253 3156 manus
1283 3097 1548 3171 pauperis
1580 3094 1866 3167 gazophy-

1969 1953 2122 2008 ditor
2143 1956 2338 2008 noster
2359 1951 2736 2023 fragilitatem
2756 1956 2966 2007 nostrae
2986 1956 3231 2020 natura,
3255 1953 3385 2009 ideo
3398 1954 3579 2009 medi-

1967 2045 2234 2096 camenta
2254 2040 2607 2114 poenitentiae
2628 2041 2959 2096 vulneribus
2979 2041 3190 2096 nostris
3209 2042 3576 2114 perdonavit.

1968 2131 2237 2186 Dieamus
2263 2147 2390 2185 cum
2408 2130 2719 2202 propheta:
2750 2128 2902 2184 Sana
2917 2147 3020 2196 me,
3038 2128 3294 2198 Domina,
3341 2137 3390 2186 et
3417 2145 3579 2187 sana-

1971 2219 2061 2275 bor
2086 2219 2301 2285 (Jerem.
2329 2235 2462 2285 xvn,
2509 2219 2613 2284 14).
2645 2218 2842 2273 Idem:
2878 2217 3129 2288 Domine,
3159 2234 3293 2275 sana
3333 2221 3571 2274 animam

1970 2326 2140 2362 meam
2174 2311 2302 2380 quia
2331 2309 2554 2380 peccavi
2584 2307 2680 2361 tibi
2706 2307 2874 2378 (Psal.
2909 2324 2998 2375 XL,
3028 2306 3576 2380 5).Idcirco,charis-

1969 2397 2100 2452 simi
2131 2396 2253 2464 ﬁlii,
2285 2395 2552 2452 festinate
2576 2395 2649 2450 ad
2671 2395 3045 2450 confessionis
3077 2395 3576 2452 medicamentum

1968 2485 2194 2556 aperire
2222 2485 2461 2539 vulnera
2514 2483 2574 2538 in
2605 2483 2984 2551 confessione,
3041 2487 3104 2538 ut
3147 2483 3577 2540 medicamenta

1969 2573 2165 2628 salutis
2197 2573 2472 2644 perlicere
2502 2572 2734 2627 valeatis
2765 2571 2823 2626 in
2847 2571 3025 2628 vobis.
3054 2572 3376 2627 Transeunt
3403 2572 3573 2644 hujus

1969 2663 2099 2717 vitae
2127 2663 2266 2730 dies,
2295 2665 2353 2717 et
2378 2662 2596 2716 incerta
2623 2664 2708 2716 est
2725 2660 3032 2734 unicuique
3059 2665 3323 2716 nostrum
3347 2677 3460 2733 qua
3479 2678 3571 2716 re-

1969 2755 2224 2806 vertatur
2253 2751 2435 2822 pulvis
2466 2751 2524 2806 in
2579 2752 2897 2821 pulverem,
2927 2753 2985 2804 et
3007 2749 3236 2820 spiritus
3279 2749 3480 2804 redeat
3502 2749 3575 2804 ad

1972 2841 2298 2909 dominum,
2323 2840 2421 2912 qui
2454 2839 2612 2894 dedit
2645 2839 2830 2902 illum,
2861 2841 2924 2893 ut
2940 2837 3231 2909 judicetur
3258 2837 3576 2896 secundum

1972 2945 2149 3000 opera
2176 2946 2297 2984 sua.
2330 2928 2610 2982 Auditura
2648 2927 2758 2983 erit
2785 2930 2922 2981 tunc
2957 2925 3150 2982 anima
3178 2925 3456 2998 quidquid
3481 2927 3574 2981 hic

1969 3019 2235 3088 copulata
2261 3015 2419 3071 carni
2457 3015 2639 3087 gessit
2659 3015 2718 3070 in
2749 3016 2992 3081 occulto,
3021 3015 3066 3069 si
3097 3030 3250 3069 nunc
3283 3014 3570 3087 erubescis

1968 3105 2230 3160 conﬁteri
2262 3108 2496 3177 peccata
2537 3107 2638 3159 tua
2687 3119 2790 3173 per
2813 3103 3216 3175 paenitentiam
3237 3085 3573 3163 emendare.

255 3162 282 3182 τ
307 3162 326 3164 η
361 3162 392 3181 1
431 3162 434 3163 ν
629 3162 647 3178 ι
789 3162 820 3176 υ
867 3162 878 3168 '
904 3162 926 3176 ι
1283 3162 1298 3171 ·
1401 3162 1416 3170 ·
1583 3162 1608 3167 “
1727 3162 1739 3165 '
1804 3162 1816 3164 “
2262 3162 2279 3177 ³
2687 3162 2704 3173 ⁸
2813 3162 2832 3175 ⁸
3563 3162 3567 3163 ⁷

255 3197 473 3252 lacium
505 3198 591 3250 est
618 3192 824 3249 Christi
854 3211 867 3261 ;
903 3209 1009 3247 nec
1065 3191 1135 3245 de
1165 3205 1337 3260 opere
1371 3183 1779 3241 misericordiae
1809 3186 1865 3236 te
1887 3162 1936 3222 Ο
1968 3193 2152 3250 Stabit
2171 3192 2735 3263 causatormalignug
2756 3195 2959 3246 contra
2976 3208 3128 3259 eam,
3279 3191 3576 3264 quondam

249 3285 408 3357 juste
467 3300 734 3340 excusare
792 3280 1027 3352 poteris,
1081 3278 1219 3333 dum
1252 3276 1394 3331 calix
1444 3291 1606 3347 aqua:
1639 3270 1865 3342 frigidm

255 3374 527 3430 mercede
541 3369 1004 3427 remunerabitur
1016 3365 1555 3439 perpetua.Visitare
1581 3361 1864 3426 infirmos,

256 3466 573 3520 maerentes
597 3459 901 3526 consolari,
927 3457 1247 3528 hospitibus
1264 3469 1584 3519 occurrere,
1600 3451 1755 3505 fame
1777 3449 1866 3503 vel

256 3551 348 3607 siti
378 3552 710 3606 laborantes
743 3549 1001 3613 reﬁcere,
1034 3543 1312 3618 possessio
1341 3544 1426 3595 est
1456 3539 1621 3611 regni
1654 3538 1753 3594 Dei
1804 3536 1864 3590 in

257 3640 434 3697 caelis.
481 3639 638 3696 Sicut
664 3639 724 3693 in
756 3634 1064 3708 Evangelio
1090 3631 1317 3704 legitur.
1346 3633 1406 3684 In
1438 3629 1661 3694 talium,
1694 3643 1728 3681 o
1759 3625 1864 3694 fili,

259 3744 508 3800 operum
523 3727 883 3783 exsecutione
909 3725 1280 3796 peccatorum
1305 3716 1566 3773 remissio
1597 3715 1862 3783 habetur,

255 3815 496 3888 insuper
509 3819 566 3871 et
576 3809 1251 3887 perpetusebeatitudinis
1263 3809 1502 3878 prastat
1517 3804 1863 3876 ingressum.

255 3905 385 3961 Noli
417 3903 724 3976 degeneris
752 3901 934 3958 animi
963 3915 1119 3968 esse;
1153 3897 1254 3954 Dei
1306 3895 1454 3950 ﬁlius
1484 3894 1543 3948 in
1583 3891 1863 3964 baptismo

257 3996 624 4049 consecratus
646 4009 726 4059 es,
751 3991 852 4047 sed
880 3995 1001 4045 tam
1015 3987 1294 4043 excellens
1318 3983 1585 4045 nobilitas
1616 3997 1731 4036 non
1756 3979 1864 4033 nisi

255 4097 480 4154 magna
509 4097 740 4136 morum
763 4078 1044 4150 dignitate
1073 4073 1398 4132 conservari
1428 4069 1659 4144 poterit.
1681 4069 1866 4124 Ccele-

257 4171 357 4226 stis
383 4169 697 4238 Pater,imo
746 4167 1010 4223 omnium
1058 4164 1337 4220 Dominus
1361 4162 1692 4232 peccatores
1725 4156 1868 4211 sub-

259 4257 847 4329 ditos,dedignabitur
861 4255 1076 4310 habere
1102 4251 1475 4318 filios,excute
1503 4247 1572 4301 de
1604 4245 1749 4299 collo
1768 4247 1866 4299 tuo

1967 3281 2246 3355 suggessit
2273 3281 2353 3336 illi
2376 3283 2438 3334 ut
2464 3283 2750 3353 peccaret,
2782 3279 2949 3334 sinos
2976 3279 3401 3358 neglexerimus
3425 3296 3572 3353 prae-

1965 3372 2164 3426 venire
2191 3369 2400 3426 faciem
2423 3369 2634 3440 judicis
2658 3367 2717 3422 in
2735 3367 3158 3424 confessionen.
3197 3366 3573 3440 Quaacnnque

1967 3461 2123 3514 enim
2148 3458 2444 3514 humiliter
2467 3457 2811 3512 confitemur
2840 3455 2899 3509 in
2913 3455 3124 3509 nostris
3151 3455 3576 3526 peccatis,nihil

1964 3550 2173 3606 horum
2197 3548 2459 3603 diabolus
2486 3544 2721 3600 habebit
2744 3547 3089 3616 potestatem
3124 3544 3288 3599 nobis
3315 3544 3565 3615 objicere

1965 3639 2024 3694 in
2051 3640 2146 3694 illo
2172 3636 2475 3693 tremendo
2493 3633 2714 3706 judicio
2741 3636 2954 3688 nostra:
3003 3632 3155 3688 vitae.

2034 3728 2200 3800 Agite
2232 3742 2406 3789 nunc,
2428 3725 2668 3796 juvenes
2693 3721 3102 3777 adolescentuli
3130 3723 3186 3776 et
3208 3721 3395 3794 pueri,
3424 3720 3569 3778 lihe-

1964 3821 2089 3872 rate
2118 3813 2489 3885 vosmetipsos
2517 3811 2588 3867 de
2618 3809 2900 3866 diabolica
2928 3809 3201 3865 servitute
3236 3826 3340 3881 per
3382 3810 3568 3882 poeni-

1963 3906 2208 3961 tentiam
2233 3904 2306 3959 ad
2337 3900 2844 3959 clementissimam
2879 3898 3292 3970 omnipotentis
3320 3899 3421 3954 Dei
3446 3899 3572 3971 pie-

1964 3996 2168 4048 tatem.
2201 3993 2386 4048 Nolite
2417 4008 2520 4064 per
2547 3988 2831 4045 desideria
2875 3987 3062 4043 carnis
3090 3990 3294 4043 vestra:
3325 3988 3570 4060 perdere

1966 4082 2178 4152 gaudia
2202 4080 2453 4138 coelestia
2480 4082 2538 4135 et
2553 4078 2756 4135 aeterni
2778 4076 2946 4151 regni
2965 4077 3120 4131 inter
3148 4074 3440 4148 angelicos
3455 4091 3568 4132 coe-

1966 4172 2057 4224 tus
2095 4170 2553 4238 beatitudinem;
2585 4167 2686 4224 sed
2733 4167 3055 4223 confortate
3084 4164 3480 4236 vosmetipsos,
3512 4167 3571 4220 et

1967 4256 2206 4312 viriliter
2236 4261 2492 4330 pugnate
2514 4273 2646 4312 cum
2669 4253 2996 4312 adversario
3022 4256 3232 4322 vestro,
3250 4255 3314 4308 ut
3329 4251 3572 4308 feliciter

253 4345 464 4420 jugum
483 4345 826 4418 captivitatis
841 4342 1134 4399 diabolica
1156 4358 1171 4411 ;
1191 4351 1486 4395 recurrere
1499 4335 1572 4389 ad
1592 4332 1862 4420 pietatem

1970 4346 2317 4402 mereamini
2347 4347 2614 4402 coronari
2645 4362 2774 4401 cum
2802 4344 3014 4401 sanctis
3032 4343 3218 4411 Dei,et
3229 4345 3572 4416 perpetuam

256 4416 518 4506 paternae
555 4416 899 4501 dilectionis,
951 4433 1240 4487 revertere
1279 4427 1354 4482 ad
1406 4422 1732 4487 dominum,
1762 4418 1862 4488 fili,

1967 4451 2099 4490 cum
2129 4435 2241 4490 illis
2287 4435 2581 4506 possidere
2625 4433 2895 4506 gloriam.
2937 4434 3006 4487 Et
3055 4448 3174 4499 vos,
3231 4429 3572 4485 sanctissimi

259 4526 579 4591 revertere,
609 4525 668 4578 et
733 4538 800 4577 ex
857 4523 1088 4576 mortuo
1137 4514 1428 4581 revivisce,
1455 4514 1514 4568 et
1545 4527 1611 4566 ex
1640 4508 1868 4580 perdito

259 4626 552 4682 reparare.
589 4609 804 4674 Qumrit
829 4625 994 4664 ovem
1020 4607 1207 4662 bonus
1232 4605 1436 4658 Pastor
1461 4601 1776 4665 errantem,
1810 4599 1868 4652 et

259 4700 511 4772 amplius
534 4699 606 4755 de
634 4699 868 4754 inventa
892 4712 1066 4769 quam
1097 4697 1231 4749 ante
1269 4690 1496 4764 perdita
1521 4688 1862 4760 gratulatur,

257 4791 316 4844 et
342 4787 602 4844 humeris
623 4787 734 4843 suis
763 4787 916 4842 inter
946 4783 1236 4856 angelicas
1264 4779 1484 4836 revehit
1511 4782 1705 4833 ccetus.
1731 4775 1864 4830 Ani-

254 4877 554 4933 madverte
583 4873 1092 4930 clementissimam
1131 4868 1450 4926 Dominicaa
1475 4864 1707 4938 pietatis
1736 4880 1864 4918 sen-

253 4965 501 5021 tentiam
529 4963 808 5020 dicentis:
843 4964 968 5018 Non
1002 4959 1134 5016 veni
1154 4973 1358 5014 vocare
1377 4953 1697 5028 justos,sed
1726 4968 1862 5024 pec-

253 5058 475 5110 catores
504 5054 564 5108 in
616 5050 1042 5126 pmnitentiam.
1090 5049 1266 5103 Vocat
1313 5061 1452 5117 ergo
1480 5042 1758 5099 Dominus
1787 5041 1861 5096 ad

252 5143 657 5216 paenitentiam
695 5143 1046 5214 peccatores,
1079 5138 1214 5211 quia
1244 5134 1427 5206 magis
1455 5134 1616 5206 optat
1636 5132 1856 5186 salvare

251 5248 425 5304 quam
465 5231 767 5298 damnare,
801 5232 858 5284 et
885 5229 1014 5301 plus
1041 5242 1173 5283 cum
1198 5223 1410 5280 sanctis
1440 5237 1544 5277 nos
1573 5219 1852 5292 gaudere,

245 5335 421 5392 quam
442 5336 577 5376 cum
601 5318 830 5374 diabolo
859 5316 1087 5388 punire.
1111 5314 1288 5369 Vocat
1312 5327 1418 5367 nos
1442 5325 1546 5382 per
1576 5308 1851 5379 seipsum,

240 5412 402 5465 vocat
430 5424 538 5481 per
557 5405 879 5478 Scripturas
908 5407 1153 5471 sanctas,
1194 5402 1360 5456 vocat
1406 5397 1583 5454 etiam
1605 5413 1710 5468 per
1740 5395 1851 5478 do-

239 5470 794 5564 ctores-catholicos,
812 5496 875 5549 ut
901 5470 1264 5550 reverMur
1286 5487 1361 5544 ad
1390 5503 1546 5555 eum,
1575 5484 1713 5557 quia
1744 5470 1850 5556 pa-

1964 4523 2134 4594 hujus
2159 4521 2398 4578 familiae
2438 4522 2700 4595 magistri
2725 4525 2783 4577 et
2821 4524 3037 4588 Patres,
3070 4519 3269 4574 docete
3297 4517 3446 4574 filios
3474 4535 3570 4573 ve-

1960 4614 2110 4667 stros
2139 4611 2253 4683 pie,
2291 4611 2479 4666 sobrie
2511 4615 2569 4666 et
2597 4615 2750 4667 caste
2777 4610 2965 4666 vivere
2995 4624 3190 4664 coram
3220 4607 3468 4663 Domino
3508 4607 3570 4664 in

1963 4699 2126 4754 omni
2144 4698 2489 4766 humilitate,
2509 4699 2842 4754 obedientia
2864 4698 3253 4765 etsanctitate,
3280 4699 3338 4752 et
3361 4711 3572 4769 puram

1959 4786 2150 4841 facere
2176 4787 2573 4842 sacerdotibus
2604 4786 2812 4842 Christi
2859 4787 3281 4842 confessionem
3311 4787 3572 4858 peccato-

1960 4891 2092 4930 rum
2109 4878 2432 4944 suorum,et
2457 4874 2815 4948 poenitentiae
2832 4876 3100 4946 lacrymis
3119 4875 3355 4930 abluere
3371 4873 3570 4930 sordes

1957 4963 2193 5018 luxuria:
2241 4963 2448 5030 carnis,
2511 4977 2617 5016 nec
2682 4976 2777 5015 eas
2826 4959 3043 5016 iterum
3090 4963 3376 5034 repetere,
3434 4959 3570 5034 quia

1956 5052 2279 5126 posteriora
2306 5052 2544 5107 vulnera
2589 5048 2794 5121 peiora
2821 5055 2956 5104 sunt
2975 5049 3296 5122 prioribus;
3324 5050 3568 5106 scientes

1955 5142 2332 5214 vosmetipsos
2357 5140 2427 5195 de
2449 5139 2628 5194 salute
2655 5133 2910 5191 filiorum
2936 5139 3260 5193 vestrorum
3283 5142 3566 5194 mternam

1953 5230 2168 5286 habere
2224 5229 2378 5300 apud
2442 5229 2628 5282 Deum
2677 5223 3239 5294 remunerationem,
3282 5229 3565 5298 quatenus

1953 5335 2201 5393 quorum
2227 5315 2561 5373 ministeriis
2601 5312 2830 5369 utimini
2851 5311 2909 5366 in
2939 5311 3130 5380 terris,
3161 5329 3266 5384 pro
3297 5314 3378 5369 eis
3405 5329 3560 5370 mer-

1949 5409 2152 5465 cedem
2189 5405 2452 5464 habeatis
2481 5405 2823 5476 perpetuam
2859 5399 2920 5456 in
2951 5398 3129 5458 caelis.
3169 5402 3378 5460 Amen.
