3888 6218
359 475 366 486 ‘
403 459 542 519 1643

1415 453 1716 515 ARNULFI
1752 458 2291 516 ARCHIEPISCOPI
2331 459 2672 519 REMENSIS

3584 471 3732 526 1544

407 581 812 654 Demochares,
833 583 1160 654 putantan.
1193 580 1332 654 1009
1363 579 1590 654 obiisse,
1609 597 1775 654 quos
1815 599 1849 636 a
1876 599 2009 654 vero
2029 585 2086 642 Α
2111 582 2329 654 Amulli
2363 582 2721 654 successoris.
2755 581 3024 654 Arnulfus
3057 581 3234 654 igitur
3263 583 3379 639 vita
3407 584 3641 642 functus
3668 588 3736 643 iu

405 653 634 726 penitus
663 649 933 708 aberrare
955 652 1148 726 patet.
1167 649 1622 726 _Sammarthani
1647 649 1845 708 citant
1893 653 2010 725 pri-

403 719 683 796 vilegium
742 719 1094 796 monasterio
1135 719 1460 796 _l.atiniaco
1517 738 1853 778 concessum
1894 719 2006 796 'an.

408 791 565 863 1019,
597 793 688 850 cui
714 792 1014 865 Amulius
1037 791 1495 865 archiepiscopus
1535 797 1810 865 tanquam
1843 795 2010 865 regni

405 861 778 944 cancellarius
802 861 1152 944 subscripsit,
1170 861 1343 944 quem
1363 861 1472 944 ego
1495 861 1883 944 auguror‘esse
1907 861 2010 944 Re:

403 951 664 991 mensem
675 977 687 989 .
702 938 916 989 Auctor
932 933 1195 988 Chronici
1209 933 1774 989 Mosoniensis'refert
1787 935 2009 989 Amulli

401 1007 624 1062 obitum
638 1023 734 1060 an.
759 1008 887 1060 1021
903 1045 918 1071 ,
944 1005 1242 1059 Albericus
1272 1008 1428 1071 1023,
1448 1005 1537 1058 cui
1559 1023 1622 1060 su
1641 1006 2006 1060 scribendum

397 1081 559 1156 puto_,
583 1075 798 1156 alioqui
821 1075 1018 1156 plures
1037 1092 1220 1156 annos
1235 1080 1486 1156 vacasset
1503 1077 1667 1132 sedes
1687 1077 2004 1156 Remensis,

439 1149 554 1203 uod
583 1147 891 1202 verisimile
909 1163 1027 1219 non
1049 1151 1153 1212 est,
1176 1163 1305 1200 cum
1327 1147 1650 1202 Guidonem
1672 1148 2005 1219 episcopum

439 1163 554 1203 uoa
583 1163 891 1202 verisimile
909 1163 1027 1200 non
1049 1163 1153 1212 est,
1176 1163 1305 1200 cum
1327 1163 1650 1202 uuiaonem
1672 1164 2004 1219 episcopum

396 1163 908 1283 gilvanectensem,
934 1217 1179 1271 electum
1195 1233 1267 1271 an
1318 1219 1477 1283 1024,
1500 1219 1765 1272 hortetur
1790 1223 1848 1272 et
1879 1235 2004 1273 mo-

394 1293 532 1360 neat
550 1289 847 1344 Fulbertus
867 1288 1234 1360 Carnotensis
1251 1291 1312 1360 ut
1332 1288 1576 1354 intersit,
1591 1291 1867 1360 tanquam
1889 1289 2007 1344 suf-

396 1359 706 1433 fraganeus
721 1358 1028 1432 provincia
1047 1358 1364 1426 Remensis,
1382 1358 1799 1414 consecrationi
1822 1360 2000 1428 Ebali,

2111 653 2350 708 ecclesia
2383 653 2536 707 Beati
2563 653 2829 724 Remigii,
2881 669 3070 725 quam,
3088 653 3270 725 bonis
3308 658 3734 725 cumulaverat,

2109 725 2427 798 tumulatus
2457 727 2563 790 est,
2612 724 2702 798 cui
2753 728 2950 798 asceta
2977 724 3214 798 quidam
3245 741 3492 798 sequens
3517 724 3738 784 cecinit

2110 794 2467 876 epitaphium
2491 795 2646 876 quod
2668 794 2845 876 lapidi
2860 794 3104 876 affiqu
3113 794 3575 876 adhuccernitur
3590 817 3623 854 e
3641 817 3736 855 re-

2109 865 2280 936 gione
2315 865 2526 919 summi
2559 865 2754 920 altaris
2791 881 2856 919 ac
2885 867 3034 920 latus
3063 867 3376 938 Evangelii.

2109 987 2222 1060 ῌίε
2246 988 2390 1058 iacet
2419 987 2692 1059 Arnul/‘us
2721 987 2891 1056 regali
2916 994 3194 1043 stemmate
3221 989 3398 1060 fusus,

2107 1057 2397 1112 RemOrum
2417 1057 2635 1128 praesul,
2659 1059 2797 1112 nulli
2826 1061 3026 1128 pietate
3049 1057 3330 1116 secundus.

2105 1129 2236 1199 Spes
2267 1133 2504 1200 inopum,
2537 1147 2630 1200 pes
2659 1130 2932 1202 debilium,
2955 1138 3145 1202 pastor
3172 1131 3578 1202 monachorum,

2105 1202 2356 1255 Assertor
2386 1203 2516 1266 veri,
2543 1201 2707 1267 rigidi
2731 1208 2968 1255 servator
2993 1201 3216 1268 honesti,

2109 1271 2277 1343 Quem
2301 1273 2425 1343 [era
2446 1289 2586 1324 mors
2617 1275 2817 1342 rapuit,
2849 1289 2968 1343 qua;-
2995 1271 3137 1326 nulli
3154 1289 3378 1343 parcere
3405 1277 3578 1332 novit.

2104 1341 2255 1397 Flete
2281 1339 2528 1406 Patrem,
2556 1339 2830 1410 monachi,
2862 1339 3230 1414 lacrymarum
3274 1344 3428 1413 fonte
3473 1349 3725 1416 perenni.

1017 1614 1384 1719 ACTA
1495 1613 2344 1751 ELECTIONIS
2457 1614 3098 1721 ABNULFI

1840 1825 2057 1908 (Anno
2089 1825 2259 1904 989.)

1171 2001 1286 2073 (Las
1315 2001 1478 2058 Actes
1505 2000 1569 2057 de
1598 2002 1654 2059 Ia
1667 2003 1921 2075 province
1949 2001 2340 2076 ecclesiastique
2362 2003 2426 2058 de
2454 2003 2660 2073 Reims,
2695 2006 2737 2072 l,
2767 2005 2923 2079 629.)

459 2237 684 2294 Sancta
714 2251 780 2292 ac
809 2235 1114 2292 universali
1143 2235 1404 2292 Ecclesia
1433 2234 1730 2291 catholica
1750 2236 1994 2291 salutem
2023 2233 2077 2294 B
2095 2238 2250 2290 mate
2283 2234 2451 2307 positi
2478 2235 2577 2308 (l),
2613 2236 2804 2309 aliquo
2825 2236 3023 2293 infecit
3046 2237 3336 2310 contagio,
3381 2240 3484 2295 sed
3514 2243 3716 2298 tamen

389 2327 589 2382 dicunt
605 2325 708 2382 ﬂlii
726 2325 1040 2380 Remorum
1071 2324 1428 2396 metropolis.

457 2415 612 2472 Diva
641 2413 942 2470 memoria
975 2415 1141 2470 Patre
1173 2417 1368 2468 nostro
1404 2411 1769 2468 Adalberone
1798 2429 1994 2468 sensus

382 2519 693 2576 corporeos
706 2501 1323 2574 relinquente,clarum
1337 2502 1532 2556 lumen
1548 2500 1792 2572 pastoris
1809 2501 1993 2555 amisi-

383 2609 535 2662 mus,
557 2591 760 2664 prada
783 2591 1035 2646 hostium
1063 2589 1197 2645 facti
1218 2590 1653 2661 sumusiltaque
1674 2589 1813 2644 dum
1832 2590 1995 2646 moli-

384 2696 517 2735 mur
535 2680 683 2736 tanti
705 2679 813 2734 viri
839 2678 1114 2734 resarcire
1131 2678 1348 2745 ruinas,
1361 2679 1554 2748 elapsa
1574 2682 1705 2732 sunt
1715 2679 1994 2733 canonica

383 2771 670 2842 tempora,
699 2768 924 2823 violata
941 2770 1077 2822 sunt
1093 2768 1271 2838 leges,
1296 2767 1503 2839 quibus
1521 2769 1754 2821 cavetur
1769 2768 1990 2822 nullam

379 2856 578 2913 sedem
600 2856 850 2928 amplius
872 2855 1108 2926 triginta
1127 2855 1351 2910 dierum
1371 2855 1556 2927 spatio
1574 2871 1774 2910 vacare
1795 2855 1986 2912 licere.

379 2947 654 3018 Nuncque
684 2945 924 3000 tandem
941 2944 1300 3016 pulsantibus
1317 2945 1619 3000 divinalux
1647 2961 1706 2999 se
1737 2945 1985 3016 aperuit,

378 3037 440 3092 et
465 3051 580 3109 quo
609 3049 987 3107 sequeremur
1015 3033 1284 3102 ostendit,
1328 3034 1566 3106 depulso
1608 3033 1984 3103 Antichristo,

377 3123 706 3180 Simoniaca
733 3122 938 3178 haresi
969 3122 1266 3179 damnata.
1285 3123 1416 3189 Nos,
1445 3121 1705 3194 inquam,
1728 3121 1824 3194 qui
1855 3122 1988 3177 dici-

373 3228 500 3268 mur
527 3210 782 3285 episcopi
811 3210 1118 3268 diaceseos
1138 3212 1455 3266 Remorum
1476 3211 1835 3283 metropolis,
1852 3226 1984 3266 cum

368 3300 530 3358 omni
557 3302 711 3357 clero
738 3299 944 3356 diversi
975 3299 1214 3368 ordinis,
1244 3300 1458 3372 populo
1498 3300 1984 3367 acclamante,or-

369 3389 634 3446 thodoxis
661 3389 892 3462 regibus
925 3389 1137 3445 nostris
1165 3388 1678 3456 consentientibus,
1713 3387 1984 3460 eligimus

370 3479 536 3535 nobis
561 3478 623 3535 in
649 3480 955 3551 prasulem
991 3478 1178 3534 virum
1206 3477 1418 3550 pietate
1441 3479 1834 3550 prastantem,
1865 3478 1981 3533 fide

2094 2323 2251 2379 hunc
2277 2328 2465 2380 mater
2492 2325 2739 2380 Ecclesia
2769 2325 3098 2398 purificans,
3128 2327 3383 2398 mysticis
3412 2329 3600 2384 abluit
3623 2347 3716 2384 sa-

2093 2413 2425 2470 cramentis.
2473 2414 2654 2480 Hunc,
2710 2413 2973 2486 inquam,
3019 2415 3264 2470 dicimus
3319 2416 3716 2473 Lauduneusis

2093 2500 2357 2556 Ecclesia
2389 2501 2596 2569 filium,
2631 2505 2709 2565 et,
2742 2505 2802 2556 ut
2831 2502 3018 2557 verius
3047 2503 3356 2568 fateamur,
3385 2505 3711 2573 Remensis,

2093 2604 2162 2644 ea
2192 2590 2403 2662 quippe
2435 2590 2627 2646 civitas
2655 2592 2941 2646 Remense
2992 2592 3377 2656 territorium,
3408 2593 3713 2648 Remensis

2092 2677 2367 2748 parochia
2388 2681 2496 2747 est,
2521 2696 2626 2734 nec
2657 2680 2735 2734 sic
2761 2697 2795 2734 a
2825 2679 2995 2735 beato
3017 2679 3280 2751 Remigio
3303 2681 3504 2749 divisa,
3527 2685 3587 2736 ut
3602 2682 3711 2737 ﬁe-

2091 2769 2182 2821 ret
2209 2766 2426 2836 aliena;
2467 2767 2747 2822 nimirum
2778 2767 2872 2822 ille
2898 2768 2984 2823 vir
3012 2769 3130 2823 Deo
3161 2769 3387 2838 plenus,
3419 2769 3711 2826 unitatem

2089 2858 2386 2927 appetens,
2440 2873 2555 2911 non
2603 2857 2934 2912 scissionem
2973 2855 3272 2924 affectans,
3321 2859 3400 2914 sic
3442 2857 3608 2913 scidit
3642 2863 3710 2914 ut

2087 2945 2405 2999 cohareret
2449 2945 2604 3000 velut
2633 2961 2767 3016 pars
2797 2945 2854 2999 in
2888 2948 3043 3016 toto;
3084 2949 3143 3002 et
3185 2945 3331 3018 quis,
3365 2949 3423 3002 et
3453 2951 3708 3021 quantus

2086 3032 2310 3087 futurus
2353 3037 2522 3100 esset,
2576 3032 2924 3105 intelligens,
2956 3037 3148 3091 natale
3177 3037 3364 3092 solum
3402 3037 3594 3092 beavit
3619 3053 3710 3093 sa-

2086 3120 2328 3176 cerdotii
2351 3121 2653 3192 dignitate.
2683 3122 2959 3193 Eligimus
2987 3141 3126 3196 ergo
3175 3125 3328 3180 hunc
3366 3123 3706 3194 Arnulfum,

2085 3209 2218 3264 hinc
2250 3214 2468 3278 ortum,
2492 3211 2586 3266 hic
2613 3211 2948 3281 educatum,
2973 3213 3318 3270 Simoniaca
3343 3215 3577 3272 haresis
3607 3233 3708 3275 ex-

2084 3301 2334 3370 pertem,
2369 3316 2404 3354 a
2427 3299 2678 3356 factione
2709 3302 3008 3373 tyrannica
3027 3307 3341 3373 remotum,
3367 3305 3455 3360 sui
3490 3305 3704 3379 cuique

2076 3387 2212 3459 jura
2241 3387 2437 3444 debita
2462 3389 2828 3457 reddentem,
2860 3393 3250 3446 sanctuarium
3277 3392 3518 3449 Deinon
3539 3394 3703 3452 dissi-

2080 3479 2342 3547 pantem.
2376 3475 2505 3532 Sint
2527 3479 2728 3549 procul
2758 3479 2830 3534 ab
2869 3479 3148 3536 electione
3201 3485 3399 3537 nostra
3441 3483 3605 3538 dolus
3639 3487 3702 3540 et

367 3567 682 3642 insignem,
709 3567 1038 3624 constantia
1065 3565 1417 3634 mirabilem,
1439 3564 1499 3621 in
1523 3565 1774 3622 consiliis
1799 3565 1982 3638 provi-
1999 3569 2048 3630 C
2079 3564 2336 3634 fallacia;
2364 3582 2470 3620 nec
2490 3569 2696 3638 putent
2722 3583 2852 3623 eam
2866 3568 2939 3623 ad
2965 3585 3024 3623 se
3045 3569 3337 3640 pertinere
3357 3571 3463 3626 ﬁlii
3486 3572 3695 3642 Belial;

362 3654 526 3724 dum,
547 3655 722 3711 rebus
735 3654 1004 3728 gerendis
1025 3657 1250 3726 aptum,
1269 3653 1330 3708 in
1348 3670 1461 3726 quo
1478 3653 1568 3708 ha
1591 3651 1830 3708 virtutes
1850 3670 1979 3726 qua

361 3743 442 3799 sic
461 3745 616 3800 clare
641 3744 920 3811 relucent,
954 3743 1168 3798 indicio
1202 3743 1337 3796 sunt
1367 3744 1606 3796 cateras
1633 3741 1830 3797 abesse
1857 3759 1977 3798 non

355 3848 544 3906 posse,
581 3833 890 3889 Arnulfum
949 3831 1218 3900 dicimus,
1270 3830 1522 3886 Lotharii
1565 3829 1720 3901 regis
1769 3829 1974 3901 ﬁlium,

357 3937 535 3996 quem
559 3921 666 3979 etsi
690 3921 838 3978 altus
861 3920 1096 3994 sanguis
1125 3919 1262 3976 vitio
1297 3917 1578 3992 temporis
1593 3919 1697 3974 sub
1729 3920 1972 3976 anathe-

2078 3651 2181 3706 filii
2209 3652 2365 3724 pacis
2386 3655 2444 3709 et
2475 3655 2800 3711 concordia
2829 3657 3096 3712 stabilem
3125 3661 3184 3713 et
3199 3659 3448 3716 solidam
3470 3661 3530 3717 in
3560 3679 3697 3735 per-

2077 3742 2321 3813 petuum
2346 3741 2583 3812 faciant,
2613 3744 3038 3814 confirmando,
3069 3747 3530 3819 corroborando,
3559 3751 3695 3806 sub-

2077 3829 2410 3888 scribendo.

1400 4085 2128 4169 JURAMENTUM
2181 4092 2640 4170 ARNULFI

418 4289 538 4362 Ego
555 4287 854 4358 Arnulfus,
877 4289 1068 4362 gratia
1085 4288 1184 4347 Dei
1205 4293 1616 4366 praveniente,
1639 4298 1958 4358 Remorum

350 4377 816 4450 archiepiscopus
827 4377 1106 4451 promitto
1119 4379 1351 4453 regibus
1362 4383 1712 4443 Francorum
1733 4391 1960 4462 Hugoni

347 4470 408 4524 et
431 4468 684 4524 Roberto
704 4483 800 4523 me
817 4467 996 4523 fidem
1018 4467 1384 4539 purissimam
1409 4479 1790 4547 servaturum,
1829 4496 1963 4535 con-

346 4557 540 4614 silium
556 4559 616 4614 et
645 4557 919 4613 auxilium
951 4558 1268 4614 secundum
1303 4577 1499 4618 meum
1523 4563 1665 4620 scire
1695 4569 1754 4621 et
1794 4585 1960 4641 posse

344 4645 408 4703 in
436 4646 707 4703 omnibus
727 4647 980 4720 negotiis
1009 4647 1424 4720 prabiturum;
1457 4652 1724 4710 inimicos
1755 4673 1959 4714 eorum

344 4749 454 4790 nec
479 4734 742 4804 consilio,
783 4751 891 4792 nec
935 4735 1147 4792 auxilio
1178 4735 1252 4792 ad
1302 4753 1507 4794 eorum
1554 4740 1954 4802 inﬁdelitatem

343 4823 593 4880 scienter
621 4823 974 4895 adiuturum.
1003 4825 1133 4880 Hac
1149 4824 1210 4880 in
1227 4832 1540 4900 conspectu
1557 4829 1764 4888 divina
1781 4835 1960 4906 maje-

343 4912 504 4968 statis
519 4916 578 4969 et
597 4913 902 4969 beatorum
920 4913 1248 4987 spirituum,
1271 4917 1330 4970 et
1351 4917 1522 4974 totius
1544 4918 1807 4977 Ecclesia
1826 4923 1958 4979 assi-

2059 4289 2318 4344 vertatur
2349 4287 2409 4344 in
2439 4289 2933 4360 maledictionem,
2953 4294 3012 4346 et
3031 4291 3182 4347 ﬂant
3199 4291 3325 4349 dies
3345 4293 3467 4349 mei
3493 4293 3682 4366 pauci,

2061 4381 2120 4433 et
2132 4377 2528 4449 episcopatum
2549 4395 2748 4435 meum
2769 4379 3014 4452 accipiat
3033 4381 3209 4450 alter;
3229 4381 3514 4438 recedant
3531 4400 3566 4438 a
3585 4400 3681 4439 me

2060 4466 2230 4522 amici
2255 4466 2391 4535 mei,
2416 4466 2643 4539 sintque
2673 4472 2952 4542 perpetuo
2977 4468 3214 4524 inimici.
3247 4469 3388 4525 Huic
3413 4487 3526 4544 ego
3557 4472 3682 4527 chi-

2058 4556 2373 4628 rographo,
2393 4571 2428 4610 a
2442 4572 2536 4610 me
2561 4556 2716 4612 edito
2739 4557 2798 4612 in
2817 4557 3214 4613 testimonium
3229 4558 3678 4624 benedictionis,

2057 4644 2146 4700 vel
2176 4643 2598 4700 maledictionis
2618 4661 2764 4701 mea
2777 4646 3091 4715 subscriho,
3105 4646 3430 4720 fratresque
3449 4652 3510 4704 et
3527 4647 3679 4704 ﬁlios

2057 4749 2238 4802 meos,
2267 4736 2332 4788 ut
2357 4733 2736 4804 subscribant,
2763 4751 2938 4808 rogo.

2126 4823 2246 4894 Ego
2270 4822 2543 4878 Arnulfus
2573 4823 3036 4898 archiepiscopus
3066 4823 3398 4898 subscripsi.

2124 4913 2332 4966 Actum
2366 4911 2560 4967 Remis
2603 4911 2662 4967 in
2703 4913 2938 4986 palatio,
2983 4930 3138 4970 anno
3168 4914 3340 4970 Verbi
3379 4913 3674 4972 incarnati

341 5003 500 5058 stens
526 5001 829 5074 promitto,
863 5019 968 5076 pro
1001 5003 1149 5060 bene
1177 5005 1414 5061 servatis
1448 5007 1668 5064 laturus
1713 4987 2028 5083 premiaD
2056 5002 2180 5068 989,
2239 4999 2555 5056 indictione
2613 5017 2652 5057 ιι
2700 5017 2856 5058 anno
2913 5019 2977 5058 ιιι
3019 5001 3409 5059 ordinationis
3468 5004 3674 5062 domni

340 5090 577 5146 aterna
609 5088 1056 5146 benedictionis:
1089 5090 1136 5146 si
1170 5108 1305 5148 vero
1339 5093 1513 5166 (quod
1537 5097 1695 5163 nolo,
1716 5101 1775 5154 et
1799 5101 1955 5172 quod

341 5177 507 5252 absit)
538 5179 611 5236 ab
638 5179 728 5236 his
757 5177 1079 5248 deviavero,
1099 5180 1290 5236 omnis
1317 5182 1642 5242 benedictio
1662 5203 1794 5244 mea
1815 5204 1952 5245 con-

412 5355 486 5430 (l)
527 5357 668 5416 Vide
699 5356 1014 5414 concilium
1041 5357 1324 5417 Remense
1355 5362 1495 5420 anni
1526 5368 1649 5424 987.

2053 5088 2277 5146 Arnulfi
2304 5089 2738 5162 archiepiscopi.
