3888 6218
285 463 427 538 i549
1394 503 1406 530 ο

1747 477 2132 536 PRlVlLEGlA
2143 523 2155 535 .

3470 468 3610 547 i550

357 605 401 671 -ι-
432 601 677 673 Signum
709 603 928 657 Arnulﬁ
965 602 1066 658 Dei
1096 603 1282 674 gratia
1314 600 1608 658 Remensis
1632 600 1891 655 Ecclesia
1913 605 1968 663 Α
1993 602 2299 671 prasentia
2326 603 2581 658 Lauduni
2610 604 2668 659 in
2695 606 2930 673 Pascha,
2972 605 3114 661 adiit
3140 606 3525 664 humilitatem
3552 612 3610 663 et

284 690 724 761 archiprasulis.

353 783 397 849 -ι-
429 781 672 851 Signum
706 780 1093 836 Adalberonis
1124 784 1333 835 sancta
1370 779 1763 836 Laudunensis
1794 781 1894 834 Ec-

280 869 468 923 clesia
500 870 773 941 episc0pi.

356 962 401 1027 +
432 956 678 1028 Signum
712 958 974 1013 Fulconis
1004 958 1409 1014 Ambianensis
1441 958 1713 1030 episcopi.

357 1050 402 1117 -Ῑ-
433 1048 676 1119 Signum
704 1048 937 1113 Rotgeri
971 1048 1404 1103 Catalaunensis
1429 1047 1701 1119 episcopi.

355 1140 400 1206 -ι-
426 1137 670 1208 Signum
702 1137 926 1190 Rodulﬁ
959 1136 1395 1191 Silvanectensis
1435 1136 1708 1206 episcopi.

356 1229 401 1294 οξ-
433 1224 675 1296 Signum
705 1224 941 1278 Gerardi
972 1224 1402 1279 Cameracensis
1434 1225 1706 1297 episcopi.

354 1318 399 1383 +
425 1315 672 1384 Signum
704 1313 935 1382 Rotgeri
971 1313 1323 1368 Belvacensis
1354 1315 1627 1385 episcopi.

352 1403 398 1469 -ι-
429 1402 674 1472 Signum
708 1401 982 1455 Harduini
1018 1402 1486 1473 Noviomagensis
1516 1402 1787 1475 episcopi.

352 1492 397 1559 1-
429 1492 672 1562 Signum
701 1491 961 1545 Balduini
989 1492 1364 1546 Tarvanensis
1392 1492 1670 1563 episcopi.

355 1582 400 1649 -Ῑ-
426 1579 672 1651 Signum
717 1579 964 1651 Rayneri
1012 1580 1325 1651 prapositi.
1374 1580 1430 1635 S.
1471 1581 1640 1635 Alulﬁ
1672 1581 1901 1635 vicedo-

278 1669 449 1725 mini.

357 1760 499 1813 Acta
528 1758 723 1813 Remis
754 1758 1104 1813 monasterio
1130 1762 1341 1813 sancta
1391 1758 1597 1820 Maria,
1632 1774 1786 1811 anno
1827 1757 1897 1810 ab

279 1847 690 1901 lncarnatione
722 1846 953 1911 Domini
990 1847 1171 1901 nostri
1201 1848 1330 1901 Jesu
1382 1845 1584 1900 Christi
1620 1849 1773 1911 lOl3,
1807 1845 1899 1898 in-

1995 692 2360 759 praesentiam
2390 697 2645 747 nostram
2697 694 3004 765 pradictus
3046 695 3221 750 abbas
3261 697 3424 762 Beso,
3474 695 3614 750 insi-

1995 796 2180 832 nuans
2211 798 2371 834 suam
2399 782 2903 851 necessitudinem,
2936 788 2993 837 et
3023 799 3343 854 pauperum
3380 801 3614 839 suorum

1997 869 2449 939 oppressionem,
2465 871 2881 943 obsecransque
2899 872 3199 927 humiliter
3216 878 3390 945 utpro
3406 873 3616 928 anima

1998 974 2163 1023 mea,
2198 975 2577 1031 meorumque
2614 977 3002 1016 successorum
3046 962 3329 1030 remedio,
3361 962 3615 1018 facerem

1998 1046 2067 1100 de
2092 1046 2199 1100 ista
2218 1065 2385 1101 causa
2407 1052 2464 1101 et
2484 1050 2853 1120 oppressione
2884 1050 3135 1122 aliquam
3156 1051 3614 1107 misericordiam

1997 1137 2054 1187 et
2084 1136 2493 1190 relevationem
2546 1139 2769 1192 Sancta
2799 1139 2984 1193 Maria
3036 1140 3416 1196 monasterio.
3452 1141 3618 1206 Quod

1998 1240 2131 1277 cum
2164 1224 2285 1294 regi
2312 1225 2701 1289 ostenderem,
2722 1230 2779 1280 et
2805 1244 2934 1282 cum
2967 1228 3086 1298 ejus
3106 1229 3341 1285 consilio
3366 1234 3424 1286 et
3444 1230 3616 1285 bene~

1999 1313 2593 1378 volentia,multorum
2606 1316 2778 1369 etiam
2795 1316 3080 1371 bonorum
3097 1318 3402 1374 hominum
3414 1318 3617 1391 depre-

1999 1401 2226 1456 catione
2253 1406 2565 1457 conventus
2597 1421 2802 1471 essem,
2832 1405 3168 1461 auctoritate
3189 1424 3302 1478 qua
3324 1407 3518 1475 debui,
3555 1412 3613 1463 et

2001 1489 2304 1545 devotione
2327 1508 2439 1561 qua
2459 1491 2641 1561 potui,
2661 1491 2867 1546 donavi
2899 1493 3146 1548 ecclesia
3177 1494 3450 1565 predicta
3471 1496 3613 1550 ban-

2001 1595 2142 1633 num
2166 1583 2223 1633 et
2248 1580 2571 1634 districtum
2588 1598 2760 1652 supra
2788 1581 3130 1653 scriptarum
3156 1598 3372 1651 rerum,
3399 1583 3615 1638 faciens

2000 1668 2372 1722 traditionem
2403 1685 2507 1739 per
2536 1686 2744 1724 manus
2797 1670 3089 1725 Godefridi
3138 1671 3314 1739 ducis,
3356 1672 3615 1743 ejusdem

2000 1757 2247 1810 ecclesia
2279 1758 2557 1823 advocati,
2601 1762 2884 1829 prasente
2932 1759 3108 1815 etiam
3136 1761 3353 1815 Haceca
3375 1762 3501 1833 jam
3531 1762 3616 1816 vi-

1998 1844 2131 1911 dua,
2156 1848 2213 1899 et
2232 1846 2348 1899 ﬁlio
2368 1846 2487 1916 ejus
2508 1846 2768 1914 Dodone,
2803 1847 2899 1919 qui
2922 1848 3367 1921 werpierunt(3)
3398 1848 3616 1905 ibidem

279 1934 540 1989 dictione
574 1952 672 1997 xu,
706 1952 758 1989 ιν
785 1935 915 1989 Idus
958 1935 1107 2003 Maii,
1156 1939 1440 2007 regnante
1483 1933 1894 2005 gloriosissimo
1917 1935 1968 1992 B
1999 1933 2251 1998 tertiam,
2273 1950 2398 2005 quae
2424 1934 2494 1987 de
2514 1951 2613 1988 suo
2638 1934 2917 1990 beneﬁcio
2936 1936 3208 2003 erant,ad
3230 1952 3373 2007 opus
3400 1941 3614 1993 sancta

276 2038 421 2093 rege
448 2022 800 2077 Francorum
828 2024 1125 2079 Rotberto.

355 2113 475 2183 Ego
507 2112 676 2167 Dario
708 2112 827 2166 vice
855 2111 1182 2166 cancellarii
1210 2112 1536 2183 subscripsi.

1042 2201 1132 2255 III.

778 2289 893 2344 Pro
931 2289 1109 2344 eodem
1148 2289 1393 2344 coenobio.

891 2378 1298 2450 (AnnolOlSJ

352 2468 667 2534 ABNULFL'S,
715 2466 904 2539 gratia
931 2467 1030 2522 Dei
1062 2469 1378 2522 Remorum
1411 2466 1892 2537 archiepiscopus.

357 2557 722 2613 Credibiliter
734 2573 931 2610 verum
949 2556 1194 2627 estquod
1217 2556 1353 2609 dicit
1372 2559 1568 2609 sancta
1581 2556 1894 2626 Scriptura,

279 2646 420 2719 quia
450 2645 661 2701 fiducia
689 2648 774 2699 est
798 2660 1012 2714 magna
1034 2661 1230 2698 coram
1247 2660 1478 2698 summo
1504 2646 1623 2698 Deo
1648 2645 1898 2697 eleemo-

284 2753 432 2806 syna
450 2734 791 2789 facientibus
811 2750 961 2787 eam.
980 2733 1108 2787 ideo
1141 2748 1244 2804 pro
1263 2736 1417 2786 certo
1443 2732 1729 2786 credimus
1751 2748 1892 2802 quo-

282 2824 448 2879 niam
471 2821 787 2877 maximam
802 2821 1035 2874 habebit
1055 2820 1587 2875 remunerationem
1612 2821 1706 2873 illa
1724 2821 1895 2874 mise-

277 2912 555 2978 ricordia,
581 2928 707 2982 qua
733 2913 1066 2964 sanctorum
1097 2908 1233 2961 locis
1251 2911 1308 2961 et
1330 2909 1576 2962 ecclesiis
1598 2909 1697 2962 Dei
1733 2910 1892 2963 Chri-

279 2998 471 3071 stique
490 2997 838 3071 pauperibus
853 2996 1101 3051 ﬁdeliter
1114 2995 1287 3049 fuerit
1300 2996 1897 3067 impensa.Propterea

280 3091 491 3143 notum
542 3103 663 3141 esse
711 3086 837 3139 volo
887 3088 1003 3139 tam
1052 3084 1430 3154 prasentibus
1479 3101 1651 3156 quam
1692 3084 1897 3138 futuris

281 3176 495 3233 Christi
527 3175 792 3230 ﬁdelibus
815 3177 871 3228 et
892 3173 1118 3240 nostris,
1145 3177 1590 3243 nostrorumque
1614 3190 1897 3227 successo-

1996 2022 2186 2076 Maria
2211 2026 2486 2093 perpetuo
2511 2023 2846 2077 habendum
2869 2028 2926 2077 et
2940 2024 3131 2094 quiete
3156 2024 3571 2095 possidendum
3596 2041 3611 2093 ;

1997 2114 2061 2166 ut
2088 2110 2353 2165 homines
2377 2113 2589 2165 sancta
2618 2111 2807 2166 Maria
2837 2111 2896 2165 in
2941 2112 3215 2179 Mosomo,
3248 2113 3334 2167 vel
3380 2113 3611 2170 Flabeio

1998 2203 2320 2267 manentes,
2343 2202 2427 2254 vel
2456 2200 2722 2273 deinceps
2750 2200 3133 2272 undecunque
3155 2200 3233 2255 ibi
3265 2217 3504 2257 manere
3524 2218 3616 2259 ve-

1998 2288 2243 2353 nientes,
2278 2288 2460 2342 nullas
2506 2289 2857 2343 constumias
2889 2288 2959 2360 (4)
2991 2288 3158 2344 alicui
3186 2289 3493 2347 hominum
3520 2290 3611 2348 vel

1996 2376 2265 2447 potestati
2291 2376 2523 2443 faciant,
2558 2376 2663 2430 nisi
2712 2376 2905 2431 abbati
2959 2379 3017 2431 et
3053 2378 3353 2434 monachis
3384 2379 3611 2435 Sancta

1996 2464 2204 2531 Maria,
2222 2481 2327 2518 nec
2349 2464 2556 2538 placita
2568 2465 2892 2531 observent,
2914 2481 3019 2520 nec
3032 2465 3249 2537 vigilias
3260 2466 3610 2537 custodiant,

1999 2569 2105 2606 nec
2122 2554 2299 2607 lectos
2320 2554 2640 2625 praebeant,
2663 2553 2768 2607 nisi
2791 2554 2863 2608 ad
2885 2554 3178 2610 servitium
3200 2556 3470 2613 ecclesia.
3487 2556 3614 2621 Qua

1998 2641 2309 2695 traditione
2331 2642 2666 2696 solemniter
2684 2642 2929 2709 facta,et
2956 2643 3149 2698 hanno
3180 2645 3282 2699 sub
3306 2646 3615 2716 praesentia

1996 2730 2148 2801 regis
2192 2731 2450 2785 Rotberti
2482 2731 2745 2803 legaliter
2775 2731 3067 2803 imposito,
3102 2749 3175 2788 ne
3205 2733 3409 2806 aliquis
3433 2734 3612 2790 homo

1996 2818 2103 2872 hoc
2128 2819 2447 2889 infringere
2480 2824 2856 2889 praesumeret
2876 2819 3210 2892 aliquando,
3234 2822 3411 2877 etiam
3438 2821 3513 2877 ad
3530 2823 3615 2877 fu-

1996 2909 2261 2961 turorum
2296 2910 2643 2967 memoriam
2665 2912 2723 2962 et
2739 2909 2989 2964 ecclesia
3020 2910 3351 2965 libertatem
3379 2927 3615 2966 conser-

1997 2994 2269 3063 vandam,
2302 2997 2658 3051 auctoritatis
2696 3000 2906 3052 nostra
2954 2998 3231 3069 scriptum
3258 2999 3526 3071 imposui,
3558 3003 3617 3055 et

1996 3084 2227 3153 signare
2258 3083 2387 3149 feci,
2421 3084 2747 3139 admonens
2794 3102 2861 3139 ex
2906 3089 3071 3157 parte
3119 3086 3219 3142 Dei
3264 3103 3618 3143 successores

1998 3172 2225 3224 nostros
2253 3175 2329 3237 ut,
2350 3170 2606 3225 sicutsua
2618 3175 2829 3227 statuta
2849 3174 3227 3230 ecclesiastice
3245 3175 3398 3232 facta
3420 3176 3621 3231 volunt

279 3265 466 3331 ribus,
496 3264 653 3335 quod
678 3280 787 3333 ego
810 3263 869 3317 in
900 3263 998 3316 Dei
1017 3262 1256 3316 nomine
1274 3263 1895 3329 Arnulfus,Remorum
1922 3282 1970 3342 ρ
1998 3259 2271 3314 inviolata
2301 3276 2561 3324 manere,
2594 3261 2670 3314 sic
2700 3261 2870 3331 hujus
2909 3267 3123 3318 nostra
3153 3264 3532 3321 donationem
3562 3267 3622 3321 et

281 3354 475 3427 gratia
506 3352 607 3406 Dei
655 3350 1132 3421 archiepiscopus,
1175 3366 1279 3420 per
1307 3349 1607 3403 consilium
1640 3350 1898 3404 Rotberti

283 3441 443 3514 regis
464 3441 839 3506 Francorum,
856 3442 911 3492 et
934 3438 1249 3491 multorum
1271 3436 1526 3491 ﬁdelium
1544 3442 1897 3507 nostrorum,

286 3530 543 3589 ecclesia
574 3532 787 3582 sancta
820 3527 919 3582 Dei
949 3525 1245 3580 Genitricis
1285 3526 1474 3579 Maria
1524 3526 1777 3594 Mosomi,
1812 3545 1897 3582 se-

283 3621 543 3683 cundum
576 3618 753 3672 etiam
785 3616 939 3687 quod
980 3631 1013 3668 a
1044 3613 1463 3687 praedecessore
1494 3631 1624 3669 meo
1655 3617 1899 3670 Adulbe-

282 3725 432 3765 rone
456 3706 822 3762 devotissime
849 3706 1063 3757 factum
1080 3702 1287 3768 fuerat,
1309 3718 1410 3772 per
1429 3702 1901 3772 deprecationem

282 3796 527 3853 Bosonis
558 3794 783 3848 abbatis
814 3792 1072 3862 ejusdem
1104 3790 1234 3857 loci,
1268 3790 1534 3860 quadam
1582 3791 1735 3845 bona
1774 3810 1902 3863 qua

277 3886 428 3960 juris
457 3882 641 3939 nostri
673 3885 840 3935 erant
868 3879 1316 3934 misericorditer
1339 3878 1565 3945 indulsi,
1606 3883 1671 3933 ut
1698 3897 1902 3935 mona-

285 3976 427 4030 chos
448 3972 590 4028 inibi
613 3972 732 4025 Deo
752 3969 1064 4024 servientes
1083 3972 1281 4022 nostra
1301 3968 1667 4022 sublevarent
1693 3969 1907 4023 beneﬁ-

284 4066 396 4132 cia,
413 4066 698 4135 quatenus
714 4058 926 4113 anima
940 4061 1149 4111 nostra
1165 4060 1619 4111 etsuccessorum
1637 4074 1903 4113 meorum

283 4150 573 4213 remedio,
590 4153 800 4203 sancta
819 4146 1007 4201 Mariae
1031 4151 1091 4203 et
1111 4162 1403 4200 servorum
1433 4146 1553 4216 ejus
1574 4147 1904 4201 subveniret

287 4241 497 4298 oratio.
525 4241 602 4294 De
626 4238 784 4308 cujus
804 4237 971 4290 rebus
993 4234 1434 4289 illimonasterio
1460 4239 1591 4288 tunc
1612 4235 1901 4306 pertinere

284 4328 661 4393 debentibus,
686 4342 816 4380 cum
845 4328 1014 4379 antea
1048 4326 1230 4378 multo
1259 4328 1519 4394 tempore
1542 4325 1787 4378 Romam
1808 4343 1901 4398 pe-

284 4419 534 4484 tiissem,
582 4419 638 4471 et
672 4414 1013 4486 pradictum
1043 4413 1308 4467 abbatem
1342 4430 1570 4467 mecum
1598 4414 1896 4481 haberem,

1999 3352 2273 3403 statutum
2288 3348 2667 3418 eleemosyna
2684 3350 2838 3404 nullo
2854 3349 3087 3421 ingenio
3103 3352 3394 3423 patiantur
3407 3354 3624 3410 rescin-

2001 3437 2057 3492 di
2078 3438 2160 3491 vel
2180 3436 2375 3491 violari
2400 3436 2592 3507 aliqua
2611 3436 2857 3493 ratione.
2875 3437 3156 3493 Omnibus
3177 3456 3314 3495 vero
3338 3458 3483 3513 quos
3512 3458 3616 3497 no-

2001 3529 2131 3581 stra
2168 3525 2493 3580 auctoritati
2523 3524 2812 3579 vinculum
2854 3525 3059 3581 Christi
3086 3527 3395 3600 subjugare
3421 3528 3617 3599 debet,

2002 3614 2327 3681 comitibus,
2335 3614 2436 3685 jud
2448 3613 2641 3681 icibus,
2657 3614 2999 3685 prapositis,
3014 3615 3251 3671 diversis
3270 3616 3446 3674 etiam
3459 3622 3621 3690 poteo

2003 3704 2262 3771 statibus,
2295 3704 2397 3757 sub
2424 3704 2792 3759 anathemate
2824 3703 3028 3758 Christi
3060 3708 3117 3759 et
3148 3704 3323 3760 totius
3352 3706 3619 3763 Ecclesia

2004 3793 2371 3849 interdictum
2417 3792 2709 3861 facientes,
2742 3809 3149 3849 ammonemus
3180 3797 3243 3849 ut
3273 3796 3431 3851 nullo
3462 3795 3623 3869 inge-

2007 3883 2126 3950 nio,
2159 3883 2319 3937 nulla
2344 3882 2591 3950 ratione,
2616 3883 2773 3937 nulla
2793 3882 3100 3954 cupiditate
3122 3882 3621 3956 subripiente,hoc

2008 3970 2304 4027 decretum
2361 3974 2717 4041 prasumant
2766 3971 3085 4044 infringere
3148 3973 3237 4028 vel
3298 3989 3619 4031 removere.

2007 4058 2172 4124 Quod
2202 4061 2244 4114 si
2276 4062 2465 4115 facere
2490 4060 2979 4133 prasumpserint,
3011 4077 3142 4115 cum
3166 4062 3312 4118 Juda
3340 4062 3621 4120 traditam

2005 4149 2235 4203 Domini
2267 4151 2601 4220 subjaceant
2624 4155 2855 4205 aterna
2886 4149 3299 4207 maledictioni.
3327 4150 3468 4221 Fiat,
3495 4152 3617 4209 ﬁat.

2075 4239 2117 4305 οι-
2149 4237 2393 4309 Signum
2422 4240 2643 4296 Arnulﬁ
2674 4240 2776 4295 Dei
2805 4239 2992 4313 gratia
3026 4240 3329 4297 Remensis
3357 4240 3619 4299 Ecclesia

2002 4324 2156 4379 archi
2167 4327 2441 4392 prasulis.

2072 4415 2114 4480 δὲ
2145 4413 2390 4483 Signum
2420 4415 2803 4473 Adalberonis
2833 4420 3043 4474 sancta
3086 4416 3480 4473 Laudunensis
3514 4419 3617 4474 Ec-

290 4481 635 4580 deprecatus
648 4481 774 4559 sum
798 4502 1113 4567 humiliter,
1133 4506 1189 4555 et
1211 4502 1430 4556 obtinui
1454 4520 1487 4557 a
1512 4503 1645 4557 sede
1676 4508 1900 4575 aposto-
1923 4481 1978 4541 D
1999 4503 2182 4559 clesia
2213 4481 2484 4573 epiSCOpi.

285 4600 497 4665 lica,ut
531 4596 623 4649 ille
645 4596 801 4649 locus
821 4592 1055 4647 Mosomi
1090 4593 1367 4646 Romana
1395 4593 1750 4647 auctoritatis
1776 4612 1897 4649 me-

285 4691 451 4746 retur
468 4686 683 4741 habere
707 4682 1029 4754 privilegia;
1064 4682 1268 4753 quibus
1290 4682 1555 4752 acceptis,
1588 4685 1644 4738 et
1682 4684 1902 4756 aliquot

290 4775 730 4835 decurrentibus
742 4771 1113 4835 annis,nostri
1129 4771 1379 4825 minister
1393 4770 1529 4825 iales
1542 4772 1610 4826 de
1622 4773 1897 4841 Mosomo,

291 4870 353 4922 et
370 4866 597 4937 judices
626 4863 697 4916 de
728 4862 957 4915 castello
990 4862 1288 4930 caperunt
1332 4859 1495 4913 illum
1526 4861 1713 4914 locum
1750 4880 1899 4934 sape

292 4956 627 5013 molestare,
671 4954 729 5003 et
771 4952 1049 5019 tanquam
1094 4964 1159 5001 ex
1204 4950 1400 5001 nostra
1428 4949 1770 5003 rectitudine
1799 4967 1901 5021 per

290 5044 555 5099 bannum
590 5043 648 5094 et
677 5037 996 5093 districtum
1038 5040 1300 5089 nostrum
1332 5036 1565 5090 suborta
1604 5039 1900 5096 occasione

294 5130 577 5203 plurimas
606 5127 843 5197 injurias
872 5125 1089 5188 facere;
1128 5125 1263 5195 quia
1319 5125 1648 5179 hominibus
1677 5127 1901 5184 Sancta

292 5218 482 5275 Maria
516 5217 576 5270 in
620 5217 869 5268 Mosomo
930 5216 987 5266 et
1033 5213 1260 5266 Flabeio
1291 5212 1504 5285 (Flaba)
1538 5217 1904 5271 manentibus

295 5321 528 5363 necesse
545 5307 667 5358 erat
689 5301 925 5373 gemina
948 5300 1158 5371 placita
1180 5301 1488 5369 custodire,
1514 5307 1570 5357 et
1585 5304 1803 5374 vigilias
1832 5306 1904 5359 ad

295 5399 548 5452 castrum
572 5393 783 5457 facere,
812 5394 868 5445 et
884 5390 943 5444 in
965 5389 1168 5443 dandis
1185 5390 1364 5457 lectis,
1390 5393 1476 5445 vel
1498 5393 1622 5447 aliis
1640 5395 1904 5465 negotiis,

294 5484 528 5543 servitia
546 5481 828 5556 prabere.
852 5479 965 5535 Ilac
996 5479 1066 5534 de
1087 5494 1277 5546 causa,
1298 5495 1430 5535 cum
1461 5497 1644 5537 essem
1672 5482 1730 5538 in
1758 5485 1910 5557 regis

369 5754 448 5831 (3)
485 5752 734 5827 Werpire
759 5752 848 5808 vel
863 5753 1130 5824 guerpire,
1160 5749 1565 5811 abandonner.

2068 4594 2111 4661 -ί-
2146 4589 2389 4661 Signum
2416 4591 2678 4648 Fulconis
2707 4594 3108 4652 Ambianensis
3136 4594 3409 4669 episcopi.

2069 4682 2112 4749 σι-
2143 4678 2389 4749 Signum
2410 4678 2647 4735 Gerardi
2670 4681 3097 4740 Cameracensis
3119 4684 3388 4757 episcopi.

2070 4770 2114 4836 +
2140 4766 2383 4837 Signum
2416 4767 2648 4837 Rotgeri
2682 4768 3111 4828 Catalaunensis
3141 4772 3413 4845 episcopi.

2072 4858 2317 4928 Signum
2376 4855 2665 4910 Godefridi
2698 4856 2877 4927 ducis,
2917 4861 3177 4932 ejusdem
3225 4860 3483 4918 Ecclesia
3515 4854 3615 4919 ad-

1999 4947 2203 5005 vocati.

2074 5036 2317 5107 Signum
2346 5032 2864 5106 Dudonis,signum
2890 5037 3103 5095 Odonis
3128 5041 3374 5111 comitis,
3389 5042 3620 5115 signum

2007 5124 2289 5196 Hilgaudi,
2314 5125 2540 5195 signum
2567 5124 2755 5191 Alulﬁ,
2774 5126 3235 5185 archidiaconiet
3253 5132 3619 5203 vicedomini,

2075 5216 2278 5267 Actum
2294 5212 2549 5267 Lauduni
2570 5213 2627 5266 in
2643 5215 2996 5269 monasterio
3009 5222 3221 5273 sancta
3233 5221 3442 5289 Maria,
3467 5238 3622 5277 anno

2007 5302 2078 5357 ab
2110 5300 2510 5355 lncarnatione
2556 5302 2785 5356 Domini
2819 5303 2997 5358 nostri
3043 5306 3170 5359 Jesu
3226 5308 3431 5365 Christi
3466 5313 3625 5379 1018,

2008 5390 2328 5446 indictione
2360 5406 2399 5456 ι,
2433 5397 2715 5463 regnante
2745 5393 3019 5449 Rotberto
3069 5409 3206 5465 rege
3251 5396 3625 5453 Francorum“.

2082 5480 2201 5551 Ego
2233 5478 2294 5533 in
2318 5478 2420 5533 Dei
2450 5481 2687 5537 nomine
2718 5481 2901 5539 Bardo
2933 5481 3304 5539 cancellarius
3332 5485 3554 5557 scripsi.

2089 5756 2171 5832 (4)
2198 5754 2560 5826 C'omtumias,
2583 5757 2796 5815 service
2820 5755 2994 5814 etabli
3020 5771 3126 5830 par
3152 5757 3210 5814 la
3234 5759 3531 5817 coutume.
