3888 6218
241 478 372 534 1553

764 472 1220 530 CONSTANTINI
1276 472 1337 532 S.
1392 472 1864 531 SYMPHORIANI
1915 472 2203 531 ABBATIS
2246 473 2409 533 νιΤΑ
2452 474 2938 535 ADALBERONIS
2971 476 3041 535 II.

3426 483 3448 538 1
3459 481 3562 538 δδι

241 578 3558 607 Wm—

1336 707 1954 835 INCIPIT
2027 708 2459 835 VITA.

318 1052 367 1104 l.
398 1047 686 1103 Adalbero
724 1053 742 1089 ι
785 1047 1003 1100 sanctas
1034 1043 1219 1100 Mettis
1251 1041 1593 1098 venerabilis
1626 1043 1854 1115 praesul,
1880 1045 1932 1103 A
1961 1044 2035 1098 ad
2080 1041 2515 1099 reformandam
2565 1042 2624 1098 in
2681 1044 2903 1117 populis
2940 1061 3144 1119 pacem
3199 1043 3377 1102 totius
3415 1044 3571 1119 pacis

245 1138 449 1209 magni
480 1135 856 1193 Adalberonis
884 1134 1173 1190 fratruelis
1219 1132 1349 1205 (15),
1408 1133 1538 1187 licet
1594 1137 1856 1202 tempore

243 1227 510 1294 inferior,
554 1226 687 1282 licet
716 1228 844 1296 post
876 1228 1060 1295 natus,
1096 1222 1304 1278 merito
1330 1226 1387 1277 et
1416 1221 1615 1293 gratia:
1634 1221 1858 1293 privile-

245 1316 366 1389 gio,
398 1332 529 1370 vere
559 1315 831 1381 fatemur,
867 1330 985 1367 non
1012 1313 1220 1383 impar,
1253 1311 1437 1383 gloria
1466 1311 1674 1381 luxque
1697 1310 1863 1364 decu-

249 1422 391 1477 sque
420 1421 553 1460 cum
585 1420 823 1460 suorum
852 1433 922 1443 —
951 1405 1214 1456 nostrum
1255 1400 1500 1455 dicimus
1527 1431 1595 1440 —
1627 1403 1751 1454 tum
1782 1402 1866 1453 to-

247 1494 361 1549 tius
384 1493 607 1565 patriaa,
632 1493 705 1547 ad
730 1493 838 1546 hoc
870 1490 1135 1546 omnium
1164 1507 1393 1561 quaqua
1448 1488 1602 1543 orbis
1647 1488 1865 1558 degen-

250 1582 420 1650 tium,
453 1598 637 1653 genus
665 1581 738 1636 ab
763 1579 966 1634 attavis
994 1588 1016 1621 ι
1042 1581 1100 1633 et
1130 1594 1303 1649 supra
1330 1577 1696 1632 nobillimum
1720 1586 1865 1644 8,36-

252 1688 365 1743 que
390 1687 607 1742 suoque
628 1668 870 1742 praemio
924 1667 1167 1723 omnino
1221 1683 1561 1739 perornans,
1624 1665 1866 1721 omnino

252 1761 630 1832 perlustrans,
666 1758 804 1813 dum
854 1757 989 1811 vixit
1044 1756 1317 1827 splendor
1365 1754 1757 1827 gaudiumque
1790 1757 1866 1821 et,

258 1849 335 1904 ad
358 1847 781 1904 conservandas
808 1863 901 1901 res
926 1846 1200 1917 publicas,
1225 1861 1354 1916 spes
1382 1844 1579 1899 salutis
1615 1846 1672 1898 et
1719 1843 1869 1906 vitas,

252 1935 644 1992 nonodecimo
675 1934 964 1989 Kalendas
991 1932 1247 1987 Januarii
1302 1933 1440 1986 dum
1490 1930 1759 1997 decessit,
1792 1933 1873 1986 lu-

253 2028 379 2080 ctus
410 2025 506 2097 qui
533 2024 643 2078 dici
670 2040 787 2079 non
821 2024 1060 2094 possunt
1090 2021 1321 2094 reliquit
1360 2022 1470 2087 his,
1519 2021 1726 2092 quibus
1774 2020 1873 2075 ab-

251 2130 469 2170 scessus
500 2114 621 2185 ejus
647 2114 903 2167 tenebrae
958 2114 1192 2166 aeterna:
1249 2110 1549 2181 caligoque
1597 2112 1877 2182 perpetua

252 2204 487 2269 abhinc,
520 2203 666 2275 proh
698 2200 894 2256 dolori
932 2202 1277 2272 perseverat.
1308 2200 1405 2253 Hic
1430 2199 1666 2253 nomine
1707 2202 1765 2253 et
1794 2198 1874 2252 vi-

248 2294 324 2347 tae
360 2291 510 2363 grati
544 2307 790 2360 magnus
818 2290 890 2344 ad
922 2289 1126 2344 mundi
1152 2292 1487 2361 provectum
1524 2292 1582 2342 et
1606 2287 1875 2342 secclesiae

247 2379 713 2436 stabilimentum
762 2380 1116 2450 procreatus,
1181 2379 1345 2447 patre
1406 2375 1713 2442 Friderico,
1777 2374 1874 2446 qui

248 2468 445 2525 Gallia:
486 2466 771 2522 medianas
811 2466 943 2533 dux,
974 2464 1398 2537 generositatis
1456 2463 1793 2519 excellentia
1818 2465 1876 2516 et

250 2556 552 2630 sapientiae
583 2555 992 2627 praeminentia
1024 2556 1235 2609 multos
1266 2554 1755 2626 prmdecessorum
1784 2550 1873 2605 .in
1897 2537 1945 2594 Β

252 2646 314 2701 id
342 2644 517 2700 officii
555 2644 866 2715 superavit,
894 2646 1079 2698 matre
1104 2642 1382 2709 Beatrice,
1408 2659 1535 2714 qua:
1560 2641 1751 2713 Magni
1774 2640 1877 2694 Hu-

255 2731 429 2806 gonis
458 2730 577 2785 filia
606 2730 734 2797 fuit,
770 2730 1104 2803 progenitus
1138 2733 1242 2797 est,
1282 2732 1338 2783 et
1388 2732 1612 2783 tantam
1640 2733 1875 2799 tamque

258 2818 526 2876 inclitam
555 2817 770 2873 lineam
798 2830 818 2859 ι
850 2817 1080 2889 generis
1111 2834 1232 2871 non
1264 2818 1440 2872 modo
1483 2832 1601 2871 non
1633 2816 1878 2870 infama-

254 2908 364 2976 vit,
399 2924 599 2962 verum
631 2908 779 2961 ultra
810 2923 985 2979 quam
1033 2910 1119 2960 est
1163 2906 1375 2973 dicere,
1409 2907 1555 2959 ultra
1586 2922 1760 2976 quam
1794 2909 1879 2960 est

254 2998 437 3070 digne
486 2996 773 3062 meditari,
828 2996 1094 3051 decoram
1162 2995 1415 3050 reddidit
1462 2998 1519 3048 et
1565 2993 1875 3066 insignem,

257 3088 406 3143 dum
441 3084 821 3141 Adalberonis
849 3085 965 3139 vita
995 3084 1306 3157 purissima
1328 3088 1384 3139 et
1407 3083 1673 3155 gloriosa,
1708 3085 1881 3155 prout

256 3178 377 3235 fert
406 3175 682 3231 instantia
711 3175 1011 3247 temporis,
1032 3174 1258 3246 populis
1284 3173 1881 3245 enarratur,gentibus

257 3267 334 3322 ad
367 3265 470 3320 Dei
497 3268 554 3319 et
575 3263 781 3320 Christi
807 3264 928 3335 ejus
968 3263 1197 3319 Domini
1248 3262 1426 3318 nostri
1476 3262 1722 3335 gloriam
1755 3278 1884 3333 pro-

258 3352 587 3409 nuntiatur.

332 3445 387 3497 2.
414 3439 563 3506 Quid
585 3443 779 3496 autem
816 3439 1021 3512 egerit,
1044 3440 1117 3494 ad
1149 3438 1289 3511 quid
1346 3442 1512 3493 natus
1562 3439 1653 3509 sit,
1702 3438 1885 3511 qualis

256 3530 699 3602 vixerit,paucis
739 3530 929 3586 dicere
967 3529 1284 3601 cupientes,
1318 3528 1659 3583 intimamus
1685 3529 1885 3584 audire

255 3620 841 3687 volenti,amatorem
863 3636 997 3675 eum
1020 3636 1086 3673 ex
1108 3617 1297 3673 cordis
1322 3618 1655 3687 integritate
1682 3635 1745 3671 ac
1769 3618 1887 3673 ani.

256 3709 341 3765 mi
369 3709 626 3764 maxima
650 3708 945 3763 alacritate
974 3707 1059 3761 sui
1082 3724 1145 3760 ex
1170 3707 1334 3762 cunis
1359 3706 1530 3760 fuisse
1548 3706 1884 3776 conditoris,

256 3799 597 3870 proximum
627 3815 692 3853 ex
726 3798 918 3852 divino
955 3800 1248 3869 praecepto
1310 3795 1551 3850 omnino
1604 3795 1884 3860 dilexisse,

1965 1134 2193 1188 amator
2214 1133 2498 1188 Adalbero
2529 1149 2743 1205 genere
2782 1137 2841 1188 et
2873 1138 3071 1190 mente
3110 1134 3496 1192 nobilissimus
3523 1143 3569 1205 ⁸,

1962 1224 2310 1292 procurante
2341 1225 2397 1275 et
2428 1224 2803 1291 procurrente
2832 1226 3018 1278 matre
3036 1224 3314 1292 Beatrice,
3341 1224 3570 1280 favente

1965 1309 2205 1365 domina
2238 1309 2549 1364 Adelheide
2565 1314 2825 1381 augusta,
2842 1312 3021 1384 prolis
3045 1313 3229 1369 adhuc
3241 1313 3573 1370 tenerrima:

1963 1398 2107 1466 avia,
2143 1399 2298 1470 quod
2324 1401 2516 1454 autem
2546 1399 2802 1471 primum
2824 1400 3111 1455 bonarum
3138 1416 3334 1457 rerum
3352 1404 3573 1473 postre-

1966 1504 2245 1559 mumque
2267 1491 2372 1555 est,
2401 1488 2517 1543 Deo
2550 1487 2791 1543 omnino
2819 1492 3136 1557 annuente,
3162 1490 3306 1545 votis
3341 1491 3579 1562 populo-

1966 1593 2098 1631 rum
2126 1578 2184 1631 et
2212 1578 2536 1631 seculorum
2565 1576 2957 1633 famosissima
3002 1577 3157 1633 Metti
3216 1580 3425 1649 prasul
3472 1580 3583 1636 ele-

1968 1668 2132 1720 vatur
2162 1669 2220 1719 et
2251 1665 2618 1721 constituitur
2648 1666 2739 1721 die
2773 1669 2836 1722 17
2868 1666 3273 1722 Kal.Novemb.
3294 1683 3450 1724 anno
3470 1668 3583 1725 Du-

1968 1753 2197 1810 minicae
2225 1754 2642 1810 incarnationis
2671 1757 2775 1812 984
2803 1763 2825 1798 ο
2854 1754 3173 1812 indictione
3204 1759 3335 1813 12⁷.

2046 1939 2076 1991 3
2132 1934 2272 1990 Mira
2294 1950 2428 1989 vero
2450 1932 2553 1989 Dei
2579 1936 2640 1988 et
2667 1932 2902 1989 Domini
2925 1933 3109 1989 nostri
3148 1933 3356 2006 gratia,
3396 1936 3457 1991 et
3484 1951 3588 2007 po-

1978 2025 2177 2082 tentiae
2200 2024 2437 2096 antiqua
2451 2023 2839 2096 virtute,quod
2859 2027 2946 2079 est
2957 2023 3111 2079 dictu
3130 2022 3418 2093 mirabile,
3436 2024 3593 2097 prin-

1978 2117 2172 2187 cipum
2204 2115 2302 2169 illa
2331 2113 2616 2169 discordia
2637 2130 2812 2186 quam
2842 2114 3126 2187 putabant
3154 2130 3272 2169 non
3310 2113 3433 2169 sine
3456 2132 3592 2170 ma-

1977 2206 2104 2278 gnis
2126 2203 2391 2276 periculis
2422 2220 2526 2259 nec
2556 2202 2852 2275 sanguinis
2882 2211 2904 2246 8
2934 2204 3119 2259 multa
3154 2202 3430 2260 effusione
3461 2222 3590 2260 um-

1978 2311 2152 2366 quam
2175 2293 2555 2360 evadendam,
2579 2292 2658 2347 sic
2684 2292 2905 2361 sedata,
2928 2292 3009 2347 sic
3038 2293 3113 2347 ad
3144 2291 3323 2348 nichil
3360 2293 3594 2349 redacta

1977 2386 2082 2449 est,
2146 2385 2208 2436 ut
2249 2398 2341 2436 res
2365 2382 2489 2453 jam
2519 2380 2580 2436 in
2621 2380 2798 2436 armis
2837 2380 3166 2449 constituta,
3199 2381 3272 2437 ad
3308 2381 3595 2437 unitatem

1979 2470 2143 2527 electi
2158 2469 2434 2542 principis
2445 2473 2504 2525 et
2518 2469 2590 2525 ad
2608 2467 3053 2524 diuturnitatem
3074 2485 3224 2525 verte
3256 2469 3434 2541 pacis,
3464 2486 3594 2541 quin

1978 2559 2256 2632 quamdiu
2284 2558 2420 2612 vixit
2452 2558 2718 2630 princeps
2734 2557 2892 2612 idem
2911 2557 3156 2626 duravit,
3176 2557 3597 2630 perfectissima

1977 2649 2167 2716 rediit,
2195 2649 2333 2702 dum
2348 2646 2492 2702 votis
2513 2646 2774 2701 fidelium
2815 2646 3103 2703 Adalbero
3128 2646 3191 2702 in
3220 2648 3376 2702 hunc
3405 2645 3596 2719 digni-

1978 2736 2112 2791 tatis
2138 2733 2481 2806 pontiﬁcalis
2503 2733 2750 2805 gradum
2781 2733 2917 2788 felix
2964 2732 3242 2789 ascendit.
3300 2735 3440 2789 Acta
3463 2736 3599 2791 sunt

1978 2825 2100 2879 haec
2132 2822 2392 2877 felicibus
2435 2820 2699 2893 auspiciis
2747 2821 3088 2878 Wormacias
3137 2820 3305 2894 (circa
3351 2827 3456 2877 act.
3485 2823 3596 2893 20),

1980 2910 2276 2983 quondam
2330 2908 2549 2980 Vangio
2595 2908 2782 2977 dictae,
2813 2926 2926 2981 quo
2956 2908 3239 2965 exercitus
3286 2908 3598 2966 Galliarum

1980 2997 2403 3067 Germaniaque
2416 3012 2550 3067 pars
2566 2996 2639 3050 ad
2662 2996 2976 3052 favendum
2993 3013 3172 3069 puero
3186 2995 3453 3069 principi,
3467 3012 3600 3069 pars

1981 3089 2045 3141 ut
2074 3086 2385 3145 resisteret,
2409 3088 2771 3139 concesserat
2792 3084 2928 3157 (17).
2964 3085 3079 3141 Sed
3107 3084 3472 3141 Adelberone
3495 3085 3599 3141 ha-

1982 3175 2094 3231 culi
2125 3172 2427 3246 pastoralis
2440 3173 2655 3227 donato
2667 3173 3074 3245 honore,regi,
3106 3190 3279 3246 quem
3306 3174 3455 3230 Deus
3483 3175 3601 3230 ele-

1983 3266 2146 3337 gerat
2163 3266 2226 3317 ut
2243 3261 2591 3328 eratvidere,
2611 3261 2708 3332 qui
2723 3262 2897 3333 paulo
2916 3264 3052 3317 ante
3065 3262 3399 3319 restiterant
3414 3263 3602 3335 magis

1981 3354 2151 3424 hujus
2182 3350 2335 3406 beati
2370 3349 2591 3405 meritis
2612 3352 2743 3420 post
2762 3351 2889 3420 plus
2907 3367 3124 3422 pronos
3149 3351 3222 3408 ad
3233 3351 3600 3408 serviendum

1983 3458 2104 3498 sese
2133 3439 2436 3511 inpingere
2459 3436 2833 3507 festinabant,
2865 3441 2924 3493 et
2955 3438 3153 3494 fideles
3208 3438 3335 3494 fore
3391 3439 3600 3496 abhinc

1985 3531 2045 3587 in
2075 3531 2370 3602 posterum
2428 3526 2807 3582 devovebant.
2861 3525 3010 3591 Quid
3061 3525 3352 3599 amplius?
3378 3527 3599 3582 Pacatis

1985 3621 2158 3676 rebus
2181 3616 2377 3688 regiis,
2406 3615 2793 3687 tranquillatis
2821 3614 3039 3670 cunctis
3064 3614 3220 3687 regis
3252 3614 3386 3671 novi
3423 3632 3601 3688 nego-
3692 3629 3703 3637 ·

1990 3708 2102 3776 tiis,
2132 3706 2378 3773 Beatrix,
2409 3721 2536 3777 quae
2567 3703 2737 3775 hujus
2767 3703 2925 3775 pacis
2947 3703 3321 3776 propagatrix
3353 3705 3471 3760 Deo
3500 3720 3601 3759 an-

1991 3799 2208 3853 nuente
2233 3794 2516 3860 extiterat,
2542 3795 2599 3847 et
2620 3792 2779 3863 cujus
2806 3791 3087 3847 industria
3120 3795 3242 3848 tam
3281 3791 3469 3848 subita
3495 3792 3601 3848 mi-

256 3886 694 3943 inﬁrmantium
722 3902 961 3957 corpore
994 3886 1106 3940 sive
1140 3885 1313 3939 corde
1335 3884 1545 3950 usibus,
1560 3886 1623 3938 ut
1638 3883 1743 3937 sibi
1760 3883 1887 3955 ipsi,
1916 3860 1963 3919 C
1991 3887 2154 3940 litum
2171 3888 2228 3939 et
2245 3882 2568 3956 principum
2591 3881 2650 3936 in
2668 3897 2868 3953 regem
2887 3880 3279 3937 confederatio
3300 3881 3454 3937 facta
3473 3881 3597 3937 fue-

258 3992 493 4049 semper
520 3975 1018 4040 condescendisse,
1045 3977 1411 4027 mortuorum
1429 3972 1736 4044 sepulturis
1762 3971 1892 4025 assi-

259 4066 400 4134 due,
433 4065 576 4120 dum
622 4081 853 4119 necesse
883 4068 1026 4131 erat,
1058 4064 1326 4128 astitisse,
1383 4066 1439 4117 et
1493 4064 1555 4115 ut
1609 4062 1893 4115 succincte

257 4157 451 4210 multa
467 4154 678 4221 dicam,
709 4170 840 4207 eam
871 4153 979 4208 sibi
1010 4154 1196 4224 legem
1235 4153 1436 4206 beatus
1475 4154 1774 4216 statuerat,
1810 4153 1889 4220 ut,

259 4259 614 4317 quocunque
645 4241 896 4305 veniret,
929 4242 1020 4295 lux
1043 4242 1293 4313 quedam
1325 4239 1542 4293 venisse
1571 4241 1628 4293 et
1649 4254 1776 4309 spes
1805 4255 1893 4293 sa-

260 4333 400 4388 lutis
420 4331 732 4397 videretur,
754 4347 1102 4401 semperque
1128 4330 1199 4383 ad
1233 4327 1426 4383 divina
1448 4328 1724 4382 mandata
1757 4343 1894 4380 con-

261 4421 554 4478 servanda
585 4424 643 4475 et
671 4420 954 4474 fratribus
987 4419 1145 4474 utilia
1158 4418 1526 4490 praavidenda
1543 4417 1899 4472 seanimum-

265 4528 383 4585 que
395 4526 565 4565 suum
590 4508 986 4564 intentissime
1004 4508 1289 4580 piissimus
1311 4507 1692 4579 praeparabat.
1710 4506 1900 4562 Scola-

262 4601 429 4655 ribus
452 4598 770 4669 disciplinis
833 4599 985 4669 apud
1027 4598 1395 4667 Gurgitenses
1434 4598 1540 4667 (i6)
1583 4597 1895 4652 castissime

265 4688 517 4744 detritus
548 4689 605 4741 et
629 4686 941 4753 institutus,
962 4687 1107 4741 'dum
1134 4689 1262 4757 post
1283 4688 1533 4740 mortem
1553 4686 1785 4740 secundi
1806 4687 1897 4742 Ot-

262 4778 422 4831 tonis
453 4774 567 4829 divi
592 4774 961 4845 imperatoris
1002 4777 1120 4844 (an.
1160 4774 1306 4843 984),
1368 4776 1427 4827 et
1461 4790 1592 4828 casu
1624 4776 1803 4845 patris
1838 4778 1896 4830 et

261 4865 521 4919 orbitate
555 4865 868 4918 immatura
895 4864 1016 4930 ﬁlii,
1075 4868 1202 4936 post
1241 4864 1416 4917 creati
1469 4864 1693 4917 czcsaris
1742 4868 1894 4920 totus

263 4954 539 5010 occidens
565 4952 917 5007 dissensione
942 4952 1559 5022 minorum,majorum
1583 4956 1777 5007 autem
1796 4970 1892 5008 cu-

260 5042 518 5115 piditate
539 5041 612 5097 ad
634 5040 1270 5114 regnandum,omnino
1292 5041 1891 5112 langueret,defuncto

260 5130 672 5188 memoranda;
691 5129 825 5185 vita:
843 5130 963 5186 viro
987 5129 1302 5187 Deoderico
1319 5130 1591 5201 pontiﬁce
1607 5129 1721 5202 (an.
1740 5132 1889 5199 984),

1993 3980 2237 4041 rat,cum
2253 3991 2354 4028 sua
2368 3971 2865 4041 felicissimaprole
2884 3969 3019 4025 felix
3032 3973 3090 4025 et
3103 3970 3249 4040 ipsa,
3271 3973 3479 4026 etcum
3498 3986 3601 4026 no-

1990 4064 2091 4119 bili
2112 4064 2206 4118 illo
2230 4062 2594 4119 Mettensium
2623 4060 2894 4127 exercitu,
2927 4059 3003 4115 ad
3030 4060 3237 4115 urbem
3256 4060 3374 4116 filio
3401 4059 3598 4115 datam

1991 4152 2074 4206 ire
2107 4155 2399 4222 properat,
2429 4150 2683 4223 gestibus
2708 4148 2894 4206 cordis
2922 4152 2980 4204 et
3003 4148 3260 4221 corporis
3275 4148 3481 4222 quibus
3495 4165 3601 4221 po-

1992 4244 2161 4309 terat,
2186 4241 2392 4313 quibus
2422 4243 2682 4307 noverat,
2704 4241 2886 4295 Deum
2935 4241 2994 4294 et
3031 4238 3132 4295 Dei
3167 4238 3466 4313 antiquam
3487 4240 3601 4294 ele-

1994 4332 2278 4386 mentiam
2300 4334 2360 4386 et
2386 4347 2681 4386 summam
2706 4329 3028 4387 bonitatem
3040 4345 3108 4385 ac
3121 4332 3319 4385 notam
3336 4327 3604 4401 gentibus

1994 4421 2265 4477 virtutem
2284 4420 2665 4492 magniﬁcans
2684 4423 2856 4492 atque
2871 4418 3222 4474 collaudans.
3256 4418 3341 4473 Fit
3369 4434 3606 4474 concur-

1995 4530 2087 4566 sus
2117 4510 2371 4567 virorum
2403 4526 2469 4563 ac
2490 4512 2822 4577 mulierum,
2848 4509 2942 4565 .fit
2965 4507 3224 4563 inaudita
3254 4508 3603 4580 populorum

1994 4597 2694 4669 irruptio,ﬁtadmirabilis
2714 4598 3135 4654 monachorum
3145 4594 3527 4668 ac’virginum
3546 4598 3605 4650 et

1993 4691 2327 4744 sanctorum
2341 4686 2604 4742 omnium
2627 4688 2847 4743 votivus
2859 4704 2922 4744 ac
2937 4686 3114 4743 dulcis
3132 4685 3605 4756 applausus,dum

1991 4777 2250 4843 veniunt,
2276 4776 2415 4830 dum
2441 4773 2537 4827 diu
2561 4776 2891 4844 praestolata
2910 4774 3120 4847 gaudia
3149 4772 3329 4829 affore
3352 4788 3603 4827 cernun-

1994 4869 2085 4920 tur
2110 4869 2167 4919 et
2191 4864 2596 4937 suscipiuntur.
2638 4861 2866 4926 Quanta
2886 4863 2994 4937 piis
3023 4860 3352 4936 gratulatio,
3388 4863 3605 4932 quanta

1991 4954 2254 5009 cordium
2268 4951 2578 5025 praeconia,
2601 4951 2742 5007 dum
2757 4968 2791 5007 a
2812 4952 3039 5025 populis
3079 4952 3279 5008 laudes
3303 4951 3421 5007 Deo
3443 4962 3602 5005 reso-

1991 5045 2205 5097 nantur
2230 5051 2297 5107 10,
2330 5042 2468 5097 dum
2489 5040 2675 5095 clerus
2700 5056 2818 5094 non
2842 5042 3071 5096 tantum
3095 5039 3255 5096 urbis
3284 5037 3453 5096 unius
3476 5053 3603 5094 mo-

1993 5130 2096 5185 dos
2131 5129 2487 5185 dulcissimos
2517 5130 2575 5184 et
2605 5128 2710 5184 hos
2738 5125 3047 5186 altissimos
3068 5128 3222 5185 inter
3252 5125 3605 5184 cantandum

1595 5236 1826 5293 VARl/E
1891 5236 2290 5294 LECTIONES.

347 5335 366 5370 1
395 5323 769 5407 Incip‘itnvita
820 5323 975 5407 beati
1023 5324 1422 5407 Adelberonis
1439 5324 1711 5407 episcopi.
1749 5326 1926 5407 Igitur
1947 5326 2343 5407 ᾼάᾷὶδριλοηέὶλ
2506 5332 2550 5407 Ἀ
2571 5324 2648 5378 ita
2686 5325 2758 5407 '1'.
2768 5324 2933 5407 I223.
2954 5331 3008 5407 A8
3039 5326 3120 5407 ita_
3150 5327 3201 5381 1.
3242 5322 3608 5407 nobillimum

265 5415 416 5455 corr.
472 5392 893 5451 nobilissimum
944 5400 978 5453 2
1032 5407 1053 5437 ι
1100 5398 1255 5451 linea
1302 5400 1356 5450 4.
1405 5392 1802 5452 διὶοὒίιιὶηιιιεῖ
1836 5402 1886 5452 2.
1944 5400 1995 5453 3.
2047 5405 2069 5439 8
2121 5392 2347 5452 DCCCC
2403 5399 2453 5451 1.
2522 5399 2574 5452 2.
2631 5392 2898 5467 additam
2952 5399 3006 5453 2.
3062 5399 3364 5467 atramento
3406 5396 3606 5467 fusco:

269 5468 571 5527 LXXXIIII.
599 5474 621 5509 τ
648 5467 788 5521 locus
818 5482 1002 5523 erasus
1030 5470 1086 5521 in
1115 5472 1164 5523 1.
1197 5484 1448 5523 numerus
1493 5472 1789 5524 atramento
1822 5470 1975 5540 fusco
2010 5468 2224 5525 additus
2258 5470 2315 5523 in
2343 5470 2396 5525 2.
2430 5475 2452 5510 ⁸
2488 5482 2595 5523 nec
2640 5465 2762 5524 sine
2793 5482 2839 5522 s.
2880 5469 2935 5524 2.
2981 5467 3036 5524 3.
3076 5474 3100 5510 ο
3129 5468 3189 5523 et
3224 5465 3517 5541 virginum
3545 5482 3612 5524 ac

1830 5611 2052 5668 NOTAE.

270 5545 332 5599 2.
370 5543 422 5596 3.
462 5547 507 5582 ιο
533 5542 811 5594 resonant
839 5544 891 5594 2.
928 5542 979 5593 3.

348 5682 467 5825 (i5;
491 5680 705 5737 Fratris
727 5679 994 5761 Friderici
1020 5680 1187 5736 illius.

351 5752 441 5825 (16
495 5753 537 5809 Ι.
563 5766 615 5809 e.
655 5752 1004 5808 Gorzienzes.

351 5752 467 5825 (16)
495 5753 537 5809 Ι.
563 5766 615 5809 e.
655 5752 1004 5808 Gorzienzes.

2083 5682 2189 5755 (17)
2224 5684 2337 5739 Rex
2365 5680 2447 5738 ibi
2474 5683 2544 5738 2O
2580 5681 2701 5739 Oct.
2735 5683 2895 5749 erat;
2940 5678 3188 5736 Bohmer
3215 5678 3357 5755 Reg.
3397 5680 3464 5736 N.
3492 5682 3621 5739 623.
