3888 6218
1169 489 1623 551 CONSTANTINI
1659 488 1720 548 S.
1751 481 2226 547 SYHPBORIANI
2259 480 2568 546 ABBATIS.

3428 491 3570 554 i356

243 615 402 686 facit,
434 615 573 674 dum
603 632 898 674 sacrarum
919 626 960 662 ιι
993 599 1304 674 mulierum
1335 618 1506 673 turba
1529 633 1693 672 voces
1727 618 1843 672 Deo
1865 617 1921 678 Α
1942 631 2078 670 cura
2121 614 2227 669 sibi
2278 617 2404 669 erat
2432 613 2730 670 monachis
2759 629 2992 688 semper
3031 613 3254 672 dilectis
3303 620 3574 676 accurate

243 704 449 779 dignas
481 707 731 764 efferunt
766 708 828 763 in
857 707 1107 764 excelsis.
1605 775 1608 779 λ

315 797 369 853 4.
407 797 644 852 lnterim
673 797 994 852 benedictio
1017 796 1386 852 sacerdotalis
1405 814 1582 870 usque
1612 797 1672 851 in
1689 793 1847 851 Chri-

245 882 318 939 sti
350 885 578 940 Domini
612 887 862 939 natalem
904 884 1197 953 differtur;
1232 887 1284 938 et
1331 885 1464 957 quia
1513 885 1846 940 Dominicus

245 971 364 1028 dies
405 973 477 1029 ad
517 979 624 1028 hoc
653 977 1078 1028 sacramentum
1099 975 1493 1046 peragendum
1519 991 1552 1028 a
1581 973 1844 1028 Patribus

243 1065 329 1115 est
350 1061 660 1128 institutus,
683 1065 714 1116 5
747 1062 1163 1128 KalJanuarii,
1200 1080 1312 1135 quo
1337 1063 1542 1117 natalis
1563 1065 1843 1117 Innocen-

243 1152 365 1204 tum
396 1149 636 1204 celebris
659 1152 987 1219 veneratur,
1032 1151 1396 1206 dominicalis
1422 1151 1842 1206 resurrectione

242 1237 472 1294 Domini
498 1242 752 1293 sacratus
783 1255 850 1295 ac
879 1244 1108 1295 sanctus
1125 1241 1246 1295 dies
1281 1241 1470 1308 affuit;
1504 1243 1562 1294 et
1587 1257 1714 1294 cccc
1746 1257 1843 1296 an-

239 1326 443 1382 tistites
464 1327 783 1383 vicinarum
809 1328 1102 1384 civitatum
1131 1329 1433 1400 Trevirim,
1466 1348 1592 1402 qua:
1621 1333 1706 1385 est
1726 1347 1841 1386 me-

237 1416 479 1487 tropolis
502 1417 759 1489 antiqua,
777 1419 1156 1483 conﬂuentes,
1183 1419 1271 1472 cui
1295 1419 1543 1473 domnus
1569 1421 1839 1474 Ecbertus

237 1504 578 1560 venerabilis
600 1505 1062 1578 archiepiscopus
1090 1511 1358 1577 praeerat,
1406 1509 1639 1578 paribus
1693 1509 1839 1563 votis

239 1593 481 1665 parique
513 1609 744 1648 assensu
773 1594 1076 1648 dominum
1110 1595 1534 1650 Adelhcroncm
1565 1597 1838 1651 inscdem

239 1681 529 1737 Mettensis
555 1681 710 1737 urbis
737 1683 1038 1754 prmsulem
1076 1688 1415 1738 consecrant
1451 1689 1622 1757 atque
1670 1687 1844 1740 benc-

239 1769 458 1825 dicunt.
493 1771 634 1826 Hinc
659 1772 782 1843 jam
813 1772 1194 1845 pastoralibus
1224 1773 1373 1827 curis
1418 1778 1476 1827 et
1512 1774 1704 1830 ovium
1750 1775 1846 1829 do-

240 1857 590 1913 minicarum
621 1858 878 1931 registris
909 1860 1202 1931 susceptis,
1237 1863 1425 1915 totum
1450 1879 1506 1917 se
1555 1866 1615 1916 ut
1657 1863 1846 1918 forma

240 1945 539 2002 commissi
571 1947 764 2020 gregis
784 1947 953 2002 fleret
981 1948 1245 2016 accinxit,
1281 1950 1540 2004 totumin
1576 1951 1672 2005 Dei
1707 1969 1844 2023 ope-

239 2052 304 2091 re
333 2050 542 2107 corpns
569 2037 626 2089 et
645 2035 906 2090 animam
937 2053 1265 2109 praeparare
1289 2038 1635 2106 deliberans,
1652 2056 1845 2094 exem-

241 2125 404 2197 plum
440 2123 801 2179 subditorum
832 2128 890 2180 et
918 2125 1212 2197 specimen
1241 2127 1313 2181 ad
1329 2127 1562 2182 virtutes
1581 2129 1702 2184 fore
1723 2132 1847 2184 stu-

241 2215 336 2272 dio
363 2231 593 2270 summo
612 2215 857 2271 curavit.
1638 2261 1648 2266 _

314 2309 369 2361 ὕ.
396 2303 660 2359 Aﬂ'abilis
699 2303 876 2359 etiam
905 2306 1076 2360 aetate
1106 2307 1204 2360 aut
1233 2308 1571 2378 paupertate
1607 2305 1844 2362 inferio-

249 2392 428 2460 ribus,
456 2394 607 2448 ultra
635 2409 810 2466 quam
834 2393 990 2448 credi
1013 2395 1120 2448 hoc
1153 2398 1413 2466 tempore
1435 2396 1632 2467 possit,
1657 2395 1846 2450 humi-

243 2481 313 2538 lis
338 2481 436 2550 sic,
463 2483 580 2536 uta
601 2481 864 2554 pravisin
896 2483 1002 2537 hoc
1033 2485 1098 2537 et
1131 2499 1165 2537 a
1199 2483 1458 2555 superbis
1486 2484 1644 2554 quasi
1677 2485 1852 2539 nimis

247 2568 502 2640 dejectus
527 2572 847 2636 notaretur,
883 2569 1037 2624 mitis
1061 2587 1180 2643 prae
1213 2571 1482 2625 omnibus
1511 2571 1596 2626 sui
1630 2575 1852 2642 tempo-

244 2657 444 2726 ris,ire
472 2659 586 2724 (18)
619 2657 858 2713 omnino
890 2675 1112 2731 expers,
1142 2658 1220 2712 ita
1246 2662 1306 2713 ut
1347 2676 1406 2713 se
1448 2659 1646 2714 mirari
1691 2660 1853 2714 dice-

246 2749 355 2814 ret,
387 2746 459 2801 ad
479 2746 618 2819 quid
643 2750 742 2801 aut
766 2747 1057 2818 quomodo
1093 2747 1153 2802 in
1191 2749 1460 2803 homines
1503 2749 1708 2804 vitium
1738 2750 1850 2805 ira-

248 2834 475 2890 cundia:
510 2839 854 2907 assurgeret,
887 2853 1020 2890 cum
1052 2835 1170 2908 ipse
1195 2837 1522 2910 disciplinas
1553 2856 1692 2909 erga
1725 2855 1850 2894 ma-

249 2923 304 2979 le
325 2923 600 2979 facientes
622 2939 888 2980 exercere
918 2924 1189 2997 gestiens,
1221 2925 1386 2980 irasci
1418 2943 1536 2980 non
1567 2930 1778 2999 posset.

322 3011 375 3068 6.
403 3009 715 3068 servorum
749 3013 847 3068 Dei
870 3015 928 3068 et
945 3013 1232 3085 praecipue
1259 3015 1678 3069 monachorum
1701 3031 1856 3070 ama-

250 3100 830 3169 torferventissimns,
863 3101 1009 3156 adeo
1039 3105 1103 3157 ut
1130 3118 1165 3157 a
1193 3102 1350 3156 laicis
1381 3103 1605 3157 assidue
1647 3104 1859 3158 lacera-

252 3193 346 3245 tus
369 3205 434 3245 ac
458 3205 740 3258 corrosus,
773 3190 916 3246 nihil
943 3193 1138 3263 preter
1159 3192 1472 3246 monachos
1483 3208 1682 3246 curare
1709 3192 1856 3247 infa-

256 3279 551 3347 maretur;
585 3277 790 3334 Christi
824 3279 1057 3336 Domini
1080 3285 1234 3336 certe
1262 3281 1524 3336 imitator
1559 3281 1683 3336 fieri
1732 3297 1861 3336 exo-

256 3368 427 3438 ptans
446 3369 506 3421 et
528 3383 658 3422 vere
687 3368 940 3441 cupiens,
977 3369 1116 3424 dum
1143 3369 1455 3425 Dominum
1482 3387 1670 3436 suum,
1704 3368 1860 3441 quod

257 3469 389 3510 cum
418 3455 739 3526 publicanis
761 3461 818 3514 et
836 3459 1233 3529 peccatoribus
1255 3461 1674 3526 convivaretur,
1720 3475 1861 3514 con-

1943 703 2077 757 satis
2105 721 2330 774 parare.

2015 796 2065 846 9.
2092 793 2240 863 Ergo
2279 801 2323 834 η
2338 793 2539 847 beatus
2565 793 2668 860 vir,
2692 809 2824 848 cum
2843 809 2978 865 quo,
3016 795 3079 847 ut
3109 810 3242 848 vere
3264 795 3576 863 credimus,

1942 881 2092 936 Deus
2111 885 2235 935 erat
2265 899 2395 936 vero
2422 881 2767 952 apostolicus
2784 882 3054 936 omnibus
3080 890 3123 924 η
3141 883 3341 938 omnia
3363 883 3568 953 factus,

1945 972 2006 1023 ut
2058 987 2259 1024 omnes
2317 970 2658 1037 lucrifacrct,
2713 969 2990 1024 universis
3034 987 3150 1024 non
3194 972 3368 1027 modo
3399 973 3566 1028 cleri-

1943 1057 2020 1112 cis
2051 1059 2150 1112 sed
2191 1062 2247 1112 et
2297 1059 2475 1121 laicis,
2506 1059 2718 1113 .ludzris
2755 1059 2934 1113 etiam
2992 1059 3396 1115 dilectissimus
3421 1065 3568 1130 erat,

1941 1145 2021 1201 ita
2051 1151 2112 1201 ut
2165 1165 2342 1218 usque
2371 1147 2564 1214 hodie,
2603 1147 3042 1220 praetermittam
3093 1148 3456 1216 christianos,
3501 1150 3575 1205 ab

1941 1233 2075 1306 ipsis
2109 1239 2317 1288 nostrzc
2343 1244 2382 1276 υ
2407 1235 2582 1290 etiam
2626 1235 2924 1306 religionis
2959 1236 3338 1292 infestissimis
3367 1237 3582 1292 Judasis

1939 1323 2240 1377 cotidianis
2293 1323 2538 1378 luctibus
2568 1327 2625 1378 et
2662 1325 2931 1396 gravibus
2961 1324 3214 1396 suspiriis
3269 1325 3576 1382 deﬂeatur.

1943 1409 2095 1464 llunc
2127 1411 2312 1465 omnis
2337 1429 2501 1465 sexus
2515 1414 2574 1466 et
2593 1416 2752 1479 aetas,
2783 1413 2936 1466 hunc
2959 1413 3149 1466 omnis
3173 1413 3314 1467 ordo
3353 1418 3409 1468 et
3435 1429 3575 1469 con-

1939 1498 2099 1565 ditio,
2132 1500 2284 1553 hunc
2337 1500 2538 1554 incola:
2597 1512 2656 1554 et
2713 1500 2973 1568 advcnze,
3041 1501 3197 1555 hunc
3243 1500 3395 1555 infra
3443 1509 3503 1557 el.
3528 1509 3575 1545 ιι

1938 1588 2092 1642 hunc
2133 1593 2291 1643 extra
2322 1589 2512 1660 positi,
2537 1590 2690 1644 hunc
2721 1589 2843 1644 noti
2891 1591 3043 1644 hunc
3074 1589 3280 1662 ignoti,
3317 1590 3466 1645 miro
3493 1590 3580 1646 af-

1943 1681 2095 1732 fectu
2122 1678 2340 1732 mentis
2374 1679 2799 1733 venerabantur
2845 1695 2910 1732 ac
2941 1679 3284 1750 diligebant.

2023 1771 2103 1823 10.
2139 1769 2272 1822 Erat
2295 1767 2472 1839 igitur
2490 1784 2728 1840 corpore
2766 1769 2891 1841 plus
2927 1769 3146 1823 cunctis
3183 1769 3265 1822 sui
3291 1768 3576 1840 temporis

1947 1859 2236 1923 venustus,
2283 1860 2505 1912 statura
2536 1859 2800 1924 decorus,
2847 1858 3038 1912 forma
3084 1859 3338 1929 elegans,
3391 1859 3574 1914 oculis

1949 1946 2401 2012 amantissimus,
2429 1965 2569 2001 nasu
2590 1947 2915 2013 mediocris,
2939 1947 3157 2020 capillis
3178 1947 3339 2002 albus
3357 1951 3416 2002 et
3433 1947 3575 2018 ipsis

1947 2036 2090 2089 raris
2140 2040 2198 2089 et
2254 2036 2461 2106 planis,
2515 2053 2580 2090 ex
2629 2053 2844 2107 genere
2874 2037 3266 2110 corpulentus,
3296 2037 3574 2092 manibus

1949 2125 2305 2197 pedibusque
2338 2130 2394 2179 et
2421 2130 2540 2180 toto
2573 2127 2728 2198 quod
2751 2131 2876 2180 erat
2915 2126 3241 2180 mirabilem
3293 2127 3476 2180 Deum
3508 2125 3572 2181 in

1950 2213 2220 2269 omnibus
2241 2215 2509 2286 operibus
2523 2217 2636 2270 suis
2651 2215 3012 2282 ostendebat,
3047 2218 3104 2269 et
3128 2231 3304 2286 quam
3326 2215 3576 2270 decorus

1951 2303 2153 2357 Factor
2203 2303 2264 2357 in
2305 2321 2406 2357 sua
2437 2308 2644 2357 natura
2674 2306 2764 2370 sit,
2797 2305 2958 2375 cujus
2989 2307 3109 2358 tam
3147 2304 3358 2358 decora
3389 2320 3576 2376 opera

1951 2391 2295 2459 habeantur,
2329 2410 2387 2446 se
2415 2393 2786 2448 cernentibus
2817 2393 3128 2448 indicabat.
3159 2393 3488 2448 Primordia
3504 2408 3576 2448 ac

1951 2480 2224 2551 primitiae
2246 2485 2477 2552 actuum
2503 2481 2677 2552 ipsius
2703 2483 2777 2536 ad
2807 2482 3026 2536 divinos
3049 2499 3182 2536 usus
3213 2485 3270 2536 et
3303 2481 3376 2535 ad
3406 2497 3578 2536 exer-

1950 2569 2162 2623 cendos
2188 2572 2414 2624 animos
2431 2570 2488 2624 in
2513 2570 2598 2624 his
2614 2587 2741 2642 quae
2771 2570 2998 2643 pietatis
3019 2574 3171 2637 sunt,
3186 2569 3369 2624 sancti
3401 2568 3575 2641 Sym-

1950 2657 2218 2728 phoriani
2246 2659 2402 2712 locus
2436 2659 2640 2726 extitit,
2690 2659 2787 2731 qui
2836 2659 2968 2712 licet
3025 2658 3369 2730 antiquitate
3430 2657 3578 2712 nihil

1951 2750 2162 2817 praeter
2180 2747 2376 2800 ruinas
2407 2753 2465 2801 ct
2501 2764 2662 2802 casus
2693 2747 3101 2819 praatcnderet,
3143 2751 3201 2801 et
3235 2748 3294 2800 in
3327 2746 3578 2818 nigerri-

1954 2851 2114 2889 mam
2146 2837 2355 2891 faciem
2386 2838 2508 2908 ejus
2538 2854 2754 2908 magna
2779 2837 3048 2892 nobilitas
3074 2837 3398 2903 decidisset,
3429 2836 3576 2890 situs

1955 2925 2379 2979 ammnissimus
2409 2926 2701 2998 vineisque
2727 2926 3051 2980 uberrimus
3081 2942 3145 2980 ac
3177 2925 3333 2980 urbis
3362 2924 3575 2979 vicinio

1953 3012 2326 3080 honorabilis,
2360 3018 2693 3070 sanctorum
2724 3014 3170 3087 multiplicitate,
3195 3017 3254 3068 et
3291 3012 3448 3084 quod
3488 3015 3581 3067 est

1956 3101 2270 3168 decentius,
2301 3104 2449 3158 sedis
2479 3104 2817 3176 pontiﬁcum
2871 3102 3192 3158 numerosis
3233 3101 3581 3172 corporibus

1955 3187 2392 3256 famosissimus,
2423 3209 2520 3246 cor
2541 3193 2692 3247 beati
2721 3195 2779 3246 et
2801 3200 2845 3234 1³
2874 3191 3184 3246 dulcissimi
3209 3189 3436 3244 domini
3469 3205 3579 3244 no-

1959 3278 2060 3332 stri
2087 3279 2466 3335 Adelbcronis
2490 3285 2550 3335 et
2583 3285 2866 3348 mentem,
2904 3284 2968 3334 ut
3019 3279 3078 3334 in
3128 3281 3275 3334 hanc
3329 3295 3460 3350 quae
3491 3281 3581 3332 est
3657 3321 3668 3336 .

1960 3366 2155 3421 videre
2188 3369 2409 3423 decoris
2435 3369 2828 3442 spetiosissimi
2860 3373 3220 3424 venustatem
3248 3368 3578 3433 reduceret,

1960 3455 2203 3525 induxit,
2224 3462 2281 3512 et
2303 3459 2360 3512 in
2385 3459 2697 3514 redivivam
2727 3463 2788 3514 ut
2835 3462 3162 3531 assurgeret
3199 3455 3582 3512 formositatis

257 3541 451 3598 viciari
481 3545 722 3616 legeret,
757 3549 813 3601 et
844 3562 878 3600 a
903 3546 1094 3601 Judeis
1120 3549 1381 3620 pessimis
1395 3547 1857 3620 vinipotatorem
1893 3616 1925 3620 _
1961 3545 2230 3615 gratiam,
2256 3547 2658 3604 devotissimus
2690 3549 3031 3616 elaboravit;
3067 3565 3173 3602 nec
3199 3546 3438 3612 destitit,
3472 3545 3581 3600 do-

259 3636 525 3688 vocatum
568 3635 814 3704 audiret,
868 3652 926 3691 se
973 3616 1328 3710 improperia
1384 3616 1714 3710 hujusmodi
1764 3616 1926 3690 autc
1961 3649 2068 3686 nec
2092 3634 2164 3687 ad
2182 3636 2238 3690 id
2261 3637 2415 3708 quod
2438 3642 2688 3708 coeperat
2707 3638 2857 3694 felici
2884 3638 2980 3693 Dei
3004 3637 3158 3692 dono
3198 3634 3344 3690 votis
3365 3632 3581 3688 beatis-

260 3717 410 3775 forte
437 3721 703 3792 graviora
725 3741 830 3796 pro
861 3725 1120 3797 ejusdem
1145 3726 1374 3781 Domini
1421 3726 1507 3780 sui
1557 3741 1671 3796 quo
1712 3724 1860 3778 mul-

259 3809 390 3862 tum
414 3809 670 3867 fervebat
697 3829 898 3869 amore
937 3815 1180 3886 perpeti,
1241 3815 1463 3870 divitias
1501 3812 1861 3868 inestimahi-

262 3895 348 3952 los
371 3901 430 3954 et
458 3904 626 3971 grata
644 3901 753 3957 sibi
784 3919 1030 3959 munera
1051 3903 1368 3976 judicabat.

337 3992 390 4042 7.
420 3987 703 4046 Conviviis
731 3991 986 4048 virorum
1009 3996 1340 4048 sanctorum
1367 3994 1425 4045 et
1445 3991 1864 4046 monachorum

265 4075 517 4134 maxime
545 4079 624 4134 sic
661 4081 1056 4137 delectabatur
1076 4084 1139 4135 ut
1166 4080 1392 4136 felicem
1414 4097 1473 4134 se
1499 4096 1566 4135 eo
1597 4079 1690 4135 die
1716 4080 1866 4134 fate-

265 4165 445 4232 retur,
476 4183 590 4238 quo
618 4184 751 4223 cum
768 4168 858 4223 his
877 4168 928 4224 ei
948 4169 1234 4240 prandere
1261 4167 1646 4240 contingeret,
1663 4168 1869 4241 quibus

267 4252 522 4310 mundus
549 4255 847 4312 crucifixus
870 4261 956 4312 est
975 4261 1034 4312 et
1061 4257 1167 4330 ipsi
1193 4257 1433 4325 mundo,
1465 4259 1674 4330 quibus
1702 4262 1758 4312 et
1781 4274 1870 4312 ac-

264 4341 546 4398 cumbens
600 4361 736 4419 sepe
793 4346 1023 4401 dicebat
1054 4363 1067 4400 :
1109 4345 1313 4414 Venite,
1337 4354 1396 4402 ut
1421 4347 1650 4403 sedeatis
1679 4365 1711 4401 a
1741 4347 1867 4401 dex-

263 4432 360 4487 tris
385 4433 497 4504 ﬁlii
521 4437 707 4490 matris
733 4435 996 4491 ecclesias.

332 4525 387 4578 8.
410 4523 540 4578 Haec
558 4539 690 4578 vere
711 4523 863 4586 dici),
884 4539 1014 4578 vere
1041 4523 1248 4593 fateor,
1284 4524 1420 4598 quia
1449 4525 1557 4580 hoc
1601 4528 1659 4580 et
1691 4525 1866 4580 verbo

259 4614 319 4668 et
347 4614 536 4683 pastu,
565 4610 699 4667 licet
718 4610 1067 4681 immeritus,
1113 4612 1245 4668 licet
1283 4614 1702 4685 abjectissimus
1731 4630 1862 4668 suo-

257 4701 676 4770 rum,dextere
714 4701 889 4774 ipsius
914 4703 1139 4760 domini
1171 4691 1290 4759 .mei
1330 4705 1552 4777 primus
1584 4703 1860 4770 assidens,

256 4807 393 4862 sepe
414 4809 549 4848 usus
577 4808 728 4854 sum,
761 4791 1248 4866 participatusque
1291 4794 1414 4865 ejus
1457 4793 1632 4848 sacris
1686 4794 1862 4847 collo-

257 4879 428 4952 quiis,
459 4883 517 4936 et
554 4879 710 4936 inter
746 4880 1170 4937 convivandum
1214 4880 1678 4954 frequentissime
1711 4881 1862 4934 dele-

253 4970 461 5024 ctatus.
491 4968 874 5025 Miscebantur
922 4971 1100 5026 etiam
1145 4986 1321 5024 sacrae
1347 4969 1760 5025 exhortationis
1794 4985 1859 5024 ac

251 5055 636 5130 correptionis
656 5057 1280 5114 dulcissimisermones
1290 5057 1600 5131 cibis,quos
1623 5075 1858 5114 summa

1958 3719 2120 3776 simis
2135 3730 2179 3765 ιτ
2197 3725 2560 3797 apdimpleret.
2609 3728 2676 3781 Et
2705 3728 2840 3799 quia
2865 3725 3152 3798 parietum
3209 3727 3268 3778 et
3298 3721 3586 3777 maceria-

1961 3827 2091 3864 rum
2122 3813 2456 3882 proceritas,
2498 3819 2781 3870 tectorum
2836 3815 3111 3878 culmina,
3171 3814 3584 3868 columnarum

1963 3898 2206 3954 honesta
2231 3904 2572 3971 rotunditas,
2605 3903 2966 3958 rutilantium
2996 3903 3365 3957 metallorum
3385 3899 3583 3970 splen-

1965 3985 2091 4052 dor,
2124 4004 2280 4043 cassu
2319 3991 2518 4046 labore
2566 3992 2889 4065 adquiritur
2914 3995 2972 4047 et
3002 3991 3160 4046 inani
3219 3988 3411 4044 studio
3443 4003 3586 4041 con-

1967 4076 2206 4147 geritur,
2221 4078 2266 4132 si
2296 4097 2434 4147 non,
2453 4083 2674 4136 semota
2695 4081 2851 4136 omni
2885 4080 3165 4136 mundani
3183 4077 3395 4133 favoris
3425 4074 3588 4148 cupi-

1969 4163 2575 4224 ditateettranscuntis
2603 4169 2786 4224 laudis
2816 4173 3022 4224 cuncto
3045 4167 3303 4241 appetitu
3333 4165 3584 4236 abjecto,

1967 4271 2074 4328 pro
2127 4258 2246 4312 solo
2279 4257 2487 4312 divina:
2543 4258 3030 4313 remunerationis
3073 4260 3338 4328 respectu
3393 4258 3584 4309 totum

1967 4349 2306 4417 congestum
2324 4363 2735 4419 corrasumquc
2766 4347 2960 4417 fuerit,
2985 4349 3042 4400 et
3065 4349 3126 4400 ut
3159 4345 3397 4422 divinas
3416 4345 3585 4398 aeter-

1969 4450 2186 4505 nasque
2202 4435 2532 4489 mansiones
2553 4435 2656 4490 sibi
2675 4435 2858 4490 fidelis
2888 4451 2953 4490 ac
2985 4435 3190 4490 devota
3213 4435 3331 4488 Deo
3356 4447 3582 4504 praepa-

1966 4528 2186 4578 raret18
2216 4525 2432 4591 anima,
2450 4525 2571 4579 haec
2601 4528 2835 4579 terrena
2863 4523 3104 4579 aedificia
3117 4527 3458 4578 construere
3478 4538 3584 4594 ap-

1965 4629 2286 4686 parareque
2325 4614 2459 4667 totis
2497 4613 2695 4667 studiis
2723 4613 2896 4667 debet
2927 4629 2940 4667 :
2970 4613 3063 4666 hic
3107 4612 3310 4666 beatus
3345 4611 3403 4666 id
3435 4628 3581 4683 pra:-

1965 4699 2184 4769 videns,
2225 4704 2371 4769 loco,
2403 4720 2576 4774 quem
2617 4703 2732 4756 Deo
2774 4704 3092 4773 paraverat,
3123 4717 3429 4754 servorum
3455 4701 3576 4764 Dei,

1963 4791 2060 4864 qui
2082 4790 2354 4846 institutis
2370 4790 2547 4844 sancti
2577 4789 2870 4844 Benedicti
2901 4790 3047 4843 bene
3081 4805 3286 4860 parere
3315 4787 3472 4843 docti
3510 4788 3581 4843 ad

1932 4949 1944 4961 .
1962 4880 2279 4952 perfectum
2306 4878 2854 4950 noverant,collegio
2889 4876 3296 4932 decentissimo
3312 4880 3576 4943 exornat,

1961 4972 2019 5024 et
2049 4971 2110 5024 ut
2139 4985 2244 5040 pro
2267 4969 2448 5023 salute
2479 4970 2757 5039 perpetua
2780 4983 2912 5020 cum
2930 4982 3031 5020 sua
3049 4965 3571 5038 praedecessorum-

1960 5073 2074 5131 que
2102 5073 2360 5124 suorum,
2393 5059 2529 5111 tunc
2567 5072 2672 5126 pro
2727 5053 2900 5110 totius
2937 5054 3113 5121 orbis,
3163 5053 3327 5125 cujus
3365 5070 3576 5127 magna

1567 5243 1802 5299 VARl/E
1857 5242 2254 5299 LECTIONES.

311 5423 356 5460 ιι
382 5427 614 5472 sacrum
647 5415 704 5472 3.
737 5423 783 5458 η
812 5414 908 5471 Vir
945 5417 998 5472 2.
1052 5417 1102 5471 3.
1133 5423 1178 5458 1³
1209 5413 1408 5472 omnia
1438 5415 1708 5475 omnibus
1737 5418 1788 5472 '2.
1819 5415 1876 5473 3.
1910 5423 1955 5458 ιδ
1979 5433 2030 5472 e.
2060 5433 2120 5471 ιι.
2167 5418 2220 5470 8.
2253 5424 2297 5459 ιθ
2333 5414 2471 5470 deest
2503 5417 2556 5473 '2.
2588 5416 2641 5470 3.
2676 5420 2720 5456 ιο
2744 5411 2800 5468 d.
2839 5413 2896 5467 et
2939 5412 2990 5466 3.
3023 5417 3065 5454 ιτ
3107 5409 3491 5466 devotissimis
3517 5413 3568 5467 3.

237 5494 283 5530 ιο
308 5489 600 5558 ρτωρετθι
623 5486 679 5545 2.

1766 5609 1810 5664 Ν
1819 5607 1992 5666 ΟΤᾹΞ.

300 5722 416 5796 ι48)
443 5723 488 5776 ι.
510 5736 562 5778 e.
585 5724 708 5782 ire.

181 5881 308 5971 ’Ἣ
