3888 6218
337 431 487 490 4559

1309 433 1761 493 CONSTANTINI
1791 435 1848 494 S.
1882 435 2349 500 SYMPHORIANI
2391 443 2700 507 ABBATIS.

3529 427 3674 522 isse

356 560 658 640 pontificis
688 581 945 638 rumore,
1005 568 1316 626 innitentes
1364 569 1598 636 baculis,
1629 573 1726 626 aut
1755 568 2035 630 carrio—A
2136 569 2219 624 16.
2253 567 2406 625 Inter
2425 571 2842 647 multa,inquit,
2869 577 3064 648 quain
3079 586 3440 650 regnonostro
3468 585 3678 641 vestri:-

351 657 425 714 tis
454 657 692 727 devecti,
722 659 1124 731 undecumque
1150 659 1540 714 conﬂuebant.
1569 661 1712 714 Dum
1729 660 1849 714 hanc
1866 659 1961 714 fie-

349 747 1548 815 rent,domnusAdalbero,dumviveretlux
1566 749 1958 820 gaudiumque

349 837 756 909 suorum,quia
776 839 1025 892 castrum
1059 836 1372 892 imminens
1416 838 1766 892 monasterio
1798 839 1961 891 sedes

351 930 441 982 est
471 925 829 1000 episcopalis,
851 925 1146 996 sepissime
1171 927 1392 992 aderat,
1425 931 1481 981 et
1497 926 1959 997 hujumodiviros

353 1015 566 1072 cotidie
593 1015 666 1070 ad
705 1014 1128 1070 convivandum
1155 1015 1464 1086 suscipiens
1483 1015 1802 1086 impropriis
1834 1032 1959 1069 ma-

353 1105 522 1161 nibus
541 1104 779 1159 vulnera
806 1103 904 1158 illa
920 1107 1288 1159 contrectans
1313 1108 1370 1158 et
1399 1106 1721 1172 lavans,ore
1753 1107 1810 1158 et
1829 1120 1958 1158 ocu-

351 1193 421 1250 lis
443 1193 984 1258 demulcens,Deum
1017 1193 1076 1247 in
1105 1193 1375 1248 omnibus
1410 1193 1522 1247 suis
1553 1193 1820 1264 operibus
1840 1194 1959 1246 lau-

351 1283 490 1339 dare
508 1286 567 1338 et
596 1282 940 1339 benedicere
967 1298 1084 1336 non
1123 1281 1590 1337 desinebat.Vere
1618 1283 1840 1352 loquar,
1872 1298 1956 1336 se-

350 1376 510 1446 ptem
526 1373 727 1430 diebus
746 1374 878 1428 huic
897 1371 1327 1428 divino'servitio
1341 1375 1684 1443 cooperator
1699 1371 1954 1437 interfui,

353 1465 414 1518 et
442 1462 690 1534 propriis
713 1462 980 1517 manibus
1005 1464 1104 1516 aut
1130 1462 1391 1516 lavabam
1430 1466 1527 1516 aut
1557 1461 1953 1529 detergebam,

325 1531 494 1607 Ἕω]
515 1568 633 1607 non
653 1550 1089 1606 minuscentum
1115 1549 1594 1622 autoctogintau,
1611 1553 1671 1605 ut
1691 1549 1954 1614 diximus,

357 1639 868 1696 cotidielavaretet
901 1639 1026 1694 cibo
1053 1643 1358 1694 recrearet.
1382 1639 1524 1693 Nam
1557 1639 1695 1692 dum
1721 1639 1958 1693 vulnera

365 1727 491 1800 ipsa
523 1745 670 1801 aqua
702 1728 1203 1802 perfunderentur,
1236 1730 1428 1782 tantus
1475 1744 1654 1799 vapor
1683 1731 1958 1798 tantaque

355 1818 570 1874 nebula
594 1817 832 1873 domum
846 1817 906 1872 in
928 1834 1042 1888 qua
1057 1815 1116 1871 id
1138 1816 1313 1872 ﬁebat
1337 1817 1684 1888 replebat,ut
1711 1817 1796 1870 vix
1815 1818 1960 1871 alter

2063 672 2166 727 que
2183 660 2486 728 parrae/aiis
2505 663 2825 730 corrigenda
2852 672 2997 736 sunt,
3020 673 3272 737 parentes
3313 673 3392 726 sic
3417 672 3528 727 sibi
3541 690 3674 745 pro.-

2061 747 2207 799 .time
2236 747 2482 818 confugio
2512 751 2851 822 copulantur,
2891 759 2952 807 ut
2999 754 3178 812 Deum
3223 773 3331 812 non
3359 761 3603 816 tunentes
3623 778 3652 816 c

2061 831 2294 888 homines
2342 854 2446 891 non
2475 843 2948 907 reverentes,etiam
2986 846 3136 899 tertii
3159 846 3265 901 loci
3291 851 3672 922 consanguini-

2062 924 2246 989 tatem,
2280 925 2421 995 quod
2443 925 2588 982 dictu
2624 936 2669 970 37
2706 931 2860 1000 nefas
2885 933 3059 999 est,ad
3103 935 3349 1005 copulam
3404 939 3673 994 asscissere

2059 1026 2165 1062 non
2200 1013 2547 1081 refugiant,et
2579 1015 2796 1084 lineam,
2828 1036 2948 1090 qua:
2979 1020 3051 1074 ad
3075 1025 3357 1092 septimam
3381 1041 3548 1097 usque
3568 1043 3672 1096 ge-

2059 1103 2386 1156 nerationem
2455 1106 2622 1158 sacris
2681 1123 2944 1162 canonum
3002 1110 3422 1168 institutionibus
3461 1113 3676 1170 illibata

2055 1191 2358 1244 conservari
2373 1191 2620 1261 jubetur,
2643 1193 2838 1248 Judxis
2853 1200 3187 1270 paganisque
3236 1201 3565 1271 infcliciores
3609 1205 3676 1260 in

2055 1279 2178 1366 ipsis
2206 1281 2292 1331 sui
2313 1281 2550 1338 exordiis
2579 1283 2893 1356 abrumpere
2919 1303 3025 1341 non
3051 1287 3676 1366 formidant.Episcopis

2055 1363 2190 1454 hinc
2219 1366 2352 1422 inde
2374 1370 2704 1426 sedentibus
2730 1373 2942 1445 diuque
2970 1363 3437 1450 silentibus,pars
3453 1379 3524 1435 de
3553 1363 3673 1454 quo

2058 1452 2350 1510 diceretur
2381 1459 2802 1531 nesciens,pars
2827 1479 3137 1534 personam
3154 1465 3225 1520 de
3246 1483 3360 1538 quo
3374 1452 3676 1525 dicebatur

2059 1545 2306 1599 multum
2337 1547 2424 1600 vel
2456 1563 2663 1602 amans
2682 1550 2770 1603 vel
2799 1549 3177 1624 timens,quid
3200 1554 3364 1609 dictis
3383 1557 3679 1628 regalibus

2056 1634 2456 1703 responderet,
2485 1637 2747 1708 [prorsus
2793 1638 3120 1711 ignorabat.
3153 1644 3310 1699 Mens
3338 1644 3498 1699 enim
3521 1647 3678 1702 male

2060 1719 2167 1774 sibi
2193 1723 2588 1791 conscia,dum
2616 1744 2685 1782 ea
2707 1745 2835 1799 qua:
2865 1745 2984 1784 non
3013 1731 3133 1785 vult
3155 1732 3356 1788 audire
3375 1734 3678 1806 compelli-

2059 1811 2173 1877 tur,
2209 1811 2274 1866 fit
2311 1813 2558 1885 stupida,
2593 1832 2698 1870 vox
2746 1817 2981 1888 refugit,
3015 1819 3190 1874 verba
3235 1821 3596 1892 dilabuntur,
3621 1825 3682 1878 et

355 1908 603 1962 alterum
635 1906 826 1961 videre
847 1907 1183 1978 praevaleret
1211 1914 1277 1971 σε,
1306 1905 1457 1960 fetor
1487 1905 1660 1960 etiam
1685 1905 1959 1960 intolera-
1987 1895 2036 1954 Β
2060 1899 2307 1970 sapienti
2339 1918 2536 1956 coram
2567 1904 2785 1974 positus
2819 1906 3117 1962 honestius
3165 1909 3214 1963 ei
3245 1909 3474 1965 videtur
3511 1911 3684 1967 silere

357 1993 487 2050 bilis
505 1995 896 2066 erat,sulphur
915 1997 974 2050 et
1004 1993 1284 2066 quidquid
1305 1993 1364 2048 in
1395 1994 1669 2049 odoribus
1689 1995 1962 2066 importa-

355 2084 469 2140 bile
509 2087 596 2139 est
619 2101 966 2158 exsuperans
997 2086 1057 2138 et
1081 2083 1334 2138 vincens.
1366 2083 1517 2149 Haec,
1543 2085 1606 2137 ut
1623 2082 1962 2148 dixi,beatus

352 2174 440 2229 vir
467 2174 591 2230 sine
620 2175 891 2246 despectu
930 2181 989 2230 et
1016 2191 1146 2228 cum
1188 2189 1406 2244 magna
1435 2172 1623 2250 cordis
1662 2172 1963 2228 devotione

361 2265 700 2338 peragebat.
719 2263 856 2328 Quae
871 2263 1084 2319 idcirco
1102 2263 1502 2330 dixerimus,ut
1525 2261 1583 2316 in
1599 2279 1713 2317 una
1739 2262 1966 2318 eadem-

360 2369 473 2425 que
502 2368 566 2408 re
595 2353 842 2409 duorum
857 2352 1220 2408 sacerdotum
1255 2352 1366 2407 duo
1392 2350 1854 2406 factamemoriac
1879 2351 1964 2406 di-

357 2439 640 2512 gnissima
656 2441 1105 2512 prmdicaremus
1131 2444 1189 2496 et
1204 2439 1446 2512 posteris
1467 2439 1749 2495 imitanda
1764 2441 1850 2494 vel
1865 2439 1967 2494 ad-

354 2529 624 2585 miranda
637 2529 1156 2596 traderemus,dum
1177 2528 1232 2582 in
1251 2529 1422 2583 beato
1441 2529 1677 2584 Goerico
1690 2528 1966 2583 virtutum

353 2617 624 2690 insignia,
652 2618 780 2684 etin
805 2617 1022 2672 domno
1046 2616 1410 2672 Adalberone
1436 2616 1774 2671 humilitatis
1787 2620 1844 2670 et
1864 2617 1964 2672 ab-

349 2705 975 2778 jectionisﬂlomnisque
986 2705 1213 2760 vilitatis
1227 2715 1271 2748 ιι
1289 2707 1560 2760 humanae
1573 2706 1964 2777 appetentiam

356 2797 416 2850 et
437 2811 732 2850 summum
763 2810 1025 2850 amorem
1057 2794 1610 2848 demonstraremus.
1633 2794 1781 2848 Sane
1812 2795 1964 2848 hunc

351 2887 579 2940 tantum
599 2883 843 2938 ettalem
857 2882 1042 2936 virum
1065 2881 1258 2936 nimias
1275 2882 1616 2936 humilitatis
1629 2883 1962 2938 etomnium

353 2971 800 3044 virtutum,un
824 2973 1022 3026 sancta
1049 2974 1236 3026 mater
1264 2970 1550 3026 humilitas
1589 2971 1685 3042 pio
1717 2972 1960 3026 uberum

355 3061 504 3116 lacte
533 3059 771 3127 enutrit,
807 3059 1085 3114 cultorem
1113 3059 1511 3133 praedicantes,
1537 3059 1664 3114 etin
1680 3061 1962 3130 ejusmodi

2062 2006 2236 2060 quam
2263 1990 2441 2062 loqui.
2481 1992 2618 2058 Rex,
2660 2009 2837 2064 quem
2865 1994 3063 2050 fallere
3091 2013 3266 2052 nemo
3285 2001 3682 2072 poterat,quia

2063 2081 2187 2131 erat
2218 2078 2396 2132 homo
2432 2079 2638 2134 litteris
2665 2081 2928 2152 adprime
2951 2082 3226 2152 imbutus,
3243 2087 3582 2158 eloquentia
3599 2089 3682 2143 fa-

2065 2167 2468 2233 cundissimus,
2495 2169 2567 2223 ad
2591 2171 2912 2242 regendum
2953 2171 3053 2226 Dei
3085 2172 3297 2228 timore
3325 2175 3683 2233 vivacissimo

2067 2257 2456 2324 astrictus,mo
2465 2262 2584 2313 tum
2601 2259 2790 2315 cordis
2799 2261 3096 2332 pacientiaa
3113 2263 3292 2318 frenis
3303 2264 3687 2338 restringens,

2067 2346 2558 2418 sacrmScripturte
2575 2348 2849 2420 exemplis
2864 2366 2962 2405 eos
2977 2351 3215 2423 aggredi
3227 2351 3528 2408 honestius
3539 2371 3687 2424 esse,

2067 2433 2333 2506 judicans
2361 2450 2373 2490 :
2401 2435 2563 2499 Ecce,
2627 2435 2834 2508 inquit,
2865 2453 2996 2503 ecce,
3041 2456 3131 2494 vos
3157 2443 3280 2496 estis
3317 2441 3435 2497 loca
3473 2443 3691 2515 quidem

2064 2531 2367 2577 sanctorum
2391 2525 2721 2580 sacerdotum
2752 2533 2996 2594 tenentes,
3029 2535 3078 2582 et
3107 2531 3162 2583 in
3194 2529 3403 2586 meliori
3421 2531 3683 2588 cathedra

2065 2628 2227 2684 quam
2254 2613 2466 2668 sedisset
2489 2613 2704 2685 Moyses
2744 2616 2996 2686 sedentes,
3028 2622 3206 2688 utpote
3259 2623 3398 2676 vices
3455 2621 3686 2676 Domini

2054 2701 2398 2771 possidentes,
2425 2703 2524 2774 qui
2552 2708 2625 2758 est
2686 2703 2810 2758 boni
2859 2721 3018 2762 canes
3067 2713 3118 2760 et
3169 2712 3349 2764 sancti
3370 2711 3561 2765 arietes
3573 2727 3682 2782 pro

2063 2791 2191 2844 vitae
2223 2793 2408 2846 merito
2437 2792 2547 2847 dici
2573 2793 2892 2858 debueratis,
2919 2797 3189 2850 contraria
3226 2799 3338 2852 vice
3367 2801 3683 2873 inversoqne

2065 2879 2255 2934 ordine
2284 2897 2437 2934 canes
2486 2883 2630 2937 muti
2658 2899 2762 2936 non
2791 2883 3023 2938 valentes
3077 2885 3274 2940 latrare
3329 2891 3456 2942 estis
3484 2890 3678 2960 e/fecti,

2065 2969 2263 3040 ursique
2291 2971 2506 3024 cecitate
2524 2971 2748 3026 multati
2765 2972 2893 3027 dum
2915 2973 3140 3029 subditis
3168 2975 3426 3031 ducatum
3441 2977 3686 3049 prebere

2060 3059 2330 3127 cogimini,
2359 3065 2410 3113 et
2455 3060 2646 3116 ductor
2667 3066 2716 3116 et
2742 3078 2959 3134 sequens
2994 3063 3226 3118 amboin
3247 3065 3470 3134 foveam
3487 3069 3684 3138 preci-

337 3150 528 3206 rebus
553 3148 916 3224 probabilem
947 3152 1285 3204 enarrantes
1306 3157 1373 3215 ’⁸,
1398 3166 1471 3204 ne
1487 3149 1545 3204 id
1563 3149 1614 3204 ei
1635 3167 1668 3204 a
1696 3150 1958 3222 posteris,
1983 3163 2030 3223 α
2053 3147 2338 3217 pitamini.
2378 3147 2538 3205 Ecce.
2566 3149 2776 3221 inquit,
2802 3149 3083 3206 Conradus
3108 3152 3220 3206 dux
3240 3151 3686 3224 Austrasiorum,

356 3238 512 3312 Quod
537 3255 572 3294 a
603 3237 980 3310 praesentibus
997 3237 1080 3292 sui
1102 3237 1404 3310 temporis,
1429 3238 1504 3293 ad
1531 3239 1642 3294 hoc
1673 3238 1962 3294 afamilia-

353 3325 534 3392 ribus,
556 3326 972 3399 imputabatur,
1018 3325 1357 3398 imputetur,
1385 3326 1557 3382 fuisse
1590 3327 1801 3382 scilicet
1826 3344 1959 3382 eum

355 3415 602 3472 nimium
629 3415 910 3471 humilem
943 3414 1306 3486 nimiumque
1350 3415 1659 3487 dejectum,
1693 3415 1960 3488 quaedam

353 3503 491 3560 huic
521 3505 683 3578 operi
713 3503 1106 3560 subnectenda
1134 3503 1514 3572 decrevimus,
1547 3505 1752 3576 quibus
1794 3503 1962 3559 certis

355 3593 718 3666 temporibus
737 3595 1008 3664 certaque
1020 3592 1245 3647 ratione
1257 3593 1759 3648 bonisbumilitate
1776 3591 1964 3648 subdi-

354 3682 675 3750 tum,malis
687 3685 882 3737 autem
901 3681 1032 3736 ﬁdei
1044 3681 1368 3737 constantia
1384 3683 1723 3754 accensuraj
1732 3681 1959 3747 ustitizn,

352 3771 632 3844 temporis
651 3771 826 3826 etiam
867 3769 1201 3826 conibentia
1248 3773 1702 3842 repugnantem,
1733 3772 1792 3824 et
1813 3769 1960 3826 vitiis

353 3859 680 3933 vitiosisque
707 3857 1070 3915 resistentem
1101 3860 1500 3914 ostendamus.

429 3953 514 4006 15.
549 3952 805 4006 Domuns
835 3947 1126 4003 Heinricus
1153 3964 1272 4015 rex,
1305 3951 1402 4023 qui
1430 3949 1598 4005 tertio
1639 3947 1832 4004 Ottoni
1871 3947 1955 4003 di-

351 4056 424 4095 vo
437 4049 485 4082 ιθ
508 4039 845 4112 imperatori
869 4041 942 4096 ad
959 4039 1322 4113 regnandum
1336 4040 1566 4112 quidem
1577 4041 1844 4107 ,necdum
1865 4057 1960 4094 au-

351 4133 473 4186 tem
493 4130 565 4185 ad
594 4130 1026 4200 imperandum,
1049 4129 1110 4183 iu
1148 4132 1272 4184 tota
1307 4129 1635 4197 Germania,
1667 4147 1794 4202 quae
1820 4129 1962 4185 citra

353 4219 612 4274 tirenum
628 4217 738 4284 est,
753 4222 813 4274 et
839 4217 899 4274 in
917 4217 1169 4272 Lotharii
1185 4234 1390 4289 regno,
1417 4219 1572 4292 quod
1589 4219 1670 4274 eis
1692 4220 1960 4274 Rhenum

355 4309 834 4374 est,suceesserat,
867 4306 1220 4379 colloquium
1245 4309 1646 4382 synodumque
1685 4309 1795 4382 (‘22)
1827 4325 1960 4364 con-

350 4394 512 4452 scivit
533 4407 646 4462 (an.
675 4395 969 4467 1005).Ubi
999 4411 1203 4452 omnes
1231 4413 1378 4469 pene
1401 4397 1566 4470 regni
1585 4398 1671 4453 sui
1700 4414 1958 4452 summos

2060 3239 2525 3307 consanguinitate
2551 3239 2700 3293 nobis
2727 3245 2778 3293 et
2821 3242 3120 3312 quicunque
3150 3243 3206 3296 in
3243 3249 3358 3297 tota
3369 3246 3562 3314 patria
3587 3261 3688 3301 no-

2065 3325 2270 3380 biliores
2298 3334 2422 3382 sunt
2450 3329 2653 3382 cunctis
2675 3329 2948 3398 afﬁnitate
2975 3331 3311 3402 conjunctus,
3335 3349 3558 3388 uxorem
3580 3333 3688 3388 du-

2059 3416 2143 3468 :rit
2170 3416 2246 3471 sic
2268 3415 2372 3470 sibi
2385 3417 2768 3488 propinquam,
2799 3420 2874 3474 sic
2891 3421 3219 3489 proximam,
3247 3427 3329 3488 ut,
3359 3423 3503 3477 sicut
3531 3424 3690 3479 time-

2061 3519 2200 3572 mus,
2229 3522 2336 3558 non
2366 3504 2520 3560 modo
2563 3507 2871 3576 ipsi,verum
2925 3509 3074 3562 omni
3119 3509 3314 3579 patrie
3346 3510 3554 3580 oﬂ‘ensa
3582 3509 3699 3566 Dei

2063 3593 2317 3648 citissime
2346 3600 2416 3662 et,
2443 3600 2503 3648 ut
2527 3595 2755 3664 dicitur,
2778 3612 2882 3667 pro
2917 3596 3130 3665 foribus
3183 3596 3363 3653 adesse
3413 3598 3689 3670 videatur,

2052 3695 2360 3754 parumque
2396 3685 2576 3738 minus
2612 3686 2815 3740 crimen
2859 3685 3009 3738 nobis
3049 3685 3342 3740 tacentibus
3392 3685 3686 3756 indicitur,

2060 3786 2223 3840 quam
2251 3772 2301 3825 ei
2329 3773 2422 3844 qui
2449 3771 2585 3826 idem
2609 3772 2776 3827 scelus
2829 3773 3082 3828 audacter
3103 3781 3156 3830 et
3181 3775 3298 3830 sine
3313 3779 3534 3845 peccati
3555 3779 3689 3832 esti-

2051 3860 2290 3916 matione
2311 3867 2612 3931 perpetrare
2631 3861 2887 3918 cernitur.

2134 3951 2218 4003 17.
2271 3951 2529 4004 Domnus
2581 3949 2868 4006 Adalbero
2915 3950 3279 4006 Mettensium
3331 3951 3690 4010 venerabilis

2061 4037 2576 4109 prsesul,sanguine
2603 4040 2664 4092 et
2687 4038 2969 4094 afﬁnitate
3001 4040 3124 4113 regi
3153 4039 3431 4096 assidenti
3461 4045 3520 4096 et
3545 4057 3694 4097 cun-

2061 4128 2164 4182 ctis
2194 4126 2290 4199 qui
2320 4143 2388 4180 ex
2412 4125 2611 4197 magni
2644 4125 2894 4182 lleinrici
2921 4127 3078 4184 linea
3125 4129 3556 4186 descenderant
3585 4131 3693 4188 ad-

2061 4217 2251 4290 prime
2278 4216 2638 4286 conjunctus,
2673 4215 2806 4270 huic
2827 4232 2988 4271 sacro
3010 4217 3230 4288 synodo
3261 4219 3688 4288 intersedebat,

2063 4309 2122 4361 et
2151 4308 2213 4360 ut
2233 4307 2359 4359 erat
2387 4303 2604 4358 cunctis
2633 4305 3142 4361 consacerdotibus
3183 4306 3443 4362 nobilior
3493 4311 3686 4364 excel-

2061 4393 2396 4466 siorque,sic
2422 4391 2691 4446 nobiliori
2717 4391 3056 4466 celsiorique
3069 4395 3375 4450 sellainter
3391 4413 3526 4452 suos
3548 4409 3690 4467 pro-

349 4477 678 4542 sacerdotes
703 4487 1060 4553 coadunans,
1080 4490 1139 4543 et
1167 4504 1234 4542 ex
1257 4488 1492 4544 diversis
1519 4489 1743 4543 diversa
1759 4487 1951 4560 dispu-
1975 4483 2029 4542 D
2063 4482 2344 4538 minebat.
2372 4480 2483 4536 Hic
2512 4479 2665 4551 regis
2695 4481 3164 4552 objurgationem
3189 4485 3342 4538 ultra
3369 4484 3526 4540 ferre
3555 4502 3688 4542 non

345 4577 500 4643 tans,
530 4575 684 4631 inter
706 4577 1115 4649 disputandum
1152 4577 1305 4649 ipsos
1340 4577 1576 4632 eosdem
1629 4577 1953 4631 sacerdotes
2048 4576 2266 4639 valens,
2300 4572 2361 4624 et
2383 4573 2573 4624 tacere
2595 4569 3232 4640 ampliusinbouestum
3253 4573 3559 4646 judicans:
3590 4575 3692 4632 In-

347 4665 630 4732 aeerrime
652 4665 1046 4738 congreditur,
1081 4682 1182 4720 cur
1202 4667 1466 4721 videlicet
1487 4666 1546 4720 in
1577 4666 1691 4720 suis
1714 4665 1952 4720 diocesis
2055 4665 2233 4733 terim,
2272 4658 2480 4731 inquit,
2517 4661 2690 4712 aetatis
2739 4661 3048 4714 sanctitatis
3066 4668 3116 4714 et
3143 4663 3376 4718 scientiae
3394 4683 3694 4741 praeroga-

343 4756 404 4809 σι
424 4753 764 4810 diocesianis
784 4771 854 4810 ea
883 4771 1011 4828 quae
1041 4754 1300 4826 synodali
1322 4771 1388 4809 ac
1413 4770 1512 4826 per
1548 4755 1655 4809 hoc
1671 4753 1951 4825 spirituali
2050 4755 2183 4819 tiva,
2222 4751 2395 4804 locum
2421 4746 2635 4818 quulem
2685 4747 2937 4819 loquendi
2975 4766 3096 4804 cum
3148 4752 3425 4820 fratribus
3479 4764 3692 4816 nostris

338 4844 488 4899 {falce
514 4844 764 4899 secanda
783 4846 952 4898 erant
973 4860 1088 4898 non
1111 4846 1456 4910 resecarent,
1485 4860 1549 4897 ac
1567 4843 1758 4913 gladio
1774 4843 1949 4915 Spiri-

339 4937 432 4989 tus
458 4933 640 4990 sancti
669 4932 902 5006 putrida
923 4935 982 4987 et
1002 4933 1156 4988 male
1177 4949 1318 4988 sana
1333 4949 1368 4988 a
1394 4932 1674 4987 membris
1694 4931 1952 4987 ﬁdelium

339 5021 638 5080 abscidere
667 5022 1113 5095 supersederent
1159 5021 1496 5078 Mirantibus
1511 5019 1802 5088 omnibus,
1817 5019 1956 5092 quid

339 5111 447 5170 sibi
477 5111 654 5167 verba
686 5110 842 5183 regis
868 5112 992 5166 tam
1042 5109 1464 5166 districtissima
1508 5109 1721 5164 vellent
1771 5126 1958 5182 quove

333 5201 668 5267 tenderent,
691 5215 793 5256 rex
816 5199 1226 5256 ammiratione
1256 5215 1355 5254 eos
1384 5199 1684 5254 absolvere
1713 5199 1956 5268 curavit,

336 5289 549 5364 quidve
571 5287 964 5360 praetenderet
992 5289 1188 5362 palam
1213 5287 1368 5344 fecit.

2051 4843 2260 4906 dantes,
2289 4845 2336 4890 et
2369 4837 2618 4890 honorem
2648 4839 2794 4890 canis
2823 4840 3182 4910 senectutique
3203 4841 3386 4897 divino
3409 4857 3692 4920 praecqito

2053 4929 2330 4993 exibentes,
2360 4941 2463 4999 quo
2487 4924 2686 4980 dicitur
2713 4941 2726 4978 :
2761 4946 2790 4974 «
2815 4924 3009 4982 Coram
3068 4943 3200 4982 cano
3244 4934 3418 5002 capite
3450 4950 3694 4992 consur-

2053 5036 2152 5092 gas
2173 5016 2364 5082 (Leuit.
2392 5029 2518 5081 xxx,
2563 5015 2672 5079 32),
2704 5035 2734 5064 »
2787 5016 2914 5086 quia
2944 5015 3240 5087 maiestatis
3281 5027 3466 5076 vestrae
3483 5030 3700 5095 μοιεη-

2061 5105 2431 5168 tiam,domine
2458 5103 2537 5156 mi
2565 5101 2757 5169 νωιμά
2803 5103 3024 5160 dedecus
3053 5107 3226 5161 nostri
3249 5107 3453 5164 ordinis
3489 5113 3696 5184 objur-

2058 5195 2268 5270 gationi
2287 5197 2336 5248 et
2363 5192 2649 5246 invectioni
2664 5191 2790 5262 plus
2803 5191 3030 5264 plusque
3067 5194 3312 5252 videmus
3328 5198 3490 5254 verba
3517 5217 3698 5276 auge.

2063 5301 2149 5341 re:
2189 5290 2362 5338 tacere
2387 5279 2552 5347 ultra,
2579 5293 2704 5335 vere
2751 5279 3007 5350 fatemur,
3038 5289 3089 5338 et
3111 5300 3233 5355 qua»
3252 5293 3396 5342 recta
3418 5297 3556 5346 sunt
3584 5310 3698 5349 non

1649 5383 1888 5443 VARle
1950 5379 2351 5440 LECTIONES.

396 5486 445 5521 ³0
470 5472 758 5548 recipiens
777 5477 832 5530 2.
863 5475 915 5530 3.
947 5483 993 5518 αι
1029 5475 1178 5530 LXX.
1223 5478 1273 5530 3.
1307 5485 1354 5518 ﬂ
1386 5477 1648 5548 pualeret
1673 5479 1720 5531 1.
1749 5485 1796 5520 ﬂ
1836 5471 2178 5548 adjectionis
2206 5473 2266 5548 2ἶ
2279 5472 2342 5548 _3.
2376 5477 2422 5548 ’ξ
2446 5465 2708 5548 utilitatis
2728 5482 2865 5548 corr.
2897 5465 3134 5548 uilitatis
3169 5473 3216 5528 t.
3245 5471 3518 5534 utilitatis
3552 5484 3610 5537 2.
3635 5483 3689 5536 3.

325 5553 372 5586 ³⁸
398 5537 784 5620 praedicantes
811 5562 950 5606 corr.
986 5550 1325 5602 enarrantes
1353 5537 1408 5606 2:
1437 5556 1485 5589 ὀ
1515 5547 1640 5602 vivo
1677 5551 1725 5602 1.
1750 5553 1804 5604 2.
1841 5537 2033 5602 divino
2065 5560 2203 5600 corr.
2235 5539 2366 5596 divo
2393 5542 2445 5593 3.
2471 5546 2516 5580 ’⁷
2548 5537 2710 5592 nefas
2738 5537 2893 5593 dictu
2923 5543 2976 5594 2.
3013 5543 3066 5596 3.

391 5704 503 5776 (22)
548 5701 634 5757 os.
666 5702 978 5764 Thietmar.
1010 5705 1099 5764 vr.
1139 5708 1228 5766 21.
1255 5705 1354 5766 ss.
1387 5707 1480 5764 ιιι.
1506 5721 1565 5780 p.
1600 5708 1722 5766 ua.
1881 5635 2102 5693 ΝΟΜ
