3888 6218
230 479 361 535 1561

1502 467 1662 526 VlTA
1687 468 2105 528 ADALBERON
2109 468 2169 526 IS
2205 469 2270 527 Il.

3408 464 3546 533 i562

225 599 420 666 dicere,
451 612 560 652 non
604 593 775 651 solum
798 591 1059 661 stultitia,
1089 589 1180 648 sed
1205 591 1344 666 quod
1386 591 1564 663 majus
1601 595 1695 659 est,
1726 607 1841 645 ma-
1866 593 1922 653 Α
2018 594 2105 648 l9.
2136 592 2250 648 Hac
2271 592 2446 665 igitur
2461 591 2873 661 simultatione,
2898 591 2988 648 his
3008 590 3153 649 odiis
3167 590 3545 648 infestissimis

227 705 351 760 θηε
378 684 708 741 verecundia
745 684 1075 755 deputamus.
1105 682 1347 737 Domnus
1376 681 1499 737 Otto
1528 680 1654 747 dux,
1685 685 1844 751 pater

228 780 384 832 istius
439 774 754 830 venerabilis
802 772 1053 829 Conradi
1106 772 1252 826 ducis
1304 772 1454 825 nobis
1498 769 1840 834 consedentts,

222 872 383 921 natus
412 882 477 919 ex
514 862 632 937 ﬁlia
669 870 742 916 est
770 871 818 905 38
847 864 1034 930 magni
1065 860 1292 927 Ottonz's,
1339 861 1493 930 cujus
1533 876 1680 913 soror
1714 859 1841 914 Gir-

227 956 407 1025 bergz'a
434 963 480 996 ιθ
509 952 653 1006 dedit
695 952 864 1021 ﬁliam
914 968 1067 1006 suam
1115 950 1362 1005 Conrado
1386 949 1843 1018 Burgundionum

222 1045 355 1115 regi.
391 1043 484 1099 Ex
507 1040 751 1098 Conradi
775 1048 954 1095 autem
982 1040 1096 1110 ﬁlia
1125 1048 1255 1094 nata
1284 1046 1355 1093 est
1385 1039 1599 1092 domina
1617 1037 1843 1091 Mat/til’

220 1133 303 1187 dis
332 1141 401 1200 ³ο,
434 1132 606 1202 hujus
641 1129 886 1184 Conradi
909 1137 953 1170 ³1
982 1128 1258 1184 assidenti:
1284 1144 1417 1181 uxor
1456 1127 1577 1181 Hoc
1606 1143 1726 1195 ergo
1751 1131 1842 1196 με·

219 1220 484 1291 nealogia
516 1219 721 1280 ordine,
762 1221 885 1290 quia
910 1219 1084 1288 frater
1111 1234 1359 1287 sororque
1388 1217 1445 1269 in
1472 1216 1838 1285 supputatione

221 1325 330 1364 non
348 1309 738 1373 admittuntur,
761 1308 1198 1374 consanguinitas
1218 1304 1407 1359 [eorum
1420 1321 1525 1357 non
1532 1304 1655 1374 plus
1673 1319 1837 1375 quam

220 1396 448 1452 secundo
477 1397 588 1451 loco
617 1394 1139 1465 elongaripraevalet.
1174 1394 1301 1448 Hinc
1332 1394 1502 1449 beato
1529 1392 1653 1447 viro
1682 1394 1833 1446 rete-

219 1489 418 1554 xente,
436 1488 611 1540 tanta:
634 1486 733 1539 irae
752 1489 850 1539 tan
860 1488 1045 1555 tesque
1062 1484 1382 1538 simultates
1406 1483 1466 1537 in
1479 1480 1832 1554 ipsasynodo

225 1590 506 1647 exurgere
528 1573 697 1645 coepit
726 1576 808 1639 ut,
842 1572 947 1627 nisi
980 1575 1125 1626 esset
1148 1589 1216 1626 ea
1239 1571 1507 1625 nobilitas
1527 1587 1641 1641 qua
1667 1571 1828 1633 coelo,

223 1666 384 1718 terra
420 1662 695 1734 marique
743 1662 1008 1732 ultraque
1055 1676 1216 1714 mare
1246 1659 1472 1713 inclitus
1502 1659 1830 1729 ell'ulgebat,

1942 679 2250 736 discessum
2293 687 2396 749 est,
2444 687 2501 738 et
2545 682 2933 755 unusquisque
2979 682 3053 737 ad
3092 679 3328 753 propria
3354 679 3544 735 redire

1941 767 2270 825 festinabat.
2300 772 2412 827 Sed
2458 772 2705 827 domnus
2727 770 3006 843 pontifex,
3034 770 3174 824 dum
3211 786 3277 823 ex
3308 767 3544 841 propria

1942 864 1988 899 ³⁷
2016 860 2203 929 patria
2248 862 2518 916 recedens
2568 862 2639 916 ad
2691 863 2886 932 regale
2942 858 3291 933 colloquium
3349 873 3543 930 perre-

1942 951 2122 1014 xerat,
2149 949 2289 1004 nihil
2315 950 2520 1004 horum
2545 954 2826 1017 metuens,
2844 949 2985 1004 nihil
3001 950 3209 1003 horum
3240 946 3542 1014 estimans,

1942 1037 2077 1108 quia
2106 1042 2230 1092 erat
2271 1039 2533 1093 omnium
2560 1040 2643 1093 sui
2669 1040 2944 1112 temporis
2988 1037 3322 1093 mitissimus
3369 1040 3544 1107 atque

1942 1126 2230 1195 pacificus,
2251 1145 2366 1181 non
2391 1128 2573 1182 multa
2603 1129 2836 1183 militari
2865 1146 3063 1197 manu,
3090 1130 3175 1183 set
3195 1126 3539 1181 clericorum

1940 1217 1997 1267 et
2025 1216 2561 1270 honestissimorum
2590 1217 2869 1271 laicorum
2900 1217 3223 1272 dulcissimo
3255 1214 3537 1269 comitatu

1937 1321 2070 1358 usus
2113 1309 2218 1370 est,
2270 1308 2327 1358 et
2371 1309 2605 1376 prepter
2639 1306 2695 1359 id
2746 1306 2803 1359 in
2849 1306 3165 1372 redeundo,
3214 1320 3416 1359 verens
3459 1321 3534 1358 ne

1934 1392 2086 1448 forte
2108 1392 2166 1447 in
2198 1392 2286 1447 via
2315 1394 2493 1447 hostis
2522 1393 2755 1448 insidias
2779 1398 3092 1465 pateretur,
3113 1395 3185 1448 ab
3212 1392 3418 1447 itinere
3437 1409 3536 1464 pa-

1937 1498 2071 1536 rum
2104 1482 2242 1552 quid
2273 1482 2561 1537 declinare
2589 1483 2831 1552 dignum
2859 1483 3036 1549 duxit,
3054 1485 3112 1536 et
3130 1482 3331 1536 cedere
3350 1481 3534 1553 magis

1936 1571 2009 1625 ad
2029 1571 2235 1625 horam
2259 1589 2435 1643 quam
2451 1572 2692 1626 vesaniae
2718 1581 2765 1615 88
2788 1573 3028 1627 furentis
3058 1571 3534 1642 principislocnm

1935 1659 2105 1713 caedis
2135 1663 2232 1714 aut
2258 1659 2495 1731 alicujus
2523 1661 2757 1715 alterius
2778 1660 3156 1731 malignitatis
3185 1659 3323 1713 dare
3337 1658 3533 1714 voluit.

227 1750 525 1807 Conradus
546 1750 763 1815 dux,de
782 1766 896 1821 quo
915 1766 1006 1803 res
1026 1757 1072 1790 δ’
1095 1749 1468 1819 agebatur,et
1488 1747 1832 1819 quicumque
1864 1760 1914 1819 Β
1935 1747 2034 1802 Dei
2070 1752 2263 1802 autem
2296 1748 2713 1819 omnipotentis
2756 1753 2814 1804 et
2843 1749 3049 1804 Christi
3079 1747 3201 1818 ejus
3230 1746 3538 1802 inetl'abilis

227 1855 346 1893 sua:
377 1838 555 1909 partis
581 1840 767 1907 erant,
803 1854 989 1909 neque
1018 1839 1199 1892 Deum
1232 1853 1417 1908 neque
1448 1835 1667 1908 regiam
1707 1850 1832 1889 ma-

217 1926 496 1998 jestatem
527 1928 877 1988 reverentes,
909 1942 1097 1997 neque
1147 1924 1556 1990 sacerdotibus,
1585 1940 1833 1994 quorum

225 2016 481 2070 maxima
512 2018 569 2069 et
598 2014 1002 2069 honestissima
1054 2014 1365 2068 multitudo
1414 2030 1665 2084 praesens
1703 2013 1833 2067 ade-

226 2107 336 2171 rat,
370 2102 586 2175 aliquid
628 2102 866 2157 honoris
894 2102 1208 2168 exibentes,
1249 2118 1415 2155 arma
1462 2102 1830 2173 furoremque

222 2191 654 2264 corripuissent,
682 2195 741 2245 et
769 2191 842 2246 ad
870 2190 1159 2245 insaniam
1214 2191 1636 2257 exsaniaudam,
1664 2189 1829 2261 quid-

221 2281 362 2353 quid
415 2280 555 2335 mali
611 2296 818 2334 manus
868 2280 1160 2351 roburque
1213 2278 1425 2333 inferre
1468 2281 1678 2351 posset,
1712 2295 1829 2333 non

223 2368 527 2425 omisisset,

293 2462 382 2513 18.
415 2455 632 2511 Aderat
676 2455 809 2511 huic
853 2454 1038 2528 magis
1074 2455 1341 2512 seditioni
1385 2471 1559 2527 quam
1608 2456 1826 2527 synodo

222 2546 473 2601 domnus
498 2544 900 2612 Theodericus,
924 2545 1105 2600 frater
1142 2545 1376 2616 quidem
1408 2545 1576 2615 hujus
1608 2544 1828 2598 domini

222 2634 404 2689 nostri
433 2633 811 2688 Adalberonis
832 2633 1138 2706 pontiﬁcis,
1162 2632 1272 2686 dux
1292 2636 1487 2688 autem
1511 2648 1712 2687 eorum
1733 2631 1829 2704 qui

220 2723 298 2778 cis
323 2732 372 2766 ³³
398 2723 657 2795 citraque
697 2724 911 2777 Mosam
949 2724 1356 2794 Mosellamque
1385 2731 1431 2764 δι
1465 2720 1739 2787 resident,
1773 2725 1830 2776 et

217 2813 341 2867 haec
355 2829 483 2884 quae
497 2812 821 2882 agebantur
837 2828 1063 2883 queque
1072 2812 1093 2881 j
1106 2815 1226 2866 uste
1250 2811 1830 2881 disponebantur,sua

217 2900 560 2955 auctoritate
574 2899 844 2954 ﬁrmabat
858 2903 1029 2971 atque
1043 2899 1427 2954 corroboraba
1440 2899 1829 2971 t,nuptiasque

216 2988 445 3044 illicitas
474 3004 605 3043 cum
655 2989 893 3060 reliquis
938 2989 1194 3055 ducibus,
1226 2987 1555 3054 comitibus,
1587 2990 1644 3041 et
1675 2988 1829 3058 quod

217 3078 408 3149 majus
424 3080 529 3141 est,
548 3077 939 3132 sacerdotibus
970 3079 1087 3133 Deo
1114 3080 1171 3131 et
1194 3076 1525 3131 rectitudini
1556 3092 1619 3130 ac
1648 3075 1826 3146 regiae

210 3165 451 3237 justitiez
480 3165 805 3219 faventibus
826 3166 1173 3236 dampnans,
1197 3168 1253 3219 et
1272 3166 1556 3218 humanas
1576 3164 1687 3217 iras
1710 3179 1826 3218 non

215 3253 564 3320 formidans,
579 3253 863 3326 aequitatis
879 3255 1043 3309 lance
1067 3271 1193 3326 qua:
1218 3253 1317 3308 Dei
1334 3257 1502 3307 erant
1532 3252 1826 3307 liberrime

216 3342 589 3398 decernebat.
603 3342 861 3397 Aderant
879 3343 1056 3397 etiam
1078 3343 1138 3397 in
1162 3344 1267 3397 hac
1281 3341 1592 3397 venerabili
1606 3341 1824 3412 synodo

214 3431 392 3503 primi
407 3433 466 3485 et
481 3429 755 3503 principui
771 3431 1098 3489 sacerdotes
1128 3431 1433 3501 Willigisus
1461 3429 1825 3501 Maguntinus

214 3520 446 3590 praesul,
481 3519 812 3574 Heribertus
837 3518 1195 3574 Coloniensis
1224 3518 1428 3573 itidem
1461 3519 1689 3590 praesul,
1712 3517 1825 3585 [ille

215 3607 641 3663 Warmacensis
666 3608 804 3678 (23),
836 3608 931 3662 ille
960 3606 1353 3679 Argenlensis,
1390 3611 1437 3660 2.
1474 3609 1575 3673 3.],
1614 3607 1823 3661 Walte—

213 3696 331 3752 rius
364 3704 412 3739 ³³
441 3696 747 3768 Spirensis,
799 3696 1100 3768 Notgerius
1139 3704 1185 3737 ³ο
1228 3694 1610 3761 Leodicensis,
1662 3695 1825 3749 Hezel

215 3784 661 3858 Wiziburgensis
692 3783 827 3856 (24),
862 3784 1064 3839 Haimo
1100 3783 1491 3850 Virdunensis,
1531 3784 1826 3838 Bertaldus

213 3874 536 3942 Leucensis,
553 3873 765 3945 aliique
786 3890 959 3944 quam
978 3874 1171 3945 plures
1194 3889 1311 3927 non
1336 3873 1520 3927 solum
1539 3890 1605 3926 ex
1626 3874 1825 3928 Lotha—

210 3963 282 4018 rii
303 3980 487 4034 regno
519 3979 718 4017 verum
749 3980 816 4017 ex
849 3962 1010 4016 omni
1055 3962 1383 4026 Germania,
1417 3977 1664 4032 quorum
1693 3978 1824 4031 pars

211 4053 433 4118 favore,
458 4068 590 4123 pars
607 4052 815 4107 timore
846 4051 1055 4106 nobilis
1075 4067 1361 4121 personae,
1387 4050 1517 4104 hinc
1546 4050 1680 4105 inde
1708 4050 1825 4119 agi-

214 4140 343 4205 tati,
375 4140 509 4194 hinc
539 4140 676 4195 inde
703 4140 1043 4205 deﬂuentes,
1072 4139 1237 4209 pauci
1269 4139 1607 4205 admodum,
1629 4142 1689 4192 et
1720 4138 1825 4211 ipsi

211 4230 366 4283 inter
384 4245 515 4283 suos
536 4228 831 4300 prazcipui,
858 4230 970 4283 Deo
1002 4227 1369 4282 dilectissimo
1390 4226 1735 4281 Adalberoui
1770 4230 1826 4281 et

211 4316 378 4373 dictis
424 4317 546 4389 ejus
594 4316 923 4388 justissimis
967 4316 1363 4371 testimonium
1395 4315 1650 4371 veritatis
1675 4315 1828 4389 exhif

216 4406 441 4472 bentes,
474 4410 744 4477 egerunt,
767 4408 831 4459 ut
860 4405 1014 4459 inter
1035 4422 1232 4460 verum
1258 4406 1582 4476 falsumque
1605 4387 1823 4460 discidii

1936 1837 2118 1908 pietas
2147 1841 2205 1891 et
2234 1840 2453 1891 aeterna
2500 1838 2828 1900 clementia,
2861 1838 3026 1892 aliter
3064 1852 3241 1907 quam
3286 1835 3538 1890 domnus

1936 1926 2197 1996 pontifex
2229 1925 2571 1993 crediderat,
2593 1926 2673 1981 rei
2704 1929 2976 1980 eventum
2996 1924 3326 1978 miserando
3343 1924 3538 1995 dispo-

1934 2015 2119 2069 suitet
2150 2014 2509 2084 disponendo
2541 2014 2969 2084 prwordinavit,
2994 2014 3132 2068 dum
3157 2010 3423 2083 spiritum
3445 2012 3539 2066 fu-

1934 2102 2080 2157 roris
2107 2106 2163 2157 et
2194 2103 2588 2173 malignitatis,
2620 2103 2755 2157 dum
2778 2102 2892 2157 vim
2918 2101 3218 2157 bachantis
3249 2110 3294 2143 89
3326 2104 3384 2155 et
3414 2110 3535 2156 tur-

1933 2192 2153 2247 bulenti
2183 2192 2490 2263 vertigines
2508 2201 2552 2233 ιο
2574 2191 2632 2245 in
2657 2208 2789 2245 eum
2808 2190 3153 2262 pavoremiu
3185 2207 3435 2262 eumque
3463 2189 3535 2245 ti-

1934 2298 2157 2337 morem
2181 2281 2577 2347 commutavit,
2592 2284 2731 2334 uteo
2746 2280 2965 2350 impetu
2978 2296 3159 2351 eaque
3179 2278 3408 2346 virtute,
3423 2295 3537 2351 qua

1932 2370 2033 2427 Dei
2065 2371 2251 2425 virum
2283 2378 2325 2413 U
2358 2375 2493 2424 ante
2526 2370 2789 2441 persequi
2837 2370 3205 2435 moliebatur,
3246 2384 3401 2423 nunc
3442 2369 3532 2422 fu-

1933 2476 2067 2531 gere
2089 2477 2151 2514 ac
2175 2462 2327 2513 retro
2350 2460 2433 2513 ire
2462 2459 2674 2512 viribus
2705 2458 2911 2529 quibus
2930 2460 3157 2529 poterat
3186 2456 3537 2529 aggredere-

1932 2552 2043 2615 tur,
2062 2566 2126 2603 ac
2152 2549 2337 2619 magis
2357 2547 2482 2619 capi
2514 2548 2748 2601 timeret
2763 2563 2935 2618 quam
2953 2562 3157 2617 capere
3185 2546 3529 2600 elaboraret.

2003 2641 2090 2693 20.
2109 2638 2340 2692 Duobus
2358 2636 2532 2706 igitur
2555 2636 2755 2691 diebus
2784 2636 2918 2705 fuge
2942 2634 3120 2689 ﬁdem
3139 2633 3530 2699 committens,

1933 2727 2117 2782 donec
2146 2727 2203 2781 in
2232 2730 2353 2780 tnto
2381 2742 2440 2778 se
2471 2741 2591 2779 esse
2622 2724 2884 2790 credidit,
2909 2738 3138 2793 semper
3165 2739 3223 2776 se
3256 2738 3289 2777 a
3315 2722 3533 2776 domno

1931 2815 2203 2886 pontiﬁce
2235 2818 2291 2869 et
2314 2816 2492 2869 fratre
2523 2816 2644 2886 ejus
2666 2815 2808 2869 duce
2824 2812 3133 2868 Teoderico
3161 2809 3383 2881 insequi
3422 2808 3537 2863 exi-

1930 2903 2206 2957 stimabat
2227 2908 2585 2959 memoratus
2621 2903 2947 2969 Conradus;
2981 2899 3161 2956 nostri
3192 2914 3325 2953 vero
3358 2897 3534 2952 nichil

1931 2992 2086 3046 aliud
2107 3008 2281 3063 quam
2310 2992 2559 3064 patriam
2591 2997 2873 3065 repetere,
2898 2994 2954 3044 et
2975 2990 3033 3044 id
3052 3003 3282 3043 summa
3302 2986 3533 3041 festina-

1931 3081 2087 3135 tione
2101 3082 2493 3145 conabantur;
2510 3085 2567 3135 et
2585 3082 2718 3152 quia
2739 3082 2796 3135 id
2810 3084 3036 3151 tempus
3048 3077 3317 3149 poscebat
3326 3077 3536 3147 praeter

1928 3186 2130 3241 pacem
2163 3172 2219 3223 et
2243 3186 2312 3222 ea
2350 3186 2476 3239 quae
2502 3170 2657 3240 pacis
2689 3172 2843 3236 sunt,
2878 3167 3140 3221 videlicet
3164 3167 3405 3231 metere,
3437 3179 3533 3217 cu-

1926 3257 2005 3311 ris
2036 3257 2363 3311 domesticis
2395 3257 2556 3310 utilia
2588 3256 3017 3321 administrare,
3061 3254 3310 3308 domnus
3338 3255 3534 3307 autem

1928 3346 2223 3418 episcopus
2245 3355 2289 3387 ⁴²
2311 3349 2583 3399 consueta
2602 3349 2884 3416 repetere,
2901 3342 3255 3397 monasteria
3273 3339 3537 3395 videlicet

1926 3436 2014 3489 vel
2044 3450 2193 3489 nova
2222 3437 2555 3489 construere
2581 3434 2669 3487 vel
2689 3436 2883 3487 vetera
2911 3434 3217 3486 restruere.
3259 3443 3533 3498 procura-

1928 3523 2046 3580 bat.
2077 3524 2207 3577 Haec
2237 3522 2353 3578 dixi
2382 3526 2618 3594 propter
2645 3523 2769 3587 hos,
2803 3520 2900 3593 qui
2933 3519 3085 3574 beati
3124 3516 3229 3571 viri
3256 3516 3533 3570 innocen-

1926 3612 2068 3668 tiam
2086 3615 2142 3667 et
2162 3613 2442 3685 pietatem
2469 3612 2529 3665 in
2555 3610 2857 3665 stultitiam
2880 3612 2937 3664 et
2949 3606 3323 3663 stoliditatem
3344 3606 3531 3658 verte-

1928 3701 2068 3757 bant
2098 3707 2156 3757 et
2177 3701 2507 3757 Iudaeorum
2537 3716 2825 3772 sequaces,
2859 3698 2956 3769 qui
2987 3698 3158 3767 caput
3183 3696 3444 3748 nostrum
3474 3695 3536 3747 et

1926 3790 2275 3863 principium
2318 3789 2684 3845 mordacibus
2727 3787 2914 3841 verbis
2956 3786 3384 3857 persequentes,
3416 3779 3534 3835 vini

1926 3883 2249 3951 potatorem
2270 3882 2327 3933 et
2344 3878 2630 3933 daemonio
2644 3878 2901 3949 plenum,
2919 3872 3071 3946 quod
3086 3871 3247 3925 nefas
3257 3873 3343 3923 est
3353 3869 3533 3924 etiam

1927 3969 2236 4033 recordari,
2266 3984 2493 4039 semper
2524 3965 2918 4021 inclamabant
2935 3994 3004 4004 —
3020 3964 3250 4026 horum,
3267 3959 3529 4029 inquam,

1926 4057 2142 4111 similes
2162 4074 2388 4110 servum
2414 4057 2509 4110 Dei
2537 4059 2592 4109 et
2612 4053 3074 4109 honestissimum
3094 4048 3303 4104 summi
3329 4045 3531 4117 capitis

1931 4146 2261 4200 membrum
2293 4145 2425 4215 quia
2451 4146 2521 4199 ad
2545 4161 2788 4216 qumque
2805 4140 3052 4197 convitia
3073 4140 3147 4193 ad
3168 4135 3530 4192 irascendum

1927 4250 2044 4287 non
2076 4232 2366 4286 insanibat
2398 4244 2462 4300 ιθ,
2492 4235 2761 4290 hebetem
2789 4237 2848 4287 et
2894 4229 3201 4285 vecordem
3239 4224 3527 4280 dicebant.

1928 4320 2026 4375 Hic
2057 4324 2251 4375 autem
2278 4321 2481 4375 beatus
2507 4326 2564 4375 et
2593 4322 2664 4376 ad
2697 4321 2802 4376 sibi
2830 4321 3013 4375 illatas
3037 4316 3278 4389 injurias
3307 4312 3532 4385 patiens

1929 4425 2050 4464 esse
2104 4408 2402 4475 didicerat,
2446 4414 2505 4464 et
2560 4411 2923 4465 subditorum
2975 4403 3402 4462 kalamitatibus
3452 4398 3531 4455 sic

211 4498 272 4548 et
299 4493 601 4548 discordia
634 4510 753 4547 non
784 4494 1011 4549 modica
1039 4494 1375 4565 disceptatio
1424 4495 1608 4561 fieret,
1645 4512 1819 4567 quam
1846 4533 1898 4591 D
1928 4514 2160 4569 semper
2189 4498 2386 4551 adesse
2416 4499 2746 4567 festinabat,
2773 4504 2833 4553 ut
2858 4514 3053 4554 rerum
3076 4490 3530 4567 oportunitatem

205 4582 382 4638 etiam
413 4582 535 4654 ipse
584 4598 681 4636 rex
712 4584 953 4637 omnino
984 4582 1185 4637 sedare
1216 4600 1335 4637 non
1363 4584 1576 4654 potuit;
1612 4600 1810 4639 verum

207 4672 317 4726 nisi
336 4675 484 4726 esset
501 4670 722 4725 domini
748 4674 805 4725 et
824 4672 1107 4740 pontiﬁcis
1121 4672 1303 4725 nostri
1325 4672 1704 4727 Adalbcronis
1724 4673 1813 4728 in—

208 4759 617 4831 comparabilis
639 4759 925 4823 nobilitas,
941 4760 1099 4814 furor
1111 4777 1274 4814 recns
1297 4761 1589 4815 etinsania
1605 4761 1813 4816 misera

205 4864 371 4902 arma
395 4848 572 4903 etiam
594 4850 820 4920 telaque
849 4849 1234 4919 corripuisset,
1258 4853 1315 4901 et
1336 4850 1410 4903 ad
1432 4851 1809 4904 homicidium

206 4952 382 5009 usque
410 4936 511 4991 ira:
539 4937 995 4992 commotionem
1025 4938 1355 5010 pertingere
1387 4939 1739 5011 contigisset.

1926 4588 2283 4658 praestolans,
2313 4586 2582 4640 omnibus
2613 4587 2816 4642 omnia
2843 4588 3046 4652 factus,
3069 4581 3276 4639 sanctis
3300 4592 3530 4649 semper

1923 4675 2201 4741 subditus,
2251 4691 2390 4745 erga
2422 4677 2603 4729 malos
2645 4678 2708 4727 ut
2747 4677 3216 4728 converterentur
3246 4669 3318 4724 ad
3348 4666 3532 4721 corri-

1926 4763 2181 4835 gendum
2222 4768 2280 4817 ct
2329 4764 2711 4819 cxortandum
2758 4763 2981 4816 assidue
3012 4762 3383 4832 praeparatus,
3414 4754 3526 4807 fre-

1926 4857 2171 4923 quenter
2200 4871 2299 4906 sua
2324 4853 2681 4923 benignitate
2712 4852 2927 4905 fructus
2970 4851 3075 4905 sibi
3114 4868 3181 4905 ex
3220 4857 3526 4921 pravorum

1929 4942 2300 4996 conversione
2334 4940 2694 5013 adquirebat,
2726 4942 2785 4995 et
2813 4939 3036 4994 lucrum
3066 4958 3132 4995 ex
3156 4938 3400 5013 pecunia
3423 4935 3527 4992 sibi

1544 5090 1777 5146 VARUE
1806 5090 2097 5147 LECTION
2103 5093 2204 5149 ES.

273 5222 320 5258 ιε
350 5231 432 5271 m.
457 5230 512 5292 (ξε
547 5230 596 5269 e.
621 5218 674 5270 2.
708 5218 759 5270 3.
787 5224 834 5258 3°
867 5216 1158 5292 girbergia
1194 5232 1335 5273 corr.
1389 5217 1651 5292 gibergia
1684 5222 1730 5272 l.
1782 5227 1830 5261 ³ο
1885 5217 2183 5292 mathildis
2220 5224 2279 5292 72.
2323 5228 2368 5263 ³1
2409 5220 2676 5277 conradis
2697 5224 2746 5276 l.
2797 5227 2844 5261 ³³
2874 5234 2973 5274 rex
2997 5223 3048 5292 1.
3076 5222 3128 5275 2.
3154 5223 3205 5275 3.
3258 5229 3304 5263 ³³
3332 5220 3438 5276 scis
3469 5226 3525 5282 3.

205 5292 252 5371 ξι
281 5286 801 5371 Ψοξδθῌαξρᾳιὶυθᾼᾷ,
832 5286 1192 5371 διίνηιιιιριτιιξ
1311 5293 1360 5343 3.
1394 5286 1764 5371 ἶξῆηιιόιξξθιζυε
1885 5291 1937 5347 3.
1968 5296 2049 5371 ‘37
2081 5291 2270 5371 patria
2298 5292 2533 5371 propria
2555 5295 2587 5346 2
2633 5295 2686 5371 3..
2736 5298 2783 5332 ³8
2808 5289 3128 5371 uexari-iuri!
3158 5299 3205 5332 89
3235 5293 3527 5371 vachantis

210 5359 260 5433 β.
294 5366 341 5399 ⁴ο
365 5359 450 5433 ita
478 5362 525 5433 1Δ
551 5360 603 5433 2.
638 5362 689 5413 3.
718 5366 761 5399 ιι
809 5374 1038 5414 servum
1068 5364 1120 5416 2.
1152 5363 1204 5414 3.
1228 5369 1274 5401 «³
1300 5360 1560 5431 pontifex
1586 5364 1637 5416 2.
1686 5360 1928 5416 fontifex
1967 5362 2019 5417 3.
2054 5359 2099 5403 ιε
2129 5359 2452 5420 insaniebat
2480 5380 2623 5433 corr,
2656 5361 2948 5419 insanibat
2980 5364 3027 5418 l.
3068 5360 3356 5419 insanibat
3383 5378 3521 5418 corr.

208 5425 537 5483 insaniebat
564 5432 617 5483 2.

1750 5531 1975 5588 NOT/E.

275 5645 393 5792 ἑῇς
425 5646 918 5730 Wormaticiensis
949 5652 1085 5730 tunc
1115 5651 1465 5721 Burhardus,
1489 5654 1928 5725 Argentinensis
1966 5653 2355 5711 Werinliarius
2393 5657 2536 5711 erat.

302 5718 370 5775 24
414 5719 456 5779 Ι.
492 5732 543 5775 θ.
578 5718 1068 5792 Wirziburgenms.

302 5718 387 5782 24)
414 5719 456 5779 Ι.
492 5732 543 5775 θ.
578 5718 1068 5796 Wirziburgensis.
