3888 6218
349 451 485 521 1363

1335 456 1790 517 CONSTANTINI
1826 457 1884 517 S.
1919 458 2393 517 SYIPHORIANI
2422 456 2711 517 ABBATIS

3550 458 3690 524 1864

345 580 564 638 credita
587 579 784 637 fecisse
808 579 1054 636 multum
1075 579 1787 652 gaudebat.Exortabatur
1807 595 1951 650 quos
1974 584 2026 643 Α
2055 578 2282 634 cientiae
2313 595 2420 650 pro
2451 583 2618 639 nobis
2647 584 2906 656 perferre
2938 583 3234 657 dignatus,
3264 586 3564 660 patientes
3584 606 3690 646 nos

347 670 595 726 exortari
615 671 825 726 debere
857 670 1105 736 videbat,
1139 670 1478 741 increpabat
1505 669 1676 723 duros
1699 671 1756 722 et
1789 667 1954 740 perti-

348 758 471 826 dos,
499 759 836 815 obsecrabat
864 759 989 832 pios
1018 763 1075 812 et
1103 758 1389 828 benignos
1427 757 1501 811 ad
1549 757 1793 811 meliora
1816 772 1952 809 con-

347 848 656 915 scendere;
701 865 844 920 quos
870 863 1002 901 vero
1035 847 1246 901 mentis
1293 845 1508 900 duritia
1538 845 1956 916 incorrigibiles

349 936 652 1002 efficiebat,
667 937 772 991 hos
791 934 984 1006 gladio
1002 937 1060 988 et
1075 934 1256 988 armis
1273 933 1480 988 divinae
1503 932 1957 988 animadversio-

349 1023 437 1078 nis
466 1023 704 1095 telisque
725 1021 1072 1093 spiritalibus
1093 1021 1359 1094 persequi
1380 1021 1476 1075 diu
1500 1037 1602 1093 per
1618 1019 1957 1092 patientiam

348 1117 695 1185 expectatos,
730 1112 954 1182 legibus
989 1111 1166 1165 etiam
1219 1110 1576 1180 adjudicatos
1619 1109 1954 1164 festinabat.

344 1201 666 1274 Aliquando
696 1217 788 1256 res
814 1204 1091 1255 eorumet
1116 1201 1416 1254 facultates
1449 1199 1830 1270 depopulans,
1852 1197 1956 1252 ali-

347 1290 577 1362 quando
591 1293 775 1344 castra
793 1306 996 1344 eorum
1023 1290 1596 1344 subvertensetterre
1628 1304 1954 1358 coaequans,

347 1378 482 1451 quia
506 1379 627 1434 haec
657 1377 1066 1434 ecclesiastica:
1114 1377 1351 1432 familias
1383 1387 1428 1416 ιι
1463 1375 1636 1430 nimis
1677 1374 1858 1429 vicina
1889 1383 1953 1442 η,

344 1467 617 1539 quicquid
649 1467 894 1536 priedari
927 1469 1198 1536 poterant
1229 1465 1314 1518 bis
1345 1463 1694 1528 inferebant,
1740 1467 1796 1517 et
1825 1480 1959 1517 con-

347 1553 574 1608 tinuum
599 1570 917 1626 pauperum
940 1555 1256 1607 clamorem
1274 1552 1346 1606 ad
1367 1569 1533 1604 aures
1555 1549 1790 1622 piissimi
1813 1568 1958 1621 pon-

347 1641 514 1696 tificis
531 1642 832 1712 pervenire
850 1642 1139 1696 faciebant
1172 1639 1518 1694 Alteriacum
1541 1656 1792 1710 namque
1813 1641 1924 1693 Teo
1939 1669 1955 1678 -

350 1729 522 1784 dorici
581 1728 957 1783 infelicissimi
1012 1732 1284 1794 castrum,
1327 1726 1808 1782 Lantfridi-curlis
1845 1727 1954 1799 (25)

348 1818 523 1874 etiam
555 1820 767 1875 dictam
787 1821 1030 1885 turrem,
1055 1817 1146 1872 cui
1171 1819 1499 1871 Everelmus
1523 1825 1566 1856 ιθ
1593 1816 1958 1888 pravissimus

2055 685 2175 723 esse
2209 686 2326 724 non
2350 671 2524 726 modo
2548 673 2734 728 verbis
2763 690 2965 729 verum
2998 675 3281 746 exemplis
3306 677 3508 732 suasit.
3543 677 3686 742 Quae

2054 759 2113 812 et
2139 757 2231 811 hic
2261 759 2460 813 beatus
2503 761 2581 814 sic
2618 761 2802 832 sequi,
2829 763 2905 816 sic
2931 763 3146 818 imitari
3174 764 3417 827 studuit,
3445 769 3514 819 ut
3535 765 3688 838 inju-

2056 845 2168 900 rias
2181 846 2283 900 sibi
2299 865 2333 901 a
2352 865 2719 921 quocumque
2736 850 2912 906 etiam
2931 851 3138 906 infimo
3155 852 3342 906 illatas
3357 870 3686 926 numquam

2055 933 2376 1003 vindicarit,
2404 954 2724 1008 numquam
2748 940 2898 994 ultus
2919 939 3114 1005 fuerit,
3137 941 3238 995 sed
3259 940 3434 996 ﬁrmo
3449 945 3685 1012 pectore

2056 1023 2332 1092 praecepti
2365 1025 2646 1079 Dominici
2667 1030 2937 1082 executor
2957 1035 3026 1090 ⁸ο,
3050 1044 3164 1100 qua
3185 1029 3426 1083 beatum
3445 1030 3683 1086 Petrum

2057 1109 2404 1165 instruxerat
2436 1128 2447 1166 :
2481 1113 2611 1168 Non
2631 1114 2749 1169 dico
2781 1115 2895 1181 tibi,
2921 1115 3102 1180 Petre,
3133 1116 3451 1172 dimittendi
3477 1121 3684 1189 septies,

2054 1197 2144 1251 sed
2168 1216 2330 1270 usque
2359 1204 2652 1271 septuagies
2697 1205 2880 1274 septies
2921 1203 3145 1272 (Matth.
3183 1220 3340 1270 xvm,
3369 1205 3486 1277 22),
3522 1206 3685 1277 quic-

2057 1287 2194 1358 quid
2240 1287 2297 1341 in
2352 1307 2410 1343 se
2459 1307 2738 1363 umquam
2785 1292 2992 1364 aliquis
3045 1293 3386 1366 delinquere
3431 1299 3686 1366 poterat,

2056 1375 2480 1445 pacientissime
2503 1378 2801 1448 ignoscere
2836 1384 3084 1452 poterat,
3115 1386 3174 1436 et
3204 1383 3561 1451 injuriarum
3585 1384 3691 1440 im-

2057 1479 2306 1530 memor,
2325 1466 2508 1535 magis
2531 1467 2809 1522 beneficia
2841 1485 2943 1538 pro
2967 1469 3136 1524 malis
3157 1487 3336 1541 quam
3364 1470 3685 1527 vindictam

2057 1554 2534 1624 recompensabat
2583 1555 2831 1626 Rapinas
2869 1573 3002 1611 vero
3034 1559 3430 1613 mcclesiarum
3467 1564 3528 1614 et
3561 1577 3685 1631 que

2056 1639 2186 1694 ﬁliis
2203 1642 2471 1696 {PCCIeSiZB
2495 1641 2924 1710 inferebantur,
2947 1644 3044 1699 diu
3071 1646 3310 1717 quidem
3335 1664 3443 1720 per
3469 1649 3689 1719 patien-

2055 1727 2198 1782 tiam
2216 1730 2650 1800 sustinens,jam
2665 1733 2903 1788 tandem
2922 1735 3008 1788 vel
3025 1735 3317 1789 malorum
3333 1736 3686 1790 enormitate

2058 1817 2144 1870 vel
2167 1832 2489 1887 pauperum
2513 1819 2705 1873 nimiis
2730 1819 3082 1892 assiduisque
3108 1822 3464 1878 clamoribus
3497 1823 3674 1879 tedia-

347 1906 649 1974 insidebat,
684 1911 742 1962 et
788 1907 1191 1979 VendOperam
1227 1907 1338 1977 (26)
1377 1904 1594 1960 Beraldi
1637 1904 1863 1958 comitis
1895 1904 1954 1958 in
1981 1905 2028 1962 Β
2057 1905 2164 1970 tus,
2187 1905 2396 1977 quiaid
2422 1923 2664 1962 censura
2689 1908 2864 1962 officii
2895 1909 3223 1979 expetebat,
3252 1913 3309 1964 et
3351 1909 3415 1963 id
3431 1909 3688 1966 Domini-

347 1995 823 2052 Calvomontense
836 2012 985 2066 pago
1009 1994 1574 2059 situm,subversione
1597 1993 1954 2064 dampnavit.

347 2083 581 2156 Noverit
597 2101 734 2140 sane
755 2083 1012 2156 quisquis
1037 2084 1157 2137 hazc
1179 2083 1404 2153 legerit,
1423 2083 1662 2153 injurias
1693 2082 1796 2135 sibi
1830 2097 1957 2151 spe-

347 2155 569 2228 cialiter
593 2155 1120 2244 illatasinumquam
1148 2171 1596 2238 vindicasse,sed
1615 2187 1717 2242 pro
1733 2170 1956 2225 Christo

347 2263 405 2315 et
431 2278 534 2334 pro
567 2261 717 2316 tanti
750 2261 1004 2316 nominis
1047 2277 1248 2315 amore
1289 2259 1448 2331 equis
1496 2259 1706 2314 animis
1755 2263 1959 2314 cuncta

343 2350 658 2415 tollerasse,
677 2352 736 2404 et
762 2366 865 2420 per
890 2350 1185 2422 patientia:
1213 2348 1480 2404 virtutem
1495 2347 1601 2402 sibi
1631 2347 1959 2418 ingenitam

345 2438 576 2493 Domini
624 2438 710 2493 sui
765 2438 1122 2493 imitatorem
1184 2438 1460 2502 extitisse,
1503 2439 1616 2507 qui,
1652 2439 1712 2490 ut
1761 2437 1962 2491 beatus

343 2529 634 2599 apostolus
686 2527 844 2592 dicit,
902 2544 1026 2581 cum
1055 2533 1344 2598 pateretur
1377 2543 1482 2578 non
1512 2526 1959 2592 comminabatur,

343 2629 465 2671 cum
495 2615 907 2668 malediceretur
947 2633 1054 2669 non
1091 2615 1430 2668 maledicebat
1463 2613 1520 2685 (Ι
1554 2615 1706 2668 Petr.
1750 2632 1809 2680 ιι,
1849 2615 1959 2684 '23).

346 2704 800 2770 Recordabatur,
826 2703 960 2774 quia
978 2703 1226 2757 traditus
1249 2703 1402 2757 idem
1431 2704 1708 2758 Dominus
1725 2719 1960 2758 omnem

345 2789 696 2862 patientiam
735 2791 1012 2846 exhibuit.
1041 2791 1165 2844 Non
1200 2791 1518 2857 contendit,
1543 2807 1660 2845 non
1680 2791 1962 2859 clamavit,

356 2894 465 2933 nec
495 2877 553 2932 in
588 2877 791 2949 plateis
826 2879 1022 2933 audila
1061 2882 1144 2933 est
1195 2894 1299 2933 vox
1331 2879 1472 2950 ejus.
1517 2879 1964 2946 Recordabatur,

360 2965 494 3040 quia
519 2966 920 3022 insultantium
952 2967 1047 3022 ille
1071 2971 1237 3039 sputa
1258 2967 1526 3040 suscepit,
1554 2966 1652 3038 qui
1673 2971 1839 3039 Sputo
1865 2984 1966 3022 suo

361 3056 557 3111 oculos
586 3055 703 3110 ceci
731 3055 852 3110 nati
869 3055 1095 3128 aperire
1124 3056 1394 3127 dignatus
1415 3059 1532 3124 est;
1561 3060 1870 3111 coronatus
1885 3057 1970 3111 est

2057 2009 2190 2047 cum
2213 1997 2570 2064 princeptum
2590 1996 2712 2050 fieri
2741 1995 3001 2064 mandat,
3027 1997 3224 2051 dicens
3248 1997 3686 2070 corripiendum

2059 2098 2298 2154 pravum
2329 2083 2518 2152 primo
2557 2085 2678 2138 solo
2721 2085 2839 2139 Deo
2880 2088 3046 2147 teste,
3107 2086 3362 2140 secundo
3421 2086 3685 2142 adhiberi

2059 2187 2238 2225 unum
2262 2175 2361 2224 aut
2387 2171 2530 2225 duos
2565 2176 2758 2240 testes,
2791 2173 2965 2228 tertio
2993 2173 3206 2228 debere
3237 2174 3352 2229 dici
3387 2175 3684 2244 aecclesiir,

2059 2261 2331 2333 deinceps
2359 2261 2404 2314 si
2434 2262 2755 2316 iecclesiam
2785 2278 2904 2317 non
2937 2261 3202 2328 audierit,
3237 2263 3516 2333 deputari
3542 2263 3688 2319 inter

2059 2349 2319 2405 ethnicos
2349 2354 2406 2403 et
2434 2351 2774 2421 publicanos
2805 2350 3028 2420 (Matth.
3073 2368 3234 2418 xvm,
3295 2355 3381 2419 15,
3417 2355 3504 2412 l7)
3533 2369 3547 2417 ;
3605 2351 3686 2407 his

2061 2438 2330 2493 omnibus
2350 2438 2402 2492 ei
2429 2438 2525 2510 qui
2555 2438 2963 2508 incorrigibilis
2992 2440 3280 2494 existebat
3313 2439 3682 2508 exibitis,ali-

2065 2525 2299 2598 quando
2328 2525 2554 2580 vinculo
2594 2525 2984 2580 anathematis
3031 2543 3166 2581 eum
3207 2527 3561 2598 astringere,
3592 2528 3685 2582 ali-

2065 2614 2296 2686 quando
2326 2631 2502 2684 prava
2527 2615 2651 2684 ejus
2679 2613 2974 2670 domicilia
3003 2615 3359 2683 subvertere,
3390 2615 3684 2670 multoties

2064 2703 2238 2758 rebus
2259 2701 2504 2774 propriis
2523 2703 2884 2768 subvertere,
2918 2719 3035 2757 non
3053 2702 3370 2774 cupiditate
3384 2707 3573 2769 actus,
3591 2703 3684 2759 sed

2067 2807 2170 2862 pro
2205 2791 2560 2844 correctione
2578 2807 2893 2862 pravorum
2920 2794 2977 2846 et
3007 2792 3208 2863 requie
3239 2799 3284 2834 ⁶¹
3313 2792 3612 2848 bonorum
3630 2791 3683 2847 id

2068 2895 2240 2950 agere
2269 2880 2613 2949 compulsus.
2649 2879 2795 2943 Quia
2836 2896 2970 2934 vero
3021 2881 3234 2950 pietate
3287 2882 3487 2952 magis
3516 2897 3683 2953 quam

2069 2967 2315 3023 avaricia
2343 2967 2465 3021 hiPc
2497 2967 2765 3032 faciebat,
2797 2984 2866 3021 ea
2892 2984 2982 3022 res
3011 2967 3226 3023 indicio
3261 2972 3415 3037 erat,
3445 2969 3588 3023 dum
3617 2968 3684 3023 ab

2069 3055 2260 3126 aliquo
2291 3054 2548 3126 maligno
2573 3055 2876 3127 quippiam
2901 3057 3028 3128 lege
3059 3055 3400 3128 accipiebat,
3438 3057 3555 3112 suis
3582 3056 3684 3112 usi.

353 3144 551 3217 spinis,
571 3143 1190 3216 quisanctosmartires
1207 3145 1695 3200 lloribuscoronat
1717 3145 1966 3210 internis;
1991 3164 2038 3223 ο
2071 3144 2175 3198 bus
2203 3142 2408 3198 exinde
2441 3143 2582 3197 nihil
2629 3160 2906 3214 umquam
2939 3143 3181 3199 miscere
3219 3145 3425 3212 voluit,
3463 3145 3564 3200 sed
3595 3147 3690 3200 aut

358 3233 568 3304 palmis
596 3233 654 3287 in
685 3233 884 3288 fatiem
911 3250 1087 3288 caasus
1117 3237 1222 3301 est,
1250 3233 1346 3306 qui
1380 3249 1539 3288 veras
1584 3235 1803 3305 palmas
1844 3234 1970 3288 vin-

353 3321 616 3375 centibns
638 3321 878 3390 tribuit;
929 3322 1202 3394 spoliatus
1250 3325 1336 3377 est
1378 3321 1649 3388 vestibus,
1683 3322 1778 3394 qui
1808 3321 1970 3376 indu-

351 3410 551 3462 mento
578 3407 1038 3464 immortalitatis
1067 3415 1288 3465 ceteros
1305 3405 1834 3480 vestit,flagellatus
1859 3413 1965 3474 est,

353 3497 514 3568 cujus
543 3497 782 3552 nomine
802 3498 981 3553 sancti
1007 3502 1065 3553 et
1085 3498 1227 3553 servi
1249 3499 1370 3570 ejus
1391 3498 1690 3552 diabolum
1705 3500 1763 3551 et
1781 3514 1963 3568 ange-

354 3586 442 3641 los
459 3589 750 3658 apostatas
767 3586 1082 3658 ﬂagellant.
1110 3586 1343 3642 Cibatus
1369 3590 1456 3641 est
1475 3586 1630 3651 felle,
1645 3584 1741 3656 qui
1755 3587 1968 3658 cybum

350 3677 619 3731 celestem
644 3675 911 3730 fidelibus
940 3675 1102 3730 dedit
1122 3683 1180 3731 et
1202 3692 1434 3746 semper
1459 3675 1577 3742 dat,
1602 3677 1659 3729 et
1679 3675 1776 3746 qui
1801 3675 1967 3746 panis

346 3769 678 3820 sanctorum
708 3767 794 3818 est
814 3773 860 3806 «⁷
877 3766 1242 3835 angelorum.
1273 3768 1446 3819 Aceto
1479 3767 1708 3834 potatus
1733 3767 1836 3830 est,
1869 3773 1967 3834 qui

349 3853 584 3908 salutari
599 3855 803 3924 poculo
828 3854 960 3908 fidei
979 3853 1306 3909 ohristianis
1327 3853 1536 3908 cotidie
1555 3852 1849 3922 propinat.
1867 3854 1965 3908 Ille

348 3939 649 4008 innocens,
678 3943 772 3997 ille
789 3942 997 4013 justus,
1021 3942 1202 3996 immo
1231 3939 1566 3996 innocentia
1594 3940 1716 4011 ipse
1751 3944 1808 3994 et
1841 3939 1963 4012 ipse

343 4028 573 4100 justicia
603 4029 756 4084 inter
786 4034 1116 4101 peccatores
1155 4033 1212 4083 et
1265 4028 1496 4100 iniquos
1543 4027 1870 4099 deputatur,
1908 4033 1965 4084 et

349 4117 696 4173 testimoniis
716 4116 872 4171 falsis
896 4117 1106 4172 veritas
1123 4115 1728 4189 premitur,judicatur
1738 4117 1962 4190 judica-

352 4207 534 4267 turus,
567 4207 626 4258 et
661 4203 764 4258 Dei
799 4205 1038 4259 verbum
1077 4205 1302 4277 Deique.
1330 4221 1522 4260 sermo
1570 4205 1644 4260 ad
1673 4207 1965 4261 victimam

352 4295 550 4348 tacens
562 4291 810 4361 ducitur;
827 4293 901 4348 ad
915 4292 1184 4349 ultimum
1207 4298 1456 4350 mortem
1480 4294 1662 4350 crucis
1674 4295 1888 4367 patitur
1907 4298 1966 4350 et

353 4379 621 4445 moritur,
649 4380 749 4453 qui
779 4380 958 4436 vitam
993 4385 1227 4455 prmstat
1257 4383 1498 4452 mundo,
1525 4383 1621 4456 qui
1654 4400 1964 4455 resurgens

350 4485 515 4542 spem
545 4469 983 4526 resurrectionis
1024 4471 1291 4527 fidelibus
1321 4471 1439 4538 dat,
1472 4475 1530 4526 et
1557 4471 1874 4528 ascendens
1904 4471 1962 4526 in

2069 3231 2418 3303 pauperibus
2445 3247 2514 3285 ea
2543 3231 2740 3286 statim
2765 3231 3184 3298 distribuenda,
3235 3237 3336 3288 aut
3365 3237 3691 3288 restauran-

2069 3318 2274 3372 darum
2307 3327 2352 3360 ⁸³
2386 3318 2774 3374 (ecclesiarum
2806 3319 3002 3376 usibus
3048 3319 3356 3392 largienda
3385 3320 3688 3393 dispertie-

2068 3406 2262 3464 batur.

2142 3499 2225 3550 22.
2249 3495 2394 3548 Dum
2422 3494 2579 3549 enim
2603 3511 2670 3550 ea
2689 3513 2818 3568 qua:
2839 3495 2946 3551 sibi
2970 3497 3055 3551 vel
3080 3513 3148 3552 ex
3168 3495 3349 3569 patris
3372 3498 3690 3570 matrisque

2068 3583 2422 3653 patrimonio
2450 3591 2496 3624 ⁵³
2523 3584 2607 3637 vel
2641 3601 2706 3638 ex
2737 3584 3064 3640 commissas
3092 3584 3379 3640 aecclesim
3411 3585 3691 3642 thesauris

2068 3674 2127 3726 et
2149 3671 2374 3743 magnis
2395 3670 2603 3725 divitiis
2621 3673 2752 3743 jure
2775 3673 3207 3746 competebant,
3227 3690 3347 3728 non
3370 3691 3688 3742 reservare,

2068 3775 2187 3814 non
2219 3775 2579 3830 congregare
2610 3777 2897 3832 umquam
2917 3763 3169 3829 volebat,
3189 3763 3292 3817 sed
3313 3764 3684 3836 pauperibus,

2065 3847 2267 3913 viduis,
2300 3847 2574 3918 orphanis
2599 3852 2660 3902 et
2704 3849 2993 3920 praecipue
3041 3851 3366 3919 monachis,
3396 3852 3498 3924 qui
3529 3854 3690 3907 erant

2064 3952 2166 3991 sua
2195 3951 2351 4001 cura,
2384 3936 2481 4006 qui
2522 3940 2690 3990 erant
2735 3954 2870 3991 suus
2927 3954 3192 3994 summus
3246 3956 3441 4006 amor,
3489 3944 3689 3996 cuncta

2064 4023 2465 4094 impendebat,
2492 4027 2698 4079 cuncta
2731 4025 3107 4098 largiebatur,
3130 4027 3293 4083 credi
3323 4029 3414 4084 fas
3446 4046 3566 4084 non
3588 4031 3687 4096 est,

2065 4111 2220 4184 quod
2241 4111 2288 4166 is
2308 4112 2463 4166 bona
2483 4111 2740 4184 alicujus,
2767 4114 2950 4170 etiam
2978 4115 3205 4187 legibus
3236 4116 3556 4189 adquisita,
3587 4116 3686 4172 sibi

2063 4217 2289 4254 servare
2303 4208 2348 4242 ιι
2366 4203 2466 4255 aut
2489 4201 2797 4257 marsubiis
2811 4202 3226 4259 (ecclesiasticis
3246 4203 3555 4260 includere
3566 4221 3689 4260 con-

2063 4288 2329 4360 cupisset.
2357 4289 2502 4344 Vere
2534 4291 2755 4357 beatus,
2795 4308 2929 4346 vere
2958 4291 3042 4346 vir
3065 4293 3126 4346 in
3159 4309 3274 4364 quo
3303 4293 3476 4348 dolus
3499 4294 3680 4348 nullus

2064 4380 2211 4445 erat,
2230 4378 2452 4432 nullum
2465 4378 3097 4446 circumveniens,nulli
3111 4380 3384 4437 fraudem
3406 4383 3678 4448 inferens,

2064 4466 2203 4538 quin
2237 4467 2426 4538 potius
2453 4483 2555 4522 sua
2591 4467 2840 4522 libenter
2870 4468 3230 4540 impertiens,
3262 4469 3323 4523 in
3357 4471 3680 4526 crastinum

350 4559 562 4626 celum,
596 4557 734 4632 quia
761 4575 894 4614 cum
921 4575 990 4615 eo
1018 4560 1306 4616 ascensuri
1339 4577 1554 4626 sumus,
1575 4559 1619 4613 si
1650 4560 1824 4630 capiti
1859 4577 1965 4615 no-
1991 4549 2042 4608 D
2065 4557 2164 4608 aut
2195 4556 2352 4610 nulla
2394 4558 2493 4609 aut
2519 4572 2701 4627 pauca
2730 4556 3030 4626 retinens;
3076 4557 3384 4629 apostolici
3416 4555 3686 4630 praecepti

351 4650 469 4703 stro
499 4647 786 4720 compacti
815 4651 873 4703 et
902 4649 1286 4721 conglutinati
1318 4649 1483 4704 bonis
1501 4648 1771 4720 operibus
1792 4651 1849 4702 et
1879 4665 1966 4703 ac-

351 4733 504 4790 tibus
532 4735 713 4790 sancti
739 4744 785 4778 ιθ
816 4737 1200 4804 inveniamur,
1234 4737 1500 4792 membra
1541 4736 1729 4792 effecti
1759 4736 1966 4792 Christi

353 4823 608 4891 Domini,
635 4823 733 4896 qui
760 4828 847 4879 est
889 4828 1063 4897 caput
1099 4825 1568 4898 principiumque
1611 4841 1732 4880 non
1770 4825 1965 4880 solum

353 4911 554 4980 nostri,
585 4929 786 4968 verum
808 4913 1075 4969 omnium
1104 4918 1525 4970 creaturarum.

427 5003 516 5056 2t.
546 5002 676 5057 Haec
701 5004 910 5057 cuncta
939 5003 1040 5059 Dei
1067 5011 1115 5046 ιο
1146 5003 1335 5072 Filius,
1378 5003 1439 5057 in
1468 5017 1572 5058 sua
1599 5002 1809 5056 natura
1857 4999 1968 5054 im-

340 5089 642 5162 passibilis,
674 5090 735 5146 in
768 5093 972 5147 nostra
1018 5091 1257 5147 effectus
1288 5089 1590 5164 passibilis,
1625 5089 1834 5144 virtute
1862 5105 1964 5160 pa-

2066 4642 2462 4698 devotissimus
2475 4646 2533 4697 et
2546 4644 2856 4699 continuus
2870 4645 3394 4711 executor,habens
3405 4647 3556 4702 victu
3567 4664 3621 4700 m
3637 4650 3691 4701 et

2066 4731 2355 4800 vestitum,
2379 4731 2466 4786 his
2489 4736 2797 4788 contentus
2826 4737 2952 4789 erat
2979 4750 2992 4788 :
3023 4733 3202 4801 Nihil,
3234 4734 3536 4806 inquiens,
3551 4737 3688 4790 intu-

2066 4823 2224 4876 limus
2265 4823 2322 4874 in
2356 4821 2497 4874 hunc
2539 4822 2820 4889 mundum,
2854 4839 3037 4878 verum
3070 4840 3164 4878 nec
3215 4825 3440 4892 au/erre
3487 4823 3691 4896 aliquid

2056 4926 2351 4982 possumus.
2385 4910 2519 4964 Erat
2533 4908 2585 4964 ei
2609 4909 2906 4965 humilitas
2927 4910 2986 4965 in
3017 4911 3496 4981 conversatione,
3524 4911 3690 4967 stabio

2067 4999 2197 5054 litas
2221 4998 2278 5052 in
2310 4997 2444 5064 fide,
2463 4999 2810 5052 verecundia
2832 4999 2892 5053 in
2913 4999 3124 5065 verbis,
3148 4999 3210 5053 in
3234 4999 3405 5054 factis
3429 5000 3686 5070 justicia,

2067 5087 2129 5142 in
2157 5086 2428 5159 operibus
2450 5085 2865 5156 misericordia,
2891 5086 2950 5142 in
2973 5087 3233 5143 moribus
3255 5087 3590 5160 disciplina,
3606 5089 3688 5144 in-

1671 5229 1902 5285 VARIE
1940 5227 2342 5286 LECTIONES.

427 5365 473 5397 ιι
501 5352 739 5412 familiis
781 5359 830 5411 l.
877 5363 924 5398 ιι
973 5353 1143 5411 ucina
1197 5360 1247 5412 1.
1284 5363 1330 5398 ιο
1389 5352 1708 5410 everelinus
1769 5357 1820 5409 1.
1854 5353 2176 5410 everelinus
2220 5367 2360 5406 corr.
2413 5351 2736 5405 everelmus
2781 5354 2835 5408 2.
2891 5352 3211 5407 everelmus
3241 5353 3296 5408 3.
3347 5360 3394 5395 ιτ
3434 5356 3527 5408 est
3576 5369 3621 5408 s.
3641 5352 3688 5405 3.

355 5432 401 5468 ιι
437 5425 688 5482 sancti2.
722 5429 774 5482 3.
807 5435 854 5470 ιο
880 5427 1022 5483 deus
1049 5427 1198 5483 filius
1233 5426 1326 5483 dei
1345 5430 1400 5484 2.
1429 5429 1482 5484 3.
1515 5434 1561 5470 ⁸ο
1586 5427 1823 5481 execnlo
1851 5427 1904 5484 3.
1945 5433 1989 5468 δι
2019 5425 2078 5483 b.
2103 5441 2152 5480 r.
2180 5427 2234 5479 2.
2273 5427 2324 5480 3.
2366 5425 2433 5478 52
2471 5421 2948 5480 restruendarum
2974 5426 3056 5498 2.}
3075 5427 3128 5480 3.
3161 5431 3209 5466 ⁸³
3231 5423 3618 5480 matrimonio
3639 5425 3686 5476 3.

356 5501 402 5536 ιι
430 5511 727 5552 reservare
746 5501 781 5554 2
809 5502 862 5554 3.

1904 5583 2128 5642 NOT/E.

417 5684 526 5756 (25)
565 5687 968 5745 Lantfrocourt
989 5692 1064 5747 ad
1097 5691 1337 5748 Saliam.

2134 5690 2240 5763 (26)
2275 5688 2652 5746 Vendoeuvre.
