3888 6218
180 454 322 519 usos
380 532 383 541 ,

1456 457 1616 518 νιτΑ
1640 453 2120 520 ADALBEBONIS
2153 458 2225 520 ΙΙ.

3366 458 3503 528 ηαδ

169 584 398 657 juriam
439 584 628 641 facere
671 582 913 652 nescius,
965 583 1186 642 illatam
1239 584 1390 642 ferre
1416 584 1617 641 sciens.
1649 584 1792 641 Cum
1815 583 2104 655 Ajustum
2137 585 2311 658 digna
2338 587 2507 643 laude
2536 603 2640 660 pro
2677 584 2869 643 divino
2887 584 3043 643 cultu
3069 585 3502 660 divinoqueser-

181 675 465 729 fratribus
494 691 693 746 pacem
724 678 942 743 tenere,
963 678 1143 731 Deum
1177 680 1297 732 toto
1330 677 1500 732 corde
1529 674 1790 746 diligere,

179 780 384 817 amare
414 763 474 818 in
506 764 601 818 illo
632 764 785 834 quod
811 768 977 835 pater
993 768 1096 829 est,
1123 765 1330 819 timere
1358 764 1511 836 quod
1531 766 1793 828 Dcusest,

179 850 411 907 Christo
433 852 674 907 omnino
708 852 847 907 nihil
901 870 1263 925 prmponere,
1308 853 1442 925 quia
1483 869 1586 906 nec
1631 850 1795 905 uehis

179 940 495 1012 quicquam
520 941 614 996 ille
644 942 973 1013 praeposuit.
1006 943 1246 997 Karitati
1269 943 1389 1010 ejus
1409 939 1797 1012 inseparabili-

175 1033 266 1085 ter
297 1031 583 1085 adherere
612 1032 1038 1098 uoverat,cruci
1067 1034 1115 1104 ej
1128 1051 1188 1087 us
1216 1032 1443 1088 fortiter
1468 1049 1531 1086 ac
1553 1033 1798 1089 fidenter

178 1118 507 1186 assistebat,
540 1119 674 1189 quia
702 1120 809 1173 hoc
832 1128 877 1161 ⁵³
911 1120 1191 1176 didicerat
1217 1122 1560 1175 coheredem
1590 1120 1796 1176 Christi

184 1206 470 1273 existere;
504 1207 611 1260 hoc
644 1224 765 1261 esse
792 1212 1144 1279 praeceptum
1177 1208 1275 1265 Dei
1308 1210 1517 1277 facere,
1544 1210 1653 1265 hoc
1676 1228 1795 1265 esse

175 1296 541 1349 voluntatem
566 1295 747 1349 Patris
764 1295 1022 1367 implere.
1044 1298 1179 1362 Quae
1194 1301 1387 1353 autem
1418 1299 1627 1367 dicam,
1646 1300 1732 1354 his
1749 1309 1795 1342 ⁸ο

175 1383 271 1455 qui
305 1400 444 1437 eum
476 1384 723 1438 exterius
748 1389 1029 1441 noverant
1073 1386 1433 1441 incredibilia
1458 1388 1607 1443 forte
1638 1390 1795 1445 vide-

172 1472 417 1540 buntur,
452 1473 586 1545 quia
619 1477 677 1527 et
729 1474 1027 1551 nobilitate
1080 1477 1267 1531 carnis
1296 1481 1353 1531 et
1383 1480 1590 1532 natura
1622 1495 1794 1551 supra

176 1562 458 1615 mortales
474 1565 706 1616 cunctos
744 1550 908 1616 tener
938 1568 995 1618 et
1019 1564 1293 1619 delicatus
1315 1569 1459 1632 erat,
1492 1569 1549 1620 et
1568 1567 1636 1621 ad
1661 1550 1788 1638 per-

172 1648 426 1703 ferenda
448 1657 491 1691 37
520 1644 651 1721 quae
676 1649 819 1705 dura
848 1656 982 1706 sunt
1008 1653 1239 1707 omnino
1263 1654 1561 1709 imbecillis
1603 1656 1791 1710 Missas

176 1742 233 1792 et
255 1742 631 1793 sacramenta
653 1739 843 1794 divina
859 1740 980 1795 sine
998 1742 1179 1796 cilicio
1201 1760 1519 1815 numquam
1543 1744 1790 1798 celebra-

174 1826 274 1891 vit,
312 1843 530 1898 panem
551 1828 790 1883 cmlestis
810 1829 1046 1884 misterii
1068 1830 1286 1885 intimis
1303 1831 1553 1886 lacrimis
1574 1832 1785 1888 irrora-

172 1916 295 1982 bat,
317 1920 521 1987 potum
541 1916 741 1972 itidem
771 1918 1030 1974 divinum
1061 1937 1190 1974 cum
1223 1921 1360 1975 ﬂetu
1386 1938 1616 1993 semper
1644 1925 1788 1976 tem-
1808 1939 1858 1998 Β

182 2004 686 2076 perabat.Vigilias
700 2007 902 2060 natalis
915 2008 1199 2063 Dominici
1215 2014 1267 2063 et
1282 2013 1491 2064 sanctae
1506 2019 1551 2052 δε
1564 2012 1787 2082 pascha:

177 2091 485 2162 sanctique
502 2095 861 2163 pentecostes
875 2097 930 2147 et
943 2095 1204 2149 omnium
1221 2100 1549 2151 sanctorum
1567 2102 1789 2171 aposto—

180 2180 374 2234 lorum
409 2184 466 2234 et
488 2181 907 2252 praecipuorum
944 2188 1260 2255 martyrum
1294 2185 1415 2241 sine
1441 2186 1630 2257 aliquo
1661 2186 1787 2242 cibo

183 2284 419 2339 semper
443 2270 813 2340 transigebat,
834 2274 889 2324 et
906 2272 962 2327 in
984 2275 1202 2327 occulto
1226 2275 1484 2329 cubiculo
1502 2275 1792 2330 conscien-

182 2354 275 2409 tiae
300 2359 359 2410 et
378 2357 568 2411 cordis
583 2359 761 2412 Deum
782 2376 1023 2414 exorans
1040 2361 1301 2416 faciebat.
1325 2363 1790 2434 Quadragesimte

180 2442 300 2497 dies
324 2444 451 2498 sine
487 2446 805 2514 monachis,
836 2448 878 2502 si
906 2448 964 2503 in
1008 2450 1193 2522 patria
1222 2450 1511 2505 demorari
1542 2456 1791 2522 poterat,

182 2549 506 2605 numquam
541 2536 894 2605 celebrabat;
929 2539 1083 2608 quod
1109 2540 1392 2611 praecipue
1424 2540 1574 2611 apud
1591 2542 1785 2613 Gurgi-

186 2624 377 2675 tenses
394 2622 583 2677 facere
601 2630 996 2693 consueverat,
1021 2628 1157 2699 quia
1179 2630 1332 2683 locus
1362 2629 1513 2684 idem
1540 2633 1597 2684 et
1617 2648 1793 2687 sacrce

183 2709 487 2781 religionis
504 2711 859 2767 districtione
876 2713 1118 2785 insignis
1135 2721 1191 2770 et
1208 2717 1414 2771 divitiis
1436 2719 1721 2788 opulentis
1738 2722 1796 2775 et

187 2798 297 2851 situ
339 2800 789 2873 amoenitateque
818 2802 1190 2872 gratissimus,
1226 2804 1296 2873 ad
1332 2805 1552 2860 divinos
1580 2824 1710 2861 usus
1739 2811 1798 2862 et

183 2886 257 2941 ad
295 2887 554 2941 divinum
578 2890 870 2944 servitium
898 2891 1310 2961 perficiendum
1335 2892 1620 2964 placidum
1646 2894 1799 2966 quie-

196 2978 443 3046 tumque
472 2976 652 3031 otium
686 2979 1009 3034 exhibebat.
1035 2981 1175 3035 Nam
1200 2982 1417 3035 duabus
1437 2982 1801 3055 quadragesi-

189 3064 299 3118 mis
336 3065 451 3119 iter
478 3066 805 3122 Romanum
851 3085 956 3140 pro
1005 3071 1125 3124 solo
1149 3070 1247 3124 Dei
1280 3088 1478 3126 amore
1505 3073 1800 3128 celebrans

1892 673 2031 729 vitio
2046 677 2342 744 extollant,
2368 678 2710 733 recolleutes
2730 677 3035 750 scriptum:
3058 676 3243 732 Omnis
3282 676 3408 732 laus
3438 680 3497 731 in

1893 762 1999 830 ﬁne
2030 764 2342 819 decantatur
2387 769 2445 821 et
2481 766 2815 839 Sapientem
2857 766 3059 821 dixisse
3109 768 3496 822 memoretur:

1894 852 1981 906 Ne
2010 854 2190 907 laudes
2218 856 2481 909 hominem
2508 858 2562 909 in
2592 858 2702 909 vita
2729 874 2825 910 sua
2879 855 3075 927 (Eccli.
3104 872 3179 910 x1.
3217 857 3324 922 30),
3357 871 3500 928 quo-

1894 941 2040 995 riam
2083 943 2317 1014 quidem
2368 944 2424 997 in
2470 944 2584 998 vita
2626 945 2732 998 hac
2763 944 2903 998 nihil
2949 945 3067 999 veri
3112 946 3354 1011 constat,
3401 942 3502 997 sed

1897 1032 2101 1083 cuncta
2130 1031 2425 1085 meudatio
2446 1032 2638 1103 plena,
2665 1036 2871 1087 cuncta
2897 1032 3131 1099 caduca,
3166 1047 3271 1086 nec
3312 1030 3502 1102 potest

1898 1132 2017 1171 esse
2050 1122 2206 1172 certa
2238 1120 2357 1172 laus
2386 1119 2483 1174 ubi
2515 1120 2645 1173 finis
2674 1122 2862 1174 certus
2897 1136 3013 1175 non
3045 1123 3149 1186 est,
3181 1136 3310 1173 cum
3340 1118 3503 1191 quis-

1898 1222 2007 1277 que
2041 1207 2241 1261 beatus
2270 1208 2454 1262 beatae
2480 1209 2607 1262 vitae
2639 1208 2931 1275 inseritur,
2951 1213 3008 1264 et
3037 1209 3086 1263 ei
3108 1207 3498 1280 conjungitur,

1897 1294 1991 1366 qui
2026 1298 2110 1348 est
2134 1295 2244 1361 via,
2277 1296 2482 1351 veritas
2512 1300 2570 1351 et
2590 1297 2738 1364 vita;
2776 1301 2910 1351 tunc
2929 1314 3057 1352 vere
3082 1298 3497 1366 laudatur,tum

1893 1398 2028 1437 vere
2058 1382 2117 1437 in
2150 1384 2437 1439 memoria
2466 1393 2512 1426 ϐο
2541 1385 2846 1440 hominum
2865 1385 3123 1452 vertitur,
3146 1385 3281 1457 quia
3298 1385 3420 1439 laus
3441 1386 3501 1439 et

1894 1488 2001 1544 pax
2033 1475 2090 1526 et
2110 1472 2382 1543 gaudium
2418 1477 2474 1527 et
2502 1473 2692 1529 honor
2734 1473 3000 1528 omnium
3040 1477 3369 1528 sanctorum
3390 1476 3495 1540 est,

1892 1576 2062 1631 quem
2086 1562 2321 1615 laudare
2348 1565 2404 1616 et
2425 1563 2767 1616 benedicere
2798 1562 2888 1615 hic
2938 1562 3175 1634 quisque
3196 1560 3498 1631 incipiens,

1891 1647 2045 1702 bono
2078 1650 2189 1703 fine
2220 1654 2592 1705 consumatur
2622 1660 2689 1718 σί,
2726 1651 2973 1723 hincque
3000 1650 3303 1717 transiens,
3325 1665 3499 1721 quem

1888 1754 2019 1792 vere
2054 1736 2208 1793 vidét
2232 1738 2376 1794 facie
2396 1740 2464 1794 ad
2486 1739 2717 1807 faciem,
2739 1757 2869 1795 vere
2892 1740 3089 1795 laudat
3103 1743 3161 1794 et
3185 1755 3315 1794 vere
3328 1739 3502 1794 bene-

1890 1825 2046 1882 dicit.

1960 1920 2047 1971 24.
2102 1915 2362 1988 Episcopi
2405 1916 2488 1972 sui
2516 1917 2795 1990 temporis
2825 1916 3000 1989 aliqui
3022 1916 3169 1971 fastu
3189 1915 3496 1988 superbiae,

1890 2004 2065 2075 aliqui
2090 2005 2453 2075 simplicitate
2510 2006 2715 2073 cordis,
2758 2006 2905 2060 filios
2938 2004 3271 2061 secularium
3307 2020 3496 2059 sacer-

1890 2091 2089 2145 dotum
2115 2093 2183 2146 ad
2206 2110 2396 2148 sacros
2416 2094 2645 2149 ordines
2667 2094 2974 2148 admittere
3006 2093 3494 2163 dedignabantur,

1891 2197 1995 2234 nec
2024 2181 2098 2234 ad
2118 2182 2447 2237 clericatum
2478 2200 2575 2238 eos
2598 2183 2852 2255 recipere
2902 2184 3186 2238 volentes:
3239 2181 3330 2236 hic
3359 2196 3492 2235 vero

1891 2269 2090 2323 beatus
2102 2270 2401 2326 neminem
2415 2272 3052 2343 despiciens,neminem
3069 2286 3497 2343 spernens,pas-

1892 2356 1999 2411 sim
2014 2361 2248 2413 cunctos
2260 2360 2572 2432 recipiebat
2591 2377 2776 2432 neque
2789 2376 3100 2432 personam
3113 2375 3301 2431 neque
3313 2374 3497 2429 genus

1893 2445 2109 2516 eligens
2130 2449 2636 2520 autpraejudicaus,
2661 2450 2757 2504 sed
2781 2450 2838 2503 in
2862 2452 3055 2504 mente
3074 2448 3186 2502 fixa
3206 2447 3492 2502 retinens:

1896 2534 2036 2601 Quia
2064 2554 2171 2590 non
2196 2544 2270 2591 est
2289 2555 2641 2609 personarum
2670 2547 2906 2610 acceptor
2932 2538 3100 2604 Deus,
3126 2537 3215 2592 sed
3267 2538 3322 2591 in
3351 2536 3499 2590 omni

1893 2632 2047 2695 gente
2062 2627 2157 2697 qui
2185 2629 2329 2680 timet
2356 2628 2530 2683 Deum
2577 2636 2626 2684 et
2652 2635 2902 2698 operatur
2916 2629 3224 2699 justiciam,
3255 2630 3498 2695 acceptus

1896 2720 1969 2766 est
1990 2714 2071 2767 illi
2097 2715 2223 2786 (Act
2276 2732 2336 2783 Χ,
2390 2719 2478 2784 34,
2532 2721 2643 2787 35).
2701 2718 2799 2772 Vix
2828 2717 2884 2771 in
2931 2716 3091 2772 omni
3120 2719 3385 2786 tempore
3414 2711 3500 2767 sui

1896 2805 2260 2876 pontificatus
2291 2823 2477 2861 annus
2506 2808 2731 2862 transiit
2746 2817 2811 2875 θ’,
2827 2824 2939 2880 quo
2960 2809 3048 2862 vel
3071 2810 3205 2861 ante
3223 2805 3377 2859 diem
3404 2819 3501 2857 na-

1896 2892 2026 2946 talis
2048 2894 2331 2948 Dominici
2350 2896 2437 2949 vel
2453 2895 2920 2968 Quadragesimaa
2939 2899 3200 2967 tempore
3217 2895 3429 2947 statuto
3453 2898 3501 2933 ⁸³

1900 2980 2212 3051 antiquitus
2220 2982 2578 3053 jejuniorum
2592 2980 3506 3056 sabbato,presbiteros,diacones

1901 3070 1958 3121 et
1986 3067 2236 3140 reliquos
2252 3070 2629 3124 (ecclesiastici
2645 3071 2790 3141 juris
2814 3072 3106 3126 ministros
3138 3087 3254 3125 non
3277 3067 3505 3123 ordina-

184 3153 436 3219 iteravit,
494 3159 551 3208 et
597 3160 983 3211 sacrosanctas
1037 3159 1429 3230 apostolorum
1488 3160 1800 3217 memorias
1825 3131 1870 3192 Ο
1899 3160 2007 3224 ret,
2031 3160 2087 3211 et
2116 3173 2175 3211 se
2198 3174 2396 3212 eorum
2420 3158 2681 3229 precibus
2703 3159 2942 3214 subnixe
2955 3176 3072 3214 non
3091 3157 3503 3224 committeret,

195 3241 521 3313 liminaque
554 3244 909 3299 orationibus
929 3248 987 3299 et
1017 3247 1352 3302 muneribus
1390 3249 1713 3304 honoravit.
1739 3249 1796 3305 Si

193 3330 320 3401 quis
356 3334 553 3385 autem
586 3333 659 3386 ad
689 3334 1039 3388 credendum
1081 3336 1298 3402 tardus,
1344 3337 1578 3391 beatum
1609 3337 1796 3393 virum

186 3417 373 3473 cilicio
412 3436 573 3474 usum
606 3422 928 3493 refragatus
949 3425 1119 3479 fuerit
1141 3429 1237 3479 aut
1262 3428 1578 3497 negaverit,
1598 3428 1669 3481 ad
1693 3444 1798 3481 nos

187 3507 403 3573 veniat,
438 3511 495 3561 et
514 3509 630 3564 viso
652 3527 765 3581 quo
796 3513 1063 3566 utebatur
1081 3513 1284 3581 cilicio,
1305 3515 1659 3569 etstaminea
1682 3520 1796 3594 (27)

185 3595 356 3651 lanea
377 3599 1119 3671 quaomniquadragesima
1150 3602 1517 3669 induebatur,
1545 3620 1671 3674 qua:
1694 3621 1797 3660 nos

194 3683 265 3739 ab
295 3684 388 3739 his
410 3685 503 3757 qui
535 3692 885 3742 secretorum
914 3689 1115 3744 intime
1146 3691 1353 3745 conscii
1387 3696 1571 3760 erant,
1591 3709 1717 3763 qum
1740 3695 1798 3746 et

196 3788 301 3827 nos
323 3790 433 3845 pro
465 3775 691 3845 magnis
724 3776 1001 3831 thesauris
1032 3786 1075 3820 ⁵ο
1098 3778 1506 3850 adquisivimus
1537 3784 1590 3834 et
1612 3798 1795 3839 serva-

193 3877 343 3930 mus,
378 3862 514 3933 quia
544 3865 659 3917 Deo
699 3865 842 3917 nihil
891 3868 975 3919 est
1022 3866 1403 3937 impossibile;
1437 3869 1593 3939 quod
1619 3872 1795 3926 oculis

187 3965 429 4006 cernere
462 3956 566 4019 est,
596 3953 1035 4007 credulitaticor
1060 3955 1227 4009 fidele
1253 3973 1479 4011 necesse
1510 3960 1595 4013 est
1625 3960 1795 4014 comi-

186 4040 363 4094 tetur.

257 4132 350 4185 23.
386 4129 429 4183 Ο
462 4147 635 4201 quam
679 4131 858 4188 facilis
907 4133 1093 4187 aditus
1125 4134 1195 4188 ad
1224 4136 1693 4207 colloquendum,
1722 4139 1795 4195 ad

187 4218 635 4282 convivandum,
666 4221 739 4274 ad
786 4239 1012 4294 queque
1046 4225 1355 4279 commoda
1384 4227 1792 4297 perquirenda,

159 4334 167 4341 -
188 4307 354 4362 omni
376 4308 587 4376 ordini,
610 4310 770 4364 omni
789 4312 1129 4378 aetati,omni
1152 4312 1791 4387 professioni,pauperi,

187 4396 385 4463 debili,
422 4414 684 4468 personae
714 4400 1021 4468 vilissimae,
1071 4403 1247 4473 justo,
1294 4404 1601 4474 peccatori,
1656 4420 1796 4475 erga

1895 3246 1957 3300 in
1983 3249 2209 3301 tantum
2235 3248 2295 3300 ut
2310 3246 2669 3300 sacerdotum
2696 3247 2766 3300 ab
2797 3263 2866 3301 eo
2882 3247 3283 3302 ordinaturum
3302 3261 3507 3300 nume-

1897 3353 1992 3391 rus
2006 3338 2152 3390 ultra
2166 3335 2319 3389 mille
2336 3335 2456 3390 fere
2468 3336 2761 3408 procedat,
2782 3336 3205 3407 etreliquorum
3219 3335 3506 3405 graduum

1899 3425 2282 3481 numerositas
2294 3423 2705 3496 comprehendi
2720 3440 3090 3496 nequaquam
3105 3419 3504 3495 possit.Qualis

1896 3513 2244 3585 frequentia,
2273 3513 2440 3584 quale
2460 3512 2559 3567 Dei
2591 3515 2649 3565 et
2671 3512 2934 3566 omnium
2955 3514 3291 3566 sanctorum
3310 3509 3504 3575 decus,

1897 3605 2113 3674 quanta
2144 3601 2338 3675 populi
2370 3601 2659 3672 tociusque
2687 3599 3047 3666 clerileticia,
3073 3598 3508 3672 quocienscum-

1898 3708 2007 3764 que
2037 3692 2237 3745 beatus
2267 3689 2522 3763 pontifex
2552 3690 2636 3743 vel
2666 3689 2862 3744 missas
2891 3688 3118 3761 publice
3144 3685 3391 3753 dicebat,
3417 3685 3505 3740 vel

1897 3781 2219 3852 aliquarum
2240 3796 2517 3835 novarum
2540 3779 2943 3835 mcclmsiarum
2960 3794 3170 3833 novam
3188 3773 3506 3832 dedicatio-

1898 3886 2029 3923 nem
2048 3870 2436 3925 exercebatvel
2450 3868 2876 3924 benedictiones
2889 3864 3504 3937 divinorumgraduum

1896 3957 2270 4029 adimplebat,
2306 3958 2430 4029 quis
2458 3957 2666 4023 dicere,
2691 3956 2816 4028 quis
2842 3957 3027 4011 valeat
3051 3968 3324 4010 enarrare
3342 3952 3507 4023 ‘?lpse

1897 4048 2087 4099 autem
2124 4046 2197 4099 ad
2216 4049 2373 4100 tanta
2386 4046 2574 4101 officia
2588 4046 2921 4119 peragenda
2934 4044 2993 4099 in
3010 4043 3317 4099 hominum
3338 4040 3509 4095 facie-

1897 4132 2001 4186 bus
2014 4136 2071 4186 et
2092 4134 2150 4187 in
2179 4134 2428 4206 publico,
2462 4152 2601 4189 auro
2624 4134 2952 4206 cunctisque
2969 4130 3258 4204 praeciosis
3279 4144 3508 4201 marga-

1897 4221 2039 4289 ritis,
2070 4222 2319 4293 gemmis
2349 4223 2705 4295 etlapidibus
2755 4221 3213 4277 circumamictus
3238 4235 3304 4275 ac
3334 4218 3505 4274 deco-

1874 4312 2074 4383 oratus,
2109 4309 2452 4364 intrinsecus
2476 4311 2823 4366 induebatur
2847 4312 3088 4379 occulte,
3105 4311 3166 4363 ut
3188 4306 3511 4380 supradixi-

1898 4414 2044 4463 mus,
2069 4397 2373 4453 durissimo
2397 4400 2834 4472 asperrimoque
2860 4394 3511 4465 cilicio,videlicetinte-

184 4484 422 4539 beatum
456 4486 641 4540 virum
705 4504 936 4559 semper
960 4490 1109 4544 erat!
1150 4491 1294 4544 Nulli
1326 4491 1632 4562 praesentia
1674 4493 1796 4563 ejus
1817 4487 1869 4545 D
1896 4486 2031 4541 riori
2063 4486 2283 4539 homini
2315 4486 2591 4542 interiora
2617 4493 2674 4543 et
2703 4487 3020 4561 spiritualia
3044 4484 3335 4551 exhibens,
3365 4480 3504 4536 utin

186 4572 407 4639 deerat,
445 4576 814 4631 secretarium
847 4578 968 4647 ejus
994 4579 1210 4633 cunctis
1240 4584 1464 4651 patens,
1497 4582 1647 4635 fores
1674 4582 1796 4653 ejus

186 4662 324 4717 nulli
363 4665 589 4729 clausa),
631 4666 885 4721 subsidia
917 4668 1041 4738 ejus
1071 4669 1338 4722 omnibus
1390 4671 1650 4737 aderant,
1674 4673 1796 4742 ejus

184 4749 351 4805 dulce
385 4753 689 4807 consilium
708 4755 847 4808 nulli
865 4754 1081 4809 deerat.
1106 4757 1507 4813 Anniversaria
1534 4760 1795 4831 priorum

183 4839 519 4909 pontificum
556 4858 668 4912 quo
693 4845 950 4913 sumptu,
985 4862 1160 4915 quam
1189 4862 1417 4917 magnis
1445 4849 1794 4917 elemosinis,

179 4931 397 4997 quanta
428 4929 737 4985 devotione
770 4932 1157 4987 venerabatur
1181 4951 1244 4988 ac
1266 4937 1576 5004 recolebat,
1600 4954 1694 4993 me
1718 4942 1797 4993 ta-

176 5020 341 5072 cente
372 5018 431 5072 hi
460 5018 557 5089 qui
588 5018 647 5073 in
666 5019 849 5075 missis
870 5021 1128 5091 agendis,
1151 5023 1209 5076 in
1239 5024 1586 5096 pauperibus
1603 5043 1789 5081 recre-

176 5105 338 5161 andis
381 5109 441 5160 et
482 5106 715 5178 reliquis
764 5108 992 5179 pietatis
1031 5110 1223 5165 usibus
1275 5117 1471 5168 sancto
1526 5113 1783 5185 pontifici

174 5196 577 5266 cooperatores
600 5195 1064 5268 frequentissime
1090 5198 1421 5267 extiterunt,
1437 5204 1779 5272 referant,et

1896 4591 1964 4630 eo
1995 4578 2187 4646 posset
2235 4574 2486 4629 Christus
2539 4592 2641 4647 per
2700 4577 2875 4632 fidem
2920 4574 3201 4641 habitare,
3234 4569 3505 4628 exteriori

1897 4680 2028 4718 vero
2065 4680 2133 4717 ea
2163 4680 2289 4734 quae
2322 4663 2394 4717 ad
2426 4663 2642 4717 cultum
2692 4668 3031 4720 consuetum
3058 4662 3351 4736 pertinent
3380 4660 3504 4717 sine

1895 4756 2031 4827 typo
2063 4750 2345 4825 superbia:
2373 4754 2429 4805 et
2457 4750 2580 4805 sine
2609 4752 2798 4807 inanis
2846 4753 3043 4825 gloriae
3097 4750 3345 4807 elatione
3372 4765 3503 4821 pero

1897 4842 2115 4897 ﬁciens.

1970 4936 2058 4988 25.
2090 4929 2310 4985 Tertius
2337 4929 2488 4997 Otto,
2514 4928 2673 4983 divus
2704 4928 3045 5000 imperator,
3066 4945 3244 5002 usque
3274 4927 3345 4984 ad
3370 4927 3505 4983 ulti-

1893 5038 1991 5077 ma
2018 5022 2139 5076 fere
2170 5023 2433 5091 tempora
2463 5016 2666 5072 domui
2711 5017 3091 5074 Adalberonis
3141 5016 3505 5075 Mettensium

1888 5111 2040 5166 beati
2057 5108 2339 5184 pontificis
2363 5104 2688 5179 imperavit,
2703 5104 2833 5160 etin
2857 5107 3118 5162 Romana
3146 5108 3287 5162 urbe
3310 5110 3500 5164 totum

1885 5219 2034 5275 pene
2068 5201 2199 5257 vita:
2230 5216 2344 5256 suae
2378 5201 2578 5269 tempu
2600 5214 2626 5252 s
2663 5196 2879 5268 exegit;
2915 5197 3065 5252 unde
3094 5198 3173 5252 sic
3190 5198 3504 5269 imperiisu

1497 5363 1732 5419 VARle
1771 5364 2062 5421 LECTION
2069 5361 2169 5417 ES.

241 5458 287 5491 ⁸³
317 5450 471 5505 hunc
504 5452 554 5504 3.
590 5456 636 5490 ⁵³
681 5448 823 5503 deest
856 5450 907 5503 3.
941 5456 986 5491 ⁸⁷

1019 5448 1379 5521 praeferenda
1407 5450 1458 5505 3.
1491 5459 1537 5494 58
1557 5453 1737 5508 sancti
1775 5456 1827 5509 2.
1877 5458 1930 5511 3.
1963 5461 2010 5496 ³ο
2039 5448 2294 5507 thesauri
2350 5453 2402 5507 3.
2445 5458 2492 5492 σο
2521 5445 2865 5505 memeriam
2913 5450 3025 5503 2.3.
3054 5453 3099 5489 ιι
3131 5460 3499 5509 consumma-

173 5521 260 5574 tus
285 5525 338 5577 2.
373 5522 813 5576 consummatur
840 5535 978 5576 corr.
1011 5525 1442 5576 consummatus
1472 5525 1521 5577 3.
1553 5532 1598 5564 ⁸2
1630 5525 1961 5595 pertransiit
1989 5540 2127 5582 corr.
2160 5521 2383 5577 transiit
2413 5526 2445 5578 2
2498 5526 2548 5579 3.
2581 5530 2628 5564 οδ
2653 5523 2838 5576 statuo
2866 5522 2917 5578 3.

1704 5612 1930 5671 ΝΟΤλλΕ.

240 5680 351 5756 (27)
390 5681 662 5750 Interula,
694 5681 954 5739 oamisia.
