3888 6218
137 478 272 541 1569

1400 458 1560 527 Vm
1592 460 2077 526 ADALBERONIS
2115 452 2186 527 1‘1.

3321 454 3457 525 i579

130 606 218 661 ria
247 599 597 675 plenissimis
625 598 912 655 deﬂentur
942 612 1007 652 ac
1028 594 1400 668 deplorantur
1439 593 1565 666 (32).
1621 594 1749 648 Jam
1774 596 1829 654 Α
1851 606 2138 646 annorum
2165 586 2465 655 curricula,
2495 589 2553 642 et
2567 584 2723 659 quod
2745 585 2973 657 gravius
2994 589 3136 654 erat,
3170 587 3276 642 hac
3302 590 3460 644 tanta

130 696 286 750 certe
314 692 374 747 in
395 691 517 745 haac
532 692 747 755 nostra,
767 703 871 759 pro
895 683 1088 740 dolor!
1120 687 1415 759 tempora;
1438 684 1496 736 et
1526 682 1749 735 utinam

130 784 241 838 ista
267 782 391 852 ipsa
436 782 703 850 tempora
746 778 944 829 nostra
996 790 1115 827 non
1170 747 1389 826 essenti
1440 773 1580 824 Nam
1636 768 1751 821 vita

132 872 268 928 odio
298 873 410 937 est,
433 884 592 923 mors
620 881 751 920 vere
782 866 1013 935 optatur
1041 865 1105 916 ut
1131 861 1285 927 assit,
1314 858 1593 931 quoniam
1622 856 1753 929 qui-

135 962 273 1016 dem
302 959 394 1014 cui
420 957 641 1013 tollitur
667 955 818 1010 unde
848 953 1016 1019 vivat,
1048 949 1339 1022 quomodo
1384 948 1570 1002 vivere
1617 944 1755 1000 velit

129 1051 387 1122 ignorat,
415 1050 473 1103 et
501 1045 589 1101 cui
611 1048 869 1116 sumptus
894 1041 998 1097 vias
1037 1040 1232 1095 deesse
1266 1036 1576 1107 contingit,
1601 1034 1754 1088 viam

127 1138 390 1209 arripere
415 1134 654 1192 omnino
687 1133 980 1188 abhorret.
1032 1129 1211 1183 Urbes
1241 1129 1399 1182 certe
1440 1122 1753 1195 depopula-

129 1232 222 1296 ιω,
254 1227 361 1282 vici
384 1229 441 1281 et
463 1224 612 1280 villas
637 1224 887 1277 incensae
923 1234 1147 1284 omnes,
1171 1216 1276 1271 viri
1308 1230 1517 1271 omnes
1566 1215 1624 1266 et
1670 1211 1753 1265 fe-

128 1319 310 1375 mina
339 1319 397 1371 et
415 1317 603 1371 totum
649 1311 1046 1384 promiscuum
1091 1307 1294 1377 vulgus
1353 1305 1531 1370 ferro,
1575 1301 1752 1369 fame,

123 1410 262 1481 igne
290 1404 728 1479 pestilentiaque
753 1401 1156 1465 consumtum;
1187 1393 1353 1450 multi
1384 1392 1563 1448 etiam
1593 1389 1754 1444 nobi-

122 1478 205 1553 les
229 1478 722 1568 inipaupertatem
748 1494 806 1545 et
826 1503 1107 1560 magnam
1150 1483 1447 1540 miseriam
1479 1478 1752 1552 devoluti,

122 1587 293 1642 multi
329 1584 520 1655 gladio
542 1579 937 1652 perempti,ita
956 1580 1018 1631 ut
1039 1575 1213 1630 hodie
1238 1590 1370 1628 vere
1403 1570 1514 1627 dici
1541 1568 1749 1642 possit:

121 1676 378 1731 Pervenit
413 1672 627 1745 gladius
654 1685 818 1740 usque
845 1666 916 1720 ad
944 1667 1182 1720 animam
1221 1662 1356 1735 (Jer.
1378 1677 1453 1726 IV,
1473 1660 1578 1730 10).
1601 1659 1744 1712 Nam

121 1764 306 1818 vineas
338 1761 662 1826 eradicatas,
689 1759 924 1812 arbores
953 1757 1011 1809 et
1036 1754 1270 1809 arbusta
1289 1750 1505 1816 excisa;
1538 1761 1742 1801 mona-

119 1852 297 1908 steria
333 1849 715 1922 depopulata;
748 1848 806 1900 et
818 1845 941 1916 jam
964 1843 1023 1897 in
1050 1841 1314 1913 proximo
1340 1842 1445 1901 est,
1476 1840 1560 1903 ut,
1599 1833 1740 1888 etfu-

1850 679 2284 751 importunitate
2305 694 2482 749 usque
2508 676 2568 731 in
2598 692 2830 731 summa
2858 692 3097 749 vespera
3112 681 3463 748 consumpta

1851 772 1908 823 et
1927 769 2153 823 diducta
2182 770 2286 823 est.

1923 860 2010 912 29.
2043 857 2191 921 Quid
2220 856 2466 927 amplius
2495 854 2586 909 78?
2616 854 2938 910 Discessum
2985 856 3072 910 est
3111 857 3241 925 post
3284 855 3458 910 collo-

1853 944 2137 1017 quium,et
2162 944 2342 999 tribus
2361 947 2461 998 aut
2487 946 2758 1015 quattuor
2782 943 3045 998 miliariis
3071 946 3303 1013 peracta
3333 944 3459 1016 jam

1855 1033 1948 1088 die
1972 1032 2166 1087 itineri
2184 1031 2446 1087 insistere
2472 1032 2817 1103 compulsus,
2877 1032 3297 1087 Numeniacum
3346 1032 3462 1104 (33)

1856 1138 2034 1194 usque
2061 1121 2186 1176 sine
2215 1121 2358 1192 cybo
2386 1119 2563 1175 medii
2592 1120 2762 1174 Madii
2784 1124 3049 1193 tempore
3087 1137 3237 1193 pene
3267 1121 3463 1176 media

1856 1213 2023 1264 nocte
2050 1208 2298 1276 devenit,
2331 1207 2561 1279 quando
2589 1207 2708 1261 dies
2728 1212 2959 1263 noctem
2987 1217 3035 1252 τι
3078 1210 3207 1281 plus
3264 1209 3462 1263 minus

1856 1297 2028 1369 triplo
2063 1295 2465 1368 magnitudine
2495 1294 2687 1363 vincit,
2719 1298 2777 1349 et
2805 1296 3043 1350 tandem
3072 1313 3204 1351 cum
3233 1296 3460 1368 ingenti

1856 1386 2106 1440 militum
2132 1400 2311 1439 manu
2326 1383 2473 1438 fesso
2500 1384 2747 1437 multum
2768 1399 3008 1454 corpore
3044 1385 3346 1439 refectioni
3376 1385 3462 1439 in-

1856 1473 2072 1544 dulget.
2103 1474 2173 1528 Ut
2192 1488 2325 1527 vero
2361 1474 2485 1525 erat
2540 1471 2716 1525 homo
2774 1471 2863 1525 cui
2916 1471 3161 1541 parcitas
3195 1473 3374 1527 victus
3404 1476 3463 1528 et

1853 1564 2133 1635 cyborum
2155 1578 2385 1634 semper
2409 1560 2698 1616 contraria
2723 1560 2929 1623 extitit,
2950 1561 3263 1616 liberalitas
3294 1564 3350 1616 et
3377 1562 3460 1617 δί’-

1848 1652 2090 1707 ﬂuentia
2123 1653 2195 1707 ab
2217 1651 2453 1706 ineunte
2479 1652 2646 1705 aetate
2675 1650 2864 1705 amica
2905 1654 2965 1705 et
3013 1650 3334 1718 familiaris,
3362 1651 3461 1705 diu

1846 1742 2210 1811 multumque
2240 1743 2297 1793 et
2324 1755 2473 1811 pene
2522 1755 2702 1809 usque
2759 1738 2821 1792 in
2870 1739 3056 1792 lucem
3105 1755 3324 1794 sessum
3355 1742 3460 1807 est,

1845 1827 2185 1899 ingentique
2215 1826 2399 1880 letitia
2426 1825 2578 1880 inter
2608 1825 3031 1880 convivandum
3064 1843 3196 1880 usus
3216 1830 3303 1881 est
3326 1843 3461 1882 cum

120 1941 270 2015 gatis
309 1937 746 2003 habitatoribus,
800 1913 1099 1988 servorum
1151 1933 1209 1985 et
1257 1927 1603 1983 ancillarum
1638 1920 1740 1975 Dei
1766 1986 1813 2015 Β
1844 1917 2080 1984 clericis,
2106 1931 2353 1988 quorum
2373 1914 2701 1986 frequentia
2723 1913 2830 1969 sibi
2869 1914 3006 1968 dum
3029 1914 3166 1968 vixit
3186 1915 3462 1971 continua

120 1986 270 2015 δ”-ὐ
309 1986 746 2003 -‘--—"--'--——-w
802 1986 881 1988 --ί
2124 1986 2141 1988 ,

119 2027 528 2086 habitaculain
559 2023 924 2080 solitudinem
957 2024 1015 2075 et
1038 2022 1343 2074 heremum
1363 2012 1741 2070 vastissimam
1765 1986 1814 2045 Β
1843 2010 1901 2060 et
1931 2004 2260 2059 dulcissima
2280 2006 2423 2071 erat,
2451 2019 2583 2057 cum
2622 2001 2781 2057 laicis
2818 2001 3175 2057 diversarum
3208 2003 3458 2073 dignita-

119 2118 391 2175 devenire
411 2117 711 2187 cogantur.
748 2112 961 2166 Verum
992 2109 1129 2164 dum
1152 2107 1338 2162 adhuc
1360 2120 1451 2158 res
1474 2102 1534 2156 in
1568 2099 1743 2156 dubio

120 2210 224 2274 est,
259 2223 367 2261 nec
396 2205 546 2259 inter
575 2202 1036 2272 compugnantes
1066 2213 1132 2251 ac
1162 2196 1452 2265 litigantes
1479 2188 1647 2245 alicui
1672 2185 1748 2241 vi-

117 2296 305 2353 ctoria
326 2295 462 2350 data
485 2296 589 2359 est,
617 2292 756 2346 dum
784 2289 961 2344 etiam
988 2302 1121 2358 pars
1179 2283 1327 2355 parti
1390 2280 1599 2334 cedere
1640 2294 1746 2332 ne-

118 2386 244 2453 scit,
268 2387 465 2439 trenas
491 2383 594 2437 has
623 2382 681 2435 et
710 2380 968 2433 lamenta
983 2379 1102 2429 tam
1124 2370 1389 2443 ingentia
1418 2367 1586 2423 alteri
1614 2366 1725 2420 scri

118 2473 316 2529 benda
343 2469 783 2535 committimus,
812 2480 1032 2536 nosque
1058 2465 1260 2517 cuncta
1302 2458 1558 2530 paciﬁca,
1600 2472 1743 2509 cun-

116 2568 212 2619 cta
241 2562 574 2618 dulcissima
599 2558 829 2630 pagina).
864 2560 1074 2610 nostra:
1102 2552 1302 2607 indere
1333 2547 1610 2620 aggressi,
1646 2546 1743 2600 illa

116 2652 306 2707 tristia
335 2654 393 2705 et
421 2648 663 2721 posteris
686 2645 895 2701 nostris
926 2644 985 2698 in
1009 2642 1130 2697 dies
1152 2638 1527 2711 deploranda,
1546 2639 1607 2689 ut
1629 2636 1741 2689 ele.

116 2740 280 2813 giaco
302 2740 554 2811 planctu,
587 2754 706 2793 non
734 2735 922 2789 dicam
943 2735 1134 2794 cantu,
1190 2727 1395 2799 aliquis
1430 2723 1735 2789 describat,

122 2829 532 2899 relinquimus.

184 2923 275 2975 28.
300 2918 444 2972 Cum
474 2915 648 2987 igitur
676 2915 876 2968 beatus
904 2912 989 2965 vir
1017 2912 1075 2964 et
1106 2910 1220 2963 Deo
1241 2905 1449 2977 dignus
1470 2899 1735 2956 sacerdos

114 3008 402 3063 Adalbero
428 3021 530 3077 pro
561 3003 897 3058 meritorum
922 3015 1137 3068 magna
1158 2992 1540 3066 praerogativa
1562 2993 1622 3043 ut
1642 3005 1734 3042 re-

114 3098 527 3154 muneraretur
588 3096 813 3163 tempus
860 3087 1179 3147 adveniret,
1235 3101 1299 3138 ac
1350 3084 1502 3136 bono
1534 3080 1649 3132 ﬁne
1679 3078 1737 3130 et

112 3187 188 3242 bo
197 3204 284 3240 nas
298 3181 740 3256 perseverantiae
765 3179 1015 3233 termino
1031 3190 1271 3231 consum
1280 3169 1621 3234 maretur,et
1638 3161 1735 3237 qui

121 3276 273 3331 bene
300 3274 515 3328 vixerat
562 3270 766 3325 melius
820 3270 877 3323 et
933 3266 1277 3327 moreretur,
1315 3260 1447 3313 licet
1478 3257 1736 3309 decessus

121 3367 455 3419 sanctorum
480 3359 666 3414 verius
688 3357 956 3411 transitus
988 3355 1057 3408 de
1082 3355 1267 3406 morte
1289 3349 1362 3403 ad
1388 3349 1560 3401 vitam
1584 3344 1734 3396 dica-

115 3456 231 3520 tur,
263 3455 323 3506 et
354 3467 470 3505 non
497 3449 675 3520 possit
712 3446 861 3500 male
902 3442 1052 3498 mori
1083 3441 1180 3513 qui
1214 3441 1361 3494 bene
1398 3436 1561 3490 vivit:
1587 3433 1737 3486 forte

117 3537 704 3608 fuit,utTeodericus,
730 3536 908 3589 frater
958 3531 1133 3603 ipsius
1183 3528 1364 3583 nostri
1425 3521 1731 3596 pontiﬁcis,

116 3646 211 3685 res
240 3627 524 3700 quasdam
549 3627 666 3680 Deo
694 3628 752 3678 et
770 3626 967 3677 sancto
989 3619 1230 3673 Arnulfo
1254 3617 1540 3679 auferens,
1557 3611 1655 3665 diu
1685 3611 1742 3662 et

119 3721 375 3775 multum
405 3715 670 3789 precibus
713 3716 769 3767 et
810 3712 1031 3782 legibus
1088 3708 1352 3771 tediatus,
1408 3701 1739 3756 condictum

118 3807 276 3864 diem
292 3805 610 3869 constituit,
644 3805 705 3857 ut
733 3801 960 3856 decreto
998 3807 1043 3840 ’τι
1072 3797 1422 3868 sapientum,
1454 3790 1613 3861 cujus
1642 3788 1741 3858 jus

119 3900 218 3953 aut
246 3894 527 3968 injustitia
559 3895 724 3958 esset,
766 3889 1083 3961 patesceret
1124 3902 1189 3940 ac
1247 3880 1738 3938 manifestaretur.

121 3967 369 4042 Advenit
395 3982 686 4054 assignata
716 3980 833 4035 dies
863 3976 1030 4050 (Mai.
1063 3977 1239 4043 1005),
1274 3974 1332 4026 et
1358 3970 1478 4025 dies
1500 3968 1598 4022 illa
1622 3967 1745 4020 tota

120 4075 205 4130 rei
233 4072 584 4128 ventilanda:
615 4068 949 4125 necessitate
972 4065 1315 4134 consumpta
1344 4062 1449 4126 est,
1496 4073 1622 4129 quae
1655 4054 1742 4108 ni-

124 4164 244 4219 mio
274 4161 490 4218 aestatis
510 4160 730 4215 fervore
747 4173 950 4213 omnes
973 4154 1071 4226 qui
1092 4151 1450 4207 advenerant
1469 4146 1741 4210 adurens,

125 4253 263 4326 quia
289 4251 385 4306 hic
408 4251 609 4305 beatus
631 4246 908 4320 pontifex,
929 4247 989 4298 ut
1008 4258 1143 4314 sepe
1161 4239 1428 4303 diximus,
1457 4252 1527 4289 ex
1566 4249 1745 4305 gene-

125 4357 188 4424 re
218 4345 279 4397 et
302 4338 623 4405 nobilitate,
652 4337 725 4391 ad
767 4336 875 4389 hoc
921 4349 988 4387 ex
1022 4329 1242 4403 proprii
1278 4324 1534 4398 corporis
1569 4320 1752 4377 nimia

129 4414 551 4492 imbecillitate,
578 4427 727 4480 ultra
764 4439 941 4496 quam
978 4420 1090 4475 dici
1144 4418 1337 4490 posset
1391 4413 1664 4468 delicatus
1695 4411 1753 4463 et

1844 2098 1990 2161 tum,
2019 2093 2315 2164 nimioque
2342 2108 2543 2159 morm,
2578 2094 2639 2145 ut
2665 2095 2794 2164 post
2824 2091 3006 2162 patuit
3025 2096 3081 2145 et
3106 2094 3167 2146 ut
3196 2092 3455 2147 accidere

1847 2184 2008 2248 solet,
2042 2181 2241 2253 magni
2272 2183 2329 2236 et
2352 2197 2455 2251 per
2481 2182 2688 2235 cuncta
2715 2183 2979 2251 tempora
3003 2180 3236 2235 dolendi
3276 2180 3455 2235 detri~

1847 2271 2033 2326 menti
2060 2287 2230 2325 causa
2256 2270 2511 2325 fuerunt.
2544 2270 2688 2323 Nam
2716 2268 2853 2322 dum
2884 2268 3058 2323 nimis
3104 2271 3164 2323 et
3208 2270 3336 2341 plus
3366 2270 3456 2325 ni.

1848 2360 1977 2425 mis,
2007 2359 2161 2431 quod
2185 2358 2416 2413 alterius
2437 2355 2713 2428 temporis
2742 2360 2884 2423 erat,
2911 2357 3179 2412 exercitio
3210 2374 3269 2411 se
3291 2358 3455 2427 dant,

1846 2448 2083 2503 tandem
2119 2447 2194 2501 ad
2219 2446 2522 2518 hospitalia
2546 2446 2780 2517 propria
2794 2449 3099 2516 pergentes
3129 2446 3451 2514 discedunt,

1843 2541 2014 2608 atque
2045 2553 2103 2590 se
2124 2534 2315 2607 sopori
2336 2534 2551 2589 tardius
2564 2534 2720 2604 justo
2752 2534 3068 2603 dederunt;
3094 2534 3299 2607 reliqui
3328 2536 3455 2607 qui-

1843 2626 1975 2680 dem
2005 2625 2161 2697 quod
2183 2625 2381 2679 deerat
2410 2622 2593 2677 noctis
2618 2622 2677 2676 in
2699 2621 2853 2676 diem
2879 2626 3220 2695 sequentem
3247 2640 3454 2679 somno

1840 2714 2019 2769 dediti
2047 2713 2443 2768 restituerunt.
2500 2712 2615 2766 Sed
2664 2710 2799 2781 quia
2842 2710 2949 2766 dici
2982 2712 3126 2766 solet
3176 2727 3294 2767 non
3333 2728 3455 2767 esse

1840 2806 2092 2857 mortem
2122 2802 2247 2857 sine
2282 2800 2603 2866 occasione,
2649 2799 2994 2854 venerabilis
3032 2799 3295 2872 pontifex
3325 2817 3459 2856 con-

1838 2894 2064 2947 suetum
2100 2907 2328 2945 morem
2377 2888 2673 2962 praeterire
2726 2890 2950 2955 nolens,
3004 2889 3142 2961 quin
3197 2890 3459 2945 debitum

1841 2997 2052 3034 munus
2082 2979 2264 3033 noctis
2295 2975 2411 3033 Deo
2443 2977 2719 3043 exiberet,
2764 2976 2853 3031 vix
2871 2981 3042 3047 caput
3072 2978 3145 3031 ad
3162 2977 3460 3033 dormien-

1838 3068 1978 3123 dum
2011 3068 2344 3133 demiserat,
2403 3066 2491 3121 vix
2548 3065 2741 3137 sopori
2789 3067 3148 3137 aliquantulo
3192 3068 3461 3121 membra

1840 3155 2164 3209 tradiderat
2192 3154 2530 3220 tenerrima,
2564 3156 2622 3207 et
2653 3170 2785 3207 ecce
2823 3154 3006 3225 surgit
3059 3155 3132 3209 ad
3183 3155 3461 3210 conﬁten-

1840 3244 1975 3297 dum
2004 3245 2120 3298 Deo
2150 3258 2320 3312 super
2330 3242 2552 3312 judicia
2572 3240 2810 3310 justitias
2834 3242 3307 3315 ejus,devoteque
3331 3244 3458 3315 plus

1839 3333 2002 3388 solito
2032 3348 2308 3403 expensas
2339 3330 2511 3384 ofﬁcii
2537 3330 2889 3384 nocturnalis
2923 3332 3039 3384 Deo
3071 3333 3457 3402 persolvebat;

1838 3438 1969 3476 cum
2001 3423 2185 3476 subito
2219 3450 2282 3461 —
2314 3436 2605 3474 merorem
2649 3435 2887 3472 suorum
2925 3420 3136 3474 abhinc
3174 3420 3235 3473 in
3286 3437 3455 3476 evum

1839 3527 2283 3585 permansurum
2309 3508 2589 3564 referam!
2624 3537 2695 3550 —
2732 3507 2812 3562 sic
2856 3508 3065 3575 subito,
3108 3508 3186 3563 sic
3238 3509 3310 3563 de
3364 3527 3458 3565 re-

1842 3605 2014 3673 pente
2043 3601 2307 3655 membra
2332 3599 2483 3654 beati
2515 3597 2617 3651 viri
2645 3599 2848 3651 cuncta
2882 3596 3113 3668 paralisi
3156 3600 3451 3654 resolvun~

1840 3695 1953 3759 tur,
1988 3694 2049 3745 ut
2073 3692 2295 3745 nullum
2334 3704 2400 3743 ex
2430 3688 2518 3742 his
2547 3703 2714 3741 suum
2729 3686 2983 3741 ofﬁcium
3013 3702 3291 3759 peragere
3306 3704 3456 3759 prae-

1843 3782 2054 3849 valens,
2086 3782 2256 3833 terrae
2289 3780 2476 3832 totum
2507 3791 2713 3846 corpus
2736 3773 2963 3841 darent,
2993 3777 3271 3848 tantaque
3300 3778 3457 3833 velo-

1843 3869 1983 3925 citas
2004 3868 2177 3940 ipsius
2202 3864 2435 3940 pessimi
2466 3865 2657 3919 morbi
2689 3864 2747 3917 in
2774 3862 3103 3934 arripiendo
3147 3864 3354 3931 extitit,
3390 3869 3455 3922 ut

1845 3959 2035 4013 nullus
2059 3956 2211 4012 casui
2240 3956 2388 4010 illius
2414 3969 2742 4009 succurrere
2772 3968 2841 4006 ex
2869 3951 3185 4007 astantibus
3230 3953 3452 4010 clericis

1844 4051 2056 4114 posset,
2090 4050 2405 4119 antequam
2454 4043 2608 4099 beati
2639 4041 2743 4097 viri
2780 4058 2983 4114 corpus
3037 4042 3158 4097 solo
3196 4044 3451 4114 proster-

1849 4139 2104 4192 neretur.

1924 4227 2011 4278 30.
2034 4225 2336 4277 Accessum
2357 4222 2443 4274 est
2465 4235 2604 4291 ergo
2624 4218 2821 4291 quiam
2842 4218 3004 4274 citius
3029 4220 3359 4292 potuerunt,
3388 4223 3449 4275 et

1852 4330 1983 4370 ecce
2007 4312 2111 4367 sub
2144 4313 2303 4364 tanta
2324 4308 2619 4364 velocitate
2647 4325 2836 4381 neque
2882 4325 2944 4364 os
2974 4324 3161 4381 neque
3187 4324 3306 4381 pes,
3342 4325 3462 4365 non

1855 4418 2061 4458 manus
2088 4402 2187 4454 aut
2206 4399 2423 4469 lingua,
2452 4397 2671 4469 aliquid
2700 4398 2785 4450 sui
2832 4397 3006 4452 ofﬁcii
3037 4397 3280 4469 implere
3313 4414 3461 4469 pras-

131 4484 300 4577 tener
328 4484 669 4582 habebatur,
710 4484 1279 4585 im‘paciensque-erat
1296 4502 1561 4559 omnium
1590 4500 1750 4555 labo-
1781 4518 1833 4576 D
1855 4489 2445 4584 valebat.Deportatus
2471 4488 2556 4540 est
2585 4484 2659 4539 ad
2678 4484 2893 4538 lectum
2935 4485 3206 4540 manibus
3223 4492 3269 4526 75
3299 4484 3469 4540 disci-

133 4627 295 4666 rum:
311 4608 469 4682 quod
482 4622 584 4678 pro
605 4602 765 4659 omni
784 4602 952 4673 hujus
964 4599 1091 4653 vitae
1110 4614 1137 4652 c

132 4701 287 4756 ferre
312 4677 553 4769 aggredi
574 4696 673 4749 aut
692 4692 861 4746 vellet
884 4693 984 4744 aut
1002 4689 1321 4759 posset,pro
1341 4682 1438 4738 Dei
1469 4684 1528 4734 et
1550 4677 1759 4733 Christi

132 4805 334 4845 amore
361 4767 425 4841 et
455 4800 558 4855 pro
580 4781 832 4847 creditm,
859 4777 966 4832 sibi
1013 4773 1284 4829 (ecclesiae
1306 4767 1650 4825 utilitatibus
1672 4782 1763 4818 su-

133 4880 259 4947 biit,
294 4853 558 4932 videlicet
578 4870 802 4944 pondus
823 4867 937 4922 diei
959 4869 1017 4920 et
1036 4867 1207 4919 aestus
1234 4863 1485 4933 portare,
1508 4855 1622 4910 diei
1652 4853 1760 4908 uti-

136 4985 247 5042 que
274 4965 448 5032 illius,
479 4962 638 5033 cujus
667 4958 872 5014 caloris
905 4954 1172 5010 nimietas
1194 4951 1273 5005 sic
1295 4945 1681 5004 intolerabilis
1713 4952 1761 4986 72

135 5057 345 5123 extitit,
373 5056 437 5107 ut
469 5066 643 5106 nemo
674 5045 966 5104 recordari
1010 5045 1219 5115 posset,
1278 5057 1337 5094 se
1383 5039 1611 5093 tantum
1648 5034 1761 5088 fer-

134 5161 339 5202 vorem
364 5140 755 5198 autardorem
781 5135 983 5190 vidisse
1014 5148 1119 5205 per
1152 5134 1275 5185 tota
1306 5133 1637 5199 temporum
1669 5122 1763 5177 vel

1142 4594 1418 4652 ommodo
1434 4605 1756 4662 numquam
1781 4572 1820 4576 —
1858 4581 2125 4654 pulorum
2138 4574 2496 4648 perstititque
2509 4572 2700 4628 triduo
2715 4589 2833 4627 non
2846 4574 3087 4644 loquens
3102 4591 3207 4630 nec
3220 4573 3472 4647 aliquem

1858 4666 2375 4734 intendens,donec
2390 4662 2559 4717 tertio
2578 4662 2668 4716 die
2683 4662 2934 4732 pulsatus
2952 4663 3229 4718 Dominus
3239 4679 3476 4719 suorum

1862 4758 2124 4831 precibus
2140 4786 2206 4795 —
2220 4770 2357 4809 nam
2379 4768 2496 4807 non
2512 4752 2698 4806 solum
2712 4767 2779 4805 ex
2796 4750 3031 4822 proprio
3048 4752 3474 4824 episcopio,ve-

1862 4865 1993 4904 rum
2009 4864 2074 4901 ex
2101 4845 2419 4900 multarum
2438 4841 2746 4912 regionum
2762 4839 2989 4909 angulis
3009 4839 3113 4893 viri
3134 4843 3192 4894 et
3212 4841 3472 4911 femina,

1863 4933 2133 4992 monachi
2163 4936 2220 4987 et
2247 4930 2567 4996 monachae,
2598 4927 2773 4982 etiam
2798 4926 2907 4999 ipsi
2945 4927 3185 4982 solitarii
3221 4932 3279 4983 et
3304 4930 3475 4985 heres
3578 4936 3581 4937 ⁷

1863 5027 2020 5081 mitte
2052 5016 2616 5094 propositumnimiis
2634 5016 2928 5071 doloribus
2955 5018 3014 5071 et
3042 5015 3467 5074 inedicibilibus

1864 5112 2190 5170 meroribus
2215 5110 2550 5180 frangentes
2578 5107 2970 5173 accurrerunt,
3002 5107 3060 5160 et
3088 5109 3152 5161 ut
3179 5122 3281 5162 suo
3315 5108 3472 5164 ﬁdeli

1457 5242 1693 5301 VARI/E
1755 5232 1926 5296 LECT
1932 5232 2047 5289 [ON
2054 5231 2161 5288 ES.

212 5364 258 5400 τι
289 5354 512 5410 secreto
544 5355 591 5405 1.

141 5435 191 5473 ἰι
230 5424 648 5498 discipulorum
668 5416 916 5475 brachiis
944 5420 997 5472 2.
1033 5417 1086 5471 3.

212 5590 322 5659 (32)
356 5581 566 5659 Scribit
608 5581 679 5659 de
704 5577 877 5659 bellis
901 5570 1237 5659 Theoderici
1258 5570 1339 5659 ill
1396 5564 1665 5659 episcopi

147 5637 583 5718 [lein-ricivducis
609 5653 853 5708 fratrum
878 5650 1080 5703 contra
1104 5637 1446 5718 Heinricum'
1470 5651 1673 5718 regem
1704 5637 1762 5689 et

148 5707 601 5809 iégiagaiidm
609 5707 1003 5781 Trevirensem
1012 5707 1763 5789 archiepiscopumetThem

636 5356 683 5391 τί
713 5342 1110 5402 intollerabilis
1148 5339 1312 5398 altero
1353 5341 1374 5393 l
1410 5352 1555 5391 eraso
1589 5338 1649 5391 2.
1714 5339 1761 5375 ἰδ
1801 5331 1923 5402 post
1954 5319 2199 5394 amplius
2228 5314 2547 5375 vocabulum
2582 5332 2800 5375 erasum
2838 5318 2892 5372 2.
2941 5321 2988 5358 τι
3022 5315 3192 5370 nocte
3240 5315 3291 5371 1.
3321 5312 3379 5370 2,
3412 5316 3466 5370 3,

1693 5470 1919 5531 NOTAE.

1859 5555 2120 5616 doricum
2160 5552 2365 5607 ducem
2393 5565 2447 5605 a.
2479 5549 2808 5605 1009-1012.
2843 5546 3017 5620 gestis
3056 5546 3113 5603 et
3144 5542 3374 5603 nonnisi
3412 5562 3467 5603 a.

1864 5635 1998 5689 1017
2029 5626 2200 5700 plane
2228 5621 2580 5700 compositis,

1931 5692 2047 5774 (33}
2071 5698 2334 5770 Nomeny
2359 5692 2435 5752 ad
2464 5692 2701 5751 Salium.
