3888 6218
445 467 576 525 1571

1405 455 1856 514 CONSTANTINI
1891 456 1950 512 S.
2001 453 2465 512 SYMPGORIANI
2493 455 2804 515 ABBATlS.

3631 460 3748 524 {572

443 600 644 641 vocem
688 587 746 638 et
773 596 1105 639 sermonem
1158 579 1308 635 Deus
1366 579 1735 650 omnipotens
1789 576 2061 631 redderet
2086 580 2141 638 Α
2168 593 2232 630 ex
2255 577 2503 648 propriis
2532 580 2700 634 rebus
2723 581 3075 636 Numeniaco
3105 584 3430 655 expendere
3462 588 3645 658 coepit,
3665 594 3752 646 sed

446 673 844 746 optinuerunt.
907 668 1166 725 Accurrit
1209 670 1267 721 et
1315 667 1424 721 dux
1481 665 1842 730 Teodericus,
1888 665 2068 718 frater

445 761 620 834 ipsius
640 759 926 832 pontiﬁcis
959 775 971 824 ;
1007 756 1296 810 aﬁ'uerunt
1322 758 1380 809 et
1419 754 1659 808 comites
1686 753 2062 825 primariique

444 850 698 905 militum
729 863 984 914 suorum,
1020 844 1240 899 nobiles
1293 848 1350 897 ct
1405 843 1726 915 ignobiles;
1777 841 1965 896 cuncti
1997 857 2064 894 ex

451 938 617 1005 urbe,
651 935 955 1000 suburbiis,
989 933 1162 1005 agris,
1194 933 1338 986 villis
1394 934 1453 986 et
1506 931 1728 1003 oppidis
1784 930 2070 984 irruentes

446 1026 781 1083 clamabant
809 1040 869 1076 se
900 1021 1160 1088 miseros,
1193 1038 1250 1074 se
1282 1021 1445 1075 omni
1471 1020 1741 1074 felicitate
1772 1017 2064 1088 indignos,

447 1116 548 1190 qui
577 1114 676 1170 tali
703 1117 929 1186 pastore
959 1111 1145 1166 orbati
1174 1111 1668 1175 destituebantur;
1697 1110 1858 1180 lupos
1871 1124 2069 1162 omne-

445 1220 586 1276 sque
619 1203 801 1257 malas
849 1199 1060 1255 bestias
1113 1199 1314 1254 adesse
1373 1213 1477 1268 pro
1526 1197 1764 1263 foribus,
1817 1211 2067 1269 quorum

448 1291 738 1348 morsibus
759 1305 940 1360 usque
985 1287 1061 1343 ad
1106 1287 1291 1360 ipsam
1325 1302 1528 1341 necem
1559 1285 1877 1340 dilaniandi
1907 1286 2069 1356 pate-

445 1385 600 1450 rent,
633 1379 865 1436 vocibus
895 1377 1356 1433 intolerabilibus
1381 1384 1429 1418 τε
1468 1374 1932 1445 ingeminabant.

517 1475 608 1530 3i.
644 1470 857 1526 Praesul
886 1466 1250 1534 venerabilis,
1276 1465 1484 1521 auditis
1497 1464 1584 1520 his
1607 1463 1802 1518 animo
1831 1462 2066 1534 quidem

444 1563 506 1617 et
524 1559 727 1632 spiritu
765 1558 1162 1622 conturbatus,
1207 1559 1264 1610 et
1290 1555 1361 1610 ad
1395 1554 1674 1626 pietatem
1707 1551 1812 1607 sibi
1841 1551 2066 1622 ingeni-

447 1651 570 1704 tam
597 1649 945 1710 commotus,
989 1644 1048 1698 in
1081 1644 1292 1698 multas
1344 1641 1610 1696 lacrimas
1655 1639 2065 1706 resolvebatur,

449 1739 509 1792 et
535 1734 692 1806 quod
721 1734 918 1789 multas
945 1731 1318 1787 adversitates
1339 1731 1619 1803 populum
1647 1731 1777 1800 post
1814 1730 2066 1782 mortem

448 1840 614 1880 suam
643 1822 986 1878 insecutura
1013 1824 1224 1886 essent,
1257 1819 1402 1874 sicut
1423 1835 1557 1890 sepe
1585 1816 1889 1872 incolumis
1917 1833 2064 1886 pra:-

2165 664 2318 719 Metti
2351 665 2430 719 sic
2457 668 2783 737 complevit,
2802 673 2863 722 ut
2891 669 3163 741 quicquid
3182 688 3242 725 se
3268 673 3482 728 habere
3505 680 3749 732 recorda-

2168 753 2355 820 batur,
2381 754 2520 808 nihil
2550 758 2933 822 rcservaverit,
2962 757 3007 811 si
3038 759 3322 829 quidvero
3342 766 3749 833 remansit,ava-

2166 842 2296 896 ritia
2323 843 2510 914 potius
2527 861 2758 898 suorum
2787 862 2960 916 quam
2996 847 3075 917 pii
3116 849 3358 919 pastoris
3393 851 3623 908 incuria:
3673 855 3754 910 de-

2167 929 2489 1001 putandum
2517 936 2620 986 est.
2649 933 2939 1004 Quidquid
2984 936 3110 990 auri
3159 939 3521 1012 argentique,
3578 945 3756 1014 pallio-

2169 1035 2320 1082 rum,
2359 1019 2601 1074 vestium
2658 1022 3048 1091 preciosarum
3105 1025 3319 1081 habere
3360 1032 3602 1100 poterat,
3651 1049 3754 1086 non

2168 1108 2342 1161 modo
2383 1109 2660 1179 proximis
2690 1113 2747 1164 et
2781 1110 2996 1180 vicinis,
3035 1129 3233 1169 verum
3263 1117 3440 1172 servis
3459 1118 3557 1173 Dei
3601 1120 3755 1191 longe

2169 1197 2536 1254 manentibus
2597 1200 2825 1254 mittere
2878 1202 3114 1268 curavit,
3160 1209 3217 1258 et
3267 1207 3328 1259 ut
3367 1223 3472 1278 pro
3520 1210 3753 1263 remedio

2167 1284 2377 1339 animm
2408 1303 2524 1341 suae
2552 1304 2772 1360 proque
2797 1289 3098 1346 cotidianis
3126 1295 3467 1362 excessibus,
3513 1297 3627 1352 sine
3650 1299 3757 1370 qui-

2167 1373 2273 1428 bus
2302 1374 2390 1428 vix
2411 1375 2616 1447 aliquis
2647 1380 2746 1431 aut
2779 1379 2965 1433 nullus
2991 1380 3144 1444 vivit,
3171 1389 3481 1438 exorarent
3521 1389 3577 1440 et
3621 1387 3758 1456 apud

2169 1461 2292 1533 pias
2321 1461 2640 1519 Divinitatis
2653 1482 2818 1520 aures
2845 1466 3262 1526 interventores
3313 1473 3538 1540 ﬁerent,
3571 1473 3754 1546 depre-

2164 1552 2423 1607 cabatur.

2240 1643 2327 1695 33.
2361 1641 2504 1695 Nam
2531 1642 2701 1698 beato
2738 1645 2978 1701 Martino
3003 1647 3265 1716 Turonis,
3298 1653 3494 1706 sancto
3525 1651 3754 1706 Dionisio

2169 1727 2640 1795 Parisius,saucto
2659 1732 2919 1804 Remigio
2936 1734 3148 1801 Remis,
3167 1740 3381 1792 sanctae
3395 1738 3751 1794 Maximi/indu-

2167 1815 2248 1883 ni,
2278 1821 2474 1872 sancto
2508 1819 2680 1873 Petro
2712 1821 2985 1889 Colonia,
3013 1825 3323 1896 multisque
3344 1825 3469 1880 aliis
3486 1844 3585 1898 per
3604 1828 3751 1882 Fran-

449 1912 692 1978 dixerat,
726 1927 878 1965 nunc
935 1909 1199 1963 inﬁrmus
1244 1911 1303 1962 et
1330 1905 1598 1962 transitui
1627 1922 1728 1960 suo
1760 1904 1916 1970 satis,
1951 1904 2066 1958 heu
2089 1896 2139 1956 B
2166 1904 2312 1959 ciam
2346 1905 2706 1978 superiorem
2734 1908 3188 1984 interioremque
3232 1914 3443 1968 sanctis
3482 1896 3640 1970 xenia
3667 1917 3750 1970 ho-

449 2000 649 2056 nobis!
684 1997 978 2071 proximus
1005 1996 1375 2068 praedicebat.
1409 1995 1665 2061 Dicebat,
1710 2010 1840 2047 suas
1881 1992 2066 2063 magis

451 2087 796 2144 nfelicitates
820 2089 885 2140 ut
914 2085 1217 2152 deflerent,
1257 2100 1316 2138 se
1355 2083 1538 2155 magis
1582 2083 2064 2149 lamentarentur,

449 2175 594 2232 nihil
625 2175 756 2230 novi
781 2173 999 2239 adesse,
1035 2173 1294 2228 debitum
1321 2171 1495 2242 primi
1523 2171 1778 2241 parentis
1809 2169 1949 2223 nulli
1977 2169 2066 2223 in-

451 2264 834 2335 dulgendum,
867 2261 1007 2316 dum
1035 2261 1123 2316 his
1152 2261 1249 2333 qui
1308 2260 1518 2314 nullius
1569 2258 1748 2314 debiti
1787 2257 2070 2313 obnoxius

450 2355 596 2419 erat,
619 2350 872 2406 Christus
900 2351 1049 2404 Deus
1078 2354 1137 2404 et
1161 2347 1440 2403 Dominus
1471 2351 1688 2414 noster,
1721 2345 1845 2419 ipsa
1866 2344 2069 2402 mortis

452 2439 738 2497 acerrima
763 2438 1098 2493 discrimina
1122 2437 1364 2509 experiri
1389 2439 1447 2490 et
1465 2437 1586 2508 pati
1609 2453 1726 2491 non
1745 2435 2067 2505 refugisset.

451 2531 581 2603 Ipsa
610 2545 750 2600 ergo
780 2527 1120 2582 inﬁrmitate
1147 2541 1474 2598 oppressus,
1531 2542 1636 2596 per
1675 2524 1896 2595 aliquot
1951 2523 2072 2577 dies

453 2619 515 2674 in
547 2618 754 2673 eodem
800 2617 921 2670 vico
969 2615 1319 2669 Numeniaco
1367 2614 1567 2686 jacuit,
1613 2614 1795 2668 donec
1839 2612 2070 2667 invento

453 2705 1000 2775 communicatoque
1035 2703 1093 2756 in
1135 2702 1380 2756 invicem
1418 2702 1677 2768 consilio,
1708 2718 1742 2756 a
1767 2703 1918 2756 clero
1949 2702 2072 2772 ple-

454 2794 644 2865 beque
683 2793 755 2847 ad
791 2792 994 2845 urbem
1044 2789 1338 2862 propriam
1389 2791 1743 2861 deportatus,
1792 2807 1828 2844 a
1878 2791 2074 2845 multis

456 2881 692 2956 quidem
723 2880 1010 2947 devectus,
1047 2879 1450 2951 apluriorihus
1509 2883 1819 2950 susceptus,
1883 2878 2072 2933 dicere

455 2969 727 3043 possibile
754 2984 871 3023 non
902 2971 1007 3034 est,
1060 2970 1293 3038 quantm.
1315 2982 1498 3034 voces,
1531 2966 1732 3038 quanti
1769 2967 2070 3032 clamores,

453 3058 786 3127 viduarum,
819 3055 1240 3128 orphanorum,
1291 3054 1549 3109 virorum
1607 3055 2071 3123 clarissimorum,

453 3145 996 3204 honestissimarum
1027 3143 1402 3211 feminarum,
1434 3144 1507 3198 ad
1538 3144 1654 3198 alta
1673 3161 1809 3199 aera
1836 3147 2075 3216 proten-

459 3235 764 3291 debantur.
795 3233 1209 3289 Monachorum
1240 3235 1298 3286 et
1321 3232 1828 3287 sanctimonalium
1851 3241 1917 3298 77,
1936 3251 2074 3305 quo-

455 3341 588 3380 rum
617 3324 814 3394 fruges
833 3322 1086 3376 maxima
1112 3321 1170 3375 in
1205 3321 1526 3392 manipulos
1545 3323 1841 3393 perplures
1867 3327 1924 3376 et
1953 3338 2070 3375 non

459 3411 856 3468 numerandos
886 3411 1062 3483 ipsius
1092 3410 1350 3481 ejusdem
1381 3410 1625 3481 pastoris
1644 3410 1863 3464 diutino
1891 3410 2071 3464 conti-

457 3518 690 3574 nuoque
723 3501 920 3555 labore
949 3503 1008 3553 et
1035 3498 1247 3552 sudore
1269 3500 1657 3564 exurrexerat,
1706 3497 1926 3569 pudore
1978 3514 2074 3552 or-

459 3589 581 3646 dini
611 3607 712 3645 suo
753 3588 948 3644 debito
981 3586 1175 3641 nimiis
1206 3585 1502 3640 doloribus
1556 3587 1894 3658 postposito,
1951 3603 2073 3641 om-

457 3678 549 3735 nis
575 3695 740 3734 sexus
767 3682 826 3732 et
855 3681 994 3732 aetas
1041 3691 1346 3729 acourrens
1394 3677 1452 3728 et
1485 3678 1546 3728 ut
1577 3674 1760 3728 verius
1790 3674 1977 3729 dicam
1995 3675 2070 3728 ir-

457 3782 738 3838 rumpens
766 3783 780 3820 ε
809 3763 962 3822 Heu!
998 3763 1207 3835 inquit,
1235 3763 1336 3816 heu
1361 3761 1374 3816 !
1416 3762 1544 3833 quid
1571 3769 1718 3815 tanto
1734 3770 1893 3832 patre
1917 3763 2074 3817 orba-

461 3854 530 3923 ti,
553 3854 685 3926 quid
734 3860 881 3908 tanto
929 3859 1142 3922 pastore
1187 3850 1450 3917 destituti,
1495 3849 1662 3920 plebs,
1717 3849 1903 3917 clerus,
1948 3851 2076 3904 ordo

454 3942 774 3998 monac/iiiis
796 3943 1073 4012 utriusque
1094 3955 1278 4004 sexus,
1340 3937 1440 3991 tibi
1483 3954 1636 3991 omne
1663 3937 1806 4008 quod
1839 3941 2079 4009 sapiebas

457 4031 600 4106 quod
620 4031 833 4085 vivebas
860 4030 1032 4098 magis
1060 4028 1296 4094 dilectus,
1324 4025 1456 4097 quid
1482 4033 1624 4096 aget,
1651 4043 1755 4098 quo
1797 4043 1852 4082 se
1887 4036 2081 4097 vertet,

457 4121 550 4176 cui
579 4116 940 4188 subjiciendus
970 4115 1295 4187 relinquitur
1315 4114 1342 4168 ‘I

530 4209 619 4262 32.
645 4207 766 4276 Ipse
786 4219 920 4256 vero
942 4202 1184 4258 dilectus
1211 4203 1328 4256 Deo
1347 4202 1607 4272 pontifex
1627 4207 1901 4260 consueto
1925 4223 2077 4260 sem-

459 4309 567 4368 per
593 4300 641 4334 τε
666 4291 774 4346 sibi
809 4307 972 4344 more
995 4294 1228 4346 extensa
1260 4306 1436 4344 manu
1462 4290 1628 4362 signo
1663 4295 1844 4348 crucis
1874 4310 2078 4350 omnes

459 4397 580 4438 non
601 4380 802 4448 semel,
829 4395 948 4434 non
992 4379 1081 4434 bis
1111 4382 1360 4446 tantum,
1415 4379 1516 4434 sed
1547 4396 1843 4453 quousque
1898 4384 2079 4438 sancti

459 4468 740 4544 Stephani
788 4467 1256 4542 prothomartiris
1279 4468 1594 4523 iecclesiam
1628 4469 1961 4540 deportatus
1991 4471 2083 4526 in-

459 4557 1027 4625 tromitteretur,Deo
1041 4556 1411 4612 commissam
1428 4557 1656 4628 plebem
1673 4561 2083 4616 commendare

456 4664 577 4706 non
605 4647 923 4703 desinebat.
955 4643 1206 4702 Jus'serat
1226 4649 1442 4711 autem,
1471 4649 1534 4700 ut
1556 4646 1746 4718 primo
1783 4651 1918 4702 ante
1956 4662 2082 4704 sau‘

455 4736 536 4794 cti
582 4735 861 4808 Stephani
895 4735 1098 4804 altare,
1135 4737 1265 4807 post
1293 4734 1512 4790 cunctis
1550 4736 1817 4789 oratoriis
1871 4737 2078 4792 domus

458 4825 1135 4892 diductusdeveheretur,
1155 4824 1235 4879 ibi
1267 4840 1327 4878 se
1352 4840 1636 4894 suumque
1665 4826 1941 4895 populum
1959 4827 2076 4881 Deo

458 4913 934 4984 orationibusque
961 4918 1292 4968 sanctorum
1322 4911 1588 4984 precibus
1622 4912 1896 4982 depositis
1917 4931 2075 4970 com-

460 5003 894 5074 mittere,prout
911 5004 1159 5072 poterat,
1185 5005 1357 5072 prout
1374 5000 1581 5055 virium
1607 5001 1956 5070 possibilitas
1983 5009 2091 5062 aut

459 5090 826 5148 imbecillitas
853 5089 1252 5161 permittebat,
1283 5088 1520 5144 studuit.
1565 5088 1711 5144 Hinc
1760 5089 2091 5161 bajulorum

462 5179 735 5237 manibus
753 5177 1173 5249 episcopalibus
1189 5175 1897 5244 lectisintroductus,lecto
1913 5180 2091 5252 depo-

463 5269 641 5337 nitur,
664 5271 805 5323 etut
828 5265 1200 5337 competebat
1225 5264 1551 5320 inﬁrmitati
1587 5265 1729 5336 ejus,
1772 5267 2090 5326 subsidium

464 5355 855 5414 necessarium
875 5353 1278 5426 familiareque
1290 5353 1341 5410 ei
1357 5353 1434 5408 im
1442 5352 2091 5424 penditur.Elemosinas

2166 1992 2668 2049 noriﬁcentissima
2695 1996 2950 2065 mittens,
2987 2003 3258 2070 patronos
3287 2001 3372 2056 sui
3401 2002 3614 2056 itineris
3651 2019 3748 2074 quo

2164 2082 2442 2154 pergebat
2481 2083 2805 2155 adquirere,
2834 2089 3006 2157 prout
3061 2091 3308 2160 poterat,
3363 2090 3674 2159 festinabat,
3701 2096 3749 2146 et

2167 2170 2238 2225 de
2277 2187 2617 2227 mammona
2645 2181 2692 2214 ⁷ο
2721 2173 3037 2246 iniquitatis
3063 2178 3299 2246 amicos,
3341 2179 3440 2250 qui
3483 2196 3541 2234 se
3589 2181 3642 2234 in
3677 2184 3749 2234 ta-

2169 2260 2478 2314 bernacula
2507 2265 2722 2316 aeterna
2753 2263 3097 2335 reciperent,
3125 2267 3332 2322 lucrari
3367 2270 3747 2324 maturabatln

2169 2349 2546 2422 hac'denique
2569 2354 2732 2406 tanta
2748 2351 3086 2409 inﬁrmitate
3109 2357 3470 2425 constitutus,
3495 2359 3599 2412 hoc
3617 2359 3747 2428 egri-

2171 2437 2386 2492 tudinis
2414 2455 2592 2494 onere
2623 2445 3034 2512 praegravatus,
3059 2446 3267 2499 cmlum
3295 2463 3362 2501 ac
3391 2447 3630 2502 ccclestia
3675 2464 3746 2502 su-

2171 2525 2358 2598 spiriis
2369 2527 2655 2582 continuis
2675 2533 2890 2601 petere,
2917 2531 3094 2586 oculis
3125 2533 3262 2605 ipsis
3281 2537 3340 2589 et
3355 2535 3554 2605 spiritu
3575 2535 3743 2590 sedulo

2173 2631 2289 2669 non
2347 2632 2594 2684 cessans,
2631 2619 2810 2673 multo
2841 2621 3066 2692 majora
3094 2637 3153 2675 se
3184 2623 3563 2694 promeruisse
3590 2639 3675 2677 ore
3698 2627 3744 2676 et

2172 2703 2342 2758 corde
2367 2721 2598 2776 semper
2626 2706 2933 2776 fatebatur,
2960 2709 3098 2764 dum
3121 2711 3298 2764 etiam
3311 2711 3614 2767 secundum
3633 2727 3746 2782 apo-

2173 2791 2300 2845 stoli
2329 2791 2721 2848 dulcissimum
2743 2796 3113 2852 adhortatum
3145 2798 3282 2870 ipsis
3313 2801 3521 2855 sanctis
3538 2816 3630 2872 pro
3644 2799 3745 2871 glo-

2173 2879 2259 2935 ria
2273 2884 2490 2936 (eterna
2507 2885 2565 2937 et
2586 2888 2863 2955 perpetua
2883 2901 3098 2942 corona
3121 2889 3476 2944 certantibus
3511 2907 3616 2944 non
3650 2888 3745 2943 sint

2173 2969 2474 3039 condignae
2498 2971 2790 3043 passiones
2808 2974 2977 3046 hujus
2990 2977 3370 3047 temporis,ad
3387 2977 3628 3032 futuram
3638 2992 3747 3030 ean-

2176 3056 2306 3111 dem
2337 3058 2605 3128 gloriam,
2638 3076 2765 3132 quaa
2796 3063 3141 3118 revelabitur
3188 3065 3248 3118 in
3297 3065 3514 3120 eisdem
3568 3063 3747 3120 sanctis

2181 3143 2592 3216 (Rom.vm,i8),
2616 3151 2674 3201 et
2701 3150 2920 3204 utinam
2951 3150 3010 3204 in
3051 3151 3236 3219 nobis,
3265 3153 3401 3208 licet
3447 3153 3680 3224 indignis
3702 3153 3760 3206 et'

2176 3249 2293 3288 non
2321 3235 2697 3290 merentibus.
2726 3237 2920 3291 Sancti
2965 3239 3072 3293 Job
3110 3243 3166 3294 et
3204 3241 3397 3296 Tobias
3445 3241 3749 3296 venerabilis

2172 3321 2534 3392 patientiam,
2579 3324 2996 3394 suil'ereutiam,
3028 3328 3501 3402 reliquorumque
3552 3334 3746 3384 sancto-

2173 3425 2302 3463 rum
2320 3413 2549 3480 patrum
2565 3413 2770 3466 veteris
2787 3415 3031 3486 novique
3051 3417 3402 3472 Testamenti
3415 3420 3754 3474 reminiscens

2173 3497 2269 3568 qui
2300 3497 2549 3554 ludibria
2568 3503 2625 3554 et
2645 3502 2884 3555 verbera
2911 3505 3152 3574 experti,
3169 3505 3407 3578 insuper
3426 3511 3484 3562 et
3502 3516 3546 3550 8°
3562 3507 3752 3560 vincula

2173 3588 2232 3640 et
2260 3601 2537 3653 carceres,
2568 3587 2800 3644 distenti
2843 3590 3020 3645 etiam
3072 3598 3208 3647 sunt
3253 3611 3374 3649 non
3419 3596 3751 3668 suscipientes

2172 3673 2658 3746 redemptionem,
2707 3681 2770 3731 ut
2811 3677 3140 3735 invenirent
3171 3692 3215 3724 ει
3252 3685 3554 3739 meliorem
3593 3699 3752 3738 resur-

2175 3762 2512 3819 rectionem.
2564 3765 2718 3819 Beati
2771 3768 2948 3820 etiam
2992 3771 3202 3828 servuli
3251 3773 3663 3838 recordabatur,
3706 3773 3750 3824 et

2177 3857 2407 3924 semper
2427 3855 2635 3909 merita
2663 3857 3036 3926 prmdicabat,
3067 3859 3166 3931 qui
3191 3877 3262 3915 ea
3283 3879 3398 3933 qua
3421 3863 3466 3916 is
3492 3862 3634 3916 idem
3667 3876 3749 3914 no-

2178 3944 2296 3996 ster
2314 3941 2450 3996 felix
2478 3942 2694 3997 deﬁxus
2709 3943 3071 4014 inﬁrmitate,
3087 3947 3417 4004 inﬁrmitati
3429 3951 3645 4005 virtutes
3669 3948 3746 4001 ad-

2183 4033 2438 4098 nectens,
2471 4031 2786 4102 ipsiusJesu
2809 4033 3022 4088 Christi
3044 4036 3278 4091 Domini
3307 4039 3507 4104 nostri,
3537 4039 3589 4091 in
3611 4036 3751 4109 ipsius

2179 4116 2334 4172 beati
2390 4118 2578 4174 obitus
2625 4121 2887 4189 articulo,
2929 4124 3144 4178 meruit
3188 4126 3512 4182 visitatione
3531 4127 3748 4182 consola-

2181 4206 2313 4272 ri,et
2327 4207 2756 4278 ymnidicorum
2769 4212 3112 4280 angelorum
3131 4215 3374 4268 vocesin
3403 4217 3539 4271 cmlo
3559 4229 3748 4270 resona-

2180 4311 2320 4350 nare
2341 4296 2746 4368 audiens,quid
2762 4299 2938 4354 virtus
2950 4300 3010 4353 in
3030 4301 3373 4359 inﬁrmitate
3383 4300 3751 4376 perfecta,quid

2180 4385 2472 4456 patientiae
2495 4386 2700 4440 lenitas
2724 4387 3093 4458 adipiscatur,
3115 4393 3366 4462 posteris
3385 4393 3654 4449 imitanda
3676 4392 3751 4446 de-

2181 4471 2419 4544 reliquit
2451 4481 2516 4528 εὶ.
2539 4476 2682 4529 Nam
2711 4475 2912 4531 beatus
2954 4477 3038 4532 vir
3071 4482 3130 4533 et
3158 4482 3519 4537 venerandus
3535 4480 3754 4537 sacerdos

2185 4559 2804 4628 Adalbero,utacervus
2825 4565 3166 4622 meritorum
3188 4569 3315 4638 ejus
3333 4571 3505 4626 etiam
3524 4587 3618 4641 per
3636 4567 3756 4623 inﬁr-

2185 4649 2402 4719 mitatis
2421 4651 2646 4722 pondus
2667 4652 2724 4706 in
2746 4653 3164 4724 perfectionem
3197 4675 3379 4730 usque
3403 4660 3692 4723 deveniret,
3713 4657 3755 4708 et

2183 4736 2245 4792 in
2257 4736 2776 4810 virumperfectum
2799 4743 3130 4812 plenissime
3162 4762 3527 4802 succrescens
3558 4760 3753 4816 exurge-

2181 4831 2292 4890 ret,
2311 4827 2410 4898 qui
2424 4827 2833 4898 temptationes
2851 4831 3166 4886 illatassem
3174 4850 3281 4904 per
3298 4836 3390 4907 pie
3407 4836 3685 4897 suﬁ'erens,
3710 4835 3755 4885 ut

2186 4917 2472 4988 acciperet
2490 4917 2618 4973 vita:
2631 4933 3112 4989 coronam,quam
3133 4925 3472 4994 repromisit
3495 4927 3630 4979 Deus
3657 4921 3752 4976 dili-

2191 5006 2456 5079 gentibus
2484 5007 2922 5079 se,aegritudine
2939 5010 3044 5064 hac
3062 5014 3186 5066 tam
3205 5013 3416 5082 valida,
3439 5019 3556 5069 tam
3577 5009 3753 5084 ingenti

2193 5095 2493 5165 depressus
2503 5096 2734 5166 jacuita
2756 5096 2834 5150 8³1
2869 5099 3144 5154 omnibus
3177 5101 3397 5158 dextrae
3422 5103 3592 5176 partis
3611 5116 3754 5156 mem-

2192 5184 2309 5240 bris
2325 5185 2659 5254 gravissima
2678 5187 2922 5258 paralysi
2941 5189 3248 5258 resolutus,
3285 5193 3496 5248 nullius
3520 5190 3674 5248 ofﬁcii
3695 5187 3753 5240 vi-

2191 5287 2331 5344 gore
2361 5273 2553 5345 aliquo
2585 5275 2762 5329 modo
2806 5291 3046 5346 compos
3084 5277 3359 5347 existens,
3402 5282 3569 5336 solius
3593 5281 3754 5350 lingua

2191 5359 2512 5417 ministerio
2543 5365 2760 5432 nactus,
2777 5363 3248 5424 laudesCreatori
3275 5385 3379 5426 suo
3415 5371 3530 5426 Deo
3565 5367 3694 5424 Patri
3713 5369 3757 5422 et

1778 5492 2012 5549 VARle
2077 5496 2249 5553 LECT
2252 5496 2374 5553 ION
2381 5498 2482 5554 ES.

537 5608 1688 5698 “liingtp‘lergua"sanctimonalium?A7:
1713 5609 1821 5698 sibi
1845 5629 2075 5688 semper
2100 5617 2156 5688 3,
2184 5624 2232 5662 το
2263 5633 2541 5676 mamona
2559 5622 2613 5678 3.
2652 5627 2700 5666 ⁸ο
2721 5620 2863 5679 deest
2880 5621 2938 5678 3.
2969 5631 3017 5668 ιι
3046 5641 3133 5684 m.
3169 5630 3222 5684 1.
3252 5626 3312 5690 2.
3345 5633 3402 5689 3.
3427 5637 3474 5674 ει
3491 5620 3742 5698 dereliquit

475 5679 531 5744 ι.
559 5685 610 5724 ⁸³
618 5685 745 5750 post
763 5693 800 5732 a
821 5680 881 5733 in
901 5681 955 5732 l.
981 5681 1042 5737 2.
1073 5681 1304 5750 spatium
1330 5695 1558 5736 vacuum
1585 5680 1850 5740 relictum.
