3888 6218
413 417 552 490 {575

977 425 1426 485 GONSTANTIN.
1457 423 1518 485 S.
1557 420 2030 481 SYMPHORIANI
2053 418 2347 482 ABBATIS-
2370 421 2531 482 VITA
2553 422 3041 484 ADALBERONIS
3070 417 3140 486 ῙῙ.

3582 425 3706 492 ιιι-ιδ

411 557 660 614 Domino
686 558 884 614 nostro
929 557 1061 612 Jesu
1091 554 1333 620 Christo,
1365 551 1452 607 cui
1476 569 1608 606 cum
1641 556 1857 607 aeterno
1888 550 2005 607 Deo
2028 567 2081 626 Α
2103 551 2398 608 beatitudo
2421 552 2685 608 omnium
2701 552 3160 626 sanctorum,qui
3175 555 3263 610 est
3281 554 3437 610 salus
3456 555 3710 614 inﬁrmo-

406 651 576 704 Patre
593 650 652 703 et
670 650 887 702 aeterno
902 647 1017 701 Deo
1038 643 1248 716 Spiritu
1267 646 1462 696 sancto
1481 642 1695 696 estlaus
1709 644 2006 713 perpetua,

406 738 598 793 honor
631 734 987 797 indeficiens,
1009 733 1164 805 jugis
1189 731 1393 803 gloria,
1425 730 1731 786 inetfabilis
1759 729 2006 798 claritas,

2106 641 2360 714 rum,qui
2388 647 2470 696 est
2499 643 2760 699 remissio
2793 647 3185 716 peccatorum,
3219 645 3318 717 qui
3356 648 3445 700 est
3462 647 3610 702 salus
3633 648 3705 704 vi-

2106 731 2382 798 ventium,
2407 731 2502 802 qui
2529 735 2614 786 est
2632 732 2970 789 resurrectio
3003 735 3459 804 mortuorum,et
3485 752 3630 792 nunc
3653 740 3702 792 et

406 823 870 900 incomparabilis
895 819 1514 894 magnitudo,dignitas
1532 819 1784 888 inﬁnita;
1805 819 1904 892 qui
1924 822 2011 875 est
2108 835 2338 890 semper
2365 822 2425 874 et
2442 835 2546 892 per
2571 820 2772 878 omnia
2793 823 3003 878 saecula
3029 823 3377 880 saeculorum
3402 831 3472 880 οι.
3501 825 3700 882 Amen.

1052 1275 1954 1381 EPITAPHIUM
2021 1271 3054 1382 ADALBERONIS.

397 1491 738 1565 Lector,fige
768 1490 1038 1564 gradum,
1075 1489 1171 1562 qui
1201 1491 1332 1544 voto
1363 1487 1552 1543 tendis
1582 1485 1640 1541 in
1671 1486 1874 1541 altum.

465 1580 593 1636 Istic
623 1583 682 1636 et
709 1583 873 1635 caute
901 1579 1114 1635 scribta
1139 1577 1395 1632 notando
1435 1577 1583 1648 lege,

390 1668 600 1724 Taliter
629 1669 891 1739 utvitamg
913 1668 1140 1724 studeas
1174 1683 1398 1722 servare
1435 1668 1712 1739 quietam,

465 1758 721 1823 Qualiter
746 1759 840 1813 hic
869 1757 1063 1830 gessit,
1092 1773 1264 1829 quem
1296 1756 1482 1810 brevis
1519 1773 1666 1812 urna
1694 1757 1846 1830 capit

389 1845 488 1902 Hic
517 1847 653 1902 civis
705 1855 751 1889 οδ
779 1844 1250 1919 egregius,regali
1277 1845 1452 1916 stirpe
1485 1845 1744 1914 decorus,

459 1935 727 1990 Servatur
752 1935 996 2002 tumulo,
1030 1951 1206 2005 usque
1225 1937 1487 2006 resurgat
1513 1935 1716 1991 humo.

386 2023 486 2079 Hic
505 2026 672 2095 pater
693 2027 752 2078 et
777 2025 973 2094 pastor
997 2023 1264 2093 mitisque
1294 2039 1398 2094 per
1429 2022 1629 2078 omnia
1650 2022 1852 2079 doctor

455 2113 701 2167 Nomine
729 2112 1014 2166 Adalbero
1046 2111 1283 2165 fulserat
1305 2110 1536 2166 eximio.

383 2202 564 2256 Annis
588 2201 680 2256 hic
704 2201 854 2256 binis
873 2201 1114 2256 feliciter
1134 2204 1306 2272 atque
1339 2201 1548 2256 vicenis

453 2289 715 2346 Mettensi
745 2289 996 2345 dominae
1027 2288 1239 2361 prefuit
1259 2291 1532 2358 ecclesiae,

382 2378 644 2436 Sectator
661 2380 878 2451 legum,
913 2378 1231 2434 rectissima
1260 2395 1469 2434 norma
1507 2378 1823 2448 minorum,

450 2469 726 2524 Precessit
757 2469 1110 2535 facto,suasit
1147 2473 1206 2523 et
1237 2469 1486 2541 eloquio.

378 2556 633 2612 Gemmis
658 2557 930 2611 virtutum
965 2555 1239 2611 discretus
1265 2557 1504 2612 duxerat
1525 2574 1731 2626 aevum,

445 2646 732 2700 Tractavit
763 2649 998 2700 cunctos
1031 2649 1092 2700 ut
1121 2647 1384 2717 proprios
1417 2647 1664 2718 genitos.

374 2732 675 2804 Virgineos
699 2737 873 2788 coetus
903 2734 1322 2788 monachorum
1357 2735 1448 2788 hic
1478 2738 1642 2805 pater
1692 2737 1877 2792 almus

447 2821 672 2889 Dilexit,
704 2821 938 2876 lubricis
966 2822 1219 2893 praetulit
1248 2826 1306 2876 et
1330 2822 1504 2878 laicis.

375 2911 484 2966 Pes
509 2910 698 2964 fuerat
727 2911 951 2974 claudo,
974 2910 1169 2965 lucens
1201 2913 1257 2965 et
1287 2912 1490 2966 semita
1508 2930 1679 2984 casco,

446 2998 758 3054 Consolans
777 2999 966 3054 tristes
997 3003 1054 3054 et
1081 2999 1344 3055 refovens
1368 3002 1566 3074 inopes
1589 3021 1604 3072 ;

371 3087 520 3143 Nulli
551 3087 817 3156 difficilis,
851 3088 958 3143 nisi
989 3089 1137 3144 forte
1170 3107 1274 3160 per
1300 3092 1430 3146 avia
1458 3093 1693 3165 pronis;

444 3177 556 3232 Hos
585 3181 779 3232 tamen
812 3176 933 3248 ipse
955 3177 1078 3250 pius
1106 3183 1332 3234 rexerat
1361 3180 1420 3234 in
1461 3182 1693 3237 melius.

369 3262 440 3318 In
479 3265 708 3318 Domini
739 3264 968 3318 laudem
1002 3265 1104 3319 sibi
1135 3268 1580 3340 mercedemque
1616 3270 1975 3340 perbennem

441 3353 632 3407 Erexit
660 3355 870 3408 multas
895 3355 1098 3408 struxit
1127 3359 1184 3408 et
1209 3357 1509 3416 a3cclesias.

368 3441 484 3497 Hoc
507 3444 790 3514 templum
821 3443 1070 3498 fundans
1087 3445 1267 3499 multo
1295 3449 1352 3499 et
1375 3447 1584 3502 sudore
1607 3449 1902 3515 laborans,

437 3529 747 3585 Servitium
771 3529 1002 3585 Domini
1018 3530 1107 3584 hic
1131 3531 1328 3586 statuit
1353 3534 1576 3603 peragi,

367 3615 479 3672 Sed
517 3634 634 3673 non
667 3620 729 3671 ut
762 3618 960 3684 voluit,
990 3616 1125 3688 quia
1153 3619 1390 3673 mordax
1407 3621 1538 3675 ﬁnis
1567 3621 1807 3678 ademit.

435 3707 556 3762 Iieu
582 3723 705 3761 sors
729 3705 855 3760 dira
877 3705 1050 3773 necis,
1087 3723 1214 3778 qua:
1247 3707 1372 3761 tulit
1397 3709 1549 3763 hunc
1571 3710 1790 3782 superis
1813 3709 1825 3762 !

364 3793 548 3858 Quem
579 3795 804 3867 plangit
821 3803 1085 3866 populus,
1105 3811 1278 3866 quem
1307 3796 1446 3850 luxit
1474 3799 1657 3852 multa
1679 3799 1968 3868 juventus,

434 3885 630 3939 Patres
659 3887 716 3938 et
742 3884 884 3950 nati,
923 3885 1179 3938 servulus
1202 3887 1260 3938 et
1282 3885 1537 3938 Domini.

362 3971 460 4027 Hic
483 3971 920 4044 quartodecimo
941 3971 1152 4026 mensis
1173 3972 1275 4026 sub
1307 3973 1422 4026 sole
1457 3973 1791 4028 Decembris

433 4058 724 4113 Decedens
754 4057 996 4120 mundo,
1037 4074 1096 4111 se
1135 4057 1294 4112 dedit
1330 4059 1677 4116 Altithrono.

360 4145 595 4200 Lector:
635 4145 820 4215 Hujus
846 4145 1013 4215 culpa
1035 4144 1180 4200 Deus
1214 4153 1419 4213 auctor,
1443 4147 1555 4214 dic,
1577 4149 1822 4206 miserere
1851 4150 1872 4204 !
1896 4181 1967 4194 --

439 4233 599 4288 Vivat
623 4237 674 4288 et
704 4235 760 4286 in
788 4231 1002 4287 Christo
1030 4235 1050 4287 !
1076 4233 1334 4289 clamitet
1363 4236 1553 4292 omnis
1582 4237 1784 4294 homo.

359 4439 404 4504 Ο
424 4447 738 4502 Ratramne
768 4447 954 4518 pater,
980 4446 1322 4502 venerabilis
1351 4463 1449 4502 ore
1480 4448 1779 4520 magister,

356 4535 566 4606 Dulcis,
579 4552 731 4605 care,
755 4534 985 4604 decens,
1003 4533 1251 4590 facunde
1265 4535 1651 4610 benigneque,
1675 4538 1956 4610 prudens,

2009 2837 2057 2898 C

2022 1488 2075 1570 Β
2099 1484 2349 1559 Signifer
2371 1487 2430 1543 in
2459 1488 2677 1557 castris,
2703 1489 2912 1545 civium
2961 1490 3072 1546 dux
3101 1491 3370 1564 tempore
3393 1489 3565 1564 pacis,

2095 1575 2381 1632 Virtutum
2402 1577 2558 1632 fama
2581 1579 2812 1650 vulgate
2839 1595 2946 1652 per
2985 1579 3112 1635 avia
3135 1583 3366 1650 cuncta,

2097 1665 2296 1736 Aspice
2313 1675 2359 1708 η
2382 1683 2533 1721 nunc
2561 1667 2726 1722 oculo
2765 1685 2896 1740 quas
2927 1670 3060 1722 sunt
3106 1668 3198 1724 hic
3235 1669 3452 1725 scribta
3480 1685 3685 1726 sereno.

2097 1752 2307 1808 Scribsi
2328 1758 2626 1810 tantorum
2659 1755 2890 1811 tibimet
2918 1757 3138 1814 formas
3175 1775 3554 1814 numerorum
3579 1777 3594 1828 ;

2096 1843 2253 1916 Elige
2284 1843 2354 1899 de
2385 1844 2599 1912 multis,
2635 1862 2780 1918 quos
2806 1846 2881 1902 ad
2921 1847 3190 1903 tumbam
3219 1847 3462 1904 senioris

2096 1931 2295 1986 Dilecti
2325 1933 2482 1988 vobis
2511 1937 2570 1987 et
2597 1933 2816 1989 cunctis
2841 1934 3088 1990 scribere
3113 1936 3316 2008 possis.

2095 2020 2150 2076 Si
2183 2037 2298 2092 qua
2325 2025 2536 2077 sonant
2555 2021 2770 2094 lepide,
2799 2022 3068 2095 placeant
3091 2032 3161 2094 97,
3187 2029 3356 2096 pater
3387 2026 3533 2082 alme
3560 2044 3573 2094 ;

2093 2110 2244 2164 Dure
2275 2111 2430 2182 quod
2456 2115 2756 2178 resonant,
2788 2112 2898 2168 hoc
2928 2113 3120 2168 clausa
3150 2113 3379 2169 silentia
3426 2114 3678 2174 condant.

2095 2197 2138 2253 Ο
2160 2198 2353 2254 senior
2384 2199 2562 2255 dulcis
2591 2217 2765 2272 super
2785 2201 2987 2256 omnia
3016 2206 3254 2258 nectara
3283 2203 3488 2272 mellis,

2091 2287 2298 2342 Memet
2331 2288 2702 2345 Cuonradum
2732 2299 2780 2333 οε
2801 2291 2950 2346 celso
2980 2291 3083 2346 tibi
3110 2295 3306 2348 sterno
3337 2293 3618 2364 pusillum,

2093 2375 2158 2430 Et
2187 2394 2352 2448 rogo,
2397 2382 2592 2434 sancte
2625 2383 2811 2452 pater,
2845 2397 2958 2453 quo
2991 2398 3110 2436 non
3141 2385 3229 2437 est
3256 2382 3506 2440 sanctior
3529 2384 3678 2450 alter,

2091 2467 2161 2521 Ut
2182 2482 2311 2520 cum
2343 2466 2562 2522 finieris
2588 2485 2784 2524 versus
2811 2486 2930 2524 non
2957 2470 3123 2526 valde
3145 2471 3379 2544 politos,

2089 2553 2250 2611 Dicas
2278 2557 2450 2612 corde
2480 2557 2669 2614 bono:
2705 2556 2816 2625 Qui
2849 2558 2978 2630 fecit
3014 2561 3164 2618 vivat
3193 2562 3251 2615 in
3294 2561 3456 2618 almo.
3487 2563 3668 2618 Amen.

2627 2824 2858 2881 VERBA
2897 2826 3086 2882 LIBRI
3119 2843 3133 2882 :

2085 2948 2225 3004 Cum
2240 2948 2469 3019 juvenis
2497 2948 2808 3020 splendens
2848 2949 3098 3016 fueram,
3129 2955 3426 3010 mutuatus
3453 2951 3663 3008 adibam

2084 3038 2420 3094 Ccenobium
2449 3042 2711 3094 sanctum
2739 3039 2888 3094 celso
2917 3041 3144 3097 Nabore
3165 3045 3474 3112 sacratum,

2082 3129 2145 3182 In
2177 3143 2290 3198 quo
2316 3127 2575 3198 praaolari
2605 3129 2791 3183 multa
2805 3131 2864 3183 et
2891 3127 3100 3186 virtute
3123 3131 3360 3202 probati

2080 3216 2452 3288 Insignosque
2476 3215 2578 3270 viri
2601 3215 2885 3272 desudant
2907 3218 3078 3274 laude
3115 3218 3439 3291 perbenni;

2079 3304 2140 3357 In
2175 3320 2288 3375 quo
2314 3319 2422 3374 pax
2449 3303 2638 3358 radiat
2657 3321 2873 3375 magna
2903 3307 2961 3358 et
2991 3306 3276 3377 sapientia
3303 3309 3524 3378 regnat,

2076 3391 2322 3445 Moribus
2360 3395 2419 3446 et
2451 3392 2628 3445 sancti
2662 3391 2971 3447 concordia
2998 3394 3182 3465 fulget
3211 3395 3270 3450 in
3305 3394 3434 3450 illis.

2075 3480 2210 3533 Illuc
2232 3495 2360 3534 cum
2391 3479 2776 3546 veni,felicem
2805 3497 2901 3536 me
2921 3483 3210 3553 reputavi;

2074 3567 2333 3639 Namque
2358 3567 2544 3640 capite
2565 3572 2623 3622 et
2643 3569 2826 3624 cauda
2848 3571 3070 3642 portavi
3098 3575 3336 3642 tergora
3365 3571 3535 3634 nuda,

2072 3655 2334 3727 Undique
2365 3655 2551 3710 nudus
2573 3673 2734 3712 erom
2757 3674 2771 3724 ;
2803 3657 2904 3712 sed
2927 3675 3062 3713 mox
3090 3659 3328 3714 vestitus
3353 3658 3596 3715 abibam.

2072 3743 2195 3798 Non
2221 3746 2277 3798 te
2322 3743 2466 3798 sicut
2497 3761 2591 3800 me
2617 3744 2953 3800 decoratum
2988 3746 3185 3814 credo,
3221 3747 3466 3816 Lucane,

2071 3831 2183 3886 Nec
2213 3835 2269 3886 te
2313 3832 2724 3888 Constantinus
2747 3833 2971 3889 habens
2998 3834 3223 3890 vestivit
3253 3837 3476 3892 honore

2071 3918 2142 3972 Ut
2177 3935 2276 3978 me.
2305 3917 2641 3975 Cuonradus
2665 3929 2731 3988 νο,
2766 3919 2866 3992 qui
2889 3920 2964 3975 sit
2992 3921 3212 3994 simper
3234 3921 3590 3988 benedictus;

2069 4005 2240 4076 Cujus
2263 4006 2343 4062 sic
2361 4007 2561 4062 studiis
2589 4007 2766 4079 signis
2792 4009 3046 4080 fulgesco
3077 4011 3342 4078 novellis,

2065 4095 2320 4168 Margine
2337 4096 2523 4168 deque
2541 4093 2674 4152 meb
2689 4113 2842 4152 nunc
2855 4099 3019 4168 plura
3037 4098 3408 4171 problemata
3427 4113 3605 4172 pango
3632 4112 3647 4165 ;

1982 4221 2037 4283 D
2067 4182 2204 4248 Quae
2230 4184 2576 4256 quicumque
2601 4186 2890 4257 legis,dic:
2917 4187 3341 4260 Vz'vautsempcr
3369 4191 3427 4244 in
3447 4187 3561 4245 altis

2062 4274 2262 4330 Sancto
2284 4273 2492 4330 Nabori
2515 4275 2843 4344 famulantes
2872 4281 3016 4332 sorte
3035 4279 3318 4348 per/tenui.

2066 4362 2110 4418 Ο
2144 4362 2493 4434 quicumque
2525 4363 2712 4419 libens
2739 4381 2932 4420 versus
2962 4365 3252 4436 aspexeris
3288 4367 3427 4422 istos

2064 4450 2327 4522 Undique
2358 4459 2416 4506 et
2443 4451 2755 4524 adpositas,
2785 4454 2973 4520 utiles,
3005 4457 3062 4508 et
3079 4453 3215 4524 jure
3242 4455 3536 4526 legendos,

2062 4538 2191 4594 Dic:
2237 4538 2531 4596 Cuonrado
2561 4548 2632 4583 ίοο
2652 4543 2723 4596 sit
2746 4542 2860 4598 vita
2887 4539 3132 4614 salusque
3161 4543 3388 4599 misello.

1664 4663 1898 4718 VARUE
1959 4664 2246 4720 LECTION
2255 4663 2355 4720 ES.

423 4735 836 4810 “saeculonum
871 4737 922 4792 2.
951 4741 998 4776 οδ
1026 4733 1170 4788 cinis
1201 4749 1250 4790 ο.
1292 4741 1340 4776 σο
1370 4732 1567 4804 Espice
1611 4751 1654 4788 ε.
1685 4743 1730 4776 σο
1761 4733 2049 4790 vocabuluc
2091 4735 2246 4792 deest.
2289 4744 2336 4778 οε
2379 4737 2734 4809 κουωνραδουμ
2788 4735 2968 4794 codex.
3021 4746 3069 4782 σο
3118 4739 3448 4810 cxpnrbdxs
3487 4735 3650 4796 codex.

343 4807 656 4880 Κουωνραδω
679 4805 805 4865 cod.
