3888 6218
371 441 510 514 ι’δτδ

934 440 1385 504 GONSTANTIN.
1416 437 1476 498 S.
1515 429 1990 494 SYMPHORIANI
2013 427 2306 488 ABBATIS‘
2328 427 2490 486 VITA
2513 421 3000 486 ADALBERONIS
3029 417 3100 484 ll.

3545 417 3687 485 me

370 581 619 639 Domino
646 579 843 635 nostro
889 577 1020 631 Jesu
1050 571 1293 636 Christo,
1325 566 1412 622 cui
1435 582 1566 620 cum
1601 567 1817 618 aeterno
1847 561 1965 616 Deo
1988 574 2042 634 Α
2061 555 2358 614 beatitudo
2381 555 2645 613 omnium
2662 550 3121 624 sanctorum,qui
3137 553 3224 607 est
3240 552 3393 607 salus
3411 550 3689 607 infirmo-

367 675 536 728 Patre
552 672 611 725 et
631 671 848 724 aeterno
862 667 978 720 Deo
998 660 1209 733 Spiritu
1227 661 1423 712 sancto
1441 655 1656 708 estlaus
1670 653 1967 724 perpetua,

368 762 558 817 honor
593 754 948 816 indeﬁciens,
970 749 1125 823 jugis
1151 747 1354 820 gloria,
1386 743 1692 799 inell'abilis
1721 740 1967 806 claritas,

368 842 832 922 incomparabilis
857 834 1476 913 magnitudo,dignitas
1494 830 1747 898 infinita;
1768 828 1866 902 qui
1887 831 1973 884 est

2067 647 2320 720 rum,qui
2349 651 2432 701 est
2459 645 2720 701 remissio
2754 646 3147 718 peccatorum,
3181 641 3278 714 qui
3314 644 3402 697 est
3420 641 3577 697 salus
3606 641 3684 696 vi-

2067 737 2344 803 ventium,
2368 735 2464 807 qui
2491 737 2576 789 est
2593 732 2932 789 resurrectio
2965 733 3419 800 mortuorum,et
3445 746 3604 786 nunc
3631 733 3685 784 et

2070 841 2302 897 semper
2329 827 2388 880 et
2405 839 2510 896 per
2533 822 2735 880 omnia
2757 823 2966 879 saecula
2991 820 3336 878 saeculorum
3361 827 3433 875 οι.
3463 820 3681 875 Amen.

1019 1285 1921 1398 EPITAPHIUM
1988 1270 3022 1386 ADALBERONIS.

366 1513 707 1586 Lector,fige
737 1509 1006 1584 gradum,
1043 1505 1140 1580 qui
1169 1506 1301 1560 voto
1332 1500 1520 1558 tendis
1550 1498 1607 1552 in
1639 1497 1842 1552 altum.

435 1603 562 1658 Istic
593 1605 652 1658 et
679 1603 842 1656 caute
871 1597 1084 1654 scribta
1109 1592 1364 1649 notando
1404 1591 1552 1661 lege,

360 1691 571 1748 Taliter
599 1689 862 1758 utvitam}
883 1686 1111 1744 studeas
1144 1698 1368 1738 servare
1405 1681 1682 1752 quietam,

436 1780 692 1846 Qualiter
716 1779 810 1834 hic
841 1775 1034 1850 gessit,
1063 1788 1234 1846 quem
1266 1770 1453 1825 brevis
1488 1786 1636 1824 urna
1665 1767 1817 1841 capit

361 1870 460 1926 Hic
489 1869 626 1924 civis
677 1876 724 1910 ’⁸
751 1859 1223 1938 egregius,regali
1249 1859 1423 1930 stirpe
1456 1857 1716 1925 decorus,

432 1959 700 2014 Servatur
725 1953 969 2021 tumulo,
1003 1967 1178 2023 usque
1198 1950 1460 2020 resurgat
1486 1947 1688 2002 humo.

361 2047 460 2103 Hic
481 2049 645 2118 pater
667 2047 726 2100 et
750 2045 946 2115 pastor
971 2040 1238 2110 mitisque
1268 2053 1371 2110 per
1402 2035 1603 2091 omnia
1623 2034 1825 2089 doctor

431 2135 676 2190 Nomine
704 2132 989 2187 Adalbero
1021 2129 1257 2183 fulserat
1279 2124 1510 2180 eximio.

358 2225 540 2281 Annis
564 2224 655 2279 hic
679 2221 829 2278 binis
847 2219 1089 2275 feliciter
1109 2220 1281 2288 atque
1314 2215 1523 2270 vicenis

430 2311 692 2370 Mettensi
721 2309 972 2366 domina:
1001 2305 1215 2380 prefuit
1235 2305 1508 2371 ecclesiae,

359 2403 620 2460 Sectator
637 2402 854 2472 legum,
889 2396 1208 2453 rectissima
1237 2409 1446 2449 norma
1485 2391 1800 2458 minorum,

429 2491 704 2548 Precessit
735 2487 1088 2555 facto,suasit
1125 2489 1183 2540 et
1215 2483 1464 2556 eloquio.

357 2579 612 2637 Gemmis
637 2579 910 2634 virtutum
943 2574 1217 2630 discretus
1243 2573 1482 2626 duxerat
1503 2586 1710 2637 aevum,

425 2667 712 2724 Tractavit
742 2669 976 2720 cunctos
1009 2667 1071 2718 ut
1099 2662 1364 2734 proprios
1396 2660 1642 2732 genitos.

355 2756 655 2828 Virgiueos
679 2756 852 2810 castus
882 2752 1302 2808 monachorum
1337 2751 1428 2804 hic
1459 2751 1622 2820 pater
1673 2748 1858 2803 almus

428 2844 653 2911 Dilexit,
686 2842 918 2897 lubricis
946 2839 1200 2912 praetulit
1228 2843 1286 2893 et
1310 2837 1485 2893 laicis.

357 2937 466 2990 Pes
491 2934 680 2988 fuerat
710 2931 932 2994 claudo,
955 2929 1150 2984 lucens
1183 2929 1240 2982 et
1269 2927 1472 2982 semita
1489 2943 1661 2996 caeco,

429 3021 740 3078 Consolans
760 3018 949 3074 tristes
979 3021 1037 3072 et
1063 3016 1328 3072 refovens
1350 3017 1549 3088 inopes
1572 3033 1587 3085 ;

355 3112 504 3167 Nulli
535 3109 800 3176 difficilis,
835 3107 942 3163 nisi
972 3107 1120 3162 forte
1154 3124 1258 3177 per
1283 3107 1414 3161 avia
1441 3105 1637 3178 pronis
1662 3123 1676 3174 ;

429 3201 540 3255 Hos
571 3203 764 3253 tamen
796 3196 917 3268 ipse
939 3195 1062 3270 pius
1090 3199 1317 3250 rexerat
1345 3195 1404 3248 in
1446 3194 1678 3249 melius.

355 3287 426 3344 In
464 3285 693 3342 Domini
724 3284 953 3338 laudem
987 3283 1089 3337 sibi
1121 3283 1565 3353 mercedemque
1601 3281 1960 3352 perbennem

428 3375 618 3430 Erexit
646 3375 856 3428 multas
882 3373 1084 3427 struxit
1113 3377 1170 3426 et
1195 3371 1495 3429 secclcsias.

355 3465 471 3520 Hoc
493 3465 776 3535 templum
807 3462 1057 3516 fundans
1074 3461 1254 3515 multo
1282 3464 1339 3514 et
1361 3460 1571 3515 sudore
1594 3460 1889 3526 laborans,

425 3552 734 3608 Servitium
761 3547 1094 3605 Dominihic
1119 3547 1316 3601 statuit
1340 3546 1566 3618 peragi,

357 3638 470 3694 Sed
507 3656 623 3694 non
656 3641 718 3692 ut
751 3637 948 3704 voluit,
978 3634 1114 3706 quia
1141 3634 1376 3688 mordax
1396 3634 1527 3688 finis
1556 3633 1796 3690 ademit.

426 3729 545 3783 Heu
572 3743 694 3782 sors
719 3725 844 3780 dira
867 3725 1040 3791 necis,
1075 3740 1203 3795 quae
1235 3723 1362 3776 tulit
1385 3723 1540 3776 hunc
1561 3721 1780 3794 superis
1802 3720 1814 3774 l

355 3818 540 3882 Quem
569 3814 794 3889 plangit
813 3821 1075 3885 populus,
1095 3827 1268 3883 quem
1297 3811 1438 3865 luxit
1464 3812 1648 3866 multa
1669 3810 1959 3880 juventus,

426 3907 621 3962 Patres
649 3908 707 3959 et
734 3903 876 3970 nati,
915 3901 1170 3956 servulus
1193 3903 1250 3954 et
1273 3898 1529 3954 Domini.

353 3995 452 4052 Hic
475 3991 912 4068 quartodecimo
932 3989 1144 4044 mensis
1165 3988 1267 4042 sub
1300 3989 1414 4042 sole
1450 3985 1784 4042 Decembris

424 4081 716 4138 Decedens
747 4076 989 4140 mundo,
1030 4092 1089 4129 se
1128 4073 1287 4129 dedit
1323 4074 1670 4128 Altithrono.

353 4170 588 4226 Lector:
627 4167 814 4237 Hujus
839 4164 1006 4235 Culpa;-
1030 4163 1174 4218 Deus
1207 4168 1413 4229 auctor,
1437 4162 1549 4228 dic,
1572 4162 1816 4217 miserere
1845 4161 1866 4216 !
1890 4191 1961 4204 —-

431 4258 592 4312 Vivat
615 4260 667 4312 et
697 4257 754 4310 in
781 4252 997 4310 Christo
1025 4253 1045 4306 !
1071 4251 1329 4308 clamitet
1357 4251 1548 4306 omnis
1578 4251 1779 4307 homo.

355 4465 400 4529 Ο
419 4472 734 4527 Ratramne
763 4469 950 4541 pater,
976 4465 1318 4522 venerabilis
1347 4480 1446 4520 ore
1477 4462 1776 4536 magister,

352 4560 562 4631 Dulcis,
575 4576 727 4628 care,
751 4557 982 4624 decens,
1000 4554 1248 4611 facunde
1262 4553 1650 4626 benigneque,
1674 4551 1954 4624 prudens,

1989 2846 2038 2907 C

1990 1497 2044 1578 Β
2067 1491 2318 1566 Signifer
2340 1491 2399 1548 in
2427 1491 2646 1558 castris,
2673 1489 2881 1546 civium
2930 1489 3044 1544 dux
3069 1490 3337 1562 tempore
3360 1485 3539 1559 pacis,

2064 1583 2349 1637 Virtutum
2371 1581 2528 1636 fama
2551 1581 2783 1651 vulgate
2809 1595 2916 1652 per
2955 1577 3082 1634 avia
3107 1580 3334 1646 cuncta,

2067 1671 2266 1742 Aspice
2282 1679 2330 1713 οδ
2353 1687 2504 1724 nunc
2532 1669 2697 1725 oculo
2737 1684 2868 1740 quae
2897 1669 3032 1722 sunt
3077 1667 3169 1722 hic
3207 1664 3422 1721 scribta
3451 1679 3673 1720 sereno.

2067 1759 2278 1815 Scribsi
2298 1763 2598 1814 tantorum
2631 1757 2862 1812 tibimet
2890 1756 3110 1812 formas
3147 1770 3530 1810 numerorum
3559 1772 3576 1822 ;

2068 1851 2224 1922 Elige
2255 1849 2326 1904 de
2357 1847 2572 1914 multis,
2609 1863 2753 1920 quos
2779 1847 2854 1902 ad
2893 1846 3161 1901 tumbam
3191 1843 3434 1900 senioris

2067 1938 2268 1993 Dilecti
2297 1937 2455 1993 vobis
2485 1940 2544 1991 et
2571 1934 2790 1990 cunctis
2815 1933 3062 1990 scribere
3085 1933 3288 2006 possis.

2067 2027 2124 2083 Si
2157 2043 2272 2099 qua
2299 2029 2510 2082 sonant
2529 2024 2744 2096 lepide,
2773 2022 3042 2096 placeant
3065 2030 3136 2091 97,
3162 2025 3328 2094 pater
3358 2022 3513 2076 alme
3543 2039 3558 2089 ;

2067 2117 2218 2171 Dure
2249 2115 2404 2188 quod
2431 2117 2731 2180 resonant;
2763 2113 2874 2168 hoc
2903 2113 3096 2167 clausa
3125 2110 3352 2166 silentia
3399 2109 3672 2170 condant.

2069 2204 2113 2261 Ο
2135 2204 2328 2260 senior
2359 2203 2538 2259 dulcis
2567 2219 2742 2274 super
2761 2201 2964 2257 omnia
2993 2204 3230 2256 nectara
3257 2199 3466 2269 mellis,

2066 2295 2275 2350 Memet
2307 2293 2680 2348 Cuonradum
2709 2300 2756 2335 οδ
2777 2291 2927 2347 celso
2957 2290 3060 2346 tibi
3087 2294 3282 2346 sterno
3313 2289 3607 2362 pusillum,

2070 2383 2134 2438 Et
2164 2401 2329 2455 rogo,
2374 2385 2570 2437 sancte
2603 2385 2790 2454 pater,
2823 2398 2936 2454 quo
2969 2397 3087 2436 non
3119 2383 3206 2435 est
3233 2379 3490 2435 sanctior
3514 2379 3671 2446 alter,

2069 2475 2138 2528 Ut
2159 2489 2289 2528 cum
2321 2471 2540 2526 ﬁnieris
2567 2487 2762 2526 versus
2790 2487 2911 2526 non
2935 2469 3101 2524 valde
3123 2469 3356 2542 politos,

2068 2561 2229 2618 Dicas
2257 2561 2428 2618 corde
2459 2561 2648 2617 bono:
2684 2558 2794 2627 Qui
2829 2559 2957 2631 fecit
2994 2561 3143 2616 vivat
3173 2560 3229 2613 in
3271 2557 3436 2614 almo.
3471 2559 3664 2614 Amen.

2609 2827 2840 2883 VERBA
2879 2825 3068 2882 LIBRI
3101 2841 3114 2880 :

2067 2957 2207 3012 Cum
2222 2953 2451 3026 juvenis
2479 2951 2792 3024 splendens
2831 2950 3082 3015 fueram,
3111 2951 3410 3006 mutuatus
3439 2946 3664 3004 adibam

2067 3043 2403 3102 Coenobium
2432 3046 2696 3098 sanctum
2721 3041 2872 3097 celso
2901 3041 3127 3096 Nabore
3147 3042 3461 3107 sacratum,

2066 3137 2128 3191 In
2160 3150 2273 3205 quo
2300 3131 2560 3204 praeclari
2590 3131 2776 3186 multa
2790 3133 2848 3185 et
2875 3127 3084 3185 virtute
3108 3127 3342 3200 probati

2065 3223 2438 3294 lnsignosque
2461 3220 2563 3274 viri
2587 3218 2870 3274 desudant
2892 3217 3063 3274 laude
3100 3215 3385 3290 perhenni
3409 3232 3424 3284 ;

2065 3312 2126 3366 In
2161 3327 2274 3382 quo
2300 3325 2409 3380 pax
2435 3307 2624 3362 radiat
2643 3322 2858 3378 magna
2889 3307 2948 3360 et
2977 3304 3260 3376 sapientia
3289 3305 3512 3375 regnat,

2063 3398 2308 3454 Moribus
2347 3400 2406 3452 et
2438 3395 2615 3450 sancti
2649 3393 2958 3449 concordia
2985 3394 3168 3464 fulget
3196 3392 3256 3447 in
3291 3391 3420 3446 illis.

2062 3487 2198 3541 Illuc
2219 3502 2348 3540 cum
2379 3483 2764 3550 veni,felicem
2793 3499 2888 3537 me
2909 3481 3196 3553 reputavi;

2062 3577 2321 3646 Namque
2347 3573 2533 3646 capite
2554 3576 2612 3626 et
2631 3572 2814 3626 cauda
2835 3569 3058 3643 portavi
3087 3573 3324 3641 tergora
3351 3567 3522 3631 nuda,

2060 3663 2322 3734 Undique
2354 3661 2540 3716 nudus
2562 3676 2760 3726 erom;
2793 3658 2892 3713 sed
2915 3675 3051 3713 mox
3079 3657 3316 3713 vestitus
3341 3655 3590 3711 abibam.

2062 3752 2185 3806 Non
2213 3754 2267 3804 te
2313 3749 2456 3804 sicut
2487 3765 2581 3804 me
2607 3748 2944 3803 decoratum
2978 3745 3175 3812 credo,
3210 3746 3454 3811 Lucane,

2061 3841 2174 3894 Nec
2203 3843 2259 3894 te
2303 3837 2715 3894 Constantinus
2739 3835 2962 3891 habens
2989 3833 3213 3890 vestivit
3243 3835 3465 3890 honore

2063 3927 2134 3981 Ut
2167 3943 2269 3985 me.
2296 3924 2634 3981 Cuonradus
2658 3932 2724 3990 99,
2759 3921 2860 3994 qui
2881 3921 2956 3976 sit
2983 3921 3202 3994 simper
3224 3917 3582 3983 benedictus;

2062 4014 2232 4084 Cujus
2255 4013 2335 4069 sic
2353 4012 2554 4068 studiis
2581 4010 2758 4083 signis
2785 4011 3039 4082 fulgesco
3068 4009 3333 4076 novellis,

2059 4103 2313 4175 Margine
2331 4103 2516 4174 deque
2536 4097 2668 4155 meo
2683 4115 2836 4154 nunc
2849 4100 3013 4170 plura
3030 4097 3400 4171 problemata
3418 4108 3598 4168 pango
3628 4105 3645 4160 ;

1977 4231 2032 4293 Β
2061 4191 2198 4256 Quae
2225 4191 2570 4264 quicumque
2595 4189 2886 4260 legis,dic:
2912 4188 3116 4244 Vivont
3131 4205 3333 4258 semper
3361 4187 3418 4242 in
3440 4183 3554 4241 aliis

2057 4283 2258 4340 Sancto
2280 4279 2488 4338 Nabori
2511 4279 2839 4349 famulantes
2869 4283 3011 4333 sorte
3031 4277 3310 4348 perhenni.

2063 4372 2106 4428 0
2140 4370 2490 4443 quicumque
2521 4368 2709 4424 libens
2734 4383 2928 4422 versus
2958 4364 3245 4438 aspexeris
3282 4365 3421 4420 istos

2061 4459 2325 4531 Undique
2355 4465 2413 4513 et
2441 4456 2754 4529 adpositos,
2782 4456 2970 4523 utiles,
3003 4457 3060 4508 et
3075 4453 3210 4525 jure
3237 4451 3532 4524 legendos,

2059 4548 2190 4603 Dic:
2235 4544 2529 4604 Cuonrado
2560 4553 2629 4588 10°
2651 4547 2721 4600 sit
2745 4546 2859 4601 vita
2886 4542 3130 4615 salusque
3158 4541 3383 4597 misello.

1664 4675 1898 4730 VARl/E
1959 4673 2127 4730 LECT
2132 4673 2246 4730 lON
2255 4671 2354 4728 ES.

421 4758 834 4815 “saeculonum
870 4760 921 4815 2.
949 4763 996 4798 95
1025 4753 1168 4810 cinis
1199 4768 1250 4810 c.
1291 4759 1339 4796 90
1370 4749 1567 4822 Espicc
1612 4766 1654 4803 ε.
1685 4757 1731 4791 96
1761 4744 2049 4802 vocabuluc
2091 4745 2246 4802 deest.
2289 4752 2336 4787 οε
2379 4742 2734 4816 κουωνραδουμ
2789 4738 2967 4798 codex.
3020 4748 3068 4783 σο
3117 4737 3443 4810 cxpnrbdxs
3483 4731 3649 4792 codex.

341 4831 656 4906 Κουωνραδω
678 4829 804 4888 cod.
