3888 6218
187 548 304 602 1581

1415 542 1771 601 ΕΡΙΞΤΟΙΛΕ
1807 543 1893 600 ΕΤ
1927 543 2244 602 DECRETA

3350 551 3487 614 1582

170 665 419 720 custodia
439 664 735 736 religionis
763 665 1066 719 relaxatur.
1094 663 1216 728 Quo
1234 665 1495 736 exemplo
1520 664 1776 719 decerni-
1796 665 1852 725 Α
1874 667 2263 736 transgressor
2303 664 2598 732 exstiterit,
2639 666 3028 722 anathematis
3054 684 3330 727 mucrone
3362 689 3422 727 se
3453 688 3488 728 a

170 771 287 808 mus
311 753 370 807 in
395 753 720 808 Divionensi
745 752 1096 808 monasterio
1116 751 1369 806 divinum
1394 752 1645 805 ofﬁcium
1669 769 1772 822 pro

168 845 367 895 sancta:
393 845 544 894 statu
583 842 836 895 Ecclesim
869 841 1142 895 continuo
1175 839 1774 910 celebrari,quatenus

169 929 525 1000 frequentata
594 929 902 984 celebratio
965 929 1270 982 missarum
1332 933 1388 982 et
1443 928 1771 980 orationum

169 1017 421 1071 turbines
466 1034 527 1069 ac
572 1019 850 1087 procellas
882 1017 1280 1088 infestantium
1321 1017 1506 1069 valeat
1531 1015 1771 1081 sedere;

170 1105 287 1171 nisi,
303 1105 460 1176 quod
484 1106 648 1172 absit,
675 1105 1020 1176 Lingonensi
1039 1104 1320 1171 Ecclesiae,
1339 1105 1423 1158 vel
1443 1103 1629 1157 eidem
1649 1118 1774 1156 mo-

169 1195 432 1260 nasterio,
467 1194 835 1260 infractione,
866 1197 963 1247 aut
1005 1192 1262 1263 praesulis
1297 1191 1582 1262 praedicta:
1627 1189 1777 1244 sedis

169 1281 508 1352 proditione,
540 1283 654 1336 sive
687 1283 954 1352 captione
1001 1282 1193 1352 aliquo
1241 1281 1416 1335 modo
1458 1279 1774 1344 accidente,

171 1387 262 1441 pro
277 1371 485 1442 quibus
501 1374 705 1440 sponte
727 1371 939 1424 debent
966 1371 1037 1423 ab
1063 1370 1253 1423 ofﬁcio
1292 1385 1532 1435 cessare,
1560 1368 1772 1425 Valete.

235 1460 374 1514 Data
432 1459 616 1531 pridie
662 1458 948 1512 Kalendas
1012 1457 1359 1519 Decembris,
1416 1474 1517 1527 per
1569 1473 1778 1510 manus

167 1548 308 1602 Petri
339 1553 553 1604 sanctae
593 1547 920 1618 apostolicae
949 1547 1097 1601 sedis
1155 1545 1598 1612 bibliothecarii,
1633 1544 1775 1599 indi-

167 1637 345 1692 ctione
379 1656 432 1692 χ.

935 1727 1001 1781 ιΙ.

810 1835 855 1871 az
902 1816 1243 1886 privilegium
1287 1831 1393 1886 pro
1449 1814 1765 1868 monasterio

790 1890 968 1957 enigni
991 1889 1343 1941 Divionensis.

759 1977 946 2048 (Anno
988 1976 1165 2047 4012.)

478 2068 738 2133 [Pansam
770 2065 1008 2132 Rccueil,
1042 2069 1175 2132 etc.,
1199 2083 1254 2135 p.
1289 2064 1439 2123 273.]

229 2156 581 2221 BENEDICTUS,
620 2158 828 2209 sanctae
881 2154 1210 2208 universalis
1239 2151 1499 2207 Ecclesiae
1530 2152 1758 2222 praesul,

167 2243 361 2299 dilecto
388 2244 448 2298 in
483 2243 704 2298 Christo
725 2245 855 2297 Jesu
876 2242 992 2296 ﬁlio
1010 2244 1304 2311 WiLLELuo
1336 2239 1530 2295 abbati
1557 2256 1758 2293 mona-

166 2333 310 2388 sterii
333 2332 710 2398 Divionensis,
731 2333 965 2403 ejusque
986 2329 1402 2386 successoribus
1422 2329 1762 2399 regulariter

166 2421 509 2475 substituend
520 2420 823 2487 is,salutem
838 2423 892 2473 et
906 2420 1269 2490 apostolicam
1282 2416 1758 2473 benedictionem.

230 2509 302 2563 Ex
351 2509 611 2580 injuncto
665 2509 832 2563 nobis
879 2508 1068 2561 ofﬁcio
1127 2509 1456 2562 sanctorum
1502 2507 1759 2559 locorum

169 2597 330 2668 quieti
363 2599 642 2652 debemus
670 2597 982 2667 invigilare,
1016 2599 1078 2650 ut
1109 2599 1324 2667 quanto
1353 2594 1618 2666 quietius,
1643 2597 1764 2646 tan-

168 2689 219 2740 to
249 2687 506 2742 devotius
537 2687 593 2740 in
629 2686 708 2739 eis
731 2686 975 2740 Domino
1005 2686 1296 2740 serviatur.

231 2776 557 2846 Propterea,
593 2773 922 2828 charissime
957 2774 1032 2827 ﬁli
1067 2773 1366 2840 Willelme,
1391 2773 1764 2845 petitionibus

168 2864 266 2918 tuis
281 2882 350 2918 an
361 2869 624 2931 nuentcs,
646 2863 1064 2918 monasterium
1081 2866 1328 2916 vestrum
1342 2863 1445 2916 sub
1460 2863 1767 2934 protectio—

165 2968 230 3005 ne
248 2954 557 3023 apostolica
576 2952 1034 3006 conservandum
1055 2952 1376 3016 statuimus,
1400 2955 1549 3005 etne
1567 2952 1637 3005 ab
1652 2952 1768 3023 epi-

165 3057 323 3112 scopo
357 3041 730 3113 Lingonensi,
764 3045 860 3095 aut
883 3041 1004 3110 ejus
1035 3041 1472 3107 successoribus,
1507 3039 1763 3094 divinum

165 3128 214 3182 in
240 3131 356 3202 ipso
390 3131 743 3186 monasterio
775 3129 1152 3184 interdicatur
1183 3129 1459 3197 ofﬁcium,
1494 3129 1764 3201 prohibe-

167 3233 299 3272 mus.
334 3220 498 3283 Quod
530 3220 702 3273 etiam
736 3217 1162 3286 bealiGregorii
1189 3218 1526 3271 auctoritate
1549 3218 1764 3272 contir-

174 1817 436 1874 Βρηειίίειί
498 1817 687 1943 VIIIS
698 1835 771 1941 ΡΞ

1877 751 2039 806 nobis
2067 753 2374 806 multatum
2405 769 2509 824 pro
2535 758 2692 808 certo
2719 755 2964 810 noverit.

1943 840 2088 893 Data
2141 841 2261 894 Kal.
2295 841 2648 908 Decembris,
2683 858 2787 914 per
2826 859 3033 899 manus
3074 847 3230 902 Petri
3271 851 3483 904 sancta:

1875 928 2199 996 apostolicae
2233 929 2383 982 sedis
2409 929 2848 996 bibliothecarii,
2871 931 3185 990 indictione
3217 953 3271 992 x.

2635 1019 2725 1072 Ill.

1877 1101 2192 1160 Benedictus
2238 1103 2391 1183 V1_II
2405 1123 2548 1183 ραρ-ςι
2566 1107 2704 1183 jura
2729 1110 2908 1183 omnia
2934 1125 3000 1165 ac
3030 1109 3164 1166 bona
3190 1110 3255 1168 S.
3295 1111 3483 1183 ΠΙ·ῃεί-

2303 1175 2455 1230 [ensis
2480 1176 2730 1232 Ecclesiae
2753 1179 3054 1247 conﬁrmat.

2479 1266 2666 1330 (Anno
2703 1265 2884 1339 l0l2.)

2020 1352 2432 1418 [COCQUELINES,
2479 1351 2692 1408 Bullar.
2733 1358 2880 1413 tom.
2928 1359 2970 1424 Ι,
3018 1375 3162 1430 page
3190 1361 3339 1428 3l9.]

1948 1439 2282 1495 BENEDIC‘I‘US
2321 1441 2637 1512 episcopus,
2671 1459 2863 1498 servus
2910 1461 3206 1503 servorum
3243 1448 3364 1517 Dei,
3394 1467 3481 1506 re-

1878 1527 2271 1583 verentissimo
2304 1545 2370 1582 ac
2409 1529 2691 1600 spirituali
2721 1530 2838 1586 ﬁlio
2871 1532 3238 1590 Enuaucauoo
3268 1542 3477 1594 sancta:

1876 1615 2217 1687 Urgellensis
2247 1619 2508 1674 Ecclesia:
2539 1619 2830 1693 episcopo,
2871 1622 3098 1695 tuisque
3141 1628 3478 1682 successori-

1869 1705 1974 1759 bus
1997 1705 2056 1759 in
2077 1710 2442 1778 perpetuum.

1912 1794 2278 1865 Apostolatus
2293 1796 2472 1851 nostri
2485 1796 2807 1854 sollicitudo
2824 1798 3090 1856 omnium
3104 1801 3475 1860 ecclesiarum

1866 1883 2204 1938 utilitatibus
2217 1901 2320 1940 nos
2334 1890 2536 1941 monet
2547 1887 2900 1958 prospicere,
2921 1893 2978 1944 et
2991 1891 3476 1949 nefundituscor-

1791 1975 2056 2044 Bruant,
2088 1989 2262 2044 opem
2313 1977 2609 2045 perpetuas
2663 1977 3096 2033 sustentationis
3149 1978 3472 2052 impertire.

1865 2060 2454 2133 Quaproptercunctis
2465 2064 3476 2138 archiepiscopis,ducibus,marchio-

1863 2149 2050 2218 nibus,
2083 2150 2409 2221 comitibus,
2427 2151 2876 2220 vicecomitibus,
2909 2155 3240 2228 cunctisque
3258 2162 3472 2215 sanctae

1863 2238 2226 2294 DciEcclesiae
2239 2239 2366 2294 ﬁliis
2376 2240 2750 2296 manifestum
2764 2240 2890 2296 ﬁeri
2901 2243 3470 2316 volumus,quoniam

1863 2345 1978 2382 una
2003 2344 2132 2382 cum
2154 2331 2358 2383 cuncto
2381 2332 2577 2384 nostro
2599 2331 2751 2384 clero
2769 2329 3193 2402 episcoporum,
3210 2333 3472 2389 cardina-

1861 2416 2026 2483 lium,
2046 2417 2536 2488 presbyterorum,
2559 2418 2936 2474 diaconorum
2953 2420 3468 2478 subdiaconorum-

1863 2505 2343 2576 que,conﬁrmam
2353 2523 2416 2560 us
2428 2509 2599 2578 atque
2613 2507 2982 2563 concedimus
2991 2508 3124 2564 huic
3138 2511 3466 2582 supradicto

1861 2592 2266 2664 Ermengaudo
2285 2593 2553 2666 episcopo
2566 2611 2733 2650 suum
2749 2595 3012 2652 videlicet
3021 2597 3148 2668 jam
3161 2599 3468 2671 praefatum

1863 2681 2258 2753 episcopatum
2280 2686 2491 2740 sancte
2515 2683 2862 2754 Urgellensis
2878 2685 3138 2742 Ecclesia:
3154 2703 3221 2741 ex
3237 2686 3468 2760 integro

1865 2785 1996 2824 cum
2028 2770 2298 2826 omnibus
2326 2771 2438 2825 suis
2467 2771 2742 2840 aediﬁciis,
2773 2773 3038 2841 castellis,
3079 2774 3243 2842 villis,
3274 2775 3472 2833 fundis

1867 2861 1926 2912 et
1954 2859 2175 2914 casibus
2204 2860 2260 2914 iu
2304 2877 2418 2932 quo
2448 2863 2600 2928 sunt,
2634 2861 2906 2931 ecclesiis,
2936 2862 3115 2918 vineis
3144 2880 3373 2938 quoque
3412 2869 3472 2921 et

1866 2948 2108 3002 terriset
2137 2949 2335 3018 pratis,
2354 2949 2578 3018 pascuis
2607 2954 2666 3004 et
2685 2949 2855 3016 silvis,
2889 2950 3190 3006 arboribus
3221 2953 3475 3022 pomife-

1865 3034 1942 3088 ris
1968 3038 2026 3089 et
2059 3035 2438 3106 inpomiferis,
2472 3037 2784 3092 fructiferis
2830 3039 2915 3092 vel
2965 3039 3354 3108 infructiferis,
3383 3041 3472 3097 di-

1865 3124 2009 3178 versi
2028 3124 2278 3194 generis,
2294 3125 2596 3196 paludibus
2608 3129 2667 3179 et
2677 3127 2969 3196 pantanis,
2983 3128 3250 3199 salicetis,
3262 3129 3468 3202 puteis,

1864 3213 2136 3279 fontibus,
2155 3212 2290 3265 rivis
2312 3213 2678 3280 molendinis,
2708 3214 3138 3286 piscationibus,
3170 3234 3271 3274 seu
3295 3219 3473 3276 etiam

167 3309 514 3380 mamus,qui
537 3309 819 3361 Joannem
843 3306 1175 3378 episcopum
1198 3306 1268 3360 de
1292 3307 1431 3360 urbe
1462 3306 1640 3360 veteri
1660 3323 1762 3377 pro
1792 3314 1838 3374 (1
1864 3304 1922 3356 et
1964 3300 2386 3366 venationibus.
2446 3301 2608 3372 aquis
2662 3318 3059 3375 aquarumque
3117 3306 3471 3378 decursibus},

166 3393 263 3450 hoc
295 3397 554 3468 increpat
571 3395 950 3460 ctinterdicit,
973 3411 1043 3448 ne
1073 3395 1327 3448 divinum
1352 3394 1606 3449 ofﬁcium
1630 3411 1761 3465 pro-

165 3482 347 3540 hibeat
377 3487 434 3540 in
467 3485 742 3540 coenobiis
772 3483 1069 3550 celebrari,
1098 3483 1234 3554 quia
1278 3483 1500 3554 quoties
1527 3484 1635 3537 hoc
1677 3486 1763 3539 vel

165 3572 715 3645 aliquidinusitatum
740 3574 796 3628 in
812 3573 1172 3627 monasteriis
1194 3572 1432 3643 geritur,
1447 3573 1762 3628 tenorinde

163 3664 427 3730 regularis
443 3665 520 3717 im
531 3663 899 3734 peditus,non
922 3678 1126 3732 parum
1152 3660 1452 3715 acustodia
1465 3661 1761 3733 religionis

161 3748 454 3805 relaxatur.
487 3751 608 3814 Quo
641 3750 893 3820 exemplo
938 3749 1302 3802 decernimus
1331 3748 1388 3801 in
1431 3748 1757 3803 Divionensi

161 3840 500 3893 monasterio
519 3839 778 3892 divinum
795 3838 1048 3891 ofﬁcium
1062 3853 1166 3907 pro
1180 3839 1325 3891 statu
1342 3839 1553 3891 sancta:
1566 3837 1755 3891 Eccle-

159 3921 245 3978 siae
273 3929 545 3982 continue
576 3926 873 3992 celebrari,
907 3929 1189 3998 quatenus
1210 3926 1575 3997 frequentata
1612 3926 1755 3980 cele-

155 4009 328 4070 bratio
351 4018 658 4072 missarum
689 4019 744 4070 et
765 4015 1094 4070 orationum
1117 4015 1374 4069 turbines
1391 4031 1455 4069 ac
1476 4016 1752 4086 procellas

156 4098 544 4161 infestantium
566 4106 752 4160 valeat
780 4104 1002 4171 sedare,
1028 4104 1156 4166 nisi,
1180 4103 1333 4174 quod
1355 4104 1521 4170 absit,
1546 4103 1751 4175 Lingo-

155 4193 304 4246 nensi
333 4194 622 4262 Ecclesiae,
654 4195 739 4248 vel
771 4193 960 4248 eidem
994 4196 1348 4254 monastero,
1382 4191 1747 4261 infractione,

154 4283 542 4352 autpraadictae
556 4283 703 4338 sedis
720 4282 977 4354 praesulis
988 4281 1255 4352 captione
1269 4280 1458 4351 aliquo
1474 4281 1648 4335 modo
1663 4299 1750 4336 ac-

153 4366 386 4438 cidente,
403 4389 506 4444 pro
532 4372 738 4443 quibus
758 4373 963 4441 sponte
981 4370 1196 4423 debent
1211 4369 1282 4423 ab
1303 4369 1488 4422 ofﬁcio
1504 4384 1745 4434 cessare,

153 4458 402 4514 omnium
421 4461 596 4514 etiam
629 4460 1046 4514 monachorum
1080 4461 1311 4512 tuorum
1338 4457 1620 4528 quoslibet
1652 4476 1745 4512 ex-

151 4558 322 4601 cessus
347 4548 664 4604 secundum
683 4549 782 4604 Dei
800 4549 1067 4602 timorem
1093 4551 1150 4600 et
1173 4546 1324 4600 beati
1346 4546 1633 4602 Benedicti
1655 4565 1744 4602 re-

150 4634 353 4704 gulam,
386 4641 632 4710 paterna
661 4635 1169 4692 animadversione
1199 4635 1410 4690 habeas
1440 4636 1742 4708 castigare,

148 4735 243 4776 nec
272 4725 364 4779 ulli
389 4727 791 4798 episcoporum
813 4727 984 4780 liceat
1016 4724 1304 4778 interdicti
1331 4723 1592 4796 proferre
1624 4744 1747 4781 sen-

142 4812 402 4886 tentiam,
417 4833 519 4871 seu
549 4815 893 4887 quibuslibet
917 4813 1190 4885 augariis,
1223 4814 1309 4866 vel
1338 4813 1745 4875 indictionibus

142 4898 393 4974 fatigare,
426 4905 685 4978 quandiu
714 4903 819 4974 ipsi
856 4903 1124 4958 monachi
1174 4905 1376 4957 vestra:
1425 4905 1740 4979 disciplinae

142 4990 295 5046 subdi
328 4994 636 5060 voluerint,
659 4997 714 5046 et
743 4993 1104 5064 regularibus
1132 4991 1586 5049 institutionibus
1607 5013 1737 5068 sup-

142 5080 288 5146 poni.
322 5083 690 5154 Quaecunque
745 5098 876 5135 vero
923 5080 1222 5152 privilegia
1250 5082 1737 5152 praedecessorum

141 5178 415 5239 meorum,
449 5187 805 5244 quazcunque
827 5171 1115 5240 praecepta
1143 5186 1348 5242 regum
1371 5173 1457 5226 vel
1488 5172 1736 5244 impera-

139 5253 342 5326 torum,
377 5277 738 5333 quzecunque
770 5259 980 5329 scripta
1021 5258 1474 5329 Lingonensium
1515 5264 1738 5320 antisti-

138 5354 249 5407 tum
266 5349 629 5420 aliarumque
641 5364 1020 5419 personarum
1037 5346 1192 5401 idem
1215 5350 1541 5405 coenobium
1564 5355 1744 5409 nosci-

138 5429 225 5485 tur
245 5439 559 5506 possidere,
584 5455 687 5492 nos
717 5437 986 5509 prmsenti
1017 5437 1246 5492 decreto
1279 5440 1743 5514 corroboramus,

143 5532 238 5575 nec
273 5542 387 5580 non
420 5527 827 5598 possessiones,
863 5525 1172 5597 dignitates
1219 5529 1391 5598 atque
1422 5527 1744 5602 libertates,

140 5619 259 5676 qute
286 5613 344 5667 in
375 5615 508 5688 ipsis
534 5616 759 5688 paginis
780 5615 1154 5670 continentur
1179 5620 1470 5672 annotatae
1494 5621 1744 5676 auctori-

141 5691 248 5780 tate
269 5700 417 5758 beati
439 5705 872 5761 Petrietnostra
892 5705 1146 5775 integras
1167 5708 1224 5758 et
1253 5705 1499 5761 illibatas
1527 5722 1746 5780 perpe-

133 5776 226 5843 l410
268 5805 505 5855 manere
533 5793 847 5852 sanximus.
880 5793 1100 5849 ﬂorum
1144 5793 1190 5850 si
1238 5793 1366 5870 quis
1403 5776 1749 5858 contrarius

1863 3390 2156 3445 montibus
2177 3392 2234 3443 et
2262 3389 2520 3454 collibus,
2555 3389 2738 3461 plagis
2767 3394 2825 3444 et
2846 3391 3120 3461 planitiis,
3146 3396 3472 3464 cavertinis,

1864 3478 2312 3549 adjacentiisque
2329 3493 2552 3546 eorum,
2569 3479 2789 3532 cultum
2809 3477 3211 3549 velincultum,
3227 3498 3334 3537 nec
3353 3501 3472 3540 non

1863 3570 1921 3621 et
1949 3566 2361 3638 pertinentiam
2393 3566 2648 3637 ejusdem
2678 3567 2970 3639 episcopii,
3012 3569 3225 3626 scilicet
3259 3564 3471 3628 Corda-

1862 3655 2074 3711 niensis
2090 3672 2292 3728 pagus,
2323 3656 2693 3724 Libienensis,
2716 3657 3158 3728 Bergitanensis,
3182 3659 3472 3718 Paliaren-

1860 3745 1934 3799 sis
1947 3762 2197 3818 quoque,
2227 3749 2397 3817 atque
2421 3745 2872 3807 Ribacurcensis,
2902 3747 3269 3804 Jestabiensis
3294 3752 3474 3824 atque

1860 3833 2246 3897 Cardosensis,
2274 3832 2617 3889 Anabiensis
2641 3850 2704 3888 ac
2733 3833 3040 3898 Tirbensis,
3069 3839 3127 3890 et
3156 3838 3314 3893 locus
3341 3857 3471 3896 san-

1855 3925 1959 3976 οἱα)
1981 3923 2250 3978 Deodataz
2273 3939 2404 3977 cum
2423 3922 2630 3978 ﬁnibus
2651 3922 2785 3990 suis,
2811 3928 3062 3979 castrum
3075 3925 3466 4000 etiam,quem

1853 4011 2052 4066 dicunt
2069 4015 2292 4082 Turres,
2313 4029 2444 4068 cum
2471 4013 2680 4068 ﬁnibus
2701 4012 2833 4080 suis,
2849 4017 2907 4069 et
2927 4015 3228 4071 Bescaram
3248 4034 3382 4073 cum
3402 4021 3464 4076 ﬁ-

1852 4103 2019 4156 nibus
2039 4104 2174 4173 suis,
2209 4121 2341 4158 cum
2373 4104 2496 4175 ipso
2525 4104 2712 4172 alode,
2743 4121 2917 4176 quem
2937 4104 3138 4160 dicunt
3159 4106 3285 4176 Sor,
3301 4112 3360 4164 et
3378 4110 3462 4182 ip-

1850 4207 1941 4244 sos
1971 4191 2214 4259 villares,
2267 4209 2394 4264 quae
2426 4193 2624 4248 dicunt
2653 4193 2886 4261 Letone,
2919 4196 2978 4249 et
3013 4194 3297 4267 Colpedra
3323 4215 3459 4255 cum

1849 4278 2064 4333 ﬁnibus
2089 4280 2221 4346 suis,
2250 4281 2498 4335 Haclone
2525 4285 2582 4336 et
2608 4281 2854 4337 Sardina
2893 4298 3026 4337 cum
3065 4284 3274 4341 ﬁnibus
3320 4287 3456 4358 suis,

1849 4369 1907 4420 et
1931 4367 2052 4437 ipso
2079 4367 2295 4434 villare,
2323 4385 2497 4439 quem
2528 4369 2727 4424 dicunt
2766 4371 3099 4441 Boscedera,
3133 4373 3451 4433 Calbitiano

1847 4475 1977 4512 cum
2013 4457 2219 4511 ﬁnibus
2249 4457 2384 4522 suis,
2409 4462 2466 4512 et
2492 4459 2794 4515 Lenztirdo
2816 4478 2947 4516 cum
2987 4461 3196 4518 ﬁnibus
3225 4464 3358 4533 suis,
3396 4470 3456 4521 et

1848 4547 2168 4603 Submonte
2199 4563 2330 4600 cum
2362 4546 2573 4603 ﬁnibus
2593 4548 2800 4612 suis,et
2820 4550 2972 4623 ipsos
2990 4551 3182 4606 alodes
3204 4552 3273 4608 de
3305 4554 3449 4610 valle

1847 4637 2127 4702 Andozza,
2161 4634 2258 4707 qui
2286 4634 2522 4690 fuerunt
2551 4635 2622 4691 de
2662 4637 2950 4695 Sinifredo
2976 4641 3207 4711 comite,
3240 4647 3298 4699 et
3323 4643 3449 4716 ipso

1845 4732 1973 4787 fevo
2014 4728 2084 4782 de
2114 4723 2470 4790 Archavello,
2511 4726 2569 4778 et
2599 4724 2721 4796 ipso
2755 4728 2920 4784 alode
2951 4729 3022 4785 de
3055 4731 3288 4787 Salellas
3316 4749 3449 4790 cum

1844 4822 1965 4894 ipso
2005 4817 2130 4871 fcvo
2163 4813 2232 4867 de
2265 4812 2475 4866 Sancto
2508 4811 2824 4884 Stephano,
2857 4820 2916 4872 et
2939 4817 3089 4890 ipsas
3112 4821 3290 4890 villas,
3319 4839 3449 4896 quae

1844 4913 2041 4968 dicunt
2081 4907 2406 4970 Montanae,
2446 4902 2599 4956 Lello
2631 4906 2689 4957 et
2729 4905 3015 4974 Cubilare,
3052 4927 3184 4965 cum
3214 4912 3450 4971 illorum

1837 4997 2139 5062 terminos,
2157 4993 2243 5048 vel
2265 4993 2427 5058 lines,
2451 4993 2511 5044 et
2530 4991 2652 5062 ipsa
2674 4991 2826 5059 villa,
2846 5009 2975 5065 qua:
2994 4997 3194 5054 dicunt
3209 4999 3442 5058 Salento

1837 5105 1971 5144 cum
1993 5085 2202 5141 ﬁnibus
2217 5081 2351 5148 suis,
2366 5083 2616 5135 castrum
2631 5080 2807 5136 etiam
2821 5081 3074 5154 Sanguia
3086 5103 3217 5143 cum
3230 5091 3442 5147 ﬁnibus

1838 5179 1974 5245 suis,
2000 5180 2057 5230 et
2085 5175 2208 5245 ipsa
2249 5171 2381 5227 villa
2406 5186 2534 5242 quin
2564 5169 2763 5225 dicunt
2805 5171 3016 5227 Tossen
3053 5190 3185 5231 cum
3229 5179 3442 5238 ﬁnibus

1841 5267 1976 5334 suis,
1994 5280 2168 5337 quam
2188 5261 2442 5316 Burellus
2464 5259 2727 5315 comesin
2744 5259 2899 5316 hunc
2919 5262 3317 5337 episcopatum
3333 5285 3440 5340 pro

1843 5372 1946 5411 sua
1965 5353 2104 5408 olim
2130 5350 2363 5406 donavit
2390 5349 2604 5417 anima,
2627 5353 2685 5405 et
2705 5364 2740 5403 a
2769 5367 2869 5406 suo
2894 5350 3013 5406 ﬁlio
3036 5353 3443 5427 Ermengaudo

1845 5444 2112 5517 episcopo
2135 5444 2332 5512 postea
2343 5439 2473 5494 huic
2485 5438 3443 5512 episcopatuiconﬁrmata.Conﬁr-

1845 5549 2002 5588 mam
2013 5547 2074 5585 us
2087 5530 2262 5585 etiam
2279 5528 2472 5599 idipsa
2493 5529 2622 5583 villa
2640 5545 2771 5584 cum
2795 5529 3004 5585 ﬁnibus
3017 5530 3133 5586 suis
3156 5532 3228 5587 ad
3252 5533 3445 5590 locum

1845 5620 2155 5676 vocitatum
2188 5621 2398 5673 sanctae
2431 5618 2775 5689 Urgellensis
2799 5619 3060 5676 Ecclesiaa
3087 5621 3158 5676 de
3187 5621 3285 5679 illa
3304 5622 3448 5681 hora

1847 5709 1908 5764 in
1941 5710 2130 5775 antea,
2153 5723 2328 5778 quam
2347 5706 2705 5764 Raimundus
2720 5725 2912 5766 comes
2929 5709 3183 5768 reddidit
3203 5711 3263 5770 in
3284 5716 3452 5788 pote-

1847 5798 1994 5855 state
2013 5795 2261 5854 Domino
2282 5797 2401 5855 Deo
2431 5795 2481 5872 ej
2490 5813 2667 5874 usque
2684 5799 2972 5873 praecelsa
2986 5800 3276 5877 genitrici,
3296 5805 3358 5864 et
3383 5803 3448 5867 in
