3888 6218
403 487 540 545 1583

1668 476 2032 533 BENEDICTI
2070 475 2190 532 VIII
2231 475 2438 534 PAPIE

3596 487 3732 542 1584

402 625 583 664 manu
602 607 928 662 memorato
944 603 1354 676 Ermengaudo
1382 601 1651 672 episcopo
1676 604 1918 673 propter
1931 618 2019 655 re-
2044 605 2098 663 Α
2122 607 2322 657 contra
2351 603 2460 658 hoc
2486 606 2743 658 nostrum
2763 605 3133 675 apostolicum
3164 607 3534 680 privilegium
3553 610 3617 664 in
3639 611 3738 665 ali-

403 696 661 753 medium
695 695 906 750 animas
936 710 1072 758 sum,
1121 695 1180 746 et
1221 690 1411 745 uxoris
1444 690 1528 743 sui
1569 689 1927 757 Ermesinde,
1962 693 2020 744 et

402 801 508 857 pro
547 784 870 841 remedium
903 782 1113 837 animae
1158 781 1434 852 genitoris
1485 779 1593 846 sui,
1626 783 1684 833 et
1710 779 1905 832 fratris
1935 790 2020 843 sui

405 873 815 945 Ermengaudi,
837 874 893 925 et
921 871 1044 940 ipso
1064 869 1230 924 alode
1256 886 1425 940 quem
1457 869 1656 923 dicunt
1679 867 2021 921 Castellione

406 983 537 1022 cum
552 962 854 1019 Guardiola
871 962 928 1013 et
949 975 1077 1012 cum
1095 958 1214 1028 ipso
1239 959 1470 1022 Solane,
1490 973 1621 1010 cum
1647 956 1877 1010 illorum
1905 959 2017 1009 ter-

407 1054 630 1110 minum
663 1052 753 1106 vel
784 1049 945 1102 ﬁnes.
978 1051 1036 1101 et
1068 1047 1186 1116 ipso
1221 1046 1386 1100 alode
1414 1063 1587 1116 quem
1609 1044 2018 1100 dicuntTurri-

407 1143 567 1208 zella,
589 1155 720 1193 cum
743 1137 952 1191 ﬁnibus
975 1135 1106 1200 suis,
1121 1138 1177 1188 et
1197 1135 1375 1205 ipsam
1403 1133 1822 1199 haereditatem,
1840 1149 2015 1203 quam

407 1246 558 1299 saepe
579 1227 730 1282 dicto
751 1223 1157 1293 Ermengaudo
1172 1222 1440 1291 episcopo
1465 1221 1622 1274 dedit
1641 1220 1845 1288 adjam
1873 1236 2016 1289 pras-

407 1319 541 1372 ἰδίω
562 1318 774 1370 sanctae
802 1312 950 1368 sedis
972 1310 1334 1379 Urgellensis,
1359 1310 1454 1379 qui
1481 1309 1636 1362 illum
1662 1309 1893 1362 advenit
1917 1325 2017 1378 per

409 1402 778 1460 successionis
789 1401 873 1454 sui
888 1398 1156 1469 genitori,
1173 1398 1230 1451 in
1247 1397 1342 1450 tali
1362 1397 1621 1450 videlicet
1639 1397 1861 1451 ratione
1877 1397 2016 1450 dum

408 1493 610 1549 vixerit
638 1491 922 1544 Arnaldus
941 1489 1119 1542 frater
1149 1487 1271 1557 ejus
1302 1489 1514 1551 teneat,
1541 1488 1598 1538 et
1627 1485 1937 1556 possideat,
1961 1489 2020 1539 et

413 1585 544 1656 post
571 1581 794 1635 obitum
823 1594 956 1632 vero
988 1592 1154 1630 suum
1183 1578 1485 1628 remaneat
1515 1575 1588 1628 ad
1621 1578 1832 1628 sanctas
1869 1591 2016 1644 pra:-

414 1671 580 1726 dictzn
603 1668 788 1734 sedis;
823 1665 1049 1720 alodem
1083 1664 1176 1734 qui
1197 1668 1280 1716 est
1308 1663 1379 1715 ad
1404 1663 1525 1733 ipsa
1555 1662 1798 1732 spungia
1821 1662 2020 1715 simili-

411 1762 521 1814 ter.
556 1757 978 1812 Conﬁrmamus
1008 1754 1182 1806 etiam
1207 1751 1258 1805 ei
1280 1750 1512 1804 tertiam
1539 1754 1765 1821 partem
1786 1750 2021 1804 Telonei

414 1847 671 1919 ejusdem
689 1841 958 1914 episcopii
981 1840 1218 1895 mercati
1249 1857 1379 1893 cum
1398 1839 1763 1910 pertinentiis
1781 1843 1865 1894 vel
1890 1857 2020 1895 cum

2123 690 2326 761 quibus
2357 707 2528 761 agere
2562 692 2793 762 injuste,
2823 710 3009 764 neque
3041 695 3308 766 frangere
3340 699 3545 753 tentet.
3583 700 3734 770 Ergo

2123 779 2219 849 qui
2247 779 2320 832 ad
2349 785 2560 834 sanctae
2591 781 2760 850 hujus
2790 783 3048 838 Ecclesiae
3075 784 3291 855 aliquid
3319 787 3491 856 rapit,
3541 787 3737 841 aufert

2123 868 2204 919 vel
2237 867 2486 933 fraudat,
2519 868 2755 935 invadit,
2788 874 3058 933 retentat,
3079 872 3350 939 devastat,
3381 879 3479 928 aut
3509 875 3735 929 nefaria

2121 955 2427 1008 calliditate
2482 957 2877 1028 suppresserit,
2934 975 3035 1028 pro
3095 959 3389 1014 homicida
3436 965 3734 1032 teneatur,

2119 1047 2291 1114 atque
2327 1060 2454 1098 reus
2476 1044 2534 1098 in
2554 1050 2860 1116 conspectu
2881 1047 3019 1117 justi
3041 1047 3365 1116 judiciiDei
3397 1050 3732 1121 deputetur,

2119 1134 2176 1185 ct
2204 1135 2264 1184 ut
2292 1133 2598 1203 sacrilegus
2620 1134 2928 1202 judicetur,
2974 1139 3030 1188 et
3076 1135 3181 1190 nisi
3222 1154 3324 1208 per
3354 1155 3561 1209 puram
3593 1155 3737 1210 pro-

2119 1217 2429 1290 batamque
2459 1223 2630 1290 atque
2662 1222 2950 1290 publicam
2980 1223 3381 1292 paenitentiam
3408 1230 3466 1279 et
3493 1243 3599 1296 per
3630 1228 3736 1281 Ec-

2118 1307 2301 1360 clesia:
2330 1308 2778 1363 satisfactionem
2812 1310 3212 1380 episcoporum
3245 1329 3452 1367 manus
3485 1314 3740 1384 imposi-

2120 1394 2340 1449 tionem
2388 1397 2549 1466 juxta
2593 1399 2897 1451 canonicas
2947 1399 3268 1454 sanctiones
3327 1402 3737 1457 reconciliatus

2121 1499 2236 1537 non
2269 1484 2460 1548 fuerit,
2491 1501 2732 1556 regnum
2775 1487 2872 1539 Dei
2909 1503 3025 1540 non
3059 1487 3362 1558 possideat,
3399 1494 3456 1543 et
3486 1507 3604 1544 non
3641 1508 3736 1546 so-

2123 1573 2240 1624 lum
2275 1588 2307 1624 a
2338 1589 2512 1641 regno
2547 1573 2643 1626 Dei
2676 1574 2739 1626 ﬁt
2766 1574 3008 1640 alienus,
3033 1576 3129 1629 sed
3161 1577 3336 1630 etiam
3367 1595 3400 1631 a
3432 1579 3741 1632 liminibus

2123 1665 2331 1714 sancta!
2364 1661 2462 1714 Dei
2512 1662 2771 1715 Ecclesia:
2816 1663 2886 1716 sit
2935 1663 3164 1732 ejectus.
3196 1665 3416 1719 Talium
3447 1667 3739 1720 scelerum

2125 1753 2464 1819 patratores,
2500 1749 2606 1802 nisi
2637 1766 2738 1818 per
2769 1751 3237 1818 satisfactionem,
3267 1769 3372 1807 nec
3419 1753 3580 1808 vivus
3627 1772 3740 1810 nec

2126 1842 2386 1890 mortuus
2417 1837 2847 1892 communicare
2880 1856 2996 1892 non
3031 1841 3372 1906 audeantur,
3418 1841 3742 1914 etinsuper

415 1918 685 1991 oimnibus
702 1933 773 1986 ad
793 1931 980 2002 ipsum
1001 1929 1378 2000 episcopium,
1395 1928 1583 1981 etsuis
1602 1928 1869 1982 omnibus
1889 1929 2024 1982 locis
2047 1918 2097 1975 Β
2125 1928 2511 1980 anathematis
2563 1926 2784 1980 vinculo
2839 1927 3211 1998 damnentur,
3262 1930 3377 1983 Deo
3425 1934 3481 1983 et
3523 1931 3742 1985 sanctis

413 2023 738 2094 ubicunque
769 2018 1116 2091 generaliter
1141 2021 1197 2072 et
1223 2034 1290 2070 ex
1320 2017 1546 2085 integro
1579 2017 2020 2086 pertinentibus,

412 2112 586 2167 situm
613 2109 1003 2182 supradictum
1036 2105 1429 2176 episcopatum
1453 2121 1486 2157 a
1513 2105 1805 2159 territorio
1825 2107 2026 2174 Urgel—

413 2201 605 2261 lensis,
631 2196 1047 2261 Cerdaniensis,
1080 2192 1524 2264 Bergitanensis,
1553 2193 1911 2257 Paliarensis,
1945 2197 2025 2248 at-

415 2306 525 2361 que
538 2284 1143 2341 Ribacurcensis.ltem
1167 2285 1225 2336 et
1246 2282 1655 2335 confirmamus
1678 2281 1777 2335 tibi
1799 2282 2024 2352 tuisque

413 2375 827 2432 successoribus
843 2373 912 2427 de
944 2371 1117 2442 ipsius
1145 2369 1454 2440 supradicti
1487 2370 1760 2440 episc0pii
1792 2369 2025 2435 locis,et

410 2463 794 2537 pertinentiis,
823 2459 1110 2533 primitiis,
1144 2462 1201 2511 et
1232 2458 1487 2523 decimis,
1514 2475 1618 2511 nec
1637 2475 1753 2512 non
1787 2462 1845 2512 et
1876 2458 2021 2513 inte-

410 2569 576 2625 gram
605 2551 924 2606 stabilimus
946 2551 1007 2600 ut
1039 2548 1193 2600 nulla
1224 2545 1496 2616 quaelibet
1522 2561 1771 2615 persona
1802 2547 2022 2601 clericis

408 2640 582 2696 vestri
609 2637 879 2710 episcopii
899 2633 1340 2690 consistentibus
1368 2633 1576 2702 injuste
1609 2633 1682 2686 ad
1713 2634 2019 2689 districtio-

409 2745 569 2796 nem,
591 2730 690 2782 aut
704 2726 775 2780 ad
783 2726 938 2795 justa
958 2725 1045 2776 lex
1064 2722 1370 2791 deportare
1388 2720 1572 2774 laicali
1592 2737 1840 2791 persona
1870 2740 2015 2792 pras-

407 2818 684 2870 sumetur.
715 2814 858 2866 Nam
899 2809 1032 2880 quia
1061 2807 1452 2877 supradictum
1498 2809 1852 2878 episcopium
1883 2827 2013 2865 cum

405 2905 523 2959 suis
539 2903 711 2957 rebus
733 2901 1060 2967 ubicunque
1081 2894 1188 2948 sibi
1209 2895 1632 2966 pertinentibus
1663 2898 2011 2953 Francorum

406 2991 636 3062 regibus
659 3004 760 3060 per
783 2987 1134 3056 praeceptum
1157 2983 1358 3037 domni
1385 2987 1443 3036 et
1465 2985 2014 3053 prasstantissimire-

405 3080 494 3150 gis
522 3077 708 3132 Caroli
740 3073 990 3128 Francia:
1014 3071 1288 3142 regionis,
1311 3075 1369 3126 et
1389 3088 1492 3142 per
1524 3073 1892 3143 scriptionem
1912 3093 2011 3130 no-

406 3166 585 3221 minis
613 3165 734 3235 ejus
764 3161 1080 3228 concessit;
1116 3165 1174 3214 et
1198 3161 1448 3215 ﬁrmavit
1474 3161 1656 3233 sigillo
1684 3166 1876 3233 regale
1911 3183 2009 3219 seu

405 3271 509 3328 per
535 3253 904 3309 concessione
933 3253 992 3303 et
1013 3249 1327 3304 donatione
1353 3251 1503 3320 regis
1534 3251 1796 3306 Ludovici
1821 3255 2008 3322 proles

401 3343 612 3408 Caroli,
643 3346 702 3396 et
729 3356 832 3412 per
860 3338 1365 3394 conﬁrmationem
1410 3339 1560 3409 regis
1589 3340 1890 3411 praeceptis
1933 3343 2005 3395 si-

400 3447 700 3504 gnansque
725 3429 910 3499 sigillo
931 3427 1164 3499 proprio
1192 3426 1412 3480 domini
1431 3428 1583 3497 regis
1609 3428 1793 3483 Caroli
1826 3430 2008 3484 Ludo-

401 3520 504 3575 vici
522 3519 831 3591 prolis,nec
849 3533 966 3570 non
979 3519 1151 3586 etper
1173 3515 1671 3587 privilegiaitaque
1696 3518 2003 3572 beatorum

395 3610 793 3682 apostolorum
813 3604 1086 3677 principis
1098 3603 1336 3670 Petri,et
1352 3603 1567 3658 domno
1585 3605 1827 3675 Agapito
1850 3622 2000 3676 papa

396 3704 455 3753 et
484 3699 730 3753 aliorum
757 3696 1172 3766 apostolorum,
1203 3693 1299 3764 qui
1330 3693 1419 3746 hic
1444 3693 1678 3746 fuerunt
1708 3693 1910 3754 functi,
1941 3696 2000 3746 et

394 3786 806 3857 obligationem
820 3783 1052 3838 illorum
1066 3781 1377 3841 tenuerint,
1385 3782 1773 3852 przeccdentes
1785 3783 2001 3850 episco-

391 3875 448 3947 pi
459 3876 562 3930 sub
568 3876 710 3946 jugo
723 3876 780 3926 et
793 3870 1021 3925 servitio
1034 3870 1320 3923 inviolatae
1337 3869 1436 3922 Dei
1453 3868 1773 3938 genitricis;
1801 3870 1900 3922 sed
1918 3870 1997 3924 ita

387 3968 563 4018 etnos
583 3960 895 4032 apostolica
915 3957 1256 4012 auctoritate
1277 3956 1576 4009 ﬁrmamus
1599 3959 1712 4009 uta
1733 3957 1928 4025 modo,
1948 3962 2006 4013 et

387 4051 448 4106 in
465 4055 637 4104 antea
649 4046 932 4119 quidquid
953 4043 1344 4112 vosvcstrique
1367 4060 1716 4098 successores
1736 4046 2000 4116 legaliter

388 4137 719 4208 acquisituri
740 4133 984 4200 fueritis,
1004 4131 1210 4186 futuris
1239 4132 1594 4202 temporibus
1631 4151 1698 4188 ex
1731 4122 2009 4206 praesenti

387 4240 543 4280 anno
617 4220 1034 4277 incarnationis
1085 4219 1314 4274 Domini
1379 4222 1560 4276 nostri
1609 4224 1740 4277 Jesu
1795 4225 2007 4282 Christi

394 4315 529 4370 1013
575 4311 665 4381 (1),
700 4309 1014 4364 indictione
1043 4326 1122 4375 x1,
1169 4309 1427 4364 inclinati
1470 4311 1732 4380 precibus
1777 4315 2004 4388 vestris,

386 4419 492 4475 per
520 4404 708 4456 vestra
738 4399 958 4471 regalia
982 4400 1270 4469 praecepta
1297 4403 1355 4453 et
1381 4399 1552 4470 hujus
1594 4401 1877 4472 privilegii
1919 4421 2008 4457 se-

384 4490 535 4547 riem
561 4490 619 4544 in
647 4492 994 4561 perpetuum
1025 4487 1184 4541 vobis
1226 4488 1538 4560 vestrisque
1583 4490 2004 4546 successoribus

385 4579 803 4634 conﬁrmamus
833 4580 891 4632 et
918 4576 1237 4631 stabilimus
1269 4575 1666 4646 detinendum,
1700 4579 2003 4651 possiden-

387 4668 527 4723 dum
548 4673 608 4723 et
626 4683 757 4722 cum
780 4666 990 4720 timore
1011 4665 1113 4720 Dei
1133 4664 1582 4736 dispensandum
1611 4671 1782 4738 atque
1806 4685 2010 4740 regen-

387 4759 550 4828 dum,
584 4759 647 4812 ut
691 4756 878 4810 nullus
902 4770 1020 4824 rex,
1045 4755 1233 4808 nullus
1255 4753 1541 4825 princeps,
1573 4759 1760 4813 nullus
1791 4778 2004 4846 comes,

389 4847 579 4902 nullus
608 4843 888 4911 marchio,
920 4845 1108 4898 nullus
1143 4843 1342 4913 judex,
1395 4859 1583 4914 neque
1630 4848 1744 4902 ulla
1789 4843 2008 4922 magna

390 4950 678 5006 parvaque
699 4949 950 5004 persona
972 4931 1227 5002 aliquam
1259 4931 1395 5000 vim,
1428 4936 1527 4986 aut
1550 4934 1910 4992 invasionem
1942 4941 2003 4994 in

391 5023 598 5078 eodem
652 5019 940 5092 episcopio
985 5037 1174 5092 neque
1216 5020 1276 5074 in
1311 5021 1425 5075 suis
1453 5022 1818 5092 pertinentiis
1849 5045 1998 5083 nun-

391 5126 568 5183 quam
596 5110 784 5165 facere
817 5113 1149 5181 praesumat.
1183 5111 1291 5163 Pro
1323 5127 1458 5181 quo,
1487 5114 1543 5165 et
1573 5113 1676 5166 sub
1703 5113 1880 5168 divini
1899 5117 1996 5187 ju-

391 5199 524 5254 dicii
545 5198 949 5265 obtestatione,
973 5201 1031 5251 et
1043 5197 1429 5252 anathematis
1446 5199 1847 5258 interdictione
1868 5221 1997 5275 pro-

389 5288 720 5356 mulgantes
749 5285 1124 5352 decrevimus,
1155 5289 1218 5338 ut
1247 5286 1386 5339 nulli
1415 5291 1746 5344 nostrorum
1775 5309 1994 5349 succes-

389 5391 587 5430 sorum
614 5374 974 5446 pontiﬁcum,
1018 5378 1080 5428 ut
1113 5391 1285 5445 supra
1313 5375 1628 5446 posuimus,
1663 5397 1850 5453 neque
1881 5386 1996 5440 ulla

388 5477 609 5533 magna
639 5478 927 5535 parvaque
949 5480 1198 5536 persona
1227 5465 1437 5520 audeat
1466 5484 1654 5540 neque
1682 5475 1996 5541 przesumat

466 5715 540 5787 ti)
569 5718 707 5788 Leg.
735 5725 896 5784 1012.

2125 2014 2239 2067 suis
2271 2015 2426 2076 [deest
2448 2015 2687 2069 odibiles
2717 2016 2801 2070 vel
2825 2016 2952 2086 quid
2978 2017 3163 2079 simile]
3193 2017 3538 2085 efﬁciantur,
3573 2023 3633 2072 et
3663 2019 3740 2073 ab

2127 2103 2387 2156 Ecclesiae
2433 2104 2723 2157 catholicas
2769 2105 3180 2160 communione
3224 2106 3531 2175 pellantur.
3578 2107 3740 2170 Quo-

2127 2208 2256 2245 rum
2288 2209 2393 2246 nos
2412 2197 2716 2263 sequentes
2736 2195 2999 2263 exempla
3025 2209 3228 2248 omnes
3251 2195 3394 2248 tales
3413 2210 3739 2267 praesump-

2126 2283 2278 2334 tores
2308 2298 2340 2335 a
2364 2281 2656 2335 liminibus
2676 2285 2885 2335 sancta:
2922 2282 3023 2336 Dei
3058 2283 3314 2336 Ecclesiae
3339 2284 3737 2339 anathemati-

2125 2387 2340 2434 zamus,
2362 2369 2675 2441 apostolica
2703 2371 3040 2424 auctoritate
3067 2371 3352 2440 pellimus,
3387 2376 3444 2426 et
3484 2372 3740 2428 damna-

2125 2474 2270 2521 mus,
2303 2462 2472 2528 atque
2505 2459 2810 2528 sacrilegos
2825 2459 3308 2529 essejudicamus,
3332 2464 3525 2514 etnon
3543 2462 3734 2516 solum

2122 2545 2414 2608 facientes,
2437 2546 2538 2600 sed
2558 2550 2615 2600 et
2636 2547 3061 2600 consentientes
3084 2547 3164 2601 eis
3188 2565 3201 2614 ;
3236 2548 3371 2619 quia
3391 2565 3510 2602 non
3543 2551 3733 2604 solum

2122 2635 2216 2705 qui
2244 2635 2462 2688 faciunt
2483 2627 2818 2704 judicantur
2848 2636 2953 2703 rei,
3004 2636 3106 2689 sed
3136 2636 3314 2690 etiam
3342 2636 3440 2708 qui
3473 2637 3736 2693 facienti~

2120 2723 2224 2776 bus
2268 2723 2653 2777 consentiunt.
2705 2724 2830 2777 Pari
2877 2724 3034 2778 enim
3065 2741 3256 2796 paena,
3291 2729 3350 2779 et
3401 2729 3648 2796 agentes
3677 2731 3736 2781 et

2118 2812 2539 2866 consentientes
2581 2812 3044 2882 comprehendit.
3082 2813 3139 2868 Si
3179 2813 3305 2884 quis
3343 2817 3540 2868 autem
3572 2815 3731 2886 quod

2116 2917 2233 2955 non
2288 2901 2595 2966 credimus,
2642 2901 2700 2954 in
2741 2901 3026 2972 aliquibus
3073 2902 3344 2974 frangere
3392 2904 3732 2960 tentaverit.

2113 2991 2252 3044 sciat
2282 3007 2359 3055 se,
2393 2990 2499 3044 nisi
2532 2991 2854 3061 resipucrit,
2905 2991 3243 3045 auctoritate
3273 2990 3396 3056 Dei,
3448 2996 3510 3044 et
3546 2992 3731 3045 sancti

2112 3081 2262 3135 Petri
2293 3081 2555 3152 apostoli,
2585 3087 2756 3152 atque
2791 3084 2988 3135 nostra
3017 3081 3114 3152 qui
3159 3082 3281 3151 ejus
3315 3080 3624 3152 fungimur
3649 3082 3732 3135 vi—

2109 3170 2445 3236 cariatione,
2524 3168 2908 3223 anathematis
2961 3168 3196 3222 vinculis
3245 3168 3735 3224 indissolubililer

2109 3278 2229 3314 esse
2259 3259 2684 3324 innodandum,
2721 3262 2778 3311 et
2825 3275 2858 3310 a
2891 3273 3071 3327 regno
3104 3258 3204 3311 Dei
3232 3257 3643 3324 alienandum,
3677 3263 3736 3312 et

2108 3365 2238 3402 cum
2272 3349 2501 3402 diabolo
2526 3350 2579 3401 et
2605 3348 2726 3416 ejus
2757 3345 3125 3400 atrocissimis
3146 3344 3375 3416 pompis
3401 3351 3578 3416 atque
3597 3362 3735 3400 cum

2104 3437 2249 3491 Juda
2279 3437 2552 3491 traditore
2574 3435 2805 3488 Domini
2829 3433 3006 3488 nostri
3034 3435 3164 3488 Jesu
3187 3433 3429 3500 Christi,
3453 3434 3735 3487 incendio

2105 3524 2617 3588 concremandum,
2651 3527 2709 3576 et
2739 3523 2798 3576 in
2833 3522 3108 3593 voragine
3143 3525 3514 3594 tartareoque
3552 3523 3736 3576 chaos

2105 3615 2398 3668 demersus
2429 3629 2558 3667 cum
2587 3612 2779 3683 impiis
2811 3611 3058 3666 deﬁciat.
3106 3611 3212 3675 Qui
3253 3627 3389 3666 vero
3432 3613 3630 3665 custos
3676 3614 3738 3664 et

2105 3704 2437 3758 observator
2466 3701 2766 3769 exstiterit,
2800 3701 3220 3756 benedictionis
3246 3700 3502 3772 gratiam
3536 3705 3598 3754 et
3617 3718 3732 3757 cm-

2103 3792 2258 3846 lestis
2288 3790 2682 3846 retributionis
2702 3808 2735 3844 a
2760 3791 2913 3862 justo
2936 3790 3131 3860 judice
3171 3789 3412 3844 domino
3443 3790 3562 3843 Deo
3624 3807 3732 3844 no-

2105 3883 2220 3934 stro
2253 3879 2645 3949 multipliciter
2663 3883 3066 3950 consequatur,
3091 3881 3148 3933 et
3165 3877 3293 3932 vita:
3318 3880 3559 3932 aeterna:
3594 3894 3737 3950 par-

2109 3969 2285 4038 ticeps
2315 3984 2434 4022 esse
2466 3969 2776 4034 mereatur,
2804 3969 3014 4021 Amen.

2183 4056 2470 4128 Scriptum
2499 4073 2601 4127 per
2630 4072 2870 4110 manum
2904 4055 3195 4109 Benedicti
3241 4055 3475 4122 notarii,
3524 4055 3736 4127 regio-

2113 4146 2260 4200 nari-i
2319 4148 2376 4199 et
2421 4144 2702 4198 scriniarii
2759 4147 2968 4198 sanctae
3015 4145 3290 4198 Romamre
3339 4144 3632 4211 Ecclesiae,
3677 4143 3735 4197 in

2111 4251 2309 4288 mense
2339 4233 2691 4295 Decembris,
2720 4233 3039 4288 indictione
3068 4249 3144 4287 x1.

2181 4323 2521 4377 Giselbertus
2552 4323 2740 4394 gratia
2779 4323 2880 4376 Dei
2905 4322 3224 4394 episcopus.
3257 4321 3532 4376 Senensis
3565 4321 3737 4392 Sige-

2109 4411 2288 4465 fridus
2319 4411 2644 4466 Parmensis
2669 4411 2932 4465 Ecclesiae
2959 4411 3060 4465 Dei
3093 4409 3458 4481 providentia
3495 4411 3729 4480 episco-

2107 4501 2222 4572 pali
2249 4500 2429 4555 infula
2458 4500 2776 4556 redimitus.
2812 4501 2931 4572 Ego
2962 4500 3220 4565 Pontius,
3257 4514 3324 4553 ac
3355 4498 3403 4552 si
3444 4498 3732 4570 indignus

2109 4591 2212 4644 sub
2239 4605 2414 4644 manu
2459 4589 2560 4644 Dei
2603 4589 3017 4660 omnipotentis
3055 4589 3352 4644 Aratensis
3390 4590 3729 4662 episcopus,

2107 4679 2388 4733 conﬁrmo
2416 4682 2474 4733 et
2497 4679 2775 4750 consigno
2797 4679 2946 4733 hanc
2967 4678 3270 4749 paginam,
3304 4682 3367 4733 ut
3402 4679 3464 4734 in
3490 4683 3598 4737 Dei
3632 4701 3736 4740 no-

2109 4767 2268 4822 mine
2295 4768 2464 4822 ﬁrma
2506 4771 2848 4838 permaneat
2887 4767 3163 4839 omnique
3197 4771 3490 4839 tempore.
3521 4772 3736 4829 Petrus

2109 4857 2406 4926 episcopus
2435 4856 2730 4910 Pabiensis
2760 4855 3094 4926 subscripsi;
3141 4854 3480 4927 Sigefredus
3509 4865 3736 4918 sanctae

2103 4945 2451 4999 Placentinae
2482 4945 2744 4999 Ecclesia;
2775 4949 2963 4998 custos
2992 4944 3361 4999 consentiens
3387 4947 3734 5021 subscripsi.

2103 5033 2214 5087 Leo
2246 5033 2544 5104 episcopus
2573 5050 2638 5086 ac
2667 5033 2710 5086 si
2752 5032 3025 5104 indignus
3054 5032 3431 5088 Vercellensis
3457 5036 3734 5094 Ecclesia:

2099 5124 2285 5175 custos
2332 5120 2658 5191 subscripsi.
2698 5121 2990 5175 Hotkcrus
3033 5121 3367 5177 Leodiensis
3417 5124 3731 5198 episcopus

2097 5209 2426 5280 subscripsi.
2480 5210 2598 5281 Ego
2656 5209 2993 5264 Benedictus
3041 5210 3141 5264 Dei
3183 5210 3372 5281 gratia
3417 5214 3731 5287 episcopus

2098 5301 2306 5352 sanctas
2347 5298 2512 5353 Silvze
2563 5298 2834 5352 Candidas
2888 5299 3151 5352 Ecclesiae
3190 5299 3432 5355 interfui
3480 5305 3538 5356 et
3596 5306 3732 5359 sub~

2097 5386 2657 5457 scripsti.Aimericus
2686 5387 2984 5459 epiSCOpus
3009 5388 3452 5445 Ribacurcensis
3477 5391 3730 5448 subscri-

2096 5475 2208 5548 psti
2257 5477 2455 5530 Petrus
2477 5475 2892 5546 Magalonensis
2923 5475 3256 5547 episcopus;
3285 5478 3548 5534 Borellus
3580 5497 3649 5536 ac
3679 5482 3723 5537 si

2096 5563 2371 5635 indignus
2400 5565 2726 5637 episcopus;
2754 5564 3078 5621 Bonifacius
3095 5565 3381 5623 Taurinus
3417 5568 3724 5646 episcopus

2095 5653 2423 5726 subscripsi.
