3888 6218
181 408 340 514 1585-

990 573 1036 626 ν

990 575 1036 626 V

180 665 518 720 Benedictus
572 663 712 719 VII}
763 575 1018 721 Ecclesiie
1052 661 1475 731 Bambergensis,
1509 664 1808 735 petentibus

245 753 519 809 Heinrico
576 770 696 823 rege
748 759 798 806 et
842 751 1158 806 Eberhardo
1219 754 1471 822 episcopo,
1522 753 1808 836 privilegia

255 858 316 896 co
325 842 554 912 nﬁrmat
567 883 580 897 .

786 945 980 1017 (Anno
1023 945 1208 1016 1013.)

182 1041 404 1111 [PERTZ,
441 1036 691 1093 Monum.
724 1034 905 1090 Germ.
954 1036 1082 1090 hist.
1121 1035 1240 1089 Scr.
1295 1036 1381 1101 1V,
1427 1037 1551 1103 808,
1587 1035 1643 1090 in
1679 1036 1805 1090 Vita

497 1125 920 1194 Heinriciimp.,
954 1126 1101 1177 auct.
1138 1123 1494 1184 Adalberto.]

259 1216 605 1269 BENEDICTCS
631 1212 949 1283 episcopus,
983 1228 1172 1266 servus
1199 1228 1491 1266 servorum
1510 1211 1632 1277 Dei,
1662 1212 1801 1267 dile-

185 1302 457 1358 ctissimo
488 1301 594 1356 sibi
623 1301 682 1355 in
713 1300 938 1355 Christo
969 1315 1198 1372 semper
1221 1300 1457 1354 domino
1481 1304 1537 1354 et
1559 1300 1802 1354 serenis-

179 1391 326 1446 simo
351 1389 480 1460 regi
521 1390 806 1453 Hemmco,
851 1406 884 1442 a
918 1391 1032 1443 Deo
1061 1391 1359 1455 coronato,
1390 1405 1607 1460 suoque
1637 1388 1803 1460 spiri-

184 1479 324 1535 tuali
360 1479 507 1545 ﬁlio,
532 1478 862 1532 Eberhardo
908 1493 1135 1548 quoque
1179 1477 1455 1531 confratri
1506 1481 1562 1532 et
1591 1477 1804 1548 coepis-

180 1585 324 1639 copo
363 1584 493 1632 suo,
518 1570 728 1620 sanctae
745 1565 1003 1619 videlicet
1026 1565 1515 1634 Babenborgensis
1543 1566 1802 1619 Ecclesite

137 1645 139 1648 ’
182 1655 504 1710 venerabili
537 1653 825 1725 episcopo,
855 1656 1133 1707 zeternam
1180 1653 1238 1706 in
1283 1653 1526 1708 Domino
1559 1655 1802 1709 salutem

184 1747 238 1799 et
268 1742 655 1814 apostolicam
688 1741 1181 1799 benedictionem.

249 1833 417 1886 Inter
451 1830 647 1885 omnia
661 1848 786 1902 quae
802 1831 1005 1884 divinae
1040 1829 1411 1902 providentize
1438 1831 1672 1886 consilio
1697 1831 1804 1886 dis-

1439 449 1795 510 EPISTOLJE
1859 450 1946 509 ET
1985 450 2303 511 DECRETA

1834 579 1889 640 Α
1906 575 2095 631 stolici
2127 573 2412 648 privilegii
2438 573 2646 630 seriem
2668 574 2726 630 et
2737 573 3204 634 constitutionem
3215 577 3521 652 sancimus,

3390 459 3529 520 1586

1909 667 1973 718 et
2005 665 2078 718 bo
2100 667 2208 718 atze
2240 663 2339 718 Dei
2372 663 2674 717 Genitricis
2694 680 3037 737 semperque
3064 665 3520 739 virginisMaritB,

1907 768 2138 807 necnon
2169 752 2541 806 etbeatorum
2565 753 2955 823 apostolorum
2977 755 3129 810 Petri
3145 759 3204 809 et
3222 755 3380 809 Pauli
3395 773 3522 811 san-

1906 843 2260 912 ctorumque
2310 843 2630 912 martyrum
2668 841 2874 896 Kiliani
2922 845 2980 896 et
3024 842 3262 914 Georgii
3279 848 3517 900 exntero-

1905 945 2150 1000 rumque
2171 930 2431 983 omnium
2455 932 2787 984 sanctorum
2805 929 3162 997 auctoritate,
3190 931 3248 986 in
3267 948 3518 1003 quorum

1906 1017 2152 1072 nomine
2169 1016 2595 1087 praznoniinata
2634 1017 2876 1072 Ecclesia
2893 1017 3154 1072 dedicata
3180 1022 3284 1085 est,
3317 1019 3517 1076 decer-

1906 1107 2119 1172 nimus,
2149 1108 2320 1175 atque
2346 1104 2705 1158 obtestamur
2727 1108 2848 1159 tam
2862 1106 3185 1177 apostolicae
3197 1108 3344 1162 sedis
3364 1108 3516 1164 futu-

1904 1207 2000 1245 ros
2035 1191 2358 1261 pontiﬁces,
2386 1208 2560 1262 quam
2592 1190 2687 1262 qui
2716 1192 3116 1247 ecclesiasticas
3142 1193 3509 1250 administra-

1904 1279 2092 1334 verint
2147 1279 2423 1346 actiones,
2472 1283 2816 1350 cunctosque
2861 1280 3296 1337 Christianitatis
3343 1284 3508 1339 titulo

1905 1368 2301 1438 insignitos,ut
2329 1369 2516 1421 nullus
2531 1367 3039 1423 habeatlicentiam
3057 1369 3126 1423 de
3141 1369 3230 1424 his
3241 1371 3510 1427 omnibus

1906 1473 2034 1528 qua:
2065 1457 2258 1510 eidem
2291 1455 2550 1510 Ecclesiae
2584 1472 2616 1508 a
2638 1455 3146 1526 praedecessoribus
3169 1459 3377 1512 nostris
3407 1477 3511 1532 per

1903 1543 2206 1615 privilegia
2230 1560 2500 1598 concessa
2527 1547 2676 1609 sunt,
2706 1545 2792 1598 vel
2817 1561 2851 1597 a
2881 1544 3044 1599 nobis
3072 1546 3298 1600 datavcl
3321 1548 3511 1605 danda

1905 1635 2056 1698 sunt,
2091 1635 2189 1686 aut
2219 1633 2290 1686 ab
2319 1632 2600 1702 aliquibus
2625 1631 2888 1686 ﬁdelibus
2912 1631 3042 1686 viris
3071 1648 3135 1687 ac
3180 1634 3511 1691 mulieribus

1904 1719 2159 1789 prtefatae
2191 1718 2448 1773 Ecclesiae
2487 1719 2697 1773 tradita
2724 1723 2876 1786 sunt,
2915 1721 2999 1774 vel
3023 1720 3080 1774 in
3112 1724 3284 1776 antea
3309 1722 3511 1778 futuris

1904 1807 2262 1878 temporibus
2287 1807 2721 1873 contradentur,
2749 1811 2870 1862 tam
2899 1807 2958 1861 in
2987 1808 3218 1863 familiis
3248 1826 3424 1880 quam
3450 1810 3511 1865 in

183 1924 507 1994 ponuntur,
533 1919 604 1973 ad
627 1895 856 1973 laudem
881 1895 1109 1988 respicit
1128 1918 1430 1985 Creatoris,
1454 1920 1605 1990 quod
1623 1920 1802 1975 etiam
1835 1901 1884 1959 Β
1905 1897 2091 1994 ίξπίίίδν
2121 1913 2232 1994 se?
2249 1896 2306 1949 in
2331 1895 3100 1994 δ’Ῐί-(ῙυξδυῗΡθδῗθδξίθηὼίξῗν
3120 1898 3508 1994 ξρηνξδυεηάί»

183 2010 487 2064 asummis
519 2007 656 2061 viris
683 2010 914 2079 Deoque
963 2007 1200 2072 devotis,
1237 2007 1444 2061 intuitu
1474 2006 1699 2078 pietatis
1749 2010 1806 2060 et

189 2115 287 2169 spe
329 2100 570 2152 aeternae
609 2095 1024 2163 retributionis,
1053 2095 1402 2149 venerabilia
1446 2097 1569 2150 loca
1601 2111 1803 2149 eorum

186 2185 517 2256 sumptibus
550 2185 938 2239 sublimantur
968 2183 1400 2255 rectissimeque
1440 2183 1804 2250 ordinantur,

185 2273 617 2346 possessionum
643 2288 875 2326 suarum
908 2271 1223 2338 beneﬁciis,
1258 2273 1646 2338 cumulantur,
1672 2276 1729 2325 et
1748 2271 1807 2325 in

188 2362 496 2416 meliorem
522 2360 990 2426 statum,Christo
1009 2360 1803 2427 auxiliante,commutantur.

189 2451 373 2513 Unde,
406 2449 778 2505 dilectissime
813 2449 892 2503 ﬁli
931 2450 990 2503 in
1022 2448 1309 2514 omnibus,
1345 2467 1470 2521 quae
1501 2453 1557 2503 te
1585 2449 1656 2503 ad
1685 2450 1804 2502 lau-

191 2539 321 2594 dem
343 2542 403 2594 et
419 2538 670 2610 gloriam
696 2537 1096 2608 Redemptoris
1127 2538 1306 2592 nostri
1322 2538 1524 2592 devote
1546 2540 1602 2591 et
1634 2538 1804 2591 mise-

199 2626 512 2682 ricorditer
540 2627 766 2693 fecisse,
800 2625 1167 2680 manifestum
1194 2629 1297 2691 est,
1328 2626 1467 2680 nihil
1501 2625 1806 2698 perfectius

196 2715 454 2788 nihilque
480 2715 688 2770 melius
711 2715 784 2769 ad
802 2715 1253 2787 promerendum
1269 2731 1510 2785 regnum
1530 2716 1806 2769 caelorum

193 2820 363 2874 agere
402 2803 662 2875 potuisti,
696 2820 872 2876 quam
904 2804 1059 2875 quod
1089 2803 1252 2857 illum
1284 2803 1386 2858 tibi
1419 2803 1597 2857 fecisti
1622 2804 1809 2856 haere-

196 2891 348 2959 dem,
381 2910 417 2948 a
447 2909 562 2966 quo
593 2897 870 2946 aaternam
904 2894 1237 2962 accepturus
1277 2909 1336 2945 es
1383 2891 1806 2958 hasreditatem,

199 2996 310 3052 quo
321 2982 474 3052 dque
497 2983 693 3035 sancta
720 2980 1215 3051 Babenbergensis
1237 2980 1484 3034 Ecclesia
1504 2980 1574 3034 ad
1597 2980 1810 3051 episco-

194 3068 337 3138 palis
367 3069 682 3139 dignitatis.
695 3068 994 3140 fastigium
1026 3071 1204 3139 perte
1227 3069 1552 3134 sublimata,
1569 3068 1680 3122 illic
1701 3069 1808 3130 tibi

1906 1985 2259 2051 destruendi,
2294 1983 2640 2040 molestandi
2669 1986 2755 2038 vel
2781 1985 3086 2038 alienandi.
3117 1985 3174 2040 Si
3193 1985 3318 2056 quis
3347 2002 3504 2050 vero,

1906 2073 2061 2144 quod
2087 2091 2205 2128 non
2238 2074 2548 2140 credimus,
2575 2073 2884 2128 temerario
2913 2090 3052 2127 ausu
3065 2076 3266 2128 contra
3295 2091 3364 2129 ea
3380 2091 3508 2146 quae

1906 2163 2010 2216 hac
2026 2168 2223 2217 nostra
2237 2162 2426 2217 stabili
2441 2166 2498 2216 et
2519 2162 2848 2216 inconvulsa
2873 2160 3146 2216 ﬁrmitate
3173 2163 3265 2232 pie
3287 2165 3345 2218 et
3364 2163 3506 2218 ﬁde-

1907 2250 2038 2305 liter
2069 2266 2172 2320 per
2219 2251 2327 2305 hoc
2358 2255 2625 2305 nostrum
2660 2249 3024 2322 privilegium
3052 2250 3325 2324 disposita
3352 2254 3507 2320 sunt,

1908 2338 2194 2394 contraire
2227 2338 2609 2410 temptaverit,
2642 2342 2700 2392 et
2729 2340 2869 2405 haec,
2903 2355 3030 2410 qua:
3049 2356 3082 2394 a
3107 2339 3272 2394 nobis
3285 2340 3358 2394 ad
3377 2341 3512 2395 lau-

1909 2427 2042 2480 dem
2065 2428 2166 2482 Dei
2185 2443 2288 2498 pro
2306 2427 2619 2482 stabilitate
2634 2427 2978 2499 przescriptze
3003 2427 3272 2483 aacclesiaa
3295 2431 3511 2485 statuta

1907 2517 2058 2580 sunt,
2081 2515 2383 2586 refragari,
2417 2518 2516 2570 aut
2543 2516 2600 2569 in
2621 2531 2914 2587 quoquam
2943 2515 3431 2587 transgredi,sciat
3449 2534 3510 2573 se

1908 2603 2248 2658 auctoritate
2277 2604 2430 2658 beati
2463 2604 2615 2658 Petri
2650 2603 2922 2676 principis
2951 2605 3344 2676 apostolorum
3383 2622 3512 2660 om-

1909 2691 2072 2746 nium
2126 2696 2458 2764 nostraque,
2507 2692 2666 2762 cujus
2719 2691 2996 2746 immeriti
3049 2692 3238 2746 vicem
3265 2692 3510 2764 agimus,

1910 2780 2297 2835 anathematis
2329 2781 2567 2835 vinculis
2609 2780 2975 2849 innodatum,
3013 2782 3073 2836 et
3109 2797 3241 2835 cum
3284 2781 3512 2838 diabolo

1911 2869 1957 2938 ej
1971 2886 2146 2940 usque
2186 2869 2555 2924 atrocissimis
2599 2869 2826 2942 pompis
2861 2872 3032 2940 atque
3069 2885 3202 2925 cum
3229 2870 3374 2924 Juda
3398 2873 3515 2926 tra-

1912 2955 2097 3010 ditore
2129 2957 2362 3010 Domini
2391 2955 2574 3012 nostri
2607 2959 2738 3011 Jesu
2772 2957 2981 3012 Christi
3031 2957 3233 3013 aeterni
3264 2957 3518 3014 incendii

1909 3045 2188 3115 supplicio
2214 3047 2728 3108 concremandum,
2759 3046 2868 3101 nisi
2898 3046 3203 3118 resipuerit
3239 3048 3296 3101 et
3325 3047 3515 3102 eidem

194 3131 588 3212 beatissimam
621 3158 721 3212 Dei
757 3131 1104 3212 Genitricem
1146 3175 1492 3228 semperque
1522 3157 1807 3228 virginem
1841 3181 1886 3240 c
1911 3131 2382 3240 ΕδξτῙῗδίωιάίξηέξ
2428 3135 2843 3240 θξξλθηάθίςίοηθ
2874 3135 3231 3240 δξὶίίδῖθοθξξίο
3267 3137 3512 3240 “im

194 3244 456 3312 Mariam,
498 3246 978 3318 beatissimosque
1013 3221 1302 3318 apostolos
1334 3221 1539 3300 Ctiristi
1571 3221 1803 3300 Petrum
1842 3221 1886 3240 υ
1907 3221 2995 3318 ΨλίἡἀένοξδηίηξῗηίξΟΠθ-ιοδδθξνίξίοτ
3033 3222 3310 3318 θξίξίίῖεῗξίί
3336 3223 3516 3318 ’δυδυδ

194 3337 247 3386 et
278 3336 545 3401 Paulum,
581 3351 697 3390 una
716 3353 850 3390 cum
881 3335 1093 3389 sanctis
1123 3335 1473 3406 martyribus
1502 3334 1723 3389 Kiliano
1747 3337 1804 3388 et

191 3421 461 3496 Georgio,
489 3425 708 3495 elegisti
741 3424 798 3478 in
825 3424 1211 3496 patrocinium
1237 3443 1250 3493 ;
1274 3424 1393 3496 qui,
1426 3423 1647 3478 Christo
1669 3438 1802 3492 pro—

189 3509 328 3580 pitio
376 3515 754 3585 compensata
797 3512 1204 3579 vicissitudine,
1247 3511 1597 3584 adipiscendi
1635 3509 1800 3583 regni

198 3601 443 3656 ccelestis
459 3605 802 3674 perpetuum
826 3601 1605 3674 praestabuntauxilium.Pro
1636 3604 1798 3654 tanto

183 3685 353 3758 igitur
371 3692 490 3744 Deo
518 3690 752 3761 ejusque
773 3689 981 3743 sanctis
1012 3689 1218 3743 collato
1254 3688 1480 3742 servitio
1505 3689 1563 3742 in
1598 3689 1798 3759 primis

179 3775 277 3848 ipsi
299 3778 518 3849 gratias
532 3778 869 3850 debitasque
882 3778 1078 3832 laudes
1090 3777 1418 3842 referimus,
1439 3777 1534 3848 qui
1550 3777 1652 3831 tibi
1675 3781 1796 3833 tam

179 3869 444 3921 sanctum
467 3883 608 3938 opus
629 3866 962 3922 faciendum
984 3865 1303 3938 inspiravit,
1333 3869 1390 3920 et
1413 3870 1474 3919 ut
1505 3866 1576 3919 ad
1597 3869 1795 3921 votum

180 3953 336 4008 tuum
352 3954 960 4026 perﬁceres,largiﬂua
981 3954 1192 4025 pietate
1205 3953 1476 4024 adjuvare
1497 3953 1792 4025 disposuit.

177 4039 392 4097 Deinde
430 4043 710 4114 quoniam
732 4047 928 4097 sancta
952 4043 1213 4097 Romana
1236 4042 1633 4113 Ecclesia,quae
1648 4043 1795 4098 bene

179 4129 422 4188 fundata
433 4135 702 4204 estsupra
718 4134 946 4186 ﬁrmam
969 4134 1334 4205 petram,hoc
1347 4148 1577 4201 semper
1594 4132 1796 4189 habuit

179 4233 322 4275 verte
343 4221 642 4276 charitatis
665 4221 940 4276 indicium
953 4263 965 4287 ,
981 4224 1044 4275 ut
1059 4221 1129 4275 de
1149 4220 1498 4274 exteriorum
1513 4219 1794 4290 gauderet

177 4313 442 4377 provectu
465 4309 888 4365 Ecclesiarum:
930 4309 1210 4380 competit
1242 4312 1446 4362 nostro
1479 4309 1790 4379 apostolico

178 4398 585 4467 moderamini,
607 4403 666 4453 ut
687 4416 811 4466 nos,
829 4399 924 4470 qui
948 4399 1139 4454 eidem
1159 4400 1276 4454 Deo
1291 4400 1522 4452 auctore
1544 4398 1789 4452 deservi-

177 4500 323 4553 mus,
358 4491 555 4543 sancto
585 4488 771 4543 studio
810 4492 909 4542 tuo
934 4487 1262 4558 plenissime
1303 4487 1788 4557 congaudeamus,
1820 4467 1870 4524 Ῐ)

176 4577 558 4644 sperantestui
574 4577 763 4649 operis
780 4577 995 4632 habere
1016 4575 1605 4649 portionem,si,quod
1631 4579 1792 4632 tuum

172 4665 250 4715 est
268 4679 368 4734 per
399 4665 683 4727 laborem,
706 4667 969 4720 nostrum
1014 4665 1261 4719 facimus
1294 4681 1398 4735 per
1427 4664 1790 4730 charitatem,

175 4749 552 4826 QuaprOpter,
585 4753 862 4825 quoniam
881 4753 1069 4823 petisti
1102 4770 1136 4807 a
1162 4753 1329 4807 nobis
1348 4770 1462 4807 una
1492 4769 1620 4806 cum
1652 4770 1789 4808 con-

170 4836 340 4894 fratre
365 4846 564 4897 nostro
589 4842 1217 4913 Eberhardo,ejusdem
1241 4844 1454 4896 sanctas
1468 4842 1789 4896 Babcnber-

169 4930 351 4995 gensis
376 4930 640 4985 Ecclesia!
655 4932 770 4986 Deo
787 4931 964 5002 digno
997 4931 1288 5002 episcopo,
1313 4933 1376 4984 ut
1406 4931 1622 4997 omnia,
1657 4948 1783 5002 qua:

172 5015 597 5090 privilegiorum
650 5020 992 5075 auctoritate
1027 5020 1130 5074 sibi
1167 5035 1398 5090 suaeque
1440 5019 1702 5074 Ecclesiae
1750 5039 1782 5074 a

173 5107 683 5169 praedecessoribus
715 5109 946 5174 nostris,
973 5109 1235 5163 videlicet
1261 5109 1711 5164 domnoloanne
1725 5113 1782 5164 et

174 5191 389 5263 Sergio,
425 5198 670 5251 summis
702 5198 1092 5268 pontiﬁcibus,
1127 5198 1336 5252 collata
1373 5200 1524 5264 sunt,
1569 5201 1780 5254 nostra

176 5296 398 5355 quoque
430 5285 786 5340 auctoritatis
798 5286 1098 5356 privilegio
1117 5286 1622 5352 conﬁrmaremus,
1642 5303 1782 5342 con-

1905 3308 2086 3362 nostri
2118 3309 2401 3381 privilegii
2433 3310 2504 3363 ad
2544 3310 2760 3363 cultum
2793 3310 2892 3364 Dei
2929 3311 3306 3384 respicientis,
3335 3312 3512 3366 bene-

1905 3397 2169 3452 dictionis
2198 3399 2446 3469 gratiam
2480 3415 2514 3452 a
2566 3397 3102 3453 misericordissimo
3139 3401 3256 3454 Deo
3301 3401 3359 3453 et
3393 3401 3514 3454 Do-

1903 3486 2062 3541 mino
2108 3487 2502 3559 multipliciter
2545 3489 2951 3558 consequatur,
2996 3491 3055 3540 et
3105 3486 3232 3541 vitae
3274 3489 3510 3544 aeternas

1902 3575 2185 3647 particeps
2215 3575 2362 3629 efﬁci
2404 3579 2713 3630 mereatur.
2748 3575 2960 3630 Sancta
2984 3573 3230 3630 Trinitas
3259 3574 3507 3632 charita-

1900 3667 2021 3718 tem
2052 3668 2302 3718 vestram
2329 3664 2610 3718 illibatam
2641 3663 2945 3718 custodiat.

1972 3753 2258 3824 Scriptum
2283 3769 2387 3824 per
2406 3769 2646 3807 manum
2664 3752 2966 3820 Herbardi,
2995 3752 3506 3810 scriniuriisanctaa

1899 3843 2176 3899 Romana:
2205 3842 2484 3909 Ecclesia},
2533 3843 2592 3896 in
2640 3857 2838 3896 mense
2881 3842 3070 3909 Junio,
3103 3841 3421 3899 indictione
3447 3861 3501 3902 ιι

1901 3933 2109 3987 Datum
2133 3949 2237 4004 per
2268 3949 2508 3987 manum
2539 3930 2852 3994 Benedicti,
2894 3931 3222 3986 Portuensis
3248 3931 3501 4006 episcopi

1897 4023 1955 4074 et
1975 4021 2393 4076 bibliothecarii
2422 4023 2631 4076 sanctae
2670 4021 2946 4075 Romana:
2997 4019 3276 4087 Ecclesiae,
3317 4037 3498 4091 anno,

1896 4110 2013 4162 Deo
2044 4110 2317 4181 propitio,
2353 4111 2719 4183 pontiﬁcatus
2741 4108 2963 4164 domini
2995 4108 3175 4165 nostri
3208 4108 3500 4168 Benedicti

1895 4197 2105 4251 summi
2131 4198 2418 4268 pontiﬁcis
2447 4203 2504 4254 et
2534 4198 2865 4254 universalis
2879 4198 3062 4253 octavi
3091 4214 3253 4271 papae
3282 4198 3495 4271 primo.

2676 4289 2719 4342 V

1891 4373 2176 4431 Benedicti
2214 4375 2364 4432 VIII
2378 4393 2539 4448 papa
2555 4378 2696 4432 bulla
2716 4395 2824 4450 qua
2841 4377 3099 4448 Far/ensi
3116 4378 3344 4435 coenobio
3366 4378 3502 4434 bona

2281 4462 2346 4503 ac
2384 4450 2524 4517 jura
2571 4451 2750 4504 omnia
2801 4451 3104 4520 conﬁrmat.

2499 4554 2683 4623 (Anno
2718 4560 2895 4628 lOl3.)

2189 4641 2519 4710 [MURATORI,
2541 4643 2739 4713 Seript.
2763 4645 2920 4704 Ital..
2954 4648 3019 4713 ll,
3051 4651 3203 4714 557.]

1964 4731 2294 4784 Besnmcrus
2307 4729 2827 4799 episcopus,servus
2842 4751 3137 4790 servorum
3160 4735 3494 4803 Dei,dilocto

1890 4819 1948 4874 in
1977 4818 2220 4874 Domino
2254 4817 2371 4873 ﬁlio
2403 4820 2634 4874 Gmnom
2661 4823 3012 4892 coangelico,
3036 4825 3230 4880 abbati
3261 4841 3493 4881 monas-

1888 4909 2016 4965 terii
2056 4908 2211 4980 quod
2241 4907 2448 4962 dicitur
2492 4907 2550 4963 in
2593 4909 2860 4978 Pharpha
2899 4912 2972 4966 de
3013 4915 3138 4970 loco
3185 4915 3488 4987 Acutiano,

1885 5017 2106 5087 tuisque
2132 5013 2546 5070 successoribus
2568 5013 2625 5067 in
2656 5019 3020 5086 perpetuum.

1954 5105 2134 5177 Igitur
2165 5103 2301 5177 quia
2329 5103 2548 5176 petistis
2589 5119 2623 5157 a
2661 5101 2828 5157 nobis
2865 5109 3148 5176 quatenus
3184 5125 3250 5165 ex
3293 5116 3490 5170 nostra

1880 5197 2146 5266 largitate
2160 5197 2472 5265 nostroque
2490 5193 2644 5248 dono
2670 5193 3118 5248 concederemus
3133 5201 3336 5255 vestrm
3351 5203 3489 5258 roli-

1882 5284 2040 5357 gioni
2072 5285 2128 5339 in
2167 5283 2348 5340 fundo
2397 5283 2576 5338 Massa
2609 5279 2910 5337 ecclesiam
2954 5280 3179 5336 Sancta:
3209 5283 3398 5340 Marias
3425 5284 3487 5342 in

168 5366 474 5428 siderantes
505 5391 606 5428 nos
625 5374 859 5445 quidem
911 5377 1112 5428 vestra:
1150 5373 1466 5428 devotionis
1509 5373 1779 5431 affectum
1881 5377 2004 5430 loco
2020 5373 2336 5446 quidicitur
2363 5373 2697 5438 Formellus,
2730 5387 2861 5426 cum
2886 5369 3046 5426 omni
3063 5373 3270 5426 ornatu
3288 5371 3485 5443 ipsius,

169 5455 382 5531 piaeque
405 5462 712 5517 voluntatis
741 5463 1124 5535 propositum,
1155 5461 1529 5517 libentissime
1554 5463 1781 5534 petitio-

179 5543 341 5602 nibus
379 5551 578 5605 vestris
609 5568 902 5606 assensum
937 5553 1198 5622 prazbere
1219 5549 1602 5604 decernimus.
1630 5552 1785 5615 Quo-

189 5631 331 5691 circa
358 5643 676 5694 statuentes
689 5643 861 5706 atque
879 5642 1337 5711 promulgantes,
1361 5654 1558 5694 coram
1588 5641 1703 5695 Deo
1730 5645 1788 5696 et

169 5708 409 5782 terribili
438 5727 633 5784 futuro
665 5727 790 5802 ejus
821 5708 1231 5802 cientium—per
1247 5727 1414 5801 huius
1441 5727 1621 5783 nostri
1643 5743 1783 5802 apo-

1884 5467 2055 5534 atque
2082 5462 2260 5518 vineis
2298 5465 2355 5517 et
2391 5461 2577 5529 terris,
2625 5460 2768 5516 sicut
2796 5459 2937 5516 olim
2960 5459 3337 5515 detinucrunt
3373 5461 3488 5518 duo

1887 5551 2205 5622 presbyteri
2233 5551 2524 5605 Benedicti
2565 5549 2811 5624 propriis
2845 5548 3076 5604 vocitati
3128 5548 3483 5618 nominibus,

1888 5641 1983 5711 qui
1998 5641 2173 5694 modo
2188 5641 2454 5696 videntur
2469 5658 2589 5696 esse
2602 5641 2769 5696 vestri
2784 5640 3210 5707 monachi,cum
3227 5639 3489 5709 introitu,

1891 5729 1949 5784 et
1959 5727 2111 5783 exitu
2127 5743 2250 5798 suo,
2266 5729 2605 5788 etomnibus
2624 5728 3096 5805 sibigeneratiter
3112 5732 3172 5788 ot-
3203 5727 3266 5788 in
3294 5728 3491 5789 omni-
