3888 6218
411 454 544 521 1587

1662 437 2025 500 BENEDICTI
2058 437 2178 495 VIII
2210 435 2416 496 ΡΑΡᾸΞ

3579 433 3602 488 1
3614 429 3722 490 588

391 587 500 644 bus
522 573 1357 658 pertinentibus.Concedimus
1386 570 1544 629 vobis
1563 571 1796 640 insuper
1823 568 1880 622 in
1908 581 1997 619 su-
2023 562 2076 620 A
2112 561 2337 658 quibus
2367 557 2755 658 omnipotenti
2783 559 2901 657 Deo
2926 554 3476 658 laudes‘refcruntur
3495 572 3510 624 ;
3531 556 3728 658 utBeT

395 655 658 748 pradicto
674 673 856 728 fundo
878 671 1054 727 Massa
1076 667 1287 722 oasales
1306 667 1422 718 tres
1447 678 1511 715 ex
1537 655 2002 731 integro,scilicet

399 743 587 818 casale
628 762 699 816 de
726 757 1040 822 Petroccio,
1064 758 1123 810 et
1155 755 1339 809 casale
1370 749 1576 805 Leonis
1597 743 1924 803 Sabinensis
1945 744 2002 795 et

395 852 582 906 casale
618 849 771 905 Petri
804 850 874 904 de
903 847 1092 900 Leone
1123 842 1386 908 ferrario,
1425 856 1556 894 cum
1588 836 1748 900 casis,
1797 831 1998 897 vineis,

387 940 576 1006 terris,
633 937 869 1008 campis,
913 934 1114 1007 pratis,
1148 931 1390 1005 pascuis,
1423 927 1572 983 silvis
1597 929 1654 980 et
1682 920 2002 984 arboribus,

391 1045 467 1102 po
483 1023 1038 1093 miferis,fructiferis
1049 1023 1136 1076 vel
1156 1018 1526 1076 infructiferis
1538 1013 1740 1071 diversi
1756 1008 2005 1102 generis,

387 1097 612 1172 cultum
645 1116 728 1170 vel
754 1114 1071 1180 incultum,
1104 1126 1349 1166 vacuum
1380 1111 1466 1163 vel
1499 1109 1758 1179 plenum.
1793 1097 2010 1155 Affines

393 1223 526 1262 vero
558 1209 616 1261 et
641 1203 877 1260 termini
903 1219 1106 1258 eorum
1131 1201 1273 1255 sicut
1296 1216 1447 1255 nunc
1469 1200 1599 1252 sunt
1620 1198 1677 1250 et
1693 1194 1764 1249 ab
1786 1195 2010 1264 origine

387 1295 645 1360 fuerunt,
681 1298 739 1349 et
770 1291 1279 1365 quemadmodum
1313 1289 1371 1343 in
1402 1291 1601 1342 vestra!
1623 1283 2011 1355 acquisitionis

398 1401 507 1439 con
519 1384 736 1438 tinetur
752 1381 1034 1445 chartula,
1052 1383 1108 1434 et
1120 1379 1264 1433 sicut
1281 1377 1540 1432 baeredes
1554 1373 2009 1444 supradictorum

385 1472 422 1527 h
435 1472 711 1528 ominum
728 1469 799 1525 ad
821 1467 1206 1524 laborandum
1223 1467 1335 1521 suis
1349 1466 1525 1520 modo
1544 1463 1801 1518 detinere
1818 1463 2011 1516 viden-

383 1565 481 1618 tur
517 1560 814 1618 manibus.
843 1556 1050 1613 Omnia
1080 1555 1227 1626 juris
1256 1559 1466 1609 sancta:
1487 1555 1781 1618 Romamn,
1801 1553 1888 1606 cui
1910 1550 2006 1607 Dei

384 1654 624 1708 auctore
656 1646 1032 1721 prmsidemus
1087 1649 1263 1716 atque
1311 1642 1688 1708 deservimus,
1724 1641 2003 1709 Ecclesiae,

387 1740 555 1797 vobis
578 1739 650 1793 ad
665 1737 986 1792 tenendum
1003 1734 1214 1790 emissa
1241 1731 1628 1804 praeceptione
1640 1730 2007 1784 concedimus

2097 651 2225 704 dem
2236 649 2384 721 ptori
2419 652 2622 704 nostro
2651 648 2759 702 hoc
2781 647 2970 717 ipsum
2993 647 3146 718 quod
3172 647 3242 701 ad
3265 645 3510 718 gloriam
3533 646 3722 720 sancti

2100 737 2353 792 nominis
2371 737 2417 807 ej
2429 755 2492 790 us
2514 736 2870 807 dignoscitur
2885 752 3240 808 procurasse,
3258 735 3719 806 sitacceptabile,

2102 825 2330 900 anobis
2354 825 2594 879 inferius
2629 825 2962 895 ascriptum,
2997 826 3055 878 et
3087 824 3304 878 domno
3334 823 3621 894 Gregorio
3662 826 3721 877 et

2105 914 2336 969 domnaa
2381 915 2569 970 Mariae
2617 916 2950 985 genitorum
3005 931 3292 979 meorum,
3326 930 3430 985 pro
3461 930 3717 985 quorum

2105 1021 2305 1060 amore
2332 1008 2388 1059 et
2421 1005 2586 1059 venia
2614 1021 2997 1076 meorumque
3041 1003 3381 1058 delictorum
3414 1003 3620 1070 offero,
3655 1005 3717 1056 ut

2107 1095 2179 1148 ab
2193 1095 2397 1149 eodem
2418 1093 2665 1149 Domino
2681 1095 2796 1147 Deo
2820 1097 3016 1147 nostro
3032 1091 3402 1146 sanctissimis
3418 1092 3530 1146 suis
3551 1091 3720 1145 mise-

2107 1182 2497 1238 rationibusin
2519 1181 2762 1237 ethereis
2782 1181 3007 1235 arcibus
3021 1181 3352 1236 conferatur
3376 1197 3715 1236 remunera-

2114 1270 2275 1337 tio,et
2289 1271 2514 1325 veniam
2531 1271 2872 1325 delictorum
2888 1269 3148 1324 omnium
3163 1270 3436 1340 consequi
3454 1286 3719 1324 merean-

2110 1362 2223 1414 tur.
2258 1359 2622 1431 Quapropter
2645 1375 2751 1430 ego
2775 1358 3454 1430 suprascriptusdomnus
3472 1358 3717 1413 Benedi-

2109 1452 2230 1502 ctus
2262 1449 2428 1502 almae
2461 1449 2658 1502 Romae
2686 1448 2893 1519 praesul
2931 1463 2965 1501 a
2994 1447 3266 1517 praesenti
3283 1447 3375 1502 die
3407 1447 3501 1513 do,
3536 1447 3715 1514 dono,

2107 1538 2270 1604 cedo,
2302 1537 2467 1590 trado
2501 1540 2558 1590 et
2584 1536 3035 1591 irrevocabiliter
3076 1536 3311 1606 largior,
3347 1536 3518 1590 simul
3545 1539 3718 1607 atque

2110 1626 2361 1681 concedo
2385 1643 2450 1679 ex
2479 1625 2713 1697 propria
2738 1641 2869 1679 mea
2893 1623 3236 1689 substantia,
3261 1625 3516 1695 propria,
3541 1641 3714 1694 spon-

2107 1719 2303 1780 tanea,
2335 1731 2581 1784 meaque
2599 1716 2913 1778 voluntate,
2942 1712 3120 1779 vobis,
3151 1712 3354 1777 Guido,
3377 1712 3721 1766 venerabilis

387 1847 422 1885 a
453 1825 725 1902 praesenti
741 1823 1060 1880 indictione
1083 1840 1138 1877 ιι
1160 1821 1650 1890 vobisvestrisque
1668 1818 1999 1872 successori-

2105 1803 2411 1876 presbyter
2437 1804 2496 1856 et
2516 1801 2836 1857 monachus
2849 1805 3020 1872 atque
3039 1801 3215 1854 abbas
3237 1801 3720 1857 venerabilismo-

385 1919 492 1974 bus
514 1917 731 1987 absque
753 1912 980 1968 reddito
1001 1912 1088 1966 vel
1102 1927 1275 1966 censu
1296 1908 1708 1981 perpetualiter
1731 1907 2000 1961 delinen-

385 2007 543 2062 dum.
600 2004 936 2058 Statuentes
965 1999 1279 2071 apostolica
1307 2013 1547 2052 censura
1575 2000 1633 2050 et
1657 1995 1996 2049 auctoritate

381 2093 538 2148 beati
571 2090 724 2147 Petri
760 2089 1154 2162 apostolorum
1177 2085 1470 2159 principis,
1492 2084 1596 2138 sub
1613 2082 1818 2136 divinis
1833 2083 1994 2136 obte-

385 2180 735 2237 stationibus
759 2180 818 2233 et
835 2175 1222 2233 anathematis
1246 2172 1831 2235 interdictionibus,ut
1853 2169 1993 2224 nulli

387 2287 645 2342 unquam
670 2282 1061 2324 successorum
1082 2267 1413 2320 nostrorum
1432 2277 1735 2334 paparum,
1762 2260 1844 2314 vel
1869 2258 1994 2312 alite

387 2358 625 2414 cuilibet
650 2374 881 2430 magna:
914 2371 1220 2428 parvaeque
1251 2369 1534 2426 personm,
1567 2368 1670 2424 per
1698 2349 1997 2404 nominata

384 2450 513 2505 loca
543 2464 578 2502 a
609 2449 895 2520 potestate
941 2447 998 2498 et
1046 2442 1298 2498 dictione
1333 2444 1519 2495 vestra
1564 2445 1999 2509 vestrorumque

385 2551 810 2601 successorum,
845 2549 910 2588 ac
937 2531 1107 2586 vestri
1132 2529 1470 2586 monasterii
1499 2528 1723 2581 auferre
1745 2527 1830 2580 vel
1862 2527 1997 2579 alie-

387 2642 531 2681 nare
567 2638 802 2697 quoquo
826 2621 1004 2676 modo
1023 2620 1208 2675 liceat.
1238 2618 1292 2674 Si
1315 2618 1442 2690 quis
1467 2622 1660 2672 autem
1692 2613 1998 2669 temerario

404 2729 546 2768 ausu
576 2727 793 2782 magna
820 2725 1110 2782 parvaque
1140 2724 1390 2780 persona
1420 2709 1623 2760 contra
1642 2706 1749 2759 hoc
1776 2704 1998 2774 privile-

399 2801 557 2874 gium
593 2814 767 2871 agere
792 2796 1242 2870 praesumpserit,
1271 2796 1411 2850 sciat
1433 2811 1491 2849 se
1513 2811 1545 2847 a
1576 2795 1690 2848 Deo
1723 2794 1998 2860 alienum,

393 2893 454 2945 et
479 2903 610 2944 cum
635 2884 1110 2957 omnibusimpiis
1124 2882 1623 2938 aeternoincendio
1647 2898 1710 2935 ac
1727 2881 1999 2953 supplicio

386 2976 868 3033 condemnatum.
892 2974 1113 3027 Atvero
1135 2972 1233 3043 qui
1261 2970 1355 3042 pio
1373 2969 1583 3024 intuitu
1602 2973 1788 3024 custos
1811 2973 1866 3023 et
1896 2971 1997 3024 ob-

389 3069 640 3122 servator
688 3063 858 3134 hujus
897 3061 1076 3116 nostri
1120 3059 1401 3131 privilegii
1445 3057 1995 3128 exstiterit,gratiam

373 3160 564 3228 atque
598 3151 1088 3216 misericordiam,
1125 3150 1419 3221 vitamque
1460 3151 1736 3203 aeternam
1761 3165 1795 3201 a
1825 3148 1992 3202 mise-

389 3241 868 3300 ricordiosissimo
905 3239 1153 3296 Domino
1187 3240 1304 3294 Deo
1337 3240 1534 3292 nostro
1567 3237 1836 3308 consequi
1879 3253 1998 3291 me-

390 3336 588 3388 reatur
616 3332 674 3386 in
709 3331 914 3386 saacula
943 3328 1306 3384 saeculorum.
1342 3328 1549 3381 Amen.

465 3420 759 3494 Scriptum
787 3434 892 3490 per
903 3434 1110 3473 manus
1131 3415 1420 3472 Benedicti
1437 3414 1747 3488 regionarii
1765 3415 1993 3483 notarii,

391 3514 450 3566 et
479 3507 761 3566 scriniarii
777 3511 989 3563 sanctas
1010 3507 1288 3562 Romanae
1301 3504 1563 3559 Ecclesiae
1585 3504 1644 3560 in
1662 3521 1839 3560 manu
1858 3521 1992 3576 apo-

389 3599 588 3655 stolica
615 3598 713 3670 (2),
747 3596 1062 3653 indictione
1083 3595 1410 3669 supradicta
1430 3612 1507 3651 xx.

463 3687 615 3742 Bene
644 3687 847 3741 valete.

462 3775 673 3830 Datum
707 3789 805 3829 vm
856 3773 1097 3830 Kalend.
1153 3772 1278 3829 Maii
1328 3789 1432 3845 per
1479 3790 1684 3827 manus
1711 3772 2000 3826 Benedicti

395 3864 626 3920 Domini
676 3863 863 3936 gratia
915 3863 1168 3935 episcopi
1219 3861 1442 3917 Sancta:
1500 3861 1664 3916 Silvae
1729 3861 2000 3915 Candidas

394 3953 678 4021 Ecclesiae,
761 3956 820 4008 et
889 3951 1309 4008 bibliothecarii
1387 3953 1600 4004 sanctae
1675 3949 2001 4021 apostolica:

393 4041 565 4110 sedis,
588 4058 766 4107 anno,
793 4041 909 4095 Deo
937 4039 1209 4112 propitio,
1241 4039 1606 4110 pontificatus
1637 4039 1700 4092 D.
1735 4038 1799 4094 N.
1820 4038 2000 4093 Bene-

396 4130 533 4185 dicti
564 4128 913 4185 sanctissimi
939 4129 1057 4182 VIII
1079 4143 1243 4200 papaa
1275 4125 1485 4196 primo.

1156 4217 1246 4271 VI.

395 4306 652 4378 Domitio;
681 4307 1142 4378 terrarumfactq
1187 4305 1449 4378 Farfensi
1489 4307 1715 4360 camabio
1788 4307 2004 4378 ejusque

2019 3116 2066 3175 C

2101 1892 2334 1946 nasterii
2366 1889 2590 1944 Sanctae
2626 1890 2726 1944 Dei
2747 1889 3045 1944 Genitricis
3084 1888 3271 1943 Mariae
3303 1889 3562 1943 dominas
3603 1907 3701 1945 no-

2097 1984 2232 2034 strae
2255 1983 2424 2034 terra:
2442 1978 2795 2044 Sabinensis,
2819 1979 2876 2031 in
2897 1980 3019 2031 loco
3035 1977 3130 2048 qui
3153 1977 3698 2044 diciturAcutianus,

2096 2069 2409 2139 vestrisque
2440 2066 2860 2121 successoribus
2906 2065 3229 2131 abbatibus,
3271 2066 3618 2137 presbyteris
3647 2070 3701 2121 et

2095 2157 2416 2223 monachis,
2451 2156 2770 2227 majoribus
2792 2153 3248 2224 minoribusque,
3277 2154 3371 2225 qui
3405 2154 3464 2208 in
3495 2155 3698 2210 eodem

2097 2246 2408 2301 venerabili
2426 2243 2782 2299 monasterio
2804 2245 2917 2297 Deo
2941 2242 3205 2296 servituri
3223 2245 3488 2312 sunt,pro
3514 2244 3709 2298 vestris

2097 2334 2469 2389 sacrosanctis
2525 2333 2788 2388 ﬁdelibus
2835 2335 2893 2385 et
2941 2331 3292 2403 quotidianis
3333 2332 3704 2398 orationibus,

2099 2440 2239 2495 quas
2270 2440 2374 2494 pro
2408 2424 2590 2476 salute
2642 2421 2972 2476 animarum
3013 2425 3341 2476 nostrarum
3372 2422 3564 2475 facere
3594 2438 3704 2476 non

2099 2512 2348 2566 cessatis.
2385 2511 2634 2581 Ideoque
2661 2525 2970 2564 remunero
3017 2512 3075 2562 et
3123 2510 3277 2564 dono
3311 2512 3368 2563 et
3397 2509 3577 2564 offero
3603 2524 3700 2580 pro

2101 2600 2298 2654 anima
2329 2615 2461 2654 mea
2487 2602 2543 2652 et
2575 2598 2877 2652 animabus
2908 2597 3465 2668 prtenominatorum
3484 2598 3590 2670 piae
3620 2615 3700 2651 re-

2101 2692 2451 2747 cordationis
2479 2692 2616 2746 olim
2643 2691 2974 2762 genitorum
2999 2707 3264 2744 meorum
3290 2708 3302 2744 :
3331 2690 3388 2744 id
3411 2694 3498 2743 est
3522 2693 3695 2744 totam

2103 2781 2393 2851 integram
2414 2781 2642 2835 vineam
2664 2783 2720 2833 et
2735 2783 2946 2834 terram
2964 2796 3102 2850 quas
3118 2779 3193 2833 ad
3211 2778 3592 2833 laborandum
3606 2777 3699 2831 de-

2101 2869 2274 2923 tinuit
2301 2869 2722 2932 Benedictulus,
2748 2868 2843 2940 qui
2878 2868 3176 2922 dicebatur
3201 2867 3271 2921 de
3301 2866 3473 2932 Laxo,
3507 2868 3564 2919 et
3580 2867 3698 2920 Pec-

2099 2958 2258 3012 culus
2291 2957 2439 3012 filius
2463 2957 2513 3028 ej
2526 2975 2610 3025 us,
2647 2956 2746 3028 qui
2769 2957 3006 3010 fuerunt
3027 2953 3227 3010 famuli
3247 2954 3451 3021 nostri,
3470 2971 3594 3009 cum
3613 2969 3696 3008 ca-

2097 3047 2192 3114 sis,
2215 3045 2418 3113 vineis,
2439 3050 2496 3100 et
2517 3045 2704 3112 terris,
2723 3045 2964 3117 campis,
3000 3043 3242 3118 pascuisJ
3269 3042 3441 3108 silvis,
3464 3042 3699 3107 selectis,

2097 3135 2398 3189 arboribus
2435 3133 2753 3205 pomiferis,
2798 3132 3109 3187 fructiferis
3161 3133 3247 3186 vel
3314 3131 3699 3196 infructiferis,

2098 3223 2418 3296 diversique
2449 3222 2697 3294 generis,
2721 3221 2874 3288 rivis,
2903 3221 3159 3275 fontibus
3192 3236 3339 3292 aque
3361 3219 3701 3292 perennibus

2099 3313 2315 3366 cultum
2345 3313 2432 3366 vel
2461 3312 2765 3376 incultum,
2810 3327 3052 3365 vacuum
3082 3312 3140 3364 et
3171 3311 3428 3381 plenum,
3460 3309 3506 3364 si
3537 3308 3591 3363 in
3623 3308 3699 3362 in-

2099 3404 2352 3472 tegrum,
2383 3400 2676 3471 quomodo
2703 3399 3011 3470 supradicti
3034 3398 3237 3452 famuli
3269 3399 3450 3453 nostri
3465 3397 3700 3452 adlabo-

2097 3490 2342 3544 randum
2375 3489 2486 3544 suis
2517 3488 2889 3542 detinuerunt
2924 3488 3212 3553 manibus,
3245 3487 3305 3541 in
3333 3486 3625 3541 montibus
3649 3490 3702 3540 et

2099 3577 2449 3651 planiciebus
2479 3593 2582 3648 per
2611 3577 2831 3631 diversa
2850 3578 2976 3631 loca
2989 3579 3047 3631 et
3063 3575 3357 3642 vocabula,
3384 3575 3700 3646 ubicunque

2100 3667 2285 3739 posita
2302 3684 2421 3720 esse
2435 3664 3118 3734 videntur,cum'introitu
3133 3668 3190 3718 et
3206 3664 3358 3718 exitu
3374 3668 3564 3731 suo,et
3578 3679 3698 3717 cum

2103 3755 2460 3811 omnibusad
2489 3771 2558 3810 ea
2574 3755 2924 3826 generaliter
2951 3754 3009 3808 in
3041 3753 3335 3825 integrum
3373 3751 3700 3825 pertinenti-

2102 3845 2226 3912 bus,
2249 3845 2435 3915 posita
2463 3844 2520 3898 in
2541 3844 2829 3898 territorio
2861 3842 3168 3897 Collinensi
3182 3843 3237 3897 in
3251 3843 3431 3897 fundo
3453 3843 3696 3914 Flajano,

2104 3932 2268 3989 sicuti
2289 3935 2411 4004 ejus
2433 3933 2636 3987 afﬁnes
2650 3933 2720 3988 ab
2740 3933 2962 4005 origine
2985 3933 3240 3998 fuerunt,
3261 3933 3348 3986 vel
3369 3934 3544 3988 modo
3559 3931 3699 3986 desi-

2103 4023 2272 4095 gnari
2310 4025 2570 4094 possunt,
2586 4022 2753 4092 juris,
2789 4021 2876 4075 cui
2909 4021 3181 4076 existunt.
3213 4020 3350 4085 Qua:
3379 4038 3414 4075 a
3443 4018 3700 4092 praesenti

2105 4112 2197 4167 die
2209 4110 2490 4183 largimur
2502 4111 2678 4178 vobis,
2699 4111 2780 4166 ita
2791 4113 2898 4165 uta
2910 4110 3070 4165 vobis
3095 4110 3398 4165 continuas
3419 4110 3698 4166 orationes

2102 4200 2512 4272 suscipiamus;
2543 4199 2642 4271 qui
2667 4199 2711 4254 si
2741 4199 2995 4254 carnalia
3014 4199 3174 4254 vobis
3191 4198 3700 4270 concedimus,spi-

2103 4289 2331 4345 ritualia
2347 4306 2381 4342 a
2403 4289 2563 4343 vobis
2577 4288 2882 4360 percipere
2897 4287 3191 4342 debemus.
3208 4289 3319 4342 Eta
3335 4288 3603 4360 pra>senti
3616 4287 3696 4343 die

395 4377 580 4434 abbati
605 4376 854 4434 Gnidoni
880 4395 913 4431 a
943 4373 1229 4434 Benedicio
1293 4373 1442 4435 VIII
1452 4379 1707 4449 pontiﬁce
1734 4373 1997 4436 maximo.
2021 4373 2074 4432 D
2104 4395 2207 4452 pro
2221 4377 2622 4447 redemptione
2635 4376 3562 4431 animarumfratrumetsororum
3579 4392 3695 4431 meo

1002 4470 1190 4541 (Anno
1213 4467 1402 4539 1013.)

683 4557 1010 4626 [Mumron1,
1049 4557 1237 4628 Antiq.
1279 4557 1410 4616 Ital.
1445 4558 1533 4626 IV,
1563 4563 1666 4614 799
1696 4559 1715 4620 ]

468 4647 531 4702 In
562 4646 801 4702 nomine
826 4646 1059 4703 Domini
1090 4647 1269 4703 nostri
1295 4648 1425 4703 Jesu
1443 4646 1670 4715 Christi,
1702 4663 1855 4702 anno
1889 4647 2004 4702 Deo

398 4735 650 4810 prapitio
669 4737 1038 4809 pontificatus
1065 4736 1289 4792 domini
1307 4736 1616 4806 Benedicti}
1634 4735 1844 4790 summi
1867 4753 2006 4808 pon-

398 4825 566 4881 tiﬁcis
593 4830 652 4880 et
680 4825 1015 4881 universalis
1046 4843 1212 4899 papa:
1234 4826 1350 4879 VIII
1376 4825 1435 4879 in
1461 4824 1846 4879 sacratissima
1872 4825 2003 4878 sede

400 4913 558 4970 beati
589 4914 740 4970 Petri
755 4914 968 4986 primo,
985 4914 1304 4970 indictione
1323 4931 1399 4982 x1,
1418 4930 1617 4968 mense
1629 4913 1921 4976 Junio,die
1941 4930 2000 4967 ιι.

401 5005 549 5059 Dum
577 5019 682 5075 pro
697 5002 1085 5075 adipiscendis
1096 5004 1338 5059 caelestis
1354 5003 1518 5075 regni
1533 5001 1757 5073 gaudiis
1777 5001 2004 5055 aeternis

397 5092 599 5164 procul
612 5091 784 5148 dubio
797 5093 870 5148 ad
881 5091 1310 5148 cultumdivine
1325 5091 1642 5162 majestatis
1654 5090 2008 5146 conferenda

397 5180 684 5254 stipendia
709 5181 953 5237 omnino
979 5181 1065 5236 fas
1087 5181 1284 5252 exigit,
1316 5198 1384 5236 eo
1405 5181 1560 5254 quod
1585 5183 1863 5247 valemus,
1883 5181 2004 5233 nisu

397 5287 642 5344 quaeque
653 5270 728 5327 ad
739 5269 1471 5344 stabilitatemintegritatis
1490 5269 1806 5342 perfectam
1824 5269 1881 5323 in
1909 5287 2005 5324 ve-

398 5360 750 5417 nerabilibus
777 5359 916 5416 locis
936 5375 1303 5432 permanere,
1338 5363 1395 5414 et
1425 5376 1542 5414 non
1570 5361 1799 5414 tantum
1825 5360 2002 5414 verbo

396 5448 687 5505 ﬁrmitatis
716 5452 974 5517 maneat,
997 5465 1198 5505 verum
1214 5448 1389 5504 etiam
1409 5465 1512 5518 per
1536 5449 1746 5504 seriem
1763 5448 2000 5520 scriptu-

393 5551 592 5594 rarum
610 5538 887 5611 paginam
918 5556 988 5594 vo
1014 5555 1184 5594 umus
1212 5555 1334 5594 esse
1358 5541 1651 5605 testatum,
1671 5537 1925 5594 maxime
1942 5537 1999 5592 in

461 5700 536 5767 (2)
570 5700 732 5772 Log.,
759 5703 825 5759 in
851 5716 1026 5758 mecm
1055 5703 1260 5776 Aprili.
1301 5705 1488 5761 Just.

2104 4484 2255 4534 rum,
2283 4469 2341 4520 et
2369 4465 2833 4536 mete,quisupra
2863 4465 3688 4532 donator,babeatis,teneatis,

2105 4555 2523 4630 possideatis,et
2538 4554 2758 4619 utendi,
2781 4553 3694 4626 fruendi,possidendi,vendendi,

2074 4636 2080 4641 ’
2107 4643 2384 4710 donandi,
2411 4642 2834 4708 commutandi,
2858 4643 2945 4696 vel
2963 4641 3240 4713 quidquid
3273 4642 3346 4696 ad
3373 4642 3697 4697 luminario—

2103 4751 2234 4790 rum
2262 4731 2769 4787 concinnationem
2801 4731 2874 4785 ad
2903 4734 3112 4785 sancta:
3129 4730 3390 4785 Ecclesia:
3406 4731 3696 4786 utilitatem

2105 4822 2271 4877 vestri
2296 4821 2632 4876 monasterii
2651 4821 2840 4874 facere
2865 4819 2980 4874 sive
2997 4835 3277 4890 peragere
3308 4819 3614 4886 volueritis,
3643 4817 3693 4871 in

2107 4914 2290 4966 vestra
2316 4914 2750 4980 vestrorumque
2773 4925 3166 4962 successorum
3207 4908 3282 4961 sit
3314 4911 3615 4980 potestate.
3639 4906 3697 4958 Et

2109 5001 2262 5054 nullo
2296 5016 2553 5070 unquam
2580 5002 2845 5070 tempore
2872 5014 2906 5050 a
2938 5013 3052 5063 me,
3090 5013 3278 5068 neque
3301 4997 3371 5051 ab
3393 4995 3699 5052 haeredibus

2109 5095 2164 5143 et
2193 5089 2607 5145 successoribus
2628 5087 2792 5150 meis,
2810 5103 2998 5159 neque
3020 5103 3054 5140 a
3079 5103 3171 5140 me
3199 5087 3482 5142 submissa
3504 5099 3701 5156 magna

2107 5180 2189 5233 vel
2211 5195 2383 5250 parva
2398 5195 2644 5249 persona
2661 5177 2913 5249 aliquam
2933 5175 3243 5247 aliquando
3257 5175 3542 5230 habebitis
3553 5189 3700 5245 quas-

2105 5269 2352 5323 stionem
2384 5272 2482 5322 aut
2510 5266 2884 5322 calumniam.
2919 5267 2985 5320 Et
3004 5266 3049 5320 si
3081 5265 3243 5319 vobis
3263 5264 3572 5335 vestrisque
3592 5278 3700 5316 suc-

2105 5357 2424 5411 cessoribus
2441 5373 2583 5428 Opus
2604 5355 2999 5420 intervenerit,
3023 5357 3175 5408 stare
3199 5370 3295 5408 me
3314 5370 3429 5408 una
3447 5368 3572 5407 cum
3594 5351 3696 5404 liae-

2103 5447 2337 5502 redibus
2354 5449 2411 5500 et
2427 5445 2847 5500 successoribus
2867 5444 3094 5514 meis,et
3106 5443 3420 5498 defendere
3443 5439 3694 5515 promitto

2101 5536 2172 5591 ab
2201 5534 2363 5590 omni
2387 5534 2624 5589 homine
2653 5533 2710 5589 in
2741 5533 2902 5589 omni
2924 5537 3189 5603 tempore
3217 5535 3274 5586 et
3305 5532 3365 5586 in
3381 5531 3540 5586 omni
3564 5530 3693 5588 loco,
