3888 6218
289 442 436 503 1589

1513 440 1874 499 EPISTOLIE
1911 442 1998 500 ET
2034 442 2360 500 DECRETA

3476 453 3616 512 i590

283 568 390 624 ubi
413 565 578 624 vobis
602 581 832 622 necesse
863 564 1054 622 fuerit.
1084 566 1152 620 Et
1181 566 1302 621 hinc
1329 565 1546 633 omnia,
1581 584 1707 639 quae
1734 568 1902 638 huius
1926 572 1982 632 Α
2023 568 2400 624 detinendum
2439 572 2495 623 et
2525 567 2942 641 perfruendum
2980 569 3368 646 concedimus,
3413 576 3615 633 vestris

274 657 315 713 d
333 655 626 712 onationis
654 656 931 710 chartula:
947 655 1121 710 series
1137 657 1320 709 textus
1336 655 1648 727 eloquitur,
1666 656 1900 711 inviola-

273 745 476 800 biliter
503 760 841 798 conservare
869 746 1039 816 atque
1073 742 1391 813 adimplere
1424 743 1894 814 promitto.Nam,

272 833 437 906 quod
468 832 636 898 absit,
665 832 711 886 si
734 835 937 885 contra
954 831 1075 885 hinc
1095 847 1222 902 quin
1245 831 1504 900 superius
1523 835 1722 886 notata
1739 835 1892 898 sunt,

270 923 367 976 vel
391 920 635 992 ascripta
660 921 950 991 leguntur,
1010 936 1180 991 agere
1226 919 1782 991 prmsumpserimus,
1837 923 1894 974 et

271 1013 490 1065 cuncta
525 1025 642 1064 non
671 1008 1184 1072 observaverimus,
1206 1012 1341 1062 tunc
1365 1009 1597 1064 daturos
1626 1026 1728 1063 nos
1757 1025 1890 1080 pro-

273 1099 569 1154 mittimus
591 1097 754 1153 vobis
779 1101 912 1152 ante
936 1097 1126 1152 omnis
1166 1097 1278 1151 litis
1309 1097 1537 1152 initium
1570 1115 1753 1169 poenae
1784 1115 1890 1153 no-

271 1186 440 1242 mine
473 1186 596 1242 auri
611 1185 814 1257 optimi
845 1186 1016 1240 libras
1051 1186 1216 1251 duas;
1250 1189 1307 1239 et
1340 1188 1467 1255 post
1500 1186 1745 1240 solutam
1772 1203 1887 1258 pae-

272 1291 419 1330 nam
437 1274 604 1344 hujus
629 1273 958 1330 donationis
976 1274 1248 1328 chartula:
1275 1272 1447 1327 series
1477 1273 1534 1328 in
1568 1291 1669 1328 sua
1687 1273 1894 1328 nihilo-

271 1363 475 1418 minus
515 1365 715 1417 manet
751 1362 1044 1417 ﬁrmitate.
1073 1362 1256 1426 Quam
1280 1361 1642 1416 scribendam
1677 1363 1902 1434 rogavit

280 1453 655 1518 Roccionem,
698 1451 1061 1506 scriniarium
1094 1454 1306 1505 sancta:
1345 1452 1620 1506 Romanis
1641 1452 1902 1507 Ecclesia:

273 1543 348 1597 Et
369 1559 498 1613 ego,
529 1541 626 1614 qui
664 1558 837 1612 supra
889 1540 1134 1611 scriptus
1166 1557 1343 1594 manu
1376 1540 1609 1612 propria
1658 1541 1902 1595 subscri-

273 1629 386 1702 psi,
415 1633 472 1685 et
503 1633 674 1685 testes
706 1629 802 1702 qui
824 1628 1267 1693 subscriberent,
1297 1627 1516 1699 rogavi,
1552 1621 1902 1700 etvobis,qui

274 1735 476 1791 supra,
499 1717 826 1774 contradidi
849 1716 906 1771 in
937 1733 1133 1771 mense
1159 1719 1216 1770 et
1247 1715 1564 1770 indictione
1597 1716 1902 1786 suprascri-

272 1812 379 1880 pta
406 1826 480 1862 x1.

2001 658 2272 730 precibus
2309 658 2588 726 inclinati,
2609 659 3279 732 apraasentiduodecima
3300 661 3612 721 indictione

2000 751 2196 801 nostra
2229 747 2574 802 auctoritate
2607 748 2786 803 libera
2815 752 2988 815 atque
3025 766 3224 805 secura
3252 751 3509 807 habeatis
3537 753 3609 808 ab

2000 835 2161 889 omni
2188 839 2463 890 extranea
2495 840 2800 907 potestate,
2835 837 2916 892 ita
2955 840 3017 892 ut
3044 839 3232 894 nullus
3273 841 3406 908 dux,
3449 841 3609 912 prin-

1994 939 2148 994 ceps,
2176 940 2393 992 comes,
2424 928 2523 978 aut
2564 925 2902 993 vicecomes,
2945 928 3032 982 vel
3058 944 3276 1000 magna
3320 945 3611 1002 parvaque

1993 1028 2264 1083 persona,
2315 1015 2663 1085 potestatem
2702 1013 2777 1068 ibi
2823 1018 3085 1070 exerceat
3124 1017 3208 1070 vel
3265 1016 3381 1071 vim
3421 1017 3610 1074 facere

1992 1099 2213 1154 ibidem
2247 1105 2581 1171 prmsumat,
2612 1101 2692 1156 ita
2720 1118 2857 1157 sane
2910 1107 2970 1157 ut
3019 1104 3254 1175 singulis
3286 1106 3609 1180 quibusque

1991 1183 2053 1241 in
2090 1187 2508 1243 indictionibus
2538 1189 2876 1260 pensionem
2903 1192 3238 1248 auctionarii
3267 1199 3481 1250 sancta;
3502 1213 3608 1251 no-

2000 1278 2132 1330 stra:
2165 1277 2440 1332 Romamn
2469 1277 2730 1332 Ecclesiae.
2763 1279 2905 1334 duos
2949 1298 3152 1336 aureos
3194 1283 3404 1338 solidos
3456 1283 3608 1339 difﬁ-

2003 1364 2218 1419 cultate
2249 1366 2565 1437 postposita
2619 1367 2973 1437 persolvatis.
3035 1368 3360 1426 Statuentes
3415 1373 3608 1444 itaque

2005 1453 2320 1524 apostolica
2354 1453 2701 1508 auctoritate
2735 1455 2838 1508 sub
2861 1455 3034 1510 divini
3055 1458 3251 1526 judicii
3276 1459 3608 1516 obtestatio-

2006 1559 2078 1596 ne
2101 1545 2157 1596 et
2177 1543 2560 1596 anathematis
2609 1542 3012 1598 interdictione
3068 1548 3131 1600 ut
3183 1547 3321 1601 nulli
3352 1565 3608 1620 unquam

2004 1646 2392 1685 successorum
2452 1634 2783 1686 nostrorum
2839 1633 3198 1704 pontiﬁcum,
3249 1637 3338 1689 vel
3393 1653 3610 1709 magna

2001 1734 2288 1791 parvaque
2319 1734 2586 1789 persona,
2615 1719 2776 1774 sicuti
2802 1737 2976 1791 supra
3003 1722 3280 1794 scriptum
3315 1727 3419 1791 est,
3468 1740 3607 1780 con-

1999 1811 2089 1861 tra
2115 1807 2222 1861 hoc
2251 1810 2513 1861 nostrum
2543 1807 2904 1879 privilegium
2937 1811 3129 1866 venire
3158 1811 3461 1868 audeat.Si
3488 1813 3614 1885 quis

358 1889 431 1960 θ
457 1889 498 1944 Τ
529 1890 566 1943 h
597 1889 636 1943 F
663 1890 708 1942 K
737 1889 815 1942 lh
842 1887 882 1941 C
910 1888 950 1941 T
979 1888 1019 1941 X
1059 1887 1119 1953 C,
1169 1886 1265 1960 qui
1305 1890 1362 1941 ct
1392 1885 1728 1941 Benedictus
1777 1885 1895 1957 epi-

2006 1900 2218 1958 autem,
2244 1896 2399 1968 quod
2432 1913 2548 1950 non
2575 1900 2862 1968 optamus,
2895 1900 3205 1956 temerario
3245 1919 3384 1956 ausu
3409 1905 3612 1958 contra

274 1993 488 2049 scopus
519 1994 712 2032 servus
735 1993 1030 2031 servorum
1063 1975 1183 2031 Dei.

351 2058 424 2130 θ
452 2057 786 2128 Hilperinus
813 2056 965 2110 filius
999 2055 1289 2127 Hilperini.

355 2147 428 2218 ὦ
459 2147 676 2200 France
702 2144 846 2199 [ilius
872 2144 1128 2199 Duranti.

353 2234 426 2306 ὦ
449 2236 719 2300 Joannes,
743 2232 840 2304 qui
872 2235 1170 2304 Paparone
1197 2234 1448 2285 vocatur.

356 2324 426 2394 οἷο
455 2323 793 2378 Octavianus
816 2321 962 2375 filius
993 2320 1179 2392 Sergii
1209 2320 1278 2374 de
1308 2319 1745 2375 Transtiberim.

346 2412 419 2486 ὦ
444 2410 803 2468 Crescentius
824 2410 970 2464 filius
990 2409 1224 2464 Joannis
1255 2409 1324 2463 de
1358 2409 1640 2463 Lottecar.

355 2503 424 2573 θ
447 2502 566 2572 Ego
599 2499 807 2554 Roccio
830 2498 1158 2553 scriniarius
1189 2501 1398 2552 sanctae
1420 2498 1695 2551 Romanae
1718 2497 1902 2550 Eccle-

286 2591 404 2657 siae,
440 2590 538 2662 qui
569 2605 746 2660 supra
776 2587 1024 2660 scriptor
1068 2586 1237 2657 hujus
1290 2587 1561 2642 chartula:
1617 2583 1899 2658 complevi

281 2683 342 2734 et
372 2677 610 2734 absolvi.

1041 2747 1152 2801 VII.

283 2837 451 2893 Bulla
505 2837 785 2892 Benedicti
808 2851 967 2907 papae
1023 2835 1166 2889 VIII
1201 2851 1310 2906 pro
1341 2840 1661 2893 monasterio
1710 2835 1904 2894 Sancti

715 2908 960 2978 Sepulcri
1000 2909 1056 2960 in
1097 2907 1204 2962 loco
1228 2907 1471 2964 Nociati.

259 3042 262 3045 .
600 2990 793 3058 (Anno
824 2992 979 3055 l013,
1012 3004 1211 3042 mense
1238 2989 1587 3058 Decembri.)

283 3076 868 3151 [MirrARELLuAunaL
898 3075 1230 3139 C’amaldul.,
1262 3077 1303 3143 l,
1325 3077 1572 3146 Apend.,
1598 3093 1654 3148 p.
1674 3080 1798 3145 212,
1830 3094 1900 3132 ex

506 3167 868 3240 autographa
905 3165 1243 3221 monasterii
1273 3167 1648 3235 Fontisboni.]

362 3261 698 3313 ansmcrus
730 3255 1048 3328 episcopus,
1080 3271 1271 3309 servus
1306 3271 1599 3310 servorum
1658 3254 1779 3320 Dei,
1813 3253 1897 3308 di-

282 3350 431 3403 lecto
466 3345 525 3400 in
556 3345 776 3401 Christo
810 3343 926 3398 filio
959 3345 1260 3410 RODERICO,
1299 3343 1394 3415 qui
1441 3345 1678 3399 Bomzzo
1711 3340 1899 3398 vocari

280 3437 529 3502 videtur,
560 3434 752 3490 abbati
785 3433 1120 3488 monasterii
1159 3433 1353 3487 Sancti
1390 3432 1646 3504 Sepulcri
1673 3450 1737 3487 ac
1769 3449 1901 3488 san-

281 3529 513 3580 ctorum
538 3523 795 3588 Quatuor
827 3521 1344 3594 Evangelistarum,
1383 3523 1537 3593 quod
1584 3522 1755 3576 situm
1816 3524 1901 3576 est

283 3615 341 3668 in
371 3617 560 3668 castro
592 3611 914 3677 Felicitatis,
985 3612 1043 3666 in
1076 3612 1199 3666 loco
1247 3609 1486 3676 Nociati,
1518 3610 1743 3681 tuisque
1773 3627 1900 3666 suc-

283 3701 607 3757 cessoribus
630 3700 686 3754 in
712 3703 1074 3772 perpetuum.

355 3781 643 3846 Quoniam
670 3780 716 3835 si
749 3779 885 3852 quid
917 3779 988 3833 ad
1021 3779 1305 3834 honorem
1346 3777 1446 3833 Dei
1487 3780 1546 3832 et
1574 3780 1770 3832 sancta
1799 3779 1897 3834 Dei

282 3869 643 3926 monasteria
675 3869 1032 3935 ordinamus,
1053 3867 1384 3923 mercedem
1399 3866 1532 3921 inde
1549 3866 1608 3920 in
1636 3867 1895 3922 futurum

281 3976 315 4014 a
347 3960 465 4014 Deo
503 3974 608 4012 nos
642 3961 972 4027 recepturos
999 3973 1121 4010 esse
1147 3973 1262 4010 non
1295 3955 1624 4010 dubitamus
1649 3972 1660 4010 :
1685 3955 1894 4010 idcirco

280 4064 385 4103 nos
416 4045 624 4119 quibus
678 4045 1046 4100 ecclesiarum
1112 4044 1213 4098 Dei
1259 4060 1396 4099 cura
1447 4043 1754 4098 commissa
1811 4045 1897 4098 est

279 4135 584 4191 ecclesiam
615 4134 952 4206 praedictam
999 4133 1056 4187 in
1111 4135 1405 4204 posterum
1439 4132 1782 4203 provideatis
1824 4135 1894 4189 de

279 4226 452 4280 rebus
475 4227 689 4278 sanctis.
721 4226 932 4277 nostra:
955 4225 1230 4278 Romanae
1254 4221 1514 4276 Ecclesia:
1531 4221 1894 4293 privilegium

281 4317 495 4369 nostrae
545 4311 900 4366 auctoritatis
953 4311 1303 4366 constituere
1340 4313 1529 4364 ratum
1581 4309 1890 4378 duximus;

280 4401 638 4467 arbitramur
668 4399 885 4454 etenim
948 4399 1020 4454 ad
1052 4400 1259 4454 future:
1327 4397 1584 4453 utilitatis
1641 4397 1892 4452 fructum

277 4489 600 4561 plurimum
622 4489 812 4543 valere
838 4489 994 4560 quod
1021 4492 1224 4543 contra
1263 4487 1668 4543 insectationes
1696 4491 1892 4557 tyran-

1998 1986 2120 2039 hmc
2150 1985 2349 2038 venire
2382 1985 2766 2053 attentaverit,
2799 1989 2857 2040 et
2893 1987 3056 2042 sicuti
3079 2005 3113 2044 a
3153 1994 3350 2044 nostra
3377 1995 3609 2064 aposto-

2000 2073 2109 2128 lica
2164 2073 2503 2129 auctoritate
2547 2091 2883 2130 concessum
2932 2080 2989 2130 et
3041 2079 3453 2134 confirmatum
3499 2085 3607 2149 est,

2003 2179 2345 2232 permanere
2394 2179 2512 2218 non
2565 2164 2866 2231 dimiserit,
2897 2165 3038 2220 sciat
3067 2183 3125 2220 se
3148 2169 3522 2224 maledictum
3552 2173 3612 2226 et

1999 2251 2385 2306 anathematis
2408 2252 2628 2308 vinculo
2669 2270 2702 2308 a
2752 2255 2920 2308 Patre
2969 2257 3026 2310 et
3078 2255 3217 2310 Filio
3276 2261 3334 2311 et
3394 2256 3610 2329 Spiritu

1999 2343 2199 2394 sancto
2230 2340 2596 2406 innodatum,
2629 2344 2686 2395 et
2707 2341 2764 2396 in
2797 2342 3028 2398 aeternis
3054 2343 3335 2399 incendiis
3359 2362 3491 2401 cum
3519 2348 3609 2404 Ju-

2001 2431 2075 2485 da
2099 2431 2378 2486 traditore
2408 2433 2640 2487 Domini
2656 2433 2835 2487 nostri
2859 2435 2986 2488 Jesu
3004 2435 3208 2489 Christi
3237 2435 3452 2492 habeat
3473 2453 3612 2508 por—

2000 2519 2244 2575 tionem.
2273 2523 2344 2574 At
2369 2537 2504 2576 vero
2532 2521 2628 2592 qui
2658 2521 2751 2593 pio
2780 2521 2990 2577 intuitu
3015 2525 3202 2578 custos
3245 2527 3305 2578 et
3342 2524 3608 2582 observa-

2004 2611 2096 2662 tor
2133 2609 2302 2679 hujus
2335 2609 2515 2664 nostri
2539 2608 2836 2681 apostolici
2864 2609 3147 2682 privilegii
3179 2612 3476 2680 exstiterit,
3509 2613 3608 2670 be-

2004 2697 2347 2752 nedictionis
2397 2699 2647 2769 gratiam
2705 2716 2739 2753 a
2787 2699 2941 2770 justo
2973 2700 3168 2770 judice
3200 2701 3448 2757 Domino
3494 2704 3610 2759 Deo

2001 2790 2200 2840 nostro
2232 2787 2503 2859 consequi
2534 2789 2827 2841 mereatur
2862 2789 2920 2841 et
2947 2787 3126 2844 vitam
3163 2791 3443 2845 aeternam
3475 2807 3612 2864 par-

1998 2873 2180 2945 ticeps
2255 2874 2405 2928 efﬁci
2477 2877 2771 2930 mereatur
2839 2876 2900 2930 in
2965 2878 3173 2934 saecula
3244 2879 3608 2936 seculorum.

1998 2965 2204 3017 Amen.

2071 3050 2362 3122 Scriptum
2394 3067 2499 3122 per
2528 3069 2734 3108 manus
2790 3051 2974 3124 Sergii
3027 3055 3239 3112 notarii
3291 3056 3609 3130 regionarii

1998 3143 2212 3195 sanctae
2244 3142 2520 3194 Romanae
2548 3142 2810 3197 Ecclesiae
2841 3142 2900 3197 in
2932 3160 3133 3200 mense
3193 3148 3250 3200 et
3295 3145 3609 3203 indictione

1932 3259 1978 3317 α
1999 3229 2381 3317 suprascripta
2410 3228 2772 3317 duodecima.

2067 3316 2140 3389 ὦ
2169 3318 2318 3372 Bene
2344 3318 2545 3372 valete.
2571 3316 2670 3372 SS.

2071 3409 2133 3461 In
2183 3405 2420 3460 nomine
2450 3406 2680 3461 Domini
2733 3407 2930 3462 datum
2981 3425 3087 3479 per
3137 3425 3345 3465 manus
3400 3413 3606 3469 Azzoni

2000 3495 2250 3567 episcopi
2281 3500 2492 3551 sanctae.
2520 3495 2791 3551 Ostiensis
2840 3497 3102 3552 Ecclesiae.
3146 3501 3205 3552 et
3229 3498 3605 3556 bibliotheca-

1998 3585 2299 3640 riisanctee
2322 3584 2646 3655 apostolicae
2697 3584 2864 3652 sedis,
2924 3602 3102 3653 anno,
3160 3587 3277 3642 Deo
3328 3587 3604 3659 propitio,

2000 3673 2199 3729 domui
2251 3673 2540 3729 Benedicti
2569 3674 2782 3728 summi
2809 3673 3100 3745 pontiﬁcis
3157 3679 3216 3730 et
3272 3675 3606 3732 universalis

1999 3763 2181 3818 octavi
2212 3779 2372 3834 papae
2402 3762 2459 3816 in
2489 3762 2872 3817 sacratissima
2892 3762 3027 3817 sede
3059 3762 3212 3818 beati
3234 3762 3386 3818 Petri
3409 3779 3608 3819 secun-

1999 3851 2093 3919 do,
2123 3851 2184 3906 in
2211 3869 2408 3907 mense
2451 3851 2810 3917 Decembrio,
2853 3849 3166 3907 indictione
3220 3851 3609 3926 suprascripta

1999 3939 2360 3996 duodecima.

2720 4030 2860 4085 Vlll.

1997 4136 2316 4210 Benedictus
2351 4137 2492 4210 VIII
2519 4139 2776 4194 Heinrico
2798 4141 3103 4210 imperatori
3123 4138 3287 4210 tradit
3314 4151 3479 4210 certes
3501 4141 3605 4194 tres

2067 4210 2122 4260 in
2148 4207 2345 4284 ducatu
2375 4209 2634 4264 Bavariae
2661 4212 2792 4265 sitas
2815 4207 2913 4283 pro
2947 4211 3136 4284 quibus
3177 4209 3323 4266 Colle
3369 4209 3605 4270 Calvum

2068 4278 2300 4346 regalem
2327 4289 2530 4335 curtem
2568 4284 2784 4353 acczpil.

2599 4388 2786 4459 (Anno
2822 4390 2998 4462 1014).

2398 4482 2614 4552 [ΜΑΝδι,
2645 4483 2854 4542 Coucil.
2879 4488 3012 4552 XIX,
3044 4489 3195 4550 329].

280 4593 492 4632 norum
527 4579 584 4631 et
614 4576 1008 4648 quorumlibet
1043 4593 1351 4648 pravorum
1374 4576 1519 4630 vires
1539 4574 1761 4629 videtur
1789 4575 1893 4630 ha-
1917 4547 1969 4606 D
2065 4570 2395 4624 BENEDICTUS
2422 4572 2742 4644 episcopus,
2776 4591 2968 4630 servus
3019 4590 3315 4630 servorum
3361 4573 3481 4641 Dei,
3518 4573 3603 4629 di-

277 4667 434 4721 bere.
487 4664 844 4720 Auctoritate
899 4665 1076 4736 igitur
1140 4665 1453 4736 apostolica
1495 4664 1894 4720 constituimus

278 4753 644 4827 privilegium
667 4753 737 4808 de
757 4770 826 4808 ea
843 4771 971 4825 quae
986 4753 1224 4809 inferius
1239 4755 1499 4809 continet
1513 4770 1616 4825 pro
1635 4754 1893 4808 remedio

276 4844 488 4898 anima:
516 4845 729 4896 nostrae
760 4846 1212 4914 nostrorumque
1239 4859 1630 4897 successorum
1664 4844 1893 4913 pontiﬁ-

275 4948 406 4986 cum
439 4933 496 4984 et
523 4945 626 5002 pro
663 4930 1086 4984 sustentatione
1128 4931 1375 4985 fratrum
1429 4935 1485 4985 et
1534 4932 1894 5003 susceptione

275 5020 514 5090 inopum
548 5019 606 5072 et
640 5017 1082 5089 peregrinorum
1111 5022 1168 5073 et
1197 5019 1565 5090 congregatis
1604 5019 1658 5074 in
1689 5020 1897 5077 Christi

273 5107 559 5173 laudibus,
584 5105 717 5178 quia
745 5107 1076 5161 mercedem
1132 5107 1193 5161 in
1239 5109 1499 5162 futurum
1555 5125 1588 5162 a
1644 5111 1759 5163 Deo
1793 5126 1898 5163 nos

275 5199 610 5267 recepturos
633 5212 747 5249 non
783 5196 1144 5262 dubitamus;
1176 5197 1422 5267 proinde
1460 5198 1713 5252 concedo
1743 5197 1897 5252 vobis

275 5284 591 5356 vestrisque
615 5283 1032 5338 successoribus
1061 5283 1117 5338 in
1153 5288 1522 5357 perpetuum,
1547 5286 1603 5339 id
1621 5289 1705 5340 est
1728 5286 1895 5339 Corte

276 5391 402 5444 qua:
431 5372 928 5428 Constantiorum.
987 5377 1044 5428 et
1087 5373 1432 5443 Sargonina,
1485 5377 1543 5427 et
1590 5374 1806 5427 Nobule
1841 5377 1898 5428 et

279 5461 523 5526 Balzolo,
550 5464 608 5515 et
633 5478 840 5532 campo
873 5461 1180 5516 Dominico
1209 5464 1265 5515 et
1296 5477 1499 5531 campo
1535 5461 1604 5515 de
1632 5463 1809 5517 Puzzo
1840 5467 1899 5518 et

277 5552 519 5606 Flavelle
545 5554 729 5606 totum
790 5550 846 5604 in
898 5567 1231 5620 numerum,
1260 5549 1420 5604 sicuti
1452 5553 1661 5604 sancta:
1686 5555 1896 5608 nostra:

279 5641 555 5696 Romanae
569 5639 833 5695 Ecclesia:
864 5639 951 5694 cui
984 5641 1101 5695 Deo
1135 5644 1368 5696 auctore
1407 5638 1758 5695 deservimus
1794 5641 1894 5695 Ec-

315 5729 490 5797 lesiae,
525 5727 683 5786 vobis
714 5727 1026 5802 vestrisque
1047 5728 1471 5795 successoribus
1488 5729 1893 5801 inperpetuum

1992 4658 2298 4716 lectissime
2330 4658 2389 4711 in
2422 4660 2666 4714 Domino
2697 4662 2978 4733 spirituali
3001 4663 3118 4719 ﬁlio
3150 4661 3604 4718 H.invictissimo

1995 4767 2059 4806 ac
2079 4748 2485 4820 triumphatori
2515 4752 2795 4820 Augusto.

2067 4838 2407 4910 Quanquam
2431 4838 2511 4891 rei
2534 4841 2917 4894 commutatio
2945 4858 3012 4894 ex
3036 4841 3161 4912 ipsa
3188 4840 3475 4914 corporali
3496 4842 3607 4894 tra-

1997 4927 2213 4983 ditione
2230 4925 2408 4998 possit
2431 4927 2598 4980 ﬁrma
2618 4927 2957 4995 consistere,
2980 4930 3068 4982 vel
3091 4946 3160 4984 ea
3189 4947 3318 5002 quae
3346 4929 3606 5002 legaliter

1997 5019 2275 5088 geruntur
2316 5015 2471 5069 nulla
2494 5015 2724 5067 valeant
2768 5015 3160 5086 refragatione
3210 5019 3475 5086 convelli,
3531 5033 3606 5073 ne

1999 5122 2125 5178 quae
2145 5108 2341 5160 tamen
2361 5104 2538 5175 possit
2555 5118 2674 5156 esse
2695 5103 3081 5158 contradendi
3099 5105 3606 5176 dubietas,nostraa

1999 5197 2172 5251 debet
2198 5194 2542 5249 intervenire
2565 5192 2920 5247 auctoritatis
2950 5192 3201 5247 adnisus.
3226 5197 3297 5249 Et
3324 5196 3605 5268 quoniam

1998 5289 2184 5340 curtes
2204 5289 2317 5340 tres
2347 5300 2477 5338 cum
2509 5281 2778 5338 omnibus
2829 5297 3028 5335 earum
3067 5281 3454 5353 pertinentiis,
3485 5301 3605 5339 ser-

1997 5391 2093 5428 vos
2121 5374 2370 5446 denique
2417 5376 2475 5427 et
2505 5370 2758 5438 ancillas,
2818 5372 3052 5426 colonos
3097 5386 3228 5424 cum
3291 5371 3608 5427 colonabus

1999 5463 2290 5534 utriusque
2321 5479 2484 5518 sexus
2514 5461 2727 5516 ibidem
2759 5460 3161 5527 residentibus,
3207 5459 3284 5514 sic
3331 5459 3608 5514 hactenus

1999 5555 2194 5606 nostra
2221 5552 2534 5623 apostolica
2581 5550 2745 5608 sedes
2798 5549 3044 5606 detinuit
3092 5548 3151 5603 in
3188 5549 3338 5620 jurte
3394 5549 3606 5603 sanctae

1997 5641 2296 5708 Romamn,
2319 5641 2429 5708 cui,
2462 5642 2579 5698 Deo
2607 5644 2861 5709 auctore,
2912 5638 3264 5697 deservimus
3324 5635 3606 5704 Ecclesiae,

1999 5729 2246 5784 charitas
2277 5705 2473 5796 nostra
2500 5731 2686 5801 poscit
2723 5735 2783 5789 et
2809 5705 3094 5788 desiderat
3118 5730 3512 5812 commutare;
3539 5705 3673 5798 ad,
