3888 6218
305 439 435 501 i591

1581 439 1945 500 BENEDICTI
1979 439 2099 500 VIII
2134 441 2345 503 PAPIE

3495 456 3522 512 i
3533 455 3662 514 892

318 570 479 643 cujus
502 567 685 627 vicem
733 567 1287 642 recompensationis
1323 569 1646 642 recepimus
1700 586 1824 635 nos,
1885 587 1919 624 ιι
1943 576 1996 634 Α
2029 567 2333 640 delegavit,
2365 587 2619 645 quasque
2649 573 2957 644 praedictus
2985 573 3327 632 Adalbertus
3369 577 3656 634 marchio

303 655 470 715 vobis
499 659 557 714 in
589 659 849 713 sanctam
901 661 1158 713 nostram
1203 658 1527 712 Romanam
1584 658 1913 723 Ecclesiam,

309 748 516 803 dilecte
535 747 616 802 fili
670 749 735 802 II.
768 747 1087 818 imperator
1113 749 1385 819 Auguste,
1416 751 1635 803 curtem
1659 749 1915 818 regalem

305 851 434 904 que
465 837 675 892 dicitur
694 836 758 891 N.
784 852 914 891 cum
936 836 1095 891 omni
1118 853 1218 891 sua
1238 835 1610 909 pertinentia,
1642 837 1915 891 constitu-

306 929 366 980 ta
397 925 549 981 infra
577 924 917 980 comitatum
953 924 1336 996 Spolitanum,
1383 942 1509 997 quas
1563 925 1636 979 ad
1665 928 1916 979 vestrum

305 1014 531 1070 videtur
554 1013 844 1085 pertinere
875 1013 1208 1084 imperium,
1254 1014 1412 1069 vobis
1468 1015 1526 1068 in
1574 1017 1916 1084 perpetuum

295 1101 424 1173 jam
455 1103 634 1158 dictas
668 1105 783 1158 tres
816 1106 1005 1157 curtes
1035 1103 1316 1158 tradimus
1363 1106 1534 1174 atque
1593 1105 1919 1158 commuta-

306 1207 456 1258 mus,
516 1195 581 1246 ut
638 1208 672 1246 a
710 1190 979 1263 praesenti
1029 1190 1120 1246 die
1160 1190 1285 1246 illas
1322 1190 1600 1257 habeatis,
1653 1190 1914 1257 teneatis,

305 1278 664 1352 possideatis,
694 1283 751 1334 et
781 1279 840 1334 in
877 1283 1127 1335 vestrum
1154 1279 1248 1349 jus
1278 1282 1335 1333 et
1356 1279 1677 1336 dominium
1709 1295 1919 1350 perpe-

304 1368 542 1426 tualiter
568 1368 884 1436 vindicetis,
913 1368 993 1423 ita
1013 1372 1076 1423 ut
1099 1368 1286 1422 nullus
1306 1384 1561 1439 unquam
1585 1372 1916 1422 nostrorum

309 1471 705 1514 successorum
735 1457 1035 1531 pontificii,
1084 1459 1170 1511 vel
1223 1457 1493 1529 quaelibet
1546 1457 1658 1511 alia
1702 1473 1918 1528 magna

302 1548 394 1602 vel
429 1562 605 1618 parva
622 1563 888 1618 persona,
921 1546 1070 1619 ipsas
1108 1549 1223 1600 tres
1248 1544 1552 1618 praedictas
1577 1548 1764 1600 curtes
1784 1561 1916 1599 cum

304 1634 574 1690 omnibus
609 1650 809 1690 earum
833 1633 1198 1706 pertinentiis
1241 1651 1274 1688 a
1299 1637 1582 1706 potestate
1612 1636 1670 1687 et
1698 1632 1915 1687 ditione

306 1726 495 1780 vestra
529 1724 754 1779 auferre
794 1725 891 1778 aut
915 1722 1165 1778 alienare
1192 1723 1400 1777 audeat
1433 1739 1445 1777 :
1477 1722 1575 1776 sed
1615 1721 1782 1776 liceat
1821 1738 1916 1775 vos

313 1810 372 1868 in
404 1815 748 1886 perpetuum
801 1811 959 1866 omni
993 1814 1257 1881 tempore
1279 1827 1312 1864 a
1341 1812 1540 1865 nostra
1567 1809 1623 1864 S.
1651 1811 1716 1863 R.
1747 1810 1807 1863 E.
1832 1825 1918 1863 re-

320 1903 515 1972 ceptas
545 1904 744 1954 tenere
767 1903 825 1954 et
851 1898 1164 1972 possidere.
1197 1897 1363 1962 Quod
1406 1897 1451 1952 si
1507 1898 1634 1970 quis
1673 1899 1781 1952 hoc
1811 1914 1914 1952 no-

308 1991 493 2046 strum
558 1987 937 2060 apostolicum
992 1989 1369 2060 praeceptum,
1401 1986 1554 2057 quod
1591 2002 1706 2039 non
1740 1986 1918 2040 credi-

307 2091 456 2145 mus,
489 2075 808 2148 infringere
832 2074 1162 2141 tentaverit,
1183 2074 1324 2129 sciat
1351 2090 1410 2128 se
1440 2073 1598 2128 vobis
1627 2073 1915 2144 composi-

302 2170 503 2221 turum
530 2163 653 2220 auri
685 2163 972 2236 purissimi
998 2164 1174 2219 libras
1190 2165 1419 2218 centum
1447 2179 1461 2228 ;
1502 2166 1560 2216 et
1589 2161 1735 2215 hanc
1756 2178 1914 2216 com-

309 2251 698 2309 mutationum
748 2251 1023 2325 paginam
1084 2251 1143 2306 in
1200 2267 1302 2306 sua
1357 2265 1595 2304 manere
1642 2249 1915 2304 firmitate

310 2341 739 2414 perpetualiter.
1089 2427 1131 2485 Χ

1067 2429 1086 2482 l

1067 2429 1155 2483 IX.

301 2516 620 2574 Benedictus
656 2515 809 2574 VIII
838 2518 1150 2572 monasterii
1176 2515 1248 2571 Β.
1276 2516 1432 2573 Petri
1454 2514 1805 2570 Brmetemis
1843 2514 1912 2569 li-

545 2590 797 2645 bertatem
824 2595 874 2643 et
892 2589 1236 2661 possessione:
1264 2588 1542 2656 conﬁrmat
1573 2586 1672 2656 (3).

903 2677 1094 2750 (Anno
1131 2677 1306 2738 1014).

585 2767 869 2834 [Utinm],
918 2765 1087 2824 Italia
1114 2781 1288 2828 sacra,
1325 2765 1412 2828 ιν,
1445 2765 1622 2834 1024].

372 2859 726 2923 Bmxmcrus,
750 2860 858 2910 etc.
871 2895 886 2922 ,
899 2855 1106 2910 dilecto
1121 2853 1236 2908 filio
1249 2853 1585 2907 Gomrasno
1610 2852 1801 2907 abbati
1821 2868 1909 2906 ve-

304 2945 549 3003 nerabili
590 2943 927 3000 monasterii
981 2944 1042 2998 Β.
1095 2941 1249 2998 Petri
1279 2943 1670 3013 apostolorum
1696 2941 1910 3012 princi-

298 3035 408 3108 pia,
436 3034 664 3092 fundati
693 3034 754 3089 in
798 3031 1154 3088 Bremetensi
1181 3030 1470 3087 territorio
1510 3031 1660 3084 inter
1689 3031 1909 3085 Padum

2029 678 2158 716 cum
2193 679 2365 718 uxore
2397 681 2498 718 sua
2518 665 2787 737 deinceps
2811 666 2964 736 apud
2995 667 3350 734 Bermetum,
3383 665 3655 724 transla-

2024 753 2146 805 tum
2181 751 2434 806 donavit.
2467 753 2775 808 Ecclesiam
2805 771 2960 820 vero,
2993 772 3122 826 quae
3177 759 3264 810 est
3300 759 3655 813 constructa

2017 838 2074 893 in
2099 839 2382 895 honorem
2411 840 2468 896 S.
2498 842 2596 896 Dei
2629 842 2929 897 Genitricis
2961 843 3395 914 virginisMariaa
3423 844 3484 900 in
3507 847 3656 900 Pol-

2017 926 2189 982 licino
2220 944 2350 983 cum
2379 931 2647 985 omnibus
2675 931 2788 986 suis
2816 932 3209 1002 pertinentiis,
3237 935 3443 988 cellam
3492 951 3655 1006 quo-

2017 1033 2126 1088 que
2180 1019 2453 1073 vocabulo
2510 1020 2566 1074 S.
2615 1022 2857 1076 Andreae
2900 1021 2957 1075 in
3012 1022 3240 1077 civitate
3290 1022 3648 1078 Taurinensi

2017 1120 2149 1159 cum
2173 1105 2441 1161 omnibus
2459 1108 2572 1162 suis
2594 1109 2957 1181 pertinentiis
2978 1111 3254 1180 praedicto
3275 1113 3649 1167 monasterio

2017 1194 2448 1262 conﬁrmamus,
2474 1199 2583 1254 etc.
2613 1199 2852 1270 Insuper
2879 1200 3080 1253 cellam
3111 1216 3283 1271 quam
3316 1217 3350 1254 a
3380 1201 3649 1271 Paganis

2016 1285 2243 1348 vocant,
2273 1299 2402 1337 cum
2432 1285 2703 1340 omnibus
2749 1287 2863 1340 suis
2919 1287 3299 1358 pertinentiis,
3349 1287 3495 1342 sicut
3528 1305 3650 1360 per

2017 1374 2301 1441 prmcepta
2318 1372 2367 1425 ei
2393 1373 2721 1447 delegatum
2740 1378 2845 1441 est;
2866 1375 3003 1447 quin
3042 1375 3214 1429 etiam
3232 1375 3471 1430 Gabiani
3507 1393 3652 1431 cor-

2017 1459 2134 1512 tem
2159 1475 2289 1513 cum
2311 1459 2574 1516 universo
2608 1445 2918 1526 territorio.
2965 1480 3090 1535 quae
3123 1467 3208 1518 est
3230 1464 3287 1518 in
3312 1464 3646 1534 Stupunico

2020 1546 2323 1614 Vallicella,
2350 1549 2683 1620 Maridiago,
2708 1551 3240 1618 Loretto,Roxaria,
3268 1555 3326 1606 et
3354 1553 3644 1606 Abrusia-

2014 1637 2108 1688 teo
2143 1637 2554 1693 monasteriolo
2581 1639 3023 1711 Gorgiano,quaa
3045 1641 3246 1695 omnia
3259 1656 3388 1694 cum
3417 1639 3645 1713 praedi-

2015 1725 2106 1777 cta
2130 1728 2287 1778 corte
2316 1742 2380 1778 ac
2411 1727 2523 1780 suis
2547 1728 2912 1796 pertinentiis
2932 1729 3056 1798 jam
3090 1729 3240 1784 dicto
3273 1729 3642 1784 monasterio

2015 1829 2119 1884 per
2148 1817 2499 1884 prmceptum
2531 1832 2864 1871 concessum
2885 1821 2988 1872 est.
3019 1817 3366 1872 Pollentium
3395 1833 3641 1889 quoque

2014 1902 2375 1973 cellam,quce
2395 1903 2466 1956 ab
2489 1905 2744 1973 ejusdem
2761 1907 3095 1960 monasterii
3110 1905 3378 1960 fratribus
3402 1906 3642 1960 noviter

2015 1992 2341 2044 constructa
2383 1993 2486 2057 est,
2539 1996 2595 2045 et
2631 1993 2859 2048 colonia
2889 1997 3134 2062 cortem,
3179 1998 3237 2048 et
3261 1993 3640 2050 Mancianum

2015 2081 2265 2132 castrum
2298 2095 2428 2133 cum
2454 2081 2721 2135 omnibus
2751 2081 2865 2136 suis
2894 2081 3279 2153 pertinentiis,
3304 2099 3430 2154 quae
3464 2083 3638 2138 Oddo

2015 2167 2273 2222 marchio
2333 2185 2437 2240 pro
2470 2170 2729 2226 remedio
2761 2171 2969 2225 animae
3024 2188 3139 2224 suae
3199 2172 3401 2225 matris
3434 2172 3639 2227 eidem

2015 2256 2368 2312 monasterio
2383 2273 2511 2311 cum
2536 2275 2637 2312 sua
2647 2260 2893 2330 conjuge
2907 2276 3012 2330 per
3022 2260 3281 2314 chartam
3301 2259 3640 2316 oﬂ‘ersionis

2014 2344 2322 2410 concessit;
2354 2345 2728 2400 Cavallarium
2752 2346 2925 2402 etiam
2958 2364 3089 2402 cum
3121 2350 3279 2402 corte
3303 2364 3538 2419 magna,
3573 2352 3638 2403 et

2013 2433 2282 2488 omnibus
2338 2434 2461 2490 aliis
2493 2435 2606 2489 suis
2637 2435 3004 2506 appenditiis,
3059 2434 3202 2490 sicut
3245 2435 3316 2490 ab
3364 2435 3634 2490 Arduino

2013 2522 2350 2578 marchione
2381 2539 2484 2598 pro
2524 2524 2784 2578 remedio
2812 2523 3023 2578 animos
3053 2541 3167 2578 suae
3193 2523 3394 2578 matris
3429 2524 3634 2577 eidem

2012 2611 2274 2666 coenobio
2308 2612 2582 2683 largitum
2615 2615 2718 2668 est.
2746 2612 3007 2666 Castrum
3028 2629 3161 2667 vero
3195 2613 3253 2667 S.
3287 2611 3533 2683 Georgii,
3568 2615 3634 2666 et

2015 2699 2228 2754 Casalis
2258 2705 2500 2766 curtem,
2537 2702 2804 2755 cellulam
2840 2717 2974 2756 vero
3018 2700 3078 2754 in
3104 2701 3389 2756 honorem
3421 2700 3479 2756 S.
3505 2701 3630 2755 Pe-

2008 2789 2082 2844 tri
2114 2792 2504 2844 constructam
2545 2790 2605 2844 in
2632 2790 2776 2843 valle
2817 2806 2944 2860 qua:
2975 2789 3182 2844 dicitur
3233 2789 3463 2862 Ignaria
3488 2805 3629 2845 cum

2011 2877 2169 2932 omni
2200 2894 2301 2932 sua
2329 2878 2693 2948 integritate;
2719 2879 2925 2932 cellam
2946 2894 3176 2950 quoque
3206 2878 3263 2933 S.
3289 2879 3440 2934 Petri
3466 2878 3630 2949 prin-

2007 2964 2146 3036 cipis
2178 2967 2594 3036 apostolorum,
2620 2971 2676 3021 et
2701 2966 3052 3023 S.Michaelis
3071 2966 3423 3038 archangeli,
3443 2970 3501 3022 et
3524 2984 3629 3020 ec-

2008 3053 2239 3108 clesiam
2263 3055 2321 3108 in
2355 3055 2641 3110 honorem
2673 3056 2731 3110 S.
2766 3055 3044 3126 Stephani
3083 3058 3333 3110 sacratas
3360 3072 3490 3110 cum
3533 3072 3628 3110 ca-

295 3128 358 3181 “
388 3123 676 3213 Ticinum’
697 3123 929 3194 suisque
961 3120 1378 3213 succis-mih”
1425 3120 1483 3174 in
1511 3123 1904 3213 -.ΡθίίΡθῘνΨῘξῬ
1931 3137 1978 3196 C
2009 3144 2124 3195 stro
2152 3142 2306 3213 quod
2340 3146 2575 3197 vocatur
2605 3143 2785 3208 Rodo,
2829 3120 2887 3197 et
2927 3142 3081 3197 aliud
3131 3144 3370 3197 nomine
3423 3143 3629 3197 Virdu-

367 3212 425 3269 Si
463 3229 696 3285 semper
739 3214 874 3267 sunt
914 3209 1285 3266 concedenda
1308 3226 1437 3281 quas
1465 3207 1574 3280 piis
1618 3207 1911 3263 desideriis

299 3303 874 3374 congruant,quanto
896 3299 1260 3371 potissimum
1281 3315 1399 3354 non
1420 3302 1553 3354 sunt
1568 3297 1910 3368 deneganda

298 3407 371 3448 ea
409 3405 537 3464 qua:
563 3406 668 3462 pro
700 3389 876 3445 divini
925 3390 1107 3444 cultus
1132 3387 1443 3444 stabilitate
1469 3390 1763 3458 petuntur,
1795 3389 1904 3440 etc.

311 3480 492 3554 Igitur
518 3480 652 3552 quia
671 3479 1163 3554 perintervental.
1187 3476 1506 3533 charissimi
1528 3476 1908 3541 nostri,Adal-

294 3569 447 3627 berti
480 3569 668 3642 gratia
696 3569 797 3624 Dei
828 3567 1180 3625 marchionis
1207 3565 1622 3639 gloriosissimi,
1651 3581 1716 3619 ac
1759 3565 1902 3636 imp.

296 3658 525 3722 Henrici
555 3659 864 3732 postulatio
902 3658 1149 3712 fratrum
1209 3657 1469 3728 ejusdem
1524 3654 1905 3710 Bremetensis

293 3747 652 3804 monasterii.
698 3789 709 3801 .
756 3787 769 3801 .
814 3789 828 3803 .
873 3788 886 3802 .
930 3750 1212 3818 quatenus
1250 3746 1323 3800 ad
1375 3745 1562 3817 ipsum
1609 3746 1902 3798 monaste-

292 3835 468 3904 rium,
499 3835 654 3909 quod
682 3835 838 3909 prius
875 3836 949 3890 ad
978 3834 1078 3890 Dei
1107 3834 1392 3890 honorem
1425 3849 1490 3887 ac
1512 3832 1566 3888 S.
1596 3832 1748 3887 Petri
1761 3848 1898 3902 apo-

292 3925 572 3981 stolarum
599 3923 874 3998 principis
925 3926 1186 3996 tempore
1241 3921 1397 3992 regis
1440 3919 1774 3975 Theodorici
1827 3921 1900 3975 ab

295 4014 537 4070 Abbone
553 4013 787 4088 patritio
809 4012 914 4068 fuit
955 4027 1135 4084 prope
1167 4012 1336 4080 Alpes
1361 4009 1420 4064 in
1457 4011 1581 4063 loco
1603 4008 1898 4063 Novalesio

303 4103 640 4173 nuncupata
666 4099 1036 4168 aedificatum,
1069 4102 1126 4154 et
1158 4097 1527 4170 postmodum
1557 4095 1900 4151 imminente

297 4191 753 4246 Sarracenorum
799 4186 1199 4259 persecutione
1245 4185 1433 4241 studio
1463 4185 1756 4241 Adalberti
1783 4186 1899 4240 Deo

301 4277 497 4334 devoti
525 4274 878 4331 marchionis
899 4276 1243 4330 translatum
1264 4279 1370 4345 est,
1392 4275 1630 4330 collecta
1653 4291 1897 4346 congre-

291 4366 526 4441 gatione
543 4365 795 4420 fratrum
815 4363 1172 4452 regularium
1198 4365 1271 4420 ad
1298 4365 1573 4439 oppidum
1595 4366 1751 4438 quod
1771 4366 1897 4421 Bre.
1919 4390 1976 4452 D

289 4457 516 4512 metum
532 4453 743 4510 dicitur
758 4451 1072 4525 privilegiis
1091 4456 1302 4510 nostrae
1325 4453 1382 4510 S.
1406 4453 1557 4509 sedis
1571 4454 1900 4526 apostolicae

290 4544 656 4604 roboratum.
686 4541 945 4606 Quorum
999 4541 1107 4614 piis
1158 4542 1455 4598 desideriis
1509 4543 1768 4598 faventes
1794 4545 1899 4600 hac

291 4634 494 4692 nostra
513 4630 857 4691 auctoritate
883 4629 943 4687 id
963 4631 1118 4704 quod
1142 4633 1494 4704 postulatum
1526 4635 1610 4686 est
1635 4634 1898 4688 concedi-

289 4737 440 4778 mus.
455 4721 525 4777 Et
544 4719 674 4776 ideo
699 4719 968 4776 omnibus
984 4719 1288 4791 cujuslibet
1315 4719 1566 4776 ecclesiae
1587 4721 1898 4776 sacerdoti-

289 4810 398 4868 bus
441 4808 762 4883 quamlibet
802 4807 1081 4865 ditionem
1107 4809 1345 4876 habere,
1366 4809 1452 4863 vel
1476 4808 1778 4863 missarum
1808 4826 1896 4864 so-

289 4897 510 4959 lemnia
534 4896 753 4955 ibidem
783 4897 1077 4954 celebrare
1120 4897 1517 4969 prohibemus,
1556 4896 1664 4951 nisi
1695 4899 1767 4952 ab
1797 4897 1895 4952 ab-

295 4986 430 5046 bate
461 4985 637 5059 ipsius
679 4984 791 5040 loci
821 4985 1090 5041 invitatus
1117 4984 1312 5053 fuerit,
1363 4987 1462 5040 sed
1509 5002 1615 5040 nec
1641 4985 1894 5057 aliquam

291 5073 722 5131 ordinationem
749 5073 836 5132 vel
858 5073 1352 5129 consecrationem
1391 5073 1506 5129 illic
1539 5074 1728 5129 facere
1757 5091 1898 5145 pra}-

287 5163 498 5220 aumat.
535 5161 960 5220 Confirmamus
1011 5160 1186 5218 etiam
1237 5161 1426 5218 eidem
1453 5162 1804 5218 monasterio
1833 5165 1890 5218 Β.

286 5250 442 5311 Petri
462 5249 710 5327 apostoli
739 5265 943 5308 omnes
995 5265 1089 5307 res
1141 5252 1200 5306 et
1231 5249 1618 5324 possessiones
1661 5267 1789 5322 quae
1823 5251 1895 5307 ab

288 5336 456 5397 initio
484 5337 844 5397 fundationis
858 5354 974 5394 suae
995 5338 1149 5412 apud
1167 5337 1527 5395 Novalesium
1539 5338 1896 5410 supradictus

287 5425 374 5486 Vir
399 5424 909 5486 excellentissimus
939 5428 999 5481 et
1047 5425 1559 5482 Christianissimus
1598 5427 1760 5482 Abbo
1791 5443 1896 5502 per

287 5514 628 5574 testamenti
650 5513 951 5590 paginam,
977 5513 1092 5571 sive
1119 5515 1264 5570 citra
1290 5513 1529 5571 viventis
1559 5515 1794 5572 tradidit
1836 5518 1894 5570 et

231 5705 254 5738 .
291 5653 447 5738 -.(³)
471 5653 866 5738 Βςὲιξωρηειιιε
897 5655 977 5737 .V-
1019 5657 1112 5738 υς,
1145 5655 1241 5730 qui
1293 5658 1443 5738 hanc
1469 5657 1688 5738 bullas;
1707 5657 1768 5714 in
1798 5675 1888 5713 ar-

527 5723 694 5799 tabat
743 5723 1081 5784 Taurineasi
1099 5720 1373 5798 'e'x'cussit,
1428 5744 1563 5785 eum
1602 5727 1678 5788 sit
1712 5744 1888 5788 manu

246 5965 344 6023 Ἧι,

2009 3244 2151 3282 num
2189 3245 2319 3283 cum
2354 3229 2625 3285 omnibus
2675 3229 2787 3285 suis
2839 3228 3226 3302 pertinentiis,
3257 3245 3388 3285 cum
3413 3229 3625 3301 portis,

2007 3316 2280 3388 ripaticis,
2317 3321 2425 3372 etc.
2460 3318 2516 3372 Si
2547 3318 2672 3390 quis
2703 3321 2920 3384 autem,
2951 3321 3062 3372 etc.

2079 3404 2367 3478 Scriptum
2401 3422 2505 3476 per
2531 3423 2739 3461 manus
2770 3406 2973 3461 Leonis
2987 3405 3197 3461 notarii
3221 3404 3536 3476 regionarii
3562 3410 3628 3461 et.

2005 3494 2266 3549 scrinarii
2297 3496 2355 3552 S.
2381 3496 2444 3549 Β.
2464 3498 2547 3561 Ε.,
2570 3495 2625 3550 in
2657 3512 2856 3550 mense
2885 3494 3195 3550 Februario
3223 3496 3283 3548 et
3304 3494 3622 3561 indict.xu,

2005 3599 2183 3649 anno,
2211 3585 2328 3639 Deo
2362 3585 2634 3657 propitio,
2663 3584 3029 3655 pontiﬁcatus
3061 3583 3282 3638 domini
3321 3582 3622 3638 Benedicti

2003 3672 2214 3726 summi
2242 3673 2532 3744 pontificis
2551 3676 2610 3726 et
2637 3671 2974 3726 universalis
3002 3672 3118 3726 Vill
3149 3687 3314 3743 papas
3341 3670 3400 3724 in
3428 3687 3622 3727 sacra-

2002 3759 2220 3814 tissima
2267 3762 2399 3815 sede
2441 3763 2500 3815 Β.
2543 3761 2695 3816 Petri
2749 3759 2992 3832 apostoli
3047 3777 3107 3825 ιι,
3162 3759 3490 3830 imperante
3543 3762 3618 3816 D.

2001 3847 2264 3902 Heinrico
2293 3865 2326 3903 a
2351 3851 2466 3904 Deo
2493 3853 2769 3904 coronato
2791 3864 3006 3920 magno
3023 3847 3376 3919 imperatore
3396 3863 3556 3904 anno
3571 3867 3617 3916 ι,

1997 3937 2058 3993 in
2083 3953 2282 3992 mense
2307 3942 2365 3991 et
2381 3937 2578 3992 indict.
2605 3938 2990 4011 suprascripta
3013 3955 3111 3993 xu.

2072 4027 2225 4080 Bene
2248 4027 2451 4082 valete.

2770 4117 2813 4172 X

2001 4202 2353 4274 Prioilegium
2402 4200 2698 4330 Benedith7
2745 4158 2904 4286 ιζ’ἲῙῙ
2919 4275 2931 4286 _
2951 4221 3106 4276 papae
3143 4221 3244 4276 pro
3286 4206 3612 4259 monasterio

2699 4291 2949 4330 asmenst.

2699 4291 2949 4331 asmenst.

2600 4364 2794 4435 (Anno
2827 4364 3002 4432 1014).

1997 4453 2069 4522 [1.
2116 4454 2294 4520 Tosrr,
2342 4452 2527 4508 Storia
2565 4453 2704 4508 della
2748 4452 2906 4507 badia
2955 4451 3169 4518 Casin.,
3215 4456 3256 4508 t.
3291 4454 3332 4520 Ι,
3366 4471 3421 4524 p.
3459 4455 3617 4524 246}.

2071 4542 2404 4596 BENEDICTL‘S
2429 4540 2746 4612 episcopus,
2778 4557 2972 4596 servus
2996 4557 3290 4596 servorum
3321 4541 3442 4607 Dei,
3478 4541 3614 4596 cha-

1998 4628 2222 4685 rissima
2262 4629 2322 4684 in
2369 4631 2620 4685 Domino
2673 4630 2802 4684 Jesu
2837 4629 3058 4684 Christo
3110 4629 3227 4685 ﬁlio
3279 4632 3616 4686 ATHENULPO

1999 4717 2660 4789 venerabilietreligioso
2679 4717 2872 4772 abbati
2889 4717 3252 4773 sacratissimi
3270 4718 3612 4773 monasterii

1998 4806 2155 4862 Beati
2174 4807 2463 4862 Benedicti
2490 4805 2832 4861 confessoris
2861 4805 3090 4874 Christi,
3132 4807 3226 4861 siti
3277 4807 3335 4860 in
3395 4822 3614 4861 mona-

1997 4895 2170 4950 sterio
2195 4898 2438 4964 [monte]
2474 4895 2567 4966 qui
2606 4898 2845 4949 vocatur
2890 4894 3102 4962 Casini,
3137 4898 3365 4967 tumque
3391 4899 3611 4951 sanctae

1999 4983 2437 5054 congregationi
2464 4983 2997 5055 successoribusque
3023 4983 3134 5038 tuis
3155 4984 3214 5038 in
3237 4987 3606 5057 perpetuum.

2069 5072 2349 5126 Convenit
2374 5071 2687 5144 apostolico
2737 5071 3124 5127 moderamini
3169 5072 3265 5142 pia
3319 5071 3611 5144 religione

1997 5160 2344 5234 pollentibus
2382 5161 2662 5215 benevola
2717 5161 3115 5232 compassioue
3155 5177 3509 5227 succurrere,
3551 5167 3614 5217 et

1998 5247 2356 5320 poscentium
2379 5247 2556 5305 animi
2574 5248 2745 5304 alacri
2762 5247 3068 5306 devotione
3090 5248 3390 5322 impertire
3408 5249 3614 5306 suifra-

1996 5338 2175 5407 gium.
2210 5338 2365 5392 Tunc
2406 5335 2565 5393 enim
2621 5335 2764 5391 lucri
2812 5336 3176 5408 potissimum
3229 5338 3542 5409 praemium
3575 5357 3613 5395 a

1995 5426 2294 5482 conditore
2311 5426 2576 5481 omnium
2589 5424 2834 5480 Domino
2862 5426 2988 5480 sine
3010 5426 3186 5482 dubio
3199 5443 3613 5499 promeremur

1991 5514 2038 5570 si
2070 5514 2419 5571 venerabilia
2446 5517 2780 5570 sanctorum
2811 5514 2937 5571 loca
2967 5515 3185 5587 optime
3215 5515 3509 5585 ordinata,
3552 5523 3614 5573 et

1989 5674 2210 5732 sinam
2242 5659 2494 5732 exarata,
2524 5672 2653 5732 eam
2681 5659 2780 5712 aut
2809 5656 3217 5732 transcriptum
3247 5660 3349 5714 aut
3377 5657 3615 5718 simula-

1955 5730 2111 5788 ‘tam
2131 5744 2254 5788 esse
2280 5730 2498 5787 censet.
2527 5729 2724 5786 Iura.
