3888 6218
285 416 305 476 1
319 420 419 480 595

1544 415 1907 473 BENEDICTI
1942 412 2062 469 VIII
2105 412 2308 473 PAPJE

3483 421 3504 478 1
3515 421 3630 479 596

278 541 338 596 et
366 535 667 596 scriniarii.
699 538 844 595 Data
873 539 1042 596 tertio
1088 539 1219 594 Idus
1265 537 1448 594 Martii
1491 554 1595 610 per
1641 553 1881 592 manum
1904 539 1960 598 Α
1988 535 2222 591 Domini
2241 534 2422 590 nostri
2438 536 2568 591 Jesu
2590 531 2819 602 Christi,
2841 534 3058 590 aterno
3075 532 3211 606 igne
3233 551 3622 594 concreman-

279 626 479 682 domui
511 628 918 684 Grambosonis
947 627 1195 698 episcopi
1225 631 1280 682 et
1307 627 1724 682 bibliothecarii
1754 643 1887 680 san-

275 719 382 769 cta
394 717 718 788 apostolica
733 717 899 783 sedis,
915 734 985 771 an
995 734 1092 778 uo,
1105 717 1221 770 Deo
1236 715 1508 786 propitio,
1525 715 1888 788 pontificatus

280 803 484 858 domui
515 805 806 859 Benedicti
837 804 1176 859 sanctissimi
1209 804 1388 858 octavi
1421 821 1607 876 papa,
1653 803 1887 858 sedente

280 910 434 948 anno
472 895 744 960 secundo,
777 892 1090 950 indictione
1122 893 1464 948 duodecima
1481 909 1677 947 mense
1707 891 1888 948 Martii

282 981 372 1037 die
404 981 764 1038 duodecima.

1039 1077 1103 1130 XI

380 1160 664 1218 Benedicti
700 1161 843 1217 VIII
875 1117 1402 1236 papa‘g'ivilegium
1419 1180 1523 1235 pro
1552 1161 1792 1217 Ecclesia

875 1237 1322 1291 Padcrbornensi.

930 1251 1322 1290 adcroornensz.

879 1326 1067 1390 (Anno
1101 1326 1278 1397 1014).

387 1411 680 1482 [SCHATI-2N,
711 1412 918 1467 Annal.
950 1413 1277 1470 Paderborn.
1313 1417 1455 1468 tom.
1491 1414 1533 1480 Ι,
1567 1430 1622 1484 p.
1645 1412 1795 1481 407.]

351 1500 683 1555 BENEDICTUS
714 1501 1031 1574 episcopus,
1082 1519 1274 1556 servus
1329 1518 1624 1558 servorum
1653 1499 1772 1564 Dei,
1807 1499 1890 1553 di-

281 1587 428 1642 lecto
461 1588 519 1642 in
552 1589 798 1644 Domino
825 1590 942 1644 filio
963 1591 1263 1645 meeaco
1291 1589 1600 1645 venerabili
1626 1589 1892 1661 episcopo

286 1678 846 1734 Patherbrunueusis
885 1680 1167 1748 Ecclesia,
1212 1680 1439 1752 suisque
1478 1679 1892 1735 successoribus

285 1765 342 1820 iu
369 1771 734 1837 perpetuum.

358 1855 739 1924 Desiderium,
764 1859 919 1929 quod
954 1860 1027 1913 ad
1058 1859 1392 1931 religiosum
1425 1858 1806 1930 propositum,
1839 1860 1895 1910 et
1916 1867 1965 1924 Β

289 1948 621 1999 sanctorum
678 1947 940 2001 locorum
969 1948 1340 2003 stabilitatem
1379 1947 1668 2020 pertinere
1701 1963 1898 2000 mons-

292 2034 498 2100 tratur,
543 2033 664 2088 sine
693 2035 884 2106 aliqua
910 2039 1126 2102 nostra,
1174 2038 1287 2092 Deo
1329 2041 1582 2101 auctore,
1624 2034 1896 2089 dilatione

287 2122 726 2194 perliciendum,
778 2127 835 2177 et
874 2125 1097 2197 quoties
1127 2125 1186 2179 in
1234 2125 1576 2197 quibusdam
1606 2126 1727 2195 ejus
1749 2123 1896 2178 utili-

283 2210 496 2266 tatibus
557 2216 818 2267 uostrum
874 2230 1167 2268 assensum
1221 2217 1279 2269 et
1327 2215 1505 2268 solita
1573 2213 1897 2285 apostolica

285 2300 643 2355 auctoritatis
693 2302 945 2373 exposcit
967 2303 1317 2374 prasidium,
1339 2304 1394 2356 id
1414 2305 1623 2358 nostrae
1642 2302 1902 2372 benigni-

287 2390 417 2444 tatis
461 2389 670 2444 intuitu
703 2409 806 2447 nos
853 2391 1118 2447 convenit
1180 2392 1500 2458 subvenire,
1561 2394 1618 2446 et
1657 2391 1763 2446 rati
1797 2407 1901 2461 pro

288 2477 516 2551 integra
544 2480 848 2535 securitate
880 2497 945 2534 ex
972 2481 1196 2536 ratione
1244 2481 1510 2547 solidare,
1568 2484 1628 2534 ut
1686 2496 1752 2534 ex
1796 2479 1906 2532 hoc

288 2567 422 2638 ipsis
463 2568 883 2624 venerabilibus
929 2569 1066 2623 locis
1118 2569 1266 2622 salus
1295 2572 1353 2623 et
1397 2567 1746 2622 indemnitas
1772 2583 1904 2637 pro-

291 2656 540 2727 ﬂigetur,
560 2661 617 2710 et
635 2657 799 2711 nobis
819 2675 1046 2729 quoque
1069 2658 1210 2711 lucri
1225 2658 1582 2729 potissimum
1599 2655 1906 2726 praemium

293 2761 326 2798 a
358 2744 668 2798 Conditore
701 2745 964 2799 omnium
999 2747 1113 2800 Deo
1145 2746 1204 2799 in
1237 2745 1469 2800 sidereis
1511 2743 1735 2798 arcibus
1761 2760 1906 2816 pra-

303 2831 602 2887 scribatur.
639 2832 816 2904 Igitur
854 2833 987 2907 quia
1017 2834 1342 2904 postulastis
1371 2850 1404 2886 a
1435 2833 1600 2886 uobis
1629 2836 1910 2904 quatenus

296 2921 780 2977 conﬁrmaremus
803 2926 861 2976 et
911 2922 1221 2994 apostolica
1273 2922 1610 2976 auctoritate
1636 2921 1908 2976 corrobo-

296 3027 560 3066 raremus
589 3015 700 3066 tua
734 3011 994 3067 Ecclesia
1021 3012 1241 3083 tibique
1257 3015 1314 3066 et
1357 3011 1772 3066 successoribus
1799 3011 1910 3066 tuis

297 3118 542 3174 quaque
580 3118 686 3171 pro
725 3101 1126 3173 redemptione
1177 3101 1506 3156 animarum
1555 3118 1788 3156 suarum
1839 3102 1910 3156 ab

1989 625 2148 680 dum.
2170 624 2468 697 Simulque
2490 625 2626 679 etin
2647 624 2923 695 voragine
2936 627 3302 697 tartareoque
3322 627 3497 682 chaos
3520 628 3625 682 de-

1988 731 2210 768 mersus
2241 730 2370 768 cum
2405 713 2596 784 impiis
2623 712 2870 768 deﬁciat.
2933 713 3039 777 Qui
3091 730 3224 768 vero
3275 715 3371 786 pio
3400 715 3625 771 intuitu

1989 803 2271 869 custodes,
2294 806 2351 856 et
2381 803 2775 857 observatores
2822 802 2992 872 hujus
3045 805 3257 857 nostra
3302 804 3621 859 salutifera

1987 892 2390 963 praceptionis
2423 890 2765 957 exstiterint,
2796 889 3218 945 benedictionis
3245 892 3491 960 gratiam
3506 909 3625 948 cae-

1990 980 2257 1052 l'estisque
2290 979 2706 1046 retributionis,
2741 996 2804 1032 ac
2845 982 3064 1032 aterua
3110 979 3321 1049 gaudia
3365 979 3439 1034 ab
3485 981 3619 1052 ipso

1981 1069 2173 1139 judice
2207 1068 2454 1124 Domino
2487 1069 2602 1122 Deo
2643 1070 2842 1122 nostro
2873 1067 3146 1138 consequi
3179 1070 3535 1123 mereantur.

2061 1157 2353 1228 Scriptum
2382 1173 2484 1227 per
2514 1172 2721 1210 manus
2751 1154 3042 1209 Benedicti
3069 1155 3274 1210 notarii
3302 1159 3358 1210 et
3374 1155 3622 1211 scrinia-

1990 1248 2062 1303 rii
2088 1249 2299 1301 sancta
2334 1247 2604 1301 Romana
2638 1244 2902 1300 Ecclesia
2923 1243 2982 1298 in
3000 1260 3198 1299 mense
3215 1243 3439 1312 Martio,
3467 1243 3625 1300 indi-

1997 1337 2185 1392 ctione
2215 1353 2312 1389 xu.

2065 1427 2217 1479 Bene
2249 1424 2450 1478 valete.

2751 1512 2861 1566 XII.

1994 1602 2316 1658 Benedictus
2336 1619 2483 1674 papa
2525 1600 2681 1657 VIII
2699 1600 2969 1654 castellum
3003 1598 3407 1655 Buccinianum
3443 1618 3624 1672 nuper

2061 1711 2094 1744 a
2119 1709 2171 1745 se
2196 1696 2561 1761 recuperatum
2585 1691 2898 1744 monaslerio
2939 1687 3196 1759 Far/ensi
3229 1690 3536 1757 conﬁrmat.

2594 1779 2786 1848 (Anno
2821 1776 3003 1849 1014.)

2245 1871 2570 1940 [ΜΗΒΑΤΟΒΙ,
2611 1867 2809 1938 Script.
2839 1866 2995 1932 Ital.,
3030 1867 3178 1933 11,11,
3211 1867 3358 1926 518.]

2071 1964 2407 2016 BENEDICTUS
2437 1957 2754 2030 episcopus,
2787 1971 2976 2010 servus
3010 1973 3311 2011 servorum
3342 1957 3465 2011 Dei.

2070 2049 2348 2104 Convenit
2383 2045 2694 2118 apostolico
2722 2045 3144 2110 moderamine,
3167 2048 3274 2098 etc.
3301 2045 3482 2116 Igitur
3508 2061 3626 2101 uo-

2000 2143 2122 2193 tum
2155 2155 2274 2192 esse
2329 2138 2587 2190 volumus
2637 2133 2904 2188 omnibus
2949 2133 3212 2188 ﬁdelibus
3272 2136 3483 2189 sancta
3515 2135 3630 2190 Dei

2001 2227 2283 2293 Ecclesia},
2307 2223 2685 2298 prasentibus
2728 2222 2939 2276 scilicet
2969 2224 3140 2290 atque
3170 2223 3398 2285 futuris,
3435 2224 3631 2295 quali-

2003 2319 2088 2371 ter
2142 2332 2245 2368 uos
2294 2313 2484 2368 divino
2535 2328 2733 2366 amore
2795 2309 3059 2364 illustrati
3107 2311 3180 2364 ob
3233 2311 3631 2366 reverentiam

2002 2407 2212 2458 sancta
2242 2403 2340 2457 Dei
2369 2401 2668 2456 Genitricis
2697 2415 3038 2470 semperque
3070 2399 3307 2470 virginis
3331 2401 3544 2467 Maria,
3571 2406 3635 2455 et

1999 2483 2341 2564 petitionem
2365 2489 2761 2561 gloriosissimi
2785 2488 2883 2541 lilii
2905 2488 3083 2542 nostri
3100 2488 3464 2558 imperatoris
3479 2490 3639 2544 Heu-

2006 2581 2106 2635 rici
2137 2579 2354 2634 domini
2386 2578 2587 2644 nostri,
2621 2576 2870 2631 domina
2919 2576 3214 2630 Genitricis
3245 2576 3479 2648 virginis
3514 2579 3638 2632 Ma-

2007 2669 2105 2723 ria
2150 2666 2523 2735 monasterio,
2575 2666 2730 2737 quod
2781 2664 2986 2719 dicitur
3010 2665 3069 2719 iu
3102 2665 3389 2736 Pharpha,
3422 2668 3639 2721 castel-

2009 2761 2127 2813 lum
2159 2756 2588 2822 Bucciuianum,
2623 2754 2778 2826 quod
2809 2770 2992 2824 nuper
3031 2753 3319 2824 perditum
3352 2753 3634 2822 habebat,

2009 2843 2476 2917 reacquisivimus
2505 2843 2576 2898 ad
2610 2859 2751 2914 opus
2780 2844 2837 2896 et
2863 2842 3176 2897 utilitatem
3208 2841 3467 2912 pradicti
3498 2859 3640 2898 mo-

2009 2934 2242 2989 nasterii
2265 2933 2673 3005 perpetualiter
2702 2946 3167 3002 permansurum,
3192 2929 3366 2984 situm
3384 2929 3443 2984 iu
3461 2930 3637 2985 Sabi-

2011 3024 2174 3078 neusi
2199 3022 2474 3077 comitatu
2510 3020 2726 3075 Deinde
2754 3018 3008 3090 pradicti
3034 3018 3368 3073 monasterii
3392 3035 3641 3075 venera-

2009 3113 2138 3169 bilis
2168 3113 2328 3183 Ilugo
2360 3110 2536 3165 abbas
2551 3111 2806 3163 nostram
2829 3107 2970 3162 adiit
2989 3106 3389 3175 clementiam,
3413 3106 3642 3164 instau-

295 3189 763 3261 imperatoribus.
797 3190 911 3244 είνθ
964 3190 1214 3262 regibus,
1267 3191 1522 3258 duabus:
1583 3190 1909 3253 fomitibus:
1940 3187 1986 3246 C
2012 3200 2242 3255 tissimis
2259 3198 2521 3270 precibus
2544 3197 2854 3268 deposcens
2874 3197 3154 3266 quatenus
3175 3211 3280 3266 pro
3304 3195 3405 3249 Dei
3427 3211 3641 3252 amore

298 3279 387 3332 vel
421 3279 491 3333 ab
522 3279 789 3335 omnibus
816 3280 1042 3352 magnis
1091 3281 1391 3353 parvisque
1431 3280 1689 3353 personis
1721 3281 1914 3335 oblata

301 3371 453 3435 sunt,
486 3368 601 3424 sive
627 3374 1004 3434 commutata,
1056 3387 1156 3426 seu
1204 3371 1402 3426 omnia
1455 3388 1582 3441 qua
1612 3374 1674 3424 tu
1715 3371 1914 3424 ductus

299 3475 498 3513 amore
529 3458 630 3514 Dei
680 3459 750 3513 de
793 3460 1041 3532 propriis
1089 3460 1198 3514 tuis
1247 3461 1681 3515 hareditatibus
1722 3459 1912 3514 eidem

301 3549 615 3603 venerabili
674 3565 897 3621 sponsa
948 3552 1063 3604 tua
1111 3550 1399 3604 contulisti
1453 3549 1914 3622 perpetualiter;

304 3637 563 3693 inclinati
601 3639 864 3710 precibus
909 3639 1038 3706 tuis,
1071 3655 1175 3710 per
1204 3640 1372 3711 hujus
1403 3639 1681 3710 privilegii
1708 3638 1916 3693 seriem

306 3727 720 3783 conﬁrmamus
739 3732 796 3784 et
813 3731 1258 3784 corroboramus
1275 3730 1533 3785 Ecclesia
1548 3728 1918 3799 tua,tuisque

300 3817 720 3873 successoribus
741 3817 801 3873 iu
822 3821 1190 3890 perpetuum,
1207 3819 1405 3875 omnia
1429 3818 1644 3890 praedia
1661 3819 1813 3872 culta
1833 3818 1918 3871 vel

307 3906 543 3974 inculta,
573 3923 680 3962 nec
706 3925 823 3963 non
876 3909 1076 3963 omnia
1105 3926 1234 3980 qua
1280 3907 1331 3961 ei
1384 3924 1488 3980 pro
1518 3907 1919 3978 redemptione

303 3995 634 4051 animarum
661 4012 895 4052 suarum
937 3997 1008 4050 ab
1058 3996 1506 4068 imperatoribus
1555 3994 1919 4066 maximeque

304 4100 337 4139 a
370 4084 855 4140 Christianissimo
897 4087 954 4138 et
1003 4084 1368 4138 serenissimo
1400 4084 1750 4154 imperatore
1777 4085 1922 4140 Heu-

301 4173 418 4227 rico
463 4174 657 4229 oblata
705 4175 860 4239 sunt,
910 4172 1022 4227 sive
1087 4174 1145 4227 in
1205 4173 1592 4242 comitatibus,
1651 4192 1750 4229 seu
1803 4175 1926 4230 ubi-

302 4277 530 4332 cunque
569 4259 806 4328 fuerint,
857 4278 964 4316 uec
1007 4279 1124 4317 non
1177 4263 1374 4320 omnia
1417 4282 1544 4341 qua
1589 4283 1622 4320 a
1668 4265 1921 4337 regibus,

304 4348 561 4416 ducibus,
616 4348 943 4420 comitibus,
998 4353 1228 4423 magnis
1306 4353 1608 4427 parvisque
1664 4357 1924 4426 personis

299 4438 595 4512 jamdicta
643 4439 906 4495 Ecclesia
953 4441 1148 4496 oblata
1197 4444 1348 4498 sunt.
1406 4443 1705 4516 Similique
1748 4448 1921 4501 modo

2013 3289 2336 3344 etremedio
2358 3287 2617 3359 ejusdem
2635 3284 2974 3339 venerabilis
2986 3283 3321 3339 monasterii
3344 3300 3412 3338 ex
3433 3288 3648 3341 nostra

2013 3377 2599 3452 apostolicalargitate
2613 3374 2928 3429 concedere
2955 3373 3333 3445 diguaremur
3353 3374 3646 3445 placitum

2015 3472 2072 3522 et
2095 3467 2414 3522 districtum
2461 3465 2530 3518 de
2562 3479 2750 3516 massa
2803 3461 3148 3528 Bucciniani,
3205 3478 3332 3533 qua
3381 3466 3466 3516 est
3495 3465 3649 3518 ante

2019 3555 2174 3610 idem
2201 3555 2516 3619 castellum,
2568 3568 2700 3605 cum
2751 3549 3019 3604 omnibus
3049 3549 3416 3620 pertinentiis
3443 3549 3650 3605 eidem

2017 3660 2219 3700 massa
2247 3639 2668 3715 pertinentibus
2698 3641 2784 3693 vel
2806 3637 3222 3708 adjacentibus.
3255 3637 3428 3708 Cujus
3459 3639 3654 3708 preci-

2016 3735 2121 3788 bus
2142 3734 2484 3797 annuentes,
2509 3728 2700 3784 eidem
2721 3726 3032 3781 venerabili
3051 3726 3428 3794 monasterio,
3445 3743 3653 3798 supra-

2018 3822 2284 3893 dictoque
2316 3818 2531 3885 abbati,
2564 3817 2789 3888 suisque
2818 3816 3259 3881 successoribus,
3319 3832 3554 3870 necnon
3590 3819 3656 3871 et

2019 3913 2227 3972 sancta
2257 3904 2694 3978 congregationi
2717 3919 3012 3959 servorum
3044 3903 3143 3958 Dei
3175 3903 3395 3958 ibidem
3418 3904 3652 3976 degen-

2019 4001 2187 4067 tium,
2215 3997 2502 4071 pradicta
2522 4012 2723 4048 massa
2745 3992 3074 4048 Bucciniani
3097 3991 3422 4047 districtum
3444 3999 3504 4048 et
3519 3995 3654 4065 pla-

2019 4091 2194 4145 citum
2218 4104 2348 4142 cum
2382 4085 2649 4140 omnibus
2670 4083 2783 4136 suis
2799 4081 3159 4154 pertinentiis
3183 4081 3269 4135 vel
3303 4082 3656 4152 adjacentiis

2021 4195 2088 4233 ex
2115 4176 2378 4248 largitate
2403 4173 2554 4229 beati
2589 4171 2741 4226 Petri
2801 4168 3075 4240 principis
3133 4170 3561 4240 apostolorum,
3593 4175 3657 4226 et

2021 4271 2232 4322 sancta
2261 4262 2588 4335 apostolica
2609 4259 2777 4325 sedis,
2798 4259 2885 4329 cuj
2897 4275 2958 4312 us
2981 4258 3076 4328 jus
3107 4273 3228 4312 esse
3260 4257 3653 4328 dignoscitur,

2023 4359 2331 4425 nostraque
2355 4349 2664 4423 apostolica
2693 4346 3034 4401 auctoritate
3065 4344 3442 4400 concedimus
3467 4350 3655 4420 atque

2024 4444 2436 4499 conﬁrmamus
2465 4435 2874 4511 perpetualiter
2905 4449 3266 4499 mansurum,
3320 4435 3542 4489 scilicet
3591 4438 3659 4490 ut

299 4531 715 4586 conﬁrmamus
737 4545 805 4584 ea
836 4529 1034 4584 omnia
1064 4530 1190 4585 loca
1220 4547 1347 4602 qua
1397 4535 1460 4587 tu
1510 4532 1630 4605 ipse
1684 4550 1789 4605 pro
1838 4553 1924 4590 re-
1944 4553 1996 4612 D
2024 4531 2293 4588 monachi
2316 4527 2573 4600 praedicti
2607 4522 2941 4580 monasterii
2970 4520 3129 4576 omni
3161 4521 3221 4574 in
3247 4525 3515 4594 tempore
3542 4541 3657 4594 pro

301 4619 633 4691 demptione
664 4618 874 4674 anima
907 4621 1018 4674 tua
1050 4622 1108 4674 et
1152 4623 1460 4691 parentum
1516 4625 1749 4677 tuorum
1797 4623 1921 4694 jam

299 4707 465 4766 dicta
491 4710 604 4763 tua
629 4723 854 4781 sponsa
895 4707 968 4762 de
1020 4708 1269 4779 propriis
1319 4709 1750 4766 hareditatibus
1792 4728 1924 4768 cou-

300 4799 512 4868 tulisti;
541 4815 647 4854 nec
678 4815 797 4853 non
846 4814 914 4852 ea
944 4814 1073 4870 qua
1113 4798 1185 4854 ab
1244 4796 1527 4868 aliquibus
1564 4805 1921 4857 commutata

300 4893 454 4948 sunt.
496 4890 822 4945 Statuentes
870 4887 1186 4959 apostolica
1236 4902 1477 4942 censura
1524 4889 1627 4943 sub
1677 4891 1915 4946 anathe-

301 4979 473 5038 matis
497 4976 925 5043 interdictione,
960 4978 1020 5031 ut
1047 4975 1190 5030 nulli
1217 4993 1474 5049 unquam
1506 4994 1737 5050 magna
1787 4995 1920 5050 par-

303 5086 503 5143 vaque
529 5084 792 5140 persona
821 5066 992 5122 liceat
1049 5069 1251 5122 contra
1301 5067 1411 5121 hoc
1466 5071 1726 5122 nostrum
1781 5086 1922 5140 apo-

305 5159 573 5216 stolicum
617 5160 973 5230 praceptum
1027 5157 1325 5228 insurgere
1373 5157 1457 5212 vel
1511 5156 1820 5211 contraire.
1863 5157 1923 5212 Si

306 5249 433 5324 quis
453 5253 673 5316 autem,
689 5246 974 5321 quodnon
993 5249 1279 5316 optamus,
1303 5245 1612 5301 temerario
1635 5262 1772 5300 ausu
1786 5261 1926 5300 cou-

308 5343 396 5396 tra
417 5337 588 5410 hujus
613 5339 823 5392 nostra
846 5335 1248 5409 praceptionis
1265 5334 1592 5407 apostolica
1604 5333 1815 5390 seriem
1833 5336 1924 5408 pie

307 5444 341 5483 a
366 5424 533 5482 nobis
562 5425 991 5498 promulgatam
1033 5422 1228 5478 venire
1279 5438 1343 5475 ac
1398 5437 1570 5492 agere
1596 5423 1925 5492 tentaverit,

309 5515 452 5571 sciat
479 5530 539 5570 se
565 5513 795 5569 Domini
823 5511 1004 5569 nostri
1035 5511 1428 5584 apostolorum
1458 5511 1732 5583 principis
1775 5513 1927 5568 Petri

303 5601 699 5657 anathematis
728 5602 951 5657 vinculo
991 5600 1333 5656 iunodatum
1365 5603 1422 5654 et
1451 5617 1583 5654 cum
1613 5599 1841 5655 diabolo
1868 5605 1927 5657 et

2021 4621 2188 4678 nobis
2217 4620 2503 4673 delectent
2531 4616 2603 4670 ad
2634 4615 2815 4668 Deum
2837 4611 3077 4665 fundere
3100 4625 3316 4680 preces,
3347 4614 3405 4664 et
3436 4610 3666 4681 gloria-

2019 4711 2243 4767 sissima
2269 4708 2431 4779 virgo
2463 4705 2659 4768 Maria,
2701 4705 2832 4767 etc.,
2859 4699 2999 4753 sciat
3026 4715 3085 4753 se
3105 4699 3500 4754 anathematis
3525 4701 3662 4754 vin-

2019 4801 2146 4855 culo
2173 4797 2516 4854 iunodatum
2541 4809 2681 4858 esse,
2702 4794 2807 4846 eta
2831 4804 3015 4859 regno
3049 4787 3150 4842 Dei
3169 4787 3450 4842 alienum.
3487 4790 3666 4844 Insu-

2017 4905 2119 4962 per
2139 4891 2197 4942 et
2218 4884 2674 4955 compositurum
2697 4895 2754 4933 se
2777 4877 2916 4932 sciat
2941 4875 3064 4931 auri
3087 4875 3298 4946 optimi
3319 4875 3498 4931 libras
3516 4894 3664 4932 cen-

2019 4981 2165 5044 tum,
2197 4973 2571 5031 medietatem
2600 4969 2660 5023 in
2692 4967 3052 5022 sacrosancto
3082 4965 3459 5020 Lateraneusi
3492 4967 3666 5037 pala-

2023 5066 2126 5133 tio,
2162 5067 2218 5119 et
2235 5062 2608 5118 medietatem
2639 5057 2698 5111 iu
2725 5053 3047 5126 supradicto
3080 5054 3463 5108 monasterio.

2098 5155 2388 5224 Scriptum
2419 5167 2521 5223 per
2553 5164 2760 5203 manus
2786 5143 2936 5199 Petri
2982 5143 3288 5210 scriniarii,
3325 5143 3538 5197 notarii
3572 5148 3666 5198 at-

2027 5261 2139 5318 que
2168 5239 2484 5314 regionarii
2511 5239 2723 5292 sancta
2752 5235 3031 5289 Romana
3054 5232 3341 5298 Ecclesia,
3378 5232 3435 5286 iu
3460 5233 3665 5288 Mense

2029 5332 2292 5406 Augusti,
2327 5329 2528 5385 indict.
2561 5345 2656 5382 xu.

2105 5425 2256 5477 Bene
2285 5421 2488 5475 valete.

2105 5513 2230 5567 Dat.
2264 5527 2330 5563 xv
2368 5507 2492 5563 Kal.
2527 5503 2763 5576 Augusti
2790 5519 2893 5576 per
2939 5517 3182 5555 manum
3212 5499 3436 5555 domini
3464 5503 3663 5573 gratia

2031 5599 2267 5657 Bosonis
2293 5596 2480 5669 episeo
2488 5594 2542 5668 pi
2561 5597 2618 5648 et
2635 5589 3058 5648 bibliothecarii
3075 5592 3292 5644 sancta
3319 5589 3656 5660 apostolica

314 5689 437 5760 ejus
459 5687 823 5747 atrocissimis
846 5688 1095 5760 pompis,
1119 5691 1289 5762 atque
1315 5704 1446 5744 eum
1463 5689 1607 5742 Juda
1627 5688 1922 5760 proditore
2011 5690 2181 5754 sedis.
2205 5691 2396 5754 Anno,
2415 5687 2529 5740 Deo
2551 5682 2824 5757 propitio,
2853 5679 3225 5754 pontiﬁcatus
3249 5678 3652 5736 domuiBeue-
