3888 6218
238 453 258 511 i
271 452 374 510 597

1451 433 1808 495 EPISTOLIE
1842 433 1930 492 ET
1975 433 2295 490 DECRETA

3404 433 3540 492 I398

232 573 366 633 dicti
393 570 608 630 summi
635 567 922 644 pontificis
951 569 1009 626 et
1037 564 1370 624 universalis
1387 581 1552 639 papa
1583 561 1763 620 octavi
1781 561 1839 616 in
1859 557 1912 617 Α
1943 554 2563 628 ritatem,honorisquc
2581 552 2970 622 honestatem,
2990 551 3098 626 ipsi
3125 552 3546 610 Fructuariensi

242 664 627 722 sacratissima
655 662 788 717 sede
814 659 966 716 beati
999 659 1148 715 Petri
1180 656 1420 729 apostoli
1449 654 1838 723 tertio.lmpe-

231 757 398 811 rante
431 754 649 808 domno
677 750 917 807 Henrico
939 751 1103 804 aDeo
1126 750 1402 802 coronato
1425 761 1638 817 magno
1666 747 1722 798 et
1738 759 1839 814 pa-

235 845 399 901 cifico
431 843 802 916 imperatore,
837 857 990 894 anno
1019 840 1140 909 ejus
1171 837 1383 910 primo.

969 930 1101 982 XIII.

227 1019 477 1092 Synodus
501 1019 751 1092 Romana
805 1015 1074 1092 Benedich
1103 1013 1274 1092 YIJI,
1305 1016 1359 1066 in
1386 1030 1519 1092 __qua
1568 1010 1837 1066 Fructua-

515 1091 702 1145 riensz's
728 1088 946 1142 cwnobz'z'
963 1087 1305 1159 privz'lcgimn
1336 1084 1552 1138 editum.

831 1198 1023 1264 (Anno
1070 1193 1246 1263 1015.)

626 1287 844 1357 [ΜΑΝει,
897 1283 1100 1341 Concil.
1141 1282 1268 1347 XIX,
1302 1280 1447 1348 361.]

301 1379 365 1432 In
382 1376 621 1432 nomine
636 1377 845 1429 sancta
861 1366 1728 1426 etindividuaTrinitatis.Anno
1745 1365 1841 1436 qui

233 1468 603 1538 computatur
654 1464 724 1518 ab
768 1461 1163 1516 incarnatione
1219 1457 1450 1513 Domini
1489 1460 1642 1521 1015,
1690 1453 1843 1508 indi-

235 1554 428 1608 ctione
458 1570 555 1618 xn,
589 1551 874 1606 residente
902 1549 959 1602 in
988 1545 1206 1618 synodo
1241 1544 1478 1598 domino
1515 1546 1570 1596 et
1595 1541 1842 1612 glorioso

233 1659 385 1714 papa
396 1639 704 1694 Benedicto
721 1639 870 1691 intra
883 1636 1175 1690 basilicam
1191 1630 1764 1695 Lateranensem,adf
1766 1629 1847 1683 uit

235 1729 472 1802 quidem
505 1729 679 1782 abbas
699 1724 966 1780 Willelmi
994 1723 1252 1786 nomine,
1277 1720 1551 1792 quiddam
1576 1721 1847 1789 prastan-

237 1820 378 1874 dum
409 1817 686 1886 valdeque
716 1814 854 1869 utile
885 1830 918 1867 a
938 1815 1204 1866 materno
1237 1808 1569 1864 universalis
1585 1805 1843 1861 Ecclesia

231 1908 365 1962 sinu
395 1904 726 1976 suppliciter
754 1918 1087 1973 exposcens,
1115 1899 1376 1953 videlicet
1405 1900 1465 1951 ut
1496 1894 1845 1950 monasterio

1943 646 2317 713 monasterio,
2361 645 2586 717 suisque
2636 643 2952 699 rectoribus
2983 660 3087 715 per
3129 645 3290 697 tanta
3317 659 3380 698 ac
3409 642 3550 697 talia

1939 753 2207 790 concessa
2233 738 2364 789 sunt
2394 735 2760 788 testamenta.
2786 733 2921 796 Qua
2941 731 3268 803 quicunque
3288 747 3550 786 servave-

1939 825 2078 887 rint,
2106 822 2410 878 dilexerint
2431 826 2487 876 et
2510 821 2947 893 magniﬁcantes
2968 819 3552 891 auxerint,gaudeant

1940 930 2070 969 cum
2105 914 2185 967 eis
2216 929 2463 984 quorum
2496 909 2736 966 nomina
2763 909 2974 980 scripta
3001 911 3136 963 sunt
3158 909 3218 962 in
3241 909 3382 963 calo
3409 923 3421 961 :
3451 907 3550 980 qui

1941 1007 2135 1059 autem
2160 1000 2637 1072 contempserint,
2656 998 3035 1070 corruperint,
3059 1001 3117 1050 et
3137 1013 3242 1067 pro
3272 1013 3437 1068 posse
3455 996 3550 1050 de-

1939 1092 2201 1158 leverint,
2230 1092 2488 1157 caveant,
2521 1105 2594 1143 ne
2639 1091 2696 1141 et
2723 1087 2831 1159 ipsi
2861 1087 3162 1142 deleantur
3192 1086 3263 1140 de
3293 1086 3440 1141 libro
3465 1086 3546 1141 vi-

1940 1181 2220 1247 ventium,
2249 1183 2463 1232 etcum
2504 1176 2670 1248 justis
2707 1192 2825 1230 non
2866 1175 3188 1230 scribantur
3221 1191 3234 1228 :
3268 1175 3546 1246 quoniam

1941 1270 2049 1326 nisi
2082 1267 2430 1341 resipuerint
2459 1267 2531 1321 ab
2564 1267 2672 1320 hac
2702 1264 2974 1336 nequitia,
2999 1281 3032 1318 a
3056 1262 3274 1319 cunctis
3291 1263 3466 1318 etiam
3487 1282 3546 1319 se

1943 1358 2209 1415 noverint
2229 1354 2774 1411 excommunicatos.
2807 1353 3061 1418 Quorum
3077 1352 3168 1407 hic
3193 1352 3388 1407 subter
3414 1352 3548 1407 scri-

1942 1451 2039 1520 pta
2066 1448 2198 1500 sunt
2226 1445 2488 1500 nomina.

2014 1538 2134 1606 Ego
2163 1533 2502 1589 Benedictus
2528 1531 2585 1587 S.
2621 1532 2898 1585 Romana
2930 1527 3189 1583 Ecclesia
3208 1531 3435 1600 prasul.

2016 1627 2134 1696 Ego
2180 1622 2472 1678 Eribertus
2502 1623 2618 1693 [qui
2651 1627 2702 1674 et
2745 1619 3042 1674 Aribertus
3087 1622 3322 1682 vocatus]
3352 1621 3410 1674 S.
3441 1621 3546 1676 Me-

1944 1711 2293 1768 diolanensis
2317 1709 2799 1782 archiepiscopus.

2014 1803 2132 1871 Ego
2165 1800 2396 1854 Michael
2428 1797 2904 1869 archiepiscopus.

2017 1891 2131 1960 Ego
2171 1886 2530 1942 Theobaldus
2575 1888 2786 1940 sancta
2832 1885 3239 1941 Veliternensis
3289 1885 3548 1942 Ecclesia

237 1953 365 1962 """"
395 1953 716 1976 "'I'I'"""'
760 1953 1032 1973 '"f"""
1076 1953 1087 1966 1
2062 1953 2091 1960 ν

237 1991 678 2058 Fructuariensi,
699 1990 927 2063 quodin
951 1990 1235 2043 honorem
1259 1987 1379 2052 Dei,
1403 1989 1460 2039 et
1479 1983 1711 2040 Domini
1741 2001 1847 2038 no-
1872 1953 1923 2012 B
1941 1978 2260 2050 episcopus.

235 2085 336 2138 stri
365 2084 496 2136 Jesu
531 2080 762 2146 Christi,
799 2079 1033 2148 ejusque
1057 2077 1415 2129 intemerata
1447 2072 1761 2134 Genitricis,
1784 2072 1843 2125 in

225 2176 470 2247 paterno
491 2170 610 2224 solo
635 2170 1050 2232 construxerat,
1070 2163 1384 2235 apostolica
1407 2161 1842 2232 dignitasliber-

227 2261 357 2316 tatis
378 2258 717 2328 suffragium
738 2255 1052 2309 exhiberet.
1079 2252 1249 2323 Cujus
1276 2249 1541 2324 petitioni
1565 2250 1842 2303 Romana

228 2350 376 2405 sedis
397 2365 514 2402 non
533 2344 961 2400 contemnenda
982 2341 1303 2397 sublimitas
1319 2355 1611 2394 assensum
1631 2337 1840 2392 idcirco

226 2443 342 2493 tam
370 2436 644 2492 facillime
667 2433 933 2505 praebuit,
952 2432 1085 2503 quia
1101 2431 1406 2502 praefatum
1425 2425 1842 2482 monasterium

230 2527 286 2582 in
315 2528 542 2582 deserto
576 2525 724 2589 loco,
757 2523 910 2577 unde
942 2522 1129 2575 nullus
1159 2535 1415 2590 unquam
1436 2517 1731 2588 episcopus
1747 2513 1845 2568 ali-

228 2617 387 2687 cujus
418 2615 508 2669 vel
532 2613 770 2668 decima
799 2609 1088 2665 redditum
1120 2607 1374 2663 noscitur
1403 2605 1689 2670 habuisse,
1713 2604 1845 2658 fun-

232 2705 410 2770 davit,
444 2706 502 2757 et
527 2702 843 2773 apostolica
886 2699 1124 2770 regalia,
1159 2714 1386 2752 necnon
1424 2699 1481 2750 et
1524 2691 1848 2764 imperialia

239 2794 594 2848 testamenta
612 2788 929 2861 acquisivit,
947 2789 1167 2858 justum
1191 2790 1385 2840 votum
1401 2785 1737 2855 justumque
1767 2783 1846 2835 la-

239 2884 444 2939 borem
487 2880 579 2952 pie
613 2879 831 2933 cunctis
852 2876 1207 2948 juvantibus.
1235 2877 1521 2930 Praterea
1546 2873 1701 2927 idem
1731 2872 1852 2942 ipse

248 2967 638 3024 Warmundus
701 2966 1001 3036 episc0pus
1053 2961 1445 3034 Hipporiensis
1505 2963 1616 3034 [qui
1669 2960 1854 3019 melius

243 3056 667 3132 Eporediensis.
725 3054 834 3109 Sed
885 3070 996 3110 avo
1053 3053 1140 3106 illo
1194 3055 1268 3108 ita
1324 3053 1525 3119 locuti],
1578 3051 1636 3105 in
1694 3051 1852 3121 cujus

232 3145 509 3220 episcopii
567 3144 751 3199 limite
808 3143 964 3197 idem
1020 3143 1174 3196 locus
1223 3141 1359 3195 situs
1417 3157 1538 3194 esse
1601 3139 1849 3209 videtur,

2015 2068 2133 2137 Ego
2164 2067 2363 2120 Petrus
2397 2065 2606 2118 sancta
2640 2061 3109 2118 Pranestinensis
3138 2062 3398 2118 Ecclesia
3428 2061 3547 2134 epi-

1943 2172 2164 2226 scopus.

2017 2247 2135 2315 Ego
2161 2244 2317 2299 Cono
2349 2241 2635 2296 Perusina
2665 2241 2980 2314 episc0pus.

2020 2334 2137 2403 Ego
2167 2330 2456 2385 Arduinus
2483 2330 2995 2385 Monteferetranus
3021 2330 3338 2406 episcopus.

2018 2423 2137 2492 Ego
2162 2423 2365 2476 Petrus
2398 2419 2749 2474 Castellanus
2773 2420 3090 2492 episc0pus.

2035 2511 2154 2581 Ego
2190 2508 2397 2563 Emino
2430 2508 2727 2581 episcopus
2757 2507 3173 2563 Asculanensis.

2021 2600 2140 2669 Ego
2168 2598 2514 2652 Adelbertus
2545 2597 2842 2670 episcopus
2872 2598 3235 2669 Spoletanus.

2023 2688 2142 2758 Ego
2169 2687 2513 2741 Lambertus
2539 2686 2837 2758 episcopus
2869 2686 3334 2743 Polimartiensis.

2022 2778 2139 2848 Ego
2164 2777 2415 2830 Joannes
2433 2775 2728 2847 episcopus
2761 2776 3271 2848 Balneoregiensis.

2023 2866 2140 2936 Ego
2172 2864 2485 2920 Deusdedit
2528 2867 2738 2920 sancta
2787 2865 3049 2921 Ecclesia
3101 2865 3391 2924 Amerina
3441 2866 3559 2940 epi-

1947 2970 2171 3026 scopus.

2024 3046 2142 3114 Ego
2170 3038 2508 3099 Benedictus
2537 3044 2856 3115 episcopus.

2024 3135 2144 3205 Ego
2169 3134 2418 3189 Joannes
2445 3133 2821 3197 Quiesthomo
2852 3133 3169 3206 episc0pus.

231 3253 413 3292 manu
462 3233 695 3306 propria
740 3233 1011 3299 ﬁrmavit,
1053 3232 1358 3302 pluresque
1407 3231 1641 3284 firmare
1679 3245 1850 3300 roga-
1887 3245 1934 3306 ο
2027 3227 2144 3295 Ego
2177 3224 2502 3294 Stephanus
2523 3221 2854 3276 Narniensis
2887 3223 3148 3277 Ecclesia
3175 3223 3490 3296 episcopus.

231 3326 310 3380 vit
343 3324 647 3396 epiSCOpos
667 3324 1102 3388 testamentum,
1120 3321 1215 3375 ubi
1236 3318 1851 3374 excommunicationis

236 3416 452 3468 nostra
478 3409 799 3466 minamine
829 3409 1166 3481 prohibetur
1186 3407 1494 3462 temeraria
1510 3411 1850 3460 cunctorum

237 3499 552 3556 hominum
572 3497 831 3564 audacia,
849 3496 1113 3550 videlicet
1129 3512 1201 3549 ne
1222 3512 1336 3566 qua
1351 3495 1534 3565 regia,
1555 3493 1855 3565 episcopa-

228 3589 313 3654 lis,
349 3588 442 3642 vel
477 3586 799 3658 cujuspiam
833 3584 1214 3639 mundanivel
1246 3583 1608 3638 ecclesiastici
1637 3583 1854 3638 ordinis

239 3677 495 3751 dignitas
521 3677 728 3743 valeat,
751 3676 855 3730 sub
887 3675 1271 3745 qualicunque
1294 3673 1590 3728 occasione
1621 3675 1857 3728 sacula-

230 3766 304 3822 ris
331 3763 608 3830 ambitus,
630 3764 716 3818 vel
742 3761 1137 3817 ecclesiastica
1154 3760 1452 3833 religionis
1473 3760 1734 3823 obtentu,
1757 3762 1856 3816 ha-

249 3855 531 3910 bitatores
552 3852 704 3906 illius
732 3851 842 3906 loci
868 3852 982 3905 ullo
1013 3851 1189 3905 modo
1220 3850 1856 3922 inquietare.Undedo-

2024 3315 2141 3384 Ego
2172 3312 2474 3384 Gregorius
2495 3311 2792 3382 episcopus
2817 3311 2880 3363 N.

2024 3404 2143 3475 Ego
2165 3404 2413 3457 Joannes
2435 3403 2645 3454 sancta
2676 3398 2892 3453 Alinxa
2919 3397 3238 3471 episcopus.

2024 3493 2144 3564 Ego
2174 3493 2421 3546 Joannes
2450 3491 2660 3544 sancta
2683 3485 3008 3542 Tudertina
3048 3487 3300 3545 ecclesia
3338 3490 3559 3562 episco-

1955 3599 2078 3654 pus.

2027 3671 2144 3742 Ego
2173 3667 2529 3723 Crescentius
2574 3668 2784 3722 sancta
2812 3664 3195 3720 Phalaritana
3227 3666 3318 3738 [f.,
3360 3667 3563 3725 Calan-

1953 3758 2176 3822 ritana]
2208 3757 2466 3812 Ecclesia
2499 3755 2812 3828 episcopus.

2027 3850 2144 3921 Ego
2167 3847 2426 3902 Domnus
2453 3848 2663 3902 sancta
2694 3843 3038 3901 Sutrinensis
3061 3844 3324 3901 Ecclesia
3352 3845 3565 3919 episco-

237 3943 436 3998 minus
466 3939 828 3996 Benedictus
855 3939 1187 3994 universalis
1209 3939 1465 4011 pontifex
1484 3939 1555 3993 ad
1583 3938 1865 3994 conﬁrma
1953 3957 2080 4013 pus.

231 4032 458 4090 tionem
483 4033 975 4086 testamentorum
999 4027 1261 4082 omnium
1283 4029 1436 4082 unde
1456 4029 1836 4085 corroborata

241 4124 504 4178 estlocus
527 4121 647 4193 ipse
670 4117 1138 4185 Fructuariensis,
1163 4133 1323 4172 sacro
1357 4134 1458 4172 suo
1485 4135 1618 4172 eum
1643 4119 1834 4174 dotavi

229 4210 536 4285 privilegio
581 4227 592 4262 :
627 4208 863 4280 insuper
890 4208 1020 4274 hoc,
1044 4205 1133 4261 cui
1166 4205 1355 4261 omnis
1376 4207 1497 4260 haec
1518 4210 1714 4261 sancta
1729 4226 1833 4279 syn

234 4300 421 4356 nodus
451 4298 650 4353 favens
679 4296 1082 4363 subscriberet,
1108 4311 1347 4350 exarare
1374 4295 1652 4367 pracepit
1669 4296 1862 4352 decre-

237 4390 297 4442 tu
313 4405 397 4442 m.
431 4385 796 4441 Unanimiter
811 4401 950 4456 ergo
970 4385 1114 4439 tanti
1142 4383 1344 4450 Patris,
1371 4384 1700 4455 summique
1715 4401 1860 4456 pon-

235 4475 405 4531 tificis
435 4473 817 4530 libentissime
849 4476 1119 4545 parentes
1143 4472 1410 4544 imperio,
1453 4473 1836 4528 saluberrimo

2031 4030 2148 4099 Ego
2174 4031 2374 4084 Petrus
2403 4025 2910 4084 Centumcellensis
2938 4024 3200 4082 Ecclesia
3242 4024 3562 4098 episcopus.

2037 4119 2154 4188 Ego
2183 4118 2435 4172 Joannes
2461 4120 2672 4173 sancta
2703 4115 3009 4173 Suanensis
3047 4114 3308 4171 Ecclesia
3350 4115 3566 4189 episco-

2003 4223 2083 4262 us.

2003 4223 2083 4262 us.

1959 4223 1996 4278 Ρ
2032 4296 2150 4366 Ego
2180 4293 2508 4350 Heldericus
2529 4297 2916 4352 Urbevetanus
2943 4293 3260 4368 episcopus.

2031 4385 2148 4455 Ego
2180 4385 2320 4438 Boto
2352 4383 2668 4455 episcopus.

2040 4474 2158 4544 Ego
2185 4471 2460 4527 Henricus
2492 4473 2931 4546 Populoniensis
2963 4473 3280 4547 episcopus.

232 4582 344 4637 que
385 4563 508 4634 ejus
533 4526 894 4634 subjacentes
911 4561 1196 4617 desiderio
1320 4564 1460 4616 deest
1490 4563 1534 4617 si
1568 4563 1708 4635 qui],
1733 4579 1858 4618 cor-
1886 4526 1940 4586 D
2033 4526 2152 4632 Εὲο
2182 4560 2459 4630 Georgius
2487 4526 2916 4619 Assisinatensis
2945 4526 3261 4636 episcopus.

231 4670 504 4725 rumpere
523 4653 787 4707 nituntur
817 4655 992 4707 tanta
1029 4651 1385 4706 auctoritatis
1411 4652 1733 4724 privilegia,
1775 4655 1860 4708 at-

233 4760 347 4815 que
379 4743 591 4797 violare
623 4742 742 4809 illa,
779 4758 1136 4813 quacunque
1168 4742 1253 4795 vel
1283 4758 1317 4796 a
1347 4742 1715 4797 Guntardole
1736 4741 1836 4798 via

231 4834 322 4886 vel
355 4831 426 4886 ab
459 4830 760 4903 episcopis,
790 4834 888 4885 aut
912 4847 946 4885 a
977 4831 1209 4902 regibus
1239 4830 1346 4901 ipsi
1366 4834 1563 4885 sancto
1587 4807 1861 4887 Fructuaz

234 4920 411 4976 riensi
459 4919 720 4974 coenobio
772 4921 1002 4983 collata,
1044 4921 1131 4974 vel
1181 4919 1395 4974 fuerint
1448 4923 1800 4975 testamenta
1843 4935 1856 4974 :

234 5009 389 5083 ipsos
410 5009 770 5064 confidenter
803 5010 926 5063 hac
956 5011 1152 5063 sancta
1174 5009 1422 5080 synodus
1454 5009 1693 5064 ecclesia
1731 5026 1863 5081 per-

233 5098 446 5154 cutitin
464 5099 678 5169 gladio,
701 5101 898 5170 utpote
917 5099 1520 5170 contradicentesjura
1543 5099 1860 5170 majorum,

235 5191 592 5257 Patrumque
625 5185 884 5242 instituta
905 5190 1348 5243 contemnentes
1377 5193 1739 5256 sanctorum,
1763 5190 1862 5262 qui

234 5279 450 5332 sancta
472 5277 751 5331 Romana
770 5276 1030 5331 Ecclesia
1054 5277 1124 5329 ab
1158 5277 1278 5348 ipso
1302 5279 1699 5346 apostolorum
1719 5280 1865 5332 tem-

242 5381 383 5437 pore
416 5381 654 5420 omnem
679 5365 1070 5419 obedientiam
1094 5382 1126 5417 a
1152 5364 1370 5417 cunctis
1387 5364 1687 5420 ordinibus
1708 5366 1863 5420 exhi-

243 5454 496 5509 bendam
519 5454 643 5508 fore
674 5455 1072 5508 decreverunt.
1091 5452 1426 5523 Hujusmodi
1452 5452 1855 5509 armisinstru-

239 5545 334 5611 cti,
364 5542 979 5599 excommunicationis
994 5543 1183 5611 jacula
1217 5541 1273 5592 in
1307 5557 1406 5595 eos
1425 5543 1850 5612 retorquentes,

235 5633 534 5688 neminem
560 5647 961 5704 perversorum
981 5628 1375 5702 permittimus
1404 5629 1734 5696 immutare,
1759 5632 1846 5685 vel

235 5718 553 5794 infringere
585 5719 864 5792 quidquid
896 5720 968 5775 ad
1008 5719 1284 5791 quietem,
1317 5717 1662 5785 libertatem,
1696 5734 1849 5774 secu-

2033 4652 2151 4721 Ego
2179 4649 2540 4704 Theobaldus
2561 4655 2774 4708 sancta
2802 4652 3142 4708 Albanensis
3163 4648 3425 4708 Ecclesia
3456 4648 3571 4722 epi-

1961 4756 2182 4813 scopus.

2033 4831 2149 4901 Ego
2181 4825 2494 4898 Raynerius
2519 4828 2842 4883 Roselensis
2870 4829 3132 4886 Ecclesia
3160 4830 3476 4903 episcopus.

2031 4920 2152 4989 Ego
2182 4916 2517 4972 Lambertus
2547 4915 2930 4988 Lingonensis
2953 4919 3216 4975 Ecclesia
3247 4919 3566 4991 episcopus.

2034 5009 2151 5080 Ego
2193 5004 2528 5061 Benedictus
2559 5008 2770 5060 sancta
2801 5005 3138 5062 Castrieusis
3168 5008 3428 5065 Ecclesia
3453 5007 3572 5080 epi-

1962 5113 2184 5169 scopus.

2033 5188 2152 5259 Ego
2183 5188 2382 5242 Petrus
2409 5189 2618 5240 sancta
2649 5183 3014 5256 Pipernensis
3057 5185 3320 5241 Ecclesia
3351 5186 3570 5259 episco-

1963 5293 2085 5349 pus.

2038 5365 2154 5438 Ego
2183 5362 2522 5436 Lintulphus
2562 5363 2771 5417 sancta
2812 5357 3094 5414 Trivensis
3142 5359 3405 5415 Ecclesia
3447 5361 3570 5433 epi-

1960 5470 2184 5526 scopus.

2029 5545 2149 5614 Ego
2186 5541 2523 5597 Benedictus
2544 5540 2801 5598 Cerensis
2827 5536 3089 5595 Ecclesia
3121 5535 3440 5610 episcopus.

2037 5633 2158 5702 Ego
2193 5630 2549 5686 Crescentius
2579 5630 2872 5704 Nepesina
2897 5626 3160 5684 Ecclesia
3181 5625 3498 5701 episcopus.

2026 5718 2145 5786 Ego
2170 5717 2422 5772 Joannes
2453 5717 2787 5776 Sabinensis
2811 5715 3074 5774 Ecclesia
3100 5713 3422 5791 episcopus.
