3888 6218
331 461 468 520 1599
1581 446 1866 508 BENEDIC

2141 447 2349 508 ΡΑΡΛΕ
3528 461 3665 519 1600

411 581 533 653 Ego
566 577 855 634 Deodatus
874 572 1294 632 Terracinensis
1314 572 1572 628 Ecclesiae
1602 572 1918 644 episcopus.
1962 569 2021 633 Δ
2049 573 2238 641 nibus,
2271 591 2399 646 quae
2419 576 2559 631 ratae
2580 574 3062 650 rationabilesqne
3089 575 3378 648 videntur,
3401 593 3663 637 commo-

409 671 530 740 Ego
562 669 813 723 Joannes
839 666 1126 723 Fundanie
1157 661 1415 717 Ecclesiae
1447 662 1765 733 episcopus.
2057 662 2194 716 dare
2249 680 2562 719 assensum.
2614 665 2881 733 Proinde,
2925 665 3247 721 dulcissime
3289 667 3496 735 frater,
3531 669 3667 740 quia

398 760 521 830 Ego
566 757 848 812 Robertus
874 753 1166 824 Signensis
1192 751 1450 805 Ecclesiae
1483 750 1798 820 episcopus.
2050 752 2347 821 postulasti
2383 769 2416 807 a
2463 770 2556 808 me
2588 753 2668 807 uti
2705 754 2871 825 juxta
2898 771 3124 809 morem
3169 756 3662 826 praedecessorum

405 848 525 919 Ego
555 843 889 899 Benedictus
933 840 1270 895 Ferentinus
1313 838 1572 894 Ecclesize
1623 838 1938 908 episcopus.
2050 843 2280 894 tuorum
2317 858 2482 895 usum
2511 842 2610 896 tibi
2631 842 2786 913 pallii
2805 843 3545 910 concederemus,libenter
3566 850 3662 900 tuo

406 935 528 1006 Ego
560 932 887 1004 Sigefredus
923 928 1271 984 Placentina:
1313 927 1574 982 Ecclesia:
1623 925 1939 996 episcopus.
2045 932 2174 982 voto
2198 929 2530 995 annuimus,
2554 933 2793 985 solerter
2813 935 2972 986 tuam
2995 935 3444 987 commonentes
3463 933 3666 988 frater-

399 1023 518 1094 Ego
562 1019 890 1092 Baynaldus
919 1017 1233 1072 Ticinensis
1265 1016 1523 1070 Ecclesiae
1555 1014 1868 1086 episcopus.
2047 1015 2288 1071 nitatem
2322 1022 2383 1072 ut
2409 1018 2704 1073 exterioris
2747 1019 3072 1074 indumenti
3122 1020 3384 1076 habitum
3431 1039 3662 1077 morum

402 1114 523 1182 Ego
557 1107 927 1180 Landulphus
955 1104 1597 1160 TaurinensisEcclesim
1623 1102 1936 1174 episcopus.
2052 1105 2340 1174 probitate
2354 1109 2913 1180 exornes,talemque
2928 1108 3056 1162 tein
3075 1109 3345 1164 omnibus
3367 1110 3662 1175 exhibeas,

407 1201 524 1271 Ego
553 1196 827 1252 Henricus
851 1193 1249 1250 Parmensium
1271 1194 1585 1265 episcopus.
2047 1195 2109 1245 ut
2163 1194 2393 1248 creditae
2439 1195 2882 1266 dispensationis
2923 1196 3174 1250 ofﬁcium
3217 1197 3495 1268 pastorali
3530 1213 3666 1251 cura

398 1289 516 1358 Ego
549 1283 920 1341 Dertonensis
945 1283 1208 1337 Ecclesia:
1234 1282 1549 1356 episcopus.
2047 1297 2276 1353 semper
2306 1282 2708 1338 administrare
2740 1285 2966 1339 studeas
2997 1301 3009 1338 :
3043 1288 3178 1340 tunc
3207 1285 3368 1340 enim
3398 1285 3558 1339 velut
3581 1286 3665 1339 lu-

398 1377 518 1446 Ego
551 1376 800 1429 Joannes
827 1373 1145 1445 presbyter,
1179 1374 1237 1425 et
1269 1369 1576 1425 cardinalis
1619 1369 1767 1425 tituli
1800 1369 1941 1424 San-
2050 1386 2245 1432 cerua,
2274 1387 2400 1441 quae
2431 1370 2490 1424 in
2523 1371 2696 1426 domo
2726 1373 2960 1426 Domini
2987 1373 3155 1439 lucet,
3179 1373 3399 1428 cunctis
3419 1389 3664 1444 appare-

325 1467 433 1519 οιεε
463 1464 761 1518 Suganme,
2047 1459 2132 1513 bis
2164 1459 2524 1530 conspicuus,
2552 1461 2620 1526 si,
2654 1460 2734 1515 uti
2771 1461 3042 1516 exteriori
3067 1462 3287 1527 habitu,
3319 1463 3402 1517 ita
3423 1466 3483 1517 et
3514 1464 3666 1517 inte-

394 1554 518 1622 Ego
551 1548 919 1619 Landulphus
950 1545 1262 1602 Genuensis
1311 1546 1575 1601 Ecclesia:
1625 1546 1941 1619 episcopus.
2045 1547 2220 1613 r'iore,
2253 1548 2426 1602 fueris
2455 1549 2801 1616 adornatus;
2834 1566 3063 1604 crucem
3097 1550 3325 1618 Christi,
3351 1568 3532 1622 quam
3562 1552 3667 1606 sub

399 1641 518 1711 Ego
545 1639 870 1710 Stephanus
901 1636 1198 1708 presbyter
1241 1635 1547 1688 cardinalis
1584 1634 1732 1690 tituli
1800 1636 1942 1690 San-
2048 1637 2204 1710 pallii
2231 1638 2418 1710 specie
2441 1642 2625 1709 gestas
2644 1639 2700 1693 in
2725 1656 2984 1712 corpore.
3011 1640 3166 1694 intus
3187 1641 3511 1696 decreveris
3533 1658 3666 1713 por-

328 1731 434 1783 ctae
465 1726 723 1781 Caeciliae.
2047 1729 2169 1780 tare
2193 1726 2253 1780 in
2275 1730 2490 1789 mente,
2514 1728 2773 1782 clamans
2793 1745 2926 1782 cum
2947 1731 3218 1800 Apostolo
3245 1747 3258 1784 :
3289 1752 3317 1780 «
3341 1729 3476 1784 Mihi
3502 1746 3668 1784 mun-

399 1817 516 1886 Ego
544 1814 842 1885 presbyter
872 1815 1071 1866 Petrus
1107 1814 1164 1864 et
1205 1810 1512 1866 cardinalis
1567 1811 1715 1866 tituli
1749 1813 1943 1868 Sancti
1966 1865 2017 1888 n
2049 1814 2152 1867 dus
2171 1815 2661 1880 crucifixusest,et
2680 1833 2788 1886 ego
2804 1818 3089 1884 mundo;»
3106 1817 3507 1873 desideranter
3524 1835 3666 1888 quo-

327 1865 510 1962 δίιᾶῖξ
875 1865 890 1866 ί
1499 1865 1503 1866 ί
1929 1865 2018 1926 SB
2053 1865 2401 1972 aggeri;
2414 1865 3047 1975 ;aa.;.;'p}:;.i;.1;:'.:
3071 1865 3513 1976 ρῦἶξόέέἓῖεζιῖίέ
3527 1865 3669 1959 21}-

396 1995 514 2064 Ego
544 1993 794 2046 Joannes
824 1991 1120 2062 presbyter
1150 1992 1207 2044 et
1227 1989 1537 2044 cardinalis
1559 1989 1601 2043 ti
1627 1988 1728 2044 tuli
1752 1989 1945 2044 Sancti
2054 2007 2218 2046 more
2250 1996 2346 2046 tuo
2379 2008 2580 2047 carnes
2602 2010 2829 2047 meas.»
2865 1993 3068 2048 Debita
3095 1994 3273 2065 igitur
3296 1994 3583 2048 charitate
3613 1998 3668 2048 te

325 2080 591 2136 Marcelli.
2058 2081 2464 2146 admonentes,
2493 2081 2564 2135 ab
2591 2083 2905 2151 apostolica
2929 2083 3062 2136 sede
3090 2083 3326 2154 pallium
3360 2083 3466 2139 tibi
3489 2086 3670 2136 trans-

398 2171 516 2240 Ego
545 2171 744 2224 Petrus
792 2168 1089 2240 presbyter
1119 2170 1176 2221 et
1202 2167 1507 2222 cardinalis
1554 2166 1701 2221 tituli
1748 2165 1942 2222 Sancti
2057 2167 2361 2235 mittimus,
2394 2169 2562 2240 hujus
2600 2170 2880 2241 privilegii
2927 2170 3108 2224 nostri
3157 2170 3502 2226 auctoritate
3554 2173 3667 2225 sta-

321 2257 507 2312 Marci.
2049 2259 2276 2310 tuentes
2291 2257 2423 2311 utin
2439 2258 2826 2313 celebratione
2853 2258 3182 2326 missarum,
3202 2259 3292 2313 his
3312 2261 3667 2314 tantummO'

395 2347 512 2416 Ego
547 2347 746 2400 Petrus
785 2343 1083 2417 presbyter
1123 2348 1178 2398 et
1217 2342 1524 2399 cardinalis
1553 2343 1703 2398 tituli
1749 2344 1941 2400 Sancti
2049 2344 2122 2399 do
2144 2345 2610 2400 solemnitatibus
2636 2363 2703 2401 eo
2728 2347 3039 2402 adornatus
3072 2347 3328 2414 incedas,
3360 2347 3664 2402 videlicet:

322 2433 603 2489 Damasci.
2044 2435 2103 2489 in
2127 2431 2309 2485 Natali
2333 2432 2654 2499 Domini,in
2673 2433 2990 2505 Epiphania
3013 2434 3264 2500 Domini,
3291 2434 3350 2490 in
3376 2435 3667 2490 CmnaDo-

398 2524 516 2594 Ego
568 2522 924 2578 Crescentius
976 2523 1275 2593 presbyter
1325 2525 1383 2577 et
1433 2521 1736 2576 cardinalis
1793 2520 1942 2576 tituli
2043 2519 2209 2586 mini,
2236 2521 2294 2574 in
2318 2521 3446 2588 Pascha,Pentecoste,etinAscensione
3469 2521 3662 2578 Domi-

329 2611 524 2666 Sancti
557 2609 838 2681 Stephani
871 2611 927 2665 in
949 2611 1230 2666 Celerina.
2046 2607 2103 2662 ni
2129 2626 2142 2675 ;
2169 2611 2225 2662 et
2255 2609 2662 2664 festivitatibus
2679 2614 2889 2664 sanctae
2920 2611 3019 2665 Dei
3041 2611 3344 2665 Geuitricis
3371 2615 3431 2664 et
3458 2627 3661 2682 perpe-

393 2701 514 2770 Ego
575 2697 948 2753 Sebastianus
999 2699 1298 2769 presbyter
1345 2701 1404 2752 et
1451 2698 1756 2753 cardinalis
1793 2698 1940 2754 tituli
2043 2703 2158 2755 tum
2186 2696 2424 2766 virginis
2453 2697 2660 2762 Marias,
2689 2697 2826 2751 etin
2858 2699 3042 2752 Natali
3070 2699 3252 2753 sancti
3282 2699 3530 2753 Joannis
3559 2701 3654 2754 Ba-

335 2785 533 2840 Sancti
563 2785 892 2840 Clementis.
2043 2784 2254 2854 ptistai,
2284 2789 2342 2838 et
2366 2785 2423 2838 in
2453 2785 2916 2841 solemnitatibus
2937 2786 3199 2840 omnium
3230 2788 3650 2858 apostolorum,

403 2875 522 2946 Ego
555 2871 892 2928 Benedictus
918 2872 1213 2929 diaconus.
2043 2873 2182 2926 etin
2225 2873 2590 2928 solemnitate
2625 2873 2898 2928 Omnium
2947 2874 3332 2942 Sanctorum;
3394 2875 3460 2929 in
3508 2876 3664 2930 festis

405 2964 525 3036 Ego
559 2962 914 3017 Crescentius
935 2963 1230 3017 diaconus.
2050 2977 2278 3032 quoque
2298 2961 2531 3015 illorum
2564 2966 2896 3017 sanctorum
2929 2979 3175 3034 quorum
3199 2979 3451 3034 corpora
3474 2963 3669 3018 etreli-

399 3053 518 3124 Ego
550 3054 803 3108 Joannes
829 3051 1123 3107 diaconus.
2045 3047 2194 3119 quise
2215 3048 2274 3101 in
2290 3052 2387 3102 tuo
2411 3049 2738 3121 episcopatu
2751 3049 3201 3122 requiescunt,et
3220 3050 3279 3104 in
3297 3051 3668 3107 dedicatione

396 3144 516 3213 Ego
549 3140 904 3196 Crescentius
935 3140 1231 3198 diaconus.
1965 3171 2013 3231 Ο
2041 3139 2154 3191 tuas
2187 3139 2462 3205 ecclesiae,
2491 3142 2549 3191 et
2577 3139 2635 3192 in
2666 3139 2757 3194 die
2779 3157 2989 3193 annum
3023 3139 3407 3194 ordinationis
3436 3144 3580 3208 tuae;
3610 3141 3669 3196 et

402 3230 520 3301 Ego
551 3231 752 3285 Petrus
779 3228 1054 3284 diaconus
1097 3232 1308 3285 sancta:
1341 3231 1615 3285 Romanae
1652 3229 1936 3294 Ecclesiae,
1976 3227 2012 3231 '
2043 3227 2338 3297 siquando
2361 3244 2549 3282 sacros
2570 3228 2801 3282 ordines
2820 3231 3218 3300 competenter
3232 3229 3432 3284 facere
3470 3230 3659 3284 decre-

331 3322 392 3373 et
417 3318 791 3373 cancellarius
821 3319 964 3373 sacri
997 3318 1211 3390 palatii.
2043 3315 2208 3372 veris.
2239 3315 2620 3370 Concedimus
2649 3315 2849 3382 etiam,
2897 3317 3228 3372 charissima
3275 3317 3381 3384 fili,
3428 3334 3657 3373 crucem

401 3407 519 3478 Ego
545 3407 760 3462 France
789 3406 1084 3461 diaconus.
2045 3405 2181 3458 ante
2205 3406 2260 3458 te
2274 3403 2503 3475 gestari.
2522 3405 2903 3474 Omnipotens
2925 3405 3202 3459 Dominus
3218 3405 3657 3462 fraternitatem

400 3495 518 3566 Ego
552 3494 923 3566 Landulphus
953 3494 1359 3549 Cremonensis
1385 3498 1589 3550 custos.
2039 3494 2225 3559 tuam,
2257 3491 2582 3546 dulcissime
2608 3493 2806 3560 frater,
2837 3493 2927 3547 hic
2957 3493 3096 3548 etin
3119 3493 3313 3547 futuro
3348 3494 3654 3558 custodiat,

399 3584 520 3654 Ego
553 3583 731 3637 Guido
763 3583 959 3637 abbas.
2038 3581 2236 3652 sicque
2259 3584 2481 3635 mentes
2499 3585 2723 3637 nostras
2751 3582 2809 3636 in
2831 3583 3059 3637 servitio
3078 3599 3178 3637 suo
3209 3584 3580 3651 corroboret,
3603 3587 3662 3637 ut

398 3671 518 3742 Ego
547 3671 880 3726 Dominicus
905 3671 1084 3726 abbas
1113 3671 1400 3744 Capitolii.
2038 3685 2146 3740 pro
2172 3669 2320 3724 bene
2351 3670 2765 3725 administrata:
2803 3670 3106 3742 pastoralis
3159 3686 3312 3724 cura:
3368 3671 3562 3726 ofﬁcio
3606 3672 3661 3726 in

402 3760 520 3829 Ego
548 3761 799 3814 Joannes
825 3760 1002 3814 abbas
1028 3761 1219 3814 Sancti
1243 3759 1518 3818 Silvestri.
2041 3762 2259 3813 aeterna
2285 3758 2640 3814 beatitudine
2681 3760 2942 3814 laborem
2989 3760 3254 3814 nostrum
3291 3763 3654 3817 remuneret.

399 3847 517 3918 Ego
537 3849 786 3902 Joannes
817 3847 992 3903 abbas
1023 3849 1217 3903 Sancti
1242 3849 1510 3902 Matthtei.
2115 3849 2266 3902 Bene
2296 3848 2438 3902 vale.

399 3936 520 4006 Ego
545 3937 745 3991 Petrus
777 3937 955 3991 abbas
985 3936 1210 3991 Sancta:
1237 3937 1425 3990 Maria
1455 3937 1528 3990 ad
1557 3934 1811 3990 Vincula.
2114 3937 2257 3990 Data
2271 3952 2327 3989 vx
2355 3935 2484 3990 ldus
2513 3936 2718 4008 Aprilis
2743 3937 2976 4004 mensis,
3010 3953 3114 4008 per
3139 3951 3349 3991 manus
3374 3936 3661 3992 Benedicti

400 4024 571 4094 Cujus
590 4024 925 4080 testamenti
943 4025 1210 4079 notitiam
1235 4025 1508 4095 prmcepit
1527 4023 1774 4078 scribere
1797 4024 1940 4084 mihi
2043 4024 2314 4097 episcopi,
2351 4024 2678 4095 apostolicae
2720 4025 2868 4078 sedis
2893 4025 3088 4096 legati.
3120 4027 3291 4079 Anno
3326 4026 3406 4096 (4)
3437 4023 3660 4079 Henrici

331 4111 658 4178 Benedicto,
693 4111 836 4166 sacri
885 4112 1082 4182 palatii
1125 4111 1442 4177 scriniario,
1484 4111 1752 4167 dominus
1794 4131 1943 4185 papa
2042 4113 2400 4170 invictissimi
2443 4113 2596 4186 regis
2638 4115 3035 4168 Romanorum
3074 4129 3205 4180 xvn,
3248 4114 3488 4186 imperii
3531 4129 3660 4167 vero

337 4198 697 4265 Benedictus,
723 4199 896 4254 tertio
929 4200 1021 4254 die
1054 4199 1270 4254 mensis
1295 4200 1573 4256 Januarii.
2043 4205 2166 4275 ejus
2195 4221 2276 4271 Ill,
2301 4203 2501 4258 indict.
2525 4219 2615 4257 xv.

1075 4288 1206 4343 XIV.
2798 4293 2902 4347 XV.

327 4371 649 4430 Benedictus
702 4373 853 4432 VIII
909 4375 1160 4451 Papponi
1206 4377 1590 4451 archiepiscopo
1650 4377 1948 4433 Trevirensi
1969 4446 2011 4451 _
2043 4381 2368 4437 Benedictus
2406 4379 2552 4434 VIII
2579 4378 2866 4435 Benedicto
2897 4381 3280 4451 archiepiscopo
3310 4379 3661 4435 Salernitano

908 4446 1144 4521 pallium
1171 4450 1356 4504 mittit.
1376 4446 1392 4448 “
1516 4446 1533 4448 “
1969 4446 2024 4510 D
2109 4453 2342 4524 pallium
2377 4453 2573 4507 tribuit
2610 4451 2960 4524 Ecclesiaeque
2983 4446 3094 4523 ejus
3117 4446 3248 4523 jura
3277 4452 3590 4520 conﬁrmat.

935 4539 1127 4608 (Anno
1161 4538 1346 4608 1016.)

2471 4541 2726 4611 (Fragm.
2746 4571 2818 4581 -
2845 4543 3012 4595 Anno
3045 4541 3227 4609 1016.)

616 4625 945 4694 (Romamn,
996 4627 1150 4684 Hist.
1195 4627 1406 4684 Trevir.
1441 4629 1484 4695 Ι,
1519 4631 1664 4699 352.]
2301 4631 2528 4700 [Banom
2561 4629 2766 4684 Annal.
2801 4630 2876 4684 ad
2905 4647 3000 4684 an.
3051 4632 3207 4696 1012,
3237 4647 3296 4684 n.
3329 4632 3415 4700 4.]

404 4713 738 4769 Bmamcrus
768 4715 1090 4789 episcopus,
1122 4733 1317 4771 servus
1346 4733 1642 4772 servorum
1673 4715 1795 4785 Dei,
1814 4717 1948 4774 bea-
2124 4759 2140 4775 .
2173 4762 2184 4774 .
2218 4761 2230 4775 .
2268 4762 2282 4776 .
2319 4761 2333 4774 .
2370 4761 2384 4774 .
2415 4719 2703 4791 Scriptum
2736 4735 2840 4790 per
2863 4735 3106 4774 manum
3129 4717 3424 4772 Benedicti
3452 4715 3660 4772 notarii

330 4801 550 4860 tissime
572 4803 849 4860 confratri
881 4808 940 4860 et
963 4806 1234 4879 episcopo
1261 4807 1498 4861 Poppom
1540 4806 1599 4861 S.
1640 4806 1947 4862 Trevericae
2049 4808 2362 4880 regionarii
2395 4812 2453 4864 et
2479 4808 2762 4863 scriniarii
2791 4810 2850 4864 S.
2881 4809 2944 4862 Β.
2975 4808 3060 4873 Ε.,
3094 4823 3297 4862 mense
3327 4805 3540 4878 April.,
3582 4805 3663 4860 in-

331 4892 482 4949 sedis
513 4894 944 4968 archiepiscopo
970 4896 1283 4952 venerabili
1301 4899 1581 4951 aeternam
1601 4896 1662 4952 in
1693 4898 1944 4952 Domino
2047 4898 2182 4954 dict.
2214 4915 2325 4953 xw.

329 4982 574 5038 salutem
606 4987 663 5039 et
691 4983 1068 5056 apostolicam
1099 4985 1585 5042 benedictionem.
2115 4988 2323 5043 Datum
2341 5004 2418 5042 vn
2445 4986 2730 5042 Kalendas
2749 4986 2875 5041 Maii
2896 5002 3000 5057 per
3012 5001 3218 5040 manus
3234 4983 3390 5040 Petri
3406 4981 3658 5055 episcopi

398 5073 737 5145 Apostolicaa
758 5072 1127 5130 sollicitudini
1159 5075 1426 5129 convenit
1458 5075 1778 5146 benignum
1806 5092 1944 5148 erga
2043 5075 2304 5131 Ecclesiae
2331 5075 2703 5130 Praenestina:
2731 5079 2790 5129 et
2819 5073 3244 5129 bibliothecarii
3272 5073 3330 5128 S.
3357 5074 3422 5127 R.
3447 5074 3536 5137 E.,
3567 5072 3659 5126 in-

328 5158 535 5219 fratres
553 5176 786 5234 semper
804 5161 1065 5233 prebere
1079 5161 1694 5236 atfectum,eorumque
1713 5163 1940 5235 petitio-
2044 5166 2177 5221 dict.
2212 5181 2324 5235 xw,
2354 5181 2531 5232 anno,
2561 5164 2679 5219 Deo
2721 5163 2993 5235 propitio,
3021 5161 3392 5234 pontiﬁcatus
3436 5159 3658 5216 domini

395 5301 808 5384 (“He-uaricum
851 5303 900 5359 ΙΙ
925 5304 1090 5384 _regis
1131 5302 1721 5384 .Romauorumjitulo
1761 5322 1936 5384 nusum
2040 5323 2176 5364 nem
2226 5305 2296 5384 in_
2337 5306 2662 5384 Romanum
2720 5302 3184 5384 imperatorem,‘
3213 5301 3655 5384 Romanam‘que

327 5370 500 5447 fuisse
518 5375 601 5445 (et
614 5374 764 5430 forte
778 5370 1040 5447 omnium
1057 5373 1310 5447 primum
1331 5375 1485 5430 inter
1503 5375 1826 5431 Germanias
1849 5392 1938 5431 re-
2040 5376 2500 5433 coronationem.
2533 5377 2604 5428 At
2646 5378 2775 5446 post
2805 5370 2988 5439 'hanc,
3033 5376 3090 5447 et
3133 5372 3205 5426 ab
3230 5370 3652 5447 ‘ipso_quidem

369 5462 448 5500 es.
472 5443 595 5501 Vid.
621 5447 805 5518 Hahn.
841 5445 974 5500 Hist.
1012 5443 1158 5518 Imp.
1184 5463 1239 5516 p.
1273 5462 1476 5516 n,cap.
1513 5450 1613 5515 6,§
1646 5452 1697 5514 9,
1732 5448 1790 5501 in
1815 5452 1935 5505 not.
2042 5448 2348 5504 Benedicto
2375 5448 2480 5501 PP.
2517 5443 2833 5518 peractam,
2868 5460 3002 5499 eum
3040 5445 3112 5498 ab
3139 5443 3349 5518 eodem
3387 5443 3652 5497 Romano

361 5518 406 5570 Et.
435 5518 500 5584 R,
523 5535 580 5589 p.
606 5517 696 5588 20)
717 5521 958 5589 apparet
978 5533 1045 5570 ex
1060 5514 1376 5643 diplomate
1392 5514 1850 5574 Pederbornensi
1867 5520 1938 5574 de
2039 5519 2310 5593 pontiﬁce
2339 5514 2535 5572 adhuc
2554 5534 2728 5587 regem
2766 5517 3136 5596 Romano-rum
3185 5515 3245 5595 in
3293 5514 3405 5568 hoc
3461 5518 3651 5594 nostro

361 5603 486 5642 ,nno
521 5590 676 5643 1013.
716 5589 869 5643 anud
913 5588 1100 5643 Lunig
1170 5588 1318 5643 nicil.
1367 5591 1563 5643 eccles.
1617 5592 1740 5643 tom
1766 5592 1833 5643 ll.
1865 5609 1929 5643 ο.
2039 5592 2355 5643 dinlomate
2385 5589 2682 5643 annellari.
2718 5588 2940 5642 Halmio
2969 5587 3005 5640 ἰ.
3035 5589 3126 5642 cit.
3159 5601 3395 5643 mirum.
3432 5601 3575 5643 quin
3600 5586 3651 5638 ct

329 5601 486 5663 anno
521 5586 685 5650 1013έ
716 5586 1100 5663 apuddmnig
1121 5586 1324 5663 Spicil.
1367 5591 1563 5644 eccles.
1600 5592 1740 5663 _tom
1766 5592 1833 5657 ll,
1865 5609 1929 5663 p7.
2039 5586 2355 5663 diplomate
2385 5589 2682 5663 appellari,
2718 5587 2940 5663 Halmio
2969 5587 3005 5640 ι.
3035 5589 3126 5642 cit.
3159 5587 3395 5654 mirum,
3432 5586 3575 5657 quin
3600 5586 3652 5638 ct

329 5657 590 5736 10§,_nec
621 5657 1034 5736 non'Fuldepsi
1058 5657 1552 5736 apu'dSChannat.
1589 5660 1756 5736 Corp.
1783 5657 1933 5736 tra'd.
2036 5657 2265 5720 tantum
2291 5657 2761 5734 non'suspectum
2781 5659 3023 5715 videtur.

332 5722 475 5779 Fuld
503 5759 519 5792 ,
545 5741 605 5779 n.
635 5727 758 5794 593,
776 5739 834 5798 p.
857 5729 997 5798 243;
1028 5722 1126 5785 sed
1147 5728 1205 5786 id
1220 5730 1447 5787 itaante
1469 5722 1936 5789 Henrici‘unctio-
