3888 6218
364 503 387 558 ι
397 495 499 559 603

1635 495 1996 554 BENEDICTI
2031 487 2146 554 VIII
2183 498 2393 557 PAPE

3554 504 3693 568 1604

359 617 654 676 essethuic
670 615 956 674 schedule
977 615 1174 672 inseri.
1201 613 1313 672 Hos
1355 631 1528 689 supra
1558 617 1890 673 nominatos
1915 619 1975 672 et
1999 615 2292 682 Adomno
2340 617 2568 693 Wigoni
2617 619 2962 691 vicecomiti,
3009 627 3067 679 et
3107 623 3269 680 fratri
3317 624 3444 696 ejus
3475 626 3698 686 domno

360 725 565 766 omnes
575 707 716 764 alios
727 708 1137 780 persecutores,
1153 704 1578 777 depredatores
1601 708 1658 760 et
1678 705 1974 760 invasores

355 803 643 855 terrarum
669 801 727 852 et
753 795 1202 851 substantiarum
1252 793 1325 849 ad
1355 793 1730 866 sepedictum
1782 795 1974 850 locum

355 886 795 960 pertinentium,
818 899 981 940 more
1003 885 1428 938 antecessorum
1463 885 1976 955 nostrorum,pre-

351 976 454 1032 fati
483 975 592 1032 loci
647 974 721 1030 ad
749 990 854 1028 nos
908 971 1232 1044 specialiter
1274 971 1620 1044 pertinentis
1671 987 1873 1026 curam
1917 974 1977 1025 et

351 1061 769 1138 providentiam
793 1061 1168 1128 habentes,ex
1195 1063 1361 1133 parte
1391 1059 1492 1116 Dei
1516 1063 1574 1116 et
1588 1059 1768 1115 sancti
1799 1057 1972 1120 Petri,

353 1159 412 1212 et
440 1155 657 1219 nostra,
676 1165 948 1206 vocamus
969 1149 1043 1204 ad
1074 1149 1555 1220 resipiscendum,
1582 1152 1638 1203 et
1665 1164 1976 1203 monemus

351 1247 416 1299 ut
442 1239 876 1310 contrarietates
908 1242 967 1294 et
991 1237 1234 1310 injustas
1266 1237 1762 1311 querelas,quibus
1784 1253 1974 1291 servos

349 1331 452 1390 Dei
475 1329 872 1404 inquietantet
899 1327 1452 1399 conturbant,quam
1466 1327 1632 1381 citius
1651 1326 1969 1398 deponant.

350 1422 557 1480 Terras
577 1419 754 1474 etiam
767 1417 975 1488 injuste
990 1418 1348 1486 pervasas,et
1364 1415 1712 1471 substantias
1748 1415 1972 1486 depre-

355 1511 548 1578 datas,
575 1523 708 1564 cum
738 1503 901 1561 omni
931 1502 1451 1580 integritatejuxta
1478 1502 1965 1575 rationem,quam

351 1615 488 1656 cum
506 1597 589 1654 eis
611 1593 872 1651 invenire
905 1590 1222 1664 potuerint,
1251 1591 1696 1649 rcstituant.Sed
1719 1591 1788 1645 de
1815 1590 1965 1661 inju-

354 1689 442 1744 ria
461 1701 637 1760 quam
665 1679 1095 1739 sinecausaillis
1116 1679 1718 1752 intulerunt,congrue
1745 1679 1966 1734 satisfa-

353 1776 510 1833 ciant
545 1773 699 1829 infra
723 1769 972 1844 spatium
993 1767 1151 1842 quod
1179 1772 1264 1823 est
1291 1767 1504 1823 abhinc
1524 1785 1701 1840 usque
1723 1768 1785 1822 in
1810 1767 1963 1822 festi-

351 1866 586 1921 vitatem
616 1863 674 1918 S.
701 1857 1174 1921 Michaelis.Quod
1204 1856 1248 1912 si
1271 1857 1534 1924 fecerint,
1556 1857 1811 1912 habeant
1835 1873 1964 1929 gra-

2071 709 2382 779 Willelmo,
2415 711 2634 768 domno
2681 730 2912 786 quoque
2943 713 3294 784 Odulrico,et
3324 715 3548 772 domno
3581 719 3698 772 An-

2074 799 2256 868 soldo,
2286 803 2346 854 et
2371 801 2591 856 ceteris
2630 802 2987 874 principibus
3017 806 3077 859 et
3110 805 3492 877 optimatibus
3524 807 3698 862 totius

2075 886 2444 959 Burgundie,
2475 890 2800 962 Aquitaniae
2853 895 2911 946 et
2965 892 3300 960 Provinciae,
3349 893 3451 965 qui
3481 895 3696 952 auxilio

2077 991 2197 1029 esse
2227 980 2466 1047 possunt
2493 979 2910 1036 habitatoribus
2938 981 3384 1052 sepenominati
3419 981 3536 1048 loci
3559 997 3694 1054 apo-

2075 1062 2288 1122 stolice
2309 1065 2730 1122 benedictionis
2754 1070 2812 1121 et
2835 1068 3212 1124 absolutionis
3250 1085 3468 1124 munus
3511 1069 3696 1124 mitti-

2075 1151 2479 1226 mus,ipsisque
2507 1155 2772 1211 omnium
2785 1174 3022 1212 suorum
3038 1157 3444 1230 peccaminum
3466 1157 3696 1214 veniam

2075 1238 2152 1293 im
2157 1241 2598 1311 plorantibus,in
2612 1245 2829 1300 cunctis
2849 1245 3316 1318 benefactis,que
3340 1263 3376 1301 a
3392 1246 3570 1302 nobis
3589 1249 3648 1300 et
3664 1263 3695 1301 a

2074 1328 2296 1383 ceteris
2338 1329 2600 1386 ﬁdelibus
2646 1331 2707 1388 in
2741 1333 2848 1389 hac
2902 1337 3100 1389 sancta
3123 1334 3390 1390 Romana
3445 1334 3694 1390 Ecclesia

2072 1415 2326 1488 quotidie
2345 1418 2513 1488 ﬁunt,
2541 1438 2609 1475 ex
2637 1426 2800 1494 parte
2832 1423 2934 1479 Dei
2962 1423 3260 1497 sanctique
3289 1423 3466 1492 Petri,
3497 1427 3558 1480 et
3594 1440 3690 1478 no-

2067 1507 2203 1572 stra,
2235 1510 2462 1577 partem
2505 1511 2562 1564 et
2605 1510 2939 1567 societatem
2979 1511 3204 1581 damus,
3239 1528 3309 1568 eo
3355 1513 3606 1568 obtentu
3636 1517 3694 1569 ut

2063 1607 2292 1664 semper
2317 1595 2610 1668 adjutores
2635 1601 2693 1653 et
2723 1599 3058 1656 defensores
3084 1600 3348 1672 predicti
3378 1599 3516 1669 loci,
3562 1617 3688 1657 om-

2067 1681 2344 1756 niumque
2367 1687 2439 1741 ad
2463 1704 2522 1742 se
2547 1689 2992 1762 pertinentium,
3016 1690 3087 1745 de
3117 1691 3390 1747 omnibus
3412 1691 3527 1747 sibi
3558 1708 3692 1747 con-

2066 1771 2256 1825 trariis
2291 1773 2553 1831 existant.
2590 1776 2755 1842 Quod
2784 1778 2830 1833 si
2883 1779 3275 1851 neglexerint,
3334 1795 3458 1835 non
3499 1781 3692 1836 solum

2064 1859 2228 1914 tanto
2243 1860 2522 1919 beneﬁcio
2543 1866 2937 1937 privabantur,
2953 1868 3053 1922 sed
3074 1867 3310 1940 insuper
3321 1867 3392 1922 de
3409 1872 3691 1939 potestate

355 1946 1770 2022 tiam,etbenedictionem,etabsolutionemDeiet
1785 1945 1963 2001 sancti
1993 1941 2139 2002 Bob
2186 1949 2584 2009 defensionem
2623 1955 2884 2012 ﬁdelium
2934 1975 2969 2012 a
3018 1959 3135 2014 Deo
3191 1957 3301 2013 sibi
3342 1958 3480 2015 data
3505 1958 3568 2014 in
3601 1959 3692 2015 die

350 2041 524 2111 Petri,
551 2043 609 2096 et
636 2041 916 2095 nostram.
947 2035 1005 2091 Si
1021 2038 1218 2090 autem
1239 2035 1712 2107 infrapreﬁxum
1739 2052 1774 2090 a
1801 2035 1968 2090 nobis

352 2129 673 2188 terminum
692 2123 1000 2182 monitioni
1021 2128 1080 2180 et
1104 2123 1388 2180 vocationi
1405 2127 1615 2179 nostrae
1634 2139 1751 2179 non
1774 2141 1966 2179 assen-

350 2221 550 2288 serint,
576 2217 677 2274 sed
691 2217 1123 2288 contemptores
1142 2212 1612 2269 etinobedientes
1624 2213 1966 2281 exstiterint,

351 2308 411 2365 in
439 2324 542 2364 sua
566 2305 789 2362 malitia
829 2304 1281 2377 perseverantes,
1315 2301 1570 2356 cauterio
1603 2299 1968 2356 ecclesiastici

353 2394 637 2454 examinis
679 2392 839 2468 quasi
877 2390 1108 2464 putrida
1135 2390 1403 2446 membra
1427 2407 1463 2446 a
1500 2406 1739 2462 corpore
1761 2388 1966 2445 Christi

351 2481 1064 2560 prescindantur,sintque
1085 2479 1427 2535 aliminibus
1445 2481 1654 2534 sancte
1669 2478 1768 2534 Dei
1784 2479 1968 2533 Eccle-

347 2576 448 2632 siae
464 2574 666 2650 procul
689 2571 924 2644 repulsi,
945 2573 1004 2624 et
1019 2587 1054 2624 a
1076 2569 1364 2624 consortio
1381 2568 1639 2623 ﬁdelium
1655 2567 1887 2623 alienati
1911 2571 1967 2623 et

349 2658 988 2721 excommunicati.Sint
1005 2657 1296 2712 maledicti
1317 2660 1532 2712 stantes
1573 2659 1629 2712 et
1659 2657 1962 2712 ambulan-

350 2759 456 2822 tes,
475 2751 780 2824 vigilantes
809 2751 866 2802 et
895 2747 1269 2814 dormientes,
1295 2745 1690 2817 ingredientes
1715 2749 1772 2800 et
1802 2763 1965 2817 egre-

350 2843 592 2898 dientes.
626 2837 757 2894 Sint
779 2834 1073 2890 maledicti
1113 2835 1533 2889 manducantes
1579 2837 1636 2889 et
1677 2834 1962 2890 bibentes.

349 2932 436 2987 Sit
463 2926 802 2984 maledictus
830 2923 989 2979 cibus
1012 2939 1214 2978 eorum
1251 2927 1310 2978 et
1327 2925 1513 2994 potus.
1529 2921 1614 2978 Sit
1631 2923 1970 2979 maledictus

347 3021 566 3077 fructus
583 3014 798 3072 ventris
826 3015 1116 3080 eorum,et
1143 3011 1360 3066 fructus
1373 3015 1570 3066 terrre
1593 3013 1969 3068 eorum.Sub-

348 3092 715 3178 stineantque
743 3103 942 3175 plagas
975 3099 1350 3164 Herodianas,
1395 3117 1693 3173 quousque
1724 3101 1971 3157 disrum-

2069 2035 2258 2091 ultimi
2287 2041 2569 2096 examinis
2593 2044 2716 2100 sine
2747 2045 2922 2102 dubio
2953 2047 3244 2102 rationem
3275 2046 3548 2104 reddent.

2141 2125 2288 2183 Data
2321 2129 2446 2185 Kal.
2472 2131 2854 2204 Septembris.

2776 2243 2934 2299 XVII.

2137 2337 2353 2397 Erectio
2367 2341 2784 2404 Bisulduncmis
2811 2347 3059 2408 Ecclesia
3093 2351 3150 2405 in
3177 2352 3568 2422 episcopatum.

2667 2456 2855 2526 (Anno
2909 2455 3090 2530 1017.)

2283 2565 2698 2633 [COCQUELINES,
2751 2560 2970 2621 Bullar.
3011 2562 3254 2632 ϐοηθοίη
3291 2565 3312 2618 Ι
3354 2566 3517 2631 327,]

2141 2655 2470 2710 Bsnsmcrus
2515 2651 2832 2726 episcopus,
2868 2669 3061 2708 servus
3105 2668 3409 2708 servorum
3450 2652 3574 2721 Dei,
3606 2653 3686 2708 di-

2068 2745 2214 2800 lecto
2246 2744 2305 2798 in
2347 2742 2570 2798 Christo
2606 2741 2724 2796 ﬁlio
2771 2741 3049 2797 Gmrnsno
3097 2758 3132 2797 a
3161 2742 3328 2798 nobis
3360 2746 3686 2798 consecrato

2068 2833 2357 2906 episcopo.
2386 2832 2492 2886 tibi
2521 2831 2746 2903 tuisque
2774 2831 3190 2886 successoribus
3209 2807 3287 2886 ‘in
3315 2834 3685 2904 perpetuum.

2140 2921 2520 2988 Desiderium,
2547 2921 2702 2993 quod
2730 2919 3068 2992 religiosum
3094 2920 3468 2991 propositum
3491 2923 3548 2975 et
3569 2937 3688 2975 san-

2071 3014 2295 3066 ctorum
2316 3011 2575 3064 locorum
2595 3008 2970 3064 stabilitatem
2990 3009 3282 3080 pertinere
3301 3013 3682 3076 monstratur,

2074 3099 2195 3154 sine
2225 3098 2414 3170 aliqua
2433 3097 2660 3166 est,Deo
2674 3097 3218 3165 auctore,dilatione
3242 3098 3686 3168 perﬁciendum,

351 3201 564 3274 pautur
588 3193 804 3249 viscera
833 3206 1058 3246 eorum.
1089 3189 1158 3244 Et
1180 3189 1565 3288 cum.Dathan
1588 3189 1875 3246 etAbiron
1903 3189 1974 3245 de
1997 3228 2044 3288 Ο
2075 3187 2496 3261 etquantumin
2513 3187 2856 3259 quibusdam
2870 3187 2991 3258 ejus
3003 3186 3424 3242 variationibus
3435 3203 3688 3244 commo-

349 3293 506 3344 terra
532 3281 847 3340 viventium
869 3277 1100 3352 perditi,
1123 3293 1254 3332 cum
1277 3276 1508 3333 diabolo
1533 3281 1590 3332 et
1609 3278 1832 3350 angelis
1853 3280 1978 3351 ejus

348 3371 758 3450 perpetualiter
767 3365 1393 3435 damnati,maneantin
1407 3365 1591 3438 poenis
1602 3366 1980 3424 infernalibus

351 3465 473 3522 sine
489 3463 607 3520 ﬁne
627 3455 1114 3534 cruciandi.Fiant
1131 3455 1311 3510 etiam
1336 3454 1437 3510 ﬁlii
1469 3470 1672 3510 eorum
1707 3457 1975 3529 orphani,

373 3558 432 3612 et
465 3567 672 3609 uxores
689 3565 894 3605 eorum
912 3545 1118 3601 viduae.
1144 3545 1422 3599 Nutantes
1441 3546 1864 3600 transferantur
1874 3545 1978 3602 ﬁlii

351 3657 579 3710 eorum,
611 3641 670 3695 et
695 3635 1053 3693 mendicent.
1079 3633 1394 3705 Ejiciantur
1410 3632 1481 3688 de
1510 3633 1972 3690 habitationibus

349 3731 488 3800 suis,
518 3726 902 3798 omnibusque
943 3719 1468 3790 maledictionibus,
1513 3738 1641 3795 que
1685 3721 1744 3776 in
1778 3721 1977 3777 Veteri

347 3821 437 3878 vel
464 3821 618 3876 Novo
643 3816 1009 3872 Testamento
1039 3810 1330 3867 contineri
1356 3811 1640 3880 videntur,
1675 3811 1977 3869 maledicti

348 3913 410 3966 et
434 3901 903 3965 anathematizati
923 3901 1276 3974 subjaceant,
1297 3916 1594 3972 quousque
1637 3898 1978 3972 resipiscant

348 4000 410 4056 et
444 3997 656 4053 nostre
697 3989 979 4049 vocationi
1021 3991 1080 4044 et
1108 3987 1422 4044 monitioni
1449 4004 1705 4059 congrue
1747 3987 1972 4044 satisfa-

347 4085 524 4144 ciant.

2077 3276 2162 3332 dis
2183 3281 2446 3333 nostrum
2463 3279 2845 3343 assensum,et
2865 3280 3076 3332 sancte
3088 3277 3425 3349 apostolicae
3451 3276 3690 3333 auctori-

2075 3366 2209 3422 tatis
2225 3365 3062 3438 exposciturpresidium,ultro
3080 3365 3471 3438 benignitatis
3487 3367 3686 3422 intuitu

2077 3474 2183 3513 nos
2207 3455 2479 3512 convenit
2516 3455 2956 3510 subvenire......
2987 3471 3092 3527 pro
3123 3455 3361 3527 integra
3389 3457 3687 3512 securitate

2077 3563 2146 3601 ex
2170 3545 2394 3600 ratione
2442 3543 2710 3610 solidare,
2740 3547 2803 3598 ut
2839 3560 2908 3598 ex
2937 3545 3045 3599 hoc
3083 3543 3221 3615 ipsis
3259 3544 3686 3600 venerabilibus

2076 3633 2235 3704 locis,
2281 3634 2432 3688 salus
2493 3637 2550 3688 et
2593 3632 2945 3688 indemnitas
2998 3633 3398 3705 proﬁciscatur
3449 3639 3511 3690 et
3533 3632 3688 3689 nobis

2077 3740 2307 3796 quoque
2347 3722 2492 3778 lucri
2524 3721 2889 3796 potissimum
2950 3723 3262 3794 premium
3305 3739 3344 3777 a
3392 3723 3683 3778 conditore

2077 3813 2343 3868 omnium
2368 3812 2486 3866 Deo
2517 3811 2576 3866 in
2593 3811 2828 3866 sidereis
2857 3811 3082 3866 arcibus
3108 3810 3682 3882 prescribatur.0ua-

2074 3904 2312 3974 prapter
2327 3903 2532 3956 notum
2562 3901 2958 3971 esseyolnmus
2969 3899 3240 3955 omnibus
3257 3903 3382 3954 tam
3396 3899 3682 3972 presenti-

2073 3991 2180 4046 bus
2209 4007 2385 4062 quam
2414 3988 2640 4057 futuris,
2673 3987 2950 4062 quoniam
2981 3989 3303 4044 Bernardus
3329 4005 3532 4044 comes
3556 4004 3678 4044 cum

2068 4079 2188 4134 ﬁlio
2215 4095 2315 4133 suo
2373 4078 2707 4147 Guillermo,
2765 4079 2824 4132 et
2878 4095 2983 4150 per
3011 4078 3119 4132 hoc
3157 4077 3468 4134 Guifredus
3495 4093 3676 4133 comes

417 4170 592 4230 Vobis
629 4169 805 4224 etiam
825 4164 1099 4222 fratribus
1133 4163 1280 4220 meis
1302 4167 1360 4221 et
1389 4164 1763 4240 coepiscopis,
1793 4184 1968 4241 supra
2063 4167 2264 4236 frater,
2314 4167 2436 4239 ejus
2472 4182 2640 4222 suum
2695 4165 3044 4222 desiderium
3104 4164 3594 4233 demonstrantes,
3621 4163 3675 4218 hi

332 4256 908 4325 'nominatis,mando
925 4258 984 4310 et
999 4254 1274 4328 precipio
1291 4255 1630 4310 auctoritate
1649 4257 1964 4329 apostolica
2066 4273 2163 4312 om
2174 4273 2276 4311 nes
2306 4255 2560 4310 derelicti
2573 4255 2742 4310 simul
2755 4255 2860 4310 sub
2879 4255 3001 4310 sola
3012 4253 3259 4310 tuitione
3272 4257 3332 4308 et
3343 4255 3672 4310 defensione

347 4355 416 4407 ut
439 4351 591 4406 hanc
617 4362 812 4404 meam
843 4343 1197 4400 conﬁrmetis
1217 4343 1592 4413 sententiam,
1612 4349 1670 4401 et
1696 4345 1965 4401 similiter
2062 4345 2216 4401 beati
2247 4345 2404 4400 Petri
2425 4344 2668 4417 apostoli
2700 4344 2901 4416 suique
2926 4343 3124 4398 vicarii
3172 4359 3208 4396 a
3237 4343 3351 4414 pie
3378 4341 3670 4398 memorie

348 4441 479 4498 illos
520 4433 1052 4503 excommunicetis,
1093 4433 1479 4507 omnibusque
1521 4435 1869 4506 presbyteris
1907 4439 1966 4490 et
2059 4437 2223 4506 patre
2255 4433 2419 4490 Oliba
2444 4433 2658 4489 comite
2685 4433 3066 4501 nobilissimo,
3093 4434 3497 4505 apostolorum
3523 4431 3668 4488 adie-

347 4527 571 4588 ceteris
598 4525 744 4584 sacri
769 4523 990 4581 ordinis
1021 4523 1305 4580 ministris
1331 4523 1494 4579 vobis
1520 4523 1840 4580 commissis
1867 4543 1961 4581 ex-
1984 4518 2031 4578 D
2058 4523 2434 4592 runtlimina,
2461 4526 2833 4594 nostramque
2843 4521 3240 4594 presentiam,
3265 4526 3535 4594 petentes
3554 4537 3671 4592 snp-

345 4616 780 4676 communicare
818 4613 1190 4688 precipiatis.
1225 4612 1284 4668 Si
1328 4612 1455 4685 quis
1483 4617 1681 4669 autem
1709 4617 1961 4671 vestrum
2061 4612 2306 4684 pliciter,
2339 4616 2402 4667 ut
2429 4612 2628 4668 liceret
2674 4611 2781 4666 sibi
2813 4615 3011 4668 nostro
3047 4627 3332 4666 consensu
3367 4616 3668 4684 nostroque

349 4708 526 4782 (quod
544 4705 788 4764 minime
833 4703 1005 4760 credo
1053 4702 1334 4772 futurum)
1361 4718 1480 4756 non
1512 4701 1798 4757 obedierit
1829 4703 1960 4759 huic
2055 4701 2294 4775 judicio,
2323 4703 2426 4757 sub
2448 4718 2561 4774 quo
2592 4701 2712 4757 solo
2746 4705 2911 4756 erant
2929 4700 3121 4773 positi,
3143 4718 3251 4774 pro
3271 4702 3669 4775 redemptione

348 4793 918 4868 nostrejussioni,de
937 4793 1278 4862 contemptu
1302 4789 1716 4846 inobedientie
1737 4791 1964 4847 noverit
2061 4791 2391 4847 animarum
2421 4795 2730 4863 parentum
2761 4807 3020 4854 suorum,
3051 4794 3110 4846 et
3137 4808 3379 4846 suorum
3401 4791 3568 4847 venia
3584 4791 3670 4845 de-

345 4903 406 4943 se
435 4885 771 4942 habiturum
795 4881 1085 4938 rationem
1110 4883 1246 4934 ante
1287 4878 1543 4934 tribunal
1583 4879 1805 4935 Chrisli.
1839 4881 1962 4953 Ipse
2061 4880 2330 4937 lictorum
2359 4880 2753 4954 episcopatum
2778 4879 2839 4934 in
2877 4879 3112 4952 propria
3136 4881 3482 4937 haereditate
3507 4879 3664 4953 perﬁ-

347 4991 560 5049 nempe
585 4973 760 5030 dixit:
795 4971 904 5038 Qui
921 4987 1010 5026 vos
1033 4969 1182 5026 audit
1199 4985 1283 5026 me
1309 4968 1485 5038 audit,
1517 4975 1568 5024 et
1589 4971 1688 5042 qui
1702 4985 1797 5026 eos
1815 4987 1961 5042 sper-

345 5068 426 5120 nit
444 5064 750 5136 mespcrnit.
785 5061 901 5117 Sed
921 5063 980 5116 et
993 5058 1208 5115 seniori
1221 5075 1396 5132 quam
1409 5059 1727 5114 reverenda
1743 5057 1960 5115 domno

345 5153 632 5209 Willelmo
683 5148 904 5218 comiti,
945 5163 1172 5204 necnon
1217 5146 1524 5220 precipue.
1573 5146 1851 5202 bonitatis
1906 5151 1965 5204 et

347 5241 668 5300 dulcedinis
695 5239 914 5296 domno
944 5235 1174 5310 Hugoni
1201 5236 1422 5306 comiti,
1467 5237 1800 5308 domnoque
1831 5236 1960 5291 Bai-

343 5330 522 5390 naldo
559 5329 758 5387 comiti
787 5327 908 5384 ﬁlio
939 5325 1399 5398 supranominati
1432 5325 1635 5382 domni
1665 5327 1957 5394 Willelmi,

341 5420 517 5478 bone
555 5435 784 5493 quoque
813 5415 1045 5485 indolis,
1077 5432 1144 5472 ac
1171 5415 1344 5472 totius
1372 5415 1579 5471 affectu
1634 5415 1958 5472 dilectionis

317 5507 746 5578 amplectende
764 5508 982 5564 domno
1009 5505 1204 5562 Ottoni
1223 5504 1455 5576 comiti;
1484 5505 1647 5560 omni
1669 5505 1844 5561 etiam
1859 5523 1951 5560 re-

335 5593 600 5651 verentia
621 5599 680 5651 et
693 5595 1065 5652 veneratione
1083 5593 1438 5667 dignissime
1455 5593 1949 5651 domnaeAdeleidi

331 5677 670 5752 comitisse,
717 5685 1107 5754 cognomento
1169 5683 1455 5750 Blanche,
1507 5698 1771 5754 nuruque
1828 5683 1951 5754 ejus

312 5747 566 5826 domnae
586 5747 869 5840 Gerbergr
891 5769 1234 5843 comitissel;
1275 5769 1381 5828 sed
1394 5747 1456 5828 et
1477 5769 1497 5827 i
1519 5747 1796 5830 lustribus
1815 5747 1950 5833 viris

2063 4985 2191 5025 cere
2216 4968 2277 5024 in
2309 4987 2424 5025 uno
2457 4986 2524 5024 ex
2554 4969 2738 5024 tribus
2765 4967 3044 5040 locis,quo
3076 4967 3160 5023 eis
3183 4969 3375 5040 magis
3399 4966 3667 5041 placuerit

2049 5054 2178 5113 'sive
2194 5057 2253 5112 in
2267 5056 2620 5113 monasterio
2643 5055 3084 5112 SanctiJoannis
3123 5055 3547 5124 Rividollensis,
3574 5071 3662 5109 seu

2063 5147 2125 5203 in
2150 5145 2503 5202 monasterio
2533 5144 3072 5214 SanctiSalvatoris,
3104 5145 3422 5214 etGenesii,
3476 5162 3541 5200 ac
3580 5143 3663 5200 Mi-

2061 5235 2270 5292 chaelis
2299 5233 2652 5308 archangeli,
2681 5233 2836 5307 quod
2862 5237 2950 5288 est
2975 5233 3128 5289 infra
3147 5251 3347 5290 muros
3367 5232 3659 5298 Risuldini,

2061 5329 2119 5380 et
2143 5325 2341 5380 liceret
2367 5323 2448 5379 eis
2483 5327 2680 5379 nostra
2708 5324 3119 5380 constitutione
3153 5340 3222 5379 ex
3243 5323 3359 5380 suis
3391 5323 3582 5390 donis,
3607 5323 3659 5376 et

2057 5413 2306 5488 propriis
2328 5412 2760 5469 hereditatibus
2790 5413 3188 5484 episcopatum
3210 5412 3420 5482 ditare,
3463 5412 3657 5487 quibus

2053 5503 2270 5560 ibidem
2295 5503 2606 5559 servientes
2657 5503 2867 5570 vivere,
2908 5505 2968 5557 et
3023 5502 3216 5575 quiete
3276 5503 3395 5558 Deo
3458 5501 3654 5558 servire

2050 5591 2290 5667 possint,
2339 5591 2786 5666 episcopumque
2828 5591 2888 5646 in
2939 5608 3009 5648 eo
3048 5592 3374 5648 consecrari
3431 5610 3468 5648 a
3499 5590 3651 5648 nobis

2050 5682 2212 5742 ﬂexis
2238 5682 2481 5754 genibus
2534 5683 2650 5738 suis
2700 5698 2834 5738 cum
2861 5682 3054 5739 osculo
3083 5681 3302 5757 pedum
3333 5686 3652 5739 nostrorum

2049 5771 2370 5851 petierunt;
2395 5775 2456 5832 et
2473 5770 2574 5848 qui
2600 5770 2991 5832 necessarium
3013 5771 3421 5848 cognoscimus
3449 5772 3525 5830 ad
3544 5769 3646 5830 tale
