3888 6218
233 533 365 592 1605

1456 502 1812 564 ΕΡῙΞΤΟΙΛΕ
1857 499 1940 558 ΕΤ
1969 493 2286 557 DECRETA

3413 501 3433 554 l
3445 501 3548 556 606

227 658 315 714 vel
341 653 528 712 simile
561 665 703 722 opus
725 644 998 702 timentes
1028 639 1341 696 Dominum
1361 638 1560 691 nostra
1577 632 1844 688 exhorta-
1866 633 1923 693 Α
1944 624 2290 684 Portuensis.
2323 623 2572 678 Joannes
2599 618 2896 692 episcopus
2946 617 3235 674 Fundana
3264 619 3548 677 Ecclesia.

229 746 388 802 tione
415 741 716 806 inclinare,
746 751 867 791 non
900 731 1292 788 desiderantes
1318 728 1423 782 hos
1455 725 1542 778 vel
1567 722 1784 777 similes
1809 737 1844 774 a

226 851 328 892 suo
357 836 516 889 bono
546 826 840 902 proposito
868 836 1186 887 removere,
1216 833 1418 873 eorum
1448 809 1843 869 sacratissimis

227 899 602 996 petitionibus
621 899 906 972 contraire
928 909 1232 980 indignum
1249 901 1638 969 duximus,sed
1652 899 1843 972 potius

227 992 431 1068 eorum
475 1005 770 1064 desideriis
799 1002 1121 1056 annuentes
1153 997 1211 1052 in
1242 1011 1358 1050 uno
1389 1011 1456 1049 ex
1483 992 1663 1046 tribus
1692 1005 1841 1061 pra-

229 1101 395 1156 dictis
415 1097 575 1164 locis,
599 1110 744 1166 quos
782 1090 889 1146 sibi
931 1087 1118 1158 magis
1141 1083 1416 1157 placuerit
1445 1081 1840 1154 episcopatum

227 1189 377 1257 ﬁeri,
417 1190 475 1242 et
499 1183 668 1240 ditari
697 1178 1072 1244 decrevimus,
1096 1179 1154 1230 et
1180 1174 1240 1228 in
1267 1175 1612 1244 perpetuum
1631 1168 1846 1240 episco-

228 1280 432 1351 patum
457 1291 578 1330 esse
605 1285 927 1336 censemus,
957 1269 1129 1338 teque
1157 1261 1490 1317 Guifredum
1512 1258 1845 1329 episcopum

234 1367 296 1422 in
317 1365 525 1422 eadem
543 1376 744 1416 eorum
759 1356 1033 1430 petitione
1050 1350 1527 1415 consecravimus,
1544 1363 1612 1401 eo
1632 1345 1847 1400 scilicet

231 1454 436 1511 ordine
457 1455 521 1506 ut
540 1448 835 1505 licentiam
866 1448 925 1499 et
952 1445 1298 1516 potestatem
1328 1437 1540 1492 habeas
1561 1440 1623 1489 tu
1649 1433 1847 1505 tuique

231 1556 581 1599 successores
611 1533 862 1609 episcopi
893 1548 995 1604 per
1023 1534 1209 1586 totam
1234 1529 1393 1582 illam
1423 1529 1640 1580 terram
1672 1537 1849 1594 quam

233 1629 496 1705 pradicti
542 1627 748 1682 fratres
797 1619 1108 1677 venerabili
1150 1614 1499 1689 episcopatui
1531 1610 1850 1667 obtulerint

235 1699 322 1774 vel
351 1718 564 1773 habere
593 1714 817 1768 videtur
841 1728 906 1764 ex
928 1705 1163 1781 proprio
1188 1706 1362 1770 dono,
1387 1701 1743 1766 hareditate,
1761 1699 1847 1752 vel

238 1809 334 1864 alii
367 1803 673 1862 Christiani
705 1802 763 1856 in
803 1803 1098 1871 posterum
1155 1811 1259 1866 pro
1301 1790 1702 1862 redemptione
1732 1804 1848 1842 sua

239 1896 450 1952 anima
478 1891 665 1948 daturi
694 1892 827 1946 sunt
846 1883 1206 1942 consecranti
1262 1880 1548 1945 ecclesias,
1573 1882 1630 1932 et
1662 1876 1850 1932 consi-

2014 718 2222 771 Datum
2255 730 2329 768 vn
2359 710 2602 766 Kalend.
2642 707 2934 764 Februarii
2971 725 3075 780 per
3107 724 3346 764 manum
3385 710 3554 766 Boso-

1945 804 2032 860 nis
2061 804 2166 858 Dei
2218 801 2405 874 gratia
2459 798 2712 872 episcopi
2769 801 2828 852 et
2881 797 3302 852 bibliothecarii
3349 802 3559 854 sancta

1945 892 2267 966 apostolica
2299 889 2472 948 sedis.
2621 944 2626 950 .

2662 957 2846 1012 XVIII.

1947 1051 2270 1107 Benedictus
2305 1047 2450 1104 V111
2482 1048 2928 1119 papa_ecclesiam
2969 1043 3422 1119 Bisuldugensem
3456 1064 3559 1101 nu-

2012 1141 2108 1194 per
2143 1115 2499 1194 constructam
2622 1117 2897 1194 Bernardo
2951 1119 3140 1170 comite
3192 1115 3566 1177 Bz'suldz‘nemi

2016 1189 2111 1248 sub
2126 1193 2457 1264 protectione
2486 1190 2620 1244 sedis
2645 1189 2940 1259 apostolica
2966 1190 3174 1259 recipit.

2555 1279 2748 1347 (Anno
2785 1276 2961 1337 lOl'l.)

2287 1352 2707 1416 [COCQUELINES,
2739 1351 2882 1402 tom.
2918 1349 2960 1415 l,
2987 1364 3044 1420 p.
3074 1350 3226 1413 326.]

2019 1444 2356 1498 Banamcrus
2386 1438 2704 1510 episcopus,
2737 1451 2932 1489 servus
2985 1452 3285 1490 servorum
3323 1437 3444 1505 Dei,
3479 1437 3566 1492 di-

1947 1530 2266 1586 lectissimo
2298 1529 2358 1584 in
2389 1527 2612 1582 Christo
2649 1524 2768 1579 ﬁlio
2791 1526 3120 1578 ADALBERTO
3161 1524 3219 1579 S.
3255 1524 3564 1580 Salvatoris

1949 1623 2008 1676 et
2030 1620 2092 1675 S.
2115 1617 2342 1674 Genesii
2365 1633 2430 1672 ac
2454 1617 2514 1671 S.
2545 1614 2833 1670 Michaelis
2861 1611 3092 1680 rectori,
3116 1628 3362 1684 quorum
3393 1614 3569 1668 eccle-

1948 1709 2032 1764 sia
2063 1713 2149 1763 est
2176 1707 2457 1762 adiﬁcata
2479 1705 2644 1776 juxta
2672 1706 2926 1757 castrum
2958 1700 3277 1769 Bisulduni,
3308 1700 3414 1755 tibi
3438 1701 3570 1755 tuis-

1949 1815 2060 1870 que
2097 1795 2514 1851 successoribus
2539 1791 2758 1847 cunctis
2789 1791 2850 1845 in
2883 1793 3254 1861 perpetuum.

2021 1884 2376 1941 Desiderium
2427 1882 2579 1954 quod
2614 1880 2689 1935 ad
2746 1879 3084 1949 religiosum
3122 1879 3486 1951 propositum
3514 1881 3574 1934 et

248 1983 469 2058 Snaﬂdi
499 1981 772 2045 infantes.
795 1976 1031 2032 Clericos
1047 1971 1440 2027 θὶεᾶοθΐάοῐθε
1471 1965 1848 2023 benedicendi
1871 1968 1922 2029 Β
1952 1974 2551 2030 sanctorumlocorum
2566 1967 2941 2023 stabilitatem
2965 1966 3262 2037 pertinere
3281 1972 3572 2023 monstra-

240 2056 484 2129 etomne
498 2067 816 2140 episcopale
837 2081 977 2135 opus
992 2059 1329 2134 peragendi.
1346 2056 1851 2112 Consecrationem

239 2177 375 2216 vero
387 2171 776 2214 successorum
800 2157 1030 2208 tuorum
1054 2149 1220 2204 nobis
1240 2145 1561 2216 nostrisque
1574 2159 1854 2199 successo-

252 2249 411 2304 ribus
429 2260 788 2303 reservamus
807 2241 1239 2312 inperpetuum,
1261 2251 1366 2307 pro
1399 2250 1512 2306 qua
1531 2231 1852 2287 sacratione

242 2338 413 2394 nobis
431 2339 488 2390 et
509 2331 926 2390 successoribus
937 2327 1146 2382 nostris
1168 2343 1201 2380 a
1216 2322 1632 2379 successoribus
1658 2319 1856 2375 vestris

247 2425 392 2483 nihil
425 2423 618 2480 oﬁ'erri
641 2421 968 2494 judicamus
997 2418 1205 2471 statuta
1252 2415 1582 2467 sanctorum
1617 2410 1854 2494 Patrum

244 2517 571 2588 sequentes.
603 2489 714 2566 sed
736 2525 808 2563 ne
832 2507 1107 2579 appareat
1131 2503 1192 2557 in
1224 2503 1532 2572 conspectu
1556 2502 1752 2553 nostro
1773 2489 1858 2551 vel

245 2616 638 2660 successorum
673 2600 1004 2653 nostrorum
1051 2608 1275 2658 vacuus,
1309 2589 1406 2661 qui
1438 2586 1860 2643 consecrandus

259 2693 391 2760 erit,
428 2707 546 2744 non
577 2704 682 2760 pro
735 2681 1186 2746 consecratione,
1228 2682 1290 2733 ut
1319 2677 1586 2744 diximus,
1620 2674 1719 2729 sed
1755 2690 1860 2745 pro

251 2781 448 2836 debita
464 2774 816 2841 obedientia,
831 2776 888 2826 et
911 2776 974 2825 ut
984 2771 1307 2840 subjectum
1325 2783 1383 2821 se
1401 2781 1629 2836 semper
1653 2767 1861 2817 nostra

251 2869 519 2926 Ecclesia
571 2864 855 2928 ostendat,
882 2863 1010 2932 post
1059 2857 1442 2912 sacrationem
1492 2870 1654 2908 suam
1687 2868 1864 2906 unam

253 2960 465 3016 libram
492 2956 614 3012 auri
636 2952 827 3009 offerri
843 2951 1135 3022 jubemus.
1161 2946 1461 3017 Similique
1483 2944 1655 2998 modo
1673 2941 1867 3014 praci-

253 3051 450 3123 pimus
501 3049 565 3100 ut
611 3047 814 3098 contra
853 3039 1203 3095 Christianos
1247 3051 1410 3090 arma
1452 3048 1684 3088 movere
1712 3032 1871 3084 nulla

255 3140 487 3196 ratione
516 3147 855 3208 prasumas,
870 3144 974 3183 nec
995 3127 1188 3198 aliqua
1209 3140 1428 3196 magna
1450 3124 1535 3176 vel
1556 3138 1731 3193 parva
1748 3136 1874 3191 per.

257 3244 404 3285 sona
423 3227 496 3281 ad
514 3227 619 3280 hoc
636 3238 734 3277 vos
753 3234 960 3290 cogere
977 3219 1180 3270 tentet.
1196 3215 1526 3269 Statuentes
1557 3209 1874 3283 apostolica

1954 2065 2068 2129 tur,
2083 2063 2208 2116 sine
2224 2060 2436 2132 aliqua,
2458 2060 2576 2114 Deu
2599 2059 2851 2122 auctore,
2870 2053 3290 2126 perﬁciendum
3311 2058 3397 2109 est
3428 2054 3572 2110 dila-

1951 2151 2141 2207 tione:
2165 2153 2224 2204 et
2243 2148 2467 2220 quoties
2493 2146 2552 2200 in
2573 2144 2870 2215 cujusdam
2888 2143 3011 2214 ejus
3030 2141 3293 2197 utilitatis
3315 2156 3575 2198 commo-

1956 2241 2094 2294 dum
2116 2241 2375 2293 nostrum
2401 2250 2697 2290 assensum
2715 2235 2772 2286 et
2795 2235 3010 2286 sancta
3031 2231 3347 2302 apostolica
3371 2235 3572 2287 aucto-

1955 2329 2140 2384 ritatis
2154 2325 2475 2398 exposcitur
2487 2321 2995 2396 prasidium,ultro
3012 2319 3386 2391 benignitatis
3405 2320 3577 2375 intui-

1958 2421 2020 2471 tu
2041 2433 2143 2471 nos
2161 2413 2431 2470 convenit
2453 2410 2852 2466 subvenire....
2880 2424 2984 2480 pro
3007 2408 3238 2479 integra
3265 2409 3573 2464 securitate

1959 2523 2027 2560 ex
2039 2505 2263 2559 ratione
2283 2503 2548 2567 solidare,
2562 2503 2626 2554 ut
2638 2516 2704 2553 ex
2725 2499 2834 2553 hoc
2845 2497 2983 2568 ipsis
2997 2496 3420 2552 venerabilibus
3434 2498 3574 2552 locis

1961 2596 2130 2660 salus,
2155 2597 2212 2646 et
2247 2589 2598 2646 indemnitas
2622 2586 3033 2660 proﬁciscatur,
3065 2588 3123 2640 et
3149 2585 3316 2640 nobis
3344 2603 3574 2658 quoque

1962 2683 2104 2738 lucri
2118 2680 2480 2754 potissimum
2495 2677 2802 2748 pramium
2815 2692 2849 2730 a
2865 2674 3159 2728 conditore
3174 2674 3441 2728 omnium
3458 2676 3575 2729 Deo

1965 2772 2025 2826 in
2056 2770 2289 2825 sidereis
2318 2768 2543 2823 arcibus
2573 2763 3288 2834 ascribatur.Quapropter
3309 2762 3580 2817 omnibus

1967 2858 2300 2914 hominibus
2343 2860 2547 2911 notum
2591 2870 2712 2908 esse
2756 2853 3015 2907 volumus
3043 2855 3164 2905 tam
3202 2851 3581 2921 prasentibus

1969 2964 2142 3018 quam
2165 2946 2371 3000 futuris
2393 2944 2671 3016 quoniam
2693 2941 2931 2995 dilectus
2962 2939 3111 2993 ﬁlius
3140 2943 3336 2993 noster
3356 2939 3583 2994 inclitus

1971 3035 2399 3092 Bisuldunensis
2430 3110 2433 3112 _
2470 3049 2666 3088 comes
2718 3030 3042 3086 Bernardus
3099 3045 3232 3083 cum
3294 3029 3413 3084 ﬁlio
3477 3046 3580 3084 suo

1970 3125 2271 3181 Guillelmo
2320 3123 2478 3177 ﬂexis
2516 3120 2761 3192 genibus
2794 3119 2970 3191 pedes
3019 3121 3246 3173 nostros
3274 3119 3581 3173 osculando

1973 3217 2229 3269 sanctam
2250 3214 2573 3266 Romanam
2594 3208 2814 3262 curiam
2832 3207 3170 3278 deprecatus
3183 3211 3288 3274 est,
3303 3211 3365 3261 ut
3388 3208 3587 3272 prafe-

257 3333 523 3383 censura,
554 3313 658 3368 Sllb
693 3308 870 3366 diVini
895 3305 1096 3378 indidi
1146 3303 1529 3359 οὒιθεῐᾶῐίοῐιθ
1551 3305 1609 3355 et
1637 3299 1878 3354 anathe-
1898 3276 1948 3340 C
1979 3310 2098 3361 tam
2119 3303 2417 3358 ecclesiam
2454 3299 2648 3354 Sancti
2671 3276 2998 3361 Salvatoris,
3023 3311 3088 3348 ac
3110 3296 3305 3349 Sancti
3336 3297 3583 3365 Genesii,

261 3407 434 3464 matis
454 3399 859 3459 interdictione
868 3399 949 3466 ,ut
964 3393 1105 3448 nulli
1125 3408 1383 3463 unquam
1404 3395 1738 3445 nostrorum
1763 3404 1882 3442 suc-

260 3509 554 3552 cessorum
575 3488 914 3562 pontiﬁcum
944 3484 1031 3538 vel
1055 3482 1151 3537 alii
1171 3480 1405 3535 cuilibet
1429 3496 1660 3550 magna
1673 3494 1884 3550 parva-

261 3603 373 3659 que
403 3596 666 3656 persona
717 3578 839 3631 hac
882 3591 1012 3647 qua
1065 3589 1099 3626 a
1151 3569 1318 3624 nobis
1350 3569 1526 3624 modo
1571 3569 1798 3623 decreta
1828 3570 1885 3621 et

261 3656 572 3730 constituta
595 3669 749 3733 sunt,
780 3665 841 3718 in
876 3677 1170 3735 quoquam
1200 3658 1522 3713 convellere
1561 3657 1662 3711 sed
1692 3656 1881 3728 potius

262 3763 436 3818 ﬁrma
484 3756 794 3813 stabilitate
842 3751 1174 3806 inconvulsa
1208 3746 1496 3820 perpetuis
1538 3761 1882 3817 permanere

263 3847 622 3922 temporibus
637 3839 1034 3900 deﬁnimus.Si
1051 3837 1178 3910 quis
1200 3839 1397 3891 autem
1417 3833 1728 3890 temerario
1743 3849 1884 3887 ausu

270 3921 472 3996 contra
489 3935 659 4006 hujus
681 3933 892 3987 nostra
908 3927 1234 4001 apostolica
1255 3922 1658 3998 praeceptionis
1671 3921 1884 3977 seriem

269 4030 363 4104 pie
391 4045 425 4084 a
453 4025 619 4082 nobis
647 4021 1094 4095 promulgatam,
1120 4016 1339 4083 venire,
1364 4031 1557 4086 agere,
1578 4014 1666 4067 vel
1700 4009 1880 4068 effrin.

275 4134 413 4190 gere
462 4110 792 4178 tentaverit,
827 4108 968 4163 sciat
1015 4124 1096 4173 se,
1156 4104 1264 4159 nisi
1310 4102 1633 4174 resipuerit,
1665 4099 1892 4155 domini

276 4189 456 4262 nostri
486 4205 544 4258 et
570 4200 965 4273 apostolorum
1001 4193 1278 4268 principis
1311 4191 1463 4248 Petri
1501 4189 1891 4245 anathematis

276 4294 501 4351 vinculo
533 4289 900 4353 innodatum,
931 4288 988 4340 et
1015 4300 1147 4338 cum
1169 4281 1395 4336 diabolo
1436 4283 1493 4334 et
1521 4280 1643 4350 ejus
1663 4276 1893 4332 atrocis-

279 4383 440 4440 simis
469 4378 697 4453 pompis
721 4380 893 4448 atque
922 4390 1055 4428 cum
1083 4372 1228 4427 Juda
1252 4369 1526 4424 traditore
1554 4369 1655 4422 Dei
1683 4371 1740 4423 et
1768 4368 1889 4422 Sal-

279 4470 488 4527 vatoris
513 4466 695 4522 nostri
731 4466 862 4520 Jesu
886 4460 1088 4517 Christi
1115 4461 1175 4514 in
1213 4462 1496 4514 aternum
1528 4456 1726 4528 ignem
1751 4471 1889 4510 con-

281 4558 684 4624 cremandum,
715 4553 1001 4623 simulque
1033 4553 1090 4605 et
1134 4549 1195 4604 in
1226 4547 1502 4619 voragine
1527 4549 1890 4616 tartareaque
1916 4585 1968 4645 D

284 4651 455 4706 chaos
485 4641 912 4715 demergendus
943 4656 1075 4694 cum
1123 4637 1316 4709 impiis
1342 4636 1587 4692 deﬁciat.
1623 4633 1730 4698 Qui
1758 4650 1889 4688 vero

284 4737 380 4812 pio
412 4736 622 4791 intuitu
659 4734 846 4789 custos
897 4731 954 4784 et
1006 4727 1302 4793 obediens,
1353 4728 1525 4797 atque
1564 4725 1894 4778 observator

285 4828 455 4898 hujus
487 4828 697 4880 nostra
722 4819 1028 4876 salutifera
1059 4813 1460 4888 praceptionis
1480 4812 1776 4879 exstiterit,
1800 4812 1895 4866 be-

289 4913 634 4972 nedictionis
664 4910 910 4983 gratiam
931 4911 988 4962 et
1006 4905 1246 4961 caelestis
1267 4902 1661 4959 retributionis
1681 4904 1897 4957 aterna

292 5004 507 5077 gaudia
535 5019 569 5057 a
592 5003 747 5074 justo
763 4997 956 5071 judice
975 4994 1224 5050 Domino
1253 4995 1368 5048 Deo
1391 4995 1589 5047 nostro
1621 4991 1896 5062 consequi

292 5096 584 5150 mereatur
610 5092 671 5145 in
697 5088 905 5144 saecula
934 5085 1299 5140 saculorum.
1330 5085 1539 5138 Amen.

366 5181 653 5255 Scriptum
684 5195 787 5250 per
813 5190 1055 5231 manum
1086 5172 1374 5227 Benedicti
1406 5170 1898 5242 notariiregiona-

294 5274 366 5331 rii
395 5278 453 5330 et
469 5269 752 5328 scriniarii
776 5269 984 5322 sancta
1015 5265 1291 5319 Romana
1313 5262 1598 5330 Ecclesia,
1619 5261 1679 5316 in
1702 5277 1902 5316 mense

293 5363 587 5431 Januario,
610 5358 924 5416 indictione
965 5353 1165 5426 quinta
1185 5353 1425 5408 decima.

369 5457 568 5510 Petrus
612 5447 872 5505 Ecclesia
901 5443 1148 5499 Sutrina
1198 5441 1592 5514 episcopushis
1637 5439 1906 5496 omnibus

299 5541 592 5601 consensit
607 5543 663 5594 et
682 5532 1034 5603 subscripsit.
1062 5530 1318 5585 Linoltus
1340 5531 1658 5603 cpiscopus.
1690 5531 1906 5585 Rober-

303 5640 394 5693 tus
422 5633 739 5704 episcopus.
757 5627 1006 5681 Joannes
1039 5620 1321 5675 Hortarius
1367 5619 1686 5690 episcopus.
1729 5621 1907 5675 Bene-

305 5725 487 5780 dictus
509 5715 772 5776 Carensis
799 5712 1114 5785 episcopus.
1141 5711 1338 5764 Petrus
1369 5709 1666 5782 episcopus
1697 5711 1910 5763 sancta

306 5807 665 5886 Pipemensis
714 5801 998 5862 Ecclesia.
1043 5802 1164 5874 Ego
1214 5799 1552 5858 Benedictus
1611 5797 1912 5873 episcopus

1982 3411 2087 3449 nec
2100 3409 2218 3447 non
2235 3389 2428 3446 Sancti
2439 3386 2727 3443 Michaelis
2737 3383 3068 3452 archangeli
3084 3383 3190 3437 sub
3209 3384 3330 3437 sola
3343 3384 3586 3440 tuitione

1981 3500 2047 3538 ac
2091 3479 2424 3536 defensione
2470 3475 2624 3532 beati
2677 3473 2828 3528 Petri
2867 3470 3130 3543 apostoli,
3167 3471 3368 3542 suique
3393 3472 3588 3528 vicarii

1981 3570 2384 3641 reciperemus,
2409 3568 2465 3619 et
2485 3566 2693 3618 nostra
2714 3558 3037 3632 apostolica
3049 3558 3592 3627 conﬁrmationis,et

1983 3657 2332 3716 auctoritatis
2353 3652 2652 3726 privilegio
2699 3649 3080 3704 muniremus.
3103 3649 3182 3702 Ea
3214 3651 3472 3720 propter,
3504 3649 3591 3704 di-

1983 3751 2127 3804 lecte
2156 3739 2690 3809 ﬁliAdalberte,tibi
2711 3737 2938 3810 tuisque
2962 3736 3380 3791 successoribus
3392 3737 3592 3793 decer-

1986 3837 2177 3894 nimus
2187 3834 2355 3906 hujus
2375 3829 2699 3903 apostolica
2720 3825 3072 3881 auctoritatis
3088 3825 3389 3897 privilegio
3403 3842 3437 3881 a
3450 3843 3595 3898 pra-

1989 3927 2137 3984 senti
2159 3925 2380 3982 decima
2398 3921 2599 3994 quinta
2627 3917 2964 3984 indictione,
2987 3914 3278 3970 sancimus
3299 3917 3371 3972 ob
3407 3917 3594 3972 hono-

1990 4035 2117 4073 rem
2139 4017 2312 4090 ipsius
2333 4015 2390 4071 S.
2407 4009 2732 4077 Salvatoris,
2747 4012 2804 4063 et
2820 4007 2878 4062 S.
2900 4006 3125 4062 Genesii
3147 4007 3286 4063 ac'S.
3310 4007 3599 4062 Michaelis

1993 4105 2346 4178 archangeli,
2371 4108 2428 4159 et
2454 4101 2825 4159 stabilitatem
2847 4097 3105 4170 ejusdem
3131 4097 3262 4165 loci,
3282 4114 3458 4171 quem
3478 4097 3599 4170 ipse

1991 4197 2295 4271 pradictus
2313 4210 2508 4250 comes
2527 4188 2852 4246 Bernardus
2889 4204 3023 4242 cum
3059 4188 3336 4242 avunculo
3367 4204 3468 4242 suo
3497 4188 3602 4244 Mi-

1991 4302 2136 4342 vone
2158 4301 2261 4358 pro
2284 4281 2701 4356 omnipotentis
2721 4278 2822 4333 Dei
2846 4294 3066 4345 amore,
3090 4277 3470 4350 mercedeque
3485 4277 3608 4334 ani-

1991 4391 2103 4430 ma
2128 4389 2244 4428 sua
2270 4373 2340 4426 de
2369 4388 2470 4426 suo
2493 4369 2729 4443 proprio
2768 4367 3043 4422 comitatu
3078 4367 3362 4422 moderno
3377 4367 3495 4438 juri
3519 4368 3608 4423 vel

1991 4461 2197 4518 ditioni
2226 4461 2426 4516 subsit.
2452 4458 2727 4532 Inprimis
2761 4455 3063 4511 ecclesiam
3097 4453 3293 4510 Sancti
3322 4455 3606 4511 Vincenlii

1990 4569 2122 4607 cum
2143 4549 2380 4604 decimis
2405 4551 2462 4603 et
2502 4547 2794 4620 primitiis,
2826 4549 2884 4600 et
2902 4542 3213 4599 cimeteriis
3233 4544 3351 4598 suis
3380 4544 3459 4598 cis
3488 4549 3610 4599 tor-

1990 4644 2217 4697 rentem
2243 4642 2302 4693 et
2321 4639 2472 4691 ultra
2523 4639 2868 4703 torrentem,
2917 4651 3016 4688 seu
3049 4648 3184 4686 cum
3213 4631 3611 4688 oblationibus

1993 4729 2130 4792 suis,
2155 4732 2212 4782 et
2248 4743 2380 4783 cum
2426 4726 2680 4781 ecclesiis
2735 4725 2851 4779 suis
2903 4721 3300 4793 suifraganeis,
3350 4721 3613 4776 videlicet

1995 4816 2189 4874 Sancti
2227 4815 2454 4871 Martini
2506 4815 2577 4870 de
2618 4813 2946 4879 Juviniano,
2969 4814 3027 4866 et
3069 4811 3293 4866 Sancta
3320 4808 3512 4864 Maria
3540 4811 3610 4864 de

1997 4907 2179 4974 Faxis,
2203 4909 2261 4959 et
2280 4903 2478 4959 Sancti
2525 4902 2820 4957 Fructuosi
2853 4902 2922 4956 de
2972 4899 3301 4966 Ursiniano,
3332 4901 3388 4953 et
3416 4897 3614 4952 Sancti

1999 4993 2266 5066 Sylvestri
2288 4993 2358 5047 de
2373 4993 2514 5058 Mor,
2537 4990 2682 5044 sicut
2701 4990 2966 5044 terminis
2987 4989 3362 5058 assignantur
3390 4986 3450 5041 in
3479 4986 3613 5041 dote

1999 5080 2446 5140 consecrationis
2467 5079 2588 5150 ejus
2620 5095 2794 5150 quam
2826 5077 3154 5150 conspectui
3181 5080 3376 5132 nostro
3409 5075 3618 5131 obtulit

2002 5170 2325 5227 Bernardus
2336 5167 2606 5241 spiritalis
2622 5167 2994 5222 ﬁlius‘noster
3012 5168 3138 5240 jam
3169 5166 3368 5222 dictus.
3390 5165 3617 5220 Primus

2003 5259 2286 5315 terminus
2315 5261 2400 5312 est
2416 5255 2712 5327 jamdicta
2762 5255 2818 5310 S.
2869 5256 3154 5312 Vincentii
3201 5253 3453 5311 ecclesia
3483 5269 3615 5308 cum

2004 5345 2383 5417 suﬁ'raganeis
2404 5343 2517 5398 suis
2533 5344 2604 5398 ab
2627 5343 2849 5398 oriente
2895 5343 2953 5398 in
2973 5345 3247 5412 Portello,
3281 5345 3353 5399 de
3373 5340 3615 5397 meridie

2005 5438 2066 5494 in
2089 5435 2332 5490 ﬂumine
2362 5433 2432 5488 de
2455 5433 2628 5487 Tezer
2677 5435 2734 5486 et
2781 5432 2841 5486 in
2870 5433 3083 5499 Turno,
3117 5433 3189 5487 de
3230 5431 3524 5488 occidente
3554 5429 3616 5484 in

2009 5524 2305 5591 Lidercha,
2329 5526 2386 5577 et
2405 5521 2465 5576 in
2487 5524 2685 5576 monte
2708 5519 3048 5591 Augustino,
3063 5521 3134 5576 de
3156 5520 3340 5576 Circio
3362 5520 3422 5574 in
3442 5517 3614 5590 podio

2007 5613 2211 5686 regali,
2251 5615 2308 5667 et
2337 5613 2397 5666 in
2444 5614 2645 5666 monte
2678 5608 2905 5680 Frigido
2928 5624 3099 5679 super
3137 5609 3442 5674 Paleriam,
3470 5610 3529 5662 et
3557 5607 3619 5661 in

2010 5707 2209 5763 monte
2223 5702 2389 5758 Calvo
2402 5717 2574 5773 super
2586 5696 3383 5772 Ligordanum.Etecclesiam
3395 5696 3622 5752 Sancta

2011 5792 2227 5868 Maria,
2253 5795 2312 5850 et
2356 5790 2553 5851 Sancti
2591 5786 2830 5850 Joannis
2855 5802 2990 5846 cum
3017 5782 3292 5843 omnibus
3327 5783 3533 5842 alodiis
3563 5785 3623 5840 et
