3888 6218
349 437 484 494 I607
1632 429 1992 487 BENEDICTI
2029 428 2144 485 VIII
2182 429 2388 486 ΡΑΡᾺΕ
3543 437 3692 493 I608

345 553 790 627 preprietatibus
809 551 944 622 suis,
971 567 1098 624 qua
1120 555 1205 607 est
1224 552 1282 606 in
1305 567 1484 624 prope
1523 551 1739 606 moenia
1773 552 1950 607 Bisul-
1980 557 2031 617 Α
2055 551 2209 607 Petri
2237 551 2624 608 anathematis
2655 553 2878 609 vinculo
2911 553 3277 622 innodatum,
3304 557 3363 610 et
3387 571 3524 611 cum
3559 555 3694 612 dia-

347 642 487 698 dnni
505 659 623 698 una
644 657 776 696 cum
795 641 920 714 ipsa
942 641 1293 714 proprietate
1319 657 1493 712 quam
1521 641 1758 712 prazfata
1783 642 1955 696 eccle-
2054 640 2188 696 bolo
2220 644 2277 696 et
2307 641 2428 712 ejus
2459 641 2828 704 atrocissimis
2859 642 3108 716 pompis,
3159 645 3330 716 atque
3362 660 3502 699 cum
3531 645 3686 700 Juda

347 732 432 787 sia
452 731 643 788 Sancti
670 730 978 786 Salvatoris
1023 733 1080 783 et
1124 729 1316 785 Sancti
1370 729 1615 796 Genesii,
1647 745 1710 782 ac
1763 728 1956 784 Sancti
2055 729 2334 785 traditore
2361 731 2419 784 in
2452 736 2738 787 {eternum
2765 731 2962 804 ignem
2991 731 3687 800 concrematum,simul-

351 819 640 875 Michaelis
669 820 882 874 habere
912 817 1138 872 videtur
1161 819 1218 872 in
1249 819 1430 888 burgo
1467 816 1782 884 Bisuldnni,
1815 820 1873 871 et
1897 818 1955 871 in
2057 835 2168 889 que
2200 818 2254 872 in
2288 819 2562 890 voragine
2593 836 2725 875 cum
2757 820 2951 894 impiis
2988 821 3235 878 deficiat.
3267 823 3376 887 Qui
3405 840 3543 878 vero
3569 840 3682 895 pro

346 909 606 977 circuitu,
646 911 702 960 et
731 909 790 961 in
818 907 1089 962 omnibus
1115 906 1240 961 aliis
1267 906 1420 960 locis.
1453 907 1562 961 Has
1589 922 1722 960 vero
1751 922 1958 975 supra-
2057 904 2269 960 intuitu
2297 910 2484 962 custos
2510 911 2566 962 et
2594 909 2890 977 obediens,
2926 916 3100 983 atque
3131 912 3466 967 observator
3493 911 3674 982 hujus

349 996 544 1064 dictas,
579 1013 780 1050 omnes
829 994 1094 1049 ecclesias
1151 1011 1283 1048 cum
1341 995 1609 1050 omnibus
1647 994 1869 1062 alodiis,
1899 997 1957 1049 et
2003 1018 2027 1034 ο
2059 997 2268 1049 nostra:
2300 996 2605 1051 salutiferae
2636 998 3039 1068 praeceptionis
3059 1000 3359 1067 exstiterit,
3391 999 3673 1055 benedic-

348 1083 798 1158 proprietatibus
827 1082 963 1149 suis,
987 1082 1131 1137 sicut
1174 1083 1321 1137 fatus
1351 1083 1671 1137 Bernardus
1708 1082 1828 1156 ipse
1858 1100 1951 1137 co-
2054 1082 2227 1138 tionis
2275 1086 2546 1154 gratiam,
2600 1090 2656 1140 et
2699 1088 2941 1142 caelestis
2998 1088 3393 1144 retributionis
3449 1090 3680 1143 aeterna

347 1189 469 1227 mes
499 1173 729 1227 donavit
753 1187 886 1226 cum
914 1171 1196 1226 avunculo
1215 1187 1314 1226 suo
1346 1171 1564 1227 Mirone
1586 1172 1643 1225 in
1680 1171 1954 1244 praedicta
2057 1172 2268 1242 gaudia
2298 1189 2330 1226 a
2354 1176 2510 1244 justo
2531 1175 2720 1245 judice
2752 1176 2999 1231 Domino
3032 1179 3149 1232 Deo
3174 1180 3371 1232 nostro
3395 1177 3683 1249 consequi

345 1262 605 1328 ecclesia,
623 1262 709 1316 vel
733 1261 992 1328 donabit,
1015 1264 1072 1315 et
1090 1264 1299 1315 caetera
1321 1278 1448 1332 quas
1468 1261 1680 1332 ubique
1704 1261 1952 1326 donavit,
2055 1263 2348 1315 mereatur
2370 1262 2430 1316 in
2463 1263 2670 1318 saecula
2693 1265 3056 1320 saeculorum.
3083 1267 3292 1324 Amen.

346 1355 443 1406 aut
472 1350 734 1418 donabit,
767 1349 881 1404 sive
919 1349 1082 1417 casis,
1133 1349 1434 1417 casalibus,
1480 1349 1674 1415 curtis,
1715 1349 1951 1416 mansis,
2129 1348 2418 1419 Scriptum
2459 1367 2564 1422 per
2611 1368 2853 1406 manum
2913 1353 3203 1408 Benedicti
3233 1353 3445 1409 notarii
3476 1352 3680 1425 regio-

346 1438 621 1506 ecclesiis,
655 1438 867 1505 fundis,
890 1438 1079 1505 terris,
1102 1455 1201 1491 seu
1240 1438 1442 1505 vineis,
1483 1437 1678 1509 pratis,
1710 1437 1952 1508 pascuis,
2056 1437 2203 1491 narii
2256 1441 2313 1492 et
2368 1439 2628 1495 scrinarii
2679 1445 2892 1497 sanctas
2961 1444 3237 1498 Romanae
3290 1443 3557 1499 Ecclesiae
3617 1444 3678 1498 in

342 1533 401 1583 et
415 1545 546 1583 cum
564 1527 836 1582 omnibus
851 1527 923 1580 ad
936 1527 1029 1596 jus
1043 1526 1293 1581 ecclesia:
1310 1529 1518 1581 notata:
1533 1525 1956 1597 pertinentibus
2055 1541 2253 1581 mense
2281 1528 2573 1597 Januario,
2605 1529 2921 1586 indictione
2950 1532 3155 1604 quinta
3183 1531 3429 1588 decima.

339 1619 555 1672 salvam
581 1620 640 1671 et
669 1616 729 1670 in
756 1615 974 1669 cunctis
1006 1615 1259 1686 quietam
1282 1615 1591 1668 consistere
1613 1615 1716 1669 sub
1745 1617 1953 1669 nostra:
2129 1615 2325 1670 Petrus
2372 1618 2622 1672 ecclesias
2657 1619 2903 1675 Sutrinus
2945 1620 3243 1692 episcopus
3274 1620 3360 1676 his
3392 1621 3675 1678 omnibus

341 1704 674 1778 apostolica:
696 1703 843 1758 sedis
863 1703 1129 1769 tuitione,
1152 1703 1232 1756 ita
1261 1703 1668 1758 confirmantes
1697 1704 1954 1758 decerni-
2053 1706 2338 1759 consentit
2364 1709 2421 1760 et
2445 1707 2798 1779 subscripsit.

347 1811 492 1860 mus,
516 1796 578 1846 ut
595 1791 1234 1863 nullusimperatorum,
1263 1792 1347 1845 vel
1369 1809 1600 1862 regum,
1629 1809 1814 1863 neque
1837 1793 1953 1846 ulla
2122 1793 2403 1848 Robertus
2431 1795 2749 1868 episcopus.

343 1897 594 1954 persona
625 1879 901 1934 clericalis
930 1880 1014 1933 vel
1045 1879 1280 1946 laicalis,
1306 1897 1476 1952 parva
1525 1884 1622 1934 aut
1645 1897 1863 1952 magna
1891 1881 1949 1934 in

341 1969 597 2042 praefatis
628 1967 900 2036 ecclesiis,
934 1985 1121 2040 neque
1153 1968 1210 2022 in
1242 1969 1603 2040 parochianis
1623 1986 1822 2025 earum
1847 1985 1949 2043 pro

2120 1881 2369 1936 Joannes
2400 1884 2684 1938 Hortanus
2713 1884 3011 1959 episcopus
3028 1888 3377 1960 subscripsit.

2123 1969 2460 2025 Benedictus
2485 1973 2716 2028 Arensis
2745 1975 3062 2047 episcopus.

1980 1941 2032 1999 Β

343 2075 501 2131 pace,
530 2062 588 2112 et
617 2061 843 2128 tregua,
867 2074 964 2112 seu
985 2073 1089 2128 pro
1137 2074 1199 2111 re
1235 2059 1632 2126 ecclesiastica,
1661 2059 1804 2112 sicut
1825 2061 1948 2130 jam
2123 2059 2322 2113 Petrus
2353 2062 2651 2133 episcopus
2679 2065 2890 2119 sanctae
2921 2064 3275 2136 Pipemensis
3303 2068 3591 2124 Ecclesiae.

343 2147 477 2202 dicti
501 2146 736 2202 termini
753 2147 1138 2217 assignantur,
1155 2147 1408 2218 aliquam
1433 2147 1714 2202 ditionem
1737 2148 1949 2202 habere
2123 2147 2239 2217 Ego
2273 2149 2613 2204 Benedictus
2651 2153 2979 2208 Portuensis
3001 2155 3320 2227 episCOpus.

339 2240 672 2309 praesumat,
696 2236 799 2291 sed
829 2253 953 2291 rem
984 2252 1087 2307 per
1126 2236 1406 2307 judicium
1465 2237 1756 2292 Adalberti
1800 2239 1947 2309 ejus-
2122 2238 2329 2291 Datum
2360 2255 2435 2292 vn
2466 2239 2588 2294 Kal.
2647 2241 2938 2296 Februarii
2988 2259 3090 2313 per
3127 2259 3370 2299 manum
3426 2246 3668 2302 Bosonis

340 2325 474 2380 dem
506 2325 614 2380 loci
644 2325 881 2380 rectoris
905 2325 988 2378 vel
1022 2340 1430 2390 successorum,
1455 2325 1550 2396 qui
1581 2325 1639 2379 in
1658 2325 1781 2396 jam
1799 2325 1948 2379 dicta
2048 2328 2149 2382 Dei
2180 2327 2367 2398 gratia
2393 2328 2664 2400 episcopi,
2705 2333 2763 2384 et
2789 2330 3208 2387 bibliothecarii
3254 2337 3466 2390 sancta:
3494 2351 3669 2408 apos-

341 2413 577 2468 ecclesia
622 2413 815 2468 Sancti
875 2413 1183 2468 Salvatoris
1212 2430 1276 2466 ac
1330 2414 1520 2468 Sancti
1578 2413 1799 2467 Genesii
1847 2431 1944 2468 seu
2047 2418 2232 2472 tolicze
2263 2416 2429 2472 sedis.

341 2501 532 2556 Sancti
563 2501 849 2556 Michaelis
877 2500 1052 2555 modo
1081 2503 1138 2553 et
1174 2500 1231 2554 in
1261 2501 1449 2555 futuro
1495 2501 1554 2554 in
1600 2504 1945 2573 perpetuum
2117 2506 2269 2560 Bene
2295 2507 2497 2561 valete.

339 2588 1216 2660 commorabuntur,dijudicent,
1229 2593 1284 2642 et
1297 2589 1620 2643 discernant
1631 2593 1704 2654 ,et
1719 2605 1945 2661 semper
2797 2595 2908 2650 XIX

342 2677 400 2730 in
423 2693 622 2732 eorum
649 2678 919 2732 consistat
937 2677 1228 2730 voluntate
1252 2680 1309 2729 et
1333 2677 1946 2748 potestate.Liceateos
2046 2679 2367 2740 Benedictus
2420 2681 2570 2737 VIII
2611 2700 2759 2754 papa
2816 2685 3095 2753 conﬁrmat
3155 2687 3289 2742 bona
3355 2690 3672 2752 monasterii

342 2763 532 2837 quiete
553 2770 609 2819 et
628 2765 859 2836 pacifice
884 2764 1067 2818 vivere
1088 2767 1206 2818 tam
1228 2764 1373 2830 illos,
1407 2781 1578 2836 quam
1603 2767 1945 2838 sacerdotes,
2118 2771 2180 2826 S.
2214 2771 2476 2843 Stephani
2505 2770 2870 2827 Balnealensz's
2907 2772 3318 2831 Bisuldunensis
3343 2776 3592 2834 dice-esis.

343 2869 443 2908 seu
466 2852 724 2921 clericos,
752 2856 922 2924 atque
952 2851 1125 2906 laicos
1155 2869 1379 2919 eorum,
1399 2857 1455 2906 et
1483 2853 1596 2908 sint
1616 2870 1818 2909 omnes
1845 2855 1948 2910 im-
2652 2863 2840 2932 (Anno
2875 2863 3057 2935 lOl7.)

346 2957 575 3008 munes,
631 2944 688 2994 et
740 2940 912 2994 alieni
946 2941 1018 2994 ab
1049 2940 1207 2994 omni
1251 2941 1477 3012 publica
1512 2942 1810 2997 functione
1861 2945 1946 2998 vel
2358 2950 2775 3021 [COCQUELINES,
2804 2951 2898 3004 ubi
2920 2969 3104 3023 supra,
3134 2955 3176 3016 Ι,
3204 2955 3354 3026 323.]

338 3030 492 3103 turpi
529 3029 778 3097 servitio,
811 3029 889 3084 ita
920 3034 981 3084 ut
1010 3031 1199 3085 nullus
1244 3031 1453 3085 audeat
1493 3049 1590 3086 eos
1620 3033 1945 3100 molestare,
2123 3039 2452 3093 annmcres
2484 3038 2804 3112 episcopus,
2837 3057 3026 3096 servus
3076 3059 3375 3099 servorum
3423 3043 3545 3113 Dei,
3577 3043 3665 3098 di-

333 3123 436 3173 aut
454 3119 796 3191 inquietare,
826 3118 933 3173 nisi
965 3120 1329 3174 solummodo
1361 3119 1529 3174 binos
1553 3122 1764 3176 solidos
1790 3121 1950 3177 omni
2050 3127 2196 3181 lecto
2229 3127 2287 3180 in
2323 3127 2561 3182 domino
2594 3129 2873 3183 Bonuser
2921 3129 3191 3201 religioso
3231 3132 3567 3203 presbytero
3607 3135 3663 3186 et

339 3223 494 3263 anno
511 3207 583 3262 ad
604 3208 782 3262 altare
804 3207 997 3261 Sancti
1020 3207 1169 3261 Petri
1191 3224 1295 3279 pro
1309 3210 1586 3280 pensione
1605 3211 1947 3281 persolvant,
1973 3231 2018 3291 α
2051 3217 2358 3282 monacho,
2392 3220 2563 3288 atque
2595 3217 2927 3288 evangelico
2949 3220 3144 3274 abbati
3169 3221 3514 3276 venerabilis
3537 3237 3659 3275 mo-

337 3298 394 3349 et
419 3295 624 3351 Mironi
675 3295 1031 3350 Gerundensi
1081 3296 1375 3368 episcopo,
1403 3300 1459 3350 et
1508 3298 1777 3352 omnibus
1831 3300 1950 3370 ejus
2050 3304 2284 3359 nasterii
2341 3303 2532 3358 Sancti
2591 3305 2798 3359 Christi
2855 3309 3300 3379 protomartyris
3359 3309 3657 3382 Stephani,

337 3384 755 3439 successoribhs
775 3384 1092 3456 hospitium
1125 3385 1424 3439 annuatim
1448 3385 1516 3439 de
1539 3390 1758 3458 septem
1790 3387 1948 3458 equi-
2051 3392 2204 3463 quod
2248 3392 2421 3447 situm
2453 3395 2537 3447 est
2568 3393 2626 3447 in
2665 3394 2942 3449 comitatu
2981 3395 3398 3452 Bisuldunense
3428 3398 3487 3452 in
3519 3399 3660 3452 valle

337 3471 561 3541 taturis,
595 3476 651 3527 et
679 3473 922 3528 totidem
969 3473 1136 3528 sociis
1168 3477 1414 3528 tantum.
1437 3477 1507 3529 Et
1542 3475 1661 3546 ipse
1699 3474 1861 3542 Miro,
1894 3479 1951 3529 et
2050 3479 2268 3535 Sterria
2315 3481 2372 3534 in
2440 3481 2626 3551 capite
2683 3481 2857 3553 ipsius
2910 3483 3116 3554 stagni,
3150 3484 3276 3539 loco
3306 3485 3404 3556 qui
3460 3485 3662 3540 dicitur

340 3577 544 3616 omnes
587 3579 936 3617 successores
995 3562 1116 3633 ejus
1161 3563 1411 3635 episcopi
1467 3564 1602 3618 dent
1641 3564 1765 3634 jam
1796 3564 1945 3620 dicto
2048 3569 2370 3636 Balneolus,
2430 3569 2534 3623 tibi
2581 3571 2887 3642 tecumque
2943 3573 3333 3640 manentibus,
3367 3576 3427 3628 et
3473 3576 3659 3646 perte

337 3651 668 3717 Adelberto,
692 3653 750 3705 et
771 3651 1186 3706 successoribus
1212 3651 1333 3722 ejus
1359 3652 1419 3705 in
1451 3652 1691 3724 praefata
1711 3653 1947 3708 ecclesia
2044 3656 2269 3728 tuisque
2313 3657 2660 3729 illorumque
2708 3660 3141 3728 successoribus,
3172 3663 3323 3715 salus
3352 3667 3412 3716 et
3441 3679 3572 3734 pax,
3609 3663 3664 3714 et

341 3739 533 3794 Sancti
557 3738 886 3806 Salvatoris,
920 3743 977 3794 et
1020 3739 1214 3794 Sancti
1251 3741 1498 3808 Genesii,
1525 3757 1589 3796 ac
1621 3742 1813 3796 Sancti
1843 3743 1944 3797 Mi-
2047 3745 2359 3816 apostolica
2384 3746 2710 3802 benedictio
2742 3748 2933 3818 quoad
2963 3750 3216 3803 mundus
3245 3754 3576 3822 permanet.

337 3827 549 3882 chaelis
578 3829 1091 3897 commorantibus,
1124 3828 1375 3883 chrisma
1403 3829 1526 3884 sine
1557 3831 1748 3902 aliquo
1780 3831 1948 3885 servi-
2121 3833 2264 3888 Cum
2297 3838 2522 3890 constet
2550 3835 2862 3890 Dominum
2884 3837 3067 3891 Deum
3088 3841 3352 3892 nostrum
3377 3839 3661 3894 honorem

339 3915 442 3985 tio,
473 3919 532 3971 et
568 3917 919 3973 habitatores
949 3918 1208 3988 ejusdem
1257 3917 1509 3973 ecclesiae
1559 3919 1780 3972 donent
1809 3918 1948 3972 illud
2049 3927 2260 3979 sanctae
2290 3925 2628 3978 universalis
2660 3925 2919 3980 Ecclesiae
2949 3925 3303 3981 incessanter
3328 3944 3361 3982 a
3383 3943 3664 4000 propaga-

337 4003 400 4061 S.
440 4004 762 4073 Vincentio,
811 4009 871 4060 et
926 4006 1048 4060 aliis
1105 4006 1355 4060 ecclesiis
1410 4006 1517 4060 sibi
1569 4006 1828 4062 subditis.
1885 4009 1948 4061 In
2050 4012 2268 4068 toribus
2297 4013 2479 4067 beata:
2501 4013 3662 4087 ﬁdeiaugmentare,necesseaccipienti-

336 4093 640 4166 praecipuis
662 4110 890 4166 quoque
927 4094 1343 4160 festivitatibus,
1374 4095 1590 4148 Pascha
1608 4094 1872 4150 videlicet
1895 4098 1953 4151 et
2049 4101 2155 4156 bus
2171 4101 2350 4155 abillo
2370 4101 2543 4155 totius
2553 4101 2687 4172 jura
2699 4102 3076 4173 regiminis,ei
3090 4103 3412 4160 concedere
3427 4121 3663 4159 censura

337 4183 695 4242 Pentecoste,
745 4185 805 4235 et
845 4181 1026 4235 sancti
1073 4181 1319 4248 Genesii,
1347 4199 1413 4236 ac
1456 4183 1636 4238 sancti
1666 4183 1953 4239 Michaelis
2044 4190 2183 4261 justi
2201 4190 2618 4245 moderaminis
2642 4191 2873 4246 ﬁrmam
2895 4193 3662 4259 liberalitatem,malorum—

338 4268 693 4339 archangeli,
742 4272 801 4322 et
833 4268 1113 4324 omnium
1154 4273 1484 4326 sanctorum
1521 4276 1691 4344 atque
1743 4274 1952 4328 Natalis
2051 4295 2161 4350 que
2175 4279 2456 4350 proculab
2471 4280 2764 4349 eapellere
2787 4281 3343 4350 pervasionem.Quo
3362 4282 3664 4354 circaquo-

335 4355 593 4423 Domini,
621 4373 825 4412 omnes
852 4357 1044 4412 clerici
1095 4359 1155 4416 S.
1190 4359 1469 4414 Vincentii
1499 4377 1631 4415 cum
1677 4361 1950 4417 universis
2050 4365 2828 4438 niamconvenitapostolicae
2847 4367 3662 4441 pietatibenignapetentibus

337 4445 706 4520 parochianis
725 4447 840 4502 suis
860 4447 1096 4503 veniant
1113 4448 1444 4522 plenissime
1475 4450 1548 4504 ad
1576 4450 1812 4506 missam
1832 4469 1951 4506 ma-
1977 4503 2028 4530 ῃ
2050 4471 2381 4510 succurrere
2398 4454 2815 4526 compassione,
2834 4455 2964 4510 ideo
2987 4473 3092 4511 nos
3106 4455 3218 4510 tuis
3227 4457 3663 4530 justis(etenim

337 4503 358 4520 ι
1113 4503 1134 4522 ιν
1578 4503 1810 4506 ”"“"“—
1833 4503 1929 4506 ""‘
2050 4503 2379 4510 """'""
2402 4503 2959 4526 "”'l’"‘"""7"'"
2987 4503 3090 4511 ’““’“’
3112 4503 3663 4530 """d"""'\""‘"‘““

333 4537 520 4608 jorem
549 4536 623 4592 ad
655 4536 961 4593 ecclesiam
1001 4538 1058 4593 S.
1113 4538 1422 4594 Salvatoris
1453 4555 1518 4594 ac
1544 4539 1738 4595 Sancti
1764 4541 1946 4596 Gene-
1977 4503 2028 4562 D
2049 4542 2128 4598 sic
2144 4546 2277 4598 sunt
2295 4543 2510 4598 anobis
2532 4543 2895 4613 adjudicatse,
2910 4560 3044 4598 nam
3055 4544 3211 4614 juste
3223 4545 3392 4617 ﬁunt)
3409 4562 3666 4602 annuen-

337 4625 427 4694 sii,
455 4629 628 4698 atque
655 4626 850 4682 Sancti
894 4626 1186 4683 Michaelis
1215 4627 1274 4682 in
1300 4632 1643 4700 perpetuum
1689 4645 1821 4684 cum
1851 4646 1948 4685 eo-
2046 4635 2134 4687 tes
2153 4631 2438 4703 precibus,
2469 4647 2673 4686 omnes
2702 4631 3085 4702 proprietates
3110 4633 3226 4688 sive
3270 4636 3661 4706 possessiones

334 4731 467 4770 rum
513 4715 923 4774 oblationibus.
949 4718 1300 4784 Statuentes,
1335 4718 1650 4789 apostolica
1686 4734 1947 4795 censura,
2047 4720 2223 4794 ipsius
2252 4719 2381 4788 loci,
2415 4720 2558 4775 fines
2575 4721 2662 4776 vel
2678 4720 2911 4789 limites,
2931 4737 3064 4776 cum
3089 4721 3435 4793 adjacentiis
3454 4725 3663 4796 praeci-

335 4803 441 4859 sub
463 4803 640 4859 divini
659 4805 860 4876 judicii
885 4806 1362 4875 obtestatione,et
1378 4807 1760 4861 anathematis
1778 4806 1952 4861 inter-
2050 4825 2298 4880 puerum
2318 4808 2693 4879 praediorum,
2727 4825 2860 4865 cum
2891 4810 3159 4865 omnibus
3184 4811 3461 4881 ecclesiis,
3494 4830 3665 4887 paro.

336 4892 610 4962 dictione,
636 4897 697 4949 ut
725 4894 869 4949 nulli
911 4911 1170 4967 unquam
1198 4899 1533 4950 nostrorum
1555 4912 1947 4951 successorum
2050 4898 2210 4960 chiis,
2241 4897 2403 4965 villis,
2433 4897 2650 4966 fundis,
2692 4897 2856 4966 casis,
2895 4899 3195 4967 casalibus,
3232 4900 3436 4970 terris,
3464 4902 3662 4971 vineis,

334 4983 696 5056 pontiﬁcum,
730 4984 817 5038 vel
846 4984 972 5038 alite
994 4985 1227 5040 cuilibet
1241 5001 1471 5055 magna:
1497 5001 1798 5056 parvaeque
1819 5001 1950 5056 per-
2050 4986 2287 5058 campis,
2320 4986 2518 5058 pratis,
2555 4988 2800 5058 pascuis,
2840 4987 3010 5056 silvis,
3052 4988 3313 5058 garricis,
3344 4991 3517 5058 arcis,
3548 4994 3666 5047 tor-

334 5088 512 5140 sonae,
535 5072 658 5127 haec
688 5088 816 5143 quae
849 5088 883 5126 a
910 5073 1076 5128 nobis
1118 5073 1296 5129 modo
1322 5074 1558 5128 decreta
1594 5077 1747 5141 sunt,
1775 5077 1948 5147 atque
2052 5077 2312 5144 culareis,
2340 5075 2523 5148 aquis,
2545 5093 2827 5148 aquarum
2850 5077 3133 5145 ductibus,
3157 5077 3340 5132 vineis
3371 5080 3664 5135 molendi-

334 5160 646 5216 constituta
674 5161 1008 5233 quempiam
1035 5161 1095 5217 in
1123 5178 1462 5233 quocunque
1485 5163 1828 5227 convellere,
1851 5163 1949 5219 sed
2053 5166 2141 5221 nis
2169 5181 2301 5220 cum
2327 5165 2440 5220 suis
2464 5165 2821 5239 caputaquis,
2855 5169 2914 5221 et
2932 5164 3045 5221 suis
3078 5165 3420 5238 piscatoriis,
3447 5170 3664 5225 cultum

335 5250 526 5323 potius
551 5249 724 5305 firma
753 5250 1065 5306 stabilitate
1100 5250 1438 5306 inconvulsa
1479 5250 1771 5323 perpetuis
1799 5254 1947 5307 tem-
2049 5256 2135 5310 vel
2160 5255 2462 5322 incultum,
2488 5257 2546 5309 et
2568 5271 2923 5327 quacunque
2953 5255 3123 5310 beato
3160 5257 3580 5329 protomartyri
3612 5262 3666 5313 et

332 5338 570 5410 poribus
614 5354 962 5410 permanere
1002 5338 1332 5394 definimus.
1380 5337 1437 5393 Si
1469 5339 1595 5411 quis
1626 5343 1820 5395 autem
1861 5344 1950 5396 te-
2047 5343 2234 5398 levitas
2268 5343 2562 5413 Stephano
2583 5360 2650 5398 ex
2678 5343 3083 5398 collationibus
3097 5360 3300 5416 regum
3319 5346 3663 5402 olimincce-

334 5426 586 5481 merario
617 5444 758 5481 ausu
788 5430 990 5482 contra
1009 5427 1342 5497 hujusmodi
1366 5431 1578 5482 nostra;
1619 5429 1947 5500 apostolicae
2047 5430 2224 5488 nobio
2245 5432 2544 5486 Balneolas
2567 5431 2820 5486 retinere
2849 5432 3094 5496 videtur,
3118 5437 3317 5488 nostro
3341 5435 3660 5505 apostolico

337 5514 741 5584 praeceptionis
755 5515 962 5570 seriem
975 5515 1069 5587 pie
1085 5532 1120 5571 a
1131 5516 1296 5570 nobis
1310 5517 1740 5588 promulgatam
1752 5518 1946 5574 venire
2047 5521 2458 5577 conﬁrmamus
2470 5520 2767 5592 privilegio
2777 5521 3378 5595 .Concedimusitaque
3390 5523 3663 5596 praedicto

339 5615 515 5668 agere
569 5604 655 5657 vel
721 5603 1044 5676 infringere
1103 5606 1431 5672 tentaverit,
1486 5605 1629 5661 sciat
1689 5624 1770 5676 se,
1837 5608 1947 5664 nisi
2045 5609 2592 5680 monasterio,quod
2625 5609 2685 5665 in
2709 5609 2947 5665 circuitu
2968 5611 3090 5681 ejus
3108 5610 3381 5681 habetur,
3401 5613 3663 5669 videlicet

333 5685 657 5758 resipuerit,
675 5691 914 5748 Domini
933 5693 1119 5751 nostri
1145 5699 1206 5752 et
1231 5694 1634 5770 apostolorum
1659 5697 1944 5774 principis
2041 5698 2540 5776 quantunhabere
2549 5697 2972 5773 dignosciturin
2983 5698 3662 5774 comitatuBisuldinenli;
