3888 6218
216 364 348 420 1609

1416 357 1771 420 EPISTOLE
1803 364 1886 422 ET
1905 361 2247 420 DECRETA.

3394 375 3530 432 I610

211 484 485 558 parochia.
512 487 706 538 autem
761 481 830 537 de
879 482 1001 554 ipsa
1047 484 1208 549 valle,
1263 485 1556 539 ecclesiam
1606 484 3303 558 SanclzeAincultum,cumtcrminisetadjacentiissuis.ln
3326 494 3536 565 Logor—

212 573 425 639 Mariae,
455 576 511 625 et.
531 571 723 626 Sancti
751 571 1037 626 Benedicti
1065 589 1194 625 cum
1219 572 1453 626 decimis
1475 577 1528 626 ct
1557 573 1826 644 primitiis

210 663 426 734 absque
447 661 660 714 tributo
683 677 797 714 una
816 677 947 714 cum
981 661 1366 715 oblationibus
1393 662 1669 728 ﬁdelium,
1688 679 1818 717 cum

209 751 476 806 terminis
508 754 565 804 et
595 748 929 819 adjacentiis
985 765 1205 802 eorum.
1271 750 1572 803 Ecclesiam
1632 749 1822 804 Sancti

211 839 363 894 Petri
398 856 528 892 cum
561 838 681 909 ipsa
711 838 841 891 villa
869 839 1106 907 Agema]
1133 855 1261 891 cum
1296 839 1556 892 terminis
1587 842 1644 892 et
1670 839 1822 893 deci-

210 927 323 981 mis
353 931 525 998 atque
558 926 824 998 primitiis
845 926 990 993 suis;
1025 927 1320 980 ecclesiam
1353 928 1544 981 Sancti
1579 927 1821 984 Romani

209 1032 342 1069 cum
375 1015 494 1085 ipso
525 1015 845 1081 cimeterio,
900 1031 1030 1068 cum
1075 1015 1310 1068 decimis
1362 1019 1417 1069 et
1444 1015 1732 1086 primitiis,
1766 1018 1823 1070 et

211 1104 537 1158 oblationes
565 1104 842 1170 ﬁdelium,
878 1107 934 1157 et
963 1103 1144 1174 ipsam
1174 1104 1546 1158 medietatem
1577 1104 1646 1158 de
1674 1105 1824 1176 ipsas

212 1192 517 1260 primitias,
551 1196 607 1246 et
627 1192 697 1246 de
726 1192 847 1262 ipsa
866 1193 1197 1262 Salisparsa,
1222 1196 1279 1246 et
1298 1192 1371 1245 de
1394 1193 1752 1259 Ermetanos,
1769 1196 1826 1246 et

212 1281 284 1334 de
310 1282 584 1351 Agelaga,
617 1297 747 1334 cum
778 1281 924 1351 ipsas
946 1281 1167 1347 domos,
1192 1285 1372 1334 terras
1403 1284 1459 1335 et
1479 1281 1827 1346 vineas,mo-

189 1369 483 1434 ‘lendinis,
516 1386 642 1440 quae
671 1369 726 1422 in
758 1369 880 1438 ipsa
908 1369 1180 1439 parochia
1199 1371 1330 1421 sunt
1353 1373 1408 1422 et
1430 1369 1512 1422 vel
1546 1369 1619 1422 ad
1640 1368 1826 1439 ipsum

212 1459 542 1513 coenobium
564 1458 880 1528 pertinent:
901 1458 1092 1511 villam
1115 1458 1366 1512 Leonem
1389 1474 1519 1510 cum
1543 1456 1826 1523 terminis,

213 1547 554 1617 adjacentiis
567 1547 708 1600 suis:
728 1547 995 1600 Savarres
1008 1563 1137 1600 cum
1154 1547 1414 1601 terminis
1429 1546 1582 1615 etadj
1592 1545 1774 1600 acenti
1784 1545 1828 1598 is

215 1635 359 1700 suis;
386 1635 677 1689 Starolaet
707 1634 1008 1704 Figerolas'
1034 1650 1162 1687 cum
1199 1635 1460 1688 terminis
1481 1638 1538 1688 et
1559 1634 1828 1703 adjacen-

219 1722 313 1776 tiis
333 1722 478 1776 suis:
523 1724 954 1786 Erementanos,
988 1726 1045 1776 et
1064 1723 1316 1793 Agelaga
1344 1739 1473 1776 cum
1497 1720 1756 1776 terminis
1775 1723 1832 1773 et

1925 573 2076 628 dano
2128 577 2183 627 et
2222 573 2280 626 in
2331 574 2550 626 Malano
2591 576 2792 640 terras,
2825 592 2955 630 cum
2985 577 3258 644 Oliberes,
3303 583 3361 634 et
3388 581 3536 652 ipsas

1925 662 2300 716 condaminas
2317 662 2384 716 de
2410 662 2732 729 Boscholos,
2751 666 2809 717 et
2829 663 2950 734 ipsa
2964 664 3132 720 vinea
3152 667 3221 721 de
3242 668 3534 727 Vallealta.

1925 753 1984 805 In
2010 751 2226 819 Bruger
2252 750 2372 820 ipso
2395 767 2596 805 manso
2619 751 2715 822 qui
2738 753 2845 805 fuit
2865 752 2935 807 de
2964 753 3304 810 Seniofredo
3322 757 3539 814 Marhot

1924 855 2055 892 cum
2092 843 2273 892 terras
2302 840 2482 892 cultas
2507 840 2594 893 vel
2625 839 2889 894 incultas.
2931 843 2992 895 In
3024 843 3285 898 Morzano
3311 846 3536 912 domos,

1923 931 2104 982 terras
2133 928 2310 981 cultas
2353 929 2436 982 vel
2489 929 2750 995 incultas,
2802 931 2858 982 et
2893 931 3089 985 vineas
3112 948 3244 987 cum
3279 933 3539 990 terminis

1925 1033 2144 1070 earum.
2176 1018 2234 1068 ln
2265 1015 2600 1083 Cisteriano,
2643 1034 2769 1088 quae
2801 1017 2998 1074 dicunt
3027 1020 3311 1091 Villavert,
3359 1023 3537 1078 eccle-

1924 1103 2244 1158 sia‘Sanctae
2277 1104 2464 1158 Mariae
2497 1121 2627 1158 cum
2658 1105 2778 1176 ipsa
2803 1107 3091 1176 parochia,
3133 1125 3266 1163 cum
3295 1109 3539 1165 decimis

1927 1197 1983 1246 et
2012 1191 2279 1262 primitiis
2311 1193 2444 1260 suis,
2488 1197 2546 1246 et
2574 1210 2705 1248 cum
2745 1196 3065 1251 oblationes
3092 1198 3372 1262 ﬁdelium,
3404 1215 3538 1254 cum

1928 1280 2151 1347 domos,
2184 1284 2366 1334 terras
2398 1283 2455 1334 et
2474 1281 2687 1348 vineas,
2720 1284 2898 1337 cultas
2927 1286 3011 1338 vel
3035 1285 3294 1354 incultas,
3336 1290 3538 1342 etcum

1927 1368 2062 1438 ipsis
2090 1367 2345 1434 molinis,
2385 1385 2517 1422 cum
2550 1369 2814 1422 terminis
2863 1374 2918 1424 et
2954 1371 3287 1441 adjacentiis
3326 1375 3440 1428 suis
3466 1375 3537 1429 de

1928 1456 2050 1526 ipsa
2075 1456 2366 1527 parochia.
2391 1457 2453 1510 In
2473 1456 2604 1511 villa
2627 1457 2798 1524 Oller,
2829 1459 2914 1512 vel
2963 1458 3022 1513 in
3050 1461 3180 1514 villa
3199 1462 3270 1516 de
3290 1461 3536 1528 Amelio,

1929 1548 1986 1599 et
2018 1545 2074 1598 in
2101 1545 2233 1599 villa
2262 1545 2505 1612 Vendut,
2531 1545 2754 1613 domos,
2776 1549 2977 1614 terras,
2999 1548 3214 1616 vineas,
3247 1551 3462 1605 cultum
3483 1553 3541 1605 et

1930 1633 2230 1687 incultum.
2257 1634 2316 1687 ln
2333 1633 2556 1700 Turres,
2582 1633 2806 1701 domos,
2831 1638 3012 1690 terras
3030 1636 3540 1704 etvineas,cultum

1931 1724 1988 1774 et
2008 1738 2290 1775 eremum.
2321 1723 2380 1774 ln
2405 1721 2535 1775 villa
2555 1721 2626 1775 de
2647 1722 2912 1787 Almires,
2932 1725 3016 1778 vel
3040 1724 3190 1778 infra
3209 1725 3330 1796 ejus
3353 1724 3546 1780 termi-

216 1810 554 1881 adjacentiis
584 1811 717 1876 suis,
759 1814 816 1864 et
843 1827 973 1864 cum
1001 1811 1152 1880 ipsos
1182 1811 1410 1876 boscos;
1461 1812 1729 1878 Neserga,
1778 1800 1905 1862 etB
1934 1825 2057 1874 nos,
2083 1809 2306 1875 domos,
2334 1812 2538 1877 terras,
2564 1809 2776 1875 vineas,
2809 1813 3024 1865 cultum
3056 1815 3112 1864 et
3142 1829 3426 1879 eremum,
3449 1812 3544 1868 sil-

217 1899 537 1954 Frescaned
570 1916 700 1952 cum
753 1899 1014 1953 terminis
1044 1902 1100 1952 et
1131 1898 1468 1968 adjacentiis
1521 1897 1664 1951 suis:
1701 1896 1836 1950 villa

214 1987 403 2041 Jafare
430 1991 487 2040 et
515 1987 708 2044 villare
733 1987 961 2042 Paterni
979 2003 1108 2040 cum
1128 1986 1477 2047 terminis,et
1497 1984 1834 2055 adjacentiis

216 2077 362 2131 suis:
397 2077 638 2146 Agcmal
659 2080 716 2130 et
743 2076 1053 2130 Millanicas
1067 2078 1236 2146 atque
1251 2075 1380 2128 villa
1409 2074 1551 2127 Alba
1571 2090 1701 2126 cum
1725 2075 1835 2126 ter-

219 2165 464 2222 miniset
486 2164 822 2235 adjacentiis
843 2165 975 2218 suis.
1028 2167 1087 2217 ln
1119 2163 1390 2234 parocliia
1421 2164 1489 2216 de
1520 2165 1835 2234 Porqueres

219 2255 447 2320 domos,
473 2258 672 2319 terras,
700 2254 890 2308 vineas
912 2270 1042 2307 cum
1070 2270 1271 2307 eorum
1289 2251 1551 2306 terminis
1572 2252 1655 2304 vel
1675 2251 1832 2321 adja-

218 2343 424 2398 centiis
455 2344 587 2412 suis,
619 2347 830 2396 etcum
864 2343 1012 2414 ipsas
1034 2342 1280 2395 decimas
1304 2357 1430 2412 quas
1463 2343 1688 2394 sanctus
1716 2340 1835 2394 Ste-

218 2433 445 2504 phanus
459 2432 536 2486 ibi
551 2436 724 2485 tenet.
741 2431 1050 2484 Vallemala
1064 2447 1190 2501 qua:
1205 2431 1402 2484 dicunt
1417 2429 1832 2494 Merdant,cum

221 2521 543 2587 decimis,et
559 2519 1197 2584 ﬁnibus,terminissuis.
1215 2519 1464 2572 Solerols
1481 2534 1611 2571 cum
1634 2516 1835 2570 termi-

222 2610 310 2662 nis
336 2612 393 2662 et
443 2608 797 2679 adjacentiis,
832 2610 888 2660 et
918 2624 1046 2661 cum
1080 2623 1280 2661 eorum
1307 2607 1562 2660 decimis.
1599 2607 1660 2659 In
1703 2605 1835 2659 villa

222 2715 350 2770 quae
389 2697 598 2752 dicitur
625 2697 911 2762 Adiliano,
946 2699 1002 2749 et
1024 2695 1292 2750 Sirinano
1320 2699 1376 2749 et
1400 2695 1737 2762 Albuciano,
1779 2696 1836 2747 et

220 2786 454 2852 casales,
479 2785 701 2851 domos,
735 2788 935 2851 terras,
968 2783 1181 2849 vineas,
1214 2783 1392 2836 cultas
1422 2786 1479 2836 et
1510 2782 1836 2850 incultas,et

222 2876 424 2930 boscos
459 2877 516 2927 et
546 2872 796 2926 molinis.
838 2872 965 2925 Usal
987 2889 1116 2924 cum
1169 2871 1318 2942 ipsos
1339 2871 1538 2924 boscos
1561 2887 1690 2923 cum
1721 2873 1835 2923 ter-

222 2963 395 3017 minis
425 2965 482 3016 et
511 2960 843 3032 adjacentiis
872 2960 1004 3012 suis.
1057 2961 1114 3012 ln
1167 2959 1296 3013 villa
1338 2959 1562 3011 Vendut
1611 2957 1836 3022 domos,

1934 1914 2050 1963 vas,
2078 1901 2135 1951 et
2166 1898 2453 1952 olibarias.
2488 1899 2548 1951 In
2582 1898 2828 1951 Contens
2852 1898 3076 1966 domos,
3099 1902 3302 1966 terras,
3329 1901 3544 1968 vineas,

1935 1987 2148 2039 cultum
2173 1988 2230 2039 et
2257 2001 2539 2051 eremum,
2564 1988 2619 2040 et
2648 1985 2935 2040 olibarias.
2973 1987 3034 2040 In
3063 1988 3244 2042 sancti
3275 1987 3440 2043 Felici
3473 1989 3545 2044 de

1938 2072 2174 2127 Ledono
2203 2073 2426 2139 domos,
2451 2075 2652 2140 terras,
2686 2072 2898 2140 vineas,
2933 2074 3148 2130 cultum
3177 2078 3236 2129 et
3257 2091 3541 2130 eremum.

1935 2163 1997 2215 In
2021 2160 2291 2231 parochia
2315 2161 2386 2215 de
2413 2161 2620 2216 Sancta
2661 2161 2959 2229 Columba,
2983 2163 3206 2229 domos,
3231 2167 3430 2230 terras,
3463 2164 3544 2218 vi-

1935 2267 2091 2316 neas,
2116 2251 2334 2304 cultum
2357 2254 2414 2304 et
2430 2266 2715 2304 eremum.
2731 2251 2794 2305 In
2815 2251 3296 2306 villaAbundanti
3316 2253 3544 2320 domos,

1934 2342 2134 2406 terras,
2187 2339 2272 2392 vel
2304 2339 2454 2393 infra
2484 2340 2606 2410 ejus
2643 2339 2940 2406 terminos,
2973 2340 3196 2408 domos,
3229 2343 3432 2407 terras,
3464 2341 3545 2396 vi-

1933 2445 2089 2495 neas,
2123 2427 2412 2495 olibarias,
2433 2429 2649 2482 cultum
2673 2432 2728 2482 et
2755 2445 3037 2484 eremum.
3066 2429 3129 2483 In
3156 2429 3288 2484 villa
3309 2429 3544 2484 Fedanti

1933 2516 2099 2570 vinea
2127 2533 2262 2570 una.
2285 2518 2348 2570 In
2379 2515 2620 2571 Orfanos
2663 2516 2749 2570 vel
2796 2515 2947 2571 infra
2979 2518 3100 2588 ejus
3124 2518 3423 2584 terminos,
3448 2518 3548 2573 do-

1933 2620 2080 2671 mos,
2111 2607 2312 2670 terras,
2335 2605 2551 2672 vineas,
2581 2606 2796 2659 cultum
2819 2609 2877 2659 et
2908 2622 3192 2673 eremum,
3226 2606 3459 2661 molinis
3489 2610 3548 2661 et

1935 2693 2256 2747 molinariis
2281 2710 2411 2748 cum
2454 2693 2808 2765 caputaquis,
2848 2695 3029 2749 hortis
3073 2694 3393 2750 hortalibus
3415 2711 3549 2750 cum

1936 2779 2188 2834 olibariis
2207 2784 2265 2834 et
2295 2779 2415 2850 ipso
2445 2781 2612 2834 alode
2653 2797 2786 2836 cum
2829 2780 2982 2852 ipsos
3027 2782 3295 2848 molinos,
3328 2785 3387 2837 et
3416 2798 3549 2837 cum

1937 2867 2088 2940 ipsos
2107 2868 2440 2940 caputaquis
2457 2885 2586 2923 cum
2609 2885 2810 2924 eorum
2834 2869 3098 2924 terminis
3116 2872 3174 2924 et
3192 2886 3324 2926 cum
3346 2886 3551 2926 eorum

1941 2955 2400 3021 atfrontationes,
2431 2955 2585 3027 quod
2617 2956 2886 3011 Bonﬁlius
2917 2955 3100 3023 dedit,
3151 2957 3294 3012 sicut
3320 2957 3378 3013 in
3419 2958 3555 3012 scri-

225 3055 428 3117 terras,
457 3050 670 3117 vineas,
701 3051 899 3115 cultas,
931 3052 988 3102 et
1017 3048 1278 3101 incultas.
1317 3049 1377 3100 ln
1402 3047 1544 3100 valle
1575 3043 1844 3099 Miliarias
1867 3039 1916 3100 C
1943 3041 2124 3111 pturis
2155 3043 2212 3096 S.
2247 3042 2523 3112 Stephani
2544 3047 2794 3098 resonat.
2827 3045 2889 3098 In
2919 3044 3050 3098 villa
3081 3043 3434 3100 Galdiuarios
3455 3044 3560 3100 do-

226 3139 465 3195 ecclesia
492 3139 668 3192 sancti
699 3138 871 3204 Petri,
913 3137 982 3190 de
1003 3140 1200 3191 sancta
1241 3135 1414 3190 Maria
1455 3135 1524 3187 de
1550 3132 1842 3199 Romzilia,

227 3231 284 3283 et
309 3227 490 3282 sancti
521 3227 762 3281 Andreae
790 3227 846 3280 in
880 3226 1144 3292 Rovilias,
1179 3241 1311 3300 cum
1339 3223 1612 3288 decimas,
1648 3225 1704 3275 et
1726 3221 1843 3292 pri-

221 3317 438 3384 mitias,
458 3316 843 3371 etoblationes
857 3315 1132 3380 fidelium,
1157 3313 1216 3368 in
1237 3328 1440 3368 eorum
1466 3310 1728 3365 videlicet
1747 3325 1845 3381 pa-

221 3406 421 3460 rochia
447 3405 671 3472 domos,
693 3407 892 3470 terras,
924 3402 1137 3468 vineas,
1165 3401 1332 3455 silvas
1352 3416 1481 3454 cum
1512 3414 1712 3453 eorum
1731 3399 1841 3452 ter-

226 3495 418 3560 minis,
457 3496 514 3547 et
541 3493 875 3563 adjacentiis
919 3491 1052 3546 suis.
1088 3493 1150 3545 In
1188 3491 1450 3559 Falgons,
1513 3487 1596 3542 vel
1628 3486 1688 3540 in
1715 3486 1837 3557 ejus

224 3581 486 3636 terminis
507 3580 1132 3648 domos,tcrras,vineas
1145 3582 1200 3632 et
1215 3579 1470 3641 boschos,
1487 3593 1616 3630 cum
1632 3591 1835 3630 eorum

222 3668 488 3723 terminis
505 3672 561 3723 et
579 3668 912 3740 adjacentiis
932 3668 1066 3720 suis.
1089 3669 1150 3720 In
1172 3665 1362 3720 Sancti
1379 3663 1593 3718 Nazarii
1609 3663 1832 3727 domos,

221 3761 425 3824 terras,
457 3757 669 3824 vineas,
700 3757 865 3811 silvas
882 3773 1012 3810 cum
1037 3771 1238 3809 eorum
1265 3752 1528 3807 terminis
1569 3752 1656 3805 vel
1677 3751 1834 3821 adja-

220 3845 429 3900 centiis
456 3845 591 3899 suis.
624 3847 685 3899 1n
710 3846 939 3916 Biserga
959 3844 1182 3910 domos,
1209 3846 1407 3908 terras,
1433 3841 1646 3907 vineas,
1670 3839 1836 3893 silvas

220 3951 355 3988 cum
383 3951 583 3988 eorum
626 3933 890 3988 terminis
947 3937 1003 3987 et
1053 3931 1386 4003 adjacentiis
1423 3929 1558 3985 suis.
1591 3931 1653 3983 In
1683 3943 1837 4000 pago

218 4022 456 4078 Arivilfo
479 4023 700 4089 domos,
731 4025 934 4089 terras,
965 4021 1178 4088 vineas,
1211 4020 1397 4086 silvas,
1429 4021 1642 4072 cultum
1673 4020 1729 4070 et
1750 4016 1840 4069 in-

219 4112 461 4180 cultum,
485 4114 542 4165 et
560 4127 843 4176 eremum,
859 4127 989 4164 cum
1015 4127 1216 4164 eorum
1231 4107 1494 4162 terminis
1511 4110 1566 4160 et
1579 4106 1842 4175 adjacen-

219 4199 315 4255 tiis
335 4199 469 4254 suis.
502 4201 564 4252 ln
597 4199 810 4267 Calvas,
839 4203 1017 4252 terras
1038 4199 1215 4252 cultas
1245 4199 1300 4250 et
1320 4195 1579 4250 incultas.
1599 4194 1660 4246 In
1693 4193 1838 4246 valle

221 4293 433 4344 sanctae
480 4290 653 4357 Patm,
699 4289 755 4342 in
796 4290 1008 4354 locum,
1038 4303 1209 4358 quem
1243 4285 1439 4340 dicunt
1467 4283 1524 4336 S.
1551 4279 1837 4334 Vincentii
1862 4309 1915 4368 D

223 4377 296 4432 de
318 4377 570 4445 Salente,
606 4379 693 4432 vel
727 4377 788 4431 in
827 4378 950 4431 loco
983 4392 1157 4447 quem
1176 4374 1374 4428 dicunt
1395 4371 1630 4437 Corbos,
1653 4368 1835 4424 eccle-

219 4465 368 4522 siam
398 4466 578 4520 sancti
603 4465 909 4532 Vincentii,
939 4467 1110 4536 atque
1141 4461 1414 4534 parochia
1441 4475 1570 4514 cum
1598 4455 1838 4512 decimis

223 4557 284 4611 et
307 4555 597 4626 primitiis,
641 4558 699 4608 et
746 4552 1066 4609 oblationes
1108 4551 1388 4617 ﬁdelium,
1431 4565 1562 4603 cum
1613 4547 1836 4612 domos,

223 4646 429 4710 terras,
450 4642 664 4709 vineas,
686 4639 1055 4707 molendinis,
1070 4640 1232 4694 silvas
1248 4655 1379 4692 cum
1413 4638 1534 4709 ejus
1554 4633 1836 4690 terminis.

222 4733 311 4785 vel
333 4731 477 4785 ﬁnes
505 4731 576 4785 de
598 4731 716 4802 ipsa
739 4729 1030 4802 parochia.
1067 4727 1293 4783 Mercati
1322 4743 1454 4780 vero
1482 4723 1703 4798 praefati
1735 4723 1840 4778 loci

224 4821 542 4887 teloneum,
575 4824 631 4875 et
652 4835 888 4874 omnem
899 4817 1183 4888 justitiam
1205 4815 1423 4870 ibidem
1444 4813 1840 4886 peragendam

227 4911 300 4965 ab
331 4908 559 4979 integro
577 4907 964 4962 concedimus.
983 4907 1044 4960 In
1067 4906 1274 4960 Somer
1288 4904 1511 4970 domos,
1534 4906 1736 4968 terras,
1760 4902 1840 4956 vi-

228 5015 388 5065 neas,
417 4999 634 5054 cultum
663 4997 748 5051 vel
774 4996 1075 5064 incultum,
1102 4997 1160 5049 et
1188 5010 1318 5049 cum
1365 4992 1486 5062 ejus
1523 4991 1688 5044 silvas
1709 5007 1841 5045 cum

225 5085 494 5142 terminis
523 5089 579 5140 et
603 5083 1054 5139 atl‘rontationes.
1080 5083 1142 5136 In
1183 5084 1381 5136 monte
1412 5079 1603 5134 Sancti
1631 5078 1840 5133 Juliani

228 5175 355 5248 ipsa
373 5173 633 5241 ecclesia,
656 5190 786 5228 cum
801 5172 1052 5227 decimas
1079 5173 1135 5224 et
1150 5169 1431 5241 primitias
1453 5170 1508 5221 et
1522 5166 1842 5222 oblationes

230 5264 510 5330 ﬁdelium,
542 5280 672 5318 cum
714 5262 938 5324 domos,
991 5263 1192 5325 terras,
1225 5258 1419 5313 vineas
1440 5259 1496 5310 et
1523 5256 1683 5310 silvas
1709 5271 1840 5309 cum

231 5371 433 5410 eorum
464 5351 725 5407 terminis
751 5352 840 5405 vel
869 5347 1204 5420 adjacentiis
1232 5347 1364 5400 suis.
1421 5347 1481 5399 ln
1516 5344 1841 5399 Camedello

234 5444 460 5509 domos,
485 5445 686 5507 terras,
712 5439 926 5506 vineas,
959 5439 1137 5491 cultas
1161 5443 1218 5491 et
1241 5436 1480 5490 incultas
1505 5437 1562 5487 et
1590 5433 1846 5487 molena-

233 5531 354 5587 riis.
375 5531 436 5585 tn
460 5531 598 5584 Baso
621 5529 847 5592 domos,
872 5531 1072 5588 terras,
1093 5528 1150 5580 et
1170 5525 1289 5596 ipsa
1303 5522 1597 5578 ecclesiola
1617 5521 1841 5575 Ilerma.

234 5618 297 5678 In
326 5619 608 5695 Agelager
637 5617 863 5685 domos,
884 5617 1085 5680 terras,
1109 5613 1323 5683 vineas,
1351 5609 1772 5678 silvas,cultnm
1788 5611 1848 5667 et

663 5717 900 5776 Ριιτιιοι..
931 5709 1185 5769 CXXXIX.

1945 3145 2092 3195 mos,
2117 3133 2294 3181 terras
2316 3133 2373 3182 et
2389 3129 2601 3196 vineas,
2619 3131 2707 3184 vel
2726 3131 2877 3185 infra
2897 3132 3020 3202 ejus
3039 3132 3320 3188 terminos
3343 3132 3560 3187 cultum

1945 3218 2003 3268 et
2031 3231 2312 3269 eremum.
2348 3217 2411 3269 ln
2442 3216 2655 3270 Pareds
2679 3219 2880 3284 terras,
2915 3221 2971 3271 et
2995 3217 3226 3286 vineas;
3270 3218 3328 3274 in
3359 3219 3563 3276 Ordios

1944 3302 2168 3368 domos,
2200 3306 2400 3368 terras,
2427 3303 2642 3367 vineas,
2668 3304 2886 3356 cultum
2909 3307 2968 3356 et
2987 3307 3378 3372 eremum,vel
3410 3306 3564 3363 infra

1941 3389 2062 3459 ejus
2089 3391 2396 3458 terminos;
2418 3389 2476 3444 in
2498 3406 2650 3460 pago
2669 3391 2809 3458 alto,
2832 3407 3006 3462 quem
3029 3391 3228 3446 dicunt
3248 3393 3558 3462 Murriano,

1937 3479 2165 3544 domos,
2197 3483 2395 3546 terras,
2424 3479 2638 3546 vineas,
2675 3478 2860 3546 silvas,
2884 3480 3102 3534 cultum
3124 3483 3182 3534 et
3197 3483 3561 3538 eremum.ln

1935 3569 2207 3622 comitatu
2237 3567 2605 3622 Gerundense
2661 3567 2720 3623 in
2776 3568 3103 3635 Matamors,
3135 3569 3221 3623 vel
3253 3568 3405 3624 infra
3437 3571 3562 3641 ejus

1934 3655 2234 3723 terminos,
2262 3655 2486 3723 domos,
2506 3657 2930 3724 terras,vineas,
2957 3655 3176 3710 cultum
3193 3659 3250 3711 et
3270 3672 3555 3726 eremum,

1935 3745 2170 3799 molinis
2199 3748 2256 3799 et
2288 3744 2621 3811 molinariis,
2652 3745 2803 3800 silvis
2835 3748 2890 3799 et
2917 3744 3038 3816 ipso
3085 3748 3293 3817 stagno
3324 3762 3456 3802 cum
3478 3747 3567 3818 ip-

1938 3832 2010 3887 sis
2041 3833 2236 3906 pratis.
2266 3835 2328 3887 In
2359 3833 2707 3888 Gerundella
2733 3836 2934 3900 terras,
2979 3833 3159 3888 cultas
3177 3833 3266 3888 vel
3295 3832 3561 3904 incultas,

1939 3923 1997 3975 et
2021 3922 2280 3977 boschos.
2315 3922 2378 3976 In
2412 3922 2578 3976 Costa
2608 3921 2846 3989 Rabida,
2867 3923 2926 3976 et
2955 3920 3015 3975 in
3036 3922 3354 3976 Bonecurto
3377 3924 3564 3978 terras

1940 4008 2154 4077 vineas,
2187 4014 2245 4064 et
2274 4011 2534 4077 boschos,
2569 4013 2626 4065 et
2654 4009 2818 4065 vinea
2850 4009 2921 4064 de
2951 4009 3127 4064 Cona.
3183 4010 3246 4064 In
3296 4009 3448 4065 Biert
3470 4011 3559 4067 vel

1943 4099 2000 4152 in
2031 4099 2355 4152 Gralloners
2385 4099 2610 4165 domos,
2643 4101 2845 4166 terras,
2901 4097 3098 4153 vineas
3149 4101 3207 4152 et
3255 4097 3438 4156 silvas.
3493 4100 3557 4154 In

1939 4187 2127 4241 Monte
2158 4187 2354 4254 Calbo,
2394 4188 2479 4240 vel
2533 4187 2589 4241 in
2627 4187 2909 4255 Canneto,
2945 4187 3172 4256 domos,
3197 4190 3403 4254 terras,
3438 4187 3560 4242 cul-

1940 4277 2062 4328 tum
2096 4277 2153 4328 et
2177 4290 2456 4330 eremum.
2495 4276 2555 4328 In
2589 4275 2956 4346 Borgoniano
2984 4280 3040 4331 et
3061 4277 3120 4332 in
3151 4279 3357 4345 curtes,
3379 4277 3464 4332 vel
3494 4276 3556 4331 in

1941 4361 2261 4428 Cannellas,
2281 4362 2368 4414 vel
2392 4361 2544 4415 infra
2564 4378 2767 4417 eorum
2785 4362 3089 4432 terminos,
3104 4364 3329 4430 domos,
3351 4367 3554 4433 terras,

1938 4448 2152 4516 vineas,
2176 4449 2394 4503 cultum
2425 4451 2482 4503 et
2511 4465 2795 4517 eremum,
2825 4450 3076 4505 molinos
3126 4455 3184 4505 et
3207 4452 3552 4520 molinariis,

1939 4555 2070 4592 cum
2097 4536 2450 4608 caputaquis.
2483 4539 2546 4590 ln
2576 4539 2807 4591 Parazol
2835 4540 2893 4591 et
2941 4537 3002 4591 in
3054 4538 3282 4608 Pulgaz,
3324 4538 3552 4609 domos,

1939 4629 2142 4691 terras,
2169 4623 2384 4690 vineas,
2419 4624 2504 4676 vel
2535 4623 2687 4678 infra
2735 4640 2937 4678 eorum
2980 4623 3281 4679 terminos.
3330 4627 3394 4680 In
3420 4625 3554 4682 villa

1940 4713 2172 4772 Trader,
2204 4711 2290 4766 vel
2320 4710 2472 4764 infra
2501 4710 2623 4780 ejus
2652 4710 2961 4766 terminos:
2995 4710 3052 4764 in
3075 4711 3440 4783 Leudenago,
3463 4715 3552 4768 vel

1942 4801 2093 4855 infra
2113 4799 2234 4869 ejus
2256 4798 2551 4865 terminos,
2571 4802 2629 4852 et
2652 4798 2772 4870 ipso
2796 4814 2998 4852 manso
3021 4797 3349 4866 Biancheto,
3373 4816 3551 4871 quem

1944 4887 2174 4943 donavit
2203 4888 2276 4942 ad
2306 4887 2362 4942 S.
2397 4886 2710 4956 Stephano,
2740 4885 2964 4953 domos,
2987 4889 3186 4953 terras,
3209 4886 3552 4951 vineas,cul-

1940 4983 2067 5036 tum
2097 4982 2154 5032 et
2181 4992 2461 5032 eremum.
2487 4976 2548 5028 In
2569 4974 2844 5040 Tomedo,
2869 4978 2926 5028 et
2955 4974 3014 5028 in
3039 4974 3386 5044 Mediniano,
3411 4977 3550 5031 etin

1943 5069 2208 5134 Exchers,
2239 5071 2294 5120 et
2323 5065 2381 5120 in
2413 5063 2497 5118 rio
2526 5063 2595 5118 de
2651 5063 2859 5129 Llutos,
2915 5063 3000 5117 vel
3031 5061 3089 5116 in
3123 5063 3244 5134 ipsa
3276 5065 3434 5135 Cros,
3462 5069 3552 5124 vel

1942 5158 2092 5212 infra
2107 5172 2310 5211 eorum
2329 5153 2628 5221 terminos,
2644 5152 2868 5214 domos,
2905 5155 3085 5206 terras
3098 5152 3314 5221 vineas,
3329 5156 3548 5212 cultum

1941 5252 1999 5303 et
2025 5262 2306 5310 eremum,
2340 5247 2396 5298 et
2424 5242 2690 5309 molinos,
2724 5245 2781 5295 et
2803 5241 3142 5296 molinarios
3171 5259 3303 5298 cum
3351 5250 3552 5317 caput-

1943 5337 2125 5408 aquis.
2147 5337 2208 5388 In
2233 5334 2526 5399 Celrrano,
2549 5331 2606 5386 in
2631 5331 2888 5397 Bibiano,
2914 5330 2971 5385 in
2986 5330 3262 5400 Riurano,
3291 5333 3350 5387 in
3371 5334 3554 5390 Pubol

1943 5427 2028 5480 vel
2060 5424 2210 5477 infra
2232 5438 2432 5476 eorum
2461 5419 2760 5486 terminos,
2809 5418 3030 5488 domos,
3086 5422 3288 5489 terras,
3335 5421 3554 5494 vineas,

1943 5514 2158 5568 cultum
2189 5516 2246 5566 et
2272 5511 2574 5579 incultum,
2625 5525 2908 5577 eremum,
2939 5512 2996 5562 et
3022 5509 3173 5580 ipsas
3201 5511 3396 5568 vineas
3423 5529 3556 5586 qua

1944 5600 2281 5663 Seridredus
2301 5600 2373 5658 de
2386 5600 2678 5675 Aquaviva
2696 5597 2928 5658 donavit
2939 5598 3013 5656 ad
3025 5599 3304 5660 Sanctum
3319 5603 3562 5680 Stepha-

3245 5703 3310 5762 δι
