3888 6218
353 350 481 408 1611

1619 340 1981 400 BENEDICI‘I
2003 335 2125 398 VIII
2150 336 2357 398 PAPE

3527 340 3678 399 *1612

349 467 795 524 num.Inlocum
814 478 988 537 quem
1009 463 1509 528 dicuntMazamet,
1528 461 1714 533 ipsum
1728 463 1956 518 alodem
1976 464 2035 525 Α
2058 478 2415 534 quaacunque
2440 461 2709 529 diximus,
2739 457 2827 516 vel
2857 474 2985 534 qua
3015 478 3133 517 non
3160 454 3428 531 diximus,
3456 462 3682 535 praedia

349 557 448 630 qui
462 556 568 611 fuit
579 555 649 611 de
660 552 1214 624 Aurichiojudice.ln
1230 551 1504 605 comitatu
1518 552 1955 620 Barcinonense,

348 646 407 700 in
444 646 617 701 valles
668 643 820 714 ipsos
851 641 1063 708 alodes,
1096 656 1223 712 quae
1249 640 1402 694 Bella
1431 640 1652 695 femina
1681 640 1899 695 dimisit
1925 656 1960 694 a

348 734 558 789 Sancto
589 732 882 802 Stephano
910 730 1051 783 sicut
1097 727 1153 782 in
1215 743 1316 781 suo
1361 727 1580 799 judicio
1609 732 1861 783 resonat.
1894 728 1959 782 In

347 821 621 895 parochia
646 821 715 875 de
743 818 950 873 Sancto
994 817 1197 882 Felice,
1216 833 1389 888 quem
1412 817 1613 871 dicunt
1643 817 1713 870 de
1746 817 1957 884 Buada,

347 912 435 965 vel
448 910 600 964 infra
611 904 1110 977 ejusterminos,in
1123 906 1313 960 locum
1329 923 1502 978 quem
1518 905 1961 960 dicuntTorren-

349 998 495 1065 tilio,
524 997 609 1049 vel
637 994 788 1048 infra
809 994 931 1065 ejus
951 993 1253 1060 terminos,
1270 992 1328 1047 in
1352 994 1543 1048 locum
1566 1010 1741 1065 quem
1764 992 1961 1047 dicunt

345 1086 646 1145 Torrente,
671 1083 758 1137 vel
785 1081 936 1137 infra
991 1082 1113 1149 ejus
1133 1082 1433 1149 terminos,
1462 1083 1613 1154 ipsas
1637 1071 1958 1136 commixta-

350 1174 534 1228 tiones
559 1188 700 1243 quas
728 1170 1046 1225 Crustarius
1076 1169 1232 1224 fecit.
1272 1170 1439 1242 Apud
1484 1171 1701 1225 Ricolfo
1733 1171 1958 1237 domos,

348 1264 532 1317 terras
554 1262 734 1315 cultas
758 1263 817 1313 et
837 1275 1082 1325 eremas,
1112 1259 1330 1313 clausas
1364 1260 1686 1326 arboribus,
1728 1261 1785 1313 et
1810 1259 1961 1329 ipsas

347 1349 541 1404 vineas
578 1365 705 1421 quae
752 1348 992 1402 Sanctus
1039 1346 1362 1417 Stephanus
1409 1347 1580 1401 debet
1632 1347 1863 1401 habere.
1896 1347 1960 1400 In

350 1438 635 1509 Segalars,
667 1452 795 1507 quae
822 1435 1159 1488 Seniofredo
1188 1434 1335 1488 Wita
1357 1438 1540 1500 tenet,
1566 1437 1623 1488 et
1652 1434 1774 1506 ipsa
1797 1434 1962 1489 vinea

351 1526 424 1581 de
454 1526 718 1579 Susanna
740 1539 869 1576 cum
900 1538 1001 1576 suo
1025 1522 1297 1584 termino,
1318 1538 1447 1576 cum
1472 1538 1667 1576 eremo
1700 1525 1757 1575 et
1785 1524 1957 1588 culto,

350 1613 493 1667 sicut
520 1612 581 1665 in
608 1611 885 1682 scriptura
927 1609 1119 1664 Sancti
1158 1609 1433 1679 Stephani
1484 1613 1737 1667 resonat.
1766 1610 1828 1663 In
1857 1611 1959 1663 Pe-

349 1701 521 1754 tralta
567 1701 625 1753 et
652 1698 802 1751 infra
840 1698 963 1767 ejus
992 1697 1288 1761 terminos,
1336 1696 1395 1749 in
1441 1700 1595 1750 terra
1642 1697 1793 1750 infra
1840 1697 1962 1767 ejus

2059 550 2337 623 acquisita
2357 552 2445 607 vel
2462 551 2836 631 acquirenda,
2857 567 2923 605 ac
2944 550 3136 606 Sancti
3159 554 3603 625 protomartyris
3618 557 3682 609 et

2058 641 2241 695 levitas
2263 639 2537 711 Stephani
2565 640 2914 706 coenobium,
2938 639 3000 693 in
3029 640 3174 695 valle
3204 639 3420 696 Sterria
3470 642 3676 710 situm,

2058 729 2428 800 pertinentia,
2462 729 2802 783 auctoritate
2826 728 2906 782 illi
2928 728 3239 783 firmantur
3282 746 3317 784 a
3341 729 3510 785 nobis
3539 747 3681 803 apo-

2058 816 2249 871 tolica.
2279 816 2591 872 Statuimus
2640 820 2835 871 autem
2885 820 2966 883 ut,
3027 816 3259 887 quando
3291 816 3470 873 abbas
3497 818 3679 890 ipsius

2060 905 2395 959 monasterii
2418 904 2643 971 obierit,
2667 920 2857 977 neque
2885 922 2919 959 a
2939 904 3194 976 regibus,
3218 921 3408 977 neque
3429 921 3463 960 a
3492 905 3683 961 comi-

2058 992 2230 1061 tibus,
2262 1009 2449 1064 neque
2475 1010 2509 1047 a
2529 991 2912 1064 qualicunque
2944 1008 3193 1064 persona
3215 1009 3321 1066 pro
3347 992 3679 1064 cupiditatis
3769 1032 3773 1036 ~

2059 1081 2319 1151 pecuniae
2351 1097 2540 1149 causa,
2570 1098 2757 1153 neque
2774 1097 2878 1151 pro
2905 1081 3290 1153 qualicunque
3312 1081 3524 1136 favoris
3546 1081 3678 1136 ina-

2060 1167 2147 1221 nis
2195 1168 2381 1239 gloria
2429 1168 2643 1222 ibidem
2688 1168 3112 1222 constituantur
3164 1168 3429 1237 abbates;
3482 1168 3585 1224 sed
3644 1185 3681 1223 a

2058 1255 2277 1309 cunctis
2303 1255 2379 1309 ibi
2410 1254 2748 1325 degentibus
2778 1254 2953 1309 servis
2976 1253 3081 1309 Dei
3106 1255 3424 1310 secundum
3465 1257 3678 1323 Deum,

2053 1342 2217 1412 juxta
2240 1342 2528 1397 Benedicti
2556 1342 2736 1396 Patris
2772 1343 3035 1413 regulam
3094 1342 3382 1413 eligantur
3409 1342 3679 1397 abbates.

2061 1430 2272 1483 Damus
2302 1439 2535 1501 quoque
2563 1429 2855 1484 licentiam
2887 1429 3065 1500 ipsius
3082 1429 3191 1484 loci
3207 1429 3403 1484 abbati
3428 1429 3680 1490 ubicun-

2061 1533 2173 1587 que
2199 1517 2286 1570 vel
2317 1533 2351 1569 a
2379 1516 2867 1588 qualibuscumque
2919 1515 3163 1571 voluerit
3214 1516 3494 1589 episcopis
3539 1532 3685 1571 suos

2060 1604 2297 1659 clericos
2322 1604 2648 1669 ordinandi,
2677 1621 2713 1659 a
2742 1605 3127 1676 qualicunque
3155 1605 3288 1660 sede
3315 1605 3367 1659 ei
3394 1604 3686 1677 placuerit

2061 1694 2310 1747 chrisma
2338 1694 2674 1765 accipiendi,
2706 1697 2764 1749 et
2791 1697 2908 1749 uta
2936 1695 3095 1749 nullo
3135 1693 3421 1766 episcopo,
3462 1711 3569 1749 nec
3600 1694 3684 1750 ab

350 1786 652 1851 terminos,
689 1785 745 1838 in
778 1784 1110 1839 Docuinano
1157 1785 1241 1838 vel
1296 1783 1445 1837 infra
1499 1785 1620 1853 ejus
1657 1784 1959 1851 terminos,
1992 1779 2176 1838 Bullo
2202 1782 2261 1836 in
2294 1784 2452 1853 cujus
2482 1784 2655 1837 situm
2680 1787 2765 1837 est
2791 1784 3207 1838 monasterium
3240 1784 3549 1856 episcopio.
3567 1798 3683 1837 nec

353 1873 496 1928 sicut
521 1873 579 1926 in
628 1872 906 1941 scriptura
953 1887 1127 1941 quam
1176 1872 1410 1924 Rannus
1462 1872 1698 1925 clericus
1745 1871 1881 1925 fecit
1928 1888 1962 1924 a

353 1960 563 2015 Sancto
591 1960 883 2030 Stephano
922 1961 1175 2025 resonat,
1227 1958 1451 2025 domos,
1498 1962 1699 2025 terras,
1745 1958 1957 2026 vineas,

350 2049 570 2116 hortos,
599 2047 821 2101 cultum
852 2051 910 2100 et
940 2062 1223 2100 eremum.
1254 2047 1314 2099 In
1351 2046 1507 2099 Jafar
1535 2047 1621 2100 vel
1652 2047 1804 2101 intra
1841 2048 1962 2117 ejus

351 2137 667 2202 terminos;
702 2136 759 2189 in
789 2136 1066 2189 Tonnano
1093 2135 1179 2188 vel
1210 2134 1362 2187 infra
1420 2134 1542 2204 ejus
1571 2135 1869 2203 terminos,
1902 2135 1960 2188 in

354 2225 602 2278 Ciurana
630 2223 719 2277 vel
746 2223 899 2276 infra
919 2223 1041 2293 ejus
1065 2221 1377 2288 terminos;
1430 2222 1489 2275 in
1520 2221 1649 2275 villa
1695 2223 1841 2287 Dud,
1873 2224 1962 2276 vel

352 2312 504 2366 infra
535 2313 658 2382 ejus
686 2311 995 2376 terminos;
1031 2311 1093 2363 ln
1137 2310 1459 2379 Ventajone
1510 2312 1595 2363 vel
1640 2309 1791 2363 intra
1841 2311 1961 2381 ejus

352 2400 653 2465 terminos,
668 2397 727 2451 in
740 2398 869 2451 villa
887 2398 1213 2464 Mocorono,
1231 2398 1317 2450 vel
1340 2397 1489 2451 infra
1510 2397 1630 2467 ejus
1650 2397 1959 2465 terminos;
1998 2406 2009 2417 '

350 2487 767 2543 inArmentera
790 2487 870 2540 vel
896 2486 1047 2539 infra
1067 2486 1187 2555 ejus
1207 2485 1506 2552 terminos,
1530 2486 1962 2553 domos,terras,

349 2576 547 2631 vineas
571 2591 703 2629 cum
734 2573 989 2646 garricis,
1008 2574 1206 2644 pratis,
1234 2574 1476 2644 pascuis,
1508 2574 1762 2642 molinis,
1795 2575 1961 2629 moli-

352 2665 526 2718 nariis
573 2671 706 2717 eum
758 2662 1113 2733 caputaquis,
1168 2663 1384 2715 cultum
1435 2665 1493 2716 et
1552 2678 1838 2720 eremum.
1899 2664 1963 2717 In

352 2751 695 2807 Castellione
725 2751 949 2817 domos,
997 2754 1197 2816 terras,
1253 2751 1432 2804 cultas
1482 2752 1571 2804 vel
1606 2751 1865 2805 incultas.
1900 2752 1961 2805 In

351 2839 709 2902 Fontanedo,
724 2855 899 2910 quem
912 2838 1110 2893 dicunt
1122 2838 1760 2906 Vallemala,ecclesiam
1772 2840 1965 2894 Sancti

348 2928 576 2985 Martini
605 2944 737 2982 cum
765 2928 890 2998 ipsa
926 2927 1123 2994 rocha,
1169 2943 1302 2981 cum
1325 2927 1562 2981 decimis
1586 2930 1644 2982 et
1670 2928 1961 2999 primitiis,

349 3034 480 3073 cum
508 3016 895 3072 oblationibus
919 3014 1196 3082 ﬁdelium,
1225 3031 1356 3069 cum
1387 3016 1592 3071 domos
1620 3020 1679 3070 et
1698 3019 1879 3071 terras
1908 3020 1966 3070 et

351 3106 570 3173 vineas,
601 3105 818 3159 cultum
849 3106 906 3159 et
934 3119 1221 3170 eremum,
1254 3108 1311 3157 et
1336 3120 1466 3159 cum
1507 3104 1660 3175 ipsos
1687 3105 1961 3160 boschos:

356 3198 415 3250 et
442 3194 715 3249 atl'rontat
758 3193 880 3264 ipse
926 3192 1127 3247 alodus
1173 3192 1244 3247 de
1287 3196 1449 3263 parte
1489 3193 1729 3248 orientis
1750 3193 1809 3248 in
1842 3193 1963 3265 ipso

356 3284 523 3350 Cher,
554 3283 669 3338 sive
698 3282 757 3337 in
778 3282 945 3337 alode
974 3281 1072 3353 qui
1100 3281 1209 3336 fuit
1234 3281 1305 3336 de
1335 3281 1598 3336 Suniario
1646 3282 1880 3350 comite,
1909 3285 1966 3338 et

351 3372 616 3445 pervenit
643 3388 748 3444 per
792 3371 1094 3426 cacumina
1138 3370 1451 3438 montium,
1493 3388 1595 3426 seu
1616 3370 1691 3425 .in
1717 3373 1861 3427 collo
1893 3371 1965 3426 de

355 3462 531 3530 Gode,
563 3464 621 3515 et
639 3460 900 3533 pervenit
926 3460 985 3514 in
1013 3459 1180 3515 alode
1220 3460 1290 3515 de
1338 3460 1460 3531 ipso
1490 3460 1605 3523 feo,
1634 3463 1691 3515 et
1711 3459 1968 3532 pervenit

353 3551 428 3606 ad
458 3550 647 3605 alodia
676 3550 746 3604 de
774 3550 1011 3604 Betlono
1051 3549 1403 3616 Malachana,
1431 3552 1489 3603 et
1527 3549 1597 3603 de
1623 3549 1865 3604 meridie
1904 3548 1964 3602 in

354 3639 479 3712 ipsa
508 3654 669 3693 sorra
695 3638 768 3693 ad
795 3638 1019 3693 fontem
1042 3638 1112 3693 de
1139 3638 1269 3705 llar,
1295 3638 1411 3692 sive
1439 3637 1501 3692 in
1522 3653 1721 3692 eremo
1754 3638 1824 3693 de
1847 3638 1967 3691 Bet-

353 3728 511 3795 lone,
541 3727 630 3781 vel
650 3726 709 3780 in
739 3726 905 3781 alode
936 3725 1035 3798 qui
1066 3725 1172 3780 fuit
1214 3726 1283 3779 de
1331 3726 1436 3797 Ajo
1496 3725 1736 3793 femina,
1768 3742 1867 3779 seu
1906 3725 1965 3779 in

355 3815 482 3891 ipsa
501 3816 696 3883 rocha,
721 3815 792 3869 ab
822 3814 1081 3882 occiduo,
1113 3815 1173 3868 in
1202 3814 1287 3868 rio
1318 3830 1492 3886 quem
1515 3814 1714 3868 dicunt
1730 3814 1965 3885 Budiga,

358 3904 443 3958 vel
476 3904 535 3958 in
559 3905 753 3959 villare
786 3903 855 3958 de
898 3903 1217 3970 Melandre;
1258 3905 1316 3957 et
1364 3902 1434 3957 de
1466 3903 1611 3957 Circi
1637 3902 1695 3956 in
1728 3902 1849 3974 ipso
1880 3902 1970 3956 rio

359 3993 458 4065 qui
484 3993 749 4047 discurrit
770 3992 841 4046 de
866 3992 1021 4065 ipsas
1044 3991 1251 4057 fontes,
1281 3993 1338 4045 et
1365 3990 1635 4045 inlaterat
1652 4007 1756 4062 per
1783 3991 1971 4062 ipsum

360 4058 591 4147 s-altum,
623 4085 680 4134 et
698 4058 960 4151 pervenit
987 4058 1090 4150 per
1107 4078 1467 4147 Moloculino,
1494 4079 1611 4134 sive
1631 4058 1691 4134 in
1711 4058 1878 4134 alode
1901 4080 1971 4135 de

360 4171 583 4225 Joanne
604 4169 958 4241 presbytero,
993 4170 1051 4222 et
1103 4167 1365 4239 pervenit
1405 4185 1585 4240 usque
1627 4168 1687 4222 in
1718 4169 1863 4224 collo
1901 4169 1972 4224 de

360 4256 579 4313 colaria
606 4257 722 4311 sive
750 4256 810 4310 in
840 4256 964 4327 ipsa
991 4272 1142 4312 arca.
1184 4257 1253 4311 Et
1279 4257 1390 4312 alio
1417 4257 1608 4326 alode,
1634 4257 1731 4331 qui
1758 4257 1867 4313 fuit
1900 4259 1971 4313 de

1983 3066 2032 3126 C

2062 1872 2133 1926 ab
2146 1872 2255 1925 alio
2278 1872 2456 1944 possit
2473 1873 2981 1939 excommunicari,
2995 1874 3082 1927 vel
3096 1872 3291 1945 aliqua
3308 1872 3381 1928 ad
3400 1872 3683 1927 eumdem

2061 1961 2482 2015 monasterium
2496 1962 2795 2033 pertinens
2815 1962 3070 2017 ecclesia.
3088 1962 3403 2017 Statuimus
3419 1963 3599 2016 etiam
3616 1964 3686 2016 ut

2062 2049 2187 2120 quis
2200 2050 2834 2121 pmnitensatiminibus
2850 2052 3105 2106 exclusus
3122 2051 3395 2118 ecclesiae,
3417 2050 3685 2124 quandiu

2062 2137 2139 2191 ibi
2154 2139 2613 2204 steterit,habeat
2628 2139 2918 2194 licentiam
2941 2140 3275 2194 introeundi
3295 2144 3353 2194 et
3365 2156 3542 2194 omne
3554 2140 3687 2195 offi-

2062 2224 2211 2279 cium
2240 2226 2496 2281 divinum
2521 2227 2810 2283 audiendi.
2838 2227 3217 2282 Concedimus
3235 2243 3465 2299 quoque
3479 2228 3685 2283 abbati

2062 2315 2149 2368 vel
2179 2315 2478 2369 monachis
2507 2319 2565 2369 et
2597 2316 2866 2370 omnibus
2909 2316 3127 2370 clericis
3155 2316 3228 2370 ad
3255 2315 3687 2371 monasterium

2062 2402 2825 2473 pertinentibus,licentiam,
2843 2404 2948 2458 nisi
2962 2404 3248 2459 voluerint
3260 2407 3582 2476 spontanee
3594 2404 3687 2459 vel

2062 2492 2269 2563 rogati,
2302 2492 2376 2545 ad
2404 2492 2687 2563 synodum
2709 2508 2828 2547 non
2844 2492 3041 2547 eundi.
3064 2492 3687 2564 Conﬁrmamusigitur

2064 2583 2122 2633 et
2148 2580 2395 2634 stabilim
2406 2597 2469 2633 us
2488 2580 2699 2635 amodo
2721 2584 2784 2633 ut
2806 2582 2992 2635 nullus
3008 2597 3131 2648 rex,
3163 2581 3355 2635 nullus
3387 2581 3684 2652 princeps,

2064 2668 2253 2721 nullus
2286 2668 2568 2731 marchio,
2598 2669 2787 2722 nullus
2816 2684 3029 2736 comes,
3063 2668 3255 2723 nullus
3266 2668 3466 2739 judex,
3488 2669 3687 2723 nullus

2065 2755 2364 2826 episcopus
2392 2771 2580 2826 neque
2619 2756 2734 2810 ulla
2759 2772 2974 2827 magna
2989 2771 3281 2828 parvaque
3296 2772 3550 2827 persona
3578 2755 3687 2810 ali-

2064 2861 2239 2915 quam
2269 2844 2380 2899 vim
2406 2846 2489 2898 vel
2512 2844 2866 2899 invasionem
2888 2845 2948 2899 in
2971 2844 3178 2900 eodem
3195 2844 3482 2911 ccenobio,
3505 2844 3687 2900 autin

2063 2932 2179 2985 suis
2207 2932 2573 3004 pertinentiis
2599 2933 2786 2988 facere
2817 2936 3152 3004 prtesumat.
3201 2934 3311 2987 Pro
3342 2948 3459 3004 quo
3495 2936 3556 2987 et
3578 2932 3690 2988 sub

2065 3019 2238 3076 divini
2262 3019 2463 3092 judicii
2516 3021 2895 3076 obtestatione
2938 3024 2999 3076 et
3025 3020 3412 3076 anathematis
3437 3020 3690 3075 interdi-

2064 3109 2255 3163 ctione
2280 3109 2716 3180 promulgantes
2742 3108 3107 3164 decernimus
3125 3110 3191 3162 ut
3214 3109 3405 3164 nullus
3424 3124 3693 3181 unquam

2065 3200 2395 3253 nostrorum
2450 3213 2839 3252 successorum
2868 3196 3234 3270 pontiﬁcum,
3266 3214 3459 3270 neque
3489 3198 3695 3271 aliqua

2063 3301 2297 3356 magna,
2344 3284 2488 3338 sicut
2534 3284 2798 3352 diximus,
2835 3300 3124 3356 parvaque
3169 3302 3419 3357 persona
3472 3285 3697 3341 audeat

2062 3374 2149 3429 vel
2177 3375 2490 3446 praesumat
2520 3375 2724 3427 contra
2741 3374 2851 3428 hoc
2880 3378 3145 3429 nostrum
3166 3374 3548 3446 apostolicum
3568 3375 3696 3446 pri-

2064 3462 2334 3533 vilegium
2355 3462 2415 3515 in
2430 3460 2714 3533 aliquibus
2725 3477 2897 3533 agere
2918 3461 3154 3533 injuste,
3170 3478 3361 3534 neque
3373 3463 3503 3534 quis
3521 3463 3697 3519 illum

2064 3550 2333 3622 frangere
2361 3553 2563 3604 tentet.
2595 3548 2653 3604 Si
2685 3549 2812 3621 quis
2840 3550 3228 3621 autem,quod
3240 3550 3700 3619 noncredimus,

2066 3654 2174 3693 nec
2202 3639 2416 3693 timens
2436 3639 2639 3704 Deum,
2656 3641 2714 3692 et
2734 3641 2993 3693 nostrum
3013 3638 3439 3710 parvipendens
3454 3638 3699 3709 privile-

2067 3726 2227 3800 gium
2258 3727 2413 3798 quod
2441 3726 2831 3795 concedimus,
2863 3726 3037 3781 verbo
3076 3726 3297 3781 factove
3322 3726 3699 3799 disrumpere

2066 3815 2393 3882 tentaverit,
2419 3816 2593 3882 hunc,
2625 3815 2880 3887 quisquis
2923 3814 3017 3870 ille
3059 3815 3253 3881 fuerit,
3290 3815 3364 3870 de
3386 3818 3557 3887 parte
3586 3814 3698 3870 Dei

2070 3902 2506 3975 omnipotentis,
2553 3903 2735 3957 sancti
2779 3904 3022 3974 apostoli
3047 3905 3171 3975 ejus
3199 3905 3354 3960 Petri
3384 3908 3445 3958 et
3465 3908 3696 3971 nostra,

2071 3992 2169 4064 qui
2183 3992 2303 4063 ejus
2318 3991 2620 4062 fungimur
2629 3991 3198 4063 vice,perpetuis,nisi
3212 3992 3697 4065 resipuerit,ana—

2070 4079 2340 4134 thematis
2348 4079 2587 4133 vinculis
2598 4079 2922 4150 obligamus
2935 4097 2951 4148 ;
2965 4079 3150 4153 sitque
3160 4080 3355 4152 portio
3373 4081 3502 4152 ejus
3517 4080 3703 4135 infer—

2070 4185 2198 4235 nus,
2214 4167 2522 4223 haereditas
2540 4166 2693 4222 illius
2708 4166 2988 4235 diabolus,
3009 4184 3143 4239 pars
3157 4171 3216 4223 et
3232 4169 3559 4225 consolatio
3572 4169 3705 4240 ejus

2070 4256 2168 4312 ubi
2198 4271 2500 4329 nunquam
2523 4255 2741 4323 latitia,
2763 4256 2864 4311 sed
2880 4271 3113 4327 semper
3128 4258 3215 4311 est
3231 4256 3433 4313 ﬂetus:
3467 4258 3707 4313 veniat-

364 4345 719 4401 Seximundo
746 4345 1078 4417 presbytero
1098 4345 1213 4400 sive
1234 4346 1374 4400 alias
1397 4345 1591 4401 vineas
1616 4362 1744 4418 quae
1764 4346 1824 4401 in
1849 4345 1974 4402 aliis
1993 4352 2047 4412 D
2072 4361 2205 4419 que,
2223 4343 2352 4413 nisi,
2368 4346 2429 4398 ut
2440 4343 3211 4416 diximus,resipuerit,super
3228 4345 3398 4400 illum
3411 4346 3707 4420 quidquid

360 4432 501 4489 locis
519 4436 672 4488 sunt.
706 4433 775 4487 Et
800 4432 858 4486 in
890 4433 1083 4489 Sancti
1110 4432 1377 4506 Sylvestri
1399 4449 1600 4489 manso
1630 4450 1758 4488 cum
1792 4436 1976 4489 terras

364 4525 424 4577 et
444 4521 657 4591 vineas,
689 4525 746 4577 et
773 4538 903 4577 cum
936 4522 1089 4594 ipsos
1116 4537 1362 4589 eremos,
1386 4525 1595 4576 etcum
1625 4521 1877 4577 decimas
1903 4522 1974 4577 de

363 4609 487 4683 ipso
514 4627 738 4666 manso.
772 4611 840 4665 Et
865 4610 926 4665 in
945 4609 1293 4667 Deredeldos
1322 4626 1524 4665 manso
1551 4625 1685 4664 cum
1714 4613 1898 4665 terras
1919 4615 1977 4666 et

364 4698 581 4767 vineas,
605 4702 819 4754 etcum
861 4699 1013 4770 ipsos
1058 4714 1286 4754 eremos
1334 4696 1433 4769 qui
1480 4696 1697 4752 ibidem
1726 4701 1879 4752 sunt.
1908 4699 1972 4753 In

365 4786 641 4842 comitatu
664 4786 1048 4842 Cerdaniense
1069 4801 1271 4840 manso
1298 4800 1414 4839 uno
1447 4801 1578 4840 cum
1598 4787 1798 4839 terras.
1827 4786 1895 4840 Et
1914 4786 1973 4841 in

363 4875 720 4930 Purermano
766 4891 926 4929 maso
973 4889 1091 4927 uno
1137 4889 1269 4927 cum
1296 4875 1498 4927 terras.
1522 4873 1591 4926 Et
1635 4872 1696 4926 in
1729 4873 1972 4928 Arriano

364 4962 590 5031 domos,
618 4966 802 5018 terras
821 4965 880 5017 et
894 4962 1091 5016 vineas
1113 4977 1244 5015 cum
1269 4960 1531 5016 terminis
1553 4963 1611 5015 et
1639 4960 1974 5031 adjacentiis

360 5050 494 5106 suis.
530 5052 594 5104 Et
621 5050 678 5105 in
705 5051 864 5105 Bulla
885 5049 1113 5117 domos,
1146 5053 1329 5104 terras
1355 5053 1413 5103 et
1436 5049 1652 5117 vineas,
1680 5053 1734 5104 et
1765 5050 1825 5103 in
1849 5050 1972 5122 ipso

359 5156 564 5197 manso
579 5156 708 5194 cum
726 5139 875 5211 ipsas
895 5141 1075 5193 terras
1096 5141 1153 5193 et
1168 5138 1316 5209 ipsas
1336 5138 1550 5205 vineas,
1569 5137 1723 5209 quod
1742 5138 1978 5192 Landri-

355 5245 455 5284 cus
485 5245 617 5283 cum
656 5244 832 5283 uxore
862 5244 964 5281 sua
995 5227 1153 5282 dedit
1195 5227 1266 5281 ad
1288 5227 1563 5282 Sanctum
1589 5226 1969 5298 Stephanum,

355 5334 489 5373 cum
520 5316 785 5371 terminis
815 5321 874 5371 et
911 5316 1249 5387 adjacentiis
1277 5316 1412 5370 suis.
1440 5318 1499 5371 In
1535 5316 1766 5370 Olmera
1791 5319 1973 5370 terras
2000 5360 2008 5368 .

352 5407 533 5461 cultas
556 5408 642 5459 vel
674 5405 929 5459 incultas.
958 5406 1027 5458 Et
1053 5405 1111 5458 in
1146 5406 1432 5476 Lampage
1475 5420 1680 5476 campo
1713 5421 1851 5459 uno.
1905 5406 1974 5459 Et

352 5493 413 5548 in
437 5496 637 5563 Bages,
667 5496 725 5548 et
751 5493 812 5548 in
841 5495 1087 5548 Merresa
1112 5498 1292 5549 terras
1330 5498 1389 5549 et
1428 5493 1641 5563 vineas,
1667 5496 1884 5549 cultum
1915 5496 1974 5548 et

352 5595 638 5651 eremum,
650 5595 786 5637 cum
796 5580 1061 5638 terminis
1070 5585 1128 5639 et
1141 5581 1478 5659 adjacentiis
1496 5581 1630 5641 suis.
1645 5582 1776 5641 Haec
1789 5581 1971 5659 igitur

2072 4432 2491 4488 maledictionis
2506 4431 2815 4503 excogitari
2826 4432 2916 4486 vel
2927 4432 3038 4487 dici
3050 4432 3328 4505 potesLSi
3347 4434 3481 4507 quis
3498 4439 3706 4491 autem

2070 4522 2240 4594 hujus
2269 4521 2448 4577 sancti
2468 4519 2715 4576 coenobii
2741 4520 2969 4592 adjutor
2999 4521 3248 4577 existens
3272 4522 3465 4594 illum,
3492 4524 3556 4580 in
3581 4542 3708 4598 quo

2072 4609 2344 4681 potuerit,
2363 4609 2603 4681 elegerit
2623 4611 2682 4664 et
2695 4608 2996 4677 amaverit,
3015 4609 3107 4664 hic
3137 4610 3240 4665 Dei
3271 4611 3713 4685 omnipotentis

2073 4698 2399 4753 interventu
2414 4695 2987 4768 apostoliearepletus
3002 4696 3414 4753 benedictione
3435 4715 3712 4757 crescere

2074 4802 2133 4841 se
2163 4786 2413 4857 gaudeat
2436 4785 2496 4839 in
2509 4783 2780 4839 virtutem
2794 4785 2867 4839 de
2882 4784 3093 4840 virtute
3114 4802 3128 4853 ;
3156 4785 3345 4858 sitque
3356 4787 3552 4858 portio
3579 4789 3716 4860 ejus

2072 4874 2390 4947 paradisus,
2410 4872 2717 4928 hereditas
2732 4872 2883 4927 illius
2897 4872 3172 4928 Dominus
3184 4874 3466 4941 Christus,
3486 4892 3628 4947 pars
3649 4880 3717 4931 et

2072 4963 2389 5020 consolatio
2420 4963 2541 5033 ejus
2598 4961 2696 5016 ubi
2745 4977 2976 5033 semper
3024 4961 3304 5033 gaudium
3331 4966 3392 5017 et
3420 4963 3594 5019 dolor
3620 4969 3720 5021 est

2073 5053 2280 5108 nullus.
2314 5049 2715 5105 lnterdicimus
2758 5049 2935 5105 etiarn
2983 5050 3234 5105 universi
3264 5051 3501 5122 generis
3528 5056 3716 5122 pote-

2074 5141 2312 5196 statibus
2340 5142 2406 5194 nt
2452 5139 2594 5193 nulli
2638 5139 2807 5194 liceat
2861 5155 2929 5193 ex
2968 5139 3094 5210 jam
3142 5138 3297 5193 dicto
3337 5141 3714 5197 monasterio

2075 5229 2330 5301 accipere
2359 5226 2705 5300 pascuarios,
2758 5228 2846 5283 vel
2905 5228 3133 5299 exigere
3162 5227 3442 5298 traginas,
3482 5233 3585 5284 aut
3619 5228 3719 5284 di-

2073 5318 2358 5389 stringere
2377 5319 2615 5389 placitos
2640 5318 2806 5373 ullius
2843 5317 3098 5372 hominis
3145 5317 3220 5371 ad
3268 5317 3714 5373 monasterium

2072 5407 2436 5480 pertinentis,
2467 5408 2856 5478 cujuscunque
2911 5405 2985 5459 sit
3010 5407 3215 5478 culpae,
3266 5406 3313 5460 si
3357 5406 3713 5478 supradictis

2073 5495 2571 5553 maledictionibus
2600 5511 2719 5553 non
2744 5496 2862 5552 vult
2890 5494 3208 5566 subjacere,
3231 5510 3375 5566 quas
3393 5495 3550 5551 Deus
3562 5510 3706 5550 om-

2071 5583 2338 5666 nipotens
2392 5587 2453 5643 et
2496 5584 2569 5647 ab
2597 5582 2958 5663 adjutoribus
2982 5583 3155 5661 hujus
3181 5582 3368 5645 nostri
3408 5583 3709 5663 privilegii
