3888 6218
267 565 399 626 Mil

1518 554 1906 616 BENEDICTII
1938 551 2034 615 νη
2056 553 2280 618 ΡΑΡΒ.

3444 563 3586 624 1622

283 704 638 748 successores
656 685 871 761 eligere
888 685 1182 743 volueritis
1196 685 1415 760 deipsis
1431 686 1763 742 hominibus
1781 683 1877 759 qui
1905 687 1960 747 Α
1990 690 2218 760 plebem
2242 690 2301 745 S.
2322 687 2508 746 Maria
2524 687 2583 744 in
2604 685 2960 761 Apruniana,
2980 686 3070 745 vel
3100 703 3303 746 omnes
3320 689 3586 747 ecclesias

280 780 499 837 ibidem
525 777 849 834 fuerintaut
867 775 1123 830 invenire
1145 775 1875 847 potuerint.Vestraeitaque

285 866 647 941 religiositati
665 868 788 921 haec
814 865 1013 921 omnia
1052 864 1111 919 in
1139 867 1479 936 perpetuum
1508 863 1875 918 concedimus

267 960 328 1012 et
350 957 765 1012 confirmamus
786 972 800 1022 ;
828 953 933 1026 ipsi
951 969 1202 1024 namque
1218 953 1330 1007 duo
1344 951 1669 1023 piscatores,
1685 954 1741 1005 et
1762 952 1873 1006 duo

277 1045 520 1100 curiales
550 1043 788 1099 ulterius
824 1042 1043 1096 nullam
1092 1040 1387 1095 dationem
1439 1041 1537 1093 aut
1581 1039 1874 1094 servitium

268 1132 503 1199 faciant,
532 1148 637 1187 nec
678 1131 752 1186 ad
783 1129 1057 1202 placitum
1097 1128 1512 1198 distringantur
1538 1128 1612 1182 ab
1659 1127 1873 1198 aliquo,

272 1221 371 1292 qui
396 1236 502 1292 pro
520 1224 782 1292 tempore
811 1218 872 1272 in
892 1217 1017 1290 ipsa
1044 1215 1270 1271 civitate
1299 1214 1596 1270 Portuensi
1618 1214 1880 1269 domina-

270 1312 399 1363 tum
432 1307 713 1375 tenuerit;
744 1305 956 1361 scilicet
981 1308 1095 1359 tua;
1120 1307 1464 1375 tuorumque
1491 1318 1878 1357 successorum

268 1397 399 1453 illos
418 1394 807 1451 submittimus
830 1392 1121 1465 potestati.
1138 1394 1280 1447 Item
1299 1391 1709 1447 conﬁrmamus
1721 1390 1881 1445 vobis

272 1485 590 1556 vestrisque
614 1481 1029 1538 successoribus
1054 1482 1237 1536 casale
1269 1496 1446 1533 unum
1468 1479 1527 1533 in
1565 1478 1877 1548 integrum,

280 1572 440 1646 quod
465 1574 697 1626 vocatur
715 1569 1120 1635 Genesianum,
1135 1571 1193 1622 et
1221 1567 1527 1623 Malianum
1544 1583 1673 1621 cum
1696 1565 1883 1620 insula

274 1660 506 1716 modica
523 1661 676 1714 ultra
694 1658 879 1712 rivum
906 1657 966 1711 in
990 1657 1109 1728 ipso
1128 1657 1253 1710 loco
1276 1655 1524 1725 positum
1544 1670 1676 1708 cum
1699 1652 1884 1709 omni-

277 1750 388 1804 bus
406 1747 513 1803 sibi
537 1746 979 1819 pertinentibus,
995 1745 1245 1816 positum
1279 1742 1369 1796 via
1390 1744 1701 1797 Portuense
1719 1743 1883 1812 juxta

275 1836 587 1893 Malianum
612 1833 758 1905 juris
796 1832 1132 1888 monasterii
1156 1832 1213 1887 8.
1242 1830 1560 1897 Pancratii;
1621 1830 1796 1884 etiam
1826 1831 1884 1883 et

277 1924 690 1981 confirmamus
717 1921 880 1976 vobis
905 1920 1217 1991 vestrisque
1239 1918 1651 1973 successoribus
1671 1917 1731 1971 in
1760 1933 1885 1989 per-

1984 779 2216 851 exiguas
2245 780 2329 834 vel
2357 795 2600 851 magnas
2626 779 2930 850 cujuslibet
2954 778 3231 845 nominis,
3262 796 3389 852 quae
3433 779 3585 835 infra

1971 869 2100 940 jam
2121 869 2301 923 dictos
2313 868 2515 922 afﬁnes
2535 871 2667 923 sunt
2686 869 2771 923 vel
2793 885 2914 923 esse
2931 871 3189 939 possunt,
3214 869 3429 941 absque
3451 868 3581 936 illis,

1983 974 2125 1028 quas
2148 958 2271 1028 jam
2320 957 2566 1011 diximus
2583 957 2995 1012 Transtiberim
3034 956 3174 1011 sitis.
3210 959 3437 1013 Interea
3460 974 3585 1013 san-

1980 1045 2196 1099 cientes
2220 1046 2513 1116 jubemus,
2544 1046 2708 1099 sicuti
2736 1063 2771 1100 a
2811 1045 3021 1100 nostris
3068 1046 3586 1116 praedecessoribus

1972 1134 2193 1205 jussum
2212 1136 2316 1200 est,
2337 1136 2401 1187 ut
2420 1133 2479 1187 in
2492 1132 2731 1188 ﬂumine
2746 1135 2889 1200 toto,
2912 1132 3009 1205 qui
3030 1132 3195 1203 juxta
3214 1134 3420 1189 urbem
3443 1135 3582 1189 Por-

1976 1224 2240 1277 tuensem
2258 1220 2529 1288 decurrit,
2544 1222 2732 1275 nullus
2742 1221 2948 1276 audeat
2960 1220 3314 1288 molendina,
3327 1224 3427 1276 aut
3440 1238 3582 1293 pon-

1980 1313 2103 1365 tem
2134 1312 2264 1381 post
2290 1308 2609 1379 jussionem
2630 1311 2808 1376 tuam,
2832 1309 2919 1364 vel
2940 1324 3325 1364 successorum
3346 1313 3580 1365 tuorum

1980 1396 2566 1470 episcoporumjuxta
2578 1397 2823 1469 priscam
2843 1397 3315 1453 consuetudinem
3328 1414 3584 1469 quoquo-

1982 1486 2158 1542 modo
2180 1480 2556 1553 constituere,
2589 1487 2645 1540 et
2683 1502 2814 1540 cum
2840 1486 2983 1540 vela
3011 1485 3192 1552 vobis,
3223 1486 3310 1541 vel
3338 1486 3411 1539 ab
3431 1485 3580 1553 aliis,

1981 1574 2186 1647 quibus
2210 1578 2408 1629 tamen
2437 1590 2535 1629 vos
2562 1573 2891 1629 faciendum
2912 1573 3584 1644 injunxeritis,constitu-

1982 1666 2107 1717 tum
2147 1666 2247 1717 aut
2292 1665 2506 1717 factum
2563 1662 2757 1730 fuerit,
2803 1662 2925 1733 ipsa
2966 1661 3305 1717 molendina
3333 1663 3417 1715 vel
3444 1678 3590 1733 pons

1983 1754 2170 1805 vestro
2184 1750 2424 1805 arbitrio
2441 1750 2865 1822 dispensentur;
2882 1767 2986 1821 per
2999 1753 3236 1822 pontem
3248 1765 3381 1805 vero
3403 1749 3593 1805 civita-

1982 1838 2054 1893 tis
2077 1838 2271 1910 ipsius,
2292 1838 2337 1893 si
2370 1838 2550 1893 factus
2568 1838 2762 1907 fuerit,
2797 1854 2928 1893 cum
2950 1839 3203 1909 plaustro
3225 1841 3432 1893 onusto
3459 1838 3592 1894 vino

1982 1927 2067 1981 vel
2090 1927 2239 1981 victu
2271 1943 2445 1982 nemo
2472 1926 2681 1981 audeat
2702 1943 2891 1999 neque
2921 1926 3055 1981 hinc
3084 1926 3224 1980 illud
3249 1943 3437 1997 neque
3456 1926 3592 1981 inde

282 2016 523 2086 petuum
564 2013 748 2066 totam
779 2010 1024 2065 insulam
1053 2025 1180 2080 quae
1208 2011 1443 2063 vocatur
1480 2006 1782 2078 Lycaonia,
1824 2004 1883 2059 in

1989 2016 2093 2069 huc
2123 2014 2351 2086 penitus
2398 2016 2774 2069 transmeare.
2809 2016 3025 2070 lterum
3077 2013 3401 2069 sancientes
3422 2014 3594 2084 jube-

273 2119 389 2175 qua
439 2114 525 2156 est
581 2099 820 2154 ecclesia
866 2100 927 2153 Β.
979 2098 1065 2152 Jo.
1120 2096 1404 2168 Baptistae,
1436 2099 1494 2150 et
1542 2094 1779 2149 ecclesia
1824 2092 1881 2148 8.

275 2189 567 2247 Adalberti
585 2206 716 2244 cum
745 2186 886 2242 casis
915 2188 973 2241 et
1000 2184 1264 2241 oratoriis
1301 2185 1453 2238 infra
1472 2184 1676 2238 eadem
1705 2185 1884 2249 curte,

280 2295 411 2334 cum
441 2277 642 2343 hortis,
667 2280 725 2331 et
748 2275 1074 2347 aquimolis,
1107 2278 1165 2327 et
1187 2272 1554 2345 pertinentiis
1592 2271 1706 2325 suis
1736 2270 1889 2325 infra

280 2368 431 2422 hanc
453 2365 652 2421 urbem
668 2365 912 2419 Romam
934 2363 1124 2428 sitam,
1140 2361 1300 2417 sicuti
1326 2360 1652 2414 extenditur
1672 2360 1744 2413 ab
1771 2374 1886 2412 uno

280 2455 465 2527 capite
486 2470 665 2526 usque
681 2453 742 2508 in
763 2452 920 2507 aliud
941 2451 1297 2523 caputipsius
1318 2450 1538 2515 insulae,
1554 2448 1649 2503 ubi
1669 2447 1887 2502 flumen

288 2543 577 2599 dividitur.
611 2540 739 2596 Pari
785 2540 961 2595 modo
990 2538 1359 2593 concedimus
1388 2540 1446 2593 et
1477 2538 1890 2593 confirmamus

277 2631 436 2686 vobis
458 2630 771 2701 vestrisque
790 2628 1205 2683 successoribus
1218 2626 1276 2680 in
1292 2628 1633 2699 perpetuum
1652 2642 1887 2709 omnem

286 2718 719 2775 ordinationem
771 2716 1175 2789 episcopalem,
1228 2718 1349 2769 tam
1421 2714 1491 2768 de
1544 2714 1891 2785 presbyteris

281 2824 456 2880 quam
479 2806 814 2861 diaconibus
834 2805 921 2858 vel
943 2802 1295 2868 diaconissis,
1314 2801 1885 2869 seusubdiaconibus,

280 2894 532 2951 ecclesiis
551 2895 636 2948 vel
682 2892 977 2959 altaribus,
1018 2909 1146 2963 quae
1172 2891 1231 2945 in
1263 2895 1382 2945 tota
1404 2889 1753 2945 Transtiberi
1784 2906 1889 2945 ne-

280 2982 527 3038 cessaria
571 2980 762 3047 fuerit,
801 2979 1150 3047 faciendam,
1183 2978 1292 3033 nisi
1322 2978 1629 3033 cardinalis
1672 2978 1883 3048 presb.,

280 3073 367 3128 vel
395 3069 704 3127 cardinalis
738 3068 1032 3134 diaconus,
1060 3069 1147 3122 vel
1177 3068 1455 3135 subdiac.,
1485 3068 1572 3122 vel
1592 3066 1888 3137 acolythus

286 3160 430 3217 sacri
456 3159 654 3232 palatii
686 3157 1087 3213 Lateranensis
1124 3157 1424 3212 efﬁciatur.
1448 3155 1672 3212 Scilicet
1690 3155 1889 3211 omnia

280 3250 385 3306 tibi
442 3249 667 3321 tuisque
716 3246 1154 3313 successoribus,
1185 3247 1273 3299 vel
1315 3246 1521 3317 quibus
1550 3245 1831 3317 episcopis
1854 3261 1889 3299 a

1986 2120 2115 2157 mus
2141 2107 2202 2157 ut
2232 2104 2421 2157 nullus
2444 2104 2742 2175 presbyter
2767 2104 2853 2158 vel
2897 2102 3202 2175 cujuslibet
3225 2101 3447 2157 ordinis
3475 2103 3592 2157 cle-

1984 2192 2135 2246 ricus
2158 2191 2363 2263 aliquis
2391 2192 2461 2246 de
2492 2194 2612 2246 toto
2642 2192 2880 2264 prmfato
2908 2191 3248 2263 'episcopatu
3279 2190 3489 2247 audeat
3517 2190 3593 2245 ad

1986 2278 2259 2351 placitum
2314 2279 2732 2351 constringere,
2764 2282 2862 2334 aut
2917 2280 2990 2334 ad
3032 2277 3467 2334 contentionem
3524 2279 3593 2332 ﬁ-

1990 2367 2265 2422 niendam
2287 2369 2653 2439 compellere,
2681 2371 2781 2422 aut
2814 2367 3046 2439 aliquod
3072 2366 3369 2421 servitium
3408 2368 3481 2422 ab
3511 2365 3595 2422 eis

1986 2455 2312 2528 requirere;
2335 2459 2524 2528 potest
2548 2456 2845 2527 episcopus
2868 2455 3217 2521 Portuensis,
3234 2455 3292 2509 in
3314 2455 3475 2525 cuius
3491 2470 3595 2525 pa-

1987 2544 2187 2598 rochia
2206 2547 2355 2599 sunt.
2384 2543 2719 2616 Quicunque
2739 2560 2869 2599 vero
2892 2546 3292 2615 praesumptor,
3311 2542 3426 2597 sive
3456 2543 3591 2611 dux,

1988 2631 2104 2687 sive
2131 2649 2345 2694 comes,
2372 2633 2458 2687 vel
2486 2632 2822 2699 vicecomes,
2856 2634 2952 2686 aut
2993 2631 3394 2698 cubicularius,
3434 2632 3521 2686 vel
3559 2646 3597 2686 a

1991 2724 2187 2775 nostra
2211 2720 2524 2792 apostolica
2542 2720 2676 2775 sede
2697 2720 2923 2786 missus,
2946 2722 3045 2774 aut
3063 2719 3476 2791 qualiscunque
3512 2719 3597 2773 in-

1988 2809 2316 2863 terveniens
2345 2811 2617 2880 potestas,
2646 2824 2773 2880 quae
2796 2808 2867 2863 de
2892 2807 3015 2878 ipsa
3032 2807 3257 2862 civitate
3280 2809 3596 2863 Portuense

1987 2897 2350 2953 dominatum
2371 2897 2642 2963 tenuerit,
2666 2897 2737 2951 de
2756 2913 3101 2969 quocunque
3128 2895 3345 2951 fuerint
3369 2895 3593 2963 ordine,

1986 2984 2261 3055 przedicta
2279 2985 2479 3040 omnia
2498 2984 2821 3040 immobilia
2840 2986 2985 3053 loca,
3000 2988 3098 3039 aut
3108 2984 3596 3056 praenominatum

1989 3073 2446 3136 castaldaticum,
2467 3074 2554 3127 vel
2576 3073 2717 3127 duos
2738 3072 3050 3144 piscatores
3070 3076 3129 3128 et
3169 3073 3310 3129 duos
3333 3073 3593 3140 curiales,

1986 3163 2075 3216 vel
2105 3178 2308 3216 omnes
2326 3161 2628 3233 praedictos
2649 3161 2885 3216 clericos
2906 3179 2940 3216 θ.
2963 3162 3095 3233 jure
3124 3166 3182 3216 et
3208 3164 3490 3233 potestate
3510 3164 3594 3215 at-

1991 3268 2101 3322 que
2132 3250 2347 3305 ditione
2384 3249 2607 3321 praefati
2651 3249 2902 3320 episcopi
2926 3251 3175 3317 auferre,
3215 3251 3303 3305 vel
3333 3250 3597 3305 minuere

280 3339 442 3395 vobis
473 3313 695 3392 invitati
723 3336 958 3402 fuerint,
979 3334 1308 3401 ordinandi,
1332 3313 1889 3399 benedicendi,_con-
1922 3313 2248 3405 evolucrit,
2279 3339 2367 3392 vel
2384 3313 2735 3410 .parochiaI-n
2782 3313 3104 3408 iniringere
3142 3313 3466 3404 tentaverit,
3498 3339 3599 3392 aut

279 3426 608 3484 secrandive
628 3424 995 3481 concedimus
1023 3427 1398 3496 potestatem;
1431 3427 1489 3478 et
1515 3440 1588 3477 ne
1618 3423 1891 3494 parochia

281 3521 470 3573 vestra
499 3516 572 3571 ab
602 3514 795 3586 aliquo
826 3513 1170 3585 pervadatur
1199 3512 1484 3585 episcopo,
1514 3513 1758 3567 fecimus
1787 3529 1890 3583 per

280 3608 390 3663 hoc
422 3608 683 3661 nostrum
709 3602 1074 3675 privilegium
1114 3601 1405 3669 intimare,
1446 3604 1673 3673 tuaeque
1698 3603 1887 3656 Eccle-

281 3695 380 3751 sia;
403 3694 751 3751 confirmare
778 3708 1069 3754 curamus,
1100 3690 1411 3761 incipiente
1439 3706 1668 3762 quoque
1698 3691 1887 3761 primo

246 3832 253 3837 .
282 3784 533 3840 termino
550 3800 585 3838 a
611 3782 791 3837 fracto
824 3784 1020 3853 ponte,
1051 3779 1148 3835 ubi
1167 3780 1323 3835 unda
1346 3779 1616 3836 dividitur
1637 3796 1742 3851 per
1760 3796 1887 3834 mu-

282 3891 434 3941 rum,
447 3870 1161 3928 videlicetTranstiberinm
1173 3868 1458 3940 urbis,per
1468 3868 1892 3940 Septimianam

282 3964 532 4035 portam,
563 3976 667 4031 per
684 3963 912 4031 portam
943 3960 1001 4015 S.
1033 3958 1340 4023 Pancratii,
1370 3974 1474 4029 per
1499 3957 1715 4012 silicem
1754 3973 1889 4012 vero

283 4051 459 4124 ipsius
473 4053 675 4121 μοι-ιω,
705 4065 881 4120 usque
901 4048 975 4103 ad
995 4051 1234 4119 pontem
1263 4062 1657 4102 marmoreum
1678 4046 1776 4117 qui
1805 4048 1893 4101 est

284 4156 457 4212 super
467 4141 774 4205 Arronem,
798 4140 855 4192 et
874 4138 1119 4192 ducente
1141 4153 1246 4208 per
1264 4136 1449 4208 ipsam
1469 4135 1687 4190 silicem
1712 4152 1891 4207 usque

285 4229 359 4284 ad
374 4227 734 4300 paritorium,
759 4226 935 4297 inque
956 4226 1281 4279 revolvente
1301 4241 1406 4297 per
1432 4225 1690 4297 paludes,
1713 4241 1892 4297 usque

284 4317 346 4372 in
368 4333 549 4383 mare,
565 4315 815 4387 indeque
834 4313 1104 4368 veniente
1130 4328 1235 4383 per
1260 4329 1444 4379 mare,
1471 4330 1651 4386 usque
1672 4313 1745 4369 ad
1779 4314 1892 4369 duo

286 4404 558 4459 milliaria
578 4404 729 4458 ultra
744 4404 972 4468 Farum,
992 4404 1050 4456 et
1062 4418 1241 4473 usque
1260 4400 1323 4456 in
1344 4400 1566 4457 fontem
1588 4404 1892 4475 majorem,

287 4492 538 4565 indeque
557 4493 854 4547 remeante
876 4507 979 4563 per
997 4488 1255 4545 medium
1280 4490 1497 4545 flumen
1529 4491 1714 4562 majus
1742 4490 1898 4546 venit

286 4598 469 4654 usque
497 4581 573 4636 ad
595 4596 825 4635 ramum
845 4580 1008 4636 fracti
1035 4578 1248 4650 pontis,
1266 4579 1364 4652 qui
1383 4582 1470 4634 est
1482 4580 1647 4651 juxta
1661 4580 1899 4635 Marmo-

1987 3427 2253 3483 homines
2277 3426 2333 3481 in
2371 3426 2645 3498 prmdicta
2664 3430 2822 3480 turre
2860 3425 3208 3491 habitantes,
3240 3425 3329 3479 vel
3355 3425 3594 3479 ubicun-

1989 3533 2099 3589 que
2128 3515 2445 3587 proprietas
2462 3514 2708 3585 episcopi
2730 3513 3094 3568 mentionata
3113 3512 3308 3580 fuerit,
3322 3511 3395 3566 ad
3412 3512 3598 3583 publi-

1989 3623 2119 3660 cum
2145 3603 2441 3660 servitium
2469 3602 2841 3669 revocaverit,
2876 3602 3016 3656 sciat
3044 3618 3104 3656 se
3140 3601 3597 3673 compositurum

1990 3694 2255 3767 episcopo
2284 3692 2390 3765 ipsi
2419 3691 2515 3764 qui
2544 3707 2647 3763 pro
2669 3695 2930 3763 tempore
2947 3690 3283 3757 fuerit,auri
3303 3688 3596 3762 purissimi

1991 3782 2091 3838 lib.
2125 3784 2212 3838 20.
2264 3783 2499 3852 Insuper
2528 3778 2883 3835 anathemati
2924 3779 3234 3849 subjaceat,
3280 3779 3598 3833 statuentes

1991 3870 2200 3943 quippe
2225 3868 2536 3941 apostolica
2554 3884 2814 3935 censura,
2842 3866 3180 3922 auctoritate
3202 3868 3261 3921 Β.
3285 3866 3437 3922 Petri
3457 3882 3595 3937 apo-

1991 3959 2272 4013 stolorum
2292 3957 2582 4029 principis,
2607 3957 2710 4011 sub
2732 3954 3117 4026 divinijudicii
3134 3954 3518 4010 obtestatione
3539 3956 3600 4009 et

1991 4046 2375 4100 anathematis
2394 4044 2909 4111 interdictionibus,
2926 4045 2991 4097 ut
3019 4043 3207 4097 nullus
3218 4058 3475 4115 unquam
3497 4058 3601 4098 no-

1990 4136 2242 4188 strorum
2279 4150 2667 4190 successorum
2691 4131 3051 4205 pontificum,
3071 4132 3159 4187 vel
3189 4132 3303 4187 alia
3326 4130 3602 4203 quaalibet

1992 4237 2210 4292 magna
2253 4238 2543 4295 parvaque
2573 4238 2838 4295 persona,
2872 4237 2941 4277 ea
2970 4237 3098 4293 quae
3119 4237 3153 4275 a
3178 4219 3346 4276 nobis
3371 4219 3445 4274 ad
3474 4220 3603 4274 lau-

1994 4310 2129 4365 dem
2159 4309 2259 4364 Dei
2288 4327 2393 4382 pro
2415 4311 2724 4366 stabilitate
2750 4309 2837 4367 vel
2858 4310 3173 4382 augmento
3194 4307 3453 4382 praedicti
3478 4307 3604 4380 epi-

1995 4397 2171 4470 scopii
2192 4399 2403 4452 statuta
2421 4402 2574 4467 sunt,
2589 4398 2891 4471 refragari,
2912 4402 3011 4454 aut
3029 4398 3089 4454 in
3108 4414 3401 4471 quoquam
3419 4400 3607 4452 trans-

1997 4485 2182 4559 gredi,
2205 4488 2305 4539 aut
2333 4485 2554 4558 aliquid
2578 4486 2783 4541 exinde
2812 4486 3076 4542 minuere
3106 4486 3342 4551 audeat;
3389 4484 3606 4539 scilicet

1997 4573 2144 4629 sicut
2171 4572 2431 4645 superius
2459 4589 2495 4628 a
2522 4574 2690 4629 nobis
2718 4576 2995 4630 statutum
3025 4573 3113 4628 vel
3142 4588 3475 4629 concessum
3497 4575 3604 4638 est,

286 4672 496 4736 ratam,
530 4666 705 4739 inque
743 4667 816 4721 ad
844 4666 1101 4721 medium
1136 4669 1377 4739 pontem
1421 4665 1479 4721 S.
1508 4665 1714 4732 Marias,
1743 4669 1802 4721 et
1827 4667 1902 4722 ad
1923 4659 1976 4719 D
2000 4663 2080 4718 ita
2104 4659 2457 4732 perennibus
2487 4677 2551 4716 ac
2571 4661 2861 4735 perpetuis
2888 4661 3245 4734 temporibus
3264 4660 3388 4716 sine
3418 4659 3610 4732 aliqua

288 4755 546 4811 medium
593 4757 835 4827 pontem
861 4754 958 4810 ubi
1012 4753 1192 4809 Judaei
1230 4753 1493 4809 habitare
1530 4754 1819 4822 videntur,
1844 4759 1904 4810 et

288 4842 440 4898 redit
457 4858 562 4915 per
590 4841 847 4897 medium
873 4844 1111 4915 pontem
1142 4841 1483 4913 praadictum
1519 4841 1765 4896 fractum
1806 4841 1901 4898 ubi

284 4931 408 5001 jam
437 4930 509 4986 de
534 4930 691 4985 unda
716 4929 982 4997 diximus,
1005 4930 1102 5003 qui
1128 4933 1216 4985 est
1238 4929 1459 5001 primus
1478 4928 1670 4984 afﬁnis
1687 4930 1903 5002 absque

286 5016 729 5072 Transtiberinis
771 5016 1070 5072 catholicis
1101 5016 1357 5072 ecclesiis
1383 5016 1442 5072 8.
1474 5017 1682 5084 Mariaz,
1704 5016 1902 5072 videli-

289 5107 382 5158 cet
418 5105 475 5158 in
503 5103 856 5159 Transtiberi
888 5104 946 5159 S.
979 5104 1311 5176 Grisogoni,
1339 5107 1398 5158 et
1426 5104 1486 5159 8.
1522 5103 1784 5172 Caeciliae,
1818 5104 1902 5159 vel

293 5190 643 5245 monasterio
670 5191 726 5245 S.
762 5191 1070 5258 Pancratii,
1091 5193 1150 5245 et
1165 5191 1266 5247 SS.
1293 5190 1512 5245 Cosme:
1543 5195 1600 5245 et
1616 5191 1900 5258 Damiani,

291 5283 487 5333 tamen
519 5279 578 5331 in
622 5279 915 5349 praedictis
961 5278 1213 5334 ecclesiis
1244 5283 1303 5333 et
1346 5279 1709 5335 monasteriis
1736 5280 1905 5352 quid-

294 5366 434 5438 quid
477 5365 694 5421 ibidem
746 5367 819 5421 ab
876 5367 1159 5439 episcopis
1202 5383 1435 5422 necesse
1467 5367 1638 5423 fuerit
1660 5368 1906 5423 faciendi

299 5453 601 5510 Portuensi
632 5454 920 5528 episcopo,
948 5456 1036 5511 vel
1065 5455 1137 5511 ab
1174 5456 1296 5528 ipso
1324 5455 1573 5511 invitatis
1601 5455 1911 5513 tribuimus

298 5545 665 5615 potestatem.

372 5633 633 5703 Itemque
653 5631 1024 5687 concedimus
1039 5634 1519 5689 etconﬂrmamus
1539 5634 1599 5688 in
1612 5634 1739 5705 jam
1761 5636 1913 5693 dicto

2000 4749 2326 4805 minutione
2341 4749 2640 4821 permittat
2659 4750 2719 4804 in
2740 4753 3025 4806 aeternum
3038 4749 3465 4823 permanere.Si
3482 4749 3610 4821 quis

2002 4841 2217 4906 autem,
2250 4837 2406 4910 quod
2436 4854 2555 4893 non
2582 4840 2867 4911 optamus,
2895 4838 3205 4894 temerario
3246 4854 3385 4893 ausu
3410 4840 3613 4892 contra

2002 4929 2111 4982 hoc
2133 4929 2393 4982 nostrum
2410 4926 2774 4997 privilegium
2791 4927 3008 4995 venire,
3023 4926 3191 4982 autin
3214 4942 3505 5000 quoquam
3527 4925 3611 4980 ire

2002 5014 2452 5088 prwsumpserit,
2475 5015 2533 5068 et
2563 5014 2706 5068 sicut
2752 5015 3014 5086 superius
3057 5031 3093 5069 a
3139 5016 3307 5071 nobis
3336 5017 3612 5071 statutum

2004 5106 2110 5171 est,
2142 5103 2222 5157 ita
2264 5102 2509 5157 firmiter
2554 5117 2898 5174 permanere
2966 5120 3085 5159 non
3140 5103 3425 5159 dimiserit
3468 5105 3526 5157 et
3554 5102 3615 5157 in

2006 5192 2275 5247 omnibus
2299 5208 2417 5245 non
2440 5190 2857 5257 observaverit;
2880 5191 3023 5246 sciat
3051 5209 3135 5259 se,
3159 5192 3267 5246 nisi
3289 5192 3614 5266 resipuerit,

2006 5280 2343 5335 auctoritate
2368 5279 2469 5333 Dei
2511 5278 2945 5348 omnipotentis,
2973 5283 3031 5334 et
3060 5280 3119 5334 B.
3153 5280 3305 5334 Petri
3336 5282 3619 5354 apostolo-

2008 5386 2136 5425 rum
2156 5368 2448 5440 principis,
2463 5370 2634 5440 atque
2651 5369 2866 5433 nostra,
2882 5367 2977 5438 qui
3004 5368 3128 5439 ejus
3147 5368 3448 5440 fungimur
3470 5372 3619 5425 vica-

2009 5457 2276 5524 riatione,
2309 5454 2693 5511 anathematis
2720 5454 2944 5510 vinculo
2968 5471 3090 5509 esse
3113 5455 3480 5526 innodatum,
3504 5463 3563 5514 et
3587 5476 3623 5513 a

2011 5562 2195 5618 regno
2213 5545 2314 5600 Dei
2334 5545 2847 5615 alienatum,atque
2871 5560 3002 5599 cum
3016 5544 3043 5599 J
3049 5542 3163 5597 uda
3185 5543 3459 5600 traditore
3472 5547 3537 5601 D.
3553 5548 3620 5603 N.

2013 5635 2143 5690 Jesu
2167 5633 2393 5703 Christi,
2411 5637 2468 5688 et
2483 5633 2752 5690 omnibus
2772 5633 2997 5705 pompis
3024 5633 3146 5705 ejus
3166 5630 3408 5686 omnino
3423 5632 3625 5690 incen-

299 5719 591 5791 episcopio
621 5719 851 5789 plebem
896 5719 955 5774 S.
1008 5720 1200 5775 Mariae
1242 5724 1300 5774 et
1350 5722 1408 5776 S.
1462 5722 1809 5792 Apollinaris
1854 5724 1916 5779 in
2017 5722 2111 5777 dio
2138 5722 2650 5778 concremandum.
2676 5720 2783 5788 Qui
2807 5738 2941 5777 vero
2982 5721 3076 5795 pio
3118 5718 3327 5775 intuitu
3350 5722 3539 5776 custos
3569 5726 3628 5779 et

299 5807 448 5863 Mota
474 5807 681 5877 Rupta,
727 5809 785 5861 et
840 5807 1072 5879 plebem
1098 5806 1156 5863 S.
1189 5807 1464 5880 Stephani
1503 5809 1563 5864 in
1594 5811 1829 5881 Panchi,
1861 5815 1920 5868 et
2021 5813 2353 5869 observator
2373 5813 2541 5885 huius
2562 5809 3257 5886 nostriapostoliciprivile
3304 5808 3343 5865 ii
3362 5810 3421 5866 in
3441 5812 3629 5868 omni-
