3888 6218
336 541 474 600 1623

1591 536 1943 599 εριςτοω
1969 539 2054 599 ΕΤ
2079 538 2419 604 DECRETA.

3517 547 3664 608 1624

335 665 444 723 bus
497 662 800 733 exstiterit,
865 658 1283 721 benedictionis
1339 660 1606 734 gratiam,
1650 662 1940 736 vitamque
1961 663 2018 726 Δ
2048 663 2231 740 igitur
2273 668 2585 741 apostolica
2604 669 2939 727 auctoritate
2969 687 3271 730 censemus
3295 675 3364 730 ut
3385 674 3530 732 nulli
3558 693 3668 731 un-

338 757 620 812 aternam
645 771 682 810 a
700 754 856 824 justo
870 751 1064 824 judice
1094 749 1342 805 Domino
1375 751 1490 806 Deo
1535 754 1754 817 nostro,
1783 756 1842 806 et
1867 753 1940 807 ab

337 845 610 900 omnibus
628 842 838 898 sanctis
863 841 985 911 ejus
1030 838 1305 912 consequi
1334 842 1625 894 mereatur
1644 839 1705 893 in
1737 841 1944 897 saecula

336 933 696 989 saculorum.
729 934 934 986 Amen.

410 1021 697 1093 Scriptum
723 1035 826 1090 per
857 1033 1097 1073 manum
1127 1016 1354 1088 Georgii
1388 1016 1596 1072 notarii
1627 1015 1944 1088 regionarii

343 1115 518 1182 atque
537 1106 819 1164 scriniarii
837 1107 895 1164 S.
927 1106 1254 1179 apostolicae
1276 1106 1445 1173 sedis,
1469 1107 1530 1161 in
1557 1123 1758 1161 mense
1776 1107 1944 1175 Julio,

335 1197 650 1255 indictione
681 1198 722 1252 Ι.

408 1289 616 1343 Datum
647 1286 772 1342 Kal.
801 1285 1036 1358 Augusti
1078 1303 1182 1358 per
1222 1302 1464 1340 manum
1492 1285 1723 1340 Domini
1764 1285 1951 1357 gratia

338 1375 574 1432 Basonis
597 1374 869 1449 episcopi,
913 1379 972 1430 et
1013 1374 1432 1432 bibliothecarii
1461 1375 1520 1430 S.
1563 1377 1746 1446 apost.
1777 1375 1946 1429 sedis.

340 1467 492 1522 Bene
514 1465 716 1521 valete.
745 1465 1116 1520 Decernimus
1164 1481 1324 1536 ergo,
1361 1467 1468 1519 etc.
1521 1463 1582 1518 Si
1608 1479 1722 1536 qua
1751 1463 1948 1536 igitur,

340 1559 449 1611 etc.
485 1553 720 1610 Cunctis
749 1556 964 1621 autem,
1003 1556 1112 1609 etc.
1147 1557 1352 1608 Amen.

1058 1643 1239 1696 XXIII.

343 1731 668 1789 Benedictus
705 1729 856 1786 VIII
892 1729 1119 1798 Amata,
1149 1730 1536 1801 archiepiscopo
1587 1727 1950 1796 Salernitano,

404 1821 576 1895 pallii
619 1837 775 1876 usum
826 1819 1084 1887 concedit,
1138 1825 1187 1874 et
1221 1818 1508 1890 privilegia
1547 1817 1800 1874 Ecclesia
1842 1815 1954 1888 ejus

414 1912 715 1981 conﬁrmat.

770 1999 1020 2070 (Fragm.
1042 2027 1111 2038 —-
1150 1997 1317 2052 Anno
1348 1993 1530 2066 1019.)

726 2087 957 2148 [ΒΑιιοΝ.
984 2085 1058 2142 ad
1086 2101 1182 2141 an.
1219 2085 1376 2152 1013,
1407 2101 1466 2138 n.
1491 2083 1567 2146 5.]

421 2217 436 2232 .
471 2218 485 2232 .
519 2217 534 2232 .
573 2217 587 2230 .
623 2215 638 2230 .
676 2215 690 2229 .
722 2173 1013 2247 Scriptum
1044 2189 1149 2246 per
1187 2189 1396 2228 manus
1421 2169 1697 2244 Stephani
1747 2169 1957 2225 notarii

346 2261 663 2338 regionarii
683 2265 742 2319 et
759 2261 1044 2319 scriniarii
1073 2263 1131 2319 S.
1165 2263 1230 2317 R.
1267 2263 1356 2330 E.,
1385 2276 1584 2316 mense
1605 2257 1956 2326 Decembris,

347 2353 547 2411 indict.
573 2367 660 2408 ιιι.

424 2444 634 2498 Datum
657 2456 713 2496 vi
745 2441 870 2496 Kal.
902 2439 1160 2496 Januarii
1185 2455 1289 2512 per
1308 2454 1514 2494 manus
1533 2436 1824 2492 Benedicti
1846 2435 1961 2508 epi-

350 2530 507 2604 scopi
561 2528 894 2586 Portuensis
947 2532 1007 2584 et
1056 2525 1477 2584 bibliothecarii
1504 2527 1565 2580 S.
1597 2529 1781 2596 apost.
1814 2524 1958 2591 sed.,

351 2635 532 2686 anno,
574 2619 692 2674 Deo
730 2617 1004 2690 propitio,
1027 2633 1125 2672 vni
1155 2615 1520 2688 pontificatus
1550 2612 1751 2668 domni
1782 2614 1964 2667 Bene-

353 2706 491 2762 dicti
519 2705 865 2760 sanctissimi
909 2703 1092 2760 octavi
1126 2719 1312 2776 papa,
1352 2701 1677 2772 imperante
1723 2699 1961 2754 domino

352 2793 613 2868 piissimo
656 2793 1006 2865 imperatore
1054 2794 1198 2863 Aug.
1233 2788 1475 2845 Henrico
1529 2805 1684 2844 anno
1714 2804 1790 2856 Vl,
1838 2787 1959 2844 ind.

356 2897 440 2951 ιιι,
473 2897 674 2938 mense
702 2878 1056 2947 Decembris,
1083 2879 1177 2934 die
1205 2895 1295 2934 xv.

1075 2967 1252 3024 XXIV.

357 3058 648 3118 Benedicti
688 3057 834 3116 VIII
867 3058 1215 3131 privilegium
1253 3073 1356 3129 pro
1375 3055 1709 3128 part/cenam
1732 3053 1795 3110 S.
1837 3053 1963 3109 Ma-

891 3150 987 3204 ria
1020 3153 1070 3204 et
1089 3147 1153 3205 S.
1179 3147 1438 3202 Andreae.

959 3237 1152 3312 (Anno
1183 3237 1361 3306 4020.)

753 3328 968 3401 [MANSL
1005 3327 1234 3394 Concil.,
1262 3327 1394 3392 XIX,
1427 3326 1578 3386 330.]

437 3419 772 3475 Beasmcrus
819 3417 1136 3490 episcopus,
1166 3431 1358 3470 servus
1383 3429 1677 3469 servorum
1705 3411 1829 3480 Dei,
1861 3411 1966 3466 Cc-

361 3524 614 3567 mcmvme
641 3505 955 3564 venerabili
983 3505 1283 3562 abbatissa
1325 3506 1604 3559 aternam
1630 3502 1689 3557 in
1723 3499 1967 3556 Domino

362 3597 629 3655 salutem.

437 3684 717 3742 Convenit
757 3682 1070 3758 apostolico
1117 3679 1503 3738 moderamini
1549 3679 1646 3752 pia
1689 3677 1973 3749 religione

364 3773 716 3848 pollentibus
733 3772 1014 3829 benevola
1028 3770 1425 3842 compassione
1447 3784 1764 3832 sucurrere,
1787 3769 1846 3821 et
1873 3781 1974 3838 po-

367 3863 649 3919 scentium
662 3862 871 3918 animis
883 3861 1055 3917 alacri
1068 3859 1375 3916 devotione
1387 3858 1643 3930 prabere
1655 3871 1974 3911 assensum.

365 3954 449 4009 Ex
476 3953 586 4008 hoc
607 3949 766 4008 enim
797 3951 938 4006 lucri
961 3949 1325 4021 potissimum
1345 3945 1653 4020 praemium
1673 3943 1828 4014 apud
1846 3958 1980 3997 con-

372 4043 624 4102 ditorem
645 4039 911 4096 omnium
926 4037 1240 4094 Dominum
1256 4031 1732 4109 promeremur,si
1751 4047 1982 4086 venera-

367 4131 658 4190 bilialoca
674 4131 1006 4184 sanctorum
1033 4127 1356 4198 opportune
1379 4123 1646 4178 ordinata
1673 4121 1746 4176 ad
1774 4119 1978 4176 melio-

367 4237 496 4278 rem
515 4219 730 4275 statum
745 4215 963 4271 fuerint
981 4215 1274 4288 perducta.
1300 4215 1368 4269 Et
1385 4213 1513 4268 ideo
1529 4211 1664 4284 quia
1681 4209 1978 4284 postulatis

369 4327 406 4366 a
429 4307 600 4366 nobis
628 4309 912 4382 quatenus
936 4304 1250 4378 apostolica
1279 4303 1616 4360 auctoritate
1641 4299 1978 4355 concedere-

368 4415 498 4454 mus
527 4397 586 4454 et
631 4391 1114 4452 conﬁrmaremus
1154 4392 1316 4450 vobis
1341 4396 1401 4449 et
1441 4391 1525 4446 eis
1569 4405 1697 4462 qua
1727 4386 1889 4442 vobis
1913 4385 1973 4440 in

363 4489 708 4561 perpetuum
731 4482 1036 4540 succedere
1061 4483 1296 4550 debent,
1330 4478 1751 4537 monasterium
1777 4475 1837 4530 in
1867 4475 1970 4529 ho-

362 4592 508 4634 nore
537 4577 747 4632 sancta
765 4572 957 4629 Mariae
981 4577 1041 4628 et
1068 4571 1126 4628 S.
1156 4571 1403 4628 Andrea
1439 4569 1613 4624 situm
1634 4565 1696 4620 in
1721 4565 1847 4620 loco
1874 4562 1973 4636 qui

2053 774 2231 830 quam
2262 757 2598 814 mortalium
2623 759 2790 815 liceat
2812 765 3014 816 contra
3043 765 3308 820 tenorem
3338 764 3508 837 hujus
3524 781 3664 820 nos-

2043 845 2116 900 tri
2145 845 2427 917 privilegii
2479 847 2778 917 insurgere
2809 851 3160 921 usurpando,
3201 851 3528 909 invadenda
3553 854 3663 910 ali-

2053 933 2194 1004 quid
2221 935 2291 988 de
2313 935 2766 1006 possessionibus
2797 939 3132 993 monasterii
3156 940 3248 994 vel
3276 939 3347 994 de
3375 941 3547 996 rebus
3572 958 3667 997 ec-

2045 1020 2393 1089 clesiasticis,
2427 1022 2540 1076 sive
2568 1023 2637 1077 de
2660 1024 2768 1078 hoc
2798 1025 2954 1096 quod
2984 1027 3160 1082 modo
3189 1029 3367 1084 habet
3385 1031 3472 1084 vel
3500 1029 3668 1085 habi-

2047 1112 2243 1164 turum
2271 1114 2357 1165 est
2385 1111 2444 1164 in
2474 1115 2841 1183 perpetuum,
2871 1130 2970 1168 seu
2990 1114 3368 1186 inquietando
3397 1133 3497 1174 vos
3521 1133 3666 1189 pos-

2053 1200 2318 1271 terasque
2347 1202 2579 1254 vestras.
2615 1200 2670 1256 Si
2699 1201 2847 1272 quis,
2881 1203 3036 1274 quod
3061 1219 3180 1259 non
3229 1207 3516 1276 optamus,
3558 1222 3665 1260 ne-

2048 1285 2196 1342 fario
2235 1303 2376 1342 ausu
2425 1288 2534 1342 hoc
2593 1293 2852 1344 nostrum
2910 1289 3273 1364 privilegium
3300 1292 3394 1366 pie
3423 1309 3459 1348 a
3494 1293 3669 1349 nobis

2050 1377 2490 1446 promulgatum
2541 1376 2598 1430 in
2649 1394 2943 1450 quoquam
2991 1379 3355 1451 perfringere
3401 1385 3500 1436 aut
3523 1398 3668 1436 eva-

2051 1478 2220 1518 cuare
2249 1464 2574 1530 tentaverit,
2625 1464 2772 1519 iram
2831 1466 2931 1520 Dei
2979 1466 3235 1522 incurrat
3277 1471 3337 1523 et
3383 1468 3671 1542 principis

2053 1552 2471 1622 apostolorum,
2507 1555 2680 1624 atque
2710 1569 2841 1608 cum
2865 1554 3012 1609 Juda
3040 1555 3317 1610 traditore
3347 1556 3580 1624 Domini
3605 1557 3671 1611 in

2052 1637 2316 1695 inferiori
2357 1641 2630 1712 gehenua
2655 1641 2982 1698 damnetur.
3017 1643 3124 1708 Qui
3154 1659 3288 1700 vero
3318 1644 3416 1718 pio
3452 1644 3673 1700 intuitu

2053 1730 2251 1782 custos
2271 1731 2330 1783 et
2361 1729 2699 1784 observator
2726 1731 2896 1800 hujus
2923 1731 3103 1786 nostri
3133 1731 3418 1805 privilegii
3446 1732 3676 1788 exstite-

2051 1815 2412 1888 rit,gratiam
2443 1816 2544 1872 Dei
2574 1821 2978 1890 consequatur,
3006 1822 3065 1875 et
3092 1821 3486 1892 apostolorum
3513 1821 3676 1892 prin-

2052 1903 2198 1976 cipis
2231 1905 2701 1960 benedictionem
2747 1909 3058 1975 mereatur,
3116 1911 3288 1980 atque
3314 1924 3444 1963 cum
3476 1907 3677 1963 electis

1983 1978 2036 2039 Β
2055 1990 2115 2048 in
2140 1992 2354 2050 calesti
2385 1994 2757 2049 tabernaculo
2788 1995 2848 2049 in
2874 1996 3156 2051 aternum
3186 1978 3430 2052 latetur.

2137 2081 2428 2156 Scriptum
2450 2098 2554 2156 per
2583 2099 2790 2137 manus
2828 2083 3106 2156 Stephani
3129 2084 3410 2140 scriniarii
3455 2085 3674 2140 Roma-

2058 2187 2148 2226 na
2180 2169 2441 2225 Ecclesia
2475 2170 2534 2224 in
2567 2187 2767 2226 mense
2787 2172 2967 2245 Aprili
2998 2171 3197 2228 indict.
3225 2189 3303 2229 ιιι.

2787 2261 2940 2316 XXV.

2058 2348 2415 2421 Privilegium
2442 2349 2729 2406 Benedicti
2745 2365 2906 2421 papa
2943 2349 3008 2406 de
3046 2352 3452 2420 conﬁrmatione
3489 2351 3678 2408 Baba-

2595 2437 2850 2508 bergensis
2891 2442 3137 2511 cpisc0pi.

2661 2527 2847 2598 (Anno
2882 2529 3066 2596 1020.)

2456 2614 2667 2687 [Mssa],
2705 2614 2908 2671 Caecil.
2949 2616 3082 2682 XIX,
3133 2617 3280 2686 327.]

2134 2704 2467 2758 BENEDICTUS
2521 2701 2840 2776 episcopus,
2886 2720 3078 2758 servus
3111 2721 3404 2761 servorum
3436 2706 3560 2772 Dei,
3594 2707 3679 2762 di-

2061 2791 2372 2846 lectissimo
2399 2791 2460 2845 in
2496 2790 2746 2846 Domino
2767 2791 2897 2846 Jesu
2930 2791 3152 2848 Christo
3183 2793 3301 2848 filio
3327 2796 3434 2849 etc.
3463 2797 3681 2850 sancta

2067 2879 2526 2951 Babebergensis
2553 2880 2818 2936 Ecclesia
2838 2880 3151 2936 venerabili
3179 2881 3447 2956 episcopo
3480 2899 3687 2957 perpe-

2063 2971 2226 3022 tuam
2251 2968 2516 3024 salutem.

2139 3054 2622 3129 Quandocunque
2655 3059 2865 3112 nostra
2895 3057 3223 3130 apostolica
3253 3059 3683 3116 corroboratio-

2068 3141 2156 3197 nis
2184 3143 2293 3214 pia
2347 3143 2676 3214 exposcitur
2725 3144 3086 3218 suffragium,
3135 3146 3308 3202 celeri
3351 3145 3557 3202 effectu
3595 3151 3686 3203 est

2001 3265 2047 3328 Ο
2065 3230 2530 3328 attribuendum.
2554 3232 2629 3328 ‘Et
2673 3231 2724 3328 si.
2749 3232 2808 3288 in
2849 3232 2937 3328 his
2962 3233 3290 3305 exposcitur
3312 3251 3440 3307 qua
3470 3235 3688 3291 durare

2067 3321 2346 3390 perpetuo
2378 3317 2663 3387 videntur,
2689 3319 2892 3374 litteris
2940 3322 3026 3374 est
3049 3323 3106 3374 et
3147 3321 3575 3390 adnotandum,
3609 3339 3686 3378 ne

2065 3405 2363 3476 prolixitas
2402 3409 2738 3478 temporum
2767 3408 3011 3479 posteris
3039 3409 3148 3464 hoc
3185 3410 3391 3468 reddat
3437 3411 3686 3469 dubium

2068 3495 2155 3550 vel
2204 3494 2512 3550 incertum.
2574 3494 2936 3568 Quapropter
2989 3499 3192 3552 notum
3244 3514 3367 3553 esse
3418 3500 3689 3556 volumus

2070 3583 2292 3638 cunctis
2333 3587 2545 3638 sancta
2594 3584 2858 3640 Ecclesia
2914 3585 3064 3652 ﬁliis,
3113 3589 3234 3641 tam
3303 3589 3689 3659 prasentibus

2074 3687 2249 3745 quam
2289 3671 2516 3738 futuris,
2549 3672 2796 3743 qualiter
2826 3673 2897 3728 de
2927 3674 3256 3746 episcopatu
3286 3691 3460 3746 quem
3491 3677 3691 3732 Chris-

2073 3759 2426 3815 tianissimus
2447 3759 2722 3814 Henricus
2751 3760 3070 3832 imperator
3108 3761 3180 3816 ad
3208 3762 3492 3818 honorem
3520 3765 3690 3835 prin-

2075 3851 2216 3921 cipis
2236 3849 2633 3923 apostolorum
2659 3849 2811 3904 Petri
2840 3849 3128 3906 Babeberc
3149 3850 3516 3907 devotissime
3540 3869 3693 3925 pra-

2077 3939 2232 4006 fecit,
2265 3942 2457 3992 actum
2505 3937 2564 3992 in
2593 3936 2796 3992 eadem
2827 3938 3066 3992 ecclesia
3089 3938 3254 3994 nobis
3299 3941 3691 4011 prasentibus

2076 4027 2169 4082 sit.
2203 4027 2422 4099 Saepius
2450 4025 2608 4080 enim
2637 4025 2847 4081 obnixe
2879 4025 3061 4082 dictus
3085 4027 3422 4100 imperator,
3453 4029 3690 4086 fervens

2079 4117 2262 4174 nimio
2293 4132 2490 4172 amore
2519 4116 2876 4188 episcopatus
2906 4133 3079 4189 quem
3121 4120 3304 4172 tactus
3332 4117 3529 4173 divino
3567 4119 3690 4174 im-

2079 4207 2244 4279 pulsu
2293 4205 2630 4276 perfecerat,
2685 4205 3002 4260 honorifice
3075 4205 3149 4259 ad
3213 4205 3688 4263 confirmandum

2075 4294 2393 4366 apostolica
2415 4293 2752 4348 auctoritate
2781 4291 3068 4347 Babeberc
3097 4291 3256 4348 adire
3279 4309 3386 4348 nos
3414 4291 3692 4366 depreca-

2076 4386 2164 4438 tus
2191 4387 2306 4450 est;
2336 4383 2496 4454 cujus
2525 4381 2963 4454 deprecationes
2989 4380 3244 4435 assiduas
3267 4383 3326 4436 et
3352 4382 3691 4438 indeﬂcieu-

2071 4475 2190 4528 tem
2205 4471 2544 4528 instantiam
2562 4470 2632 4526 de
2637 4471 2792 4541 justo
2805 4468 3086 4524 desiderio
3104 4469 3416 4541 procedere
3435 4485 3684 4544 cognos-

2069 4565 2287 4629 centes,
2319 4559 2583 4632 iniquum
2612 4557 2994 4630 judicavimus
3023 4557 3390 4630 prasentiam
3416 4561 3681 4615 nostram

363 4667 600 4722 vocatur
623 4663 826 4730 Gofﬁa,
848 4661 910 4717 in
953 4661 1230 4718 comitatu
1272 4659 1549 4725 Liubana,
1581 4675 1616 4712 a
1648 4656 1815 4711 bona
1843 4669 1972 4708 me-
1993 4651 2045 4710 D
2071 4651 2151 4706 illi
2177 4652 2489 4723 denegare,
2521 4651 2580 4704 et
2621 4647 3001 4702 inhumanam
3059 4644 3431 4702 calliditatem
3476 4651 3688 4704 contra

364 4753 568 4812 moria
594 4752 849 4810 Aribone
870 4753 929 4808 et
954 4751 1137 4806 Adala
1148 4749 1394 4820 conjuge
1411 4764 1514 4802 sua
1529 4746 1842 4816 incoeptum
1864 4743 1921 4796 et
1939 4757 1974 4794 a

359 4842 481 4898 filio
501 4859 706 4898 eorum
726 4839 978 4896 Aribone
989 4835 1306 4894 venerabili
1327 4836 1571 4891 diacono
1584 4834 1900 4905 perfectum
1916 4833 1974 4884 et

358 4930 421 4987 in
448 4931 718 4988 libertate
733 4926 1088 4985 dilectissimi
1110 4925 1216 4980 ﬁlii
1235 4926 1301 4980 Η.
1315 4921 1682 4997 imperatoris
1701 4917 1968 4975 commis-

357 5035 519 5075 sum:
543 5017 806 5074 inclinati
833 5015 1102 5088 precibus
1133 5013 1355 5079 vestris,
1378 5017 1436 5068 et
1455 5009 1741 5083 praecipue
1763 5007 1968 5079 depre-

355 5107 588 5164 catione
646 5105 785 5162 dicti
837 5103 1225 5177 imperatoris,
1257 5107 1308 5157 et
1353 5101 1682 5155 interventu
1710 5095 1968 5169 ejusdem

357 5194 628 5253 Aribonis
673 5192 1018 5250 venerabilis
1060 5190 1288 5248 diaconi
1333 5186 1670 5263 perfectoris
1709 5183 1970 5257 ejusdem

357 5285 490 5354 loci,
520 5283 892 5340 concedimus
923 5285 981 5337 et
1008 5281 1422 5336 conﬁrmamus
1458 5276 1618 5332 vobis
1644 5279 1703 5330 et
1731 5273 1814 5328 eis
1843 5287 1970 5344 qua

359 5375 522 5432 vobis
535 5373 841 5430 succedere
868 5371 1085 5428 debent
1105 5370 1165 5425 in
1190 5370 1558 5441 perpetuum,
1593 5365 1813 5420 dictum
1844 5379 1970 5417 mo-

361 5462 679 5520 nasterium
700 5477 832 5517 cum
850 5459 1122 5516 omnibus
1140 5454 1505 5530 pertinentiis
1521 5453 1636 5509 suis
1657 5455 1714 5507 et
1734 5449 1972 5522 integri-

355 5550 592 5618 tatibus,
616 5565 744 5623 qua
765 5565 998 5622 quoquo
1019 5547 1196 5602 modo
1216 5545 1392 5601 habet
1412 5544 1499 5598 vel
1529 5541 1858 5596 habiturum
1889 5540 1976 5592 est

361 5635 421 5690 in
444 5641 806 5709 perpetuum.
830 5639 913 5692 ita
936 5652 1076 5692 sane
1097 5638 1160 5688 ut
1200 5631 1444 5704 singulis
1474 5629 1794 5701 quibusque
1821 5625 1970 5680 indi-

359 5720 644 5776 ctionibus
673 5724 967 5792 pensionis
1015 5723 1254 5777 nomine
1301 5737 1448 5774 unus
1495 5735 1700 5773 aureus
1756 5713 1972 5770 solidus

362 5807 576 5857 sancta
605 5805 883 5862 Romana
917 5807 1180 5862 Ecclesia
1226 5807 1602 5880 persolvatur.
1647 5803 1973 5858 Statuentes

2071 4735 2463 4796 venerabilem
2497 4739 2687 4792 locum
2713 4735 3024 4806 aliquando
3046 4734 3408 4790 occasionem
3429 4753 3686 4792 sumere.

2143 4827 2416 4883 Venimus
2445 4825 2620 4898 igitur
2641 4824 2950 4892 Babeberc,
2975 4823 3068 4878 ubi
3089 4823 3172 4879 .ab
3201 4823 3406 4878 eodem
3429 4823 3688 4897 impera-

2070 4919 2196 4972 tore
2217 4915 2460 4986 suscepti
2493 4929 2709 4979 sumus,
2743 4915 2917 4982 prout
2943 4913 3170 4983 poterat
3203 4914 3262 4966 et
3293 4915 3536 4966 noverat
3563 4930 3689 4968 me-

2071 5007 2198 5060 lius.
2225 5003 2535 5059 Ecclesiam
2579 5003 2774 5056 autem
2813 5015 2943 5053 cum
2977 4999 3140 5055 omni
3167 4999 3504 5070 integritate
3533 5003 3688 5072 epis-

2071 5096 2307 5164 copatus
2327 5092 2385 5146 S.
2404 5092 2470 5144 Β.
2487 5091 2548 5144 Ε.
2567 5089 2680 5155 cui,
2695 5089 2812 5143 Deo
2834 5087 3500 5160 auctore,prasidemus,
3514 5092 3575 5143 et
3593 5105 3694 5144 no-

2073 5182 2158 5238 bis
2181 5180 2407 5234 nbtulit.
2433 5177 2598 5243 Quod
2631 5177 2910 5243 videntes,
2933 5191 3164 5248 sequam
3196 5175 3691 5232 consideravimus

2073 5271 2278 5325 seriem
2305 5268 2475 5339 hujus
2501 5266 2683 5322 nostri
2713 5263 3018 5338 privilegii,
3043 5267 3101 5318 et
3121 5263 3518 5337 episcOpatum
3549 5281 3693 5321 con-

2071 5359 2304 5414 ﬁrmare
2331 5356 2389 5410 in
2411 5357 2780 5427 perpetuum,
2799 5368 3050 5424 eumque
3075 5351 3200 5418 tibi,
3224 5350 3616 5420 dilectissime,
3633 5357 3692 5410 et

2075 5446 2186 5500 tuis
2207 5443 2626 5500 successoribus
2646 5440 2994 5505 concedere;
3046 5455 3115 5495 ea
3137 5438 3410 5494 videlicet
3431 5439 3683 5508 ratione,

2071 5537 2179 5590 hoc
2206 5533 2412 5588 ordine
2443 5534 2505 5585 ut
2525 5531 2714 5584 nullus
2747 5544 3003 5600 unquam
3027 5527 3364 5592 viventium,
3385 5528 3690 5599 cujuscun-

2073 5639 2184 5696 que
2206 5622 2278 5676 sit
2305 5618 2601 5692 dignitatis
2622 5617 2708 5674 vel
2735 5615 2975 5683 ordinis,
3013 5618 3217 5670 contra
3245 5617 3395 5671 hanc
3426 5619 3683 5672 nostram

2072 5707 2566 5766 conﬁrmationem
2581 5703 3138 5778 episcopatusvenire
3153 5703 3478 5771 audeat,vel
3491 5706 3687 5759 contra

2072 5804 2129 5854 te
2148 5801 2390 5868 tuosque
2409 5808 2760 5849 successores
2789 5793 2865 5848 ob
2895 5793 3004 5847 hoc
3043 5807 3240 5863 agere,
3291 5806 3482 5864 neque
3515 5791 3683 5846 liceat
