3888 6218
347 508 486 570 1627

1653 503 2018 564 BENEDICI‘I
2041 503 2160 564 VIII
2185 507 2387 565 PAPE

3531 517 3679 580 1628

353 643 476 700 Deo
489 644 546 700 et
559 642 684 718 regi
696 643 1060 719 subjugatum
1075 645 1252 712 esset;
1270 641 1542 715 perillam
1555 639 1956 698 auctoritatem
1974 633 2037 706 A,
2063 652 2447 724 δροειοιηιαω
2479 651 2826 726 respiciunt;
2886 653 3052 710 ιωιο
3105 652 3271 712 citius
3303 654 3677 731 pleniusque,

353 753 527 809 quam
558 737 812 793 Christus
854 737 1131 792 Dominus
1173 737 1370 792 noster
1397 737 1567 791 beato
1617 735 1786 789 Petro
1817 749 1954 803 apo-

353 827 637 882 stolorum
669 826 912 900 principi
966 829 1024 879 et
1073 827 1285 880 sanctre
1335 823 1595 878 Ecclesia;
1643 821 1958 877 rectoribus

356 915 657 980 concessit,
689 914 1085 970 constituimus
1114 917 1172 970 et
1201 913 1538 969 ordinamus
1569 915 1630 966 ut
1660 926 1960 980 nunquam

358 1003 515 1058 locus
545 1003 665 1076 ipse
690 1009 790 1059 aut
817 1022 909 1059 res
928 1005 1001 1060 ad
1027 1005 1215 1074 ipsum
1241 1002 1832 1075 pertinentes,praeter
1844 1000 1960 1053 Deo

360 1092 420 1144 et
447 1091 588 1162 regi,
617 1092 782 1146 alicui
806 1091 1066 1147 submitti
1113 1091 1358 1164 possint:
1415 1091 1717 1160 nullusque
1745 1094 1962 1142 morta-

357 1176 519 1246 lium,
552 1183 764 1252 praeter
802 1181 977 1250 regis:
1036 1179 1334 1252 potestatis
1363 1179 1612 1237 culmen.
1640 1177 1699 1232 in
1723 1175 1962 1248 prmfato

369 1268 748 1337 monasterio,
775 1274 873 1326 aut
902 1271 958 1326 in
991 1270 1240 1325 cortibus
1259 1271 1344 1324 vel
1374 1268 1433 1323 in
1465 1268 1726 1332 castellis,
1766 1265 1878 1319 sive
1907 1265 1964 1318 in

362 1356 645 1426 plebibus,
676 1362 777 1413 aut
801 1358 862 1414 in
893 1359 1069 1424 cellis,
1094 1376 1190 1412 seu
1211 1358 1268 1413 in
1292 1356 1453 1422 villis,
1474 1355 1636 1428 aquis
1653 1368 1963 1426 aquarum-

357 1463 468 1518 que
493 1447 844 1510 decursibus,
875 1447 1033 1519 ripis,
1055 1447 1297 1519 pascuis,
1327 1445 1496 1510 silvis,
1529 1443 1960 1516 piscationibus:

360 1535 686 1604 paludibus,
708 1535 1090 1606 omnibusque
1110 1536 1279 1589 rebus
1296 1532 1602 1589 mobilibus
1623 1534 1682 1586 et
1697 1529 1964 1585 immobi-

357 1623 507 1678 libus
522 1625 594 1678 ad
615 1625 798 1696 ipsum
821 1624 1259 1696 pertinentibus,
1282 1640 1389 1678 nec
1423 1639 1538 1677 non
1565 1621 1624 1676 in
1645 1619 1818 1675 servis
1840 1617 1960 1684 Dei,

358 1715 458 1766 aut
485 1711 545 1766 in
575 1711 806 1768 famulis
841 1711 1134 1783 utriusque
1151 1729 1333 1776 sexus,
1356 1710 1469 1766 sive
1489 1710 1666 1765 etiam
1688 1708 1747 1762 in
1771 1705 1965 1764 liberis

361 1817 534 1871 super
560 1803 743 1856 terras
767 1801 1022 1872 ejusdem
1053 1799 1387 1856 monasterii
1419 1797 1821 1860 residentibus,
1861 1793 1967 1848 ali-

360 1906 536 1962 quam
569 1888 1020 1954 ordinationem,
1043 1889 1128 1943 vel
1149 1885 1703 1951 auctoritatem,sive
1721 1887 1964 1956 potesta-

2062 743 2279 810 quanto
2299 741 2636 812 oportunius
2652 741 2992 813 iisindigere
3003 744 3680 818 cognoscimus,adipisci

2060 827 2276 882 debent
2325 831 2387 882 ut
2440 829 2597 883 nulla
2651 829 3004 884 indemnitas
3059 832 3481 889 venerabilibus
3527 834 3678 890 locis

2060 916 2362 988 provenire
2395 916 2596 987 poscit,
2627 917 2731 971 sub
2761 917 3004 973 tuitione
3060 919 3376 992 apostolica
3398 921 3674 992 receptis,

2063 1021 2191 1075 quae
2224 1009 2420 1060 nostro
2437 1006 2672 1060 brachio
2699 1011 3060 1078 repugnante
3085 1024 3202 1063 non
3229 1009 3670 1065 submoveatur.

2062 1092 2276 1147 Harum
2309 1093 2559 1164 denique
2590 1097 2919 1149 nostrarum
2956 1095 3406 1152 sollicitudinum
3437 1113 3678 1153 recom-

2064 1184 2433 1252 pensatorem
2461 1183 2777 1237 Dominum
2811 1184 3120 1250 credimus,
3164 1201 3339 1256 quem
3377 1185 3439 1240 in
3461 1185 3679 1242 iisdem

2064 1269 2203 1324 locis
2258 1269 2449 1340 quiete
2505 1270 2725 1325 laudari
2784 1275 3071 1342 optamus.
3130 1273 3274 1327 Nam
3313 1275 3476 1330 tanto
3525 1273 3680 1330 inibi

2066 1357 2399 1428 degentium
2450 1357 2646 1412 laudes
2698 1361 2758 1413 et
2803 1375 3002 1429 preces
3043 1364 3213 1416 erunt
3266 1361 3679 1433 acceptabiles,

2063 1449 2279 1517 quanto
2299 1449 2522 1500 mentes
2534 1463 2733 1500 earum
2751 1447 2822 1501 ab
2839 1447 3002 1502 omni
3023 1448 3482 1520 perturbatione,
3503 1449 3686 1505 nobis

2061 1533 2504 1603 suifragantibus
2554 1538 2724 1588 erunt
2745 1534 2949 1590 aliena:
2993 1535 3172 1606 Igitur
3189 1535 3324 1610 quia
3343 1536 3685 1608 postulastis

2064 1637 2099 1676 a
2137 1623 2304 1677 nobis
2352 1625 2634 1692 quatenus
2679 1624 3098 1679 monasterium
3143 1623 3201 1678 S.
3258 1625 3552 1680 Benedicti
3611 1625 3685 1681 in

2067 1713 2267 1764 monte
2297 1710 2502 1766 Casino
2531 1711 2728 1778 situm,
2746 1712 2905 1782 cujus
2931 1713 3152 1768 abbatis
3173 1713 3685 1770 consecrationem

2067 1814 2327 1868 nuperex
2343 1798 2496 1852 dono
2533 1799 2774 1870 piissimi
2808 1800 3688 1872 HenriciimperatorisBomani

2063 1886 2434 1958 suscepimus,
2469 1890 2527 1940 et
2561 1903 2666 1958 per
2712 1905 2817 1942 nos
2868 1891 2925 1941 et
2977 1904 3329 1944 successores
3359 1892 3592 1944 nostros
3619 1888 3688 1946 in

359 1981 479 2032 tem
531 1980 630 2032 aut
670 1975 1129 2047 jurisdictionem
1177 1981 1396 2038 tenere,
1440 1976 1524 2028 vel
1577 1972 1961 2029 conversatio-
1988 1947 3688 2046 Bperpetuum,nullapravitateSimoniacainterveniente

361 2082 496 2120 nem
521 2066 940 2120 monachorum
959 2065 1242 2136 impedire
1268 2081 1367 2119 seu
1396 2063 1717 2119 molestiam
1749 2063 1961 2118 inferre

363 2156 696 2226 praesumat,
731 2156 829 2208 aut
857 2153 916 2207 in
948 2153 1230 2224 aliquibus
1253 2152 1386 2207 locis
1417 2151 1588 2224 ipsius
1631 2149 1962 2205 monasterii

357 2241 681 2298 districtum
693 2241 908 2296 habere
919 2243 1005 2296 vel
1028 2241 1305 2312 judicare,
1321 2257 1418 2294 seu
1435 2239 1666 2310 aliquod
1691 2240 1963 2309 placitum

359 2331 575 2401 absque
620 2328 853 2384 licentia
881 2329 1104 2384 abbatis
1134 2333 1353 2392 tenere,
1397 2329 1483 2382 vel
1515 2345 1603 2382 res
1631 2325 1966 2382 monasterii

358 2418 648 2485 invadere,
677 2421 776 2473 aut
805 2418 1003 2490 quovis
1041 2419 1216 2474 modo
1265 2418 1536 2480 alienare,
1594 2420 1692 2471 aut
1735 2416 1965 2472 fodrum

359 2508 448 2562 vel
479 2511 726 2579 paratas,
759 2523 858 2561 seu
875 2506 1094 2578 aliquas
1116 2505 1370 2578 publicas
1385 2505 1711 2560 functiones
1740 2504 1968 2572 exigere

363 2596 451 2650 vel
471 2594 767 2666 requirere
802 2595 1030 2649 audeat.
1063 2595 1129 2647 Et
1179 2597 1297 2648 tam
1323 2611 1358 2648 a
1385 2596 1666 2665 potestate
1693 2591 1970 2662 archiepi-

363 2699 672 2754 scoporum
703 2700 879 2755 quam
906 2683 978 2737 ab
1012 2683 1280 2737 omnibus
1328 2682 1736 2747 subtrahimus,
1788 2680 1968 2750 regali

363 2770 772 2826 tantummodo
821 2772 907 2824 vel
940 2770 1222 2841 imperiali
1255 2770 1598 2825 submissum
1650 2768 1855 2824 ditioni
1880 2771 1966 2824 vel

364 2856 708 2912 defensioni.
723 2858 835 2912 Nec
851 2874 968 2912 non
989 2859 1046 2912 et
1061 2857 1474 2912 conﬁrmamus
1493 2857 1651 2913 vobis
1666 2855 1965 2928 piscariam

367 2961 542 3018 quam
571 2945 789 3000 Volana
817 2961 948 3000 cum
979 2945 1094 2999 suis
1112 2945 1475 3017 pertinentiis
1515 2945 1709 3000 habet.
1764 2943 1822 3000 Si
1844 2944 1970 3016 quis

363 3035 581 3100 autem,
645 3033 800 3106 quod
865 3033 1108 3088 minime
1163 3037 1449 3107 Optamus,
1513 3031 1850 3090 inobediens
1913 3034 1972 3086 et

363 3124 734 3193 contemptor
760 3121 930 3193 hujus
985 3122 1166 3177 nostri
1222 3122 1502 3195 privilegii
1549 3121 1607 3177 in
1641 3123 1760 3177 toto
1787 3121 1874 3176 vel
1908 3119 1968 3174 in

2065 2063 2488 2127 consecrandis,
2520 2064 2913 2131 concedimus,
2962 2069 3021 2120 et
3067 2064 3504 2132 confirmamus,
3533 2081 3681 2121 cum

2067 2155 2336 2208 omnibus
2356 2153 2627 2218 ecclesiis,
2660 2153 3043 2221 monasteriis,
3075 2154 3250 2220 cellis,
3268 2154 3534 2220 castellis,
3554 2157 3678 2212 eho.

2069 2246 2202 2299 Post
2227 2243 2448 2298 obitum
2470 2246 2780 2297 verotuum
2805 2260 2978 2298 nemo
3001 2243 3143 2298 inibi
3163 2243 3475 2298 constituat
3501 2244 3687 2300 abba-

2070 2335 2208 2397 tem,
2235 2331 2341 2385 nisi
2374 2348 2548 2402 quem
2582 2336 2897 2386 conventus
2954 2335 3012 2386 et
3057 2333 3322 2388 voluntas
3352 2332 3694 2388 communis

2069 2421 2312 2474 fratrum
2345 2437 2409 2473 ex
2443 2419 2565 2490 ipsa
2590 2419 3043 2490 congregatione
3088 2419 3292 2490 elegit;
3343 2421 3558 2475 electus
3608 2420 3694 2476 ad

2070 2527 2177 2564 nos
2206 2510 2298 2563 vel
2353 2524 2703 2563 successores
2749 2519 2978 2563 nostros
3035 2509 3460 2564 consecrandus
3499 2509 3694 2580 gratis

2071 2600 2128 2650 et
2149 2597 2272 2652 sine
2294 2597 2478 2668 pretio
2505 2596 2727 2662 veniat;
2748 2595 2903 2668 quod
2925 2596 2972 2650 si
3000 2596 3234 2651 aliunde
3257 2595 3468 2660 veniat,
3495 2595 3586 2650 vel
3608 2595 3688 2651 ab

2069 2685 2180 2740 alio
2220 2686 2412 2756 aliquo
2444 2684 2872 2756 archiepiscopo
2929 2685 3016 2738 vel
3053 2683 3322 2756 episcopo
3351 2681 3686 2738 consecrari

2069 2773 2500 2839 maluerit,tunc
2525 2775 2893 2827 consecrator
2913 2775 2972 2827 et
2985 2776 3350 2827 consecratus
3363 2771 3688 2828 anathema

2067 2860 2200 2918 sint.
2231 2859 2307 2914 Et
2337 2860 2515 2928 infra:
2567 2863 2804 2930 Insuper
2851 2860 3024 2916 etiam
3075 2859 3387 2932 apostolica
3435 2875 3691 2915 censura

2068 2951 2171 3006 sub
2195 2949 2372 3004 divini
2388 2948 2585 3018 judicii
2605 2948 2992 3004 obtestatione
3014 2947 3389 3022 prohibemus
3405 2951 3470 3002 ut
3488 2949 3689 3004 nullus

2071 3038 2368 3109 episcopus
2399 3039 2712 3108 praesumat
2747 3037 2804 3091 in
2846 3037 2974 3108 jam
3021 3037 3174 3092 dicto
3203 3036 3560 3092 monasterio
3591 3037 3690 3092 vel

2069 3126 2129 3181 in
2160 3126 2408 3180 ecclesiis
2439 3125 2543 3179 sibi
2573 3125 2841 3195 subjectis
2870 3126 3228 3182 sacerdotem
3279 3123 3689 3180 excommuni-

363 3212 527 3284 parte
578 3213 839 3282 repertus
911 3209 1104 3278 fuerit,
1167 3212 1252 3266 vel
1322 3210 1618 3266 occasione
1669 3209 2204 3286 cujuslibetccare
2231 3214 2315 3268 vel
2366 3213 2440 3268 ad
2487 3214 2770 3284 synodum
2807 3230 3139 3284 provocare.
3197 3214 3258 3270 Si
3291 3213 3418 3286 quis
3459 3217 3692 3281 autem,

367 3316 630 3372 personae
683 3302 968 3356 attentare
1011 3299 1464 3373 praesumpserit,
1514 3299 1624 3355 nisi
1655 3297 1976 3372 resipuerit,

366 3387 839 3443 maledictionem
853 3404 888 3443 a
902 3390 1088 3451 Patre,
1105 3391 1162 3442 et
1176 3387 1312 3442 Filio
1325 3391 1398 3442 .et
1411 3387 1622 3459 Spiritu
1637 3390 1833 3440 sancto
1847 3401 1980 3444 con-

368 3481 665 3548 sequatur,
687 3480 744 3530 et
761 3492 892 3532 cum
916 3475 1145 3532 diabolo
1165 3476 1400 3548 ejusque
1419 3475 1584 3530 sociis
1610 3473 1980 3530 atrocissimis

366 3563 550 3636 pomis
597 3567 656 3620 et
679 3568 898 3619 mterno
928 3563 1196 3620 incendio
1227 3565 1556 3636 deputetur,
1589 3581 1626 3618 n
1720 3578 1979 3617 resurre-

366 3651 558 3708 ctione
609 3653 922 3708 electorum
963 3653 1158 3708 futura
1209 3651 1415 3724 dignus
1461 3651 1804 3717 inveniatur,
1859 3653 1916 3705 et
1943 3667 1978 3704 a

369 3741 782 3796 communione
826 3743 884 3796 et
935 3744 1148 3796 sancta:
1200 3740 1404 3795 matris
1449 3739 1710 3795 Ecclesite
1750 3738 1879 3794 sinu
1920 3740 1980 3794 et

371 3828 664 3884 consortio
694 3833 1026 3885 sanctorum
1055 3829 1129 3884 sit
1155 3828 1394 3884 alienus.

443 3916 733 3988 Scriptum
765 3933 871 3990 per
909 3934 1116 3972 manus
1164 3915 1441 3989 Stephani
1496 3913 1668 3987 primi
1699 3912 1979 3969 scriniarii

371 4007 585 4060 sanctae
613 4003 940 4076 apostolicae
966 4003 1135 4068 sedis,
1181 4002 1241 4056 in
1291 4018 1489 4056 mense
1530 4001 1699 4070 Iulio,
1741 4004 1800 4056 et
1827 4000 1977 4057 indi-

371 4094 562 4150 ctione
586 4109 638 4148 v.

445 4185 600 4240 Bene
621 4183 824 4238 valete.

1064 4278 1284 4334 XXVIII.

374 4383 658 4443 Benedicti
735 4381 875 4438 VIII
921 4400 1082 4456 papa-
1125 4385 1470 4456 privilegium
1515 4400 1616 4456 pro
1662 4385 1978 4441 monasterio

1019 4455 1250 4510 asincnsi
1273 4455 1370 4522 (5).

847 4561 1048 4632 (Anno
1083 4563 1239 4626 1223,
1269 4561 1400 4616 Julii
1436 4563 1510 4627 t.)

633 4668 984 4742 [MAIGARINb
1005 4667 1228 4726 Bullar.
1261 4666 1474 4736 Casin.,
1501 4669 1570 4735 II,
1601 4673 1714 4738 75.]

446 4778 778 4832 Bsnmcrus
835 4774 1153 4847 episcopus,
1228 4790 1421 4829 servus
1496 4789 1792 4828 servorum
1858 4773 1982 4843 Dei,

372 4863 708 4922 charissima
731 4862 896 4919 nobis
928 4863 986 4917 in
1011 4861 1259 4918 Domino
1279 4863 1410 4916 Jesu
1441 4860 1664 4917 Christo
1699 4861 1816 4916 flllo
1840 4863 1978 4917 Tso-

376 4969 550 5009 anno
598 4950 911 5006 venerabili
961 4953 1021 5006 et
1058 4949 1330 5022 religioso
1375 4949 1569 5006 abbati
1617 4949 1984 5005 sacratissimi

379 5040 716 5097 monasterii
741 5039 896 5096 beati
925 5039 1212 5094 Benedicti
1241 5038 1583 5093 confessoris
1635 5038 1862 5107 Christi,
1891 5038 1982 5094 siti

380 5131 438 5184 in
484 5132 684 5186 monte
731 5127 827 5200 qui
868 5131 1104 5183 vocatur
1163 5127 1427 5181 Castrum
1483 5125 1692 5187 Casini.
1750 5143 1981 5198 suasque

381 5219 548 5274 almae
579 5215 1012 5288 congregationi
1039 5214 1098 5270 in
1132 5218 1496 5286 perpetuum,
1528 5215 1587 5270 in
1615 5215 1861 5271 Domino
1891 5231 1980 5270 sa-

378 5308 580 5362 lutem.

451 5395 509 5452 Si
525 5393 705 5470 petita
724 5392 1037 5467 apostolica
1065 5391 1362 5465 suffragia,
1385 5391 1663 5448 universis
1708 5391 1978 5460 ecclesiis,

380 5486 623 5555 cogente
663 5481 979 5538 ministerio
1009 5499 1124 5555 quo
1148 5481 1376 5537 videtur
1402 5481 1650 5554 praediti,
1698 5480 1983 5552 impertiri

384 5570 682 5637 debemus,
705 5587 833 5641 quae
863 5570 1185 5641 specialiter
1211 5569 1284 5624 ad
1325 5573 1584 5625 nostrum
1615 5568 1983 5624 solummodo

397 5681 762 5801 Ιὸξὲἑγθιυαιη
789 5683 958 5737 bullae
1005 5683 1174 5754 hujus
1217 5683 1550 5752 clausulam,
1580 5681 1986 5756 chronologica

2078 3303 2232 3374 quod
2279 3319 2396 3356 non
2441 3305 2730 3372 optamus,
2775 3302 2996 3357 nefario
3037 3319 3177 3357 ausu
3226 3303 3691 3376 presumpserit,

2077 3394 2200 3446 haec
2237 3409 2364 3463 quae
2391 3409 2425 3446 a
2445 3391 2612 3446 nobis
2641 3392 2714 3447 ad
2735 3393 2962 3446 laudem
2983 3391 3084 3448 Dei
3101 3409 3206 3466 pro
3225 3391 3535 3448 stabilitate
3554 3393 3691 3463 jam

2079 3481 2213 3536 dicti
2241 3480 2575 3536 monasterii
2605 3483 2819 3536 statuta
2837 3485 2991 3548 sunt,
3024 3481 3308 3554 refragari
3339 3480 3520 3536 autin
3539 3496 3694 3552 quo-

2076 3589 2302 3644 cunque
2333 3571 2652 3644 trangredi,
2671 3570 2810 3626 sciat
2838 3587 2920 3634 se,
2949 3571 3058 3626 nisi
3085 3570 3412 3642 resipuerit,
3441 3571 3695 3626 anathe-

2076 3661 2246 3716 matis
2272 3661 2495 3715 vinculo
2517 3660 2884 3726 innodatum,
2911 3663 2970 3714 et
2999 3676 3035 3714 a
3063 3675 3247 3730 regno
3279 3659 3380 3714 Dei
3400 3659 3691 3727 alienum;

2078 3754 2136 3806 et
2161 3767 2295 3806 cum
2325 3740 2554 3805 diabolo
2585 3753 2644 3804 et
2671 3751 2794 3820 ejus
2825 3747 3191 3804 atrocissimis
3226 3747 3476 3819 pompis,
3509 3751 3695 3821 atque

2075 3842 2102 3894 J
2111 3839 2222 3894 uda
2247 3837 2527 3893 traditore
2564 3837 2796 3894 Domini
2828 3837 3008 3892 nostri
3032 3837 3165 3892 Iesu
3194 3836 3400 3891 Christi
3421 3836 3483 3892 in
3512 3840 3692 3892 aeter-

2078 3929 2168 3984 nis
2182 3926 2462 3982 incendiis
2484 3928 2541 3980 et
2560 3925 2849 3996 suppliciis
2867 3924 3326 3980 concremandus
3346 3924 3418 3980 sit
3445 3923 3696 3996 deputa-

2077 4022 2186 4073 tus.
2217 4019 2289 4070 At
2306 4031 2440 4069 vero
2481 4013 2577 4086 qui
2597 4013 2692 4085 pio
2715 4013 2926 4069 intuitu
2968 4017 3303 4074 observator
3321 4020 3380 4073 et
3403 4018 3465 4072 in
3492 4017 3692 4074 omni-

2077 4109 2182 4165 bus
2227 4104 2554 4161 custodiens
2604 4103 2883 4160 exstiterit
2919 4105 3089 4178 hujus
3151 4107 3336 4163 nostri
3389 4109 3697 4180 apostolici

2075 4194 2387 4261 constituti,
2408 4197 2465 4250 et
2487 4193 2560 4249 ad
2578 4194 2796 4249 cultum
2818 4193 2919 4250 Dei
2941 4194 3376 4267 respicientibus
3412 4198 3561 4267 (sic);
3587 4201 3698 4256 be-

2076 4282 2418 4342 nedictionis
2435 4282 2682 4355 gratiam
2699 4298 2735 4336 a
2753 4281 3285 4340 misericordissima
3307 4285 3553 4343 Domine
3569 4289 3694 4346 Deo

2079 4376 2298 4440 nostro,
2329 4388 2432 4446 per
2448 4369 2920 4426 intercessionem
2940 4370 3093 4426 beati
3115 4371 3267 4430 Petri
3287 4376 3695 4446 apostolorum

1997 4511 2052 4573 Β
2078 4461 2350 4538 principis
2379 4462 2437 4515 et
2479 4461 2539 4515 B.
2595 4458 2937 4573 confessoris
2966 4459 3258 4560 Benedicti
3291 4462 3696 4535 multipliciter

2078 4552 2486 4624 consequatur,
2527 4551 2588 4603 et
2623 4547 2757 4604 vita
2795 4549 3031 4604 eterna
3077 4547 3362 4621 particeps
3406 4567 3532 4608 esse
3563 4567 3696 4609 me-

2182 4643 2204 4694 t
2245 4655 2292 4696 r.

2077 4657 2439 4800 r(“Stii'iptum
2487 4739 2592 4797 per
2643 4741 2885 4780 manum
2927 4723 3113 4797 Sergii
3158 4726 3442 4784 scriniarii
3483 4730 3546 4784 et
3585 4747 3694 4788 no-

2081 4814 2212 4872 tarii
2240 4813 2386 4870 sacri
2415 4813 2594 4870 nostri
2625 4811 2841 4885 palatii,
2869 4812 3140 4870 Kalendis
3162 4814 3316 4883 Julii,
3367 4814 3694 4876 indictione

2082 4907 2260 4960 sexta.

2155 4993 2306 5048 Bene
2327 4991 2532 5046 valete.

2801 5103 2976 5159 XXIX.

2081 5212 2330 5287 Epistula
2367 5209 2647 5264 Benedicti
2687 5207 2827 5265 VIII
2847 5212 3010 5282 papae
3034 5207 3106 5264 ad
3116 5208 3458 5282 Stephanum
3491 5211 3697 5269 Arcer-

2318 5317 2509 5355 uorum
2537 5300 2837 5370 episcopum
2859 5315 2958 5370 pro
2989 5296 3452 5356 Cluniacensibus.

2599 5413 2800 5486 (Anno
2833 5415 3164 5480 1012-1024)

2457 5519 2697 5593 [Βαίιαν.
2741 5518 3021 5586 Cluniae,
3049 5534 3185 5592 pag.
3222 5524 3305 5589 7.]

2158 5641 2266 5694 Ben
2277 5652 2491 5692 EDICTUS
2509 5635 2830 5708 episcopus,
2862 5650 3053 5690 servus
3076 5649 3377 5690 servorum
3425 5635 3551 5705 Dei,
3578 5635 3694 5691 Sn-

2068 5755 2237 5827 signa
2261 5751 2680 5819 continentem,
2712 5748 2878 5806 affert
2936 5748 3163 5806 Gattula
3197 5748 3335 5806 Hist.
3373 5749 3565 5807 Casio.
3600 5752 3684 5808 56.
