3888 6218
933 465 968 481 α

236 535 261 595 1
272 535 377 594 B29

1555 528 1918 589 BENEDIC‘I‘!
1943 527 2065 587 vm
2091 529 2293 607 ηυξ

3392 535 3530 598 1630

226 675 405 715 ιιιωηο
476 660 902 716 Arvvernorum
950 652 1374 729 religiosissime
1432 655 1721 730 episcopo,
1770 654 1828 710 in

1947 690 2170 748 cunque
2190 676 2282 732 ille
2299 674 2897 749 ligaverit,apostolica
2912 676 3179 733 etnostra
3194 677 3528 734 auctoritate

226 747 479 805 Domino
516 748 782 802 salutem.

294 836 467 891 Vobis
493 840 698 890 notum
732 838 816 889 est
867 834 1201 890 Cluniacum
1246 834 1663 890 monasterium
1696 849 1827 887 san-

222 928 328 981 ctae
360 927 644 1001 Romanm
670 924 955 989 Ecclesiae,
1001 940 1034 977 a
1082 924 1387 978 fundatore
1442 922 1720 993 ejusdem,
1754 920 1828 975 ad

221 1013 660 1069 defendendum
684 1016 891 1066 contra
919 1012 1301 1065 insatiabilem
1325 1011 1699 1083 cupiditatem
1723 1026 1826 1063 8&3-

220 1102 503 1158 cularium
549 1118 670 1156 esse
702 1100 1092 1156 commissum.
1130 1100 1313 1164 Unde,
1362 1099 1597 1171 justitim
1629 1098 1828 1165 regula

221 1191 500 1257 dictante,
533 1189 837 1253 admoniti,
891 1189 1342 1260 quotiescunque
1394 1204 1720 1260 pressuram
1758 1186 1830 1239 is-

222 1278 357 1333 dem
391 1278 549 1332 locus
572 1296 604 1331 a
636 1277 823 1349 pravis
848 1276 1180 1331 nominibus
1206 1275 1439 1347 patitur,
1464 1277 1693 1329 scutum
1722 1289 1827 1328 no-

221 1369 354 1420 stra;
410 1364 757 1420 defensionis
814 1364 1090 1419 debemus
1141 1379 1459 1435 opponere.
1516 1366 1576 1417 In
1611 1378 1725 1434 qua
1764 1376 1827 1417 re

217 1452 587 1515 sanctitatem
609 1456 879 1517 vestram,
916 1453 986 1506 ad
1019 1451 1499 1521 confringendam
1532 1448 1826 1505 cervicosi-

222 1544 410 1596 tatem
442 1541 634 1595 eidem
668 1539 926 1595 emnobio
954 1556 1045 1594 res
1065 1540 1355 1609 delegatas
1388 1554 1592 1609 rapere
1629 1539 1830 1592 volen-

225 1628 763 1700 tium,adjutricem
797 1628 975 1682 nostri
1009 1644 1129 1681 esse
1158 1626 1319 1682 omni
1344 1627 1824 1693 modisvolumus;

224 1719 285 1772 et
311 1733 431 1771 non
463 1718 646 1771 levem
679 1716 957 1789 lapillum,
1014 1716 1111 1770 sed
1166 1715 1543 1770 fortissimum
1596 1729 1824 1769 excom-

226 1804 920 1873 municationisjaculum
952 1819 1226 1874 rogamus
1272 1820 1364 1857 vos
1395 1803 1455 1857 in
1495 1820 1593 1857 eos
1642 1803 1827 1871 inter-3

225 1908 431 1965 quere,
461 1891 558 1964 qui
589 1909 725 1947 ausu
762 1892 1004 1957 nefario,
1037 1891 1267 1946 Domini
1332 1891 1541 1945 timore
1593 1878 1826 1965 postpo'f

225 1980 359 2047 site,
396 1980 495 2035 Dei
526 1997 715 2035 servos
760 1980 1143 2048 scandalizare
1198 1983 1297 2034 aut
1344 1979 1705 2045 contristare,
1737 1964 1834 2032 res

222 2085 429 2124 eorum
457 2067 795 2133 auferendo,
832 2085 947 2122 non
977 2071 1263 2122 metuunt.
1299 2067 1591 2137 Praecipue
1633 2069 1828 2121 autem

221 2157 333 2211 hoc
360 2156 439 2217 ad
461 2171 712 2226 praesens
758 2155 951 2225 gladio
1000 2155 1306 2209 feriantur.
1339 2154 1623 2208 Tetardus
1656 2157 1828 2225 atque

223 2244 521 2300 Girbertus
546 2244 646 2298 filii
678 2243 974 2315 Stephani,
1033 2243 1130 2315 qui
1189 2243 1445 2309 alodem,
1490 2260 1663 2314 quem
1694 2246 1828 2296 Am-

222 2333 461 2388 blardus
541 2331 997 2403 archiepiscopus
1060 2332 1294 2404 reliquit
1370 2333 1581 2387 Sancto
1636 2334 1827 2399 Petro,

223 2420 436 2492 injuste
464 2421 721 2475 retinent
745 2437 809 2474 ac
832 2420 1143 2491 possident.
1178 2420 1241 2473 Hi
1262 2420 1453 2490 igitur,
1487 2420 1669 2473 donec
1701 2421 1830 2474 red-

225 2508 369 2563 dant
387 2508 512 2579 jam
547 2508 763 2562 dictum
798 2508 1053 2571 alodum,
1084 2507 1229 2561 sicut
1287 2522 1354 2561 ex
1400 2509 1563 2578 parte
1611 2510 1830 2574 nostra,

223 2595 306 2650 ita
336 2612 407 2649 ex
440 2597 626 2650 vestra
654 2595 878 2650 vinculo
903 2593 1519 2650 excommunicationis
1546 2595 1832 2651 innoden-

225 2688 343 2737 tur.

300 2772 454 2826 Bene
474 2770 681 2826 valete.

973 2862 1126 2918 XXX.

235 2965 566 3023 Benedictus
608 2965 765 3023 VIII
776 2984 922 3037 papa
970 2966 1041 3020 ad
1084 2965 1412 3021 Willelmum
1453 2965 1696 3023 abbatem
1727 2980 1837 3019 mo—

732 3039 956 3093 nasterii
977 3038 1337 3094 Divionensis.

745 3144 932 3213 (Anno
976 3145 1322 3209 1012-1024).

556 3234 820 3299 (Priusne,
849 3231 1086 3299 Recueil,
1119 3236 1253 3299 etc.,
1285 3249 1343 3304 p.
1370 3234 1517 3295 273].

304 3321 638 3375 Bsxsmcrus
657 3320 976 3391 episcopus,
1012 3337 1204 3375 servus
1220 3337 1517 3375 servorum
1542 3319 1664 3387 Dei,
1697 3319 1838 3373 W11.-

226 3423 408 3464 LELno
432 3408 746 3462 venerabili
777 3408 968 3463 abbati
1017 3411 1074 3462 ct
1110 3408 1167 3461 in
1206 3408 1429 3463 Christo
1457 3408 1664 3462 dilecto
1697 3406 1834 3474 filio,

228 3497 475 3551 salutem
493 3495 888 3550 charissimam
912 3512 1043 3550 cum
1076 3496 1479 3550 benedictione
1499 3495 1829 3567 apostolica.

304 3585 513 3640 Audita
544 3584 839 3655 vigilantia
869 3585 1037 3639 studii
1072 3584 1174 3651 tui,
1215 3602 1329 3656 qua
1359 3584 1620 3655 invigilas
1668 3600 1839 3655 super

229 3672 384 3728 ﬁlios
403 3673 744 3727 commissos
778 3671 902 3737 tibi,
928 3671 1231 3726 referimus
1260 3672 1475 3743 gratias
1502 3673 1620 3726 Deo
1650 3671 1836 3725 omni-

230 3760 474 3835 potenti.
508 3760 764 3832 Denique
791 3759 1182 3830 comperimus
1228 3764 1282 3814 te
1321 3759 1547 3831 jamdiu
1573 3759 1838 3813 laborare

230 3847 601 3904 creberrimis
628 3851 859 3902 tuorum
881 3847 1135 3902 hostium
1166 3846 1672 3914 incursionibus,et
1692 3862 1839 3913 pene

223 3936 353 4009 jam
383 3934 714 3990 destitutam
745 3934 1054 3990 Ecclesiam
1080 3938 1234 3989 tuam
1269 3952 1302 3989 a
1323 3935 1753 4007 diripientibus;
1783 3936 1841 3988 et

230 4023 569 4080 infortuniis
594 4023 724 4091 tuis,
757 4040 897 4096 quas
928 4023 1244 4079 forinsecus
1290 4024 1524 4097 pateris,
1567 4023 1839 4078 condole-

232 4129 385 4168 mus.
418 4112 675 4184 Namque
709 4128 814 4185 pro
842 4111 1286 4183 longanimitate
1319 4111 1631 4184 patientiae,
1662 4126 1840 4182 quam

233 4201 531 4271 hucusque
550 4200 853 4255 exhibuisti
875 4198 1187 4254 adversarii
1218 4199 1477 4254 Ecclesiae
1507 4202 1640 4265 tum,
1675 4198 1842 4253 decet

234 4304 344 4343 nos
372 4288 711 4359 gaudere,et
742 4287 1065 4343 bonitatem
1080 4290 1239 4341 tuam
1262 4286 1531 4354 laudare;
1565 4289 1838 4341 caeterum

235 4376 515 4430 hactenus
544 4375 789 4430 sufficiat
832 4375 1172 4446 patientiam
1224 4376 1372 4429 hanc
1405 4375 1483 4429 ita
1519 4373 1836 4428 exhibuisse

235 4467 298 4517 ut
316 4464 551 4536 impune
567 4464 642 4518 ad
674 4463 916 4518 nihilum
934 4464 1273 4535 redigantur
1290 4462 1516 4534 penitus
1540 4480 1631 4517 res
1648 4463 1835 4516 Eccle-

232 4550 417 4618 siae,et
434 4568 551 4621 prze
568 4552 809 4623 penuria
831 4552 1042 4622 inopiaa
1057 4553 1431 4607 labefactetur
1446 4552 1587 4607 ordo
1605 4551 1833 4621 religio-

232 4638 321 4694 nis
336 4638 688 4707 monasticaa,
721 4657 848 4712 quae
863 4639 1002 4695 inibi
1022 4640 1125 4695 sub
1141 4642 1195 4694 te
1208 4639 1521 4695 dinoscitur
1542 4640 1838 4712 praepolle-

230 4745 314 4783 re.
340 4729 524 4782 Habes
561 4731 748 4782 tecum
773 4727 952 4782 ﬁlium
989 4731 1251 4783 nostrum
1274 4728 1590 4798 Benignum
1616 4728 1835 4800 episco-

227 4815 612 4889 pum,gralias
636 4815 1046 4880 Deo,effectum
1064 4817 1616 4887 monachum,quem
1634 4815 1835 4870 admo-

232 4920 437 4958 nemus
448 4904 688 4958 honeste
702 4906 759 4957 et
772 4903 1034 4974 religiose
1053 4905 1399 4971 conversari,
1421 4905 1837 4977 professionem

231 4990 575 5045 obedientiae
590 4989 850 5044 moribus
870 4995 927 5045 et
951 5007 1124 5061 opere
1140 4991 1459 5057 attendere,
1474 4990 1531 5043 in
1550 5008 1662 5062 qua
1680 5007 1838 5046 voca-

229 5077 385 5132 tione
417 5080 648 5132 vocatus
680 5081 783 5145 est,
820 5077 876 5132 in
912 5077 1034 5148 ipsa
1076 5095 1446 5150 permanere.
1490 5079 1708 5134 Deinde
1754 5078 1835 5133 illi

220 5165 495 5236 jubcmus
522 5181 653 5219 cum
684 5166 844 5220 omni
881 5165 1126 5238 imperio
1169 5170 1230 5219 ut
1271 5166 1533 5220 inimicos
1568 5166 1835 5238 martyris

231 5252 469 5323 Benigni
502 5252 837 5324 insequatur
868 5254 1283 5324 emnijustitizc
1325 5255 1443 5308 zelo
1471 5271 1533 5309 ac
1577 5272 1709 5309 cum
1745 5255 1831 5307 di-

228 5341 358 5395 vina
388 5340 729 5395 auctoritate
761 5341 932 5395 feriat
962 5358 1061 5395 eos
1086 5342 1495 5396 anathemate:
1528 5342 1627 5396 tibi
1657 5342 1830 5397 etiam

222 5428 590 5500 praecipimus
621 5446 694 5483 ne
721 5430 963 5484 obsistas
990 5430 1041 5483 ei
1074 5429 1132 5483 in
1171 5429 1301 5495 hoc,
1335 5430 1436 5484 sed
1472 5430 1551 5484 illi
1584 5431 1831 5486 auctori-

228 5519 407 5572 tatem
434 5534 767 5588 pervasores
810 5520 935 5570 tuos
956 5516 1198 5571 feriendi
1248 5518 1639 5584 concedimus,
1668 5519 1835 5588 jube-

227 5605 811 5676 musetimperamus;
842 5604 917 5657 ita
943 5603 1041 5657 tibi
1081 5620 1184 5675 per
1220 5620 1415 5658 veram
1439 5605 1835 5661 obedientiam

226 5693 576 5747 mandamus
602 5710 673 5747 ne
714 5692 997 5763 impedias
1025 5710 1157 5746 eum
1207 5708 1312 5746 nec
1361 5708 1496 5747 eum
1531 5694 1834 5765 prohibeas

226 5780 365 5850 quin
381 5780 534 5852 ipsos
548 5781 950 5835 malefactores
964 5780 1139 5835 divini
1152 5779 1308 5835 verbi
1324 5780 1519 5852 gladio
1545 5787 1832 5840 coerceat.

220 5871 296 5922 Ac
314 5867 361 5923 si
377 5867 438 5923 in
457 5883 524 5922 eo
543 5870 952 5924 corroboratur
973 5873 1168 5925 nostra
1190 5870 1516 5941 auctoritas,
1556 5874 1613 5926 et
1658 5888 1829 5943 quos-

1858 4515 1911 4574 D

1944 764 2057 819 sint
2104 764 2282 834 ligati,
2318 769 2375 820 et
2404 782 2545 837 quos
2568 764 2891 831 absolverit,
2919 765 3043 819 sine
3091 770 3288 821 nostra
3316 766 3529 837 pariter

1937 850 2294 908 absolutione
2316 854 2482 908 soluti
2523 853 2915 908 Damusetiam
2954 852 3032 907 illi
3062 857 3409 923 potestatem
3442 871 3530 909 or-

1930 943 2168 997 dinandi
2194 941 2471 1014 quidquid
2502 945 2653 1012 juste
2690 942 3007 1011 postulatus
3037 941 3212 995 fuerit
3238 942 3298 997 in
3329 946 3529 998 sancta

1932 1030 2179 1084 Ecclesia
2212 1030 2501 1096 ordinare,
2526 1033 2924 1085 verumtamen
2952 1032 3009 1085 te
3047 1030 3315 1101 jubente.
3377 1031 3528 1102 (Sine

1926 1117 2137 1187 sigillo).

2642 1229 2818 1285 XXXI.

1929 1328 2248 1389 Benedictus
2280 1333 2439 1390 VIII
2460 1336 2695 1390 concedit
2722 1342 2781 1391 ut
2832 1338 2888 1390 in
2948 1336 3162 1393 ecclesia
3210 1334 3525 1391 monasterii

2000 1405 2634 1489 Rivipollcrisiscantetur
2659 1407 2918 1489 Alleluia,
2957 1416 3006 1462 et
3031 1409 3282 1489 .hy‘mnu-s
3311 1406 3523 1489 angeli-

1998 1494 2089 1530 cus
2121 1479 2176 1530 in
2200 1477 2485 1543 festivitate
2504 1477 2828 1549 Hypapanti
2858 1480 2978 1542 (sive
3020 1480 3235 1602 z'nJesto
3263 1477 3521 1547 puriﬁca-

2001 1549 2159 1601 tionis
2182 1547 2344 1601 beatae
2371 1546 2612 1602 Mariae).
2651 1550 2863 1602 etiamsi
2880 1566 2939 1602 ea
2964 1550 3073 1602 inci
3112 1551 3209 1602 erit
3241 1553 3353 1602 post
3388 1546 3521 1602 Sen-

2001 1549 2159 1601 tionis
2182 1547 2344 1601 beatae
2371 1546 2612 1615 Mariae),
2651 1546 2863 1603 etiamsi
2880 1566 2939 1602 ea
2964 1546 3209 1604 inciderit
3232 1546 3353 1619 post
3388 1546 3521 1618 Sep-

1997 1619 2367 1687 tuagesimam.

2454 1725 2640 1787 (Anno
2675 1725 3003 1795 10124024)

2137 1829 2557 1898 [COCQUELINES,
2590 1829 2793 1884 Bullar.
2845 1829 3063 1887 Collect.
3094 1832 3135 1897 Ι,
3164 1832 3312 1892 3181.

1854 1963 1906 2023 Β
1996 1937 2329 1991 Bsxsmcrus
2355 1935 2676 2007 episcopus,
2711 1953 2905 1991 servus
2952 1953 3249 1992 servorum
3289 1936 3413 1999 Dei,
3441 1935 3527 1990 di-

1929 2024 2247 2079 lectissimis
2273 2024 2331 2078 in
2361 2024 2581 2079 Christo
2635 2024 2765 2079 fi‘iis
2815 2025 2888 2079 ad
2941 2024 3312 2079 festivitatem
3351 2024 3529 2093 Hypa-

1932 2113 2092 2184 panti
2121 2113 2350 2168 Domini
2388 2112 2444 2167 in
2476 2112 2737 2168 coenobio
2797 2112 3018 2167 Sancta:
3071 2112 3171 2167 Dei
3231 2110 3529 2167 Genitricis

1936 2201 2408 2256 eunvenieiitibus
2441 2203 2685 2256 salutem
2737 2204 2794 2255 et
2854 2200 3228 2273 apostolicam
3295 2198 3529 2254 benedi-

1932 2288 2205 2344 ctionem.

2006 2376 2288 2440 Quoniam
2308 2379 2497 2433 omnis
2516 2378 2847 2433 universalis
2868 2376 3127 2433 Ecclesiae
3141 2374 3535 2448 nobis,quam-

1934 2464 2011 2517 vis
2034 2465 2671 2533 immeritis,commissa
2689 2467 3007 2522 secundum
3035 2467 3219 2521 Deum
3246 2464 3533 2520 credimus

1933 2551 2060 2606 fore
2088 2553 2393 2623 regimina,
2451 2554 2662 2608 idcirco
2700 2553 2869 2625 jussit
2909 2570 3015 2609 nos
3052 2565 3531 2625 quorumcunque

1935 2640 2201 2695 fidelium
2223 2642 2491 2696 convenit
2506 2659 2761 2697 annuere
2784 2641 2948 2708 votis,
2971 2644 3029 2696 et
3053 2641 3124 2696 ab
3145 2640 3280 2695 inde
3312 2637 3533 2693 cunctis

1935 2744 2210 2784 emanare
2230 2731 2734 2802 profectum,unde
2746 2729 2920 2785 totius
2932 2732 3227 2800 acceptum
3240 2726 3535 2799 religionis

1935 2822 2161 2874 constat
2185 2820 2507 2875 exordium.
2556 2820 2920 2892 Quapropter
2954 2818 3363 2874 innotescimus
3400 2816 3537 2871 cha-

1934 2905 2089 2959 ritati
2119 2911 2316 2962 vestra:
2346 2908 2621 2980 quoniam
2654 2909 2852 2963 adiens
2905 2924 3011 2962 nos
3049 2905 3444 2962 dilectissimus
3468 2903 3538 2958 ﬁ-

1935 2994 2042 3049 lius
2070 3000 2267 3050 noster
2303 2997 2487 3063 Oliba,
2510 2997 2755 3053 coenobii
2786 2996 3127 3067 Ripollensis
3172 2995 3369 3061 abbas,
3416 2994 3535 3048 zelo

1937 3082 2152 3150 divino,
2187 3086 2246 3137 et
2305 3086 2487 3139 beatae
2528 3085 2774 3155 virginis
2821 3085 3010 3139 Mariae
3068 3084 3269 3138 ductus
3316 3098 3536 3149 amore,

1937 3172 2269 3243 suppliciter
2295 3172 2462 3243 petiit
2482 3176 2564 3235 ut,
2603 3172 2646 3226 si
2672 3172 2949 3243 praedicta
2986 3171 3261 3226 festivitas
3286 3170 3543 3226 evenerit

1867 3234 1914 3293 Ο
1938 3234 2241 3332 postquam
2272 3234 2507 3314 dimissa
2535 3234 2709 3314 fuerit
2739 3260 2992 3326 Alleluia,
3049 3260 3147 3313 illa
3192 3259 3398 3314 eadem
3448 3258 3541 3313 die

1937 3351 2207 3403 cantetur
2241 3365 2369 3401 eum
2396 3346 2583 3401 Gloria
2604 3350 2659 3400 in
2693 3346 2903 3401 excelsis
2927 3346 3037 3400 Deo
3063 3346 3123 3399 in
3148 3348 3269 3400 solo
3295 3346 3539 3417 praefato

1937 3436 2291 3492 monasterio
2325 3435 2428 3489 sibi
2478 3435 2711 3488 daretur
2746 3434 2998 3490 licentia.
3056 3433 3227 3503 Cujus
3274 3433 3540 3504 precibus

1939 3525 2103 3580 nobis
2133 3540 2387 3578 annuere
2430 3522 2612 3589 libuit,
2650 3522 3149 3593 concessimusque
3194 3520 3273 3575 illi
3314 3523 3373 3574 et
3422 3520 3538 3574 suis

1938 3615 1998 3668 in
2030 3615 2371 3686 perpetuum
2401 3610 2815 3666 successoribus
2846 3610 3100 3671 Alleluia,
3138 3608 3183 3663 si
3204 3609 3329 3681 jam
3360 3608 3536 3664 absti-

1938 3701 2094 3768 terit,
2126 3702 2406 3773 hymnum
2424 3716 2651 3772 quoque
2673 3698 3021 3771 angelicum,
3050 3713 3181 3751 cum
3217 3700 3304 3752 est
3325 3713 3539 3752 canen-

1941 3791 2099 3847 dum.
2126 3790 2462 3860 Quicunque
2520 3787 2693 3859 igitur
2746 3787 2970 3859 gaudiis
3013 3786 3183 3857 hujus
3220 3784 3541 3840 festivitatis

1939 3880 2000 3934 in
2030 3876 2412 3950 suprascripto
2445 3878 2569 3932 loco
2623 3876 2905 3931 studuerit
2936 3875 3235 3941 interesse,
3287 3873 3429 3928 sciat
3480 3888 3540 3928 se

1941 3968 2279 4022 donandum
2336 3981 2574 4021 munere
2610 3962 2983 4035 protectionis
3014 3962 3240 4029 divinae,
3289 3964 3348 4015 et
3395 3976 3538 4031 aug-

1942 4059 2141 4109 mento
2173 4053 2591 4110 benedictionis
2621 4054 2856 4120 nostrae,
2887 4050 3197 4122 adjuvante
3226 4050 3357 4105 Jesu
3383 4048 3540 4104 Chri-

1940 4146 2027 4198 sto
2048 4143 2464 4215 benignissimo
2481 4143 2795 4199 Salvatore.

2636 4248 2835 4303 XXXII.

2012 4355 2291 4410 Benedicti
2347 4355 2505 4412 VIII
2550 4370 2706 4426 papae
2742 4351 2977 4436 epistola
3006 4352 3078 4407 ad
3123 4349 3471 4409 Guillelmum

2612 4433 2800 4480 comite
2804 4442 2875 4479 m.

2467 4531 2653 4601 (Circa
2684 4547 2780 4585 an.
2826 4530 3001 4601 1014).

1938 4620 2211 4691 [Μέθωωγ
2281 4619 2522 4673 Histoire
2585 4620 2649 4673 de
2706 4618 2940 4688 Nismes,
3014 4620 3280 4684 Preuves,
3313 4629 3375 4688 p.
3426 4618 3535 4682 20].

2008 4726 2344 4779 BENEDICTUS
2430 4724 2748 4797 episcopus,
2814 4741 3005 4780 servus
3063 4737 3357 4779 servorum
3412 4718 3536 4785 Dei,

1937 4812 2250 4868 GUILLELMO
2279 4813 2504 4880 comiti,
2558 4830 2663 4868 nec
2714 4830 2831 4868 non
2892 4813 3066 4867 matri
3104 4829 3221 4867 sum
3248 4807 3537 4865 Adelaidas

1938 4901 2242 4956 comitissm
2276 4906 2619 4974 perpetuam
2675 4902 2920 4956 salutem
2951 4903 3008 4956 et
3035 4900 3406 4973 apostolicam
3438 4897 3540 4951 be-

1939 4989 2349 5044 nedictionem.

2007 5077 2336 5131 lnauditum
2377 5074 2598 5130 facinus
2649 5077 3018 5149 nefandaque
3070 5076 3288 5149 injuria
3339 5076 3538 5131 vestris

1936 5165 2159 5219 videtur
2190 5166 2246 5219 in
2279 5163 2609 5234 regionibus
2638 5168 2785 5231 orta,
2832 5181 2901 5220 eo
2956 5166 3113 5237 quod
3161 5165 3536 5232 monasteria,

1936 5256 2170 5308 Patrum
2204 5254 2339 5306 olim
2369 5251 2612 5306 decretis
2644 5252 2902 5319 fundata,
2950 5254 3124 5309 modo
3173 5254 3535 5326 conspiciun-

1934 5346 2027 5397 tur
2046 5342 2333 5396 malorum
2365 5338 2739 5410 pravitatibus
2768 5339 3075 5395 hominum
3116 5358 3266 5412 pene
3296 5342 3537 5415 dissipa-

1934 5435 2020 5498 ta;
2057 5430 2208 5485 unde
2237 5444 2347 5499 ego
2383 5442 2631 5482 mmrore
2658 5442 2955 5499 percussus
2980 5444 3214 5495 arcano,
3264 5431 3535 5502 stigmate

1934 5518 2239 5590 insignitus
2269 5515 2603 5588 apostolico,
2636 5533 2767 5571 cum
2809 5514 2979 5585 hujus
3003 5516 3332 5585 apostolicae
3389 5519 3538 5574 sedis

1937 5606 2296 5662 diversorum
2324 5603 2594 5660 ordinum
2634 5606 2809 5670 clero,
2862 5602 2952 5658 cui
2982 5619 3112 5674 ego,
3160 5604 3280 5658 Deo
3311 5604 3539 5676 dispen-

1936 5700 2117 5767 sante,
2148 5693 2423 5760 deservio,
2458 5712 2663 5751 omnes
2692 5693 2977 5760 homines,
3027 5691 3155 5747 illos
3196 5692 3410 5749 scilicet
3438 5696 3536 5768 qui

1936 5783 2087 5842 beati
2116 5782 2319 5853 [Egidii
2342 5782 2572 5840 alodem
2598 5788 2819 5841 temere
2846 5799 2880 5838 a
2900 5780 3057 5838 vobis
3072 5779 3381 5853 exquirunt
3395 5785 3539 5839 acci-

1934 5891 2093 5947 pere,
2131 5872 2250 5927 sine
2273 5870 2497 5928 abbatis
2545 5873 2693 5930 illius
2749 5873 2858 5930 loci
2919 5872 3230 5936 voluntate,
3290 5869 3529 5941 sineque
