3888 6218
383 512 515 572 1031

1618 507 1970 567 EPISTOLE
1998 505 2086 564 ΕΤ
2119 505 2458 566 DECRETA.

3567 514 3588 568 i
3600 511 3710 570 632

385 647 668 688 consensu
693 630 1417 699 monachorum,contraS.
1437 628 1646 702 Egidii
1673 631 1976 695 damnum,
1999 630 2051 688 A
2076 626 2148 681 sit
2178 627 2512 683 maledictus
2565 629 2622 684 et
2649 628 3185 687 excommunicatus
3214 644 3232 695 ς
3276 627 3545 686 similiter
3582 631 3686 704 qui

383 719 550 792 eique
571 721 962 787 servientium,
991 738 1023 775 a
1051 722 1259 775 sanctae
1325 719 1524 773 matris
1560 718 1821 772 Ecclesiae
1848 733 1977 785 gre-

385 808 502 864 mio
535 810 798 864 absentes
823 826 942 863 esse
976 806 1337 880 prmcipio,et
1367 823 1497 860 cum
1528 807 1750 861 Dathan
1777 809 1833 859 et
1850 803 1978 858 Abi-

384 913 515 963 ron,
549 897 731 951 Chore
762 913 1009 968 quoque,
1055 896 1224 950 Bahal
1281 899 1338 949 et
1391 893 1768 958 Behetzebud,
1801 896 1857 946 et
1881 908 1981 946 eo-

382 1000 513 1039 rum
541 985 839 1051 similibus,
873 984 1340 1038 maledictionem
1373 983 1481 1035 illis
1512 985 1794 1035 aeternam
1823 980 1980 1051 inge-

382 1077 540 1138 ro,et
579 1072 1075 1144 participationem
1112 1072 1220 1126 illis
1263 1075 1726 1142 perseverantem
1778 1085 1982 1122 conce-

383 1159 477 1215 do.
508 1162 616 1214 Nec
649 1177 765 1214 non
795 1164 850 1213 et
881 1160 1005 1214 illos
1032 1159 1203 1213 simili
1233 1158 1607 1212 damnatione
1648 1173 1978 1212 excommu-

381 1247 509 1302 nico
530 1247 642 1302 sive
673 1248 1020 1312 condemno,
1055 1247 1150 1318 qui
1182 1248 1330 1300 male
1370 1245 1542 1316 ipsius
1573 1247 1813 1310 terram,
1846 1261 1981 1299 san-

379 1335 613 1390 ctissimi
645 1335 905 1390 videlicet
947 1335 1178 1405 Egidii,
1229 1334 1586 1399 invadentes,
1619 1333 1676 1388 in
1711 1350 1879 1388 usum
1911 1333 1981 1387 si-

380 1422 458 1490 bi,
488 1441 546 1477 se
567 1423 805 1490 sciente,
839 1423 1139 1496 proprium
1174 1422 1473 1476 vendicant
1534 1424 1590 1474 et
1647 1421 1984 1492 deprazdan-

376 1515 490 1578 tur,
519 1512 654 1583 quia
683 1529 718 1565 a
743 1511 902 1566 vobis
933 1510 1327 1583 potestatibus,
1354 1513 1507 1564 retro
1548 1508 1605 1562 in
1653 1509 1792 1562 actis
1833 1512 1982 1564 tem-

377 1599 632 1670 poribus,
693 1617 811 1653 non
865 1601 1230 1668 exceperunt.
1280 1597 1337 1652 Si
1394 1613 1525 1650 vero
1583 1600 1820 1667 propter
1873 1597 1981 1651 hoc

380 1687 536 1758 quod
568 1687 671 1757 ipsi
699 1687 928 1742 alodem
960 1685 1271 1756 supradicti
1297 1683 1433 1738 almi
1460 1684 1667 1754 zEgidii
1697 1683 1980 1738 malitiose

381 1776 685 1829 voluerunt
711 1775 1020 1846 possidere,
1057 1776 1115 1826 et
1153 1789 1186 1827 a
1231 1772 1388 1826 vobis
1427 1771 1860 1825 multiformiter
1885 1789 1984 1824 cu-

380 1862 614 1934 pierunt
637 1863 917 1934 accipere,
951 1862 1229 1915 damnum
1272 1860 1382 1913 illis
1430 1859 1822 1913 habitantibus
1866 1875 1986 1913 mo-

2079 713 2204 768 illos
2232 715 2586 784 portaverint
2615 718 2687 772 ad
2732 720 3180 790 sepulturam,et
3201 720 3688 792 praesumpserint

2079 803 2340 873 sepelire.
2370 804 2804 860 Sintmaledicti
2828 811 2886 860 et
2903 807 3397 862 excommunicati
3426 808 3707 864 omnibus

2082 892 2599 956 maledictionibus,
2632 895 2677 949 si
2706 912 2821 950 non
2856 896 3297 952 emendaverint
3339 899 3396 952 et
3437 898 3512 953 ad
3539 899 3705 954 satis-

2079 980 2392 1035 factionem
2416 998 2530 1036 non
2547 984 2950 1040 venerintJIoc
2970 1001 3074 1056 pro
3097 990 3253 1040 certo
3290 985 3588 1041 sciendum
3606 989 3699 1042 est

2080 1067 2238 1121 vobis
2264 1069 2418 1138 quod
2445 1073 2574 1140 post
2604 1070 2826 1126 obitum
2855 1076 3121 1127 nostrum
3150 1074 3340 1127 nullus
3369 1073 3696 1146 episcopus,

2081 1171 2187 1209 nec
2222 1157 2366 1210 ullus
2395 1174 2606 1222 comes,
2641 1176 2747 1212 nec
2768 1162 2881 1214 ulla
2894 1161 3189 1215 saecularis
3213 1163 3465 1232 potestas
3481 1162 3703 1216 audeat

2078 1247 2536 1315 prmsumptuose
2554 1247 2970 1301 monasterium
2989 1248 3139 1302 beati
3153 1247 3362 1318 z’Egidii
3384 1248 3494 1302 sibi
3517 1249 3572 1302 in
3597 1249 3703 1304 do-

2084 1332 2332 1386 minium
2351 1351 2646 1404 usurpare.
2693 1335 2857 1398 Quod
2882 1336 2925 1390 si
2955 1336 3429 1408 prmsumpserint
3481 1337 3704 1402 facere,

2083 1419 2353 1475 omnibus
2377 1437 2550 1491 supra
2575 1423 2775 1477 laxatis
2809 1423 3309 1478 maledictionibus
3339 1423 3606 1496 obligati,
3627 1425 3704 1479 ad

2083 1523 2330 1576 regnum
2365 1527 2661 1581 nunquam
2689 1513 2916 1566 valeant
2941 1511 3157 1567 intrare
3181 1513 3428 1578 caeleste,
3473 1514 3613 1585 quia
3644 1512 3705 1568 in

2083 1595 2340 1650 dominio
2397 1601 2454 1652 et
2511 1599 2720 1653 salario
2753 1600 2908 1655 beati
2949 1599 3100 1655 Petri
3123 1600 3314 1672 ipsum
3361 1600 3704 1656 ccenobium

2083 1697 2212 1736 cum
2248 1684 2517 1739 omnibus
2541 1686 2710 1740 rebus
2731 1687 2837 1742 sibi
2868 1687 3289 1760 pertinentibus
3317 1689 3518 1742 beatus
3544 1688 3705 1760 Egi-

2085 1769 2208 1822 dius
2240 1773 2616 1826 contradidit.
2659 1775 2965 1847 Nullusque
2995 1792 3383 1830 successorum
3427 1793 3701 1831 meorum

2084 1858 2353 1928 cuiquam
2389 1861 2597 1914 audeat
2620 1862 2948 1917 venundare
3004 1881 3102 1918 seu
3137 1867 3524 1929 commutare,
3581 1864 3703 1918 sive

384 1912 579 2003 hacliis
608 1912 842 2021 aliqubd
863 1912 1102 2015 venerit,
1129 1948 1413 2019 duplicem
1440 1946 1726 2016 excipiant
1750 1963 1978 2017 poenam
2010 1912 2474 2002 B--sub‘tuitione
2507 1948 2844 2021 cujusquam
2877 1951 3172 2022 potestatis
3201 1951 3509 2021 subjicere.

381 2037 994 2093 excommunicationis
1013 2055 1112 2091 seu
1129 2035 1568 2101 maledictionis,
1599 2039 1656 2090 et
1683 2052 1982 2106 nunquam

381 2143 416 2181 a
443 2128 732 2182 consortio
763 2127 942 2192 Iudae,
969 2125 1196 2180 Domini
1233 2125 1542 2190 traditoris,
1577 2124 1807 2195 Caiphae
1840 2141 1982 2194 quo-

384 2231 515 2286 que,
549 2219 605 2269 et
631 2219 834 2280 Annua,
884 2213 1114 2268 Herodii
1169 2230 1419 2276 necnon,
1471 2216 1528 2266 et
1575 2211 1764 2266 Pontii
1794 2210 1980 2276 Pilati,

381 2303 621 2374 collegio
653 2305 879 2357 valeant
910 2301 1229 2369 dissociari;
1267 2302 1606 2372 angelorum
1632 2300 1823 2371 itaque
1861 2317 1983 2354 ma-

379 2390 780 2446 ledictionibus
806 2396 1069 2462 pereant,
1113 2392 1171 2444 et
1224 2389 1701 2444 communionem
1753 2389 1982 2443 Satanae

376 2477 435 2534 in
469 2479 703 2534 interitu
723 2479 910 2534 carnis
939 2479 1292 2550 percipiant;
1352 2476 1782 2530 maledictiones
1837 2475 1982 2529 acci-

380 2568 543 2638 piant
575 2568 894 2634 desursum,
925 2570 982 2621 et
1007 2568 1322 2639 abjacentis
1378 2564 1563 2636 abyssi
1624 2563 1984 2618 maledictio-

381 2672 482 2710 nes
515 2656 784 2710 deorsum
812 2655 1122 2726 accipiant;
1167 2653 1636 2708 maledictionem
1667 2652 1980 2718 caelestem,

381 2746 439 2797 et
469 2743 936 2798 maledictionem
968 2745 1322 2796 terrestrem.

452 2834 801 2887 Praesentem
828 2829 1291 2884 maledictionem
1315 2826 1635 2898 percipiant
1660 2827 1716 2880 in
1734 2827 1984 2898 corpori-

384 2921 509 2988 bus,
533 2924 590 2974 et
617 2916 1072 2974 debilitationem
1090 2917 1146 2969 in
1173 2915 1492 2980 animabus,
1523 2919 1579 2968 et
1593 2914 1982 2986 perditionem

385 3011 442 3061 et
454 3006 866 3062 cruciationem
891 3003 1192 3074 recipiant.
1213 3002 1622 3057 Maledicantur
1641 3018 1771 3056 cum
1802 3006 1981 3058 male-

387 3094 581 3161 dictis;
609 3093 978 3164 ﬂagellentur
992 3107 1122 3146 cum
1144 3090 1414 3162 ingratis;
1471 3093 1714 3161 pereant
1734 3107 1865 3146 cum
1897 3108 1985 3146 su-

382 3181 594 3253 perbis.
627 3179 757 3236 Sint
791 3179 1083 3234 maledicti
1116 3195 1247 3233 cum
1275 3179 1484 3234 Judeis
1530 3178 1628 3250 qui
1668 3179 1984 3235 Dominum

382 3268 442 3324 in
460 3285 630 3323 carne
656 3268 912 3323 videntes
934 3285 1048 3321 non
1089 3267 1476 3333 crediderunt,
1508 3269 1608 3322 sed
1634 3268 1816 3339 magis
1848 3285 1982 3323 eum

383 3357 715 3429 cruciﬁgere
742 3359 1134 3412 tentaverunt.
1157 3356 1438 3411 Maledicti
1465 3357 1579 3410 sint
1601 3373 1730 3411 cum
1755 3356 1981 3411 haereti-

383 3445 463 3499 cis
495 3445 592 3518 qui
623 3444 934 3500 Ecclesiam
960 3443 1059 3499 Dei
1080 3445 1383 3516 cupierunt
1426 3444 1778 3500 subvertere.
1821 3445 1984 3498 Male-

383 3533 516 3588 dicti
548 3534 662 3588 sint
678 3550 809 3588 cum
834 3533 943 3588 illis
959 3533 1052 3605 qui
1071 3549 1287 3588 nomen
1303 3532 1533 3586 Domini
1558 3533 1978 3604 blasphemant.

383 3621 510 3676 Sint
533 3623 818 3677 maledicti
853 3639 984 3676 cum
1006 3622 1118 3676 illis
1148 3621 1245 3694 qui
1273 3637 1331 3675 se
1354 3621 1424 3675 de
1463 3621 1559 3675 Dei
1590 3620 1982 3675 misericordia

385 3709 711 3782 desperant.
728 3711 855 3766 Sint
876 3710 1162 3765 maledicti
1188 3725 1317 3763 cum
1335 3708 1443 3763 illis
1461 3709 1556 3780 qui
1581 3707 1836 3762 damnati
1851 3711 1982 3762 sunt

381 3797 440 3852 in
466 3796 715 3853 inferno.
747 3797 1028 3853 Maledicti
1057 3798 1171 3852 sint
1197 3813 1329 3851 cum
1361 3797 1552 3867 impiis
1579 3799 1638 3850 et
1674 3794 1981 3868 peccatori-

380 3884 507 3951 bus,
533 3884 577 3939 si
604 3901 721 3940 non
751 3885 1185 3940 emendaverint
1222 3888 1279 3940 et
1304 3884 1616 3954 culpabiles
1632 3899 1691 3938 se
1713 3883 1980 3937 adversus

381 3972 752 4046 S.Egidium
803 3990 921 4028 non
963 3973 1339 4029 reddiderint.
1382 3971 1658 4027 Maledicti
1713 3971 1826 4026 sint
1878 3989 1981 4044 per

379 4065 628 4136 quatuor
656 4064 848 4133 partes
863 4061 1064 4117 mundi
1093 4079 1107 4128 ;
1147 4061 1205 4115 in
1222 4061 1456 4116 Oriente
1498 4061 1613 4114 sint
1641 4061 1930 4116 maledicti
1962 4080 1976 4129 ;

381 4151 439 4206 in
464 4151 772 4220 Occidente
795 4149 1133 4214 destituti,in
1156 4148 1549 4218 septentrione
1565 4148 1978 4205 sintinterdicti

383 4242 442 4293 et
483 4239 542 4292 in
602 4237 844 4292 meridie
898 4237 1453 4292 excommunicando
1501 4237 1671 4292 exuti.
1703 4238 1978 4295 Maledicti

381 4325 496 4382 sint
521 4326 577 4380 in
607 4324 721 4391 die,
749 4324 866 4380 sint
895 4324 1376 4380 excommunicati
1423 4327 1482 4379 et
1513 4325 1571 4378 in
1609 4328 1799 4391 nocte,
1827 4326 1982 4381 intra

384 4415 626 4470 domum
657 4429 820 4468 suam
847 4413 962 4468 sint
988 4413 1299 4480 maledicti,
1323 4415 1381 4467 et
1405 4416 1566 4467 extra
1595 4413 1836 4489 domum
1865 4413 1981 4468 sint

2155 2033 2447 2103 Scriptum
2493 2052 2596 2105 per
2627 2054 2867 2092 manum
2905 2026 3140 2092 Joannis
3191 2037 3442 2106 diaconi,
3479 2041 3701 2094 sanctae

2082 2122 2358 2176 Romanae
2394 2123 2651 2177 Ecclesiae
2679 2125 2976 2179 scriniarii.

2767 2215 2992 2270 XXXIII.

2084 2298 2395 2356 Benedictus
2453 2300 2618 2363 VIII,
2647 2308 2856 2371 petente
2894 2301 3121 2372 Rogerio
3167 2305 3356 2358 comite
3406 2301 3698 2358 σαν-σακο-

2155 2373 2304 2446 nensi
2340 2377 2388 2446 et
2421 2387 2644 2446 cgiyuge
2663 2373 2777 2446 ejus
2809 2373 3132 2441 Adal/uzide,
3156 2390 3235 2428 res
3263 2381 3312 2428 et
3329 2377 3461 2446 jura
3495 2391 3691 2429 mona-

2153 2443 2303 2494 sterii
2331 2441 2392 2495 S.
2415 2441 2622 2495 Hilarii
2638 2441 2939 2510 cenﬁrmat.

2600 2532 2783 2599 (Anno
2815 2534 3162 2598 10124024).

2087 2617 2293 2688 [Βεεδε,
2327 2617 2592 2691 ῌὶεινάθε
2621 2627 2814 2674 comtes
2838 2621 2902 2675 de
2924 2619 3304 2686 Carcassonne,
3337 2637 3391 2691 p.
3415 2625 3473 2678 8t
3493 2663 3508 2690 ,
3540 2624 3689 2676 teste

2355 2689 2691 2757 BREQUIGNY,
2721 2691 2874 2745 Tabl.
2903 2692 3138 2746 chronol.
3185 2693 3228 2759 Ι,
3278 2689 3423 2766 530.]

2777 2780 3000 2835 XXXIV.

2083 2861 2403 2918 Benedictus
2443 2865 2596 2922 VIII
2625 2869 2941 3008 monastfirii
3103 2866 3300 2924 Saaim'
3343 2871 3696 2939 possessiones

2737 2953 2832 2992 con
2880 2956 3000 2992 rma
3032 2981 3045 2993 .

2737 2953 3045 2993 conﬁrmat.

2601 3023 2787 3089 (Anno
2821 3024 3160 3089 1012-1024).

2403 3092 2692 3159 (Uarium,
2715 3094 2889 3150 Italia
2915 3112 3084 3164 sacra,
3129 3097 3195 3160 II,
3230 3099 3372 3170 207].

2155 3179 2215 3232 In
2238 3178 2474 3235 nomine
2505 3185 2715 3236 sanctae
2746 3185 2803 3236 et
2834 3181 3140 3252 individua:
3168 3182 3465 3238 Trinitatis
3518 3184 3692 3240 BENE-

2085 3283 2264 3321 mcrus
2290 3269 2495 3338 praesul
2525 3269 2851 3339 apostolica
2894 3270 3044 3326 sedis
3086 3271 3358 3326 omnibus
3393 3271 3691 3328 universa-

2084 3354 2214 3409 Iiter
2242 3355 2448 3409 Christi
2487 3355 2719 3411 famulis
2749 3359 3124 3428 praisentibus
3152 3363 3208 3412 et
3234 3359 3461 3415 futuris.

2152 3443 2491 3514 Apostolicae
2522 3445 2670 3500 sedis
2702 3446 3002 3500 munimen
3057 3447 3507 3518 supplicantibus
3533 3466 3688 3520 prm-

2081 3533 2232 3585 stare
2265 3546 2370 3585 nec
2397 3531 2564 3587 nobis
2596 3549 2788 3604 grave,
2819 3550 2922 3588 nec
2964 3534 3061 3589 ulli
3094 3535 3334 3590 omnino
3365 3535 3547 3590 videri
3583 3536 3692 3592 de-

2083 3617 2180 3672 bet
2201 3618 2420 3686 inutile,
2452 3636 2583 3674 cum
2616 3638 2721 3675 nec
2753 3622 2940 3688 nobis,
2981 3615 3138 3693 quod
3169 3623 3269 3678 Dei
3299 3627 3385 3678 est
3436 3623 3690 3692 donum,

2083 3706 2350 3774 vendere,
2384 3724 2489 3763 nec
2513 3707 2609 3763 ulli
2638 3709 2724 3764 fas
2766 3709 2940 3764 debet
2978 3726 3100 3764 esse
3149 3715 3546 3767 contemnere.
3581 3711 3696 3766 No-

2080 3794 2225 3848 verit
2252 3794 2430 3867 igitur
2461 3796 2650 3852 omnis
2697 3813 2813 3852 una
2858 3798 3060 3852 matris
3104 3798 3365 3854 Ecclesia:
3395 3803 3576 3856 castus
3606 3800 3696 3856 in-

2082 3885 2235 3961 stans
2260 3885 2345 3937 vel
2379 3883 2624 3950 futurus,
2660 3885 2935 3957 quoniam
2987 3887 3303 3943 secundum
3347 3904 3544 3961 preces
3592 3905 3695 3945 no-

2077 3956 2166 4027 1)is
2192 3973 2413 4026 oblatas
2433 3989 2467 4026 a
2495 3956 2760 4027 fratreiet
2785 3974 3126 4046 coepiscopo
3158 3956 3365 4032 nostro
3409 3976 3477 4031 D.
3527 3975 3693 4048 Sige-

2080 4059 2242 4116 fredo
2268 4061 2510 4132 praesule
2560 4061 2908 4116 Placentinus
2949 4062 3118 4130 sedis,
3160 4067 3218 4118 et
3277 4081 3313 4118 a
3368 4063 3694 4121 venerabili

2080 4147 2394 4220 Wimperto
2425 4148 2633 4204 abbate
2663 4150 3003 4205 monasterii
3028 4151 3086 4207 S.
3121 4150 3338 4218 Savini,
3369 4152 3524 4224 quod
3548 4167 3694 4208 nam

2079 4255 2114 4292 a
2140 4236 2412 4310 pontifice
2434 4239 2492 4292 in
2528 4237 2614 4293 sui
2637 4237 3003 4310 episcopatus
3048 4239 3404 4312 subjectione
3429 4244 3695 4297 constru-

2080 4328 2236 4380 ctum
2259 4323 2502 4392 videtur,
2534 4325 2756 4392 damus,
2813 4327 3201 4395 concedimus,
3239 4328 3348 4384 hoc
3403 4344 3515 4400 que
3566 4345 3686 4386 me-

2081 4413 2276 4468 diante
2299 4413 2527 4470 decreto
2560 4414 2851 4470 sancimus
2879 4415 3002 4469 sine
3034 4416 3150 4470 ulla
3178 4415 3576 4472 diminutione
3603 4417 3690 4472 in~

382 4501 886 4558 excommunicati.
923 4502 1066 4558 Cum
1109 4501 1374 4558 steterint
1419 4502 1536 4557 sint
1581 4501 1890 4567 maledicti,
1925 4501 2424 4568 etDviolabiliter
2443 4502 2654 4557 servari
2704 4503 2946 4575 praefato
3003 4503 3357 4560 monasterio
3408 4504 3694 4578 quidquid

382 4608 514 4648 cum
533 4591 790 4647 sederint
843 4590 962 4647 sint
996 4590 1501 4648 “communicati.
1536 4591 1664 4645 Sint
1689 4591 1980 4647 maledicti
2080 4589 2365 4662 imperiali
2395 4591 2482 4646 vel
2505 4589 2684 4661 regali
2717 4594 3028 4664 praecepto,
3075 4608 3302 4648 necnon
3358 4596 3418 4647 et
3475 4592 3691 4666 episco-

380 4697 513 4737 cum
547 4680 1046 4748 manducaverint,
1078 4680 1193 4735 sint
1221 4680 1512 4736 maledicti
1536 4696 1665 4735 cum
1685 4679 1977 4747 biberint;
2080 4679 2194 4751 pali
2225 4679 2478 4744 decreto,
2528 4679 2904 4752 fideliumque
2949 4680 3242 4736 oblatione
3275 4680 3464 4736 eidem
3499 4690 3691 4738 ccenol

382 4769 674 4827 maledicti
703 4768 838 4835 sint,
870 4784 1002 4824 cum
1034 4767 1348 4834 dormiant,
1399 4771 1456 4822 et
1499 4768 1978 4834 excommunicati
2080 4766 2175 4822 bio
2197 4767 2394 4820 datum
2424 4782 2870 4838 concessumque
2894 4768 3136 4835 videtur,
3177 4785 3276 4823 seu
3303 4769 3692 4842 quodcunque

380 4875 514 4913 cum
539 4855 1080 4928 vigilant.Matedicti
1105 4855 1218 4910 sint
1237 4871 1366 4911 cum
1391 4856 1609 4927 aliquid
1641 4847 1977 4927 Operantur,
2074 4855 2226 4925 juste
2249 4859 2304 4908 et
2326 4855 2590 4926 legaliter
2610 4872 2788 4926 usque
2809 4856 2866 4909 in
2889 4871 3142 4926 praesens
3155 4856 3228 4910 ad
3247 4865 3476 4927 partem
3507 4874 3694 4930 saepe-

381 4951 440 5002 et
468 4944 952 5002 excommunicati
976 4961 1107 5000 cum
1140 4944 1435 5014 paululum
1451 4943 1834 5015 requiescunt.
1867 4945 1978 4998 Ma-
2081 4942 2183 4996 fati
2203 4941 2537 4996 monasterii
2559 4944 2900 5015 acquisitum
2924 4947 3028 5009 est,
3061 4944 3217 4999 velin
3240 4944 3436 4999 futuro
3463 4945 3691 5001 dederit

378 5033 569 5094 ledicti
582 5033 697 5088 sint
717 5050 893 5089 verno
909 5031 1748 5103 tempore,etexcommunicati
1761 5035 1979 5096 instate;

378 5121 670 5177 maledicti
693 5121 878 5176 sintin
891 5126 1192 5187 autumno,
1212 5124 1270 5174 et
1293 5119 1773 5174 excommunicati
1794 5119 1850 5173 in
1865 5120 1983 5175 hie-

378 5227 494 5266 me.
513 5209 794 5265 Maledicti
813 5208 927 5263 sint
948 5208 1005 5262 in
1023 5207 1294 5279 praesenti
1319 5211 1608 5279 tempore,
1633 5209 1690 5261 et
1706 5207 1764 5259 in
1787 5207 1980 5262 futuro

379 5299 585 5354 saeculo
628 5297 744 5353 sint
800 5296 1305 5352 excommunicati.
1359 5295 1747 5351 Possessiones
1777 5310 1981 5350 eorum

377 5385 666 5458 accipiant
682 5385 928 5454 alteri,et
943 5384 1215 5440 mulieres
1235 5401 1435 5440 eorum
1459 5386 1596 5438 eant
1622 5383 1683 5437 in
1699 5382 1983 5455 perditio-

379 5489 542 5536 nem,
571 5477 629 5527 et
658 5473 906 5529 infantes
935 5490 1138 5529 eorum
1180 5473 1370 5545 gladio
1426 5473 1654 5528 cadant.
1700 5471 1984 5527 Maledicti

378 5559 493 5613 sint
514 5559 622 5613 cibi
639 5559 866 5616 illorum
889 5579 903 5630 ;
941 5564 999 5616 et
1023 5561 1131 5616 hoc
1153 5561 1308 5633 quod
1325 5579 1390 5615 ex
1426 5561 1507 5616 eis
1543 5561 1888 5616 remanserit
1912 5561 1984 5616 sit

379 5645 776 5711 maledictum,
807 5653 864 5702 et
893 5649 990 5720 qui
1019 5648 1100 5702 eis
1133 5649 1490 5718 gustaverint
1517 5649 1630 5703 sint
1668 5649 1979 5704 maledicti.

380 5727 658 5784 Sacerdos
679 5732 871 5805 itaque
893 5735 989 5807 qui
1004 5734 1083 5788 eis
1095 5751 1301 5806 corpus
1315 5740 1372 5791 et
1383 5736 1727 5806 sanguinem
1751 5737 1986 5794 Domini

381 5810 706 5878 tradiderit,
734 5821 791 5872 et
819 5836 914 5874 eos
943 5822 1002 5875 in
1035 5821 1374 5879 inﬁrmitate
1400 5825 1614 5895 positas
1652 5825 1985 5896 visitaverit,

2083 5031 2551 5085 Dominus.Nulla
2570 5047 2707 5102 ergo
2731 5032 3118 5104 cujuscunque
3133 5031 3692 5107 dominationisper-

2082 5135 2244 5184 sona,
2272 5119 2482 5173 timore
2497 5119 2594 5173 Dei
2609 5122 2666 5172 et
2679 5123 3010 5176 sanctorum
3027 5121 3425 5192 apostolorum
3447 5137 3691 5178 venera~

2083 5207 2239 5260 tione
2268 5205 2583 5273 refrenata,
2627 5206 2896 5261 videlicet
2925 5207 3313 5277 imperatoris,
3361 5209 3535 5280 regis,
3571 5209 3692 5279 epi-

2082 5293 2259 5366 scopi,
2312 5293 2684 5360 marchionis,
2735 5294 2962 5350 comitis
3005 5297 3093 5350 vel
3124 5295 3425 5367 cujuslibet
3458 5298 3691 5352 alterius

2082 5382 2317 5438 licentia
2328 5383 2582 5454 potiatur
2605 5381 2887 5455 quidquid
2908 5383 3049 5438 illud
3068 5383 3243 5439 fuerit
3262 5383 3693 5451 auferendi,mi-

2084 5472 2324 5539 nuendi,
2340 5489 2438 5526 seu
2461 5471 2518 5526 in
2538 5471 3186 5544 aliudjusrefuudendi.
3209 5472 3397 5529 Simili
3410 5479 3691 5545 praeterea

2086 5560 2262 5615 modo
2279 5564 2336 5614 et
2350 5560 2500 5614 aliud
2523 5560 3150 5628 decernimus,Patrum
3168 5564 3383 5616 statuta
3403 5567 3689 5618 servantes

2089 5666 2160 5704 ne
2183 5648 2398 5720 aliquid
2411 5647 2741 5702 Simoniaca
2759 5649 2993 5703 haeresis
3021 5648 3126 5702 sibi
3158 5648 3416 5704 vindicet
3440 5665 3689 5705 commo-

2087 5739 2251 5805 dum,
2285 5740 2548 5808 tempore
2578 5752 2692 5809 quo
2732 5735 2954 5792 vocatio
3009 5736 3202 5792 divina
3244 5735 3399 5792 vices
3423 5737 3685 5794 indixerit

2087 5825 2555 5882 renovandorum
2570 5823 2629 5881 in
2651 5825 2923 5881 eamdem
2949 5825 3207 5881 Ecclesiae
3222 5824 3678 5898 pastorum.Sed,
