3888 6218
198 371 221 432 ι
230 372 337 432 83'!

1013 372 1206 433 0RDO
1240 375 1479 435 ΗΕΒοΜ
1506 372 1672 443 ΟΠΕ
1707 374 1783 435 ΙΝ
1812 366 1952 435 HOC
1978 369 2167 436 TOMO
2198 380 2696 440 CONTINENTUB.

3378 384 3516 450 M38

190 497 341 556 sima
371 503 436 555 ut
465 499 538 555 de
566 502 822 556 meamet
842 517 1075 556 camera
1106 500 1254 557 illius
1274 500 1520 558 debetur
1544 519 1811 558 remune-
1836 510 1892 567 Α
1911 520 2106 559 servus
2136 521 2431 562 servorum
2450 506 2571 575 Dei,
2590 524 2710 563 una
2730 524 2859 563 cum
2882 507 3152 580 praedicto
3169 508 3518 585 imperatore

190 603 326 644 rare
352 588 609 644 medelas
662 610 690 638 »
723 590 791 643 Et
806 590 926 645 haec
949 590 1289 645 dicenscum
1308 590 1578 662 lacrymis
1602 592 1812 664 gaudio

190 675 380 732 mistis
408 678 604 733 retulit
623 678 896 734 omnibus
917 695 1045 751 quae
1083 679 1316 733 vidisset
1337 682 1508 751 atque
1531 680 1809 746 audisset;

189 763 499 836 adjiciens:
548 788 578 818 α
609 767 769 821 Nunc
823 766 996 837 plane
1026 782 1130 837 pro
1181 770 1338 822 certo
1391 768 1630 839 cognovi
1665 784 1814 840 quo-

192 851 356 907 niam
384 870 516 908 vere
539 855 695 909 locus
716 853 822 908 iste
843 858 1070 909 sanctus
1102 858 1207 922 est,
1238 855 1449 909 etnulli
1472 856 1809 911 mortalium

192 942 280 994 est
309 941 548 996 ulterius
571 941 989 1013 ambigendum
1013 943 1290 1014 quoniam
1311 942 1403 997 hic
1423 943 1813 998 sanctissimus

188 1027 532 1084 Benedictus
561 1030 731 1084 Pater
785 1029 996 1101 pariter
1054 1046 1185 1084 cum
1234 1034 1430 1086 sancta
1484 1047 1682 1085 sorore
1711 1049 1812 1086 sua

190 1116 447 1186 quiescat
500 1138 528 1166 ››
560 1119 632 1171 At
678 1116 856 1172 ﬁdem
902 1117 1210 1172 verborum
1240 1121 1357 1172 tres
1406 1118 1531 1172 illos
1559 1117 1810 1188 lapillos,

190 1219 336 1275 quos
365 1205 471 1259 sub
495 1208 700 1259 tenore
729 1204 963 1259 visionis
1000 1208 1136 1259 ante
1175 1206 1471 1277 paululum
1494 1209 1809 1275 egesserat,

190 1293 387 1363 palam
421 1292 689 1348 omnibus
719 1292 1079 1352 ostendebat.
1110 1295 1436 1364 Imperator
1468 1297 1662 1349 autem
1696 1310 1818 1348 sur-

190 1396 335 1451 gens
364 1383 422 1435 et
453 1381 526 1436 ad
555 1396 762 1451 corpus
791 1382 943 1435 beati
976 1382 1267 1437 Benedicti
1322 1383 1683 1454 perveniens,
1717 1382 1815 1437 ob-

188 1468 321 1522 tulit
350 1469 521 1523 beato
547 1469 855 1523 Benedicto
886 1486 1131 1525 munera
1157 1472 1278 1525 hinc
1302 1487 1314 1524 :
1353 1472 1593 1524 Textuin
1627 1471 1810 1525 Evan-

190 1555 325 1625 gelii
358 1555 430 1610 de
454 1556 594 1611 foris
615 1556 850 1628 quidem
874 1574 941 1611 ex
960 1574 1074 1612 uno
1099 1558 1277 1613 latere
1298 1558 1643 1629 adopertum
1666 1573 1806 1612 auro

189 1642 498 1713 purissimo
524 1660 589 1698 ac
618 1644 865 1715 gemmis
903 1645 1064 1700 valde
1088 1646 1373 1716 pretiosis,
1396 1647 1468 1700 ab
1493 1646 1645 1699 intus
1670 1662 1803 1700 vero

187 1732 511 1786 uncialibus
541 1732 742 1787 litteris
774 1737 947 1805 atque
1000 1735 1199 1804 figuris
1240 1736 1426 1789 aureis
1444 1735 1680 1789 mirifice
1712 1736 1807 1789 de-

188 1822 470 1875 coratum.
490 1819 734 1875 Calicem
759 1837 999 1875 aureum
1046 1839 1173 1876 cum
1190 1830 1401 1893 patena
1421 1840 1523 1877 sua
1556 1824 1804 1894 gemmis
1823 1818 1873 1877 B

188 1910 246 1961 et
272 1908 603 1978 margaritis
633 1924 697 1961 ac
744 1910 963 1963 smaltis
1012 1910 1248 1979 optimis
1301 1911 1627 1965 laboratum
1671 1928 1802 1965 cum

190 1996 491 2067 mappula,
522 2012 652 2049 cum
680 1997 887 2067 quibus
946 1997 1205 2063 otiertur,
1241 1998 1518 2052 oloserica
1548 2014 1687 2053 auro
1713 1998 1805 2053 in-

187 2085 343 2138 texta
368 2083 441 2138 de
470 2085 645 2155 pallio
675 2085 965 2156 diopistim
1014 2086 1357 2140 adornatam
1397 2085 1629 2157 Optimis
1661 2087 1805 2141 listis

192 2171 403 2240 aureis,
436 2177 495 2228 et
523 2172 779 2228 orarium
807 2178 865 2228 et
907 2175 1182 2246 mappula
1212 2178 1382 2245 atque
1413 2175 1708 2245 cingulum
1746 2179 1805 2230 et

192 2260 430 2323 stolam,
472 2261 697 2333 singula
725 2262 941 2317 intexta
975 2279 1115 2317 auro
1156 2262 1441 2330 similiter,
1473 2267 1529 2316 et
1558 2264 1802 2334 pluviale

192 2346 489 2421 diasprum
517 2366 648 2405 cum
676 2349 825 2404 lixtis
841 2367 979 2404 auro
1000 2350 1183 2418 textis,
1207 2367 1311 2405 nec
1332 2366 1447 2405 non
1472 2354 1527 2404 et
1546 2351 1803 2406 tunicam

191 2436 454 2507 ejusdem
481 2438 881 2508 subtegminis,
910 2439 1098 2492 aureis
1123 2438 1391 2509 operibus
1443 2443 1799 2493 exornatam.

197 2523 448 2580 Situlam
476 2541 703 2597 quoque
734 2530 792 2579 et
838 2541 1084 2597 cuppam
1138 2529 1497 2595 argenteam,
1529 2543 1657 2581 cum
1692 2544 1806 2597 qua

189 2612 401 2668 fratres
420 2612 891 2667 infestivitatibus
919 2613 1189 2669 biberint.
1226 2615 1523 2669 Planetam
1551 2613 1803 2668 diarodi-

188 2717 327 2755 nam
358 2700 550 2755 aureis
570 2699 719 2754 lixtis
733 2704 997 2755 ornatam
1018 2718 1131 2755 una
1143 2717 1274 2755 cum
1297 2702 1447 2769 alba,
1482 2702 1801 2772 etcingulo,

191 2789 336 2844 stola
358 2791 535 2860 atque
566 2788 886 2860 manipulo.
928 2789 1242 2860 Recollegit
1291 2792 1483 2843 autem
1541 2806 1573 2843 a
1596 2789 1804 2843 Iudaeis

188 2876 285 2949 qui
316 2876 652 2931 retinebant
680 2877 738 2930 in
792 2875 1034 2947 pignore
1095 2893 1199 2947 pro
1258 2877 1588 2948 quingentis
1617 2878 1805 2931 aureis

189 2981 367 3020 unam
398 2968 615 3020 vestem
644 2965 716 3020 de
746 2965 949 3021 altario
976 2964 1157 3019 sancti
1188 2965 1499 3032 Benedicti,
1527 2983 1654 3037 quae
1694 2966 1805 3020 fuit

1913 618 2119 657 omnes
2146 601 2242 674 qui
2276 602 2598 658 Christiano
2625 605 2898 660 vocabulo
2924 610 3518 677 censentur,obsecra-

1910 707 2039 747 mus
2069 706 2172 762 per
2197 691 2508 746 Dominum
2564 693 2795 747 Patrem
2834 695 3298 766 omnipotentem
3328 702 3386 753 et
3413 716 3520 773 per

1907 780 2099 834 Jesum
2148 779 2433 835 Christum
2480 780 2683 835 Filium
2738 783 2860 852 ejus
2920 784 3154 840 unicum
3205 786 3517 843 Dominum

1910 872 2190 935 nostrum,
2223 868 2318 941 qui
2344 885 2448 940 pro
2479 869 2658 923 salute
2690 869 2859 925 totius
2901 873 3109 927 mundi
3159 874 3336 942 nasci,
3368 875 3519 930 mori

1910 960 1968 1011 et
2004 972 2306 1027 resurgere
2335 957 2531 1022 voluit,
2558 960 2616 1012 et
2646 974 2749 1029 per
2795 959 3078 1031 Spiritum
3118 966 3402 1031 sanctum,
3451 981 3519 1020 ex

1910 1047 2152 1115 utroque
2179 1043 2609 1113 procedentem,
2638 1049 2695 1099 et
2722 1062 2826 1116 per
2854 1047 3250 1104 beatissimum
3280 1052 3514 1108 Petrum

1911 1134 2302 1204 apostolorum
2346 1133 2689 1204 principem,
2740 1137 2837 1206 qui
2861 1136 3035 1192 habet
3070 1141 3415 1210 potestatem
3445 1142 3515 1197 li-

1912 1219 2089 1292 gandi
2108 1222 2279 1292 atque
2300 1220 2574 1287 solvendi,
2596 1225 2659 1276 ut
2680 1223 2865 1277 nullus
2898 1241 3152 1296 unquam
3181 1228 3513 1284 thesaurum

1911 1310 1970 1362 et
1994 1308 2191 1363 omnia
2229 1324 2355 1379 quae
2399 1308 2687 1377 predictus
2733 1309 3049 1380 imperator
3096 1329 3201 1385 pro
3248 1316 3511 1372 remedio

1910 1396 2119 1450 animae
2136 1413 2251 1450 suae
2264 1396 2323 1449 in
2337 1396 2671 1469 przedictam
2688 1399 2984 1454 ecclesiam
2996 1404 3167 1455 antea
3184 1403 3509 1474 contulerit,

1908 1484 2166 1556 quolibet
2189 1484 2363 1539 modo
2394 1485 2480 1539 vel
2512 1484 2748 1556 ingenio
2764 1486 3124 1557 aliquatenus
3148 1490 3347 1545 tollere
3368 1507 3511 1563 prae-

1904 1575 2112 1626 sumat.
2147 1572 2205 1627 Si
2236 1572 2363 1644 quis
2405 1575 2623 1635 autem,
2670 1574 2821 1645 quod
2874 1591 2991 1629 non
3042 1578 3324 1647 Optamus,
3362 1580 3512 1634 hanc

1904 1663 2160 1715 nostram
2218 1660 2690 1715 obstestationem
2758 1662 2843 1715 vel
2898 1662 3353 1719 obsecrationem
3405 1682 3509 1737 pro

1902 1747 2082 1803 nihilo
2110 1748 2353 1814 duxerit,
2376 1752 2435 1802 et
2455 1747 2675 1819 aliquid
2697 1748 2768 1803 de
2784 1765 2851 1802 ea
2876 1766 3005 1820 qua:
3028 1751 3285 1822 superius
3299 1752 3512 1824 scripta

1901 1840 2053 1902 sunt,
2082 1836 2152 1890 de
2182 1836 2455 1907 praadicta
2484 1835 2722 1890 ecclesia
2752 1836 3011 1907 quolibet
3040 1839 3217 1895 modo
3236 1841 3293 1891 et
3324 1843 3511 1895 teme-

1902 1923 2054 1978 rario
2076 1940 2214 1977 ausu
2233 1924 2433 1977 tollere
2455 1923 2902 1994 praesumpserit,
2936 1924 3077 1979 sciat
3094 1941 3154 1979 se
3172 1927 3508 1982 anathema-

1900 2012 1973 2066 tis
2000 2012 2236 2067 vinculis
2262 2012 2628 2079 innodatum,
2656 2010 2715 2066 et
2737 2029 2771 2066 a
2799 2029 2983 2084 regno
3014 2003 3115 2067 Dei
3140 2014 3426 2093 alienum;
3451 2018 3510 2070 et

1901 2116 2031 2154 cum
2062 2100 2290 2155 diabolo
2316 2104 2373 2155 et
2393 2102 2514 2171 ejus
2534 2100 2902 2155 atrocissimis
2922 2102 3171 2172 pompis,
3192 2106 3506 2175 atquecum

1900 2188 2045 2242 Juda
2075 2188 2348 2243 traditore
2382 2188 2613 2249 Domini
2646 2188 2824 2243 nostri
2845 2189 2976 2243 Jesu
3024 2190 3249 2257 Christi,
3277 2191 3509 2247 internis

1903 2276 2183 2331 incendiis
2209 2279 2266 2330 et
2295 2276 2586 2348 suppliciis
2612 2277 3068 2332 concremandus
3092 2277 3165 2331 sit
3180 2278 3504 2350 deputatus.

1902 2365 1973 2417 At
2001 2380 2132 2418 vero
2164 2363 2261 2435 qui
2293 2364 2388 2435 pio
2449 2363 2660 2418 intuitu
2708 2365 3038 2419 observator
3067 2369 3124 2419 et
3148 2366 3207 2420 in
3237 2367 3509 2422 omnibus

1905 2451 2184 2505 exstiterit
2204 2451 2529 2506 custodiens
2559 2453 2728 2523 hujus
2754 2452 2933 2507 nostri
2965 2454 3263 2524 apostolici
3292 2455 3509 2509 consti-

1903 2539 2031 2605 tuti,
2064 2542 2121 2592 et
2149 2540 2222 2593 ad
2250 2540 2462 2593 cultum
2499 2540 2598 2593 Dei
2628 2539 3064 2611 respicientibus
3083 2542 3219 2611 (sic),
3242 2542 3509 2598 benedic-

1902 2626 2076 2680 tionis
2111 2626 2357 2697 gratiam
2392 2643 2426 2680 a
2456 2627 2992 2683 misericordissimo
3028 2630 3274 2685 Domino
3310 2633 3506 2685 nostro

1900 2731 2004 2786 per
2046 2714 2520 2769 intercessionem
2557 2715 2713 2770 beati
2765 2716 3057 2770 Benedicti
3113 2717 3509 2789 multipliciter

1899 2806 2306 2875 consequatur,
2338 2806 2396 2858 et
2420 2803 2545 2858 vitm
2575 2806 2808 2858 aeterna:
2828 2805 3115 2878 particeps
3144 2822 3265 2861 esse
3289 2821 3509 2861 merea-

1898 2892 2011 2943 tur.
2047 2892 2255 2945 Amen.

1966 2979 2284 3033 lnterfuere
2316 2979 2449 3033 huic
2476 2978 2560 3034 rei
2588 2980 2786 3052 Puppo
2819 2980 3143 3051 patriarcha
3169 2982 3513 3055 Aquilegen-

191 3050 377 3108 Caroli
404 3051 578 3123 regis,
597 3068 700 3107 nec
719 3068 837 3106 non
855 3053 913 3106 et
933 3051 1169 3106 calicem
1194 3055 1538 3122 argenteum
1561 3051 1795 3108 Saxoni-

1920 3064 1992 3132 .is,
2019 3066 2321 3137 Belgrinus
2352 3050 2832 3139 archiepiscopus,
2851 3069 3206 3125 Coloniensis
3223 3050 3353 3126 cum
3381 3087 3512 3126 om-

191 3153 322 3194 cum
342 3140 631 3211 majorem
675 3156 807 3195 cum
821 3143 1035 3212 patena
1081 3156 1204 3207 sua,
1224 3156 1397 3211 quem
1417 3141 1804 3195 Theodericus

190 3225 487 3283 Saxonum
512 3244 609 3283 rex
652 3229 822 3283 beato
864 3227 1171 3283 Benedicto
1214 3227 1352 3282 olim
1384 3229 1800 3284 transmiserat.

190 3314 396 3371 Nostra
431 3331 569 3371 vero
593 3315 841 3389 parvitas
868 3315 1256 3387 imperatoriae
1288 3317 1453 3370 saluti
1488 3320 1797 3388 congratu-

188 3402 336 3472 lans,
367 3403 665 3477 posuimus
694 3420 870 3476 super
898 3405 1077 3458 altare
1106 3403 1261 3459 beati
1290 3404 1579 3459 Benedicti
1599 3406 1801 3477 plane-

189 3492 310 3546 tam
342 3491 627 3564 optimam
658 3491 848 3546 veneti
880 3491 1086 3546 coloris
1128 3491 1278 3546 lixtis
1300 3491 1677 3548 nihilominus
1707 3512 1804 3549 au-

190 3578 304 3633 reis
332 3579 608 3634 decenter
645 3582 933 3647 ornatam,
982 3582 1040 3633 et
1082 3579 1290 3634 stolam
1346 3579 1627 3650 optimam
1660 3597 1799 3637 auro

188 3666 418 3723 bustam
450 3682 580 3721 cum
610 3666 908 3739 manipulo
938 3683 1062 3721 suo.
1112 3666 1389 3721 Similiter
1415 3670 1471 3720 et
1504 3668 1802 3739 Belgrinus

189 3754 653 3826 archiepiscopus
681 3756 888 3810 obtulit
929 3756 1223 3826 planetam
1256 3770 1606 3827 purpuream
1652 3758 1799 3828 opti-

191 3858 352 3897 mam
375 3842 564 3898 aureis
581 3842 730 3896 lixtis
759 3843 1048 3898 mensium
1072 3842 1378 3898 duodecim
1395 3843 1562 3915 signa
1580 3844 1798 3900 haben-

190 3930 364 4000 tibus,
403 3932 463 3986 in
495 3931 732 3986 circuitu
776 3930 1142 4000 adornatam,
1186 3932 1395 3987 stolam
1447 3948 1579 3987 cum
1625 3949 1799 3988 aureo

190 4018 423 4089 pluviali
460 4035 659 4073 unum.
696 4019 833 4083 Qua;
861 4020 1059 4073 omnia
1084 4019 1380 4090 posuimus
1409 4036 1578 4091 super
1621 4020 1800 4076 altare

192 4108 377 4162 sancti
396 4108 688 4164 Benedicti
717 4107 776 4160 in
794 4109 1139 4178 perpetuum
1170 4107 1248 4161 ibi
1277 4108 1567 4163 habenda.

262 4193 625 4268 Quapropter
654 4210 763 4267 ego
793 4194 892 4266 qui
922 4210 1094 4265 supra
1119 4194 1457 4251 Benedictus
1481 4196 1797 4270 episcopus,

1903 3152 2072 3207 nibus
2118 3154 2240 3208 fere
2285 3153 2567 3225 episcopis
2605 3159 2662 3209 et
2708 3156 3013 3212 abbatibus
3039 3158 3216 3213 totius
3240 3159 3431 3215 Galliae
3451 3161 3511 3215 et

1902 3240 2099 3303 ltaliaa,

2651 3382 2757 3439 XL.

1898 3505 2216 3563 Benedictus
2267 3504 2422 3563 VIII
2465 3507 2783 3564 monasterii
2829 3506 2895 3564 S.
2959 3507 3112 3563 Petri
3162 3509 3507 3569 Luxooiemis

1959 3596 2253 3668 privilegia
2285 3618 2313 3646 ‹‹
2341 3613 2374 3649 a
2404 3594 2618 3651 Joanne
2636 3612 2790 3668 papa
2827 3597 2923 3653 IV
2948 3597 3216 3669 quondam
3244 3615 3506 3672 concessa,

1972 3685 2183 3741 totidem
2260 3685 2449 3753 verbis,
2520 3686 2816 3739 interventu
2868 3685 3123 3743 Heinrici
3173 3690 3510 3762 imperatoris

1969 3778 2206 3831 renovat.
2250 3795 2278 3823 »

2415 3895 2608 3968 (Anno
2644 3900 2735 3953 lOi
2750 3899 2993 3968 2-1024.)

2046 4039 2317 4110 [MARILL.,
2340 4036 2547 4110 Annal.
2570 4037 2743 4092 ordin.
2765 4036 2830 4094 S.
2863 4038 3081 4108 Bened,,
3108 4039 3194 4107 IV,
3218 4045 3365 4109 256.]

1977 4152 1993 4168 .
2038 4109 2058 4163 .7
2097 4150 2111 4164 .
2156 4111 2421 4181 .gDatum
2460 4109 2656 4165 Romae
2686 4110 2877 4164 Idibus
2905 4112 3120 4166 mensis
3152 4113 3379 4185 Aprilis,
3409 4114 3509 4171 in-

1901 4196 2151 4253 dictione
2176 4197 2390 4269 prima.
2436 4240 2449 4252 .
2495 4240 2508 4254 .
2552 4242 2565 4256 .

1311 4514 1753 4627 ORDO
1822 4512 2426 4628 BERUM.

596 4717 920 4839 QUIE
988 4720 1139 4826 IN
1208 4721 1494 4826 HOC
1564 4718 1961 4826 TOMO
2034 4718 3090 4834 CONTINENTUB.
3269 4715 3291 4744 ’

191 5004 707 5065 BENEDICTUS
744 5007 807 5064 S.
839 5006 1215 5066 ΑΝΒΗΕΕ
1237 5005 1701 5066 MONACHUS.

257 5079 324 5125 De
355 5080 621 5128 Benedicto
645 5086 697 5128 et
728 5087 837 5140 ejus
869 5081 1107 5129 chronico
1142 5082 1334 5137 notitia,
1770 5080 1803 5130 9

255 5142 548 5188 Canomcos.
1742 5142 1803 5191 10

196 5202 856 5327 ΠὲἓιῐέίὲξΗΑΤΟΒΙΑ
883 5202 1275 5258 POTESTATE
1300 5204 1367 5257 IN
1398 5203 1579 5258 URBE
1608 5202 1802 5327 110%.:

301 5280 767 5415 ἓῗῖιέῗεδτεπ
796 5344 899 5415 ΡΑ
915 5343 1009 5399 PA
1046 5342 1122 5398 Π
1147 5343 1671 5415 reservamus).
1732 5280 1800 5331 ⁵0

258 5412 450 5485 gotitia
472 5413 719 5485 historica
749 5418 801 5463 in
824 5412 1159 5476 SylvestrumJ

259 5473 449 5549 ljptitia
464 5475 738 5549 litteratis.
798 5537 809 5547 _
975 5539 1005 5549 Α
1068 5536 1080 5549 ⁸
1164 5537 1195 5549 Α
1369 5543 1378 5549 Δ
1530 5536 1544 5549 θ
1699 5477 1798 5549 A61

259 5536 553 5600 Disquisitio
601 5538 667 5591 de
712 5537 919 5605 scriptis
972 5536 1199 5590 Gerberti
1269 5543 1387 5605 post
1428 5536 1638 5588 modum
1698 5539 1763 5601 Sy
1783 5564 1804 5578 -

324 5598 479 5652 vostri
505 5598 563 5654 ll.
1740 5599 1805 5654 63

1900 5010 2112 5072 PARS
2137 5010 2403 5072 PRIMA
2430 5012 2773 5077 OPERUM
2804 5019 3260 5085 SYLVESTRI
3290 5024 3372 5087 II.
3400 5025 3509 5088 DE

2100 5090 2367 5152 DISCIP
2381 5092 2594 5153 LINIS
2652 5095 3306 5167 MATHEMATICIS.

1899 5168 2183 5215 LIBELLUS
2224 5172 2297 5217 DE
2330 5171 2712 5220 NUMERORUM
2748 5176 3075 5229 DlVlSlONE.
3448 5183 3511 5234 85

1964 5229 2211 5277 Praefatio.
3447 5245 3511 5277 Ωεε

2003 5241 2211 5295 metatio.
2386 5292 2395 5295 Α
2510 5293 2517 5295 _
3447 5245 3513 5295 85

1961 5294 2075 5356 CAP.
2104 5293 2139 5356 l.
2173 5318 2236 5330 —
2267 5295 2332 5340 De
2356 5292 2597 5355 singulari
2624 5310 2854 5347 numero.
3448 5292 3513 5356 ἑὸ
3604 5340 3615 5347 .

1960 5354 2073 5420 CAP.
2099 5355 2174 5420 |_l_._
2191 5381 2250 5391 —
2282 5357 2345 5420 De
2362 5354 2589 5405 centeno.
3447 5354 3511 5420 86

1964 5416 2081 5480 CAP.
2103 5416 2196 5480 in.
2225 5443 2288 5454 -
2324 5419 2637 5480 De‘mllleno.
2691 5479 2696 5480 ί
3448 5416 3509 5480 Βῆ

1964 5479 2075 5543 Qu.
2100 5479 2175 5543 [γ.
2203 5504 2263 5515 -
2282 5480 2355 5543 iDe
2379 5478 2566 5529 deceno
2596 5479 2820 5543 milleno.
3446 5478 3507 5543 B‘l

1963 5539 2078 5605 CAP.
2098 5541 2163 5605 Χ,
2192 5565 2255 5577 -
2278 5542 2342 5605 De
2364 5548 2573 5605 centeno
2592 5542 2833 5605 milleno.
2890 5604 2893 5605 ν
3447 5539 3508 5605 B‘l

1963 5600 2077 5653 CAP.
2097 5601 2177 5654 Vl.
2196 5628 2260 5642 —
2280 5603 2540 5665 Quomodo
2561 5603 2819 5659 dividatur
2854 5604 3122 5673 singularis
3158 5621 3254 5677 per
3288 5600 3515 5679 singuli;
