4104 6300
94 1692 101 1753 ἓ

92 1788 101 1833 ἴ

510 777 1382 1027 Ismonus
1549 601 3352 1025 dissimillimus

1694 1328 2169 1415 ΝΟΤΙΤΙΑ·

207 1536 320 1603 (Ex
355 1533 715 1590 Praefatione
746 1534 811 1589 Β.
846 1534 909 1587 Ρ.
943 1535 1077 1589 Ant.
1113 1531 1409 1610 Ballerini,
1435 1534 1490 1610 _S.
1507 1535 1597 1610 _J.,_
1618 1532 1680 1589 in
1702 1533 1920 1610 Sylloge
1937 1538 2412 1610 Monumentorum
2432 1537 2507 1592 ad
2523 1540 2840 1608 mysterium
2867 1542 3239 1610 conceptionis
3260 1541 3629 1599 Immaculata:

1219 1604 1470 1674 Virginis
1499 1604 1753 1675 Deiparae'
1779 1607 2193 1663 illustrandum.
2227 1610 2427 1664 Romae
2458 1604 2641 1681 1851⁷.)

277 1948 558 2004 Fuerunt
586 1943 687 2015 qui
723 1942 1067 1999 dubitarent
1093 1956 1169 1996 an
1193 1939 1456 1996 Isidorus
1483 1946 1687 1995 noster
1715 1940 1872 1997 idem
1912 1958 2048 1997 cum
2080 1958 2149 1997 eo
2179 1943 2486 1999 habendus
2527 1944 2621 2013 sit,
2673 1946 2775 2015 qui
2823 1944 3019 2001 medio
3078 1947 3294 2003 saeculo
3343 1964 3434 2003 xw
3481 1950 3627 2005 Con—

207 2034 818 2107 stantinopolitanam
851 2030 1055 2087 sedem
1085 2030 1345 2086 obtinuit
1371 2030 1481 2101 (a);
1514 2030 2053 2087 Thessalonicensis
2082 2038 2282 2089 autem
2310 2033 2503 2089 dictus
2532 2033 2667 2089 ideo
2699 2033 2899 2101 fuerit,
2934 2036 3092 2107 quod
3124 2037 3303 2109 hujus
3349 2036 3625 2096 Ecclesiae

208 2129 625 2201 episcopatum
659 2124 822 2196 prius
851 2122 1119 2196 gesserit.
1152 2126 1226 2177 At
1259 2122 1314 2176 1ο
1344 2126 1597 2188 constat,
1622 2122 1938 2191 Isidorum,
1971 2125 2072 2196 qui
2098 2124 2428 2195 imperante
2457 2126 2682 2180 Joanne
2713 2127 3113 2182 Cantacuzeno
3145 2128 3219 2184 ad
3252 2130 3632 2201 Byzantinam

208 2220 412 2275 sedem
446 2222 588 2289 post
616 2216 876 2289 ejectum
905 2214 1191 2268 Joannem
1223 2210 1494 2268 Calecam
1526 2218 1760 2269 evectus
1791 2218 1880 2268 est
1910 2214 2010 2287 (b),
2044 2230 2167 2269 non
2200 2214 2441 2285 quidem
2467 2216 2901 2272 Thessalonicae
2942 2218 3308 2289 episcopum,
3343 2220 3446 2276 sed
3505 2223 3632 2275 Mo-

211 2308 546 2365 nembasize
578 2303 1023 2376 metropolitam
1054 2303 1220 2374 prius
1252 2302 1508 2359 electum
1538 2302 1719 2359 fuisse
1752 2321 1767 2371 ;
1799 2307 1857 2358 2°
1887 2304 1981 2359 vix
2010 2305 2177 2360 reddi
2210 2305 2360 2360 ratio
2390 2311 2612 2377 posset,
2645 2324 2751 2362 cur
2781 2308 2910 2377 ejus
2953 2308 3173 2379 scripta
3219 2309 3280 2364 in
3334 2308 3637 2364 codicibus

212 2402 569 2455 constanter
599 2395 897 2450 Isidorum
927 2392 1536 2458 Thessalonicensem,
1571 2410 1880 2464 nunquam
1909 2394 2203 2451 Isidorum
2237 2396 2960 2468 Constantinopolitanum
2992 2399 3300 2469 praeﬁxum
3358 2399 3636 2464 habeant,

282 2489 431 2543 Hinc
463 2484 687 2542 eruditi
717 2481 1184 2556 probabiliorem
1213 2480 1381 2553 vulgo
1399 2481 1623 2537 ducunt
1652 2484 2056 2554 conjecturam
2087 2485 2294 2539 Leonis
2324 2484 2545 2552 Allatii,
2569 2486 2669 2555 qui
2692 2485 2903 2541 harum
2925 2486 3308 2541 homiliarum
3331 2493 3636 2542 auctorem

214 2595 329 2633 non
363 2578 555 2633 alium
597 2590 726 2629 esse
759 2573 1041 2645 Opinatur
1067 2571 1140 2627 ab
1171 2587 1263 2640 eo,
1296 2572 1396 2642 qui
1428 2572 2013 2629 Thessalonicensem
2046 2574 2247 2629 sedem
2282 2575 2472 2630 tenuit
2500 2575 2827 2646 imperante
2861 2576 3131 2632 Manuele
3166 2576 3496 2649 Palaaologo
3525 2594 3537 2631 :
3565 2578 3637 2631 de

214 2667 326 2722 hoc
358 2671 565 2722 autem
596 2663 753 2718 idem
786 2662 1037 2717 Allatius
1068 2661 1180 2716 ista
1207 2660 1389 2717 refert
1420 2678 1491 2716 ex
1520 2662 1811 2732 Synodico
1842 2663 1972 2735 ejus
2002 2663 2278 2718 Ecclesia:
2331 2664 2403 2718 ab
2454 2666 2714 2736 Eugenio
2760 2666 3195 2737 Nomophylace
3240 2667 3460 2738 scripto
3519 2667 3591 2738 (c)
3624 2682 3637 2719 :

218 2753 425 2809 Isidori
461 2754 628 2805 beate
656 2751 1054 2806 recordationis
1079 2752 1414 2805 sanctissimi
1449 2749 1865 2821 Archiepiscopi
1911 2751 2422 2820 Thessalonicensis,
2467 2755 2566 2821 qui
2620 2756 2799 2808 instar
2850 2755 3133 2825 splendidi
3177 2754 3373 2810 sideris
3422 2764 3640 2822 gregem

219 2861 383 2900 suum
415 2844 562 2897 hunc
590 2842 890 2897 illustravit
918 2842 1033 2895 suis
1063 2840 1403 2908 quotidianis
1434 2839 1700 2895 doctrinis
1729 2847 1782 2894 et
1830 2841 2325 2908 admonitionibus,
2368 2849 2419 2895 et
2467 2857 2631 2911 aquae
2668 2850 2833 2913 atque
2882 2846 3053 2899 bonus
3099 2851 3151 2897 et
3191 2845 3409 2911 primus
3450 2850 3643 2913 pastor

223 2932 479 2988 Christus
499 2930 673 2986 modis
703 2930 952 2985 omnibus
981 2928 1141 2983 ovilis
1166 2944 1357 2983 curam
1384 2929 1556 3000 gessit
1586 2933 1635 2981 et
1666 2927 1855 2995 longas
1876 2929 2357 2997 peregrinationes
2385 2930 2672 2997 sustinuit,
2703 2935 2757 2982 et
2785 2929 3065 2998 quidquid
3110 2928 3363 2984 divinum
3394 2936 3444 2985 et
3473 2932 3645 2986 saluti

213 3021 570 3078 conducibile
594 3020 907 3087 videbatur,
946 3024 999 3072 et
1025 3018 1360 3073 sermonibus
1381 3016 1593 3071 edocuit
1624 3022 1677 3070 et
1706 3016 1959 3086 operibus
1986 3016 2400 3083 demonstravit,
2434 3022 2486 3071 et
2534 3032 2657 3072 vere
2708 3015 2803 3085 iis,
2851 3019 2951 3087 qui
2997 3023 3125 3073 ante
3171 3034 3292 3073 eum
3340 3024 3391 3074 et
3436 3020 3643 3075 virtute

212 3119 261 3166 et
296 3113 563 3167 doctrina
591 3109 880 3179 conspicui
906 3109 1085 3175 fuere,
1117 3107 1276 3162 rebus
1307 3105 1558 3161 omnibus
1589 3110 1914 3176 exaequatus
1944 3108 2020 3161 est
2042 3111 2318 3176 perpetua
2346 3108 2626 3167 memoria.

282 3203 363 3256 De
397 3199 622 3257 eodem
653 3196 861 3253 scribit
893 3192 1149 3251 Gottlieb
1197 3194 1657 3265 Christophorus
1706 3193 1911 3250 Harles
1954 3194 2030 3264 (ἁ)
2066 3211 2078 3247 :
2110 3194 2352 3249 Isidorus
2404 3195 2887 3251 Thessalonicensis
2936 3198 3293 3267 metropolita
3349 3201 3498 3253 circa
3544 3215 3639 3254 an.

216 3290 345 3344 1401
383 3289 602 3356 clarus,
639 3284 741 3357 qui
768 3285 1080 3339 celebratur
1107 3286 1167 3338 in
1218 3282 1439 3337 Triodio
1491 3284 1797 3339 Grzcorum
1846 3284 2139 3338 Dominica
2185 3283 2536 3339 Orthodomiaz
2586 3286 2698 3339 sive
2738 3287 2927 3355 prima
2972 3286 3434 3356 Quadragesimav,
3486 3294 3536 3342 et
3582 3289 3644 3341 in

217 3381 499 3453 Synodico
536 3375 1005 3433 Thessalonicensi
1033 3375 1186 3445 apud
1213 3372 1503 3439 Allatium,
1537 3378 1647 3428 etc.
1682 3375 1749 3427 At
1777 3373 1976 3444 palam
2006 3379 2117 3441 est,
2142 3374 2326 3429 alium
2356 3391 2600 3445 prorsus
2632 3391 2759 3430 esse
2792 3391 2922 3432 esse
2951 3376 3246 3432 Isidorum
3275 3375 3646 3431 Thessaloni-

218 3486 486 3536 censem,
528 3467 715 3522 alium
747 3465 847 3537 qui
875 3465 938 3519 in
971 3466 1307 3520 Graecorum
1338 3466 1705 3517 memoratur
1734 3461 1992 3517 Triodio.
2028 3463 2131 3518 Hic
2157 3462 2320 3517 enim
2350 3462 2543 3533 primo
2562 3462 2805 3534 quidem
2835 3463 2897 3518 in
2927 3464 3056 3535 ipso
3081 3464 3317 3520 Triodio
3343 3466 3413 3536 (ε)
3442 3464 3644 3536 appel-

207 3562 367 3616 latur
395 3558 790 3615 sanctissimus
820 3560 871 3610 et
900 3554 1279 3609 celeberrimus
1302 3550 1661 3622 patriarcha;
1689 3549 1791 3621 qui
1822 3550 2030 3606 titulus
2060 3549 2135 3606 ad
2164 3552 2564 3622 patriarcham
2598 3553 3010 3623 Byzantinum,
3041 3569 3162 3608 non
3195 3552 3270 3607 ad
3301 3554 3648 3624 episcopum

210 3645 676 3705 Thessalonices
706 3644 985 3716 pertinet.
1020 3640 1243 3696 Deinde
1275 3657 1411 3695 vero
1443 3640 1691 3694 nomina
1710 3638 2002 3705 Gerasimi,
2032 3640 2215 3706 Isaiae,
2266 3642 2487 3709 Isidori,
2534 3642 2771 3707 Callisti,
2821 3641 3193 3711 Philothei...,
3247 3656 3501 3712 quorum
3549 3654 3645 3696 me

212 3741 405 3795 moria
436 3738 529 3793 ibi
564 3733 922 3797 celebratur,
950 3731 1166 3786 seriem
1196 3727 1513 3785 manifeste
1546 3726 1870 3798 praeferunt
1901 3728 2315 3798 episcoporum
2345 3729 2820 3799 Byzantinorum,
2852 3746 2975 3784 non
3016 3735 3214 3786 autem
3265 3728 3647 3787 Thessaloni-

222 3828 494 3884 censinm
538 3824 633 3895 (Γ).

290 3923 439 3976 Cum
463 3922 678 3975 Graeco
708 3918 892 3980 textu,
925 3911 1027 3983 qui
1057 3926 1217 3965 nunc
1245 3909 1504 3981 primum
1535 3907 1732 3964 editur
1761 3924 1833 3964 ex
1863 3907 2061 3963 codice
2094 3909 2275 3963 Graec.
2310 3907 2490 3963 Vatic.
2519 3924 2580 3962 n.
2612 3910 2737 3973 651,
2775 3907 3024 3964 latinam
3057 3908 3267 3963 [sidori
3317 3907 3652 3962 orationum

219 4013 601 4075 versionem,
634 4022 669 4061 a
697 4006 784 4061 Jo.
813 4003 1086 4059 Matthiae
1117 3999 1487 4072 Cariopbylo,
1522 3999 1966 4071 archiepiscopo
1996 3999 2313 4070 lconiensi,
2345 3999 2775 4067 elucubratam,
2808 4004 2867 4057 et
2900 3998 2972 4055 ab
3004 3998 3316 4071 Hippolyto
3370 3997 3654 4053 Maraccio

220 4101 558 4174 vulgatam,
592 4095 736 4151 dare
768 4093 1137 4150 maluissem.
1170 4093 1246 4145 At
1274 4106 1408 4145 cum
1440 4105 1570 4144 eam
1602 4088 1901 4145 interdum
1930 4088 2108 4160 paulo
2140 4088 2570 4155 obscuriorem,
2602 4088 2903 4143 interdum
2932 4087 3298 4156 liberiorem,
3356 4085 3654 4142 interdum

221 4191 403 4245 etiam
437 4187 517 4243 ab
558 4182 770 4238 Isidori
804 4180 1104 4237 sententia
1133 4178 1387 4234 alienam
1419 4175 1797 4242 adverterim,
1829 4176 1902 4232 ab
1934 4192 2002 4231 eo
2034 4176 2283 4231 consilio
2316 4174 2738 4231 discedendum
2769 4176 2987 4247 putavi.

293 4358 375 4427 (a)
406 4354 549 4409 Vid.
588 4349 887 4427 ﬂippolyti
920 4345 1221 4427 Marraccii
1248 4345 1542 4400 monitum
1573 4344 1647 4400 ad
1706 4346 1903 4400 Lecto-

219 4418 632 4485 rer'n'Mariali
661 4418 871 4477 lsidori
901 4418 1234 4491 prmﬁrum.

288 4494 588 4571 (b)7Conf.
625 4491 876 4548 Michael
902 4486 1209 4561 'Lequien,
1261 4489 1472 4543 Orient.
1525 4486 1725 4542 Christ.
1783 4487 1897 4545 vol.

2012 4345 2123 4419 vol.
2158 4347 2229 4414 X,
2259 4362 2388 4419 pag.
2414 4348 2547 4419 _498.

2084 4417 2368 4489 (e)APrope
2400 4417 2581 4489 finem
2612 4418 2880 4489 Synocici
2900 4418 2973 4474 ad
3002 4419 3371 4489 Dominicam
3402 4417 3659 4489 primam

2014 4483 2539 4562 Quadragésimm;
2564 4483 2849 4562 'IciSu'xpoo
2882 4493 2979 4562 τρίξ
3019 4488 3071 4543 ἐν
3105 4488 3345 4562 μακαρίᾳ
3388 4483 3457 4558 ’ἔῇ
3505 4483 3662 4562 λήξει

226 4572 271 4634 1,
293 4555 421 4627 ³οὸ1.
462 4571 597 4624 301.
1024 4555 1071 4634 ’ν
1142 4631 1162 4634 Α
1190 4555 1201 4634 ί
1302 4630 1333 4634 Α
1614 4630 1705 4634 *Α
2016 4555 2311 4634 γξνομένόιξ
2342 4558 2643 4634 ἀγιωτάτου
2688 4555 2778 4614 καὶ
2827 4555 3477 4633 ἀοιδίμου’πατριάρχόυ
3522 4555 3659 4609 αἰω-

255 4614 271 4640 ’
304 4580 845 4698 galbewslimeonum
880 4633 1102 4703 scriptis
1123 4630 1405 4715 .Diatriba,
1437 4645 1571 4755 Ρδῖιῦ
1604 4630 1722 4685 187.
1784 4702 1794 4713 .
1841 4703 1852 4713 .

292 4641 375 4783 $2)
399 4712 475 4768 In
498 4707 709 4767 Addit.
742 4704 822 4763 ad
848 4705 1028 4762 Graec.
1062 4702 1330 4758 Biblioth.
1352 4702 1440 4757 Jo.
1461 4701 1509 4756 A
1580 4742 1592 4757 .
1628 4701 1900 4758 Fabricii.

2055 4580 2311 4699 svoxsvoo
2342 4580 2419 4634 αγι

2049 4629 2163 4776 “in
2194 4632 2419 4759 ἕέἰῖῗηέ

399 4712 475 4768 In
498 4707 709 4767 Addit.
742 4704 822 4763 ad
848 4701 1028 4762 Grec.
1062 4701 1330 4758 Biblioth.
1352 4702 1440 4757 Jo.
1461 4701 1592 4757 Alb.
1628 4701 1901 4758 Fabricii.
2094 4704 2163 4776 (f)
2194 4701 2360 4759 Conf.
2394 4703 2638 4759 Michael
2670 4704 2950 4776 Lequien,
2983 4703 3019 4757 l.
3054 4718 3104 4759 c.

576 5730 861 5787 PATROL.
911 5722 1024 5783 Gn.
1069 5719 1377 5782 cxxxnx.
3329 5684 3351 5737 ¹
