4104 6300
387 369 458 430 11
1543 361 1838 424 ISIDORI
1881 359 2646 424 THESSALONICENSIS
3723 359 3798 420 12

1593 695 2560 886 ISIDORI

1076 1029 2190 1121 THESSALONICENSIS
2265 1026 3110 1118 ARCHIEPISCOPI

1729 1232 2276 1331 ΟΒΑΤΙΟΝ
2285 1231 2432 1326 ES

1052 1609 1284 1667 SERMO
1321 1608 1365 1661 Ι.

383 1739 442 1792 1η
468 1734 820 1790 nativitatem
844 1736 1046 1801 praeter
1074 1729 1292 1784 modum
1335 1723 1896 1801 omnemnpurissirna:
1940 1719 2039 1801 l_)ei

455 1809 594 1863 Geni
601 1807 753 1860 tricis
763 1810 816 1858 et
836 1792 1079 1858 Domina
1100 1805 1295 1856 nostrae
1315 1812 1524 1867 semper
1551 1792 1802 1864 Virginis
1823 1793 2032 1847 Maria.

741 1963 1021 2034 Benedic,
1053 1964 1246 2020 Pater.

453 2102 499 2154 Ι.
534 2101 758 2170 Moyses
816 2097 941 2166 ille,
992 2097 1084 2152 cui
1136 2101 1193 2152 et
1246 2113 1410 2152 mare
1469 2093 1645 2150 cessit
1673 2089 1715 2164 ί,
1773 2095 1832 2148 et
1878 2093 2036 2148 terra

383 2191 580 2246 fontes
609 2187 960 2243 mirabiliter
989 2186 1241 2258 prmbuit
1272 2187 1312 2252 ²,
1345 2187 1463 2240 imo
1497 2190 1556 2238 et
1585 2181 1793 2239 coelum
1835 2200 2031 2238 escam

386 2297 631 2351 prorsus
653 2296 867 2334 novam
899 2277 1219 2333 demittens
1251 2275 1448 2349 paruit
1477 2274 1520 2345 ³,
1544 2271 1870 2347 primordia
1899 2273 2034 2329 uni-

386 2369 538 2424 versi
557 2385 840 2424 enarrans
862 2367 972 2424 ait:
990 2369 1050 2423 In
1071 2367 1359 2438 principio
1382 2374 1528 2422 terra
1545 2371 1660 2420 erat
1675 2361 1967 2419 invisibilis
1983 2369 2034 2418 et

383 2459 768 2529 incomposita,
794 2463 846 2512 et
867 2457 1100 2512 tenebrae
1131 2463 1286 2513 erant
1309 2472 1472 2526 super
1491 2450 1742 2526 abyssum
1763 2451 1804 2524 ‘,
1837 2451 2032 2526 quoad

382 2562 570 2617 usque
603 2543 752 2602 lucis
783 2547 1001 2601 creatio
1035 2545 1309 2602 tenebras
1330 2537 1538 2600 divisit.
1569 2545 1684 2616 Ego
1698 2560 1832 2598 vero
1853 2543 2030 2598 etiam

377 2639 514 2708 post
542 2641 712 2692 natos
735 2637 1026 2706 homines,
1051 2641 1109 2692 et
1129 2636 1452 2692 multorum
1483 2651 1774 2691 annorum
1797 2631 2028 2706 lapsum

381 2724 542 2780 aliud
567 2723 946 2782 tenebrarum
969 2743 1154 2800 genus
1173 2729 1428 2782 offusum
1453 2723 1732 2781 Universo
1751 2718 2026 2791 dixerim,

381 2813 570 2869 donec
624 2817 962 2887 purissimas
1023 2834 1089 2872 ac
1143 2816 1332 2871 beatae
1388 2811 1643 2888 Virginis
1719 2811 2030 2886 splendida

377 2904 650 2959 nativitas
681 2909 972 2961 terrarum
1002 2907 1204 2961 orbem
1230 2905 1553 2961 irradiavit.
1581 2904 1761 2976 Cujus
1788 2901 2029 2974 quidem

2148 2883 2340 2960 μέχρις
2401 2881 2464 2936 οὗ
2516 2879 2587 2949 τῆ

378 2992 477 3048 lux
509 3009 852 3064 quanquam
899 3009 968 3046 ex
1016 2993 1220 3046 intima
1268 2993 1378 3046 hac
1426 2993 1664 3062 regione
1719 2989 2028 3056 effulserit,

377 3085 680 3136 creaturas
715 3087 911 3135 tamen
955 3081 1260 3135 universas
1310 3096 1432 3134 non
1481 3081 1790 3132 terrestres
1829 3075 2026 3144 modo,

385 3170 490 3224 sed
521 3169 702 3223 etiam
761 3169 1029 3224 caelestes
1081 3185 1185 3224 suo
1237 3168 1463 3223 lumine
1513 3161 1780 3237 replevit.
1829 3165 2028 3234 Neque

387 3260 546 3316 enim
580 3265 681 3315 aut
713 3257 824 3328 sol,
878 3266 980 3316 aut
1028 3259 1321 3332 quaepiam
1375 3259 1492 3316 alia
1521 3277 1550 3314 e
1581 3256 2032 3330 splendentibus

384 3347 1067 3421 molibusjucundiores,
1096 3367 1200 3405 seu
1218 3349 1599 3422 copiosiores,
1631 3364 1735 3403 seu
1761 3346 2030 3403 utiliores

384 3456 648 3510 unquam
680 3437 878 3496 radios
911 3439 1242 3511 ejaculavit,
1277 3456 1455 3510 quam
1505 3455 1650 3510 opus
1683 3435 2029 3492 immacula-

379 3527 612 3582 tissima
656 3527 854 3583 emisit
901 3529 1090 3600 Virgo.
1146 3529 1297 3594 Quin
1347 3529 1466 3584 imo
1546 3532 1774 3583 tantum
1843 3526 2028 3596 abest,

377 3619 444 3672 ut
475 3622 533 3671 et
561 3617 647 3671 sol
693 3622 752 3671 et
809 3622 1100 3689 quotquot
1155 3617 1286 3673 aliae
1345 3620 1631 3672 creaturae
1686 3612 2031 3689 prmcellere

376 3705 752 3774 videbantur,
812 3711 1131 3778 antequam
1207 3711 1551 3762 nasceretur
1633 3706 1823 3778 Virgo,
1880 3705 2030 3761 lucis

379 3791 606 3864 aliquid
630 3800 875 3866 possent
901 3795 1115 3851 animus
1139 3795 1373 3867 afferre,
1392 3801 1459 3851 ut
1479 3796 1679 3868 potius
1702 3795 2030 3865 essent,qui

376 3883 438 3936 in
461 3883 829 3939 teterrimam
859 3885 1189 3941 caecitatem
1213 3886 1341 3957 ipsa
1361 3890 1769 3941 creaturarum
1791 3883 2029 3939 illarum

376 3971 878 4044 contemplatione
896 3974 1496 4044 incurrerent,utpote
1511 3989 1659 4043 quos
1671 3978 2029 4044 praepostere

379 4055 521 4115 deos
551 4063 849 4130 putarent,
908 4062 1209 4132 vitamque
1267 4063 1544 4132 viverent,
1623 4078 1774 4132 qum,
1854 4065 1921 4116 ut
1965 4060 2029 4114 in

375 4165 577 4204 veram
601 4155 896 4206 veteretur
925 4151 1126 4221 vitam,
1159 4155 1348 4207 morte
1379 4150 1698 4224 indigebat,
1733 4147 2028 4222 quemad-

377 4237 624 4293 modum
653 4238 1045 4295 celeberrima
1073 4255 1308 4311 quoque
1334 4238 1500 4295 Pauli
1539 4236 1612 4295 ad
1643 4239 2022 4296 Colossenses

376 4343 488 4382 vox
548 4326 856 4383 declarat:
906 4331 970 4384 Si
1025 4347 1158 4402 ergo
1207 4332 1414 4385 mortui
1471 4331 1598 4385 estis
1639 4345 1760 4384 cum
1819 4329 2032 4385 Christo

379 4416 448 4471 ab
506 4415 786 4471 elementis
835 4416 1006 4488 hujus
1053 4419 1274 4488 mundi,
1335 4418 1471 4489 quid
1530 4417 1710 4472 adhuc
1767 4423 2032 4488 tanquam

374 4506 614 4560 viventes
634 4507 693 4560 in
713 4508 917 4562 mundo
952 4508 1246 4563 decernitis
1273 4505 1298 4540 ⁵
1316 4507 1344 4561 ‘i
1387 4509 1568 4562 Porro
1596 4505 1871 4561 tenebras
1900 4505 2030 4560 illas

376 4597 436 4646 et
467 4593 882 4664 sepulcralem,
914 4599 982 4650 ut
1011 4597 1092 4650 ita
1122 4595 1337 4662 dicam,
1371 4595 1548 4648 vitam
1581 4611 1610 4648 e
1643 4593 1838 4648 medio
1858 4593 2027 4664 Virgo

375 4697 667 4752 apparens
700 4684 956 4739 sustulit.
991 4686 1125 4756 Ipsa
1156 4685 1363 4757 .igitur
1409 4683 1713 4739 nubilibus
1770 4699 2024 4755 quoque,

377 4770 823 4842 splendidisque
855 4775 1141 4830 creaturis
1195 4773 1386 4830 lucem
1434 4774 1638 4844 utique
1689 4773 1916 4842 eiTudit,
1965 4777 2030 4828 ut

379 4859 482 4928 qui
540 4875 639 4914 eas
697 4863 1195 4933 contemplentur,
1255 4879 1459 4918 verum
1528 4862 1598 4917 de
1676 4861 1791 4916 illis
1873 4861 2025 4916 ferre

376 4947 947 5018 possintjudicium,
981 4967 1171 5021 neque
1218 4952 1473 5023 amplius
1523 4952 1741 5005 erroris
1791 4956 2025 5006 noctem

375 5035 704 5097 incurrant.

449 5129 518 5182 II.
552 5129 729 5199 Atqui
763 5129 1018 5200 (inquiet
1065 5131 1312 5188 fortasse
1363 5134 1682 5207 quispiam)
1737 5149 1871 5188 cum
1901 5134 2026 5188 hanc

374 5223 648 5273 creatura
677 5219 752 5274 ad
801 5236 893 5274 res
950 5221 1011 5276 in
1051 5221 1256 5276 ordine
1311 5225 1699 5281 continendas
1758 5225 2026 5281 conferre

370 5306 699 5376 plurimum
722 5313 944 5380 posset,
970 5311 1280 5382 oportebat
1300 5312 1526 5384 utique,
1548 5320 1760 5386 utquae
1794 5319 2025 5371 tantum

2061 1599 2119 1668 Α

2799 1598 3029 1652 ΛΟΓΟΣ
3070 1595 3137 1650 A’

2145 1683 2243 1748 Εἲς
2286 1685 2396 1760 τήν
2473 1682 2725 1760 γέννησιν
2811 1689 2912 1753 τῆς
2955 1684 3403 1760 ’πανυπεὲράγνου
3453 1682 3579 1760 -καὶ
3669 1690 3804 1760 Θεο-

2221 1754 2498 1882 μήτῗρος’
2565 1755 2656 1810 καὶ
2768 1754 3064 1826 Δεσποίνης
3185 1754 3346 1828 ἡμῶν
3443 1755 3800 1830 ἀειπαρθένου

2221 1835 2334 1882 Maio
2365 1849 2449 1882 ας.

2215 1835 2449 1902 Μαρίας.

2432 1933 2786 2012 Εύλόγησον,
2817 1931 3011 2008 Πάτερ.

2216 2069 2292 2132 Δ⁹.
2325 2071 2537 2144 Μωσῆς
2592 2071 2820 2147 ἐκεῖνος,
2857 2069 2902 2146 ᾧ
2932 2070 3173 2128 Θάλασσα
3227 2073 3325 2148 μὲν
3386 2072 3683 2150 ὑπεχώρει,
3731 2081 3805 2152 γῆ

2147 2155 2203 2221 δέ
2234 2159 2573 2242 παραδόξους
2607 2159 2939 2241 ἐλειτούργει
2981 2162 3186 2240 πηγὰς,
3237 2159 3384 2219 ἀλλὰ
3429 2163 3522 2219 καὶ
3578 2164 3810 2239 οὐρανὸς

2143 2254 2294 2326 ξένην
2347 2251 2454 2310 εἶκε
2513 2253 2720 2310 δίαιταν
2790 2251 3186 2327 καταπέμπων,
3272 2253 3370 2322 τὴν
3448 2257 3546 2308 τοῦ
3603 2253 3806 2316 παντὸς

2142 2343 2524 2423 ἀφηγούμενος
2582 2342 2806 2420 γένεσιν,
2899 2342 3161 2417 Ἀόρατος
3227 2342 3294 2412 ἦν
3350 2343 3384 2411 ἡ
3444 2343 3540 2417 γῆ,
3600 2341 3788 2422 φησὶν,

2143 2419 2200 2490 έν-
2456 2431 2547 2488 καὶ
2600 2419 3092 2502 νᾶκατασκεύαστος,
3181 2431 3269 2486 γαὶ
3347 2431 3536 2493 σκότος
3608 2419 3788 2486 έπάνω

2140 2529 2240 2594 τῆς
2264 2518 2524 2592 ἀϐύσσου,
2575 2516 2873 2591 ἕωςὴτοῢ
2926 2517 3108 2600 φωτός
3163 2520 3228 2576 τὸ
3288 2515 3478 2582 σκότος
3537 2517 3793 2595 ἀπέκρινε

2139 2612 2372 2691 γένεσις.
2413 2611 2558 2689 Ἐγὼ
2591 2609 2668 2682 δὲ,
2699 2610 2789 2666 καὶ
2844 2613 2950 2666 τῶν
3005 2608 3302 2687 ἀνθρώπων
3349 2607 3426 2672 εἷς
3491 2609 3607 2684 βίον
3659 2607 3796 2680 ἐλη-

2141 2703 2417 2774 λακότων,
2474 2700 2564 2757 καὶ
2623 2701 2686 2756 τὸ
2739 2697 2883 2756 πολῦ
2941 2699 3048 2754 τῶν
3103 2698 3236 2755 ἑτῶν
3320 2695 3794 2771 δεδαπανηκότων,

2143 2789 2396 2866 ἆορασῖαν
2430 2787 2608 2862 ἃλλην
2667 2789 2831 2868 φαίην
2890 2788 2951 2844 ἄν
3014 2791 3112 2844 τοῦ
3166 2789 3362 2850 παντὸς
3419 2791 3793 2864 καταχεῖσθαι,

2591 2901 2615 2940 ς
2672 2877 2944 2954 πανάγνου
2990 2873 3079 2932 καὶ
3141 2877 3406 2951 μακαρίας
3457 2875 3794 2949 Ηαρθὲνουὴ

2182 2971 2434 3041 ωταυγὴς
2491 2969 2566 3028 εἷς
2623 2974 2728 3041 γῆν
2786 2965 3056 3040 ἐξέλαμψε
3103 2963 3362 3040 πρόοδος·
3424 2967 3492 3034 ἧς
3529 2967 3564 3034 ἡ
3603 2969 3794 3040 φαῦσις

2182 2990 2434 3041 ωταυγης
2491 2990 2566 3028 εις
2623 2990 2728 3041 γην
2786 2990 3056 3040 εζεΛαμψε
3103 2990 3362 3040 προοοος·
3424 2990 3492 3034 ης
3529 2990 3564 3034 η
3603 2990 3794 3040 φαυσις

2141 2990 2382 3109 ἷνέτειλε
2423 3050 2515 3128 μὲν
2548 3051 2606 3109 ὲκ
2636 3057 2742 3110 τῶν
2799 3055 2968 3124 κάτω,
3020 3054 3130 3111 ’ἀνω
3186 3048 3242 3108 δὲ
3289 3050 3378 3110 καὶ
3427 3054 3575 3108 κάτω
3616 3053 3796 3132 φωτὸς

2142 3140 2502 3219 πεπλήρωκεν
2560 3143 2765 3200 ἅπασαν
2831 3143 3029 3200 κτίσινο
3088 3141 3178 3200 καὶ
3239 3141 3352 3209 οὔθ’
3435 3141 3602 3214 ἥλιος
3682 3141 3794 3200 οὔτ’

2141 3227 2283 3289 ἂλλο
2311 3239 2418 3289 τῶν
2471 3230 2680 3309 ὡραίων
2735 3227 2908 3303 ούδὲν,
2967 3234 3180 3297 ἀκτῖνας
3230 3231 3422 3304 ἡδίους
3462 3234 3498 3306 ἢ
3544 3229 3790 3306 πλείους,

2141 3321 2176 3393 ἢ
2238 3319 2640 3398 διαυγεστέρας,
2696 3323 2730 3393 ἢ
2789 3324 2850 3377 τὸ
2937 3321 3220 3403 ὠφέλιμον
3275 3322 3468 3378 πλεῖον
3527 3321 3790 3398 ἐχούσας,

2143 3413 2318 3491 ἀφῆκε
2348 3419 2448 3483 τῆς
2479 3412 2888 3488 Παναχράντου·
2943 3409 3158 3486 μᾶλλον
3212 3409 3268 3467 δὲ
3315 3411 3403 3466 καὶ
3457 3409 3642 3481 ⁴ἴςλιος,
3698 3411 3792 3466 καὶ

2139 3506 2247 3557 τῶν
2283 3499 2791 3578 δημιουργημάτων
2841 3499 2940 3556 ὅσα
2975 3505 3082 3556 τῶν
3135 3497 3322 3556 ἂλλων
3371 3502 3628 3577 προέχειν
3673 3497 3795 3554 ἐδό-

2143 3612 2246 3662 κει,
2278 3591 2405 3667 πρὶν
2445 3595 2605 3671 φῦναι
2657 3592 2756 3661 τήν
2813 3591 3101 3664 πάναγνον,
3159 3593 3420 3645 τοσοῦτον
3482 3587 3582 3644 οὐκ
3633 3587 3788 3668 εἶχον

2144 3683 2298 3756 ψυχῇ
2325 3701 2377 3736 τι
2426 3675 2758 3754 διαλάμπειν
2811 3675 3056 3759 φαιδρὸν,
3108 3675 3245 3734 ὥστε
3293 3677 3452 3747 εἰσὶν,
3485 3676 3538 3733 o'i
3569 3679 3656 3733 καὶ
3691 3681 3791 3754 βα·-

2145 3769 2378 3845 ρυτάτην
2441 3769 2746 3838 ὑπέστησαν
2799 3765 3106 3846 τύφλωσιν,
3181 3761 3586 3842 προσϐαλόντες
3646 3765 3790 3823 ἐκεί-

2138 3881 2274 3928 νοις,
2306 3855 2398 3913 άτε
2429 3855 2497 3927 δὴ
2528 3863 2708 3920 κακῶς
2740 3856 2918 3913 ἐκεῖνα
2975 3859 3129 3920 θεους
3192 3857 3482 3928 οῗηθέντες,
3532 3857 3622 3912 καὶ
3679 3861 3792 3931 ζωῇ

2143 3953 2374 4017 συνῆσαν
2405 3947 2634 4002 θανάτου
2694 3943 2949 4021 δεομένῃ,
2999 3943 3076 4001 ’ἶν’
3129 3941 3354 4016 ἀληθῶς
3407 3947 3668 4018 ζήσωσιν,
3719 3946 3795 4010 ὡς

2139 4037 2230 4091 καὶ
2287 4033 2322 4105 ἢ
2381 4033 2786 4111 μεγαλόκροτος
2843 4033 3068 4091 Παύλου
3155 4033 3529 4090 Κολασσαεῦσι
3624 4031 3794 4106 δηλοῖ

2069 4127 2322 4205 ρφωνή,
2382 4129 2448 4184 Εἰ
2507 4125 2600 4180 οὖν
2655 4123 2938 4180 ἀπεθάνετε
2995 4123 3087 4180 σὺν
3169 4127 3411 4198 Χριστῷ,
3488 4128 3786 4205 φάσκουσα,

2135 4217 2240 4272 ἀπὸ
2281 4219 2388 4271 τῶν
2451 4213 2740 4290 στοιχείων
2797 4217 2894 4270 τοῦ
2949 4211 3182 4288 κόσμου,
3238 4209 3292 4269 τι
3343 4215 3418 4276 ὡς
3480 4219 3672 4284 ζῶντες
3731 4211 3783 4270 ἐν

2145 4307 2342 4380 κόσμῳ
2373 4303 2800 4383 δογματίζεσθες
2835 4305 2909 4362 Τὸ
2965 4301 3022 4358 δὲ
3070 4304 3260 4365 σκότος
3311 4301 3506 4374 ἐκεῖνο,
3552 4303 3642 4358 καὶ
3687 4303 3790 4374 τὴν

2138 4396 2420 4473 ταφόζωον
2453 4394 2530 4456 ὡς
2573 4393 2743 4448 εἰπεῖν
2799 4391 3020 4469 ὕπαρξιν
3081 4391 3141 4447 ἐκ
3199 4391 3370 4466 μέσου
3425 4391 3719 4464 πεποίηκεν
3751 4393 3787 4461 ἡ

2139 4484 2417 4559 Παρθένος
2477 4487 2718 4560 φανεῖσα.
2779 4483 2992 4540 Οὐκοῦν
3051 4480 3185 4552 αὕτη
3244 4481 3335 4536 καὶ
3390 4487 3509 4544 τοῖς
3569 4487 3789 4556 σεμνοῖς

2141 4571 2408 4645 δήπουθεν
2461 4576 2570 4627 τῶν
2632 4572 2944 4646 κτισμάτων
2999 4572 3090 4626 καὶ
3144 4575 3430 4648 φωτεινοῖς
3493 4575 3610 4644 φῶς
3665 4569 3788 4625 έπέ-

2139 4685 2286 4744 χεεν,
2339 4655 2402 4718 ἶν’
2447 4663 2499 4717 οἱ
2544 4660 2910 4740 προσέχοντες
2955 4658 3190 4731 τάληθὲς
3248 4660 3376 4734 ὁρᾷν
3426 4655 3606 4734 ἔχοιεν
3663 4658 3788 4734 περὶ

2141 4752 2340 4825 αὐτῶν,
2402 4751 2489 4808 καὶ
2555 4747 2749 4824 μηκέτι
2807 4748 2874 4823 τῇ
2932 4757 3034 4819 τῆς
3092 4749 3308 4820 πλάνης
3364 4747 3512 4803 νυκτὶ
3570 4748 3788 4822 περιπί-

2135 4865 2342 4900 πτοιεν.

2209 5129 2284 5185 Β’.
2318 5122 2470 5184 Ἔδει
2504 5122 2560 5180 δὲ
2602 5121 2703 5200 ἄρα
2739 5125 2886 5181 τοῦτ’
2933 5125 2996 5178 ἄν
3043 5143 3124 5186 τις
3181 5122 3462 5193 ζητήσειεν
3521 5114 3672 5188 ἷσως,
3721 5116 3782 5172 τὸ

2137 5217 2582 5276 λυσιτελέστατον
2639 5217 2856 5292 ποίημα
2911 5220 2979 5290 τῇ
3033 5215 3226 5289 πρώτῃ
3311 5215 3420 5268 τῶν
3477 5207 3780 5288 γενομένων

2137 5307 2539 5383 συνδιαλάμψαι
2619 5307 2858 5378 ποιήσει,
2941 5305 3034 5360 ἅτε
3091 5301 3158 5371 δὴ
3225 5301 3292 5357 τὰ
3361 5302 3584 5376 μέγιστα
3649 5295 3780 5376 ἔχον

372 5397 763 5452 emolumenti
819 5398 1075 5455 allatura
1139 5400 1313 5468 foret,
1385 5417 1517 5456 cum
1576 5404 1770 5474 prima
1824 5420 2026 5459 rerum

2148 5405 2386 5474 κοσμεῖν
2423 5396 2580 5473 καὶ
2613 5397 2896 5452 συνέπεσον
2944 5396 2996 5450 οἳ
3045 5393 3307 5455 παθόντες
3352 5390 3516 5462 νόσῳ,
3562 5387 3786 5446 τούτους

379 5487 684 5544 creatione
715 5488 892 5544 simul
921 5489 1234 5559 illuceret;
1267 5490 1370 5561 qui
1398 5507 1534 5546 vero
1566 5490 1627 5546 in
1669 5492 1796 5563 ipso
1827 5509 2028 5549 rerum

442 5665 458 5699 ¹
494 5666 676 5723 Exod.
712 5685 824 5740 xxv,
855 5674 938 5723 2i.
1023 5671 1045 5706 ²
1076 5672 1254 5726 Exod.
1293 5689 1426 5742 xvn,
1465 5675 1485 5725 1
1523 5690 1687 5744 seqq.

1768 5675 1788 5708 ³
1819 5675 1997 5730 Exod.
2030 5690 2138 5742 XVI,
2175 5673 2197 5726 1
2235 5689 2399 5743 seqq.

2144 5487 2272 5564 μηδ’
2300 5486 2461 5565 ἐγγὺς
2491 5485 2737 5566 γενέσθαι
2757 5487 2857 5554 τὴν
2889 5482 3114 5560 πρῷτην
3145 5479 3254 5553 έᾷν.

2479 5674 2498 5708 ⁴
2527 5673 2667 5727 Gen.
2703 5686 2743 5741 ι,
2776 5671 2830 5738 2,
2866 5683 2982 5724 sec.
3017 5667 3181 5720 LXX.
3259 5661 3282 5695 ⁵
3313 5660 3530 5717 Coloss.
3567 5677 3625 5729 ιι,
3663 5661 3749 5714 20.
