4104 6300
256 318 319 381 13
1180 319 1442 381 srmo
1483 308 1563 378 IN
1610 298 2139 376 NA'erl'l‘ATEM
2182 306 2251 367 B.
2297 304 2372 370 ν.
2419 310 2716 372 mam.
3593 325 3668 383 υ

263 454 490 509 exordio
524 451 741 508 infecti
773 452 977 508 morbo
1011 458 1378 523 corruerunt,
1410 450 1633 508 nedum
1662 452 1729 504 ut
1752 446 1816 502 hi
1847 442 2027 517 primi
2080 442 2497 515 conderentur,
2550 462 2625 503 ne
2675 450 3169 507 committendum
3223 453 3464 524 quidem
3520 462 3667 527 erat,

264 547 318 597 ut
343 543 464 599 illis
493 542 696 598 initiis
729 542 904 598 vicini
935 548 1320 599 nascerentur
1349 541 1446 616 (1).

323 628 474 685 Ἀλλ’
524 632 716 702 οἶμαι,
769 629 1009 703 καθάπερ
1062 636 1178 695 τοῖς
1233 627 1474 686 ἀτελέσιν
1531 622 1610 683 ἔτι
1665 627 1754 682 καὶ
1810 644 1904 693 νη-

2094 624 2512 681 Verumtamen
2545 625 2697 683 sicut
2727 628 3089 701 imperfectis
3110 633 3303 689 adhuc
3320 639 3380 688 et
3399 637 3666 694 nondum

265 716 648 794 πιωδεστέροις
709 718 769 773 οὐ
825 719 1091 794 πρότερον
1149 724 1265 781 τοῖς
1328 719 1566 793 ὑψηλοῖς
1633 715 1909 791 προσιέναι

265 813 653 888 συγχωροῦμεν
689 813 796 864 τῶν
830 805 1027 884 ἔργων,
1057 806 1164 872 ἕως
1214 810 1272 863 ἄν
1328 807 1417 882 ἐξῇ
1470 807 1561 863 καὶ
1618 805 1763 880 παρὰ
1809 805 1910 867 τῆς

262 898 471 968 ἡλικίας
535 899 805 972 μειζόνων
861 899 1142 969 απτεσθαι,
1202 896 1247 952 εὶ
1310 896 1498 973 βούλει
1589 893 1666 967 δὲ,
1726 891 1910 967 ὥσπερ

263 992 369 1048 τοῖς
397 988 499 1056 τὴν
528 985 656 1061 ὂψιν
692 987 1082 1063 ἀσθενεστέροις
1135 985 1197 1041 οὐ
1247 991 1368 1047 ταῖς
1420 983 1683 1055 ἡλιακαῖς
1736 1001 1907 1056 προσ·

266 1070 481 1131 ϐάλλειν
515 1074 726 1150 αὐγαῖς,
778 1074 904 1149 πρὶν
956 1076 1017 1130 ἄν
1073 1072 1234 1146 ἱκανὴ
1289 1075 1659 1151 προσγένηται
1718 1072 1907 1145 ῥῶσις,

263 1164 333 1226 ὡς
362 1162 509 1239 φίλῳ
537 1169 618 1237 τῷ
649 1172 899 1243 φωστῆρι
932 1165 1317 1240 προσομιλεῖν’
1365 1160 1458 1219 τὸν
1495 1164 1615 1218 ἳσον
1667 1158 1732 1231 δὴ
1783 1158 1908 1234 τρό-

263 1274 355 1308 πον
383 1255 475 1309 καὶ
504 1257 618 1309 τῶν
652 1253 905 1310 ἁπάντων
963 1255 990 1309 ὁ
1040 1253 1281 1324 Κτίστης
1335 1251 1398 1310 τὰ
1447 1251 1757 1308 καινότατον
1808 1245 1911 1319 δηέ

266 1345 589 1421 μιοὺργημα
621 1348 807 1417 τοῦτο,
837 1343 899 1398 τὸ
933 1341 1279 1419 ὑψηλότατον
1313 1344 1510 1417 Θέαμα,
1553 1343 1644 1397 τόν
1680 1358 1909 1418 φωτοει-

263 1430 513 1491 δέστατον
554 1431 761 1506 δίσκον,
823 1435 925 1504 τὴν
983 1432 1377 1507 πολυύμνητον
1413 1434 1556 1509 λέγω
1614 1428 1906 1506 Παρθένον,

258 1528 370 1586 τοῖς
428 1520 629 1585 ἃλλοις
688 1530 1085 1593 συνυποστῆναι
1142 1527 1359 1598 πρῶτον
1417 1521 1514 1577 οὐκ
1578 1520 1717 1593 ᾢετο
1776 1516 1906 1576 δεῖν.

261 1610 530 1687 Ἐπείπερ,
594 1612 670 1675 ὡς
731 1612 854 1689 ἄρτι
910 1611 1032 1667 τότε
1092 1610 1639 1688 βρεωουργηθέντων,
1727 1603 1908 1667 οὐδεὶς

261 1699 321 1758 ἄν
357 1706 463 1757 τῶν
491 1700 665 1757 πάλαι
708 1700 772 1757 τὸ
828 1701 1414 1777 μεγαλοπρεπέστατον
1465 1702 1628 1755 τοῦτο
1675 1693 1907 1763 κάλλος,

258 1791 320 1846 τὸ
351 1792 705 1865 φαεινὸτατον
762 1790 854 1844 καὶ
903 1786 1184 1865 περίδοεον
1238 1786 1467 1863 ἕξαλμα,
1611 1791 1907 1861 προσῆκεν,

261 1881 379 1955 εἶχε
406 1885 711 1951 κατανοεῖν,
742 1876 835 1934 καὶ
866 1880 964 1948 τὴν
998 1877 1196 1934 ἐκεῖθεν
1229 1879 1409 1958 φέρειν
1448 1878 1656 1934 ἀκτῖνα.

2022 717 2192 768 astate
2216 715 2468 770 ﬁrmatis
2490 732 2609 772 non
2632 719 3053 791 permittimus,
3086 727 3152 777 ut
3180 740 3360 795 opera
3390 724 3669 783 sublimia

2020 803 2212 872 primo
2294 804 2731 878 aggrediantur,
2792 807 2979 863 donec
3037 811 3212 867 annis
3276 815 3535 885 provecti
3597 817 3669 871 iis

2019 892 2346 948 tractandis
2378 911 2551 966 pares
2601 897 2932 964 evaserint;
2966 904 3086 967 aut,
3120 901 3169 955 si
3198 904 3406 976 mavis,
3458 921 3668 976 quem-

2022 980 2341 1038 admodum
2375 984 2466 1051 iis,
2499 986 2601 1056 qui
2663 987 2853 1042 oculis
2904 993 3153 1043 utuntur
3213 991 3664 1063 infirmioribus,

2020 1071 2252 1127 veniam
2282 1090 2402 1129 non
2431 1073 2682 1132 facimus
2710 1081 2797 1143 ut,
2821 1083 3141 1150 antequam
3160 1080 3395 1138 videndi
3416 1084 3668 1142 facultas

2021 1160 2267 1218 idoneas
2297 1163 2450 1219 vires
2480 1167 2845 1237 acquisierit,
2876 1169 3073 1224 radios
3105 1171 3327 1227 solares
3353 1173 3666 1245 aspiciant,

2021 1254 2089 1305 ut
2148 1250 2285 1307 dein
2343 1269 2476 1308 cum
2525 1254 2821 1328 voluptate
2878 1252 3108 1328 possint
3163 1261 3415 1317 amicam
3472 1262 3666 1318 lucem

2021 1339 2239 1396 intueri
2265 1359 2278 1410 ;
2306 1343 2581 1401 eumdem
2612 1345 2673 1400 in
2705 1347 2966 1419 modum,
3002 1354 3065 1404 ut
3093 1350 3336 1421 quidem
3389 1352 3666 1423 arbitror,

2018 1447 2220 1486 rerum
2245 1434 2512 1489 omnium
2543 1440 2792 1505 creator,
2832 1439 3218 1496 novissimum
3250 1441 3360 1497 hoc
3392 1460 3538 1515 opus
3567 1444 3664 1516 (2),

2021 1523 2425 1591 spectaculum
2478 1524 2992 1596 sublimissimum,
3045 1534 3271 1585 astrum
3340 1532 3665 1606 fulgidissi—

2019 1626 2185 1664 mum
2215 1611 2314 1683 (3),
2344 1611 2666 1684 Virginem,
2701 1615 2966 1688 inquam,
3000 1620 3161 1674 omni
3179 1619 3352 1675 laude
3383 1621 3666 1693 dignissi-

2019 1715 2179 1754 mam
2210 1700 2667 1775 haudquaquam
2701 1705 2772 1760 ab
2804 1706 2972 1761 initio
3016 1724 3151 1762 cum
3199 1709 3330 1764 aliis
3379 1713 3666 1767 creaturis

2018 1787 2459 1859 producendam
2519 1810 2646 1849 esse
2705 1794 2956 1850 censuit.
3017 1796 3161 1852 Cum
3221 1798 3378 1852 enim
3445 1817 3553 1871 per
3606 1800 3668 1857 id

2019 1880 2303 1949 temporis
2327 1880 2387 1935 in
2402 1880 2657 1953 quadam
2672 1883 2923 1940 infantia
2933 1885 3246 1960 (homines)
3266 1895 3665 1960 versarentur,

261 1990 428 2028 nemo
480 1973 872 2043 antiquorum
929 1969 1581 2043 magnificentissimam
1633 1967 1788 2021 hanc
1846 1964 2377 2037 pulchritudinem,
2438 1988 2615 2028 nemo
2691 1973 3235 2045 splendidissimum
3318 1978 3431 2033 hoc
3487 1984 3666 2050 atque

262 2060 755 2134 gloriosissimum
779 2059 980 2132 jubar,
1014 2059 1212 2131 prouti
1243 2075 1351 2129 par
1380 2063 1486 2125 est,
1519 2053 1928 2125 contemplari,
1959 2059 2016 2108 et
2043 2053 2339 2128 fulgorem
2371 2058 2510 2115 inde
2534 2062 2887 2118 emicantem
2916 2064 3070 2119 ferre
3102 2066 3412 2137 potuisset.

330 2146 473 2205 Εἰδὲ
501 2171 585 2212 τις
632 2149 723 2203 καὶ
784 2146 925 2217 ὓλης
985 2147 1153 2223 λόγον
1206 2145 1421 2221 ἐπέχειν
1473 2143 1759 2217 προσείποι
1814 2141 1901 2196 καὶ

2088 2145 2307 2203 Contra
2329 2148 2376 2203 si
2409 2151 2541 2221 quis
2574 2153 2979 2222 contenderet,
3004 2160 3062 2210 et
3082 2155 3317 2226 cmlum,
3341 2162 3400 2213 et
3420 2161 3660 2237 terram,

264 2234 497 2313 οὐρανὸν,
531 2237 623 2292 καὶ
655 2239 785 2313 γῆν,
833 2234 921 2291 καί
975 2236 1263 2302 Θάλασσαν,
1309 2234 1399 2288 καὶ
1458 2233 1556 2288 ὅσα
1610 2238 1709 2302 τῆς
1764 2236 1908 2305 Παρ-

266 2327 408 2391 θένου
456 2326 729 2402 προῆλθε,
795 2322 887 2379 διὰ
965 2328 1128 2380 τοῦτο
1211 2323 1653 2399 προϋποστάντα,
1700 2317 1775 2373 ’ἶν’
1832 2317 1907 2381 εἰς

268 2416 671 2488 συντέλειαντῷ
722 2412 944 2490 πλάστῃ
994 2417 1258 2488 προτεθῇ,
1314 2413 1412 2481 τῆς
1472 2408 1908 2480 εἶδοποιηθείσης

263 2514 440 2577 καινῆς
487 2528 547 2561 τε
592 2506 684 2561 καὶ
746 2500 1139 2580 ἂπαρσμὶλλου
1207 2500 1439 2574 στήλης,
1496 2499 1640 2578 φημὶ
1699 2497 1757 2554 δὲ
1811 2499 1909 2568 τήν

266 2597 549 2673 πάναγνον,
581 2597 656 2668 μὴ
688 2593 887 2672 πόρῥω
920 2593 1156 2669 βάΛλαιν
1198 2598 1299 2662 τῆς
1345 2589 1607 2661 ἀληθείας
1663 2587 1788 2663 ἐμοὶ
1822 2584 1909 2642 δο-

270 2688 368 2737 κεῖ’
402 2683 437 2752 ἢ
464 2680 699 2758 δένδρεσι
731 2683 906 2738 πάντα
954 2678 1236 2757 ἀναλογεῖν
1294 2680 1494 2748 ἐκεῖνα,
1528 2678 1577 2734 εἴ
1603 2676 1694 2734 καὶ
1746 2681 1907 2733 τοῦτο

268 2764 387 2840 δοίη
418 2792 519 2843 τις,
554 2772 642 2826 τὸν
687 2772 1026 2847 ὡραιότατον
1086 2767 1152 2838 δὴ
1212 2772 1399 2824 τοῦτον
1460 2767 1551 2822 καὶ
1603 2762 1907 2840 παράδοξον

265 2857 510 2915 ὠδίνουσι
566 2861 799 2935 καρπὸν,
889 2857 998 2934 οὐχ
1089 2858 1426 2933 ἁμαρτήσειν
1514 2856 1756 2932 ἡγοῦμαι
1810 2855 1908 2906 τοῦ

260 2949 487 3014 δέοντος.

320 3225 497 3282 Τοῦτο
529 3220 588 3279 δέ
618 3243 715 3297 μοι
782 3218 935 3276 δοκῶ
977 3218 1066 3293 καὶ
1114 3219 1176 3276 τὸ
1224 3220 1368 3276 θεῖον
1422 3215 1750 3273 αἰνίττεσθαι
1807 3214 1907 3271 λό-

259 3333 396 3387 γιον,
454 3319 531 3383 Γῆ
595 3309 793 3381 ἔδωκε,
855 3310 1081 3388 φάσκον,
1140 3309 1232 3364 τὸν
1290 3308 1496 3385 καρπὸν
1556 3304 1744 3372 αὒτῆς·
1803 3312 1905 3379 γῆν

262 3404 347 3473 μὲν
408 3402 607 3457 ὡσανεὶ
662 3402 732 3456 τὰ
789 3399 1055 3478 γεγονότα
1137 3396 1519 3472 διασημαῖνον,
1586 3395 1789 3473 καρπὸν
1851 3391 1908 3449 δὲ

2019 2238 2077 2288 et
2106 2252 2291 2307 mare,
2323 2243 2501 2309 atque
2531 2241 2732 2298 omnia
2762 2260 3132 2315 quaecunque
3181 2250 3317 2301 ante
3366 2247 3663 2321 Virginem

2017 2334 2469 2396 praecesserunt,
2504 2331 2766 2387 materiae
2797 2333 2984 2388 vicem
3016 2334 3368 2403 obtinuisse,
3406 2354 3472 2392 ac
3520 2354 3663 2409 pro-

2016 2416 2221 2485 pterea
2260 2417 2423 2488 prius
2475 2418 2648 2475 fcisse
2707 2420 3014 2492 producta,
3076 2427 3143 2477 ut
3188 2428 3405 2495 praesto
3464 2430 3664 2481 essent

2016 2500 2242 2558 Factori
2260 2504 2332 2559 ad
2352 2504 2773 2564 elaborandam
2787 2526 2998 2565 novam
3014 2510 3169 2566 hanc
3194 2512 3659 2583 pulcherrimam

2019 2595 2075 2645 et
2091 2592 2617 2666 incomparabilem
2629 2598 3457 2668 formam,innocentissimam
3469 2620 3667 2675 nempe

2017 2679 2319 2753 Virginem
2347 2698 2361 2750 ;
2395 2686 2671 2756 equidem
2697 2688 2749 2742 is
2778 2705 2899 2743 non
2929 2689 3135 2760 procul
3164 2707 3199 2745 a
3228 2708 3362 2746 vero
3385 2692 3663 2748 aberrare

2015 2772 2161 2824 mihi
2192 2772 2509 2829 videretur.
2544 2777 2601 2830 Si
2629 2778 2762 2846 quis
2795 2779 2973 2832 etiam
3004 2781 3208 2833 omnia
3228 2780 3331 2834 illa
3352 2780 3663 2839 arboribus

2016 2861 2411 2930 comparanda
2442 2879 2570 2916 esse
2602 2864 2845 2930 diceret,
2879 2881 3011 2936 qua)
3034 2866 3191 2921 hunc
3223 2884 3362 2923 sane
3393 2869 3666 2940 pulcher-

2012 2945 2233 3004 rimum
2265 2954 2324 3003 et
2351 2949 2769 3007 admirandum
2816 2951 3074 3009 fructum
3127 2954 3437 3025 dederint;
3471 2958 3662 3013 haud-

2015 3058 2335 3114 quaquam,
2381 3041 2758 3111 crediderim,
2809 3043 2881 3099 ab
2937 3061 3027 3110 eo,
3078 3045 3235 3116 quod
3285 3048 3664 3105 sentiendum

2016 3137 2125 3200 est,
2159 3131 2270 3187 iste
2301 3130 2665 3189 deflecteret.

2082 3216 2149 3275 Id
2181 3226 2381 3277 autem
2413 3218 2776 3279 subobscure
2834 3223 3084 3282 innuere
3138 3226 3285 3282 mihi
3328 3227 3561 3284 videtur
3609 3234 3667 3286 et

2015 3309 2277 3366 divinum
2337 3310 2485 3367 illud
2550 3312 2882 3384 oraculum,
2933 3314 3091 3385 quod
3134 3317 3257 3371 ait:
3307 3320 3474 3373 Terra
3511 3318 3666 3373 dedit

2011 3402 2258 3468 fructum
2294 3418 2452 3457 suum
2480 3400 2524 3470 δ,
2567 3406 2739 3457 terrae
2790 3419 3003 3477 nempe
3053 3406 3295 3462 nomine
3345 3408 3661 3481 designans

259 3493 355 3559 τὴν
384 3491 681 3566 Πάντιμον·
715 3490 779 3545 οὐ
840 3489 948 3564 γὰρ
998 3485 1093 3542 δύο
1139 3492 1249 3542 τῶν
1301 3485 1624 3559 ποιημάτιον
1657 3486 1693 3554 ἢ
1722 3487 1907 3559 τριῶν,

2024 3507 2089 3546 ea
2120 3507 2249 3562 qua:
2281 3491 2568 3562 producta
2604 3489 2857 3561 fuerant,
2890 3492 3149 3550 fructum
3189 3512 3324 3551 vero
3359 3494 3664 3570 appellans

259 3579 292 3647 ἢ
352 3577 569 3642 δεκάκις
624 3576 908 3635 τοσούτων
964 3573 1291 3651 συνδρομῆς,
1349 3574 1498 3631 ἀλλὰ
1550 3573 1640 3629 καὶ
1697 3570 1905 3653 σφόδρα

254 3667 527 3723 πλειόνων
565 3668 704 3744 πρὸς
757 3665 1191 3741 τελεσιουργίαν,
1249 3665 1312 3721 τὸ
1370 3660 1904 3738 καλλιπρεπέστατον

250 3761 411 3814 τοῦτο
440 3756 533 3813 καὶ
564 3762 708 3823 θεῖον
738 3754 917 3812 ἐδεῖτο
948 3752 1264 3828 κειμήλιον.

316 4040 391 4097 Γ.
426 4033 608 4093 Ἀλλὰ
635 4034 690 4090 τί
737 4037 904 4089 τοῦτο
964 4030 1155 4109 λέγω,
1216 4024 1445 4092 Οὐδενὸς
1500 4031 1609 4084 τῶν
1665 4032 1904 4104 γενητῶν

249 4120 455 4180 δεῖσθαι
487 4125 589 4193 τήν
612 4121 883 4196 μακαρίαν
916 4120 1056 4194 πρὸς
1085 4117 1288 4194 γένεσιν
1340 4119 1555 4188 ἑαυτῆς,
1609 4117 1684 4180 εἷς
1739 4117 1906 4192 βάθος

248 4221 492 4295 φανεῖται
555 4217 872 4270 σκοποῦντι·
943 4207 1184 4285 μάλιστα
1240 4210 1344 4284 γὰρ
1405 4215 1549 4265 πᾶσα
1605 4210 1640 4278 ἡ
1683 4209 1906 4279 ποίησις

246 4305 455 4375 ταῦτης
510 4302 691 4359 ἐδεῖτο
750 4301 889 4378 πρός
947 4321 1006 4354 τε
1062 4299 1395 4375 παραγωγὴν
1471 4297 1560 4352 καὶ
1610 4299 1712 4367 τὴν
1775 4298 1910 4371 μετὰ

240 4400 409 4451 τοῦτο
462 4392 848 4469 διακόσμησιν.
900 4396 1016 4460 Τῆς
1068 4390 1169 4465 γὰρ
1214 4390 1351 4465 πρὸς
1397 4389 1459 4445 τὸ
1516 4393 1759 4464 κρεῖττον
1809 4386 1912 4444 ἆλ-

241 4483 534 4548 λοιώσεως
564 4487 598 4556 ἡ
660 4482 934 4560 Παρθένος
995 4485 1173 4557 σαφῶς
1232 4483 1391 4535 πᾶσιν
1451 4477 1599 4534 αἰτία
1654 4481 1905 4550 κατέστη·

242 4575 334 4629 καὶ
365 4575 412 4631 εἰ
450 4576 528 4647 μή
581 4576 748 4630 τοῦτο
800 4565 1058 4644 ἔμελλεν,
1117 4566 1231 4624 οὐδ’
1276 4566 1336 4624 ἂν
1389 4565 1626 4641 ἐμέλησε
1682 4573 1760 4641 τῷ
1799 4576 1911 4640 Δη⁴

2018 3576 2311 3652 Virginem
2341 3579 2502 3636 omni
2533 3581 2759 3637 honore
2791 3582 3223 3656 dignissimam.
3268 3586 3469 3657 Neque
3498 3586 3662 3641 enim

2015 3667 2243 3724 duabus
2273 3672 2376 3722 aut
2404 3667 2593 3723 tribus
2625 3675 2729 3725 aut
2771 3671 2951 3726 etiam
2998 3671 3197 3727 decies
3247 3673 3661 3747 multiplicatis

2015 3756 2322 3825 creaturis,
2356 3755 2461 3811 sed
2490 3754 2664 3828 longe
2695 3757 2957 3828 plurium
3001 3777 3297 3817 concursu
3347 3779 3494 3834 opus
3539 3766 3664 3817 erat

2015 3847 2089 3905 ad
2146 3845 2699 3920 splendidissimum
2758 3846 2869 3903 hoc
2917 3846 3299 3920 divinumque
3356 3850 3665 3906 cimelium

2013 3934 2469 4011 perﬁciendum.

2088 4028 2185 4084 III.
2220 4028 2569 4097 Quanquam
2616 4043 2722 4083 cur
2767 4027 2828 4083 id
2875 4027 3157 4085 afﬁrmo?
3211 4030 3478 4087 Profecto
3533 4047 3661 4086 rem

2016 4118 2276 4191 penitius
2305 4115 2698 4189 perpendenti
2728 4116 2923 4189 palam
2968 4119 3089 4187 ﬂet,
3140 4120 3308 4177 nulla
3353 4139 3598 4194 prorsus
3631 4139 3664 4175 ο

2019 4208 2304 4265 creaturis
2333 4207 2568 4262 beatam
2594 4206 2783 4277 illam,
2806 4213 2873 4264 ut
2902 4208 3042 4264 oriri
3073 4211 3623 4285 posset,indiguisse
3650 4228 3664 4279 ;

2018 4318 2158 4358 nam
2189 4303 2395 4355 contra
2419 4298 2711 4352 universas
2755 4296 2873 4352 imo
2926 4304 3211 4355 creaturae
3259 4306 3384 4356 tum
3426 4306 3493 4355 ut
3522 4318 3667 4357 con-

2021 4392 2323 4458 derentur,
2358 4392 2481 4442 tum
2510 4391 2577 4441 ut
2609 4385 2823 4442 deinde
2857 4394 3070 4444 ornatu
3100 4390 3550 4460 perficerentur,
3601 4406 3672 4443 ea

2021 4479 2420 4550 indiguerunt.
2456 4475 2524 4529 Et
2553 4491 2694 4531 sane
2726 4476 2898 4549 Virgo
2930 4477 3205 4533 omnibus
3234 4476 3441 4547 procul
3489 4476 3669 4531 dubio

2025 4588 2205 4630 causa
2233 4567 2458 4626 exstitit
2485 4566 2879 4622 restitutionis
2911 4567 2974 4622 in
3003 4568 3237 4622 melius.
3270 4567 3392 4622 Nisi
3421 4582 3556 4622 vero
3586 4567 3674 4622 fu-

248 4669 505 4740 μιουργῷ
553 4667 656 4733 τῆς
710 4659 897 4730 ἁπλῆς
954 4656 1161 4731 ἐκείνης
1225 4656 1613 4738 δημιουργίας,
1664 4657 1805 4716 ὥστε
1849 4661 1911 4717 τᾶ

2026 4666 2226 4719 turum
2257 4657 2317 4714 id
2345 4655 2572 4724 fuisset,
2607 4670 2801 4727 neque
2833 4654 2907 4711 de
2934 4654 3224 4711 universis
3272 4654 3435 4719 hisce
3465 4672 3675 4713 crean-

319 4809 342 4843 ⁸
370 4809 524 4865 Psai.
557 4822 714 4871 va1,
749 4809 806 4861 6.

1600 4898 1749 4959 Ant.
1780 4896 2081 4960 Ballerini
2112 4899 2302 4959 notae.

331 5023 411 5094 (ι)
460 5021 792 5078 Meridiana
838 5019 1001 5094 luce‘
1032 5018 1401 5094 manifestius
1452 5026 1565 5089 est,
1623 5020 1924 5094 Virginem

255 5090 573 5165 Deiparam
605 5095 705 5149 hic
735 5090 1005 5164 supponi
1035 5091 1235 5165 aAvitio
1265 5091 1365 5148 illo
1415 5090 1773 5163 exemplain,
1802 5109 1923 5164 quo

253 5163 458 5220 caeteri
482 5166 689 5221 infecti
718 5163 1034 5221 dicuntur.
1058 5163 1352 5227 Quaeritur
1365 5165 1553 5229 enim,
1578 5180 1686 5219 cur
1709 5163 1925 5220 nonin

256 5234 405 5315 ipsis
430 5237 635 5320 mundi
655 5234 1016 5320 primordiis
1040 5241 1234 5316 creata
1255 5235 1719 5320 illa-ilfuerinttqnai
1742 5241 1926 5291 teter-

254 5306 475 5379 rimum
507 5306 822 5365 hominum
852 5307 1092 5377 lapsum
1123 5306 1482 5379 impeditura
1512 5307 1741 5361 fuisset.

336 5378 412 5447 (2)
444 5381 553 5435 Fac
586 5382 884 5448 advertas,
922 5377 1228 5433 novitatem
1251 5377 1321 5434 de
1352 5379 1484 5450 ipsa
1515 5378 1768 5449 Virginis
1793 5379 1924 5448 pla-

255 5454 527 5507 smatione
555 5451 900 5523 praedicari.

334 5522 408 5590 (3)
436 5520 773 5595 Metaphora
794 5542 832 5580 a
864 5535 1121 5595 corpore
1156 5522 1513 5595 cmlestiseu
1534 5525 1692 5595 astro
1725 5520 1925 5590 splen-

262 5589 625 5672 dentissimo,
657 5589 1140 5672 cujusmodi‘ex.
1184 5610 1267 5665 gr.
1322 5593 1410 5672 sol
1451 5599 1573 5672 e_st_,‘
1612 5589 1927 5672 desumpta

264 5661 343 5716 ad
376 5659 659 5737 Virginem
690 5659 1141 5739 désignandam
1168 5659 1450 5738 usurpata
1467 5664 1582 5720 fuit
1602 5662 1675 5718 ab
1706 5659 1927 5735 insigni

2035 5035 2273 5098 quoque
2330 5010 2740 5098 Chrysostomi‘
2780 5011 3073 5098 discipulo
3117 5032 3184 5098 ac
3231 5017 3685 5098 successonrejn

2034 5084 2864 5161 sede'Constantinopolitana
2894 5084 3101 5161 Proclo
3141 5090 3313 5161 (orat.
3346 5094 3380 5144 6
3403 5091 3464 5144 in
3490 5090 3543 5143 S.
3576 5088 3679 5143 Dei

2034 5162 2416 5239 Genttricem,
2446 5173 2507 5211 ιι.
2560 5159 2644 5239 Γζ,
2671 5158 2972 5239 _Gal_land_._
3006 5158 3157 5239 tom.
3193 5161 3301 5239 _]X,
3357 5176 3486 5232 pag.
3532 5162 3681 5239 (146).

2033 5232 2292 5302 Attende
2319 5244 2492 5302 prorre
2522 5228 2748 5302 sedulo,
2783 5231 2878 5286 hic
2914 5231 3228 5302 disputari,
3283 5228 3409 5296 cur,
3440 5228 3683 5302 potius-

2036 5322 2214 5377 quam
2246 5301 2317 5357 ab
2349 5300 2924 5381 initiomundi'cum
2956 5300 3090 5381 aliis
3121 5303 3426 5381 creaturis,
3447 5300 3675 5381 forma-

2038 5372 2163 5432 t—um
2195 5372 2493 5451 posterius
2522 5372 2949 5451 lucidissimum
2985 5374 3095 5451 hoc
3115 5373 3289 5451 Isidus
3310 5372 3489 5451 fuerit
3532 5372 3678 5435 Ergo

2035 5465 2157 5504 non
2199 5444 2397 5501 minus
2444 5444 2765 5499 absurdum
2824 5449 2910 5498 est
2957 5444 3316 5515 existimare.
3370 5444 3678 5515 Deiparam

2034 5520 2221 5575 Adam
2252 5522 2559 5587 peccatum
2607 5516 2991 5587 contraxisse,
3038 5530 3219 5583 quam
3265 5513 3564 5587 absonum.
3602 5512 3679 5587 sit

2035 5575 2311 5662 reputare
2335 5587 2541 5662 eodem
2559 5590 2798 5657 peccato
2820 5587 2879 5641 in
2892 5575 2988 5641 ﬁci
3006 5575 3139 5640 eam
3158 5589 3295 5640 ante
3316 5584 3511 5652 ipsum
3536 5575 3677 5633 Adae

2039 5657 2274 5733 lapsum
2305 5657 2586 5731 potuisse.
