4104 6300
377 364 453 422 15
1533 355 1824 417 Ismom
1868 353 2624 420 THESSALONICENSIS
3711 359 3788 418 16

375 491 466 546 dis
496 491 776 548 Conditor
803 489 976 562 plane
1032 490 1362 562 cogitasset.
1418 491 1792 558 Quaecunque
1845 487 2026 559 igitur

2154 487 2553 562 τροϋπάρξαντα
2609 485 2702 543 διὰ
2754 488 2954 558 ταύτης
3013 485 3238 556 ὑπέστη·
3297 487 3389 541 καὶ
3445 489 3509 556 ἦν
3569 485 3672 561 ἄρα
3724 486 3794 541 τὰ

376 586 512 636 ante
545 597 674 636 eam
705 579 966 647 fuerunt,
1023 579 1212 650 ipsius
1263 577 1450 650 gratia
1507 576 1940 642 substiterunt;
1972 581 2032 630 et

377 669 598 725 idcirco
621 669 801 740 (quod
831 685 972 724 sane
997 667 1356 740 stupendum
1381 666 1489 737 est)
1520 683 1652 736 quae
1667 665 1796 736 jam
1829 669 2030 722 creata

377 764 566 823 erant,
591 759 738 832 ipsa,
774 775 905 829 quae
935 757 1128 812 adhuc
1159 761 1285 810 erat
1314 755 1592 818 creanda,
1617 760 1682 808 ut
1703 753 2026 809 conderen-

379 851 498 914 tur,
528 846 873 918 indigebant
899 863 913 912 ;
946 863 1012 900 ac
1044 861 1192 900 nova
1222 861 1464 916 prorsus
1494 843 1722 897 ratione
1748 842 1876 913 ipsa
1905 842 2030 896 sola

2136 576 2395 651 γεγονότα
2433 574 2752 654 παραδόξως
2781 584 2882 646 τῆς
2929 575 3295 650 γενησομένης
3351 577 3486 651 πρὸς
3535 577 3597 631 τὸ
3647 575 3793 652 γενέ-

2139 674 2262 727 σθαι
2295 663 2548 737 δεόμενα,
2579 665 2670 721 καὶ
2727 667 2868 740 μόνη
2927 669 3126 726 καινῶς
3185 663 3314 726 τοὺς
3369 665 3602 742 πατέρας
3658 685 3800 740 προ-

2139 751 2304 808 έτεκε·
2351 759 2615 811 τοσοῦτον
2649 757 2682 825 ἡ
2717 753 2986 830 Παρθένος
3040 758 3146 808 τῶν
3196 753 3290 809 τὸν
3348 755 3468 828 βίον
3529 753 3798 828 προειλη-

2141 841 2322 910 φότων
2351 841 2570 906 οὐδενὸς
2611 841 2831 914 έδεήθη.

381 951 520 992 suos
551 935 613 989 in
643 941 1014 991 antecessum
1045 935 1275 1006 peperit
1304 937 1602 1004 parentes.
1636 932 1796 986 Adeo
1831 931 2070 986 nemine
2104 947 2330 1002 eorum,
2365 934 2582 1005 quibus
2625 935 2874 1007 contigit
2927 939 3063 990 ante
3111 935 3300 1007 ipsam
3348 935 3564 1002 vivere,
3625 935 3796 1007 Virgo

380 1024 638 1097 indiguit
667 1024 679 1078 l

453 1115 544 1168 IV.
605 1113 718 1168 Sed
771 1118 1062 1184 praeterea
1119 1111 1358 1166 diversa
1415 1127 1650 1182 quoque
1719 1126 1753 1164 a
1809 1109 2040 1164 cmteris

385 1203 837 1273 quibuscunque
885 1201 1122 1274 penitus
1184 1201 1314 1270 ipsa
1365 1205 1472 1255 est.
1535 1199 1685 1264 Quid
1743 1203 1833 1253 est
1883 1198 2042 1254 enim

381 1293 540 1346 inter
569 1295 798 1346 creatas
831 1307 926 1344 res
956 1307 1185 1356 omnes,
1227 1289 1386 1360 quod
1417 1305 1602 1360 prope
1633 1287 1707 1343 ad
1739 1287 2040 1342 admiran-

383 1379 526 1436 dum
557 1380 668 1434 hoc
699 1380 844 1433 artis
874 1395 1022 1450 opus
1051 1378 1314 1446 accedat,
1365 1378 1537 1448 cujus
1587 1375 2038 1447 pulchritudine

385 1470 477 1524 vel
509 1471 636 1540 ipse
669 1474 875 1540 captus
906 1469 1015 1522 fuit
1061 1467 1360 1535 Conditor,
1415 1466 1571 1520 unde
1621 1473 1676 1520 et
1727 1465 1876 1520 illud
1928 1464 2041 1519 sibi

383 1558 651 1613 omnium
683 1557 1018 1612 arctissima
1048 1557 1404 1628 cognatione
1437 1553 1746 1609 devinxit?
1776 1553 2034 1622 Etenim,

386 1662 572 1700 orem
617 1646 778 1700 omni
836 1644 1228 1700 admiratione
1278 1640 1610 1714 majorem!
1662 1647 1728 1696 ut
1781 1641 1879 1696 illa
1929 1640 2040 1696 sibi

388 1741 581 1791 mater
611 1741 786 1804 esset,
827 1735 954 1806 ipse
1013 1733 1341 1800 constituit,
1401 1731 1581 1787 veluti
1638 1736 1822 1800 ratus,
1884 1730 2042 1786 haud

2223 1109 2298 1164 A'.
2339 1111 2460 1166 Ἔτι
2493 1107 2551 1164 δὲ
2589 1110 2680 1165 καὶ
2727 1113 2864 1186 πρὸς
2899 1110 3070 1166 πάντα
3125 1109 3538 1186 παρήλλακταιο
3588 1113 3641 1166 τί
3690 1112 3796 1187 γὰρ

2147 1201 2256 1254 τῶν
2287 1197 2599 1273 γενομένων
2644 1201 2869 1255 πώποτε
2923 1201 3121 1277 γένοιτ’
3174 1201 3236 1254 ἂν
3287 1199 3670 1276 παραπλήσιον
3720 1205 3800 1272 τῷ

2150 1285 2284 1360 ξένῳ
2323 1286 2501 1360 τούτῳ
2530 1289 2864 1366 τεχνήματι,
2908 1289 2970 1342 οὗ
3019 1292 3116 1342 τοῦ
3165 1286 3406 1350 κάλλους
3459 1289 3546 1344 καὶ
3583 1289 3610 1342 ὁ
3658 1287 3802 1342 πλοί-

2152 1395 2282 1444 στης
2317 1376 2486 1446 ἑάλω,
2526 1377 2617 1430 καὶ
2669 1377 2745 1438 εἰς
2803 1377 3066 1452 μεγίστην
3125 1377 3299 1449 ἑαυτῷ
3350 1375 3601 1446 συνέδησε
3643 1381 3803 1432 τοῦτο

2151 1465 2512 1540 συγγένειαν;
2573 1465 2800 1542 Μητέρα
2856 1467 2958 1542 γὰρ
3015 1467 3078 1520 τὸ
3162 1464 3595 1540 παραδοξότατον
3653 1467 3805 1540 γενέ-

2153 1556 2272 1608 σθαι
2329 1554 2726 1628 παρεσκεύασεν
2817 1555 3030 1625 ἑαυτοῦ,
3127 1555 3308 1628 ὥσπερ
3387 1555 3489 1610 οὐκ
3546 1556 3800 1629 ἀποχρῆν

2151 1639 2338 1703 ἄλλως
2391 1641 2698 1716 ἡγούμενος
2787 1639 3115 1714 ἐνδείξασθαι
3193 1644 3294 1712 τήν
3372 1650 3474 1712 τῆς
3529 1643 3804 1716 πανάγνου

2155 1730 2576 1806 μεγαλειότητα,
2629 1731 2674 1786 εἰ
2711 1733 2786 1804 μὴ
2838 1737 2907 1806 τῇ
2961 1733 3154 1807 πρώτῃ
3213 1736 3321 1787 τῶν
3375 1731 3438 1787 ἐκ
3491 1731 3806 1810 συγγενείας

391 1823 564 1878 aliter
589 1823 1095 1878 innocentissimaa
1135 1821 1294 1876 illius
1341 1820 1848 1892 magniﬁcentiam
1899 1820 2040 1875 satis

2154 1819 2422 1875 οῗκειώσει
2481 1822 2756 1896 χρήσαιτο
2813 1821 2949 1896 πρὸς
3012 1822 3204 1891 αὐτὴν,
3264 1819 3414 1896 λέγω
3463 1819 3520 1876 δὲ
3577 1825 3647 1894 τῇ
3704 1827 3806 1890 τῆς

393 1911 627 1967 ostendi
657 1929 852 1984 posse,
889 1911 1006 1966 nisi
1037 1927 1273 1966 summa
1329 1911 1596 1965 omnium
1645 1908 2041 1978 necessitudo,

392 2008 668 2056 materna
698 2001 946 2067 scilicet,
979 2017 1096 2071 qua
1124 1999 1276 2054 nihil
1306 1999 1525 2054 arctius
1569 1999 1726 2053 inter
1773 1999 2046 2053 homines

386 2097 491 2146 aut
513 2089 923 2146 honorabilius
972 2105 1102 2146 esse
1153 2088 1446 2158 novimus,
1499 2087 1739 2144 sibimet
1788 2104 1922 2143 cum
1976 2103 2048 2143 ea

383 2181 808 2237 intercederet.

463 2269 627 2336 Quod
659 2287 792 2325 vero
823 2275 1042 2326 nostra;
1084 2286 1320 2340 quoque
1370 2268 1574 2323 formm
1622 2267 1724 2322 illa
1770 2267 1926 2322 facta
1972 2266 2050 2322 sit

384 2359 711 2430 particeps,
735 2359 794 2414 id
826 2376 966 2415 sane
991 2358 1154 2414 nulla
1177 2357 1292 2412 alia
1314 2357 1386 2412 de
1409 2373 1586 2412 causa
1607 2357 1830 2411 factum
1857 2355 2044 2411 fuisse

389 2447 661 2516 dixerim,
698 2465 876 2518 quam
909 2453 972 2502 ut
1002 2449 1094 2516 iis,
1131 2447 1482 2518 quibuscum
1521 2461 1903 2500 communem
1937 2445 2046 2499 ha-

394 2537 524 2592 buit
571 2543 868 2604 naturam,
927 2539 1118 2593 forma
1176 2553 1411 2609 quoque
1479 2535 1809 2592 sanctitatis
1868 2540 2046 2604 atque

389 2625 718 2682 honestatis
745 2628 912 2681 ﬁeret
935 2645 946 2680 :
971 2633 1035 2681 ut
1066 2627 1220 2682 sicut
1248 2626 1637 2697 complantati
1669 2625 1806 2679 facti
1839 2639 2046 2678 sumus

387 2714 768 2769 similitudini
835 2713 856 2746 ⁷
914 2715 1100 2770 beata}
1154 2714 1314 2769 illius
1375 2714 1707 2782 divinaeque
1765 2711 2044 2782 imaginis

389 2803 584 2869 (liceat
617 2804 777 2858 enim
808 2803 953 2858 mihi
985 2803 1139 2858 bona
1169 2820 1302 2858 cum
1336 2803 1537 2858 eximii
1570 2801 1734 2856 Pauli
1761 2801 1932 2855 venia
1981 2799 2044 2854 in

391 2891 502 2945 hac
531 2907 594 2945 re
653 2893 830 2946 verba
889 2893 1018 2961 ejus
1074 2891 1409 2962 usurpare),
1470 2892 1552 2946 ita
1609 2896 1666 2946 et
1721 2889 2046 2961 gratiarum

387 2979 577 3050 ipsius
601 2979 919 3050 participes
941 2993 1208 3031 essemus
1229 2981 1322 3047 (4).
1341 2978 1508 3040 Quod
1535 2977 1735 3045 itaque
1763 2977 2045 3030 eximium

391 3067 505 3120 hoc
537 3081 715 3134 supra
736 3063 1004 3118 ordinem
1032 3069 1260 3117 naturas
1284 3079 1452 3134 opus,
1479 3061 1637 3132 quod
1661 3062 2046 3118 simulacrum

395 3155 508 3208 hoc
542 3169 696 3208 novo
739 3153 952 3208 decore
1005 3151 1257 3224 fulgens,
1307 3168 1439 3222 quea
1491 3168 1560 3206 eo
1610 3167 1798 3222 usque
1847 3151 2047 3224 gloriaa

397 3243 710 3314 processit,
739 3248 807 3298 ut
838 3257 1084 3297 aureum
1141 3244 1586 3296 construeretur
1633 3241 1751 3296 Deo
1799 3239 2045 3313 dignum

397 3331 822 3401 habitaculum,
855 3331 1014 3402 quod
1045 3331 1239 3402 Virgo,
1271 3331 1536 3402 inquam,
1596 3331 1909 3402 progenita
1940 3331 2044 3385 ho-

397 3421 609 3476 dierna
637 3419 732 3474 die
757 3419 956 3489 fuerit,
987 3420 1100 3476 hoc
1130 3425 1239 3488 est,
1281 3419 1439 3490 quod
1471 3419 1722 3475 salemni
1753 3424 2046 3474 conventu

391 3509 788 3577 celebramus,
827 3509 1048 3564 festum
1109 3509 1338 3580 agimus
1396 3508 1617 3564 Natalis
1673 3509 1802 3582 ejus
1861 3509 2043 3578 diem,

387 3597 743 3670 praacelsum
775 3603 950 3669 atque
1004 3604 1318 3670 augustum
1371 3598 1742 3670 mysterium,
1791 3597 2043 3670 Virginis

395 3688 787 3756 nativitatem,
823 3687 1098 3743 fidelibus
1128 3689 1406 3744 omnibus
1437 3689 1884 3745 annuntiantes.

469 3777 533 3830 V.
558 3777 804 3846 Jamque
833 3777 908 3831 ad
936 3777 1048 3830 hoc
1079 3777 1428 3848 mysterium
1460 3777 1724 3832 animum
1775 3777 2046 3832 adverta-

392 3880 547 3920 mus.
580 3865 726 3921 Cum
781 3867 1059 3924 universa
1109 3867 1260 3922 Deus
1319 3871 1599 3934 creasset,
1645 3865 2046 3936 pronuntiavit

397 3971 466 4009 ea
485 3954 652 4009 valde
701 3955 856 4008 bona
907 3972 1034 4009 esse
1084 3957 1181 4021 (5).
1243 3955 1555 4010 Hominem
1613 3972 1787 4026 porro
1845 3971 2044 4009 rerum

392 4043 606 4100 harum
638 4043 904 4098 omnium
935 4043 1350 4114 spectabilium
1383 4047 1440 4098 et
1468 4043 2042 4116 speciosissimarum

386 4131 721 4202 principem
752 4131 1060 4186 constituit
1087 4149 1101 4198 ;
1135 4149 1328 4202 neque
1361 4132 1471 4187 hoc
1502 4131 1718 4201 solum,
1755 4131 1858 4186 sed
1890 4148 2044 4203 prai-

385 4223 549 4274 terea
599 4224 788 4275 morte
849 4225 906 4274 et
963 4221 1342 4292 corruptione
1395 4222 1763 4292 superiorem
1823 4221 2039 4292 etTecit,

383 4309 633 4380 gloriam
667 4325 924 4380 quoque,
961 4327 990 4365 e
1023 4325 1140 4380 qua
1169 4309 1446 4365 seductus
1490 4309 1766 4382 (Diaboli)
1821 4309 2042 4364 invidia

383 4397 623 4468 excidit,
655 4399 1061 4470 aequalitatem
1099 4415 1313 4470 nempe
1362 4416 1498 4455 cum
1549 4400 1688 4468 Deo,
1751 4403 2041 4468 quantum

385 4504 569 4560 capax
597 4488 728 4560 ejus
760 4494 936 4556 esset,
972 4489 1073 4560 qui
1107 4505 1136 4543 e
1170 4488 1313 4544 limo
1345 4488 1594 4544 eductus
1625 4489 1836 4555 fuerat,
1898 4503 2036 4542 con-

2153 1909 2384 1984 μητρὸς,
2425 1909 2493 1978 ἧς
2539 1907 2695 1964 οὐδὲν
2754 1909 2866 1964 οὔτ’
2928 1909 3253 1984 οἰκειότερον
3308 1911 3428 1966 κατ’
3485 1911 3801 1984 ἀνθρώπους

2155 1996 2252 2070 ’ἰσμ
2263 2017 2314 2052 εν
2349 1994 2472 2053 οὔτε
2513 1993 2977 2075 σεϐασμιώτερον.

2225 2251 2290 2307 El
2335 2248 2393 2306 δὲ
2441 2253 2526 2307 καὶ
2577 2253 2679 2322 τῆς
2731 2251 2901 2322 αὐτῆς
2955 2253 3092 2324 ἡμῖν
3154 2251 3382 2328 μετέσχε
3443 2259 3659 2330 μορφῆς
3711 2253 3799 2308 καὶ

2151 2345 2187 2412 ἡ
2238 2342 2528 2418 πάναγνος,
2588 2339 2658 2397 δι’
2715 2339 2888 2412 οὐδὲν,
2952 2341 3166 2415 ε’ἰποιμι
3225 2339 3308 2413 ἂν,
3371 2335 3550 2418 ἕτερον
3607 2340 3802 2411 ἀλλ’ἢ

2153 2433 2369 2493 πάντως
2431 2431 2506 2485 ’ἶν’
2563 2431 2836 2508 ἆγιασμός
2889 2431 2979 2486 καὶ
3039 2430 3327 2505 σεμνότης,
3387 2434 3471 2495 οἷς
3539 2432 3803 2486 κεκοινώ-

2151 2541 2304 2592 νηκε,
2369 2525 2658 2598 μορφωθῇο
2724 2519 2819 2592 ἶν’,
2905 2519 3086 2595 ὥσπερ
3169 2521 3440 2599 σῦμφυσοι
3496 2520 3797 2596 γεγόναμεν

2151 2615 2230 2682 τῷ
2269 2610 2585 2683 ὁμοιώματι
2641 2617 2740 2679 τῆς
2786 2610 3049 2685 μακαρίας
3105 2609 3195 2664 καὶ
3253 2609 3396 2674 θείας
3456 2607 3662 2680 ἐκείνης
3723 2610 3797 2664 εἷο

2151 2699 2311 2759 κόνος
2343 2700 2744 2774 (συγχωρήσειε
2781 2695 2829 2752 δ’
2866 2698 2928 2754 ἄν
2963 2719 3058 2772 μοι
3089 2698 3179 2752 καὶ
3231 2696 3445 2762 Παῦλος
3475 2699 3502 2753 ὁ
3544 2696 3797 2774 λαμπρὸς

2153 2788 2284 2862 ὑπὲρ
2316 2787 2511 2842 τούτου
2541 2792 2659 2850 τοῖς
2703 2787 2908 2842 ἐκείνου
2955 2788 3264 2862 χρήσασθαι
3327 2787 3611 2860 ῥήμασιν),
3657 2785 3800 2841 οὕτω

2149 2875 2239 2930 καὶ
2295 2880 2406 2932 τῶν
2475 2875 2718 2951 χαρίτων
2777 2877 3202 2948 κοινωνήσωμεν
3256 2875 3478 2944 ταύτης.
3539 2876 3643 2932 Καὶ
3671 2879 3800 2950 γοῦν

2149 2963 2212 3016 τὸ
2272 2963 2539 3038 ὑπερφυὲς
2604 2963 2757 3018 τουτὶ
2818 2961 3277 3038 μεγαλούργημα,
3325 2963 3388 3018 τὸ
3443 2964 3800 3036 καινοπρεπὲς

2154 3049 2395 3125 ἄγαλμα,
2429 3053 2464 3120 ἡ
2506 3051 2584 3114 εἷς
2611 3055 2771 3106 τοῦτο
2819 3049 3082 3128 ἐφθακυῖα
3140 3049 3322 3122 δόξης,
3379 3051 3454 3112 ὡς
3506 3051 3596 3106 καὶ
3646 3051 3806 3122 οἰκη-

2151 3142 2346 3216 τήριον
2390 3144 2506 3211 Θεῷ
2568 3146 3054 3216 χρυσουργηθῆναι
3121 3146 3424 3215 προσῆκον,
3483 3139 3567 3195 ὅτι
3625 3139 3810 3215 γεγέν-

2077 3207 2120 3274 C
2150 3207 2307 3298 νηται
2351 3207 2791 3304 πανηγυρίζομεν
2830 3207 3110 3304 σήμερον,
3153 3207 3244 3283 καὶ
3289 3207 3419 3284 ἡτῶν.
3455 3207 3658 3298 ταύτης
3699 3207 3806 3302 ’γε-

2153 3318 2382 3374 νεθλίων
2409 3319 2510 3389 τήν
2561 3317 2786 3389 τελετὴν
2834 3319 3186 3394 ἑορτάζομεν,
3241 3321 3541 3394 μυστήριον
3587 3317 3800 3392 ὑψηλὸν

2152 3408 2242 3463 καὶ
2301 3403 2619 3480 σεϐάσμιον,
2685 3407 2749 3462 τὸ
2805 3415 2905 3477 τῆς
2964 3407 3232 3484 Παρθένου
3318 3407 3589 3484 γενέθλιον
3662 3413 3793 3461 πᾶσι

2151 3501 2368 3558 πιστοῖς
2396 3494 2888 3573 καταγγέλλοντες.

2222 3775 2298 3833 Ε’.
2356 3777 2657 3847 Σκοπῶμεν
2715 3771 2771 3829 δὲ
2836 3771 2962 3844 ἢδη·
3025 3774 3090 3828 τὰ
3129 3773 3415 3848 σύμπαντα
3469 3777 3798 3852 παραγαγὼν

2152 3863 2180 3917 ὁ
2237 3863 2389 3932 Θεὸς,
2441 3862 2523 3918 ὅτι
2572 3861 2717 3918 καλά
2777 3869 2896 3937 μεθ’
2956 3858 3269 3938 ὑπερϐολῆς
3327 3862 3618 3941 ψηφίζεται
3675 3864 3800 3940 περὶ

2151 3953 2352 4006 αὐτῶν·
2413 3956 2522 4008 τῶν
2577 3949 2635 4006 δὲ
2693 3951 2986 4026 ὁρωμένων
3044 3953 3252 4007 τούτων
3335 3953 3425 4007 καὶ
3482 3951 3796 4009 καλλίστων

2152 4041 2404 4095 ἁπάντων
2458 4041 2549 4095 τὸν
2609 4037 2891 4115 ἄνθρωπον
2979 4038 3222 4120 ἄρχοντα
3277 4042 3522 4111 καθιστᾷ’
3584 4041 3675 4096 καὶ
3733 4043 3795 4098 οὗ

2146 4131 2310 4182 τοῦτο
2343 4127 2528 4200 μόνον,
2562 4123 2709 4181 ἀλλὰ
2739 4127 2826 4182 καὶ
2871 4127 3102 4182 θανάτου
3149 4126 3380 4199 κρείττω
3427 4127 3518 4181 καὶ
3568 4128 3794 4204 φθορᾶς,

2147 4215 2236 4270 καὶ
2269 4213 2454 4287 δόξης,
2485 4215 2553 4284 ἧς
2587 4213 2854 4291 ἀπέτυχεν
2905 4215 3215 4294 φθονηθεὶς,
3264 4213 3646 4271 ἀπολαύσοντα
3693 4219 3792 4289 (6),

2147 4305 2280 4382 φησί
2311 4301 2370 4359 δὲ
2405 4305 2504 4373 τὴν
2567 4304 2824 4374 ἰσοθείαν,
2877 4303 2976 4374 ὅση
3029 4307 3212 4378 γοϊκῷ
3268 4311 3563 4378 προσῆκεν,
3614 4303 3662 4360 εἲ
3715 4307 3792 4378 μὴ

2146 4401 2246 4465 τῆς
2319 4392 2572 4465 δοθείσης
2654 4391 3060 4464 ἀποπηδήσειεν
3132 4392 3377 4459 ἐντολῆς.
3458 4395 3634 4452 Ἀλλᾶ
3697 4399 3794 4450 τοῦ

2144 4481 2391 4539 πλάστου
2455 4483 2550 4556 μὲν
2609 4481 2766 4546 οὗτος
2851 4483 3276 4556 ἄποσκιρτήσας,
3355 4483 3432 4556 τῷ
3491 4481 3546 4538 δέ
3603 4482 3796 4556 πλάνῳ

385 4582 800 4648 sequuturum,
837 4577 1136 4648 siquidem
1167 4578 1515 4649 impositum
1548 4577 1662 4631 sibi
1695 4575 2040 4631 mandatum

2154 4575 2252 4642 τήν
2285 4573 2564 4648 ὑποταγὴν
2617 4570 2946 4651 ἐγχειρίσας,
2998 4573 3228 4650 γυμνὸς,
3279 4571 3538 4640 ἐλεεινὸς,
3583 4571 3797 4646 αἶ’χμά-

387 4682 506 4720 non
528 4667 1112 4740 praetergrederetur.
1141 4667 1355 4722 Verum
1376 4681 1560 4736 quum
1583 4665 1684 4719 ille
1701 4665 2041 4720 Creatorem

383 4773 555 4811 suum
589 4757 1036 4827 derelinquens,
1068 4755 1364 4812 seductori
1398 4772 1459 4811 se
1507 4755 1896 4826 subjecisset;
1929 4771 2042 4810 nu-

454 4878 477 4912 7
506 4882 672 4936 Rom.
707 4895 783 4949 γι,
816 4883 870 4937 5.

2153 4661 2356 4732 λωτος,
2415 4660 2612 4734 οἳμοιί
2679 4655 2994 4735 προῦκειτο,
3051 4667 3152 4731 τῆς
3202 4661 3468 4736 προτέρας
3527 4658 3800 4736 εὖγενεῖας

2151 4751 2332 4820 πάσης
2365 4750 2741 4830 ἀφῃρημένος·
2790 4749 2881 4804 καὶ
2929 4750 2999 4804 τὰ
3049 4748 3192 4806 καλὰ
3248 4750 3420 4804 πάντα
3471 4747 3648 4804 ἐκεῖνα
3703 4749 3797 4804 καὶ

1735 5005 1886 5064 Ant.
1920 5002 2210 5065 Balletini
2241 5008 2433 5062 notae.

457 5169 534 5238 (4)
567 5167 732 5232 Quod
785 5168 952 5240 plura
1004 5167 1162 5240 dicta
1210 5167 1282 5240 de
1331 5169 1583 5240 Deipara
1639 5163 2040 5240 reperiantur,

387 5235 525 5308 quae
551 5235 804 5310 prorsus“
825 5239 931 5294 soli
964 5239 1196 5294 Christo
1228 5235 1478 5310 Domino
1501 5235 1817 5310 convenire
1841 5235 2040 5310 viden-

383 5306 483 5363 tur
529 5306 678 5364 nihil
731 5311 829 5364 ille
878 5310 1212 5377 mirabitur,
1263 5308 1364 5377 qui
1414 5310 1702 5364 universis
1761 5306 2036 5362 Ecclesiae

380 5381 818 5437 Patribushanc
835 5382 1064 5436 noverit
1086 5383 1427 5434 constanter
1446 5378 1627 5433 fuisse
1657 5379 2034 5444 sententiam,

382 5452 812 5523 redemptionis
842 5469 990 5523 opus
1033 5467 1172 5523 eum
1205 5465 1388 5523 opere
1414 5451 1730 5504 creationis
1757 5451 2035 5523 itacom-

419 5524 572 5578 arari
584 5519 668 5591 ,ut
691 5519 1192 5594 quemadmodum
1217 5519 1288 5574 ab
1307 5519 1532 5576 Adamo
1555 5527 1613 5575 et
1632 5522 2036 5576 Evauniversa

376 5539 691 5647 ﬁominum
751 5593 1055 5647 generatio
1113 5591 1312 5647 futura
1371 5597 1515 5647 erat.
1574 5592 1660 5647 sic
1712 5609 1746 5647 a
1802 5591 2034 5646 Christo

422 5591 1055 5659 ominum—generatio
1113 5591 1312 5648 futura
1371 5597 1515 5659 erat,
1574 5592 1660 5647 sic
1712 5609 1746 5647 a
1802 5591 2034 5646 Christo

373 5663 628 5721 Domino
657 5668 714 5720 et
741 5661 1014 5736 Deipara,
1047 5663 1148 5736 qui
1189 5666 1506 5736 propterea
1554 5667 1613 5719 et
1659 5662 1792 5718 novi
1823 5661 2034 5719 Adami

2150 5165 2209 5216 et
2237 5175 2399 5216 novae
2430 5159 2544 5212 Eva
2568 5157 3400 5231 nominibusicompellantur,
3425 5177 3576 5216 nova
3601 5161 3797 5216 homi-

2148 5249 2293 5287 num
2323 5229 2627 5312 generatio
2657 5230 2982 5299 repetenda
3013 5229 3106 5286 sit.
3127 5232 3250 5294 Qua
3293 5231 3364 5286 de
3397 5247 3459 5286 re
3515 5232 3577 5286 in
3625 5233 3799 5286 Com-

2148 5309 2466 5358 mentario.

2218 5375 2294 5446 (5)
2324 5373 2469 5429 Gen.
2503 5387 2543 5439 ι,
2585 5372 2685 5446 3i._
2743 5372 3007 5446 Yiditque
3052 5374 3192 5428 Deus
3244 5381 3443 5429 cuncta
3493 5389 3616 5442 qua;
3664 5377 3802 5442 fece-

2142 5441 2252 5510 rat,
2285 5452 2338 5500 et
2366 5449 2526 5499 erant
2556 5441 2717 5497 valde
2749 5443 2914 5499 bona.

2141 5589 2170 5641 θ
2206 5519 2294 5640 ἑδ)
2351 5515 2490 5570 Cod.
2550 5513 2782 5570 inverso
2846 5515 3054 5570 ordine
3143 5511 3528 5569 ἀπολαύσονται
3595 5517 3802 5590 φθονη-

2175 5607 2276 5650 ες.
