4104 6300
237 370 300 430 11
1168 365 1434 427 SERMO
1475 366 1561 427 IN
1607 360 2163 425 NATIVITATEM
2206 367 2281 426 B.
2327 365 2398 425 V.
2448 365 2746 428 MARI/E.
3595 370 3669 429 18

239 501 353 559 λίαν
394 498 545 554 καλὰ
576 499 720 554 κατὰ
775 498 877 567 τήν
930 494 1219 555 ἄπταιστον
1270 502 1366 553 τοῦ
1411 499 1766 572 Δημιουργοῦ
1795 498 1888 568 ψῆ·

2020 498 2152 565 dus,
2210 500 2589 567 miserabilis,
2649 502 2910 572 captivus
2985 502 3223 574 (eheu)!
3300 502 3669 573 pristinaque

249 611 334 667 φον
382 589 458 651 εἰς
520 589 828 666 κατήφειαν
889 586 1083 641 ὡσανεὶ
1146 588 1511 659 μετεποιήθη,
1566 586 1656 639 τὸν
1702 583 1900 638 οἰκεῖον

251 678 529 749 δεσπότην,
590 678 689 732 τὸν
764 677 1047 751 ἄνθρωπον
1132 674 1301 752 λέγω,
1360 674 1900 751 περιηγκωνισμένον

250 770 475 843 καθάπερ
534 766 823 841 ἑωρακότα
874 770 954 837 τῷ
1005 762 1283 837 πολεμίῳ·
1344 771 1413 841 γῆ
1471 765 1596 840 γὰρ,
1653 765 1743 818 καὶ
1804 762 1900 816 θά-

252 874 433 925 Λατσα,
495 858 591 911 καὶ
657 854 897 928 ἀστέρων
978 854 1205 926 κύκλος,
1260 854 1349 909 καὶ
1411 854 1596 930 βουνοὶ
1653 853 1744 907 καὶ
1801 850 1900 906 ὅσα

250 952 337 1004 τοῦ
376 947 613 1003 Κτίστου
674 945 813 1018 πρὸς
868 944 1018 998 αἶνον
1076 945 1104 997 6
1162 946 1450 1021 προφήτης
1503 941 1683 1014 καλεῖ,
1737 942 1898 1017 σιγήν

249 1036 451 1109 ἐπῄνει,
514 1038 587 1108 μὴ
644 1035 738 1088 τὸν
799 1034 971 1106 ὕμνον
1028 1027 1468 1105 ἀναϐαλλόμενα,
1518 1033 1591 1091 ὡς
1621 1034 1721 1086 τοῦ
1750 1029 1899 1100 πλή-

247 1144 429 1198 κτρου,
488 1123 630 1200 φημὶ
691 1119 752 1177 δὲ
810 1124 909 1191 τήν
967 1121 1242 1196 γλῶτταν,
1295 1122 1395 1190 τήν
1448 1125 1546 1176 τοῦ
1598 1118 1898 1193 ἀλλοτρίου

244 1213 463 1285 κιθάραν
516 1210 734 1282 κρούειν
796 1210 1144 1285 βιαζομένου·
1207 1207 1352 1264 ἀλλὰ
1407 1207 1497 1263 καὶ
1552 1208 1604 1262 οἱ
1656 1213 1756 1276 τῆς
1804 1210 1901 1261 τοῦ

243 1300 370 1358 Θεοῦ
410 1299 573 1370 δόξης
622 1302 864 1374 κήρυκες
913 1299 1133 1372 οὐρανοὶ
1196 1297 1410 1373 σχολὴν
1460 1297 1613 1371 ἦγον,
1667 1297 1756 1350 xii
1804 1299 1899 1350 τοῦ

241 1398 448 1466 κροτεῖν
522 1389 612 1445 καὶ
700 1386 1007 1465 διηγεισθαι
1092 1390 1159 1444 τὰ
1239 1386 1469 1461 λαμπρά
1522 1387 1658 1462 πρὸς
1720 1385 1899 1456 λήθην

238 1488 390 1553 ’ἦκ’δψ
453 1481 544 1536 καὶ
604 1479 797 1542 ἁπλῶς
852 1481 990 1535 ἅπαν
1040 1479 1070 1533 6'
1125 1500 1178 1533 τι
1226 1478 1393 1534 καλὸν
1436 1480 1536 1548 τήν
1583 1475 1720 1532 ίδίαν
1754 1475 1899 1551 ὥραν

241 1576 490 1639 ἀπέθετο,
554 1575 630 1644 μή
692 1568 901 1647 ἔχοντα
957 1573 986 1626 ’ὁ
1042 1592 1096 1626 τι
1150 1577 1383 1647 φανῆναι
1432 1569 1597 1640 καλὰ,
1627 1574 1725 1624 τοῦ
1756 1566 1902 1643 διερ-

240 1664 473 1739 μηνέως,
507 1662 577 1717 δι’
608 1662 669 1717 δν
726 1661 941 1732 ἶειιείνης
995 1660 1232 1730 ἤκουσαν
1291 1667 1396 1730 τῆς
1455 1666 1662 1738 φωνῆς,
1696 1658 1898 1733 ἑτέροις

238 1755 686 1832 προσεσχηκότος
717 1753 934 1822 ἤθεσιν.

2012 606 2260 659 prorsus
2293 596 2504 644 exutus
2534 592 2847 646 nobilitate
2893 593 3168 662 jacebat;
3230 599 3407 663 atque
3467 592 3667 646 omnia

2013 677 2119 733 illa
2148 678 2303 733 bona
2332 694 2400 733 ac
2430 679 2597 734 valde
2628 680 2805 748 bona,
2840 699 3022 752 quum
3062 698 3235 737 suum
3268 683 3529 753 ipsorum
3558 682 3663 736 do-

2011 768 2261 835 minum,
2285 768 2612 839 hominem,
2638 770 2901 839 inquam,
2926 772 3137 826 vinctis
3168 772 3346 826 veluti
3378 776 3512 842 post
3541 776 3660 825 ter—

2009 873 2147 928 gum
2180 856 2476 925 manibus,
2511 859 2582 913 ab
2634 859 2877 914 inimico
2911 860 3289 932 subjugatum
3323 866 3657 928 cernerent,

2011 946 2338 1002 secundum
2368 947 2494 1002 falli
2524 950 2788 1004 nesciam
2814 949 3049 1004 Domini
3083 952 3461 1016 sententiam,
3488 951 3662 1021 lugu-

2008 1033 2177 1089 brem
2210 1036 2649 1107 quodammodo
2699 1037 2966 1092 habitum
3017 1045 3482 1111 assumpserant.
3516 1041 3663 1094 Nam

2010 1128 2187 1192 terra,
2220 1130 2278 1179 et
2308 1141 2493 1193 mare,
2555 1143 2622 1181 ac
2678 1126 2979 1181 stellarum
3011 1143 3248 1192 corona,
3284 1134 3341 1181 et
3372 1128 3575 1192 colles,
3608 1134 3665 1182 et

2011 1230 2378 1284 quaecunque
2412 1215 2529 1269 alia
2556 1216 2850 1286 Propheta
2907 1216 2982 1270 ad
3033 1216 3396 1271 laudandum
3429 1217 3668 1271 Creato-

2011 1318 2135 1356 rem
2168 1303 2376 1357 invitat
2405 1302 2448 1368 3,
2478 1303 2603 1374 jam
2656 1304 2934 1371 silebant,
2968 1321 3159 1376 neque
3191 1306 3531 1360 referebant
3560 1306 3669 1376 hy-

2010 1408 2206 1455 mnos,
2238 1392 2411 1448 sicuti
2441 1392 3023 1466 plectrum,linguam
3055 1394 3372 1465 dico,quod
3399 1395 3667 1449 extranei

2011 1481 2300 1535 citharam
2334 1481 2571 1552 pulsare
2619 1499 2728 1554 per
2782 1484 2903 1537 vim
2953 1490 3213 1556 cogatur.
3248 1484 3359 1539 Sed
3402 1489 3459 1538 et
3511 1484 3669 1552 cmli,

2009 1588 2316 1642 praecones
2346 1572 2432 1626 illi
2465 1573 2667 1643 gloriae
2700 1574 2802 1627 Dei
2834 1575 2874 1638 9,
2908 1574 3268 1645 languebant
3313 1576 3453 1641 otio,
3489 1580 3547 1629 et
3576 1575 3668 1628 di-

2010 1660 2143 1715 vina
2173 1660 2467 1733 magnalia
2506 1662 2806 1716 celebrare
2840 1669 3015 1732 atque
3049 1680 3324 1717 enarrare
3357 1664 3664 1717 oblivisce-

2010 1749 2248 1804 bantur.
2287 1756 2365 1804 Ac
2396 1750 2653 1821 denique
2675 1758 3049 1806 venustatem
3083 1769 3250 1805 suam
3276 1752 3433 1806 bona
3465 1751 3667 1805 omnia

245 1851 553 1910 exuerant,
588 1861 775 1916 quum
808 1859 1005 1906 causa,
1043 1859 1148 1897 cur
1176 1859 1238 1897 se
1270 1846 1499 1897 vetusta
1529 1842 1895 1906 exhiberent,
1917 1840 2045 1911 jam
2077 1838 2246 1893 nulla
2276 1838 2348 1893 iis
2381 1846 2558 1906 esset,
2593 1846 2908 1911 postquam
2942 1841 3238 1910 interpres
3270 1839 3393 1901 ille,
3425 1845 3669 1909 propter

245 1954 419 2007 quem
450 1935 596 2005 (Dei)
625 1950 831 1988 vocem
864 1948 927 1986 se
957 1932 1111 1986 bona
1137 1931 1605 2002 proclamantem
1636 1930 1947 1986 audierant
1974 1931 2074 2001 (7),
2107 1928 2241 1983 aliis
2272 1928 2581 1983 affectibus
2614 1930 3004 1984 deserviebat.

1030 2023 1173 2073 πᾶσα
1255 2021 1290 2087 ἡ
1366 2019 1565 2092 τερπνὴ

1154 2108 1243 2163 καὶ
1330 2109 1444 2162 οἷον
1501 2108 1680 2180 νεκρά.
1739 2108 1891 2180 Ἐπεὶ

314 2025 371 2090 ζ’.
458 2024 675 2077 Ἐκειτο
760 2018 940 2074 τοίνυν

240 2112 412 2183 ἐκείνη
470 2109 704 2181 ἂσιωνος,
794 2107 1045 2177 ἀκαλλής
1054 2153 1068 2179 ,

240 2198 288 2255 δ’
332 2203 360 2255 6
416 2201 718 2274 παρασχὼν
778 2200 957 2269 ἑαυτῷ
1013 2219 1070 2253 τε
1125 2198 1216 2252 καὶ
1272 2197 1447 2252 κτίσει
1477 2199 1546 2270 τῇ
1598 2195 1769 2271 λοιπῇ
1795 2203 1897 2266 τῆς

240 2297 517 2368 συμφορᾶς
546 2291 649 2357 τήν
699 2287 905 2355 αἰτίαν,
955 2288 1016 2341 τὸ
1069 2287 1205 2360 μέγα
1253 2290 1416 2341 τοῦτο
1465 2283 1716 2358 πλάσμα,
1749 2288 1777 2340 ὁ
1810 2285 1901 2340 ἄν·

236 2381 443 2453 θρωπος
502 2381 591 2447 ἦν,
652 2376 761 2432 ἔδει
827 2373 876 2430 δ’
934 2373 1119 2437 ἐλέους
1184 2370 1470 2450 ὑπερϐολῇ
1540 2378 1637 2429 τοῦ
1691 2374 1900 2450 ἀγαθοῦ

238 2473 364 2523 θεοῦ
410 2471 604 2522 τοῦτον
671 2464 1014 2527 ἐπανελθεῖν
1071 2463 1126 2518 τί
1182 2465 1425 2539 γίνεται;
1484 2464 1572 2517 καὶ
1624 2463 1680 2517 τί
1738 2483 1899 2537 τερα-

235 2562 540 2631 τουργεῖται
594 2555 940 2627 θαυμάσιον;
994 2558 1103 2622 Γῆν
1160 2553 1396 2626 αἱρεῖται
1455 2558 1693 2621 πατῆσαι
1741 2550 1892 2613 Θεόςο

237 2644 326 2698 καὶ
357 2646 386 2698 6
415 2648 607 2698 τοῦτον
670 2640 1068 2714 ὑποδεξάμενος
1127 2637 1408 2715 ἄνθρωπος
1465 2639 1764 2715 ἐρευνᾶται,
1802 2639 1897 2693 ἳνα

243 2731 334 2783 καὶ
366 2736 469 2796 τῆς
528 2726 767 2791 δουλείας
828 2727 973 2802 λύσῃ
1033 2729 1093 2782 τὸ
1149 2727 1326 2802 γένος,
1359 2727 1449 2781 καὶ
1480 2730 1580 2797 τήν
1612 2724 1894 2795 καλλονὴν

244 2818 678 2895 ἀναζωγραφῆσῃ
731 2822 799 2892 τῇ
859 2818 1053 2873 κτίσεν
1112 2816 1315 2872 ἄλλοτε
1391 2815 1583 2871 ἄλλων
1658 2815 1894 2871 πολλῶν

239 2908 327 2963 καὶ
390 2905 642 2984 μεγάλων
700 2907 1090 2984 ἐπιφανέντων,
1151 2908 1270 2970 οἶος
1346 2907 1416 2975 ἦν
1491 2906 1518 2959 6
1575 2902 1897 2978 παραδόξων

234 2997 541 3072 αὐτουργὸς
600 2998 847 3066 Μωϋσῆς
904 2996 1212 3069 θεαμάτων,
1271 2995 1360 3050 καὶ
1422 2995 1450 3049 6
1505 2997 1603 3048 τοῦ
1663 2991 1895 3067 ούρανοῦ

231 3087 499 3162 θυρωρὸς,
558 3085 632 3147 ὡς
716 3084 912 3153 εἰπεῖν,
974 3082 1188 3151 Ἠλίας,
1244 3082 1334 3138 καὶ
1403 3085 1431 3136 6
1486 3079 1666 3144 πολὺς
1720 3078 1893 3142 ἄλλος

227 3180 331 3229 τῶν
364 3181 583 3248 σεμνῶν
616 3174 831 3229 ἐκείνων
893 3170 1106 3246 ἀνδρῶν
1164 3174 1254 3227 καὶ
1311 3178 1609 3250 προφητῶν
1664 3166 1888 3241 κύκλος,

231 3262 557 3341 ἇντίρῥοπος
588 3263 655 3332 ἦν
688 3260 867 3324 οὐδεὶς
895 3266 994 3316 τοῦ
1027 3263 1384 3335 ζητουμένου.

1674 2018 1897 2087 ποίησις
1930 2021 1976 2084 Β
2084 2018 2167 2071 VI.
2205 2018 2422 2072 Omnes
2480 2018 2678 2088 itaque
2709 2025 3016 2086 creaturae,
3052 2036 3182 2089 quae
3215 2017 3288 2072 ad
3313 2016 3662 2089 jucundita—

2013 2111 2132 2160 tem
2165 2112 2375 2161 creata:
2405 2107 2659 2175 fuerant,
2694 2107 2982 2179 elingues,
3032 2107 3336 2178 squalidae,
3387 2122 3454 2160 ac
3481 2104 3663 2158 veluti

2013 2200 2260 2249 mortuae
2286 2195 2585 2266 jacebant.
2619 2198 2692 2250 At
2723 2197 3004 2267 quoniam
3033 2198 3231 2261 homo,
3257 2195 3357 2265 qui
3379 2200 3437 2247 et
3467 2194 3581 2248 sibi
3606 2200 3666 2247 et

2010 2284 2256 2355 reliquis
2305 2286 2582 2341 omnibus
2650 2286 3004 2341 calamitatis
3078 2292 3285 2341 auctor
3335 2283 3662 2349 exstiterat,

2010 2378 2130 2429 tam
2158 2374 2389 2445 insigne
2422 2379 2548 2429 erat
2600 2376 2695 2430 Dei
2744 2393 2913 2447 opus,
2952 2383 3010 2431 et
3038 2376 3393 2432 conveniens
3425 2377 3571 2439 erat,
3602 2378 3667 2426 ut

2009 2479 2252 2518 excessu
2302 2463 2725 2519 misericordias
2786 2465 3054 2536 ejusdem
3113 2467 3529 2540 benignissimi
3558 2474 3659 2527 Dei

2005 2559 2380 2607 revocaretur
2408 2571 2421 2621 ;
2454 2553 2737 2623 quidnam
2768 2555 2881 2609 fit?
2909 2560 2965 2609 et
2996 2557 3166 2625 quale
3197 2576 3440 2629 prorsus
3470 2560 3661 2614 admi-

2005 2640 2258 2695 randum
2290 2645 2560 2711 patratur
2588 2642 2922 2714 prodigium
2944 2644 2971 2697 ‘?
3003 2645 3156 2700 Deus
3188 2647 3315 2717 ipse
3348 2648 3407 2702 in
3438 2653 3658 2704 terram

2006 2731 2189 2802 pedes
2221 2731 2442 2785 inferre
2475 2732 2775 2786 decernit:
2811 2739 2988 2804 atque
3012 2733 3168 2789 inter
3196 2736 3470 2793 homines
3500 2741 3659 2808 quis-

2004 2820 2165 2889 piam
2195 2820 2538 2888 requiritur,
2560 2822 2661 2889 qui
2695 2821 2859 2875 illum
2892 2823 3166 2893 excipiat,
3190 2831 3254 2877 ut
3277 2841 3462 2893 genus
3485 2842 3660 2885 omne

2006 2924 2040 2962 a
2071 2907 2352 2961 servitute
2386 2908 2615 2970 liberet,
2667 2914 2725 2962 et
2766 2915 3069 2964 creaturas
3100 2912 3404 2967 universas
3430 2914 3502 2968 ad
3534 2916 3659 2986 pri-

2007 2994 2226 3049 stinam
2257 2993 2761 3065 pulchritudinem
2815 2996 3116 3051 reformet.
3152 2999 3296 3053 Nam
3347 3018 3480 3055 cum
3513 3002 3658 3057 alias

2005 3084 2103 3139 alii
2134 3100 2202 3138 ac
2232 3083 2431 3154 plures
2464 3083 2545 3138 illi
2598 3083 2841 3154 quidem
2891 3087 3210 3157 eximiique
3242 3091 3660 3160 apparuissent

2000 3173 2130 3241 viri,
2162 3172 2498 3243 cujusmodi
2556 3174 2797 3228 fuerunt
2856 3176 3217 3232 mirabilium
3249 3178 3653 3251 prodigiorum

1999 3266 2264 3333 patrator
2315 3260 2412 3315 ille
2463 3261 2709 3331 Moyses,
2760 3261 3009 3333 cmlique
3060 3264 3179 3333 ille,
3212 3272 3277 3319 ut
3325 3267 3406 3320 ita
3435 3267 3649 3336 dicam,

223 3354 447 3425 janitor
476 3354 657 3419 Elias,
713 3370 780 3409 ac
836 3352 1074 3422 reliqua
1130 3353 1455 3424 insignium
1514 3351 1753 3406 illorum
1807 3351 2066 3406 virorum
2124 3367 2191 3405 ac
2244 3350 2668 3421 prophetarum
2700 3351 2910 3423 ingens
2942 3369 3203 3419 corona;
3244 3372 3418 3409 nemo
3453 3361 3650 3411 tamen

232 3444 499 3513 ipsorum
533 3443 611 3498 ad
640 3441 723 3512 id,
757 3441 920 3512 quod
952 3457 1101 3512 opus
1135 3447 1279 3506 erat,
1312 3441 1567 3495 idoneus
1596 3445 1867 3511 repertus
1899 3444 2007 3493 est.

292 3534 428 3604 Ὀψὲ
482 3528 539 3585 δὲ
593 3531 685 3584 καὶ
750 3531 888 3602 μετὰ
945 3526 1166 3598 πολλὴν
1225 3529 1394 3597 ἡλίου
1447 3525 1700 3603 περίοδον
1739 3528 1888 3582 καὶὸ

2064 3528 2202 3583 Sero
2234 3528 2494 3597 tandem,
2549 3533 2609 3583 et
2662 3537 2795 3601 post
2850 3530 3067 3586 multos
3114 3532 3252 3586 solis
3284 3536 3647 3590 recurrentis

224 3621 405 3681 καινὸς
465 3620 777 3695 ἄνθρωπος,
834 3619 900 3673 τὸ
966 3616 1102 3692 μέγα
1176 3616 1267 3671 καὶ
1329 3616 1602 3693 ζωογόνον
1656 3614 1882 3686 ἂληθῶς

229 3715 523 3784 στοιχεῖον,
577 3711 612 3776 ἡ
663 3708 922 3782 οὐράνιος
980 3703 1194 3779 δρόσος,
1248 3705 1311 3759 τὸ
1366 3702 1623 3779 θεοδόγον
1674 3708 1880 3775 σκεῦος,

226 3798 590 3866 ἡκαλλίπαις
643 3795 950 3870 ἐπιλάμπει
1006 3799 1088 3867 τῷ
1141 3795 1248 3869 βίῳ
1307 3795 1602 3868 Παρθενος”
1635 3794 1725 3848 καὶ
1759 3792 1878 3849 λύε-

224 3906 310 3940 ται
369 3887 463 3959 μὲν
526 3883 618 3940 διὰ
672 3890 880 3954 ταῦτης
934 3889 1035 3952 τῆς
1086 3886 1367 3960 συμφορᾶς
1426 3880 1735 3953 ἄνθρωπος,
1790 3883 1881 3937 καὶ

224 3979 283 4032 τὸ
334 3983 554 4051 πρῶτον
613 3975 918 4051 ἀναιρεῖται
970 3973 1207 4046 ἀξίωμα,
1255 3973 1345 4028 καὶ
1399 3972 1702 4048 βασιλικῶς
1762 3973 1883 4027 ἐπι-

225 4069 453 4135 καθηται
514 4064 817 4135 διαπαίζων
872 4063 967 4118 τὸν
1023 4061 1254 4132 πλάνον,
1312 4064 1399 4117 καὶ
1462 4061 1619 4134 ἅπερ,
1660 4062 1734 4124 ὡς
1789 4063 1883 4116 ἂν-

225 4152 516 4229 δράποδον,
576 4156 704 4229 πρὶν
758 4154 919 4209 εἷλκε
975 4149 1168 4226 δεσμὰ,
1220 4151 1379 4209 αὐτὸν
1433 4148 1499 4220 δὴ
1544 4151 1759 4213 τούτοις
1790 4150 1879 4205 τὸν

223 4245 525 4317 Omina-na.
578 4238 936 4319 περιϐάλλει·
993 4243 1029 4311 ἡ
1089 4238 1147 4295 δὲ
1206 4240 1426 4310 ποίησις
1455 4246 1600 4295 πᾶσα
1627 4241 1725 4308 τὴν
1749 4238 1881 4294 ἐαυ-

220 4339 322 4399 τῆς
398 4331 763 4389 ἐπιδείκνυται
851 4328 1011 4391 αὖθις
1082 4329 1424 4403 εὐπρέπειαν,
1482 4330 1573 4383 καὶ
1628 4329 1727 4397 τὴν
1783 4333 1882 4383 τοῦ

226 4419 451 4475 Κτίστου
496 4418 792 4494 ἠητορεύει
840 4416 1264 4492 μεγαλουργίαν·
1328 4414 1413 4472 ὅτι
1461 4416 1552 4471 τὸν
1600 4415 1878 4489 ὓμνοπλό-

221 4528 314 4562 κον
367 4508 502 4583 εὗρε,
559 4513 654 4564 τὸν
718 4509 885 4586 σοφὸν
928 4504 1262 4580 καταγγελέα
1313 4509 1412 4574 τῆς
1472 4504 1526 4558 ἐν
1583 4505 1718 4578 αὐτῇ
1763 4504 1878 4559 ἐπι-

223 4601 459 4669 στήμης,
502 4600 593 4654 καὶ
652 4602 744 4652 νῦν
790 4597 1045 4670 ἀτεχνῶς
1101 4600 1215 4657 τοῖς
1275 4600 1638 4671 προφητικοῖς
1674 4594 1880 4650 ὑπείκει

225 4684 437 4761 λογοις,
491 4686 625 4763 πρὸς
675 4686 825 4741 αἶνον
882 4686 984 4739 τοῦ
1043 4683 1248 4757 Κυρίου
1310 4680 1712 4756 διανισταμενη.
1774 4682 1879 4740 Καὶ

299 4815 444 4871 Psal.
471 4832 689 4883 CXLVIII,
726 4814 752 4871 1
787 4825 959 4883 seqq.
1041 4809 1063 4844 °
1090 4809 1246 4865 Psal.
1284 4827 1439 4878 xvm,
1473 4811 1525 4866 1.

1990 3632 2161 3688 gyros
2191 3634 2375 3673 novus
2407 3618 2504 3673 ille
2535 3619 2712 3674 homo
2745 3620 2840 3691 (8‘),
2873 3637 3151 3691 magnum
3184 3638 3252 3676 ac
3295 3639 3428 3676 vere
3461 3624 3649 3677 vivifi-

1991 3720 2130 3758 cans
2163 3704 2545 3770 elementum,
2579 3724 2674 3761 ros
2705 3709 2980 3776 caelestis,
3008 3726 3106 3765 vas
3148 3710 3265 3765 Deo
3295 3711 3641 3782 excipiendo

1991 3810 2117 3864 par,
2149 3795 2568 3849 venustissima
2619 3812 2831 3867 nempe
2888 3798 3103 3868 puella,
3162 3800 3333 3871 Virgo
3375 3800 3435 3854 in
3462 3802 3639 3856 vitam

1993 3883 2250 3952 affulsit;
2284 3900 2392 3954 per
2421 3900 2601 3954 quam
2648 3884 2825 3938 homo
2867 3885 3108 3954 quidem
3154 3892 3213 3939 et
3238 3904 3271 3940 ει
3302 3888 3636 3942 calamitate

1991 3971 2092 4026 illa
2124 3972 2426 4043 liberatur,
2460 3978 2520 4027 et
2547 3973 2862 4044 pristinam
2900 3974 3150 4029 resumit
3178 3974 3550 4047 dignitatem,
3585 3982 3643 4031 et

1992 4062 2369 4133 deceptorem
2400 4079 2575 4117 suum
2606 4062 2860 4118 irridens
2884 4064 3043 4136 regio
3074 4064 3203 4119 loco
3237 4066 3643 4131 constituitur,

1994 4155 2049 4204 et
2080 4150 2295 4206 iisdem
2351 4151 2619 4218 vinculis,
2678 4152 2893 4222 quibus
2940 4154 3025 4208 uti
3074 4155 3437 4225 mancipium
3468 4163 3643 4212 antea

1993 4239 2346 4295 constrictus
2364 4240 2739 4309 fuerat,nunc
2761 4243 3035 4297 eumdem
3058 4244 3449 4314 praedatorem
3474 4264 3643 4301 suum

1992 4327 2117 4396 ipse
2148 4328 2520 4399 constringit.
2577 4331 2872 4385 Creaturaa
2925 4336 3122 4385 autem
3174 4350 3347 4388 suum
3373 4335 3635 4406 ipsarum

1991 4415 2264 4471 decorem
2292 4418 2507 4473 iterum
2539 4423 2839 4474 ostentant
2870 4437 3098 4489 omnes,
3127 4426 3185 4477 et
3224 4424 3516 4477 Creatoris
3549 4424 3639 4476 sui

1990 4505 2336 4575 eloquenter
2382 4507 2710 4577 praedicant
2758 4510 3278 4580 magniﬁcentiam.
3319 4513 3443 4565 Jam
3479 4511 3637 4563 enim

1990 4597 2889 4671 hymnologum,sapientemque
2910 4602 3264 4655 invenerunt
3284 4602 3440 4654 illius
3458 4602 3641 4655 scien-

1990 4685 2087 4740 tiae
2118 4685 2504 4759 interpretem
2535 4706 2666 4758 quea
2698 4706 2770 4744 ex
2802 4690 2944 4759 ipsis
2977 4690 3210 4756 emicat,
3246 4693 3304 4743 et
3332 4706 3492 4745 nunc
3523 4692 3642 4746 uti-

1548 4939 1696 4995 Ant.
1743 4935 2037 4996 Ballerini
2082 4942 2270 4996 notae.

291 5077 365 5145 (Τ)
412 5077 634 5131 Eximia
700 5074 884 5147 plane
938 5068 1256 5147 sententia,
1321 5073 1641 5147 creaturas
1667 5086 1875 5147 omnes
1906 5083 1953 5146 D
1984 5069 2241 5147 fuisset?
2256 5072 2459 5147 Nonne
2485 5069 2732 5141 proinde
2755 5076 2812 5125 et
2834 5072 2964 5144 ipsa
2988 5080 3389 5146 exspectasset
3412 5094 3627 5133 novum

212 5139 388 5201 nosse
419 5139 883 5217 quodammodo,
908 5144 1227 5217 propterea
1251 5155 1311 5193 se
1339 5140 1528 5217 bonas
1550 5156 1584 5195 a
1605 5139 1722 5217 Deo
1748 5141 1872 5217 ipso

211 5210 664 5286 proclamatasse
695 5210 1195 5286 fuissefquod‘ad
1219 5210 1873 5286 enarrandamhomini

209 5281 456 5355 gloriam
487 5290 771 5346 creatoris
805 5287 1046 5355 idonea;
1094 5281 1328 5351 forent;
1377 5282 1488 5355 qui,
1531 5282 1668 5336 ﬁnis
1697 5283 1877 5355 simul

212 5352 283 5413 ac
317 5360 558 5433 deﬁciat,
593 5360 843 5417 inutiles
897 5352 1155 5410 evadant
1204 5369 1270 5408 ac
1323 5354 1596 5424 squalere
1636 5354 1871 5408 videan-

221 5439 363 5573 ιιΙίίέ)
395 5505 693 5569 Quomodo
722 5515 907 5573 novus
960 5496 1123 5550 homo
1173 5496 1602 5573 e_xortaAVi_rg0,
1624 5495 1873 5573 ξιξ-Λάδ-

218 5566 435 5649 mitione
461 5577 762 5632 vetustatis
795 5579 859 5628 et
889 5570 1025 5649 ipsa
1064 5567 1359 5649 particeps
1389 5566 1600 5649 fuisSet
1624 5566 1652 5620 ‘?
1674 5568 1873 5622 Nonne

220 5648 376 5701 enim
408 5649 466 5703 in
494 5649 722 5718 eadem,
755 5663 827 5703 ac
859 5639 1111 5709 reliqui,
1133 5639 1473 5694 conditione
1492 5639 1623 5711 ipsa
1639 5654 1874 5710 quoque

1985 5140 2155 5219 illum
2204 5140 2919 5219 hominem,p_nova_mqu_e
2977 5140 3328 5219 creaturam,
3364 5165 3494 5217 quas
3528 5151 3633 5219 (uti

1986 5218 2297 5287 contextus
2343 5213 2580 5287 clamat)
2628 5214 2690 5268 in
2735 5213 2917 5287 lapsis
2969 5217 3105 5272 Adae
3157 5218 3296 5271 {illis
3328 5213 3436 5273 nec
3468 5213 3632 5274 inve-

1984 5283 2279 5359 niebatur,
2309 5300 2417 5337 nec
2462 5283 2711 5359 inveniri
2760 5283 3010 5357 poterat,
3044 5288 3222 5359 digna
3252 5288 3477 5342 scilicet
3505 5307 3635 5359 quae

1985 5355 2444 5429 descendentem
2490 5372 2532 5429 7e
2592 5355 2778 5413 ccelis'
2810 5360 2994 5413 Deum
3054 5355 3398 5429 ex'ciperet?
3438 5355 3634 5413 Neius

1985 5427 2184 5499 itaque
2225 5428 2678 5499 sententiarum
2735 5430 3071 5485 necessario
3125 5427 3401 5499 postulat.
3462 5436 3525 5483 ut
3568 5431 3628 5482 B.

1986 5497 2156 5567 Virgo
2189 5495 2260 5550 ab
2292 5498 2552 5554 infausta
2582 5500 2759 5569 primi
2808 5501 3070 5570 parentis
3100 5495 3463 5570 Haereditate,
3494 5516 3630 5567 pro-

1984 5572 2115 5638 pter
2144 5583 2321 5637 quam
2353 5587 2528 5625 nemo
2561 5568 2904 5640 excipiendo
2941 5572 3052 5625 Deo
3084 5568 3341 5623 venienti
3362 5584 3470 5636 par
3497 5584 3627 5621 esse

1984 5645 2233 5711 poterat,
2262 5639 2547 5696 immunis
2576 5639 3014 5711 pronuntietur.
