4104 6300
367 394 446 460 19
1529 393 1825 458 ISIDORI
1867 394 2627 466 THEBSALONIGENSIS
3706 405 3789 468 20

369 547 484 602 que
541 527 812 586 invitanti
867 527 1170 600 propheta;
1227 525 1639 597 obsequuntur
1667 526 1741 585 ad
1779 526 2018 586 laudem

2142 528 2228 586 ἵνα
2256 534 2495 592 συνελὼν
2545 535 2706 608 ε’ἰπω,
2765 537 2800 606 ἡ
2857 540 2958 604 τῆς
3013 530 3362 608 ἆειπαρθόνου
3392 534 3482 590 καὶ
3515 533 3784 590 Θεοτόκου

367 617 604 676 Domini
634 622 1037 689 assurgentes.
1070 618 1283 687 Atque,
1330 621 1397 671 ut
1442 632 1562 672 uno
1593 615 1770 671 verbo
1802 615 2019 686 dicam,

369 715 532 766 ortus
561 708 774 776 Mariae,
821 724 1058 779 semper
1113 706 1368 778 Virginis
1419 722 1488 762 ac
1536 705 1639 762 Dei
1685 706 2023 777 Genitricis,

367 797 722 855 universalis
746 796 1014 852 omnium
1040 795 1532 867 regenerationis,
1558 795 2025 868 reformationis,

367 886 431 940 in
462 885 775 956 pristinam
809 888 1178 938 venustatem
1227 880 1646 951 restitutionis,
1679 899 1746 938 ac
1776 898 2026 941 renova-

368 975 550 1031 tionis
603 973 765 1045 origo
823 973 1116 1045 apparuit.
1149 973 1398 1028 Tantam
1456 987 1671 1043 nempe
1701 973 2026 1042 gratiarum

369 1064 601 1136 copiam
632 1068 795 1118 ortus
827 1061 1082 1134 Virginis
1114 1076 1320 1116 secum
1349 1060 1546 1116 attulit
1575 1061 1586 1118 ι
1619 1060 1780 1116 Adeo
1812 1061 2028 1120 natalis

369 1154 499 1225 ejus
526 1152 653 1208 dies
673 1150 952 1224 gaudium
977 1150 1408 1220 victoriamque
1435 1149 1717 1206 omnibus
1747 1150 2029 1207 solemni-

368 1247 462 1298 ter
481 1240 886 1298 annuntiavitl
918 1239 1078 1295 Adeo
1106 1239 1360 1294 sublime
1383 1239 1646 1311 mystica)
1669 1240 2029 1312 contempla-

365 1331 548 1388 tionis
569 1335 986 1403 argumentum
1005 1345 1268 1400 praasens
1284 1328 1568 1384 festivitas
1590 1327 1764 1384 nobis
1787 1327 2024 1400 objicit!

441 1422 560 1477 VII.
597 1422 811 1476 Verum
870 1419 1146 1490 quisnam
1198 1433 1304 1492 pro
1355 1417 1642 1491 dignitate
1694 1417 1886 1474 valeat
1927 1421 2030 1474 aut

369 1517 572 1571 mente
603 1513 939 1584 concipere,
987 1515 1089 1568 aut
1145 1511 1349 1584 lingua
1379 1527 1663 1568 enarrare
1695 1511 1814 1568 sive
1845 1510 2026 1568 decus

370 1620 487 1674 quo
519 1607 806 1658 creaturas
840 1617 1048 1656 omnes
1106 1617 1214 1672 per
1272 1601 1426 1656 hanc
1457 1601 1724 1657 omnium
1758 1601 2026 1672 reginam

369 1691 820 1748 circumvestitm
878 1689 1324 1761 splendescunt,
1383 1689 1504 1746 sive
1553 1690 1772 1760 regium
1831 1690 2023 1762 ipsius

371 1781 898 1854 magniﬁcentiam,
931 1785 1174 1851 propter
1197 1795 1376 1852 quam
1410 1779 1464 1836 ei
1497 1779 1700 1836 datum
1733 1784 1841 1849 est,
1874 1784 1939 1836 ut
1969 1785 2026 1833 ct

2128 621 2340 695 Μαρίας
2396 623 2646 700 γέννησις
2702 624 3107 703 ἀναγεννήσεως
3167 629 3297 680 πᾶσι
3374 624 3462 680 καὶ
3519 623 3779 680 ἀναπλά-

2134 731 2268 774 σεως
2326 713 2418 770 καὶ
2476 715 2763 789 ὡραῖσμοῦ
2820 716 2909 773 καὶ
2977 715 3361 777 ἀνακαινίσεως
3392 713 3595 794 πέφηνε
3645 715 3781 789 πρός

2133 800 2300 870 ξενος.
2372 802 2662 860 Τοσούτων
2730 806 2764 872 ὴ
2831 811 2930 874 τῆς
2983 802 3260 878 Παρθένου
3329 801 3566 879 πρόοδος
3625 803 3783 878 γέμει

2132 889 2375 969 χαρίτων
2402 893 2414 948 l
2447 891 2636 958 Οὕτως
2677 897 2710 962 ἠ
2759 897 2869 950 τῶν
2915 891 3204 968 γενεθλίων
3233 892 3401 963 αὐτῆς
3432 892 3615 967 ἡμέρα
3644 913 3786 970 χαρ-

2137 981 2343 1054 μόσυνα
2397 983 2487 1040 καὶ
2553 985 2804 1054 νικητικᾶ
2853 981 3164 1040 διεσαλπισε
3207 983 3388 1052 πῆσιί
3443 985 3715 1040 Τοσοῦτον
3746 984 3782 1051 ἡ

2133 1076 2382 1145 παροῦσα
2447 1074 2746 1150 πανήγυρις
2826 1079 3093 1146 μυστικῆς
3161 1071 3390 1147 θεωρίας
3457 1072 3783 1144 προτίθησιν

2133 1159 2268 1234 ὕψος
2295 1163 2308 1219 ι

2202 1429 2272 1479 Z'.
2350 1420 2529 1480 Ἀλλά
2589 1443 2675 1486 τις
2739 1420 2800 1478 ἂν
2863 1420 3133 1502 ἰσχύσειεν
3197 1421 3234 1500 ἢ
3302 1423 3418 1477 κατ’
3485 1423 3634 1493 ἀξίαν
3699 1421 3788 1477 ἐν-

2131 1518 2350 1585 νοῆσαι,
2415 1515 2450 1584 ἢ
2519 1510 2780 1588 γλώττης
2844 1507 3002 1589 ἔργον
3074 1511 3654 1586 οῗκονομῆσαι,ἢτήν
3699 1531 3785 1566 σε-

2135 1603 2397 1674 μνότητα,
2463 1603 2529 1670 ἤν
2595 1606 2740 1657 πᾶσα
2791 1605 2825 1672 ἡ
2875 1601 3100 1672 ποίησις
3165 1599 3255 1657 διὰ
3313 1599 3512 1671 ταύτης
3569 1598 3636 1669 δὴ
3684 1607 3784 1668 τῆς

2131 1685 2537 1762 παμϐασιλίδος
2591 1687 2708 1766 ἔχει
2769 1688 3041 1766 λαμπρῶς
3095 1683 3570 1764 περιϐαλλομένη,
3602 1689 3638 1758 ἢ
3679 1689 3780 1757 τήν

2128 1781 2328 1849 ταύτης
2363 1779 2784 1855 μεγαλειότητα,
2841 1776 2912 1834 δι’
2959 1781 3024 1848 ἧν
3075 1779 3165 1834 καὶ
3219 1778 3346 1834 Θεὸν
3391 1775 3599 1833 ἕνοικον
3643 1776 3779 1851 αὐτῇ

370 1871 502 1942 ipsa
531 1871 717 1926 Deum
749 1870 810 1924 in
843 1885 904 1925 se
939 1869 1240 1939 exciperet
1284 1868 1700 1935 habitatorem,
1735 1874 1791 1922 et
1821 1868 2022 1928 omnia

2142 1874 2282 1944 ιχεῖν
2338 1868 2625 1944 ἐξεγένετο,
2685 1870 2775 1925 καὶ
2833 1870 3004 1924 πάντα
3059 1867 3232 1924 ἐκεῖνα
3297 1872 3656 1944 προαγαγεῖν,
3712 1868 3777 1924 τὰ

370 1959 474 2015 illa
503 1959 813 2031 splendida
841 1975 910 2013 ac
938 1957 1239 2014 mirabilia
1281 1962 1409 2014 tum
1438 1957 1548 2016 sibi
1580 1964 1704 2014 tum
1734 1957 2019 2014 creaturis

371 2053 742 2120 compararet
767 2047 794 2102 ?

439 2141 584 2192 Cum
618 2137 800 2208 enim,
835 2152 951 2208 quo
982 2135 1169 2210 magis
1199 2152 1331 2191 sese
1358 2136 1492 2206 quis
1523 2135 1742 2208 expolit
1788 2140 1854 2191 ut
1902 2137 2020 2191 Deo

369 2225 580 2282 similis
612 2225 841 2291 evadat,
877 2241 944 2279 eo
976 2224 1266 2298 majorem
1297 2240 1433 2282 cum
1465 2225 1579 2280 Deo
1612 2225 1740 2296 ipso
1769 2225 2024 2296 conjun-

369 2317 654 2383 ctionem,
688 2319 747 2370 et
777 2318 1181 2370 consentanea
1227 2314 1384 2370 dona
1432 2313 1570 2370 inde
1601 2313 2022 2382 nanciscatur;

371 2422 474 2478 ego
507 2421 639 2461 vero
672 2403 949 2470 arbitror,
979 2404 1337 2474 Creatorem,
1361 2408 1426 2458 ut
1455 2403 1798 2460 hominibus
1830 2403 2025 2476 palam

368 2496 594 2550 faceret
651 2509 830 2565 quam
887 2492 1102 2548 similis
1133 2493 1250 2548 Deo
1294 2498 1452 2548 esset
1483 2492 1677 2564 Virgo,
1708 2499 2025 2564 propterea

373 2586 540 2642 eﬁ‘eci
572 2603 656 2656 se,
711 2590 778 2640 ut
825 2600 975 2640 nova
1031 2601 1275 2656 prorsus
1330 2600 1456 2640 eam
1512 2583 1670 2643 inter
1712 2599 1780 2640 ac
1839 2589 2029 2640 semet

371 2675 810 2748 conjunctionis
839 2674 990 2729 ratio
1021 2673 1354 2744 refulgeret,
1387 2679 1444 2729 et
1474 2678 1760 2730 creaturas
1793 2673 2028 2732 univer-

373 2783 452 2821 sa)
484 2765 703 2822 eximia
734 2781 840 2838 per
871 2764 1063 2836 ipsam
1095 2763 1281 2836 gloria
1311 2763 1920 2820 circumvestirentur.

442 2855 710 2910 Profecto
774 2853 847 2908 de
919 2853 1049 2924 ipsa
1115 2852 1346 2907 videtur
1399 2853 1543 2906 mihi
1597 2853 2028 2923 prmnuntiasse

372 2945 662 3018 prOpheta
728 2943 929 3013 David,
976 2941 1077 2998 ubi
1136 2958 1270 2998 cum
1325 2941 1720 2996 admiratione
1772 2941 2026 3000 clamat:

371 3037 502 3100 Quis
532 3035 594 3088 in
623 3033 860 3087 nubibus
887 3030 1201 3099 wquabitur
1249 3030 1505 3097 Domino,
1551 3029 1751 3086 similis
1783 3032 1887 3086 erit
1921 3031 2032 3090 Deo

370 3126 432 3177 in
477 3123 606 3190 ﬁliis
665 3121 763 3174 Dei
784 3118 910 3189 (9)?
967 3115 1140 3171 Nulla
1196 3115 1357 3170 enim
1415 3121 1824 3172 creaturarum
1858 3117 2034 3176 beata

374 3210 612 3282 Virgine
645 3206 919 3279 superior
949 3210 1060 3272 est,
1093 3203 1256 3260 nulla
1287 3221 1468 3276 supra
1495 3204 1745 3262 nubium
1775 3206 2032 3262 altitudi-

2129 1977 2187 2014 τε
2215 1958 2352 2031 αὐτῇ
2383 1957 2474 2012 καὶ
2502 1961 2572 2032 τῇ
2610 1957 2778 2022 κτίσει
2819 1956 3048 2034 λαμπρὰ
3075 1956 3163 2012 καὶ
3197 1954 3488 2032 περίδοξα;

2202 2137 2352 2194 Ἐπεὶ
2412 2139 2538 2214 γὰρ,
2587 2139 2818 2202 καθόσον
2873 2136 2934 2191 ἄν
2993 2157 3073 2198 τις
3129 2137 3316 2192 ἑαυτὸν
3385 2136 3586 2212 ἀποξέῃ
3645 2137 3783 2210 πρός

2131 2246 2195 2300 γε
2224 2226 2286 2282 τὸ
2312 2225 2544 2282 ἐοικέναι
2602 2230 2740 2298 Θεῷ,
2796 2227 2932 2281 κατὰ
2989 2231 3250 2286 τοσοῦτον
3309 2225 3399 2282 καὶ
3458 2224 3786 2299 συμπλοκῆς

2131 2313 2223 2370 καὶ
2284 2311 2477 2390 δώρων
2532 2313 2903 2386 καταλλήλων
2966 2314 3164 2372 ἐκεῖθεν
3216 2313 3498 2392 τυγχάνει,
3549 2312 3619 2370 ⁸ίν’
3667 2315 3790 2371 ὅσον

2132 2407 2168 2476 ἡ
2202 2405 2468 2481 Παρθενος
2527 2411 2645 2479 Θεῷ
2701 2405 3156 2482 προσωμοίωται,
3211 2407 3380 2476 τοῦτ’,
3429 2408 3612 2480 οἶμαι,
3647 2404 3792 2478 δείξῃ

2131 2501 2248 2557 τοῖς
2301 2495 2606 2568 ἀνθρώποις
2675 2497 2703 2550 ὁ
2772 2495 3050 2567 [llic-cna,
3104 2494 3195 2552 διὰ
3237 2500 3398 2552 τοῦτο
3446 2497 3536 2551 καὶ
3587 2497 3623 2564 ἡ
3669 2497 3788 2568 ξένη

2140 2585 2256 2659 μετ’
2287 2586 2452 2653 αὐτῆς
2503 2583 2668 2640 αὐτοῦ
2727 2582 3025 2660 διέλαμψεν
3073 2582 3289 2652 ἓνωσις,
3321 2584 3412 2639 καὶ
3442 2586 3476 2654 ἡ
3512 2581 3790 2658 δημιουρ-

2135 2674 2231 2748 γία
2281 2679 2425 2728 πᾶσα
2489 2674 2589 2742 τὴν
2650 2673 2960 2751 ἱστουργίαν
3031 2672 3101 2731 δι’
3165 2672 3334 2744 αὐτῆς
3393 2667 3791 2749 περιϐέϐληται

2136 2764 2234 2833 τήν
2268 2770 2622 2838 σεμνοπρεπῆ
2635 2807 2647 2821 .

2208 2853 2338 2928 Περὶ
2384 2854 2610 2926 ταύτης,
2660 2848 2849 2930 ἔμοιγε
2897 2853 3065 2926 δοκεῖ,
3115 2854 3206 2910 καὶ
3237 2855 3265 2909 ὁ
3299 2855 3589 2931 προφήτης
3622 2850 3790 2910 Δαϐὶδ

2139 2943 2231 2996 σὺν
2327 2941 2560 3016 θαύματι
2662 2940 3157 3016 προδιεκωδώνισε,
3234 2943 3338 3007 Τίς
3409 2943 3464 2999 ἐν
3539 2942 3790 3023 νεφέλαις

2141 3031 2491 3103 ἶσωθήσεται,
2543 3033 2785 3110 φάσκων,
2837 3031 2918 3104 τῷ
2976 3033 3180 3106 Κυρίῳ,
3241 3034 3644 3107 ὁμοιωθήσεται
3709 3039 3790 3107 τῷ

2138 3120 2323 3196 Κυρίῳ
2353 3118 2406 3176 ἐν
2439 3119 2580 3182 υἱοῖς
2611 3124 2785 3189 Θεοῦς
2843 3117 2978 3176 Θῦδέ
3029 3123 3134 3196 γάρ
3173 3121 3312 3178 ἐστιν
3352 3121 3380 3178 ό
3427 3127 3534 3178 τῶν
3562 3125 3790 3198 γενομε-

2139 3231 2241 3265 νων
2271 3210 2373 3280 τὴν
2437 3209 2705 3284 μακαρίαν
2765 3209 2920 3286 ὅπερ,
2978 3211 3070 3266 καὶ
3131 3212 3263 3286 ὑπὲρ
3318 3212 3380 3269 τὸ
3411 3216 3518 3268 τῶν
3549 3212 3788 3290 νεφελῶν

374 3271 516 3356 nem
545 3298 620 3354 ad
668 3271 927 3352 divinam
958 3271 1414 3353 similitudinem
1463 3296 1707 3367 propius
1740 3296 2027 3353 ascendit.

2142 3299 2280 3374 ὕψος
2307 3271 2448 3374 πρὸς
2475 3271 2740 3372 ὁμοίωσιν
2770 3271 3072 3370 ἄναῖἐϐηκε
3121 3271 3284 3357 θείανδ
3317 3299 3446 3357 ἀλλ’
3477 3299 3590 3356 οὐδ’
3621 3271 3681 3357 ἦν
3712 3305 3791 3358 εῖν

377 3389 490 3446 Sed
520 3402 714 3458 neque
744 3386 806 3441 in
854 3389 1158 3457 posterum
1206 3400 1448 3455 prorsus
1499 3401 1572 3440 ex
1609 3384 1888 3440 omnibus
1919 3386 2032 3443 erit

378 3479 564 3547 ullus,
599 3475 699 3548 qui
733 3474 807 3530 ad
837 3472 1154 3529 sublimem
1199 3472 1344 3528 adeo
1377 3473 1794 3529 celsitudinem
1825 3490 2031 3546 prove-

382 3569 581 3624 hatur.
615 3567 751 3638 Ipsa
779 3563 940 3620 enim
971 3563 1299 3619 altissimus
1344 3579 1515 3620 mons
1562 3563 1665 3618 ille
1689 3569 1800 3632 est,
1832 3565 1892 3622 in
1923 3581 2032 3634 quo

384 3658 789 3728 beneplacitum
817 3660 896 3709 est
925 3655 1036 3710 Deo
1067 3653 1318 3710 habitare
1346 3654 1405 3710 in
1439 3669 1498 3710 eo
1530 3651 1596 3710 ίο.
1625 3653 1772 3710 Hinc
1803 3658 1859 3708 et
1889 3653 2034 3711 illud

381 3748 617 3816 merito,
647 3760 783 3800 mea
832 3743 1074 3814 quidem
1130 3741 1443 3810 sententia,
1477 3741 1550 3797 de
1580 3743 1800 3814 Regina
1830 3750 2035 3801 nostra

383 3836 678 3910 quispiam
708 3832 942 3901 dixerit,
979 3831 1137 3903 quod
1167 3830 1238 3886 de
1270 3831 1520 3892 Domino
1549 3833 1868 3905 prmclarus
1897 3851 2033 3904 pm.

330 3964 335 3970 ι
379 3925 676 3983 nuntiavit
724 3921 1038 3980 Habacuc:
1086 3920 1318 3992 Operuit
1364 3922 1523 3983 caelos
1561 3922 1738 3982 virtus
1787 3925 1923 3994 ejus,
1983 3929 2036 3982 et

377 4017 670 4087 sapientiae
719 4014 836 4083 ejus
860 4013 1033 4083 plena
1067 4017 1144 4068 est
1177 4017 1328 4072 terra
1359 4011 1490 4082 (10).
1525 4011 1692 4076 Quod
1721 4011 1790 4082 si,
1824 4028 2036 4083 quem-

381 4103 704 4165 admodum
737 4100 968 4156 divinus
1001 4097 1386 4170 proclamavit
1423 4099 1628 4168 Lucas,
1660 4100 1806 4171 quod
1855 4102 2032 4156 hami-

379 4197 542 4251 nibus
573 4193 746 4247 altum
777 4197 875 4258 est,
906 4189 1245 4244 abominatio
1273 4195 1351 4245 est
1381 4196 1507 4246 ante
1541 4191 1705 4246 Deum
1740 4194 1782 4229 ίί
1804 4209 1827 4256 ;
1856 4208 2035 4262 quam

385 4282 706 4338 sublimem
729 4279 908 4350 igitur
933 4293 1054 4333 non
1077 4277 1268 4334 solum
1292 4295 1409 4349 prie
1431 4278 1774 4336 hominibus
1805 4281 2035 4336 univer-

382 4372 484 4440 sis,
518 4385 722 4426 verum
779 4367 980 4438 etiam,
1035 4371 1102 4422 ut
1158 4383 1262 4440 ego
1320 4368 1561 4439 quidem
1607 4369 1882 4442 dixerim,
1914 4387 2036 4442 praa

382 4461 610 4534 angelis
639 4457 982 4515 existimare
1008 4461 1241 4528 oportet
1269 4456 1652 4514 altitudinem
1687 4458 1870 4526 illius,
1904 4475 2036 4530 qua)

381 4555 570 4609 Deum
599 4551 662 4606 in
703 4553 896 4604 terras
953 4546 1238 4604 attraxit?
1292 4548 1579 4612 Quocirca
1627 4548 1766 4620 jure
1822 4549 2036 4605 merito

2139 3389 2244 3444 τὼν
2280 3386 2550 3462 ἐσομένων
2610 3384 2781 3459 ἔσται,
2835 3393 2944 3446 τῶν
3001 3389 3248 3446 ἁπάντων
3303 3387 3500 3462 οὐδεὶς,
3532 3395 3792 3446 τοσοῦτος

2141 3477 2590 3554 ὕψωθῆσόμενος·
2625 3479 2761 3550 αὕτη
2793 3477 2897 3556 γάρ
2941 3477 3053 3534 ἔστι
3101 3480 3164 3536 τὸ
3199 3480 3608 3555 μετεωρότατον
3640 3479 3791 3556 ὄρος,

2140 3569 2170 3624 ’ὁ
2202 3565 2494 3639 εὐδόκησεν
2556 3569 2584 3623 ὁ
2640 3566 2770 3630 Θεὸς
2822 3573 3091 3624 κατοικεῖν
3149 3568 3200 3624 ἐν
3255 3569 3425 3641 αὐτῷ.
3485 3572 3669 3627 ’Ένθεν
3699 3573 3791 3626 καὶ

2138 3656 2300 3712 τοῦτό
2331 3677 2413 3718 τις
2445 3655 2631 3726 ἀξίως,
2665 3657 2840 3731 οἶμαι,
2873 3661 3128 3732 προσερεῖ
3173 3660 3242 3730 τῇ
3295 3655 3564 3732 βασιλίδι,
3595 3659 3623 3714 ὃ
3653 3659 3792 3734 πρὸς

2140 3747 2231 3802 τὸν
2302 3745 2578 3816 Δεσπότην
2649 3747 2678 3800 ὁ
2741 3744 3023 3808 θεσπέσιος
3087 3740 3430 3820 ³Α66ακούμ’
3489 3746 3788 3822 Ἐκάλυψεν

2142 3834 2412 3909 οὐρανοὺς
2460 3837 2496 3904 ἡ
2549 3833 2713 3908 ἀρετὴ
2783 3835 2978 3904 αὐτῆς,
3045 3832 3135 3889 καὶ
3197 3841 3298 3904 τῆς
3366 3831 3626 3899 ωνέσεως
3693 3835 3792 3892 αὖ-

2140 3929 2243 3993 τῆς
2289 3921 2514 3997 πλήρης
2545 3925 2580 3993 ἡ
2755 3921 2820 3980 Εἰ
2871 3920 2949 3994 δὶ,
3001 3921 3239 4000 καθάπερ
3269 3922 3322 3978 ἐν
3363 3923 3728 4000 Εὐαγγελίοις
3760 3927 3788 3980 ὀ

2141 4015 2285 4074 θεῖος
2353 4011 2582 4084 ἐκήρυξε
2647 4017 2880 4083 Λουκᾶς,
2942 4011 3006 4068 τὺ
3073 4013 3125 4069 ἐν
3191 4012 3500 4088 ἄνθρώποις
3555 4015 3788 4089 ὑψηλὸν,

2147 4097 2428 4176 βδέλυγμα
2494 4099 2726 4156 ἐνώπιον
2785 4102 2882 4155 τοῦ
2937 4104 3072 4156 Θεοῦ
3128 4099 3296 4156 πόσον
3363 4097 3466 4175 ἄρα
3528 4103 3590 4158 τὸ
3659 4103 3790 4180 ὑπὲρ

2142 4190 2346 4253 πάντας
2398 4187 2742 4262 ἀνθρώπους,
2799 4187 2965 4265 φαίην
3023 4186 3068 4244 δ’
3128 4188 3188 4244 ἂν
3243 4182 3440 4265 ἔγωγε,
3490 4191 3581 4246 καὶ
3628 4191 3796 4268 ἀγγε-

2145 4277 2299 4347 λους,
2334 4277 2546 4350 ὑψηλὸν
2604 4278 2730 4350 παρ’
2786 4277 2978 4348 αὐτῆς,
3037 4278 3067 4333 ὃ
3121 4278 3211 4334 καὶ
3269 4279 3396 4334 Θεὸν
3453 4279 3531 4344 εἷς
3567 4288 3672 4354 γῆν
3696 4303 3792 4337 κα-

2139 4370 2372 4443 τήγαγε,
2407 4365 2718 4440 λογίζεσθαι
2775 4369 2935 4442 χρής
2997 4367 3096 4422 Διά
3157 4373 3326 4423 ταῦτα
3371 4370 3462 4424 καὶ
3507 4369 3657 4444 μάλα
3686 4373 3794 4426 σώ-

2145 4463 2251 4528 ζων
2300 4453 2361 4511 ἄν
2399 4477 2484 4518 τις
2535 4455 2599 4512 τὸ
2657 4452 2774 4511 δεον
2825 4455 3006 4511 ἐπάνω
3061 4457 3302 4532 πάντων,
3351 4463 3484 4515 Θεοῦ
3531 4461 3700 4530 πλὴν,
3731 4461 3793 4516 τὸ

2146 4545 2491 4622 ὑψηλότατον
2543 4549 2705 4602 τοῦτο
2763 4545 3010 4602 καλέσειε
3067 4547 3329 4623 γέννημαο
3392 4547 3437 4603 εἰ
3496 4545 3554 4602 δὲ
3607 4553 3794 4619 τοῦτο,

382 4641 682 4715 quispiam
703 4637 1198 4698 sublimissimam
1223 4638 1378 4694 hanc
1399 4642 1731 4696 creaturam
1758 4637 2027 4696 omnibus

2142 4636 2232 4692 καὶ
2289 4635 2441 4706 ἣκειν
2499 4634 2550 4706 ἐξ
2611 4636 2865 4712 οὐρανοῦ·
2925 4634 3040 4690 ἐπεὶ
3109 4637 3200 4692 καὶ
3258 4639 3293 4707 ἡ
3352 4634 3790 4711 θεολογικωτάτη

383 4734 860 4804 quibuscunque,
920 4730 1038 4786 Deo
1097 4726 1291 4783 solum
1349 4731 1615 4800 excepto,
1667 4729 2027 4801 superiorem

2145 4723 2234 4781 καὶ
2287 4723 2458 4781 πάντα
2513 4727 2861 4799 περιηχοῦσα
2919 4723 3108 4802 φάσκει
3169 4726 3342 4803 φωνή·
3400 4725 3462 4782 Ὁ
3513 4723 3564 4795 ἐξ
3624 4726 3794 4802 οὐρα-

385 4820 785 4877 afﬁrmaverit.
817 4819 992 4891 Atqui
1024 4817 1204 4872 simul
1235 4833 1302 4871 ac
1325 4817 1386 4872 id
1417 4821 1730 4887 statuatur,
1755 4818 1884 4890 jam
1915 4823 1975 4873 et
2003 4834 2027 4874 a

2147 4819 2242 4870 νοῦ
2273 4812 2576 4890 ἐρχόμενος
2602 4812 2782 4868 ἐπάνω
2811 4813 3025 4870 πάντων
3058 4811 3223 4874 ἐστίν,

385 4911 532 4967 caelo
567 4925 699 4964 eam
730 4908 1039 4963 advenisse
1069 4906 1514 4962 decernendum
1545 4911 1654 4966 est.
1687 4907 2136 4980 Quaquaversus
2159 4906 2318 4962 enim
2340 4909 2580 4961 resonat
2604 4904 2846 4960 maximi
2867 4904 3030 4959 illius
3057 4905 3315 4977 theologi
3336 4922 3466 4977 vox,
3491 4906 3789 4978 inquiens:

395 5003 503 5065 Qui
531 5000 597 5054 de
627 4997 760 5052 coelo
791 4999 962 5065 venit,
983 5013 1148 5066 super
1172 5012 1355 5052 omnes
1385 5001 1464 5052 est
1488 4997 1556 5052 ¹².

460 5099 502 5133 ¹⁰
527 5095 681 5154 Psal.
715 5111 851 5167 Lvn,
887 5093 974 5152 17.
1053 5093 1096 5131 ιι
1128 5095 1265 5152 Luc.
1298 5110 1408 5164 XVI,
1446 5097 1530 5150 15.
1609 5093 1656 5128 1³
1681 5095 1848 5152 Joan.
1882 5109 1963 5164 ιιι,
1999 5096 2088 5150 31.

1705 5195 1847 5256 Ant.
1892 5191 2190 5256 Ballerini
2236 5200 2426 5256 nota.

458 5303 690 5378 (9)Psal
745 5319 1018 5378 nxxxvm,
1078 5305 1130 5358 '7.
1188 5299 1450 5378 Isidorus
1513 5303 1610 5378 hic
1630 5301 1866 5378 __11_1agi_s_
1904 5317 2041 5378 cum
2144 5300 2576 5378 __(_10)7Habac.r
2631 5316 2714 5370 ιιι,
2776 5301 2827 5356 3.
2882 5300 3144 5378 Isidorus
3191 5302 3289 5378 hic
3319 5323 3428 5362 nec
3459 5305 3632 5378 plane
3663 5325 3796 5364 cum

383 5372 863 5450 VulgataLatina
911 5390 1090 5450 quam
1117 5387 1300 5450 __cum_
1343 5372 1726 5450 GrmcaLLXX
1761 5372 2036 5450 _édi_ti_on_e
2144 5372 2402 5450 Vulgata
2447 5377 2653 5450 nostra
2707 5373 3048 5450 consentit,_
3087 5391 3216 5450 qua)
3275 5372 3506 5450 habet-z
3567 5380 3796 5450 Oper-uit

385 5441 716 5518 consentit;
753 5448 878 5518 1183C
909 5441 1072 5499 enim
1115 5443 1220 5518 ita_
1245 5442 1336 5518 bis
1377 5444 1594 5518 repetit
1618 5445 1680 5518 τό
1718 5445 1822 5518 τίς·
1857 5442 1954 5518 Τίς
1986 5441 2038 5518 ἐν
2147 5441 2304 5498 cados
2350 5443 2559 5518 gloria_
2583 5445 2739 5518 ejus:
2791 5452 2843 5518 et
2886 5441 3248 5518 laudis'ejus
3291 5449 3463 5518 plena
3492 5456 3567 5504 est
3605 5441 3794 5507 terra:

383 5518 632 5605 νεφέλαις
664 5511 1018 5605 ⁷ξδσωιθήσετοιι
1053 5517 1148 5605 ιτιξ)
1180 5511 1407 5605 Κιυρίρη
1446 5511 1565 5605 Lucii
1625 5512 1706 5605 τίς
1749 5515 2027 5588 ὁμοιωθή-

2146 5511 2525 5605 neque'curln‘
2541 5511 3087 5605 L3Xniqui°legunt
3119 5511 3169 5571 ε’
3193 5511 3494 5605 ’,Εκξλυψεγ
3529 5521 3794 5605 οιξρανοὺς

387 5577 534 5668 σεται
559 5577 638 5668 τῷ
912 5584 964 5639 ἐν
987 5657 1002 5668 ‘
1021 5577 1158 5668 υἱοῖς
1219 5577 1351 5668 Θξεοξι
1378 5577 1401 5651 ;⁷
1452 5585 1589 5668 Quae
1629 5577 1840 5668 tamen
1868 5577 2027 5668 Τερέ-

2147 5587 2205 5668 ἠ.
2237 5577 2401 5668 dea-:11
2443 5577 2776 5668 .(Comlpl'ut:
2800 5659 2814 5668 _
2843 5577 3090 5668 S‘vivéc'p‘ic.)
3126 5586 3371 5668 ‘aiivtoiit
3395 5577 3483 5645 καὶ
3543 5577 3793 5658 αἰνέσεως

386 5665 517 5720 tilio
549 5655 715 5718 abest
745 5655 922 5713 etiam
953 5657 1024 5711 ab
1071 5657 1476 5729 Complutensi
1509 5674 1576 5716 ac
1611 5659 1846 5730 Aldina,
1879 5655 2027 5715 et‘al

392 5731 784 5786 Alexandrino
814 5728 1066 5786 codice.‘

2148 5655 2310 5714 αὐτοῦ
2341 5655 2563 5734 πλήρης
2593 5655 2906 5734 (Complut.
2940 5655 3267 5734 ἐπλήσθη)ἡ
3302 5655 3397 5729 γῆ.

388 5731 784 5793 Alexandrino
814 5729 1036 5786 codice.
1058 5741 1066 5750 ‘
