4104 6300
270 353 347 412 21
1221 342 1485 405 SERMO
1528 341 1610 403 IN
1653 337 2203 401 NATIVITATEM
2249 337 2320 397 B.
2367 334 2439 397 ν.
2486 335 2794 403 MARLE.
3630 342 3709 400 22

350 484 436 539 ll'.
489 463 712 555 Ἔγωγε
765 480 897 552 μὴν,
944 476 1061 533 Ἐπεὶ
1109 473 1279 531 πάλαι
1322 479 1507 537 κακῶς
1555 473 1701 549 εἶχεν
1752 474 1788 542 ἦ
1839 472 1928 548 γῆς

2124 470 2264 526 VIll.
2299 470 2449 525 Sane
2470 484 2605 524 cum
2637 472 2795 525 terra
2822 469 2963 531 olim
2988 471 3141 529 male
3165 489 3406 543 prorsus
3433 474 3704 543 haberet,

284 571 373 626 καὶ
422 571 491 639 ἦν
550 571 735 624 ἅπασα
795 567 963 623 σάλου
1014 565 1103 621 καὶ
1165 564 1356 639 μανίας
1406 562 1816 638 ἐμπιπλαμένη,
1848 561 1940 617 καὶ

286 659 516 735 ὡσπερεὶ
597 657 854 731 σειομένη
930 659 998 729 τῇ
1076 654 1335 729 ἁμαρτίᾳ,
1403 654 1491 708 καὶ
1553 654 1679 729 παρ’
1745 652 1939 719 ἑαυτῆς

286 750 435 813 ὅπως
466 770 520 802 τι
574 748 934 822 βλαστήσειεν
991 746 1270 819 ἀποροῦσα
1326 743 1630 821 φάρμακον,
1660 742 1734 796 ἶν’
1765 741 1938 795 ἐκεῖνο

281 840 344 894 τὸ
412 835 586 893 δεινὸν
657 833 972 909 κατακλῦσῃ
1039 834 1131 889 καὶ
1208 832 1525 906 ἀποκαθάρῃ
1594 833 1691 902 τὴν
1760 831 1937 900 νόσον,

285 931 314 985 6
381 927 612 1005 οὐρανὸς
682 924 894 1000 εἴποιμ’
960 921 1048 980 ἃτι
1110 943 1213 998 περ
1287 921 1557 990 ἐλείπετο,
1623 921 1714 979 καὶ
1777 925 1939 994 χεῖρα

288 1019 492 1093 ὄρεξαι,
523 1016 613 1070 καὶ
673 1016 802 1089 παρ’
858 1015 1051 1069 ἑαυτοῦ
1103 1034 1157 1068 τι
1214 1014 1622 1088 χορηγῆσαιτῇ
1652 1009 1933 1083 καμνούσῃ

284 1109 578 1180 σωτήριον·
643 1105 773 1159 ὥστ’
832 1102 884 1158 εἴ
944 1124 1028 1165 τις
1092 1102 1184 1156 τὸν
1234 1101 1427 1156 κλόνον
1485 1101 1689 1155 ἐκεῖνον
1746 1096 1937 1169 ἔστησε

275 1197 372 1252 καὶ
407 1197 471 1251 τὸ
514 1199 614 1267 τῆς
667 1195 847 1267 ὀσμῆς
897 1190 1175 1263 ἀπήλασεν
1225 1188 1391 1266 ἄχαρι
1420 1194 1517 1245 τοῦ
1548 1186 1744 1258 δεινοῦ,
1778 1189 1935 1248 οὗτος

275 1282 336 1341 δὲ
388 1285 455 1353 ἦν
511 1283 540 1338 6
600 1282 858 1355 λαμπρὸς
918 1281 1104 1358 ἰατρὸς
1136 1282 1171 1351 ἡ
1214 1274 1495 1355 Παρθένος,
1556 1278 1646 1333 καὶ
1688 1278 1937 1353 οὐράνιος

273 1376 341 1431 ἂν
374 1372 603 1435 εἰκότως
634 1372 892 1444 κληθείη.

351 1550 514 1624 Ἐμοί
545 1549 645 1626 γὰρ
677 1549 769 1604 καὶ
817 1550 952 1624 πρὸς
1003 1551 1167 1604 τοῦτο
1218 1546 1396 1623 φέρεῖν
1458 1546 1629 1603 ἐκεῖνο
1662 1544 1812 1601 δοκεῖ
1836 1549 1934 1600 τοῦ

268 1640 423 1695 θείου
490 1633 679 1695 Δαϐίδ·
754 1645 829 1709 Γῆ
916 1637 1151 1709 ἐσείσθη,
1235 1638 1326 1693 καὶ
1415 1639 1519 1713 γὰρ
1587 1638 1641 1692 οἱ
1708 1634 1932 1711 οὐρανοὶ

268 1727 520 1799 ἕσταξάψ
583 1731 741 1803 οἶμαι
799 1726 878 1799 δὲ,
963 1727 1053 1782 καὶ
1142 1733 1240 1797 τῆς
1320 1722 1533 1797 ἕσταξαν
1594 1725 1787 1796 λέξεως
1845 1722 1933 1779 διὰ

268 1821 417 1875 τοῦτ’
449 1817 642 1891 ἐδέησε
682 1822 763 1895 τῷ
818 1820 1091 1896 προφήτῃ,
1146 1814 1220 1871 ’ίν⁹
1276 1817 1532 1894 ὁποφήνῃ
1566 1817 1639 1878 ὡς
1672 1816 1732 1872 οὐ
1765 1817 1927 1870 θανα-
1961 1839 2008 1913 Β

270 1911 468 1985 σίμους
527 1906 765 1988 ἀφειδῶς
823 1910 1220 1985 ἀνοιγνόμενοι,
1254 1909 1349 1962 οἶα
1377 1907 1548 1964 πάλαι
1591 1906 1927 1983 κατὲῥραξαν

273 2000 467 2062 ὑετοὺς
499 1998 748 2074 οὐρανοὶ,
780 2000 856 2061 ὡς
906 1997 964 2053 ἂν
1009 2001 1098 2053 καὶ
1147 1992 1388 2052 κιϐωτοῦ
1424 1998 1591 2071 μικρὰ
1619 2001 1718 2052 τοῦ
1746 1996 1933 2073 γένους

276 2090 562 2163 σπέρματα
628 2086 1008 2158 διασωζοόσης
1074 2085 1349 2162 ἂνθρωποι
1408 2083 1665 2156 δεηθεῖεν,
1714 2088 1749 2157 ἢ
1803 2087 1937 2159 μετὰ

271 2181 366 2249 τὴν
398 2178 677 2255 σωτηρίαν
738 2176 911 2232 σάλον
960 2176 1130 2232 ἄλλον
1184 2177 1262 2239 εἷς
1309 2179 1414 2250 γῆν
1448 2175 1677 2239 ἀπέθετο
1707 2175 1800 2229 τὸν
1830 2175 1933 2229 ἀπὸ

275 2275 367 2338 τῆς
409 2269 720 2347 παροινίας,
776 2266 905 2323 ἀλλ’
957 2261 1209 2329 εὐλαϐῶς
1258 2286 1376 2327 πως
1428 2264 1487 2319 ἂν
1538 2264 1734 2333 εἷ’ποις,
1768 2264 1933 2328 καθά·

277 2378 373 2434 περ
425 2358 475 2412 οἱ
541 2357 764 2432 οὐρανοὶ
821 2353 1174 2429 διηθούμενοι
1230 2356 1293 2410 τὸ
1342 2350 1705 2410 εὐωδέστατον
1752 2354 1933 2426 ἄνθος,

278 2446 337 2501 τὸ
367 2447 600 2521 περπνὸν
650 2444 717 2515 δὴ
770 2448 954 2518 τοῦτο,
984 2448 1081 2516 τὴν
1137 2443 1425 2518 Πάναγνον,
1473 2449 1588 2506 τοῖς
1619 2444 1933 2519 ἀνθρώποις

283 2534 552 2606 ἒνέσταξαν
590 2536 784 2612 μόρον.

357 2806 418 2863 Ei
451 2803 497 2860 δ’
529 2806 626 2861 οὐκ
680 2802 891 2876 ἄδηλον
952 2805 1189 2878 εὐμενῶς
1242 2802 1313 2859 δι’
1367 2805 1538 2873 αὐτῆς
1599 2804 1736 2878 πρὸς
1784 2806 1933 2875 ἡμᾶς

280 2891 570 2969 ἐπιϐλέψαι
638 2895 790 2965 Θεὸν,
864 2892 1094 2965 εὔδηλον
1199 2893 1281 2968 ἄρ’
1386 2892 1461 2954 ὡς
1526 2889 1740 2946 κάκεῖνο
1807 2891 1932 2964 περὶ

281 2989 465 3058 αὐτῆςο
563 2989 652 3061 Ἐξ
734 2987 971 3061 οὐρανοῦ
1064 2981 1359 3059 ἐπέϐλεψεν
1428 2987 1456 3039 ὁ
1524 2983 1740 3058 Κύριος·
1819 2979 1934 3037 οἶδε

278 3078 472 3139 πάντας
520 3077 657 3139 τοὺς
707 3077 862 3137 υἱοὺς
909 3078 1016 3130 τῶν
1067 3075 1366 3147 ἀνθρώπων
1426 3072 1476 3147 ἐξ
1543 3072 1772 3148 ἑτοίμου
1802 3092 1936 3128 κατ-

264 3166 596 3240 οικητηρίου
643 3166 836 3220 αὐτοῦ.
895 3163 961 3220 Εἴ
1010 3161 1053 3218 δ’
1104 3164 1190 3218 δτι
1240 3164 1366 3225 ναὸς
1432 3166 1565 3217 Θεοῦ
1614 3163 1701 3217 καὶ
1738 3162 1930 3237 θρόνος

265 3261 295 3328 ἡ
363 3259 664 3334 Πάναγνος,
751 3250 1241 3335 ἀναμφισϐήτητον
1335 3255 1506 3325 πάντη
1612 3253 1701 3308 καὶ
1766 3255 1929 3308 τοῦτο

266 3349 477 3411 πάντως
539 3344 619 3402 δι’
698 3344 892 3416 αὗτήνο
969 3343 1169 3420 Κύριος
1226 3342 1279 3397 ἐν
1338 3347 1451 3414 ναῶ
1525 3341 1667 3417 ἁγίῳ
1743 3339 1928 3396 αὐτοῦ’

265 3437 459 3513 Κόριος
531 3436 598 3492 ἐν
661 3432 883 3510 οὒρανῷ
946 3433 974 3487 ὁ
1039 3433 1231 3508 θρόνος
1298 3432 1485 3486 αὐτοῦ·
1538 3427 1608 3486 δι’
1648 3430 1681 3485 ’ἀ
1720 3427 1931 3501 δήπου-

268 3538 349 3591 θεν
418 3527 507 3580 καὶ
584 3522 817 3598 οὐρανὸν
884 3522 971 3576 καὶ
1040 3520 1277 3597 οὐρανῶν
1339 3521 1531 3592 κύημα
1578 3518 1677 3574 οὐκ
1725 3517 1785 3573 ἄν
1845 3539 1931 3582 τις

262 3616 520 3691 ἁμάρτοι,
595 3615 736 3668 κατά
794 3632 858 3687 γε
915 3611 1009 3665 τὸν
1066 3610 1194 3686 ἐμὸν
1257 3609 1446 3685 λόγον,
1502 3609 1601 3678 τὴν
1659 3609 1929 3683 Παρθένον

260 3707 584 3781 προσονομά
594 3709 731 3774 ζων.

324 3884 389 3942 Eg
454 3883 513 3939 δὲ
580 3886 689 3939 τοῦ
760 3878 950 3949 πηλοῦ
1011 3877 1102 3933 καὶ
1167 3884 1268 3947 τῆς
1335 3874 1658 3951 Ἀδαμιαὶας
1715 3876 1927 3949 ἰκείνης

258 3971 446 4047 μοίρας
506 3974 561 4028 οἳ
621 3977 735 4040 τῆς
798 3966 1074 4041 Ηαρθὲνου
1128 3968 1478 4043 γαννήτορες,
1521 3962 1674 4021 οὐδέν
1715 3989 1768 4021 τι
1808 3964 1929 4035 δέος

251 4068 325 4136 τῷ
364 4064 530 4140 λὲγῳ,
605 4059 846 4135 οὐρανὸν
916 4057 1010 4130 κάξ
1068 4057 1301 4134 οὐρανοῦ
1350 4059 1450 4127 τὴν
1493 4056 1758 4132 μακαρίαν
1800 4060 1926 4114 ἀνα-

251 4153 601 4226 κηρύττοντι.
659 4148 823 4206 Ἐπεὶ
880 4148 970 4201 καὶ
1028 4153 1095 4223 γῆ
1162 4147 1256 4220 μὲν
1324 4146 1508 4217 ἀνίησι
1593 4147 1754 4223 φυτὰ,
1827 4153 1930 4217 τῆς

252 4241 355 4297 ἄνω
408 4241 466 4300 δὶ
496 4244 564 4298 τὸ
615 4243 734 4296 πᾶν
768 4234 994 4314 δρόσου,
1044 4235 1131 4291 ἳνα
1186 4235 1278 4290 καὶ
1336 4236 1490 4310 τέκῃ,
1523 4235 1612 4291 καὶ
1644 4239 1923 4313 χρήσιμον

252 4330 475 4408 ἐκθρέψῃ
550 4328 804 4406 καρπόν·
884 4324 978 4380 καὶ
1052 4322 1339 4401 ἀνδριάντα
1418 4326 1511 4397 μὶν
1580 4324 1641 4381 ἐκ
1716 4330 1926 4405 χρυσοῦ

1958 3215 2007 3281 D

2052 564 2110 616 et
2137 565 2259 619 tota
2291 558 2642 615 tumultibus
2696 560 3028 631 insanoque
3072 562 3271 618 furore
3311 569 3608 635 aestuaret,
3636 582 3705 620 ac

2050 653 2291 721 peccato
2321 648 2501 704 veluti
2535 653 2818 720 quassata
2871 655 3073 718 esset;
3125 651 3185 707 in
3239 669 3300 708 se
3353 658 3552 713 autem
3584 656 3699 709 vim

2049 756 2169 794 non
2196 739 2442 793 haberet
2470 738 2711 809 aliquod
2741 740 3132 812 progignendi
3163 742 3697 816 pharmacum,quo

2048 831 2275 889 malum
2306 830 2454 887 illud
2488 829 2731 898 elueret,
2779 846 2847 886 ac
2892 832 3167 889 morbum
3199 830 3555 905 depelleret;
3591 853 3696 908 ego

2048 937 2189 978 sane
2221 920 2494 989 dixerim,
2524 919 2634 975 hoc
2676 936 2863 976 unum
2911 920 3203 992 reliquum
3255 924 3457 995 fuisse,
3491 932 3555 981 ut
3585 943 3700 982 co:-

2048 1013 2173 1069 lum
2203 1029 2447 1069 manum
2480 1011 2881 1083 protenderet,
2916 1028 2983 1068 ac
3010 1017 3182 1071 terra)
3211 1014 3505 1073 laboranti
3539 1017 3702 1073 salu-

2046 1109 2234 1160 tarem
2266 1102 2625 1161 medioinam
2672 1102 2864 1173 ipsam
2918 1119 2949 1157 e
2996 1120 3156 1174 penu
3207 1122 3312 1160 suo
3361 1107 3701 1179 suppedita-

2045 1198 2137 1248 ret
2159 1193 2294 1264 (H).
2328 1193 2385 1248 Si
2409 1192 2544 1263 quis
2575 1192 2755 1264 igitur
2779 1194 3243 1249 commotionem
3267 1194 3431 1250 illam
3457 1198 3702 1268 sedavit,

2046 1288 2104 1338 et
2160 1283 2452 1355 ingratum
2514 1282 2627 1339 diri
2684 1282 2875 1337 morbi
2935 1284 3203 1338 faetorem
3246 1283 3493 1355 depulit,
3527 1286 3703 1356 plane

2045 1372 2314 1444 egregius
2346 1372 2441 1428 hic
2470 1371 2582 1427 fuit
2631 1372 2916 1441 medicus,
2970 1373 3098 1443 ipsa
3147 1372 3375 1431 scilicet
3406 1374 3601 1447 Virgo,
3634 1393 3703 1433 ac

2044 1461 2298 1517 caelestis
2329 1465 2650 1533 propterea
2682 1460 2818 1532 jure
2848 1462 3129 1518 vocanda.

2113 1554 2258 1609 Nam
2280 1551 2386 1608 illa
2410 1568 2647 1622 quoque
2665 1550 2846 1609 divini
2869 1552 3105 1613 Davidis
3127 1554 3242 1613 huc
3263 1559 3532 1626 spectare
3552 1555 3699 1610 mihi

2041 1640 2357 1699 videntur:
2396 1643 2565 1699 Terra
2616 1648 2765 1697 mota
2818 1650 2939 1708 est;
2997 1643 3195 1699 etenim
3239 1644 3358 1700 caeli
3387 1645 3699 1707 distillave-

2038 1736 2172 1785 runt
2201 1729 2265 1784 1³.
2351 1728 2636 1787 Existimo
2694 1734 2914 1796 autem,
2974 1732 3327 1802 prophetam
3387 1738 3702 1804 propterea

2038 1835 2214 1879 usum
2247 1835 2377 1875 esse
2429 1833 2500 1876 ea
2564 1834 2724 1887 vocs,
2779 1818 3208 1888 distillaverunt,
3240 1825 3307 1879 ut
3337 1822 3700 1889 ostenderet,

2039 1907 2217 1965 ccelos
2275 1924 2397 1964 non
2450 1907 2690 1978 quidem
2747 1912 2980 1978 apertos
3041 1913 3108 1963 ut
3165 1908 3305 1963 olim
3363 1911 3699 1966 mortiferas

2037 1998 2222 2056 effuse
2253 1997 2484 2069 pluvias
2514 1997 2848 2061 demisisse.
2880 1997 3028 2053 adeo
3058 2002 3125 2053 ut
3154 2003 3213 2053 et
3242 2015 3401 2066 arca,
3434 2016 3565 2069 quas
3597 2017 3699 2068 ge-

2036 2088 2199 2142 neris
2230 2103 2420 2158 pauca
2451 2086 2680 2147 semina
2729 2092 3008 2155 servaret,
3053 2087 3330 2143 homines
3362 2088 3701 2160 indigerent

2035 2178 2192 2249 (quas
2214 2183 2414 2233 tamen
2437 2193 2575 2237 arca
2595 2182 2728 2249 post
2750 2177 2992 2235 allatam
3011 2178 3263 2237 salutem
3283 2178 3460 2235 aliam
3484 2180 3698 2235 iterum

2040 2267 2347 2322 turbarum
2381 2268 2618 2336 seriem,
2653 2283 2784 2337 quae
2812 2284 2882 2322 ex
2922 2266 3204 2322 ebrietate
3237 2268 3406 2322 duxit
3438 2268 3695 2336 initium,

2037 2357 2100 2411 in
2144 2362 2365 2413 terram
2409 2356 2681 2427 dejecit):
2726 2356 2829 2411 sed
2880 2357 3093 2413 leniter
3139 2357 3577 2429 quodammodo
3629 2374 3697 2413 ac

2038 2463 2221 2518 prope
2263 2445 2537 2515 dixerim,
2589 2446 2759 2517 quasi
2808 2446 3427 2501 suaveolentissimum
3484 2447 3694 2504 ﬂorem

2035 2536 2382 2603 iri-orantes,
2407 2535 2913 2607 jucundissimum
2947 2536 3058 2595 hoc
3086 2542 3478 2607 unguentum,
3512 2537 3687 2593 inno-

2036 2625 2445 2685 centissimam
2503 2640 2720 2695 nempe
2774 2624 3093 2694 Virginem,
3128 2624 3467 2680 hominibus
3497 2624 3689 2683 instil-

2037 2713 2195 2769 lasse
2226 2713 2363 2785 (l2).

2110 2805 2403 2857 Praeterea
2448 2818 2582 2858 cum
2639 2802 2783 2857 satis
2834 2802 3214 2858 manifestum
3246 2803 3340 2870 sit,
3373 2804 3557 2858 Deum
3588 2803 3696 2859 be-

2038 2889 2217 2960 nigno
2248 2906 2356 2943 nos
2387 2890 2549 2945 vultu
2577 2906 2685 2959 per
2713 2891 2903 2959 ipsam
2935 2891 3287 2960 respexisse,
3324 2890 3590 2959 profecto
3621 2892 3695 2947 de

2036 2978 2167 3048 ipsa
2194 2981 2253 3032 et
2281 2976 2431 3032 illud
2461 2976 2687 3033 dictum
2735 2977 2885 3033 fuit:
2929 2979 3005 3032 De
3051 2979 3183 3034 caelo
3229 2980 3474 3048 respewit
3506 2981 3696 3037 Domi-

2035 3083 2140 3122 nus
2167 3067 2310 3121 vidit
2341 3082 2519 3123 omnes
2549 3068 2693 3135 ﬁlios
2743 3066 3031 3125 hominum
3076 3068 3143 3122 de
3180 3074 3502 3137 praeparato
3535 3068 3697 3127 habi-

2039 3157 2218 3212 tacula
2245 3172 2343 3211 suo
2375 3155 2441 3210 ¹⁴.
2505 3157 2649 3213 Cum
2711 3160 2911 3217 autem
2970 3156 3130 3212 haud
3187 3156 3529 3228 ambiguum
3565 3175 3693 3216 esse

2037 3246 2242 3318 possit,
2271 3245 2827 3305 innocentissimam
2858 3245 3024 3302 illam
3057 3246 3345 3318 templum
3368 3263 3605 3318 quoque
3627 3265 3694 3304 ac

2039 3336 2320 3397 thronum
2351 3335 2452 3391 Dei
2484 3352 2635 3406 esse,
2677 3335 2807 3408 jam
2857 3339 2915 3391 et
2961 3334 3110 3400 illud
3139 3335 3470 3406 putandum
3502 3342 3589 3395 est
3619 3337 3691 3397 de

2038 3427 2169 3498 ipsa
2198 3426 2423 3487 dictum
2452 3426 2637 3483 fuisse
2664 3443 2677 3482 :
2710 3428 2973 3485 Dominus
3014 3429 3075 3481 in
3120 3427 3323 3497 templo
3351 3434 3538 3485 sancto
3566 3444 3689 3498 sua,

2043 3520 2300 3576 Dominus
2330 3521 2389 3577 in
2427 3519 2557 3575 caelo
2604 3518 2750 3574 sedes
2806 3518 2925 3586 ejus
2949 3517 3012 3577 ιδ.
3071 3519 3441 3590 Quapropter
3470 3519 3518 3573 si
3550 3520 3684 3591 quis

2044 3609 2336 3680 Virginem
2368 3607 2628 3680 appellet
2657 3606 2894 3676 cmlum,
2917 3610 3020 3663 aut
3047 3606 3331 3663 caelorum
3364 3607 3685 3677 ﬁliam,iste

2038 3698 2324 3770 profecto,
2348 3713 2480 3755 mea
2509 3698 2752 3767 quidem
2775 3697 3090 3764 sententia,
3115 3713 3192 3763 ne
3212 3696 3531 3759 minimum
3562 3698 3694 3769 qui-

2039 3786 2177 3844 dem
2207 3802 2242 3843 s.
2264 3785 2510 3842 veritate
2540 3785 2795 3842 aberrat.

2109 3878 2309 3947 Neque
2337 3891 2473 3931 vero
2504 3873 2822 3945 quominus
2880 3873 3114 3931 beatam
3174 3875 3342 3933 illam
3392 3877 3688 3948 Virginem

2039 3970 2099 4022 et
2121 3966 2336 4023 ccelum
2368 3982 2517 4033 esse,
2546 3969 2600 4025 et
2629 3981 2663 4019 ει
2692 3962 2835 4025 οωιο
2865 3962 3157 4035 prodiisse
3189 3963 3694 4033 afﬁrmemus,de-

2038 4060 2259 4113 terrere
2278 4073 2388 4123 nos
2413 4053 2773 4126 debet,quod
2795 4059 3072 4125 parentes
3097 4054 3227 4125 ejus
3248 4070 3279 4110 e
3302 4053 3425 4113 luto
3448 4054 3687 4129 fuerint,

2037 4152 2096 4203 et
2111 4165 2183 4203 ex
2205 4146 2536 4203 Adamitica
2552 4147 2870 4218 propagine
2892 4145 3203 4217 (originem
3222 4145 3690 4218 duxerint).Nam

2034 4240 2195 4293 terra
2237 4252 2473 4308 quoque
2500 4235 2734 4306 plantas
2780 4235 2988 4306 utique
3047 4251 3286 4299 sursum
3339 4236 3594 4306 emittit;
3628 4235 3690 4297 at

2036 4327 2290 4399 desuper
2337 4324 2604 4382 cadentis
2653 4324 2806 4383 roris
2854 4342 3096 4396 prorsus
3127 4330 3236 4394 est,
3274 4325 3431 4397 quod
3460 4326 3685 4383 bonum

250 4402 383 4477 ἔστιν
413 4402 514 4488 ἐς
586 4402 992 4485 συνεστήσατο,
1060 4415 1121 4469 οὗ
1178 4415 1307 4489 παρ’
1373 4414 1564 4469 ἑαυτοῦ
1604 4402 1789 4470 δὲκαὶ
1830 4416 1921 4472 τὸν

2043 4416 2293 4488 aliquem
2323 4416 2581 4472 fructum
2640 4419 2698 4470 et
2751 4415 3043 4487 germinet
3073 4420 3131 4471 et
3170 4413 3245 4472 ad
3277 4417 3681 4475 maturitatem

313 4551 359 4590 ⁸³
388 4552 548 4608 Psal.
582 4564 775 4615 van,
812 4548 900 4599 l0.
981 4541 1026 4578 ²⁴
1052 4543 1209 4600 Psal.
1243 4559 1422 4613 χχχιι,
1453 4545 1539 4615 l3,
1575 4546 1659 4601 14.
1739 4543 1786 4578 1⁵
1815 4543 1973 4603 Psal.
2004 4562 2061 4613 χ,
2097 4548 2150 4599 5.

1595 4674 1743 4732 Ant.
1790 4669 2089 4732 Ballerini
2133 4677 2321 4733 notae.

307 4816 413 4886 (11)
444 4810 802 4886 Perpende,
849 4821 1086 4886 quaeso,
1131 4804 1247 4859 vim
1301 4805 1633 4886 argumenti
1665 4821 1782 4886 quo
1816 4805 1925 4886 Isi:

244 4876 413 4941 dorus
446 4876 679 4942 evincit
712 4876 969 4936 Mariam
1027 4892 1153 4931 esse
1213 4893 1243 4931 e
1296 4876 1462 4932 caelo.
1500 4876 1697 4944 Terra,
1730 4876 1926 4946 inquit

242 4965 457 5027 auctor,
517 4958 787 5030 peccato
820 4948 1072 5030 _infecta
1136 4947 1476 5030 languebat,
1525 4955 1718 5030 atque
1775 4948 1923 5030 adeo

240 5019 635 5101 pharmacum
670 5021 896 5101 morbo
952 5019 1090 5101 huic
1136 5019 1491 5101 depellendp
1517 5020 1810 5101 idoneum
1836 5020 1925 5089 gis

239 5090 453 5167 gnendi
487 5102 696 5171 impos
759 5097 913 5171 erat.
970 5091 1116 5171 Ergo
1174 5090 1579 5171 neces_ee_f_uit,
1611 5097 1677 5171 ut
1707 5091 1923 5171 ccslum

239 5162 404 5229 terrae
427 5162 609 5241 opem
632 5162 1178 5241 porrigeretﬁflrgo
1201 5179 1231 5217 e
1259 5162 1405 5241 cmlo
1432 5163 1610 5241 Maria
1642 5162 1779 5221 data
1808 5168 1917 5229 est,

240 5247 318 5300 Ita
347 5233 597 5315 quidem
632 5233 958 5315 'lsjdorus.
991 5234 1065 5286 At
1092 5249 1224 5315 vero
1256 5233 1555 5315 patiturne
1589 5235 1714 5315 haec
1745 5250 1921 5315 argu-

239 5305 541 5383 menlatio,
574 5318 647 5368 ut
675 5308 875 5366 Maria
908 5320 1143 5383 quoque
1202 5305 1449 5383 infecta“
1478 5311 1719 5383 peccato
1738 5305 1919 5383 dica-

239 5388 367 5444 tur?
395 5375 550 5444 Sane
584 5385 636 5439 si
670 5388 850 5437 terra
880 5375 1266 5447 pharmacum
1314 5375 1485 5430 malis
1527 5377 1649 5431 suis
1696 5377 1918 5431 idcirco

239 5476 437 5530 parare
473 5476 599 5514 non
633 5446 912 5530 poterat,
962 5446 1098 5530 quia
1126 5447 1394 5530 germina
1423 5464 1561 5530 quae.
1586 5448 1658 5530 in.
1678 5465 1747 5503 ea
1778 5464 1919 5530 nas-

242 5518 539 5597 rebantur,
604 5518 848 5583 c'uncta
898 5518 1151 5597 peccato
1222 5518 1588 5597 laborabant,
1644 5520 1914 5597 ineptum

246 5604 391 5657 enim
427 5588 560 5657 vero
594 5601 737 5654 erat
804 5609 840 5646 e
902 5588 1042 5642 caelo
1100 5590 1433 5658 quaesivisse
1476 5588 1830 5658 remedium,
1864 5590 1913 5645 si

246 5606 391 5657 enim
427 5619 560 5657 vero
594 5606 737 5654 erat
804 5609 840 5646 e
902 5606 1042 5642 caeno
1139 5606 1433 5645 umsmsse
1476 5606 1911 5658 remedium,31

246 5691 494 5744 germen,
546 5669 720 5742 quod
776 5662 931 5719 hinc
980 5606 1235 5716 dangum
1288 5666 1463 5732 esset,
1497 5662 1705 5717 eodem
1736 5662 1911 5734 plane

2035 4805 2173 4859 vitio
2203 4804 2555 4859 laborasset.

2105 4878 2208 4945 (12)
2240 4878 2325 4929 En
2356 4875 2610 4949 qualise
2642 4873 2803 4949 cmlis
2828 4872 3203 4949 descenderit
3237 4877 3501 4948 Deipara,
3536 4896 3680 4949 qua-

2030 4946 2103 5002 lis
2142 4944 2358 5019 nempe
2416 4946 2655 5002 condita
2710 4944 2908 5011 fuerit,
2966 4948 3065 5019 ﬂos
3120 4944 3673 5017 suaveolentissimus,

2020 5019 2487 5087 jucundissimum
2554 5022 2913 5084 unguentum,
2983 5018 3139 5088 virgo
3210 5020 3675 5078 innocentissima.

2029 5092 2166 5154 Quae
2197 5090 2442 5161 quidem
2469 5088 2759 5161 apprime
2794 5096 3119 5143 consonant
3162 5108 3296 5146 cum
3326 5092 3417 5160 iis,
3453 5109 3581 5161 quas
3617 5093 3676 5145 in

2028 5158 2354 5243 praemissis
2412 5158 2521 5243 de
2546 5158 2797 5242 Virginis
2814 5162 3272 5243 ‘ponceptione
3304 5158 3677 5243 sermonibus

2022 5231 2148 5303 jam
2178 5234 2426 5303 legibus,
2460 5231 2556 5303 ubi
2590 5232 2783 5303 prima
2811 5233 3006 5287 Mariae
3049 5231 3315 5287 conditto
3349 5234 3676 5302 aequipara-

2030 5310 2125 5358 tur
2176 5302 2348 5357 mch
2410 5302 2543 5369 soli,
2594 5302 2700 5374 qui
2770 5304 3031 5357 exoritur
3088 5304 3287 5374 gratia:
3346 5303 3676 5374 fulgoribus

2028 5374 2572 5456 splendidissimus,
2590 5375 2765 5429 modo
2788 5375 2956 5442 coelo,
2982 5375 3140 5443 quod
3169 5375 3357 5456 gratia
3376 5376 3675 5456 nitescens

2024 5443 2408 5513 construitur,
2439 5447 2614 5501 modo
2642 5462 2813 5509 roses,
2852 5463 2982 5515 qum
3013 5443 3304 5515 germinat
3331 5443 3676 5515 fragrantis-

2025 5519 2194 5587 sima,
2228 5518 2400 5573 modo
2444 5518 2682 5589 templo,
2744 5513 2900 5586 quod
2956 5513 3182 5571 viviﬁco
3216 5513 3666 5581 sanctoSpiritu

2023 5596 2374 5661 cooperante
2402 5590 2749 5653 aediﬁcatur,
2775 5592 2884 5641 etc.
