4104 6300
351 315 430 374 23
1520 310 1810 374 ISIDURl
1851 308 2621 375 THESSALONICENSIS
3687 325 3768 382 24

357 447 630 504 adducat.
663 449 864 519 Neque
898 447 1071 504 aliter
1092 465 1153 503 se
1185 464 1280 503 res
1294 447 1500 517 habet,
1524 447 1572 502 si
1597 447 1728 517 quis
1747 446 1995 501 hominis

2119 447 2322 520 χρυσὸν
2371 449 2776 525 συνεισήνεγκε,
2822 451 2921 520 τήν
2984 447 3042 505 δὲ
3093 458 3195 521 τῆς
3242 451 3446 528 τέχνης
3493 451 3771 526 ἐπιτηδει-

353 543 611 594 statuam
643 555 712 594 ex
740 556 883 595 auro
930 540 1270 607 efﬁnxerit;
1325 555 1520 611 neque
1578 538 1736 593 enim
1767 553 2000 605 aurum,

355 629 526 700 quasi
546 630 658 685 hoc
689 646 760 684 ex
787 631 1108 701 semetipso
1138 630 1440 695 hauriens,
1476 628 1722 700 praebet,
1749 626 1854 682 sed
1884 642 2007 682 me-

351 737 480 776 ram
510 724 654 778 artis
687 723 1044 778 industriam
1077 724 1205 795 ipse
1235 721 1482 778 confert.

424 812 518 866 IX.
573 811 739 877 Quod
799 828 935 867 vero
1012 812 1300 867 universis
1384 810 1859 881 quibuscunque,
1915 808 2004 864 uti

355 899 636 970 diximus,
670 901 842 972 Virgo
871 901 1039 973 longe
1071 901 1394 972 precellat,
1429 915 1622 970 neque
1661 899 1854 970 imago
1884 896 2008 952 ulla

354 988 467 1059 ipsi
501 989 712 1044 similis
771 989 1018 1061 reperiri
1077 990 1137 1044 in
1193 988 1575 1046 terrestribus
1621 987 1830 1059 possit,
1863 986 2005 1042 hinc

353 1076 492 1133 licet
523 1079 957 1152 dignoscamus.
1013 1080 1224 1135 Omnia
1282 1079 1442 1135 enim
1499 1095 1872 1150 quaacunque
1901 1094 2004 1132 na-

351 1172 617 1236 scuntur,
649 1168 1070 1241 generantibus
1103 1185 1252 1240 opus
1302 1167 1560 1236 habent;
1595 1172 1655 1222 et
1684 1167 1776 1222 sin
1805 1166 2004 1220 minus

348 1254 420 1308 ad
447 1255 608 1310 aliud
639 1257 966 1328 quidpiam,
1000 1263 1158 1312 certe
1189 1257 1260 1312 iis
1291 1273 1439 1328 opus
1464 1255 1688 1311 habent
1713 1255 1788 1310 ad
1813 1255 2004 1326 ipsam

347 1346 813 1414 generationem,
874 1345 1374 1418 quemadmodum
1425 1352 1482 1402 et
1529 1345 1747 1417 planta!
1785 1351 1845 1400 et
1874 1344 2005 1400 ani-

352 1433 578 1488 mantia
608 1435 810 1490 omnia
837 1435 1152 1490 manifeste
1183 1435 1481 1490 evincunt.

426 1522 643 1578 Contra
671 1539 806 1578 vero
834 1526 1028 1592 Anna,
1059 1529 1252 1580 mater
1279 1524 1636 1595 veneranda,
1667 1541 1803 1579 cum
1833 1538 2005 1596 gene-

355 1618 535 1678 raret,
563 1611 688 1668 filia
707 1629 814 1669 sua
834 1613 1156 1685 indigebat,
1178 1619 1245 1670 ut
1265 1619 1719 1686 regeneraretur
1738 1631 1754 1684 ;
1787 1619 1846 1668 et
1865 1629 2002 1668 eum

357 1701 420 1756 in
477 1707 646 1756 utero
701 1708 980 1775 gestaret,
1055 1704 1184 1776 ipsa
1255 1721 1407 1759 nova
1462 1703 1718 1776 quadam
1773 1703 2005 1759 ratione

2115 531 2286 606 ότητα
2321 538 2510 611 μόνην.

2183 791 2258 847 ϐ’.
2297 792 2420 848 Ὀτι
2479 789 2547 859 δ’,
2605 793 2744 868 ᾗπερ
2805 790 3037 871 ἔφημεν,
3093 793 3306 848 πάντων
3342 813 3402 848 τε
3431 796 3466 864 ἡ
3501 795 3767 868 Παρθένος

2113 879 2294 935 ἐπάνω
2353 882 2445 936 καὶ
2513 885 2677 960 γῆθεν
2745 881 2846 938 οὐκ
2909 879 3052 938 ἔστιν
3125 883 3300 957 εὑρεῖν
3365 883 3575 957 ἐμφερῆ
3631 885 3766 960 πρὸς

2111 970 2312 1042 ταύτην
2381 971 2584 1044 εἰκόνα,
2651 970 2804 1046 γνοίη
2873 991 2958 1034 τις
3025 971 3086 1026 ἃν
3157 969 3380 1027 ἐνθένδε·
3451 973 3618 1028 ἅπασι
3674 974 3770 1046 μὲν

2112 1062 2216 1137 γὰρ
2265 1066 2384 1124 τοῖς
2435 1063 2792 1136 γεννωμένοις
2862 1061 3073 1137 ἀνάγκη
3139 1067 3248 1116 τῶν
3316 1063 3650 1138 γεννώντων,
3718 1062 3768 1117 εἷ’

2112 1151 2199 1205 καὶ
2265 1152 2340 1223 μὴ
2396 1152 2532 1226 πρὸς
2592 1147 2746 1206 οὐδὲν
2802 1149 2933 1213 ἴσως
2998 1150 3207 1226 ἕτερον,
3266 1149 3411 1206 ἀλλὰ
3467 1149 3536 1205 δι’
3594 1149 3761 1221 αύτὴν

2114 1237 2383 1311 δήπουθεν
2429 1237 2636 1296 δεῖσθαι
2686 1241 2785 1310 τὴν
2834 1241 3101 1318 γέννησιν,
3155 1241 3228 1302 ὡς
3278 1239 3381 1315 ἄρα
3423 1241 3563 1320 φυτά
3591 1241 3763 1295 τεκαὶ

2115 1333 2227 1399 ζῶα
2251 1330 2420 1384 πάντα
2449 1331 2648 1404 τρανὴν
2679 1329 2936 1403 κηρύττει
2963 1329 3260 1405 μαρτυρίαν
3277 1373 3288 1389 .

2185 1515 2356 1567 Ἅννα
2413 1507 2471 1566 δὲ
2515 1512 2552 1580 ἡ
2601 1503 2896 1582 σεϐάσμιος
2945 1511 3133 1584 μήτηρ
3191 1509 3615 1586 ἀναγεννηθῆναι
3661 1511 3762 1578 τῆς

2111 1597 2307 1662 παιδὸς
2352 1597 2526 1654 ἐδεῖτο
2573 1603 2830 1672 γεννῶσα,
2908 1599 2996 1654 καὶ
3051 1598 3142 1668 ἦν,
3205 1597 3286 1652 ’ὅτ’
3344 1597 3509 1667 ἐκύει,
3576 1597 3761 1652 καινόν

2113 1687 2686 1768 τινα’κυοερορουμένη
2744 1689 2968 1763 τρόπον.
3023 1687 3126 1745 Καὶ
3175 1686 3284 1762 οὐχ
3345 1689 3380 1756 ἡ
3446 1694 3764 1766 προσευχῆς

351 1790 412 1845 in
444 1795 611 1846 utero
642 1792 999 1862 gestabatur.
1058 1793 1260 1864 Neque
1320 1793 1450 1864 ipsa
1487 1793 1703 1862 solum,
1735 1808 1867 1862 qum
1898 1808 1995 1863 per

2114 1779 2249 1850 αὕτη
2287 1782 2472 1854 μήτηρ
2507 1779 2692 1853 μόνον,
2740 1777 2888 1834 ἀλλὰ
2943 1778 3034 1833 καὶ
3089 1781 3168 1850 τῷ
3223 1777 3531 1853 προπάτορι
3561 1777 3761 1846 ταύτης

2118 1866 2196 1890 ,δι
2259 1889 2295 1890 κγ
2387 1870 2443 1890 Cl,
2498 1889 2575 1890 καί
2665 1869 2706 1890 εκ
2758 1867 2796 1890 ,\
2936 1867 3017 1890 ,_‘,
3078 1868 3383 1890 ___,I_-,_l\_,_
3446 1867 3572 1890 __l-
3616 1865 3724 1890 ___2

349 1895 557 1951 preces
587 1887 778 1936 mater
809 1881 858 1935 ei
891 1881 1022 1951 fuit,
1040 1881 1143 1936 sed
1166 1881 1436 1952 ejusdem
1460 1881 1636 1936 etiam
1659 1880 2004 1952 progenitor

349 1986 497 2041 opus
518 1970 746 2040 habuit,
763 1976 830 2026 ut
849 1971 1039 2042 ipsam
1062 1971 1241 2027 veluti
1263 1977 1516 2026 matrem
1536 1971 2002 2038 nancisceretur,

349 2059 424 2114 ad
453 2059 705 2115 solidam
733 2060 961 2115 scilicet
991 2061 1344 2132 ﬁrmamque
1376 2061 1794 2117 formationem
1839 2075 1997 2115 asse-

352 2148 674 2218 quendam,
699 2150 981 2220 quoniam
1004 2150 1196 2220 prima
1217 2150 1320 2206 illa
1339 2155 1531 2206 mater
1551 2151 1826 2222 (l3),cum
1844 2155 2002 2204 terra

351 2241 511 2292 esset
538 2255 607 2293 ac
635 2237 1028 2308 pulvis,ﬂuxae
1061 2245 1185 2295 erat
1215 2239 1664 2309 conditionis,ac
1690 2244 1999 2294 ventorum

347 2327 574 2398 impetu
603 2328 1136 2398 circumagebatur.
1166 2330 1367 2399 Neque
1395 2345 1604 2385 rursus
1633 2329 1819 2384 Adam
1869 2333 1998 2384 tan~

349 2415 678 2484 tummodo,
708 2416 811 2471 sed
843 2423 1119 2472 natorum
1177 2418 1250 2473 ab
1307 2434 1378 2474 ea
1433 2417 1642 2490 ingens
1683 2416 1998 2473 multitudo

346 2520 540 2574 usque
566 2504 641 2559 ad
665 2504 924 2576 puellam
955 2506 1107 2562 hanc
1131 2505 1394 2562 divinam
1427 2523 1564 2563 suas
1595 2507 1848 2578 quisque
1879 2522 2001 2562 ma-

349 2597 491 2661 tres,
525 2599 728 2664 utpote
759 2593 1170 2666 imperfectam
1198 2612 1264 2651 ac
1293 2594 1473 2650 veluti
1527 2611 1744 2651 caecam
1772 2595 2001 2666 prolem

349 2682 554 2738 enixas
587 2685 721 2755 (14),
753 2699 888 2738 cum
945 2684 1378 2756 repudiassent,
1439 2701 1816 2740 communem
1850 2685 2000 2740 hanc

347 2776 602 2826 matrem
619 2772 1123 2844 quaerebant,qua3
1145 2775 1220 2829 ad
1235 2773 1558 2846 perfectam
1574 2775 1826 2830 formam
1847 2773 1999 2846 proli

344 2859 746 2929 tribuendam,
779 2867 838 2917 et
883 2861 958 2918 ad
1004 2862 1199 2918 lucem
1247 2863 1708 2936 impertiendam
1739 2863 1998 2919 maxime

342 2964 453 3020 par
497 2948 669 3004 foret.
727 2952 986 3004 Materno
1045 2951 1245 3019 itaque
1295 2957 1466 3005 utero
1518 2951 1903 3020 gestabantur
1931 2967 2000 3004 ac

2113 1866 2350 1940 ἐδέησεν,
2383 1870 2584 1943 ὅσαπερ
2633 1867 2797 1923 οἱονεὶ
2849 1867 3020 1942 μητρὶ
3077 1868 3409 1942 χρήσασθαι,
3442 1867 3576 1940 πρὸς
3609 1865 3760 1940 στεῤ-

2111 1959 2208 2033 ῥάν
2239 1979 2298 2015 τε
2326 1955 2616 2014 διάπλασιν
2673 1959 2764 2013 καὶ
2817 1955 3231 2030 ἀμετάπτωτον,
3290 1957 3364 2018 ὡς
3410 1962 3511 2025 τῆς
3538 1956 3764 2030 πρώτης

2110 2045 2318 2118 ἐκείνης
2393 2049 2604 2124 μητρὸς
2676 2045 2959 2123 ἐρείψιμον
3035 2043 3271 2121 ἐχούσης
3322 2047 3421 2114 τήν
3488 2045 3759 2114 σύστασιν,

2111 2135 2329 2213 ἐπείπερ
2389 2138 2456 2206 ἧν
2513 2141 2672 2212 χοῦς,
2730 2136 2820 2191 καὶ
2880 2134 3074 2210 βολαῖς
3139 2132 3458 2207 ἡττωμένην
3516 2132 3760 2205 πνευμά·

2107 2246 2237 2282 των’
2287 2228 2377 2282 καὶ
2429 2225 2491 2281 οὗ
2548 2226 2723 2298 ’Δδᾶμ
2781 2224 2966 2298 μόνον,
3024 2222 3170 2278 ἀλλὰ
3221 2223 3311 2278 καὶ
3365 2224 3393 2276 ὁ
3448 2221 3622 2284 πολὺς
3651 2227 3757 2277 τῶν

2109 2317 2160 2390 ἐξ
2205 2317 2406 2374 ἐκείνου
2455 2314 2729 2391 σύλλογος
2776 2321 2877 2384 τῆς
2929 2314 3073 2378 θείας
3123 2314 3254 2387 ἄχρι
3301 2310 3496 2376 παιδὸς
3534 2311 3758 2383 ταύτης,

2109 2407 2347 2481 καθάπερ
2433 2405 2636 2467 οἰκείας
2727 2401 2950 2464 ἕκαστος
3029 2396 3415 2475 ἐξωϐελικότες
3496 2400 3755 2474 μητέρας,

2109 2497 2184 2559 ὡς
2229 2494 2396 2564 άτελῆ
2441 2493 2748 2561 τικτούσας,
2792 2492 2883 2546 καὶ
2937 2493 3051 2546 οἷον
3098 2491 3270 2566 πηρά,
3317 2491 3418 2559 τήν
3465 2489 3654 2556 καινὴν
3687 2486 3754 2557 δὴ

2106 2587 2310 2657 ταύτην
2375 2583 2598 2654 ἐζήτουν
2661 2581 2754 2637 καὶ
2795 2579 3392 2658 τελεσιουργικωτάτην
3432 2577 3523 2633 καὶ
3574 2597 3757 2656 φωτο-

2109 2676 2298 2735 δότιδα
2346 2674 2574 2751 μητέρα’
2629 2676 2746 2738 ὅθεν
2799 2670 3061 2728 ὠδίνοντό
3107 2693 3165 2726 τε
3210 2671 3299 2727 καὶ
3329 2669 3750 2748 διεμορφοῦντοο

2106 2769 2197 2824 καὶ
2223 2769 2336 2824 τότ’
2365 2766 2588 2838 ἀληθῶς
2617 2763 2904 2840 προῆλθον
2939 2761 3016 2824 εἰς
3065 2765 3201 2840 φῶς,
3251 2759 3331 2816 ὅτ’
3385 2761 3459 2823 εἰς
3491 2767 3594 2836 γῆν
3617 2759 3754 2830 αὔτη

2106 2855 2396 2935 προελθεῖν
2438 2855 2490 2927 ἐξ
2539 2853 2706 2924 αὐτῆς
2747 2851 2838 2908 καὶ
2887 2851 2978 2906 τὸν
3024 2848 3156 2924 ἐμὸν
3206 2847 3592 2924 ἐκαινούργησε
3637 2854 3762 2902 Σω-

2105 2967 2270 3022 τηρα.

341 3038 792 3106 formabantur;
827 3041 1070 3108 tumque
1107 3053 1310 3092 revera
1365 3038 1428 3091 in
1485 3037 1683 3092 lucem
1744 3037 1886 3092 editi
1943 3043 2108 3109 sunt,
2162 3037 2400 3109 quando
2459 3037 2588 3108 ipsa
2632 3051 2783 3091 novo
2815 3048 3018 3089 rerum
3049 3031 3256 3088 ordine
3289 3044 3490 3085 meum
3521 3044 3757 3100 quoque

344 3126 703 3182 Salvatorem
731 3141 800 3180 ex
831 3141 960 3180 sese
992 3125 1216 3180 mundo
1247 3125 1514 3196 protulit.

414 3224 561 3278 Hinc
591 3223 769 3278 etiam
801 3224 957 3278 ausit
974 3224 1101 3294 jam
1125 3225 1418 3295 quispiam
1439 3225 1724 3281 eximium
1746 3225 1895 3280 illud
1917 3224 1988 3280 de
2027 3231 2072 3295 ο

344 3331 416 3370 ea
442 3314 853 3386 pronuntiare,
887 3314 1047 3384 quod
1093 3315 1295 3387 lingua
1326 3317 1546 3372 tonitru
1574 3316 1805 3389 fragore
1835 3333 1994 3373 reso-

340 3420 492 3459 nans
542 3403 723 3458 dixit:
779 3403 1028 3459 Vidimus
1074 3405 1309 3474 gloriam
1369 3408 1486 3476 ejus
1531 3407 1726 3477 quasi,
1754 3407 1992 3477 gloriam

339 3493 660 3565 unigenitai
691 3493 794 3548 Dei
825 3493 1025 3548 Matris
1051 3510 1065 3560 ;
1095 3493 1263 3564 plena
1285 3497 1481 3564 gratia:
1501 3501 1554 3550 et
1582 3497 1828 3552 veritatis
1853 3496 1988 3567 (15).

411 3583 538 3636 Non
565 3581 606 3636 ii
640 3586 838 3636 autem
872 3581 1088 3650 solum,
1113 3583 1214 3652 qui
1237 3582 1378 3638 olim
1409 3589 1467 3638 et
1497 3589 1635 3639 ante
1664 3585 1854 3656 ipsam
1886 3602 1990 3640 ex-

333 3670 616 3726 stiterunt
642 3671 754 3726 hoc
772 3670 1130 3727 beneficium
1157 3672 1349 3728 sortiti
1373 3679 1530 3742 sunt,
1555 3678 1622 3729 ut
1641 3690 1710 3730 ea
1733 3674 1982 3743 ratione,

333 3774 514 3828 quam
546 3759 828 3826 diximus,
851 3760 924 3815 ab
951 3760 1159 3816 eadem
1190 3760 1254 3816 in
1281 3761 1477 3818 lucem
1503 3762 1854 3831 ederentur;
1879 3763 1984 3818 sed

330 3849 606 3904 universo
638 3865 896 3920 quoque,
933 3849 1034 3920 qui
1083 3855 1218 3921 post
1267 3851 1456 3922 ipsam
1493 3851 1624 3920 fuit,
1658 3852 1983 3908 electorum

327 3937 548 4010 populo
581 3939 952 4011 regeneratio
978 3944 1038 3993 et
1067 3956 1204 3994 vera
1230 3940 1369 4006 vita,
1405 3956 1472 3995 ac
1503 3939 1787 4012 splendor
1831 3939 1982 3994 lucis

326 4042 434 4097 per
463 4027 656 4098 ipsam
683 4027 908 4082 tributa
927 4027 1190 4085 fuerunt.
1211 4029 1324 4084 Sed
1346 4029 1666 4100 etinsuper
1685 4028 1980 4100 ejusmodi

325 4115 620 4171 beneﬁcia
676 4117 983 4172 effundere
1041 4117 1452 4175 laudatissima
1507 4120 1678 4192 Virgo
1727 4119 1982 4175 cessabit

324 4220 657 4276 nunquam,
692 4221 1001 4276 quousque
1031 4223 1282 4279 magnus
1312 4207 1414 4262 ille
1447 4213 1506 4263 et
1535 4208 1982 4276 novissimus,et

325 4293 758 4348 inaccessibilis
789 4295 1074 4366 splendor
1121 4296 1434 4362 effulserit,
1468 4297 1518 4351 is
1549 4295 1841 4364 videlicet,
1875 4298 1978 4368 qui

323 4381 764 4438 fecundissimae
823 4383 1000 4456 hujus
1055 4390 1113 4439 et
1170 4385 1308 4440 ﬁliae
1367 4389 1427 4440 et
1479 4385 1686 4440 matris
1718 4391 1776 4440 et
1803 4386 1975 4458 virgi-

325 4471 418 4528 nis
449 4472 576 4544 ipse
607 4489 844 4544 quoque
874 4471 1062 4529 factus
1093 4479 1182 4529 est
1211 4474 1393 4531 illius.

2173 3225 2360 3288 Ἔνθεν
2411 3243 2500 3279 τοι
2555 3223 2645 3278 καὶ
2704 3221 2840 3278 κατὰ
2892 3221 2992 3290 τὴν
3071 3215 3444 3296 βροντόφωνον
3504 3213 3762 3288 γλῶτταν

2103 3311 2420 3390 θαρῥήσειεν
2489 3311 2550 3367 ἄν
2617 3333 2701 3375 τις
2768 3308 3024 3384 λαμπρὸν
3074 3307 3389 3384 φθέγξασθαι
3445 3303 3537 3359 καὶ
3585 3307 3750 3359 τοῦτο

2099 3401 2225 3477 περὶ
2317 3403 2506 3472 αὐτῆς·
2604 3400 2972 3472 Ἐθεασάμεθα
3065 3397 3164 3464 τὴν
3295 3391 3451 3466 δόξαν
3555 3391 3744 3462 αὐτῆς,

2098 3488 2255 3564 δόξαν
2298 3490 2373 3554 ὡς
2417 3493 2744 3565 μονογενοῦς
2783 3486 3003 3562 Μητρὸς
3057 3487 3210 3540 Θεοῢ’
3286 3481 3508 3559 πλήρης
3584 3480 3752 3556 χάρι-

2093 3601 2186 3643 τος
2221 3583 2311 3636 καὶ
2351 3579 2636 3652 ἀληθείας.

2167 3669 2244 3728 Οὐ
2297 3676 2417 3732 τοῖς
2474 3667 2647 3725 πάλαι
2687 3666 2745 3723 δὲ
2787 3668 2947 3742 μόνον
3005 3665 3095 3720 καὶ
3151 3663 3259 3739 πρὸ
3307 3663 3472 3731 αύτῆς
3501 3663 3536 3731 ἡ
3571 3660 3645 3722 εἷς
3675 3660 3740 3716 τὸ

2092 3763 2208 3839 φῶς
2253 3760 2380 3834 παρ’
2425 3759 2596 3828 αὐτῆς
2644 3755 2702 3812 ὅν
2743 3755 2955 3833 εἴρηται
2989 3752 3191 3829 τρόπον
3241 3748 3546 3826 δεδώρηται
3601 3749 3737 3825 πρό-

2093 3845 2242 3918 οδος,
2273 3847 2418 3904 ἀλλᾶ
2473 3848 2565 3902 καὶ
2618 3845 2778 3901 παντὶ
2841 3849 2921 3916 τῷ
2972 3844 3064 3898 ἀπ’
3115 3841 3320 3912 ἐκείνης
3361 3841 3494 3918 ἱερῷ
3537 3840 3737 3910 συστη-

2093 3957 2221 4011 ματι
2277 3936 2626 4010 ἄναγέννησις
2669 3934 2758 3989 καὶ
2820 3936 2933 4004 ζωὴ
2984 3931 3222 4002 ἀληθὴς,
3271 3931 3358 3986 καὶ
3409 3929 3589 4007 φωτὸς
3644 3923 3731 3983 ἕλ-

2089 4025 2323 4099 λαμψις·
2389 4021 2469 4080 ’ἐτι
2533 4021 2590 4078 δὲ
2650 4024 2740 4078 καὶ
2805 4021 2949 4078 ἐσαεὶ
3007 4018 3303 4076 διατελέσει
3333 4013 3606 4086 ὄλύζουσα
3669 4019 3738 4072 τὰ

2084 4117 2308 4170 τοιαῦτα
2335 4115 2372 4183 ἡ
2403 4111 2816 4185 πολυύμνητος,
2873 4107 2980 4172 ἓως
3037 4106 3097 4164 ἂν
3156 4109 3220 4164 τὸ
3255 4107 3389 4183 μέγα
3425 4108 3515 4162 καὶ
3544 4105 3733 4162 τελευ-

2085 4207 2234 4258 ταῖον
2265 4199 2458 4258 ἄδυτον
2488 4199 2775 4276 ἐπιλάμψῃ
2825 4201 3046 4276 φέγγος,
3095 4199 3126 4252 ὅ
3166 4195 3232 4268 δὴ
3281 4203 3381 4267 τῆς
3421 4194 3730 4252 πολυτόκου

2083 4289 2286 4359 ταύτης
2351 4289 2442 4344 καὶ
2505 4292 2694 4362 τοῦτο,
2759 4289 2851 4342 καὶ
2919 4283 3136 4357 παιδὸς,
3203 4291 3295 4339 καὶ
3370 4283 3598 4360 μητρὸς,
3638 4281 3728 4338 καὶ

2085 4377 2351 4455 παρθένου
2380 4376 2580 4458 πέφυκε
2616 4376 2826 4450 κύημα.

398 4561 792 4628 Quamobrem
823 4562 912 4618 fas
936 4567 1046 4630 est,
1069 4562 1264 4618 verbis
1286 4562 1596 4634 paululum
1622 4563 1971 4632 immutatis,

2156 4564 2314 4628 Ὅθεν
2347 4562 2518 4618 εἰπεῖν
2579 4557 2745 4636 ἔξεστι
2785 4560 2909 4634 περὶ
2967 4558 3136 4629 αὐτῆς
3204 4557 3396 4634 μικρὸν
3462 4553 3728 4632 παρῳδή-

2372 4655 2396 4668 ..
2571 4653 2584 4668 .
2718 4655 2744 4667 -
2817 4657 2852 4668 ..
2945 4655 2973 4667 ...
3147 4649 3161 4668 ε
3364 4647 3403 4668 .,
3548 4646 3594 4668 ,u

327 4651 398 4705 de
431 4651 562 4721 ipsa
589 4653 999 4722 pronuntiare,
1054 4651 1212 4723 quod
1261 4651 1468 4706 beatus
1497 4651 1712 4708 Paulus
1743 4653 1814 4708 de
1842 4654 1969 4710 Sal-

320 4741 518 4792 vatore
541 4738 762 4808 inquit:
793 4741 925 4794 Vita
943 4746 1135 4794 nostra
1155 4739 1474 4796 abscondita
1494 4747 1614 4796 erat
1637 4757 1771 4795 eum
1803 4741 1964 4813 ipsa;

2083 4674 2298 4726 σαντας,
2367 4655 2396 4708 ὅ
2463 4653 2587 4728 περὶ
2650 4655 2747 4707 τοῦ
2815 4655 3075 4724 Σωτῆρος
3140 4649 3168 4702 ὁ
3239 4647 3500 4722 μακάριος
3541 4646 3727 4721 εἶ’ρηκε

2077 4741 2314 4805 Παῦλος·
2385 4744 2465 4798 δτι
2525 4742 2586 4796 ἹΙ
2649 4741 2761 4809 ζωὴ
2820 4741 2980 4812 ἡμῶν
3055 4737 3350 4811 ἐκέκρυπτο
3420 4735 3512 4790 σὺν
3563 4735 3724 4810 αὐτῇ,

318 4830 378 4880 et
418 4825 646 4896 quando
693 4827 824 4897 ipsa
859 4828 1125 4898 apparuit
1179 4828 1307 4884 Vita
1350 4837 1558 4899 nostra,
1605 4836 1733 4886 tunc
1759 4836 1818 4886 et
1857 4847 1966 4887 nos

2110 4831 2166 4886 αἱ
2230 4834 2362 4890 ’Ότε
2425 4827 2559 4900 αὕτη
2628 4828 3000 4903 πεφανέρωται
3066 4829 3101 4896 ἡ
3175 4828 3288 4896 ζωὴ
3345 4827 3523 4898 ἡμῶν,
3597 4824 3723 4880 τότε

317 4918 678 4986 apparuimus
705 4931 832 4972 cum
861 4915 986 4986 ipsa
1031 4920 1091 4974 in
1147 4919 1330 4989 gloria
1355 4918 1418 4976 1⁸.
1450 4921 1744 4976 ΡΓωῐθΓΘᾶ
1771 4937 1965 4992 neque

2110 4923 2164 4974 αἱ
2221 4923 2386 4994 ἡμεῖς
2441 4921 2532 4974 σὺν
2603 4917 2739 4991 αὐτῇ
2807 4917 3222 4994 ἐφανερώθημεν
3289 4915 3342 4972 ἐν
3409 4913 3541 4988 δόζῃ
3590 4915 3719 4972 κᾶν-

394 5039 438 5075 ¹⁸
467 5040 691 5099 Coloss.
724 5057 804 5112 ιιι,
837 5042 890 5112 3,
920 5040 974 5096 4.

1635 5169 1786 5231 Ant.
1833 5168 2132 5232 Ballerini
2174 5175 2361 5232 notae.

384 5330 494 5456 £13)
534 5333 773 5388 Terram
829 5332 1113 5402 intellige,
1173 5347 1204 5385 e
1264 5347 1380 5401 qua
1433 5331 1619 5388 Adam
1673 5334 1959 5389 formatus

317 5418 425 5458 εει.

2149 5333 2453 5418 ς1β)..ῐοοιι.
2487 5350 2528 5401 ι,
2562 5335 2647 5418 lt:
2706 5335 2960 5418 Adverte
3002 5336 3098 5418 hic
3129 5351 3360 5406 quoque
3392 5333 3714 5416 quamdam

2075 5406 2780 5486 origtplaprmrogativam
2815 5407 3124 5486 celebrari,
3149 5424 3278 5478 qum
3311 5407 3535 5486 nemini
3568 5423 3715 5486 prm-

387 5473 757 5554 (14)_Videsis
789 5475 1031 5528 Mariam
1063 5490 1184 5528 non
1215 5473 1540 5544 computari
1559 5474 1634 5554 in
1666 5475 1830 5554 proie
1861 5477 1962 5554 illa
2071 5473 2428 5554 terﬁblariam
2466 5473 2798 5554 communis
2831 5479 2944 5554 sit,_
2973 5495 3041 5533 ac
3072 5473 3381 5550 propterea
3411 5473 3716 5547 unigénitae

314 5543 662 5620 imperfecta
691 5550 749 5598 et
798 5561 973 5608 caeca,
1007 5561 1137 5613 qua:
1169 5562 1332 5600 novae
1354 5543 1431 5600 ac
1461 5543 1724 5600 melioris
1755 5549 1960 5602 matris
2070 5547 2528 5619 appellationem
2560 5549 2672 5620 ipsi
2703 5543 2996 5606 tribuerit.

311 5615 632 5688 indigebat.
