4104 6300
294 299 375 361 25

1243 289 1504 351 SERMO
1548 290 1629 350 IN
1674 286 2222 347 NA'I‘IVITATEM
2265 288 2337 346 B.
2386 288 2463 349 V.
2511 286 2806 348 MANE.
3644 288 3726 349 26

303 430 478 485 ταῦθα
507 427 601 484 καὶ
636 427 701 482 τὸ
730 429 828 481 τυῦ
868 427 1069 498 σεμνοῦ
1100 417 1425 494 Ἀϐϐακοὺμ
1484 420 1582 476 οὐκ
1638 420 1963 487 ἀπεικότως,

2084 419 2381 475 immerito
2413 421 2805 492 quispiam,ut
2835 421 2978 476 mihi
3011 420 3250 492 quidem
3290 420 3539 489 videtur,
3572 438 3727 491 prae-

752 514 1142 591 μεθαρμόσειεν
1220 512 1282 568 ἄν
1355 530 1460 576 τις⁸
1558 509 1815 583 Ἐξῆλοες
1896 509 1971 571 εἰς

1074 606 1170 658 τοῦ
1247 606 1417 656 σῶσαι
1501 601 1627 659 τοὺς
1711 597 1972 674 ’χριστούς

309 520 437 594 ἐμοὶ
496 517 668 587 δοκῶ,

312 606 582 683 σωτηρίαν
648 604 791 661 λαοῦ
869 625 990 675 σου,

313 720 407 754 σου
448 696 754 767 ἐλή)υθας.

380 784 562 845 Ἀλλὰ
592 781 663 853 δὴ
716 782 807 838 καὶ
839 783 868 837 6
925 780 1197 853 Ζαχαρίας
1256 777 1449 856 ἔφησεν
1510 778 1538 831 6
1593 777 1969 841 θεόπνευστος·

315 875 686 949 Ἐπεσκέψατο
744 874 895 945 ἡμᾶς
968 868 1207 940 ἀνατολὴ
1305 868 1356 938 ἐξ
1444 866 1634 941 ὕψους,
1719 864 1974 941 ἐπιφᾶναι

314 970 432 1026 τοῖς
506 962 558 1019 ἒν
641 961 823 1016 σκότει
908 961 999 1015 καὶ
1075 963 1199 1028 σκιᾷ
1292 960 1521 1012 Θανάτου
1614 953 1973 1028 καθημένοις.

321 1052 457 1109 Σκιά
515 1053 615 1130 γὰρ
668 1051 913 1124 ἀτεχνῶς
972 1048 1149 1103 ἐκεῖνα
1215 1047 1283 1100 τὰ
1339 1044 1532 1113 πάλαι,
1608 1046 1697 1099 καὶ
1775 1044 1972 1099 σκότου

321 1140 492 1216 μηδὲν
551 1136 876 1195 ἀποδέοντα·
961 1134 1095 1211 ἅπερ
1153 1133 1360 1192 ἅπαντα
1434 1136 1522 1189 καὶ
1578 1131 1739 1188 ὢδινε
1794 1154 1974 1206 παρα-

318 1228 488 1300 δόξως
552 1230 588 1297 ἡ
649 1225 894 1302 μακαρία
947 1226 1055 1300 πρὸ
1111 1230 1208 1279 τοῦ
1267 1231 1518 1303 φανῆναι,
1558 1224 1697 1286 καθά
1728 1222 1975 1299 προέφη-

330 1340 451 1392 μεν,
508 1318 602 1371 καὶ
661 1319 1001 1393 γεννηθεῖσα,
1080 1315 1214 1387 πρὸς
1267 1313 1448 1383 ἀληθῆ
1504 1311 1749 1386 γέννησιν
1807 1306 1975 1386 ἤγαγε

316 1408 407 1462 καὶ
445 1411 561 1482 φῶς
592 1402 771 1476 ὥσπερ
804 1402 905 1457 οὐκ
934 1400 1311 1475 ἀνασχομένη,
1374 1402 1451 1474 μή
1509 1400 1599 1455 καὶ
1649 1396 1842 1461 ἄλλοις
1896 1399 1970 1451 ὧν

319 1493 628 1564 ἐπλούτησε
661 1488 1011 1565 μεταδοῦναι,
1044 1489 1191 1565 λέγω
1228 1488 1285 1545 δὲ
1324 1492 1423 1559 τήν
1476 1490 1742 1567 φωτεινὴν
1802 1485 1972 1562 ὕπαρ-

316 1583 569 1656 ξιν,οἷόν
601 1604 653 1638 τι
720 1579 1019 1636 κάλλιστον
1079 1581 1271 1654 μόρον,
1331 1581 1416 1639 οἷς
1470 1577 1531 1632 ἄν
1596 1578 1970 1647 κοινωνήσειε,

317 1674 413 1742 τὴν
441 1671 573 1746 παρ’
603 1668 797 1723 ἐαυτοῦ
830 1670 1105 1741 χορηγοῦν
1155 1666 1377 1740 ἀρετήν.
1446 1665 1716 1720 Ἐντεῦθεν
1771 1664 1970 1733 τοίνυν,

2085 510 2237 564 senti
2271 512 2355 563 rei
2392 510 2538 565 illud
2554 516 2782 583 aptaret
2817 512 3131 567 venerandi
3166 510 3466 566 llabacuc:
3494 513 3730 583 Egressa

2081 616 2135 655 es
2166 601 2227 655 in
2254 602 2497 657 salutem
2529 601 2722 673 populi
2752 603 2865 671 tui;
2890 603 2960 657 ad
2984 601 3325 674 :salvandum
3355 602 3580 657 christos
3610 610 3732 658 tuos

2082 691 2283 746 venisti
2311 690 2329 761 (
2338 690 2446 761 16).

2156 780 2268 835 Sed
2298 785 2358 836 et
2384 781 2693 837 Zacharias
2726 798 2761 837 a
2816 782 2936 838 Deo
2996 783 3317 853 inspiratus
3375 782 3684 852 inquiebat
3716 798 3729 838 :

2097 872 2351 928 Vz'sitavit
2381 888 2475 927 nos
2505 872 2689 929 oriens
2734 890 2804 929 ex
2837 873 2978 940 alto,
3022 874 3344 929 illuminare
3391 875 3481 940 iis,
3531 872 3628 944 qui
3673 875 3734 927 in

2084 961 2319 1017 tenebris
2349 967 2401 1016 et
2429 964 2625 1018 umbra
2646 965 2838 1018 mortis
2866 963 3052 1018 sedent
3070 961 3360 1018 “.Umbra
3385 963 3533 1018 enim
3553 962 3729 1034 plane

2084 1055 2253 1104 erant
2278 1051 2525 1121 antiqua
2556 1051 2679 1117 illa,
2714 1056 2773 1105 et
2801 1051 2950 1106 nihil
2994 1068 3028 1106 a
3085 1052 3347 1105 tenebris
3409 1051 3732 1106 distabant.

2081 1138 2219 1203 Quae
2245 1139 2483 1210 quidem
2515 1142 2715 1195 omnia
2759 1140 3010 1196 mirabili
3070 1141 3326 1211 quadam
3382 1140 3634 1207 ratione,
3669 1146 3735 1195 ut

2082 1228 2311 1299 praefati
2342 1229 2748 1297 sumus,beata
2778 1230 2948 1302 Virgo
2981 1230 3247 1302 gestabat
3277 1229 3339 1284 in
3371 1229 3733 1299 utero,prius

2082 1318 2261 1373 etiam
2295 1335 2473 1389 quam
2496 1319 2556 1373 in
2588 1319 2779 1375 lucem
2810 1321 2938 1391 ipsa
2959 1321 3571 1391 prodiret.Postquam
3596 1334 3732 1372 vero

2082 1406 2289 1477 genita
2311 1414 2419 1476 est,
2452 1424 2648 1463 veram
2669 1408 2741 1462 iis
2763 1409 3129 1464 nativitatem
3153 1424 3469 1479 veramque
3516 1408 3734 1478 imper-

2083 1494 2214 1550 tivit
2244 1495 2461 1563 lucem,
2494 1497 2654 1567 quod
2681 1498 2833 1552 ferre
2863 1515 3079 1569 nempe
3111 1498 3242 1568 ipsa
3272 1514 3392 1552 non
3417 1501 3636 1568 posset,
3668 1501 3735 1549 ut

2082 1585 2282 1638 caeteri
2315 1601 2549 1655 quoque
2592 1603 2800 1641 omnes
2832 1586 2894 1640 in
2924 1593 3154 1658 partem
3205 1603 3324 1640 non
3381 1590 3733 1641 vocarentur

2084 1690 2288 1729 eorum
2320 1674 2634 1740 bonorum,
2668 1692 2918 1746 quorum
2938 1676 3069 1747 ipsa
3091 1676 3252 1730 dives
3283 1675 3551 1747 apprime
3583 1680 3732 1743 erat,

326 1760 585 1834 μυστικόν
638 1778 763 1813 τινα
817 1754 1001 1831 λόγον,
1033 1755 1095 1810 οὐ
1155 1754 1456 1817 γαλλίπαις
1488 1755 1672 1826 μόνον,
1704 1752 1849 1808 ἀλλᾶ
1880 1753 1966 1807 καὶ

392 1849 410 1860 ι
443 1849 455 1860 Ι
694 1851 704 1860 ι
941 1847 954 1860 ο
1030 1849 1072 1860 ι·
1154 1856 1169 1860 λ
1189 1843 1199 1860 1
1370 1850 1381 1860 Ι
1404 1854 1414 1860 .
1486 1838 1547 1860 ἰβ
1611 1842 1623 1857 ε
1703 1842 1714 1860 Ι
1956 1842 1966 1858 1

2084 1762 2464 1819 abundantiaa
2493 1764 2719 1819 scilicet
2745 1764 2907 1818 illius
2937 1764 3087 1819 lucis
3114 1764 3389 1835 (li),qum
3420 1766 3608 1819 instar
3638 1783 3736 1836 op—

315 1849 593 1911 πολύπαις
650 1851 871 1922 γέγονεν
930 1847 965 1914 ἡ
1028 1843 1317 1919 Παρθένος,
1370 1838 1547 1918 Ἀχᾶϐ
1607 1842 1807 1897 ἐκείνου
1884 1842 1971 1897 καὶ

320 1937 523 1995 Γεδεὼν
613 1935 882 2012 κρείττων
966 1938 1035 2007 τῇ
1147 1932 1477 2003 πολυτεκνίᾳ
1567 1930 1974 2009 γνωριζομένη-

324 2030 641 2104 Θαυμαστὸν
705 2025 764 2083 δὲ
820 2023 1001 2097 οὐδὲν,
1034 2025 1081 2081 εἰ
1138 2027 1336 2087 τόκους
1378 2024 1522 2080 οὕτω
1553 2024 1795 2095 καινοὺς,
1830 2024 1976 2080 οὔτω

319 2120 563 2182 πολλοὺς
619 2122 961 2173 καινοτοκεῖν
1022 2117 1050 2171 6
1110 2113 1276 2190 λόγος
1324 2113 1557 2170 δείκνυσι
1612 2116 1712 2185 τὴν
1772 2114 1979 2190 Παρθέ-

311 2232 427 2280 νον,
458 2210 544 2265 ὅτι
575 2209 693 2278 καὶ,
732 2207 799 2263 τὸ
842 2204 1182 2277 καινότατον,
1212 2205 1307 2259 τὸν
1363 2208 1472 2260 τῶν
1522 2204 1773 2261 ἀπάντων
1830 2200 1976 2259 ἔτεκε

319 2299 654 2374 δημιουργὸν
688 2297 782 2352 καὶ
813 2294 997 2351 τοκέα.

2084 1852 2211 1906 timi
2245 1854 2533 1925 unguenti
2575 1871 2743 1908 suam
2777 1853 2883 1921 eis,
2916 1852 3131 1925 quibus
3178 1853 3354 1907 fuerit
3412 1853 3736 1924 impertita,

2090 1941 2368 1996 virtutem
2402 1942 2734 2013 participat.
2772 1942 2919 1997 Hinc
2948 1958 3086 1996 vero
3120 1940 3296 2012 plane
3327 1941 3734 2011 consequitur,

2087 2031 2386 2102 spirituali
2446 2031 2703 2101 quadam
2761 2030 2991 2085 ratione
3024 2031 3322 2102 Virginem
3356 2030 3579 2084 sobolis
3612 2046 3734 2085 non

2092 2120 2269 2175 modo
2299 2119 2781 2191 praastantia,sed
2804 2120 2983 2174 etiam
3018 2119 3188 2190 copia
3236 2119 3529 2187 insignem
3554 2119 3734 2174 exsti-

2086 2210 2334 2274 tisse,ac
2351 2208 2541 2264 multo
2564 2209 2826 2264 ﬁliorum
2861 2224 3110 2263 numero
3138 2207 3442 2262 Achabum
3466 2207 3635 2261 illum
3667 2223 3734 2263 ac

2088 2300 2423 2354 Gedeonem
2456 2299 2769 2354 manifeste
2821 2298 3048 2353 vicisse.
3112 2299 3226 2352 Nec
3280 2298 3498 2352 mirum
3548 2296 3734 2351 videri

317 2393 509 2460 debet,
537 2390 697 2462 quod
724 2388 958 2462 prolem
988 2386 1134 2442 adeo
1165 2401 1392 2454 novam,
1427 2385 1695 2458 adeoque
1729 2385 2120 2456 multiplicem
2153 2407 2183 2444 e
2219 2391 2452 2462 Virgine
2502 2391 2874 2463 progenitam
2935 2407 3085 2445 nova
3142 2388 3246 2444 illa
3294 2389 3525 2444 ratione
3573 2388 3733 2444 dica-

316 2498 471 2551 mus,
499 2486 823 2553 postquam
854 2474 1036 2549 (quod
1064 2475 1324 2530 maxime
1356 2491 1571 2530 novum
1605 2477 1712 2546 est)
1740 2492 1941 2531 rerum
1974 2478 2241 2534 omnium
2274 2480 2644 2535 conditorem
2674 2496 2741 2535 ac
2771 2484 3079 2550 parentem
3113 2479 3240 2550 ipsa
3269 2478 3588 2551 generavit.

394 2570 448 2628 l'.
477 2570 660 2640 Ἄξιον
692 2563 751 2621 δὲ
794 2565 904 2619 κάκ
957 2561 1136 2633 τίνων,
1196 2562 1286 2616 καὶ
1335 2556 1486 2623 ὅπως
1542 2554 1640 2637 ἔφυ
1690 2556 1969 2617 διαλαϐεῖν

327 2659 392 2712 τὸ
446 2658 629 2725 πάσης
678 2654 907 2724 ἡλικίας
971 2650 1389 2730 νουνεχέστερον
1451 2650 1675 2729 βρέφος,
1757 2672 1822 2705 το
1873 2658 1974 2726 γῆς

332 2745 545 2814 ἀπάσης
574 2744 661 2798 καὶ
714 2742 942 2818 οὐρανοῦ
998 2739 1334 2814 πλατύτερον
1387 2741 1657 2815 γέννημα,
1712 2742 1747 2809 ἡ
1810 2740 1971 2815 ὑπερ-

326 2832 577 2914 φυήςκαὶ
609 2831 922 2910 ἀπόῤῥητος
954 2827 1296 2905 Μητρόπαις.

379 3012 647 3087 Ἰωακεὶμ
701 3011 795 3065 καὶ
856 3013 1024 3066 ’ίΑννα
1083 3005 1213 3071 δυὰς
1299 3007 1595 3083 ἐτύγχανον
1666 3003 1836 3061 πάλαι
1893 3008 1973 3076 τῷ

316 3104 417 3180 βίῳ
473 3099 821 3168 δικαιοτάτηο
883 3098 1057 3171 νόμου
1109 3117 1169 3152 τε
1235 3094 1474 3169 φύλακες
1560 3088 1801 3170 ἀκριϐεῖς
1881 3090 1972 3147 καὶ

313 3191 642 3272 φιλοσοφίαν
678 3187 993 3268 φιλοῦντες,
1026 3184 1125 3256 ὅση
1158 3205 1217 3240 τε
1244 3181 1470 3272 ἧθοςεῦ
1531 3185 1824 3272 ζωγραφεῖ,
1880 3180 1971 3236 καὶ

2155 2572 2223 2625 Χ.
2275 2570 2457 2623 Porro
2510 2586 2703 2640 operae
2748 2570 3006 2640 pretium
3054 2568 3237 2623 fuerit
3280 2567 3428 2621 illud
3485 2567 3733 2637 insuper

2083 2658 2475 2729 perpendere,
2503 2675 2533 2713 e
2566 2657 2781 2728 quibus
2815 2663 2873 2713 et
2897 2674 3014 2728 quo
3074 2663 3245 2728 pacto
3297 2661 3437 2712 nata
3489 2656 3566 2711 sit
3606 2656 3733 2711 haec

2083 2747 2281 2801 infans
2314 2747 2475 2800 omni
2509 2751 2681 2801 etate
2736 2746 3081 2817 sapientior,
3116 2745 3240 2799 haec
3298 2744 3532 2798 soboles
3575 2750 3731 2799 terra

2083 2834 2356 2889 universa
2389 2851 2456 2889 ac
2479 2834 2625 2889 caelo
2656 2835 3117 2904 amplior,supra
3138 2838 3413 2887 naturam
3446 2831 3727 2887 etineﬁ‘a-

2084 2921 2287 2975 biliter
2326 2922 2495 2994 Virgo
2528 2923 2729 2976 Mater.

2151 3010 2414 3066 Joachim
2439 3016 2495 3064 et
2525 3012 2698 3065 Anna
2718 3010 3001 3083 conjuges
3033 3015 3204 3066 erant
3234 3010 3469 3082 qui,per
3489 3026 3728 3065 omnem

2084 3115 2223 3155 sane
2252 3099 2595 3155 diuturnam
2616 3101 2793 3155 vitam
2809 3098 3565 3172 justissimi,custodiendm
3582 3099 3729 3169 legis

2082 3189 2524 3256 studiosi,illam
2557 3188 2879 3261 diligebant
2909 3189 3282 3261 sapientiam,
3301 3205 3431 3260 quae
3451 3194 3508 3243 et
3530 3205 3726 3243 mores

316 3269 465 3337 οἶκον
505 3279 790 3354 εἷρηναῖον
824 3274 1004 3343 τίθησι
1060 3272 1151 3329 καί
1210 3271 1585 3327 ἀστασίαστον·
1653 3269 1860 3351 σφόδρα
1911 3291 1966 3326 τε

2084 3278 2312 3351 egregie
2345 3279 2592 3350 efﬁngit,
2624 3294 2692 3333 ac
2723 3278 2962 3334 domum
2995 3278 3305 3349 pacificum
3338 3283 3515 3349 atque
3545 3276 3725 3331 dissi-

315 3364 675 3445 περίϐλεπτοι
705 3364 798 3421 διά
828 3367 1018 3431 ταῦτα,
1040 3361 1129 3418 καὶ
1158 3363 1221 3417 τὸ
1279 3361 1463 3435 περιὸν
1524 3360 1600 3423 εἰς
1659 3357 1967 3434 μετάδοσιν,

318 3463 404 3521 οἷς
435 3456 676 3529 ἐδέησεν,
733 3458 809 3510 ὧν
868 3452 1173 3523 ἐκέκτηντο·
1229 3452 1363 3522 ἦσαν
1421 3452 1524 3525 γὰρ
1576 3451 1666 3506 καὶ
1724 3448 1967 3505 πλούτου

308 3548 712 3626 μετειληφότες
741 3546 954 3622 βαθέος
988 3544 1151 3607 ’Όθεν
1181 3545 1291 3597 τῶν
1351 3541 1444 3615 μὶν
1504 3537 1691 3595 ἄλλων
1744 3536 1968 3602 ἕκαστος

306 3636 441 3712 ὑπὲρ
501 3638 700 3691 ἐαυτοῦ
744 3634 911 3706 μόνον
971 3631 1038 3686 τὰ
1087 3628 1234 3706 δῶρα
1290 3634 1369 3702 τῷ
1427 3630 1613 3704 Κυρίῳ
1668 3635 1963 3704 προσῆγονο

301 3728 455 3783 οὗτοι
486 3723 534 3780 δ’
567 3721 799 3801 ἀφθονίᾳ
836 3720 981 3796 βίου,
1019 3717 1231 3792 μᾶλλον
1265 3716 1321 3774 δέ
1367 3718 1597 3801 γνώμης
1664 3715 1961 3792 ἐλευθερίᾳ,

297 3818 388 3872 καὶ
418 3816 558 3891 πρὸς
612 3800 677 3867 τὸ
738 3810 899 3888 γένος
956 3805 1196 3886 φίλτρῳ,
1229 3806 1433 3862 ἐαυτῶν
1481 3827 1538 3861 τε
1569 3800 1721 3860 ἔνεκα
1746 3807 1836 3861 καὶ
1866 3812 1963 3861 τοῦ

298 3905 442 3962 λαοῦ
503 3900 701 3963 παντὸς
760 3896 965 3966 διπλῆν
1020 3895 1304 3951 ἐποιοῦντο
1362 3898 1461 3965 τὴν
1516 3894 1845 3970 προσένεξινο
1880 3892 1963 3950 διὸ

300 3996 394 4049 καὶ
425 3993 503 4055 εἰς
537 3990 794 4066 πρώτους
848 3985 1065 4042 ἐτέλουν
1096 3993 1196 4056 τῆς
1254 3982 1561 4055 Ἰουδαϊκῆς
1603 3983 1810 4055 ἐκείνης
1871 3985 1958 4038 καὶ

300 4081 755 4160 βασιλικωτάτης
785 4075 983 4156 φυλῆς.

368 4351 601 4409 Τούτοις
697 4343 791 4399 οὗν
847 4342 1034 4418 γάμου
1115 4341 1208 4415 μὲν
1259 4341 1327 4411 ἧν
1385 4336 1620 4395 ἐπιπολὺ
1680 4340 1958 4409 κοινωνία,

2080 3372 2193 3426 diis
2225 3371 2590 3426 inaccessam
2648 3377 2860 3436 servat,
2925 3370 3102 3425 Valde
3160 3376 3358 3425 autem
3417 3368 3722 3440 conspicui

2078 3466 2247 3516 erant
2276 3466 2400 3516 tum
2432 3460 2592 3515 hisce
2625 3460 2695 3514 de
2720 3460 3069 3526 causis,tum
3102 3460 3278 3513 etiam
3298 3457 3457 3529 quod
3488 3473 3724 3528 semper

2076 3557 2291 3622 praesto
2323 3550 2441 3605 illis
2469 3554 2645 3619 esset,
2661 3550 2819 3621 quod
2842 3550 2914 3604 iis
2937 3548 3369 3616 distribuerint,
3403 3548 3502 3618 qui
3532 3546 3717 3602 facul-

2078 3644 2263 3695 tatum
2296 3657 2536 3695 suarum
2568 3656 2678 3711 ope
2709 3639 3082 3710 indigerent;
3114 3654 3253 3693 nam
3287 3640 3347 3691 et
3377 3636 3719 3707 ingentibus

2076 3728 2400 3785 affluebant
2430 3728 2668 3782 divitiis.
2702 3728 2866 3782 Unde
2899 3744 3033 3783 cum
3066 3744 3170 3799 pro
3212 3744 3273 3781 se
3308 3724 3719 3780 tantummodo

2075 3834 2326 3874 munera
2355 3816 2604 3871 Domino
2638 3816 2834 3869 caeteri
2869 3816 3089 3885 quique
3148 3817 3452 3882 offerrent,
3484 3815 3545 3869 hi
3600 3831 3719 3884 praa

2074 3907 2410 3963 divitiarum
2442 3905 2756 3977 copia,imo
2781 3903 2978 3975 potius
3008 3920 3127 3974 prae
3151 3902 3333 3958 animi
3364 3901 3717 3956 liberalitate

2074 4001 2132 4050 et
2156 3995 2442 4051 charitate
2476 3994 2539 4048 in
2568 3993 2820 4066 gentiles
2850 3996 3139 4060 suos,tam
3170 4008 3274 4062 pro
3306 4007 3366 4045 se
3400 4008 3576 4061 quam
3608 4007 3713 4061 pro

2072 4086 2345 4142 universo
2358 4084 2577 4156 populo
2591 4082 2950 4154 duplicatam
2964 4081 3318 4138 exhibebant
3331 4081 3691 4137 oblationem
3702 4122 3715 4135 .

2071 4177 2358 4242 Quocirca
2379 4175 2536 4229 inter
2564 4174 2855 4245 primores
2886 4171 3392 4244 praestantissima:
3430 4170 3591 4225 illius
3611 4171 3717 4225 tri-

2070 4265 2180 4321 bus
2208 4265 2370 4320 Judae
2402 4264 2662 4334 insignes
2693 4262 3108 4319 censebantur.

2142 4357 2209 4410 Hi
2240 4356 2460 4425 itaque,
2480 4369 2821 4425 quanquam
2852 4352 3134 4408 connubii
3150 4352 3287 4423 jure
3311 4351 3544 4422 jamdiu
3571 4366 3712 4404 con-

298 4438 497 4500 παιδὸς
560 4434 611 4491 δ’
674 4431 947 4505 εὖκληρία
1011 4433 1220 4504 προσῆν
1268 4426 1534 4502 οὐδαμοῦ·
1568 4432 1730 4484 τοῦτο
1762 4426 1818 4484 δὲ
1840 4428 1960 4485 λίαν

2093 4443 2468 4515 uncti,prolis
2491 4447 2691 4498 tamen
2716 4442 2926 4497 solatio
2950 4457 3194 4513 prorsus
3216 4438 3710 4503 destituebantur,

294 4530 520 4605 ἀνιαρὸν
550 4523 756 4593 ἐδόκει,
786 4523 878 4577 καὶ
924 4522 1167 4585 πλῆττον
1203 4518 1266 4574 οὐ
1329 4518 1500 4592 μικρὰ
1554 4520 1651 4588 τήν
1710 4516 1955 4593 καρδίανο

2069 4532 2227 4604 quod
2258 4532 2497 4602 quidem
2546 4530 2712 4585 valde
2774 4546 2945 4601 grave
2997 4528 3325 4590 videbatur,
3386 4542 3710 4595 eorumque

288 4623 385 4674 καῖ
426 4603 564 4671 ποτε
622 4611 785 4688 γοῦν,
840 4615 943 4678 τῆς
992 4607 1248 4682 μεγίστης
1304 4606 1432 4680 παρ’
1490 4603 1709 4668 ἐκείνοις
1765 4606 1958 4682 ἑορτῆς

296 4704 624 4773 ἐπιστάσης,
680 4701 777 4761 τὰς
837 4696 891 4752 ἐν
962 4696 1093 4771 ἱερῷ
1147 4694 1282 4750 κατᾶ
1339 4696 1403 4749 τὸ
1458 4694 1652 4756 εἰωθὸς
1711 4693 1963 4769 ἐκόμιζον

288 4793 638 4870 προσφοράς·
673 4791 704 4844 ὁ
756 4785 813 4843 δὲ
872 4792 978 4855 τῆς
1038 4784 1302 4861 ἳερατεέας
1361 4784 1483 4838 τότε
1533 4778 1766 4856 Ῥουϐἱμ
1821 4784 1958 4857 πρὸς

284 4885 642 4962 λειτουργίαν
674 4879 852 4937 τελῶν
888 4874 1015 4933 οὕτε
1048 4872 1316 4951 λαμϐάνει
1344 4876 1411 4930 τὰ
1447 4872 1618 4950 δῶρα,
1667 4877 1757 4931 καὶ
1816 4874 1959 4930 ὀνεί-

369 5007 411 5043 ³“¹
442 5005 589 5062 Luc.
629 5019 670 5074 ι,
704 5001 795 5069 18,
828 5001 921 5054 19.

2070 4619 2249 4675 corda
2277 4619 2436 4675 haud
2466 4618 2701 4673 modica
2734 4617 2977 4671 tristitia
3002 4612 3316 4669 afﬁciebat.
3353 4614 3542 4681 Atque
3574 4611 3713 4667 inde

2071 4710 2249 4766 etiam
2270 4708 2590 4779 aliquando
2625 4707 2965 4777 contigit,ut
2990 4719 3121 4757 cum
3148 4700 3535 4758 celeberrima
3554 4702 3711 4759 festi-

2065 4800 2212 4854 vitas
2245 4797 2400 4869 apud
2422 4797 2555 4850 illos
2586 4799 3061 4866 ageretur,atque
3093 4790 3423 4847 oblationes
3454 4793 3526 4847 de
3545 4809 3709 4847 more

2067 4888 2142 4944 ad
2170 4886 2460 4958 templum
2492 4886 2867 4947 aﬂerrentur,
2899 4880 3114 4937 Bubim
3146 4880 3389 4951 quidam
3431 4880 3565 4951 (18),
3609 4881 3710 4951 qui

1659 5120 1805 5179 Ant.
1839 5116 2134 5179 Ballerini
2164 5121 2354 5179 notas.

2061 5252 2297 5323 lapsum
2324 5265 2397 5323 ac
2426 5248 2740 5323 Deiparam
2771 5246 3139 5323 antithesim,
3170 5245 3423 5323 ut_hasc_
3455 5261 3562 5323 ceu
3593 5244 3707 5323 vita

2061 5314 2252 5378 et‘lux
2282 5321 2414 5377 aliis
2434 5314 2613 5376 etiam
2639 5320 2779 5374 dein
2812 5315 3309 5373 communicanda
3334 5314 3703 5377 exhibeatur,

2058 5394 2207 5449 illud
2238 5410 2376 5449 vero
2408 5394 2469 5448 in
2503 5392 2765 5449 tenebris
2796 5395 2855 5443 et
2902 5391 2964 5443 in
2996 5387 3206 5442 umbra
3237 5387 3443 5440 mortis
3487 5384 3703 5438 sedens

2058 5474 2355 5524 cernatur.
3074 5529 3084 5531 Α
3116 5530 3119 5531 ν
3380 5529 3403 5531 _
3465 5524 3474 5531 _
3661 5521 3670 5531 ,

2127 5537 2239 5608 (48)
2270 5538 2549 5604 Isidorus,
2608 5539 2674 5590 ut
2702 5532 2950 5608 videtur,
2983 5529 3175 5583 Rubim
3203 5543 3338 5608 _se.u
3369 5524 3553 5608 Rufum
3584 5524 3698 5608 eisi:

2056 5591 2324 5668 stimavit
2361 5591 2591 5665 nomen
2647 5591 2955 5677 proprium
3013 5597 3337 5653 sacerdotis
3369 5635 3383 5661 ,
3428 5594 3567 5646 dum
3600 5591 3697 5643 alii

359 5272 470 5345 (ιθ)
502 5267 845 5345 magna},
886 5259 1015 5345 13-.
1043 5256 1249 5345 Utrum
1282 5254 1568 5345 eadem
1618 5248 1951 5345 τξηξὶνεὲιξς

284 5325 576 5415 mequod
604 5356 639 5415 a
664 5325 1041 5415 Lxxabest,
1076 5328 1214 5415 ideo
1272 5326 1593 5415 addiderit,
1654 5325 1823 5415 quod,

282 5396 346 5471 in
366 5396 579 5471 Cddice
608 5403 1199 5483 legeret,_incertum
1221 5398 1430 5483 ;hquod
1460 5414 1599 5483 vero
1644 5396 1951 5478 scripserit

283 5468 534 5562 Ξριξέδζςς
560 5468 701 5562 ῥιρυῖ
716 5468 959 5562 conjici)
993 5475 1219 5562 ροςσςειι
1236 5468 1329 5562 ita
1360 5486 1496 5562 e‘um
1544 5468 1777 5539 legisse,
1812 5484 1948 5523 cum

284 5542 345 5615 ἒξ
367 5542 810 5616 Alexandrinus
834 5542 1041 5602 codex
1075 5542 1168 5616 ita
1190 5542 1425 5598 habeat.

353 5611 646 5707 (lvii—Vide
698 5618 1090 5683 constsntem
1156 5613 1314 5669 inter
1371 5629 1557 5687 genus
1615 5611 1946 5667 humanum
