4104 6300
315 350 398 410 27
1477 342 1772 406 ISIDORI
1813 346 1924 406 ΤΗ
1933 343 2567 407 ESSALONICENSIS
3647 352 3726 411 28

317 485 457 538 tunc
488 480 841 538 sacerdotali
899 495 1146 537 munere
1193 479 1566 552 fungebatur,
1614 497 1735 536 non
1782 478 1958 538 modo

2083 477 2186 535 Βεσι
2245 477 2439 556 βάλλει
2497 487 2716 556 πικροῖς
2772 483 2874 552 τήν
2952 481 3207 558 λαμπρὰν
3264 481 3549 559 ξυνωρίδα,
3610 486 3726 544 Οὐκ

315 571 911 644 praeclarissimorum
957 569 1274 642 conjugum
1309 569 1464 626 dona
1493 586 1614 624 non
1650 569 1964 641 acciperet,

319 662 424 717 sed
453 666 740 733 praeterea
754 660 987 716 acerbis
1005 677 1105 714 eos
1136 660 1418 716 conviciis
1457 659 1789 731 impeteret.
1819 659 1969 716 Vobis

323 751 538 822 inquit,
573 751 661 821 fas
709 765 818 805 non
859 757 936 804 est
981 765 1216 804 munera
1270 749 1378 804 Dea
1426 748 1642 828 offerre,
1709 749 1966 822 quoniam

317 855 504 895 semen
525 841 586 896 in
614 838 791 895 Israel
826 855 938 893 non
957 837 1186 910 fecistis.

392 931 646 1001 Pupugit
672 930 783 984 hoc
815 926 1128 983 dicterium
1187 932 1422 982 sanctos
1474 925 1609 982 illos
1665 927 1967 1000 conjuges,

321 1036 720 1091 magnumque
779 1019 1024 1090 ingessit
1075 1015 1328 1088 luctum,
1361 1016 1506 1071 adeo
1536 1021 1602 1071 ut
1653 1016 1970 1071 orbitatem

317 1125 507 1177 suam,
550 1114 759 1164 mmsta
820 1125 892 1162 ex
950 1107 1070 1162 imo
1129 1105 1304 1161 corde
1345 1106 1601 1178 suspiria
1645 1105 1967 1176 trahentes,

323 1197 532 1253 acerbe
561 1198 882 1269 plorarent.

389 1288 480 1342 XI.
517 1285 998 1356 Caeterum,quod
1029 1289 1197 1340 tanta
1228 1287 1531 1340 exornatis
1577 1285 1972 1340 sanctimonia

320 1394 574 1450 pronum
608 1377 834 1448 erat,ad
866 1377 1054 1432 Deum
1089 1375 1186 1449 qui
1217 1385 1405 1450 potens
1447 1385 1524 1432 est
1553 1376 1700 1447 ﬁlios
1729 1376 1795 1432 de
1824 1377 1972 1448 lapi-

322 1468 480 1524 dibus
509 1469 781 1524 suscitare
811 1467 876 1535 η,
909 1465 1128 1539 (ambo)
1163 1466 1735 1540 confugiunt,animo
1768 1482 1969 1522 secum

321 1557 437 1630 ipsi
471 1555 823 1625 recolentes,
859 1555 1155 1626 quomodo
1186 1557 1328 1611 Sara
1356 1555 1460 1610 illa
1485 1560 1542 1610 et
1597 1554 1879 1620 Rebecca,
1914 1559 1972 1610 et

318 1648 525 1701 Manue
557 1663 809 1716 uxor,ac
842 1645 1044 1718 plures
1073 1644 1202 1701 aliae
1233 1651 1365 1716 post
1387 1644 1728 1700 diuturnam
1761 1644 1970 1700 sterili-

321 1741 503 1790 tatem
535 1734 762 1806 prolem
788 1733 926 1789 dein
959 1751 1065 1806 per
1093 1751 1298 1807 preces
1355 1734 1742 1792 obtinuerint.
1787 1735 1968 1790 Com-

317 1825 486 1880 muni
519 1825 698 1896 igitur
716 1829 848 1879 voto
879 1823 1148 1896 praeclari
1181 1825 1744 1895 conjuges,invicem
1772 1823 1970 1880 consi-
2000 1856 2048 1922 Β

317 1914 466 1969 lium
499 1913 610 1967 sibi
641 1914 1155 1985 praebentes,uxor
1184 1913 1306 1966 viro
1339 1913 1548 1969 suadet
1577 1930 1697 1968 non
1729 1913 1970 1986 quidem

321 2006 391 2061 ad
408 2005 633 2078 aliquid
647 2011 862 2078 praeter
877 2005 978 2062 Dei
995 2005 1356 2064 voluntatem
1370 2005 1739 2072 moliendum
1751 2001 1972 2083 ,q'uem-

322 2093 645 2148 admodum
677 2094 790 2148 Eva
832 2093 1144 2166 conjugem
1178 2110 1351 2150 suum
1403 2093 1583 2148 simul
1631 2110 1697 2149 ac
1757 2110 1970 2166 paren-

323 2187 444 2238 tem
473 2183 602 2254 (19),
636 2187 734 2237 aut
767 2182 920 2238 sicut
966 2181 1194 2238 Jezabel
1251 2182 1328 2238 ad
1385 2183 1840 2239 sacrificandum
1865 2185 1968 2239 As-

319 2278 487 2328 tarte)
520 2271 754 2344 impulit
788 2272 1003 2339 Achaz,
1029 2273 1131 2328 sed
1164 2278 1229 2328 ut
1285 2278 1541 2344 reputet,
1566 2290 1749 2328 unum
1782 2273 1970 2328 Deum

320 2363 512 2436 ipsum
548 2381 700 2430 esse,
739 2363 897 2434 quia
926 2363 1262 2418 calamitate
1295 2363 1480 2436 possit
1509 2362 1758 2438 eripere,
1792 2371 1968 2435 atque

323 2453 461 2508 inde
497 2469 662 2525 spem
691 2453 901 2518 foveat,
937 2469 1067 2508 eam
1100 2451 1212 2507 sibi
1243 2453 1468 2528 prolem
1499 2452 1968 2526 concedendam,

327 2559 456 2612 qua:
489 2543 770 2615 gaudium
794 2559 910 2597 non
943 2542 1088 2614 ipsis
1110 2541 1418 2612 modo,sed
1445 2547 1503 2597 et
1531 2541 1804 2614 plurimis
1834 2542 1968 2598 aliis

322 2633 548 2687 afferat.
598 2631 816 2686 Eadem
871 2635 1070 2686 autem
1095 2630 1170 2704 {et
1213 2631 1334 2686 viro
1385 2631 1636 2687 invicem
1695 2631 1967 2688 suadenti

321 2725 594 2793 prompte
621 2720 907 2775 obsebuta
940 2726 1029 2776 est
1057 2723 1248 2792 Anna,
1282 2738 1400 2776 non
1433 2737 1604 2776 secus
1635 2738 1702 2776 ac
1734 2739 1763 2778 e
1793 2721 1966 2777 domo

321 2812 512 2866 soceri
568 2810 887 2866 abeuntem
938 2811 1219 2868 Iacobum
1267 2811 1486 2868 Rachel
1533 2812 1635 2867 illa
1667 2817 1725 2867 et
1755 2811 1854 2868 Lia
1883 2830 1970 2868 se-

321 2906 470 2956 cutas
529 2907 683 2958 sunt.
742 2903 932 2972 Atque
993 2902 1076 2956 ita
1132 2901 1434 2958 communi
1495 2903 1791 2958 sententia
1833 2903 1970 2976 (20),

323 2992 644 3065 sponsione
673 2993 918 3062 insuper
939 2992 1259 3060 adjecta,se
1281 3007 1500 3045 munus
1522 2993 1640 3045 Deo
1673 2992 1972 3045 dedicatu-

325 3099 422 3136 ros
453 3080 682 3152 prolem
715 3095 892 3150 quam
931 3079 1352 3149 suscepissent,
1395 3078 1651 3133 invicem
1701 3079 1970 3152 digressi,

323 3186 458 3224 cum
478 3167 868 3240 quadraginta
881 3166 1102 3222 solidos
1116 3167 1242 3222 dies
1265 3166 1968 3240 inlacrymis,etjejunio,

2076 563 2267 641 ἔξεστι,
2328 571 2528 646 λέγων,
2591 573 2717 648 ὑμῖν
2779 570 2927 648 δῶρα
2982 578 3098 645 Θεῷ
3170 580 3566 652 προσενεγκεῖν,
3627 598 3722 633 κα-

2076 659 2192 714 θότι
2224 660 2275 715 ἐν
2303 664 2383 733 τῷ
2413 661 2635 737 ιῘσραὴλ
2667 663 2882 736 σπέρμα
2911 661 3010 718 οὐκ
3036 662 3348 734 ἐποιήσατε.

2150 929 2338 986 Δάκνει
2367 935 2528 987 τοῦτο
2552 933 2614 987 τὸ
2646 934 2800 1008 ῥῆμά
2846 933 2944 1006 τὴν
3001 929 3210 988 δικαίαν
3274 933 3528 1004 συζυλίάν
3581 934 3723 992 ἐκεί-

2076 1041 2193 1089 νην,
2225 1022 2312 1075 καὶ
2350 1018 2592 1097 ὀδυρμοῦ
2626 1021 2810 1092 τίθησι
2868 1022 3124 1096 πλήρεις,
3155 1023 3244 1077 καὶ
3307 1027 3601 1101 στεναγμὸν
3662 1025 3721 1082 ἐκ

2082 1109 2281 1182 βάθους
2344 1109 2510 1187 βαρὺν
2568 1110 2959 1186 παρεσκεύασεν
3012 1107 3247 1189 ἀφιέναι,
3304 1113 3406 1184 τήν
3467 1111 3722 1170 ἀπαιδίαν

2079 1202 2287 1276 γοερῶς
2317 1198 2780 1278 ὀλοφυρομένους.

2150 1288 2254 1346 ΙΑ’·
2316 1287 2472 1345 Ἀλλ’
2530 1289 2559 1344 ὅ
2595 1290 2833 1353 τικαίοις
2890 1291 2978 1345 καὶ
3038 1289 3392 1362 τηλικούτοις
3447 1297 3716 1367 προσῆκε,

2078 1375 2214 1457 πρὸς
2263 1377 2356 1434 τὸν
2395 1375 2684 1452 δυνάμενον
2744 1377 2805 1434 ἐκ
2861 1377 3034 1445 λίθων
3094 1380 3298 1458 ἐγείραι
3355 1385 3513 1438 τέκνα
3566 1404 3726 1440 κατα-

2081 1467 2332 1544 φεύγουσι
2380 1468 2531 1547 Θεὸν,
2594 1467 2807 1546 Σάῥρας
2862 1466 3095 1542 ἐκείνης,
3155 1471 3244 1527 καὶ
3302 1467 3581 1545 Ῥεϐέκκα,
3631 1474 3724 1530 καὶ

2078 1562 2178 1626 τῆς
2231 1561 2329 1611 τοῦ
2388 1557 2583 1614 Muva
2633 1558 2905 1634 γυναικὸς,
2963 1561 3050 1614 καὶ
3106 1559 3339 1616 πολλῶν
3392 1558 3578 1618 ἄλλων
3607 1560 3726 1618 ἔπι-

2084 1647 2429 1720 μνησθέντες,
2463 1647 2613 1714 ὅπως
2641 1654 2810 1727 γονῆς
2853 1648 2922 1705 δι’
2973 1650 3143 1727 εὐχῆς
3210 1645 3408 1728 ἔτυχον
3461 1652 3511 1727 ἐξ
3561 1653 3731 1730 ἀκάρ-

2080 1757 2184 1792 που
2214 1737 2467 1812 γαστρός.
2499 1740 2630 1812 ΙΙαρ’
2663 1736 2930 1812 ἀλλήλων
2970 1739 3151 1796 τοίνυν
3309 1742 3447 1818 καγὴ
3507 1742 3734 1817 ξυνωρὶς

2080 1820 2356 1896 ἀλληλοις
2407 1825 2616 1902 βουλὴν
2673 1829 3069 1904 παρασχόντες,
3116 1829 3289 1885 πείθει
3350 1831 3445 1904 μὲν
3502 1833 3536 1902 ἠ
3590 1831 3727 1910 γυνή

2080 1914 2170 1970 τὸν
2204 1912 2369 1990 ἄνδρα
2412 1918 2488 1988 μὴ
2537 1917 2684 1993 παρὰ
2730 1917 2954 1993 γνώμην
3013 1941 3066 1974 τι
3119 1927 3518 1994 καινοτομῆσαι
3573 1925 3728 1993 Θεοῦ,

2078 2006 2318 2084 καθάπερ
2353 2003 2460 2062 Εὕα
2489 2008 2580 2061 τὸν
2627 2007 2870 2061 σύνευνον
2904 2008 3046 2080 ὁμοῦ
3093 2009 3190 2063 παὶ
3239 2008 3446 2084 πατέρα
3503 2009 3727 2084 ἐκεῖνον,

2080 2091 2115 2164 οἷς
2149 2095 2223 2160 ὡς
2271 2090 2507 2166 Ἰεζάϐελ
2541 2095 2685 2159 θύειν
2731 2100 2798 2170 τῇ
2860 2093 3120 2178 Ἀστέρτῃ
3177 2097 3268 2154 τὸν
3325 2093 3524 2174 Ἀχὰϐ,
3582 2095 3729 2154 ἀλλὰ

2082 2183 2208 2238 Θεὸν
2273 2185 2438 2264 μόνον
2505 2188 2600 2239 τοῦ
2651 2186 2860 2249 πάθους
2919 2185 3118 2262 ῥύστην
3185 2185 3427 2260 νομίσαι,
3486 2187 3728 2251 κᾶκεῖθεν

2079 2272 2297 2330 ἐλπίσαι
2327 2276 2500 2350 χαρὰς
2532 2274 2707 2330 αἰτίαν
2741 2276 2932 2350 γονὴν,
2961 2277 3064 2332 οὐκ
3095 2275 3279 2344 αὐτοῖς
3325 2277 3517 2352 μόνον,
3575 2275 3730 2332 ἀλλὰ

2079 2366 2167 2422 καὶ
2199 2365 2396 2428 ἄλλοις
2426 2363 2709 2430 πλείστοις
2755 2364 3000 2434 δοθῆναι*
3059 2366 3125 2419 τὰ
3177 2363 3224 2423 δ’
3282 2365 3417 2420 αὐτᾶ
3484 2387 3725 2426 συνεισε-

2078 2456 2326 2533 νεγκόντι
2385 2454 2595 2528 καὶτῷ
2654 2451 2804 2528 ἀνδρὶ
2861 2451 3210 2528 ἠκολούθησε
3303 2455 3600 2534 προθύμως
3686 2457 3721 2530 ἡ

2079 2546 2261 2613 Ἅννα,
2296 2541 2532 2617 καθάπερ
2560 2545 2638 2612 τῷ
2664 2537 2882 2610 ἱἺακὼϐ
2932 2543 3150 2621 Ῥαχὴλ
3212 2544 3389 2616 ἐκείνη
3441 2544 3530 2600 καὶ
3572 2544 3724 2613 Λεία,

2076 2637 2177 2701 τῆς
2232 2628 2408 2694 οἰκίας
2464 2627 2748 2701 ἀπαίροντι
2803 2625 3084 2682 κθδεστοῦ·
3142 2626 3286 2685 οὕτω
3351 2630 3529 2685 τοίνυν
3587 2651 3726 2706 συμ-

2078 2718 2472 2797 ψηφισάμενοι,
2508 2716 2692 2772 καὶτὸ
2749 2716 3156 2794 τεχθησόμενον
3202 2715 3358 2775 δοτὸν
3427 2724 3545 2794 Θεῷ
3596 2741 3728 2776 ποι-

2078 2813 2226 2880 ἡσειν
2287 2805 2772 2885 ἐπαγγειλάμενοι,
2859 2809 3186 2876 ἀποστάντες
3270 2809 3558 2882 ἀλλήλων,
3637 2809 3726 2865 καὶ

2077 2899 2472 2973 τεσσαράκοντα
2549 2897 2686 2960 ὅλας
2761 2896 2970 2971 ἡμέρας
3027 2893 3339 2966 διηνυκὸτες
3395 2896 3448 2953 ἐν
3497 2897 3724 2973 δάκρυσι

2079 2987 2167 3043 καί
2224 2988 2470 3062 νηστείᾳ,
2518 2987 2607 3041 καὶ
2673 2987 2914 3060 συντόνῳ
2997 2983 3198 3058 δεήσει,
3284 2984 3530 3061 ἒκάνερος
3615 2985 3726 3058 ἰδίᾳ

2081 3077 2227 3150 παρά
2283 3075 2428 3130 θείου
2485 3074 2715 3151 ἀγγέλου
2781 3077 2882 3145 τὴν
2953 3083 3052 3148 τῆς
3119 3076 3422 3152 θεογράφου
3516 3076 3728 3148 πλακὸς

2083 3162 2338 3241 δέχονται
2367 3163 2640 3242 ἀγγελίαν,
2673 3163 2884 3230 πλακὸς
2915 3163 3124 3236 ἐκείνης
3178 3169 3377 3240 μακρῷ
3433 3171 3540 3221 τῶν
3595 3171 3726 3224 Μω-

327 3263 384 3314 et
408 3257 654 3332 jugibns
676 3257 953 3329 precibus
975 3256 1423 3329 transegissent,
1446 3261 1696 3326 uterque
1719 3257 1968 3312 seorsim

2084 3255 2228 3317 σάως
2289 3253 2626 3330 ὑψηλοτέρας
2673 3251 2923 3310 πλακῶν·
2983 3256 3046 3318 ἃς
3125 3251 3194 3324 δὴ
3283 3253 3533 3322 κάκείνας
3606 3254 3726 3322 ’ίσος

323 3365 431 3420 per
461 3348 563 3402 Dei
608 3347 884 3420 angelum
912 3346 1190 3402 nuntium
1242 3345 1455 3417 accipit
1503 3345 1714 3401 tabulae
1763 3363 1796 3402 a
1854 3349 1971 3402 Deo

322 3436 648 3494 scribendae
699 3436 838 3510 (21),
872 3435 1089 3492 tabulae
1141 3435 1306 3490 illius
1359 3433 1606 3503 scilicet,
1637 3453 1768 3508 quae
1797 3437 1971 3510 longe

323 3525 580 3581 nobilior
597 3525 993 3581 fuitMosaicis
1018 3523 1236 3582 tabulis
1270 3541 1283 3592 ;
1309 3541 1457 3596 quas
1487 3525 1694 3596 utique
1727 3531 1786 3580 et
1815 3526 1972 3598 ipsas

325 3615 574 3687 sculpsit
605 3614 852 3686 aequalis
885 3614 1116 3669 dierum
1149 3629 1434 3670 numerus
1464 3630 1531 3669 ac
1557 3614 1735 3670 simul
1778 3633 1970 3684 mons,

315 3706 820 3778 quemadmodum
882 3704 976 3759 hic
1035 3720 1272 3775 quoque
1348 3704 1612 3760 Joachim
1699 3711 1970 3762 orantem

322 3812 496 3851 mons
527 3795 822 3854 recondit.
870 3793 982 3850 Sed
1012 3799 1070 3848 et
1115 3793 1300 3864 locus,
1331 3793 1431 3865 qui
1482 3796 1667 3850 Annaa
1728 3813 1970 3870 precum

315 3885 484 3942 testis
515 3886 647 3954 fuit,
675 3885 826 3952 sedi,
873 3883 934 3938 in
968 3901 1084 3958 qua
1135 3883 1481 3939 versabatur
1507 3884 1700 3955 prima
1729 3901 1968 3957 parens,

2085 3342 2360 3416 ἐλάξευσεν
2419 3347 2642 3420 ἡμερῶν
2692 3343 2952 3419 ἀριθμὸς,
2999 3342 3080 3398 ἔτι
3139 3343 3194 3400 δὲ
3248 3350 3342 3399 καῖ
3415 3343 3562 3420 ὄρος,
3651 3347 3726 3409 ὠς

2082 3433 2184 3511 ἄρα
2234 3431 2500 3498 κάνταῦθα
2554 3431 2644 3488 καὶ
2687 3433 2780 3489 τὸν
2838 3430 3102 3506 Ἰωακεῖμ
3154 3431 3284 3506 ὄρος
3347 3433 3495 3513 εἶχεν
3557 3432 3724 3512 εὐχό-

2087 3543 2264 3599 μενον.
2290 3520 2466 3580 Ἀλλὰ
2511 3519 2577 3591 δὴ
2632 3521 2723 3576 καὶ
2781 3521 2808 3575 ὁ
2856 3519 3024 3582 τόπος
3080 3521 3140 3584 δς
3193 3523 3390 3594 νΑννης
3449 3519 3585 3577 εἶδεν
3638 3523 3724 3576 εὐ-

2081 3615 2208 3688 χὰς,
2262 3616 2340 3685 τῷ
2394 3618 2495 3682 τῆς
2541 3612 2900 3690 προμήτορος
2959 3607 3343 3685 παραπλήσιον
3403 3610 3492 3681 ἦν’
3551 3609 3726 3684 παρά-

2083 3701 2260 3768 δεισος
2294 3703 2396 3780 γάρ
2425 3702 2511 3757 καὶ
2544 3698 2676 3769 ὧδε,
2708 3701 2755 3754 εἳ
2785 3702 2874 3754 καί
2913 3699 2988 3772 μὴ
3049 3696 3396 3770 κατέλληλος
3455 3697 3722 3777 ἐτρυγήθη

2080 3791 2307 3871 καρπός·
2368 3789 2480 3847 ἐκεῖ
2539 3791 2630 3864 μὲν
2685 3788 2790 3864 γὰρ
2857 3786 3084 3863 κατάρα,
3143 3787 3316 3864 χαρὰν
3375 3785 3432 3844 δὲ
3497 3790 3525 3844 ὁ
3607 3786 3724 3852 νὲος

2077 3893 2175 3956 τῆς
2199 3883 2404 3951 ’Ἂννὴς
2440 3887 2607 3950 ανῆκε
2637 3877 2871 3951 λειμών.

317 3975 749 4046 respondebat;
785 3977 910 4028 erat
939 3971 1199 4028 enimhic
1221 3988 1457 4042 quoque
1481 3973 2058 4046 hortus,quanquam
2089 3975 2246 4033 haud
2279 3973 2492 4030 similis
2521 3971 2837 4042 decerptus
2869 3969 3093 4026 fructus
3136 3969 3334 4030 fuerit.
3383 3969 3507 4026 Illic
3567 3971 3724 4034 enim

317 4071 490 4120 enata
522 4062 858 4120 maledictio
894 4077 906 4127 ;
939 4077 1152 4116 novum
1185 4065 1383 4117 autem
1412 4062 1598 4116 Annae
1622 4061 1964 4119 viridarium
1995 4065 2261 4121 laetitiam
2284 4060 2552 4134 protulit.

387 4153 515 4210 XII.
549 4154 694 4208 Cum
727 4152 926 4222 itaque
953 4149 1101 4222 justi
1139 4149 1418 4222 conjuges
1449 4149 1578 4204 istis
1610 4150 1974 4208 obsecratio-

309 4242 512 4313 nibus,
560 4246 627 4296 ut
673 4241 900 4296 dictum
951 4244 1060 4307 est,
1119 4245 1568 4312 perseveranter
1597 4239 1970 4311 insisterent,

387 4351 430 4386 ³⁸
459 4351 596 4407 Luc.
620 4366 706 4422 111,
735 4352 788 4405 8.

2071 4235 2394 4318 τριῦόντων,
2455 4237 2532 4301 ὠς

2145 4155 2245 4210 IB'.
2281 4151 2364 4222 Τῇ
2395 4149 2484 4204 οὖν
2513 4146 2737 4221 τοιαύτῃ
2769 4153 2872 4216 τῆς
2905 4145 3076 4220 εὐχῆς
3126 4151 3446 4204 καταστάσει
3494 4147 3722 4204 ἐνοὸια-

2619 4234 2854 4310 εἷ’ρηται,
2909 4240 3018 4289 τῶν
3079 4231 3330 4310 δικαίων,
3381 4237 3722 4311 Εἰσηκούσθη

1658 4448 1803 4514 Ant.
1856 4441 2158 4512 Ballerini
2186 4444 2378 4502 notaa.

311 4565 521 4617 contra
551 4560 916 4615 censuerunt
945 4554 1025 4609 ibi
1069 4553 1320 4612 indicari
1361 4553 1668 4609 hominem
1727 4570 1759 4609 ο
1818 4555 1967 4610 tribu
1997 4555 2041 4620 Ι)
2074 4550 2481 4619 comparatum
2508 4545 2729 4620 cernis,
2755 4548 2880 4620 tum
2908 4543 3050 4614 quia
3077 4540 3589 4620 uterquefabulas
3614 4539 3722 4598 Dei

309 4633 516 4697 Ruben,
549 4626 1539 4703 quemadmoduminorationibus
1567 4625 1812 4684 Joannis
1847 4630 1961 4684 Eu-

308 4697 586 4758 bmensis'
609 4709 666 4757 et
698 4701 849 4757 Petri
881 4699 1078 4770 Argivi
1118 4697 1316 4770 videre
1342 4697 1530 4770 licuit.

384 4777 492 4846 (19)
521 4773 708 4846 Adam
738 4767 1103 4846 parens'Evaa
1155 4769 1392 4839 dicitur,
1426 4769 1566 4842 quia
1587 4767 1713 4824 haec
1749 4786 1779 4824 e
1804 4774 1967 4824 costa

310 4844 470 4900 illius
501 4844 792 4899 mdiﬂcata
825 4844 954 4897 fuit.

382 4919 496 4988 (20)
526 4915 638 4970 Alii
671 4919 898 4980 contra,
934 4919 998 4967 ut
1029 4930 1098 4988 e1;
1147 4911 1394 4988 Joannis
1442 4912 1786 4988 Eubmensis
1841 4928 1968 4988 ora-

315 4984 488 5044 tione
507 4985 1448 5058 patet,putaverunt,loachimum
1481 5002 1542 5058 se
1569 4984 1642 5038 ad
1673 4984 1968 5058 orandum

313 5055 630 5132 recepisse,
692 5055 1126 5132 Annaprorsus
1155 5055 1382 5132 inscia;
1416 5055 1576 5132 unde
1607 5060 1665 5109 et
1693 5055 1850 5132 hanc
1883 5055 1968 5108 in-

314 5127 540 5187 ducunt
561 5130 631 5183 de
665 5127 986 5182 solitudine
1009 5143 1114 5180 sua
1132 5131 1191 5180 et
1221 5127 1494 5198 conjugis
1517 5131 1676 5182 sorte
1707 5127 1964 5198 anxiam.

313 5203 564 5272 Sedjam
587 5201 733 5256 alias
758 5197 1215 5272 mon_uimus,nil_
1241 5198 1612 5272 frequentius
1629 5197 1968 5272 usuvenire,

313 5268 494 5345 quam
549 5279 618 5327 ut
646 5270 1138 5345 dumuadjuncta,
1183 5268 1254 5324 de
1287 5269 1510 5345 quibus
1537 5270 1672 5345 silet
1684 5269 1968 5345 historia,

313 5340 730 5416 unusquisque
758 5342 870 5416 sibi
903 5341 1360 5416 efﬁngit,prouti
1391 5340 1737 5397 verisimilia
1765 5341 1968 5397 viden-

317 5413 583 5482 tur,varii
617 5413 676 5470 in
707 5415 897 5469 varias
929 5413 1150 5469 abeant
1178 5413 1514 5484 opiniones.

390 5492 496 5560 (2t)
523 5486 1091 5560 Frequentissimum
1138 5482 1412 5560 Patribus
1442 5482 1660 5560 Graecis
1678 5483 1810 5550 fuit,
1835 5483 1970 5538 Vir-

317 5557 518 5632 ginem
537 5557 859 5632 Deiparum
881 5557 1099 5613 tabulae
1123 5573 1158 5611 a
1181 5558 1298 5632 Deo
1324 5559 1578 5632 exaratis
1605 5569 1971 5625 comparere;

314 5625 472 5702 quod
504 5637 561 5686 et
592 5625 664 5686 in'
685 5629 896 5686 ofﬁciis
921 5645 1129 5684 eorum
1149 5625 1572 5702 ecclesiasticis
1593 5642 1747 5696 saepe
1779 5640 1976 5702 recur:

312 5696 411 5759 rit.
435 5702 945 5772 Quemadmodum
987 5705 1186 5755 autem
1246 5697 1342 5751 hic
1375 5696 1746 5752 Joachimum
1796 5696 1976 5768 Moysi

2075 4613 2256 4695 digito
2287 4619 2654 4695 conscriptas
2679 4613 2939 4695 accepit,
2959 4620 3086 4670 tum
3119 4613 3259 4695 quia
3287 4619 3538 4695 uterque
3572 4631 3726 4695 qua-

2077 4689 2349 4764 draginta
2377 4690 2610 4748 dierum
2631 4690 2931 4764 jejunium
2957 4689 3330 4764 praemi_sit,et
3360 4701 3566 4764 rursus
3589 4689 3728 4756 quia

2074 4759 2324 4835 uterque
2355 4765 2413 4818 in
2444 4759 2789 4835 monte’cum
2822 4761 2939 4835 Deo
2990 4762 3256 4835 versatus
3287 4762 3422 4835 est:
3456 4759 3558 4835 sic
3584 4765 3641 4812 et
3695 4776 3726 4814 e

2077 4828 2277 4894 monte
2310 4833 2694 4889 descendenti
2727 4830 2906 4901 Moysi
2939 4845 3072 4883 cum
3105 4828 3251 4897 legis
3310 4828 3530 4885 tabulis
3588 4847 3725 4885 suas

2077 4908 2284 4962 itidem
2310 4905 2539 4959 tabulas
2572 4919 2602 4956 θ
2633 4908 2834 4957 monte
2883 4901 3148 4956 referens
3199 4901 3538 4956 Joachimus
3571 4919 3727 4956 com-

2076 4983 2318 5062 paratur
2410 4974 2931 5062 EcclesiaenGrmcm
2948 4970 3293 5062 officiisSjic
3325 4972 3486 5062 enim
3507 4975 3725 5062 Menzea

2079 5042 2140 5104 in
2170 5049 2318 5102 festo
2341 5049 2650 5115 Conceptae
2672 5043 2997 5114 Deiparm(9
3029 5042 3283 5115 Dec.ode
3316 5043 3401 5110 v);
3441 5045 3726 5099 Descendit

2078 5138 2105 5177 θ
2134 5126 2316 5178 monte
2343 5113 2593 5172 Joachiin
2615 5132 2727 5170 non
2761 5113 2891 5183 legis
2921 5113 3140 5183 quidem
3199 5114 3413 5168 tabulas
3463 5120 3722 5184 referens,

2077 5193 2170 5248 sed
2195 5206 2333 5256 eam,
2369 5205 2535 5258 qnam
2567 5188 2656 5241 lca:
2683 5187 3065 5256 prtesignarit,
3095 5200 3371 5254 quamque
3415 5188 3726 5258 propheta:

2078 5280 2202 5319 rum
2232 5257 2500 5318 vaticinia
2528 5264 2725 5319 cuncta
2765 5258 3167 5322 indicaverunt,
3228 5258 3569 5312 innocentem
3628 5257 3728 5314 Dei

2080 5337 2313 5390 Matrem
2343 5349 2364 5396 ;
2393 5339 2445 5388 et
2495 5333 2702 5400 gaudio
2732 5327 3324 5400 e.1;szlieus__clamabat
3346 5331 3728 5400 .{Eealtatum

2082 5412 2158 5461 est
2223 5392 2548 5472 corr'meu‘r'n
2598 5398 2903 5472 (Κατῆλθεν
2950 5397 3059 5472 ,ἐξ
3124 5392 3282 5468 ὅρους
3324 5399 3396 5472 ῃὸ
3474 5402 3729 5472 Ἰωακεξμ

2084 5473 2213 5552 οὐχ]
2272 5471 2485 5536 πλάκας
2541 5467 2636 5552 τοῦ
2701 5467 2874 5544 νόμου
2947 5467 3379 5552 ὃεξάμενοςχῇν
3439 5471 3607 5542 νόμος

2083 5538 2395 5621 πρῖέγραψε
2478 5543 2569 5598 καὶ
2648 5538 2812 5601 πᾶσαι
2888 5543 3212 5632 προφητῶν,
3270 5538 3549 5626 ἐδνςκωσαν
3627 5540 3725 5628 αρο

2087 5611 2294 5692 ῥῆσείὲ,
2345 5611 2488 5692 ’Θεοῐξ
2553 5617 2718 5691 ἁγνὴν
2797 5611 3082 5692 *μητέράν
3127 5611 3216 5666 καὶ
3301 5611 3529 5688 σκιρτῶν
3617 5611 3728 5666 ἀνε-

2089 5686 2193 5745 ϐόα
2218 5686 2654 5765 Ἑμεγαλύνθηή
2680 5686 2880 5761 ’καρδία
2913 5688 3065 5760 μου).
