4104 6300
241 287 314 348 31
1387 273 1680 337 lSlDORI
1725 270 2509 335 THESSALONICENSIS
3578 271 3656 336 32

238 420 562 476 minentur.
599 417 743 471 Nam
776 431 896 486 pra:
932 413 1178 484 reliquis
1211 409 1631 479 omnibus,qui
1667 410 1723 462 in
1747 414 1891 462 cata-

2011 405 2139 470 τοὺς
2171 403 2403 470 λοιποὺς
2445 405 2644 479 μόνους
2699 403 2931 467 τούτους
2988 405 3178 481 ἁγίους
3234 404 3376 476 ὁμοῦ
3431 402 3522 456 καὶ
3578 400 3656 456 δι-

233 510 367 582 logo
401 511 741 562 sanctorum
772 507 1271 570 memorarentur,
1305 502 1414 556 hos
1475 497 1888 554 tantummodo

236 603 473 654 sanctos
531 594 712 650 simul
769 599 829 648 et
875 595 1059 664 justas
1115 589 1412 663 appellare
1445 587 1886 643 consuevimus.

239 689 387 743 Num
416 686 596 758 igitur
622 683 774 751 ideo,
809 682 970 754 quod
999 687 1314 752 postquam
1348 679 1459 734 sibi
1487 676 1894 746 creaturisque

239 774 532 833 universis
563 772 968 830 necessarium
999 766 1742 834 subministrarunt,aliam
1765 781 1897 836 pro-

234 867 351 922 lem
381 865 636 936 amplius
668 880 789 918 non
819 865 1176 934 genuerunt,
1210 859 1324 931 ipsi
1384 858 1494 913 soli
1543 855 1894 929 cognomine

221 957 369 1026 justi
393 954 643 1025 mystice
676 951 956 1022 appellati
989 954 1128 1005 sunt
1161 949 1188 1003 ‘2
1244 947 1346 1001 Vel
1397 946 1603 1016 utique
1657 949 1898 1015 propter

233 1045 410 1099 istam
451 1059 710 1108 causam,
759 1040 849 1095 vel
911 1041 1090 1094 etiam.
1149 1038 1401 1092 fortasse
1458 1039 1700 1107 propter
1746 1033 1897 1087 hanc

237 1133 420 1188 aliam
451 1131 682 1200 (merito
714 1129 1010 1200 quispiam
1044 1125 1457 1198 dixerit),quia
1475 1130 1534 1178 et
1564 1124 1674 1178 hoc
1690 1137 1897 1192 cogno-

237 1221 449 1278 minati
473 1227 634 1285 sunt,
669 1219 828 1289 quod
859 1217 1167 1272 verissime
1227 1221 1414 1282 erant,
1451 1213 1612 1268 omni
1673 1209 1901 1265 scilicet

237 1311 472 1378 virtute,
506 1307 1012 1380 quemadmodum
1063 1322 1129 1360 ex
1163 1306 1423 1376 ipsorum
1457 1303 1651 1356 fructu
1701 1297 1899 1370 colligi

233 1403 456 1470 potest,
479 1395 954 1469 praestantissimi
981 1413 996 1462 ;
1029 1395 1120 1449 vel
1152 1393 1407 1463 denique
1440 1391 1581 1462 quia
1611 1389 1737 1444 ﬁlia
1762 1404 1898 1458 spe-

1998 495 2191 557 καίους
2247 493 2436 550 καλεῖν
2498 495 2787 568 εἰώθαμεν.
2977 513 3108 548 ποτε
3149 496 3306 567 γοῦν,
3338 492 3412 553 ὡς
3448 493 3508 546 τὸ
3544 490 3660 547 δέον

1999 585 2214 647 ἑαυτοῖς
2271 605 2330 639 τε
2385 585 2475 639 καὶ
2535 588 2604 660 τῇ
2661 583 2833 640 κτίσει
2916 581 3386 656 διανενεμηκότες,
3438 585 3520 654 τῷ
3579 583 3656 653 μὴ

1998 670 2168 728 παίδα
2201 671 2346 748 λέγω
2402 679 2576 730 τεκεῖν
2636 671 2849 748 ἕτερον,
2913 672 3070 746 μόνοι
3130 669 3333 726 δίκαιοι
3386 674 3660 744 μυστικῶς

2000 763 2530 838 προσηγορεύθησαν
2566 781 2579 831 ;
2613 765 2684 820 "H
2735 762 2934 818 τούτου
2993 761 3173 816 τοίνυν
3227 759 3427 829 ἓνεκεν,
3569 759 3660 814 καὶ

2004 849 2092 906 διὰ
2123 852 2292 922 ταῦτ’,
2323 849 2385 907 ἄν
2423 853 2558 915 ’ἰσως
2602 850 2744 907 εῗπόι
2799 872 2908 922 τις,
2968 851 3042 913 ὡς
3091 847 3127 920 ἤ
3183 854 3344 904 τοῦτο
3377 869 3658 918 προσωνο-

2005 941 2308 1013 μάσθησαν,
2397 941 2427 995 6'
2469 941 2560 996 καὶ
2617 939 2910 1016 ἐτύγχανον
2963 939 3222 1016 ἐναργῶς,
3305 935 3394 992 διὰ
3480 938 3658 1008 πάσης

2000 1025 2197 1099 ἀρετῆς
2231 1026 2288 1080 εὖ
2316 1027 2538 1094 ἥκοντες
2571 1022 2814 1097 δηλαδὴ,
2875 1022 3045 1090 δῆλον
3098 1021 3144 1078 δ’
3201 1022 3260 1078 έκ
3295 1027 3392 1077 τοῦ
3423 1027 3653 1096 καρποῦ,

2001 1112 2037 1182 ἤ
2094 1111 2176 1168 ὅτι
2232 1113 2359 1176 τοὺς
2415 1117 2742 1190 γεννήτορας
2800 1115 2836 1184 ἡ
2925 1111 3195 1182 καλλίστη
3256 1113 3500 1186 θυγάτηρ
3556 1117 3655 1180 τῆς

2003 1202 2276 1266 εὐτεκνίας
2310 1199 2674 1278 ἀμειϐομένη,
2831 1205 2970 1276 μόνη
3032 1199 3279 1274 διέκυψεν
3329 1200 3544 1270 ἀληθὴς
3597 1198 3650 1253 ἐν

2001 1293 2308 1368 ἀνθρώποις
2396 1291 2739 1364 δικαιοσύνη,
2824 1299 2925 1363 τῆς
3012 1291 3272 1360 τοιαύτης
3382 1285 3648 1363 μετέδωκε

1999 1382 2392 1458 προσηγορίας.

229 1468 582 1551 ciosissima,
611 1501 742 1556 quae
771 1485 894 1540 sola
919 1484 1076 1539 inter
1102 1483 1376 1538 homines
1404 1485 1533 1536 orta
1563 1484 1652 1534 est
1671 1493 1800 1532 vera
1817 1475 2048 1547 justitia
2069 1474 2204 1546 (27),
2236 1474 2428 1529 vicem
2464 1474 2810 1545 parentibus
2841 1472 3092 1530 reddere
3114 1488 3219 1543 pro
3241 1468 3646 1543 generationis

221 1577 514 1632 beneficio
546 1575 773 1642 volens,
806 1574 941 1628 illos
971 1571 1390 1646 appellationis
1421 1571 1598 1641 hujus
1628 1565 1949 1639 participes
1981 1564 2196 1619 effecit.

296 1669 440 1721 XIV.
483 1666 603 1720 Hoc
630 1665 831 1734 itaque
855 1661 1030 1717 modo
1055 1669 1112 1716 et
1139 1678 1209 1716 ex
1243 1658 1610 1731 hujusmodi,
1633 1661 1701 1711 ut
1727 1654 1881 1710 dixi-
1911 1661 1957 1723 Β

237 1774 390 1823 mus,
419 1754 784 1826 genitoribus
814 1751 1302 1807 venustissimum
1337 1753 1608 1802 exortum
1644 1751 1731 1800 est
1758 1760 1890 1815 ger-

237 1863 394 1912 men,
429 1843 587 1916 quod
613 1843 776 1898 suavi
809 1842 989 1897 odore
1040 1857 1148 1896 suo
1173 1840 1514 1894 universum
1547 1831 1892 1892 exhilaravit

231 1941 522 1990 terrarum
536 1933 941 2001 orbem,atque
957 1935 1167 1984 aestum
1185 1927 1460 1982 restinxit
1482 1923 1887 1995 cupiditatum,

239 2031 298 2079 et
319 2023 672 2078 alimentum
705 2035 885 2091 supra
905 2035 1146 2074 omnem
1177 2015 1543 2088 intelligendi
1563 2029 1631 2069 ac
1655 2009 1890 2066 dicendi

227 2114 345 2167 vim
368 2109 783 2166 suavissimum
834 2109 1087 2180 praebuit
1119 2125 1131 2162 :
1166 2109 1430 2162 humana
1461 2102 1700 2160 scilicet
1729 2102 1888 2171 (pro.

230 2201 362 2272 diit)
391 2199 608 2272 proles,
641 2200 898 2254 novitate
931 2215 1038 2252 sua
1066 2195 1420 2269 percellens,
1470 2210 1537 2248 ac
1596 2189 1890 2261 stupenda

234 2305 480 2363 prorsus
524 2305 536 2344 :
571 2306 702 2359 quae
734 2287 858 2343 sola
903 2286 1173 2342 homines
1221 2303 1256 2341 a
1320 2287 1438 2340 Deo
1471 2279 1892 2337 miserabiliter

233 2384 497 2436 extorres
535 2379 667 2450 (28),
695 2393 962 2448 quosque
1011 2392 1205 2446 neque
1253 2373 1490 2443 costum,
1522 2385 1718 2442 neque
1777 2366 1887 2432 sol,

234 2485 429 2540 neque
453 2467 573 2522 alia
630 2484 724 2522 res
783 2465 908 2522 ulla
959 2465 1230 2529 visibilis,
1264 2464 1383 2518 imo
1441 2477 1634 2532 neque
1683 2473 1890 2512 omnes

233 2559 413 2614 simul
434 2563 722 2613 creaturas
780 2557 842 2610 in
900 2557 1012 2610 hoc
1062 2554 1496 2626 conspirantes,
1553 2549 1648 2622 (ad
1678 2545 1886 2616 Deum)

230 2654 332 2703 aut
351 2647 633 2702 reducere
655 2651 756 2701 aut
781 2645 991 2701 saltem
1009 2643 1319 2716 paululum
1345 2641 1640 2698 attrahere
1662 2634 1892 2708 potuis—

2061 1657 2159 1709 IA’.
2186 1649 2346 1708 Ἀλλ’
2381 1649 2555 1713 οὕτως
2585 1649 2693 1722 ἤδη
2727 1651 2816 1706 καὶ
2850 1651 2910 1706 ἐκ
2951 1655 3240 1717 τοιούτων,
3295 1649 3369 1709 ὡς
3403 1649 3431 1700 6
3474 1644 3656 1722 λόγος

2001 1737 2188 1813 ἔδειξε,
2217 1743 2463 1816 πατέρων
2515 1743 2550 1811 ἡ
2608 1741 2878 1811 καλλίστη
2940 1736 3255 1816 ’,εγέννηται
3317 1735 3556 1814 βλάστη,
3616 1739 3651 1806 ἡ

1997 1832 2096 1899 τήν
2187 1829 2514 1904 οἰκουμένην
2601 1829 2960 1904 εὐωδιάσασα,
3044 1831 3136 1886 καὶ
3209 1835 3306 1885 τοῦ
3371 1829 3650 1890 καύσωνος

1999 1918 2400 1972 κατασκιάσασα
2427 1923 2534 1973 τῶν
2583 1921 2790 1987 παθῶν,
2850 1920 2940 1973 καὶ
2987 1919 3195 1996 τροφὴν
3221 1915 3448 1988 ἡδίστην
3515 1917 3649 1991 ὑπὲρ

1998 2011 2124 2061 νοῦν
2183 2006 2424 2080 θρέψασα
2480 2007 2570 2062 καὶ
2647 2006 2987 2084 ἆπόρῥητον,
3045 2008 3073 2062 ὁ
3131 2027 3502 2082 καινοπρεπης
3561 2001 3651 2059 καὶ

1998 2093 2230 2168 ἐξαίσιος
2295 2093 2604 2172 ἄνθρωπος,
2664 2098 2724 2160 ὃς
2809 2095 2876 2166 δὴ
2966 2097 3132 2170 μόνος
3213 2097 3305 2152 τὸν
3365 2093 3649 2170 ἄνθρωπον

1997 2183 2249 2247 ἐλεεινῶς
2303 2191 2436 2241 Θεοῦ
2494 2183 2852 2262 χωρισθέντα,
2921 2185 2978 2241 δν
3039 2183 3162 2242 οὔτε
3221 2185 3474 2260 οὐρανὸς,
3529 2180 3652 2238 οὕτε

1998 2271 2342 2345 ἥλιος,οῧτε
2396 2297 2448 2331 τι
2503 2280 2611 2332 τῶν
2667 2275 2980 2353 ὁρωμένων,
3041 2272 3153 2332 οὔτ’
3212 2275 3264 2330 εἷ’
3311 2296 3369 2350 γε
3407 2280 3548 2330 πᾶσα
3614 2277 3651 2344 ἡ

1999 2363 2173 2426 κτίσις
2205 2367 2534 2442 συνήρχετο,
2593 2369 2628 2436 ἤ
2684 2371 3030 2443 συναγαγεῖν,
3085 2363 3122 2436 ἤ
3157 2366 3350 2440 μικρόν
3381 2386 3434 2420 τι
3467 2367 3650 2438 ψυχα-

1997 2459 2247 2528 γωγῆσαι
2319 2452 2656 2526 δεδύνηνται,
2706 2457 2900 2510 τοῦτον
2959 2454 3091 2529 ὑπὲρ
3151 2453 3314 2530 λόγον
3375 2452 3450 2513 εἷς
3510 2450 3653 2525 μέλη

2000 2546 2135 2597 Θεοῦ
2195 2543 2524 2616 μετέπλασε·
2583 2547 2692 2598 τῶν
2751 2543 2854 2620 γὰρ
2920 2542 3086 2598 αὐτοῦ
3169 2541 3350 2616 μελῶν
3408 2539 3652 2615 κεφαλὴν

2000 2629 2282 2696 ἐπεκάθισε
2305 2635 2396 2688 τὸν
2432 2632 2728 2703 Δεσπότην.

229 2741 386 2804 sent,
421 2736 556 2807 ipsa
595 2734 883 2790 ineffabili
911 2734 1090 2790 modo
1117 2731 1555 2790 transformavit
1585 2729 1647 2782 in
1686 2725 1788 2781 Dei
1822 2720 2110 2790 membra,
2143 2739 2276 2778 cum
2301 2724 2530 2780 scilicet
2550 2723 2752 2780 divino
2774 2723 2912 2778 huic
2934 2739 3002 2779 ac
3031 2723 3283 2794 mystico
3316 2721 3550 2793 corpori
3579 2737 3651 2774 ex

237 2825 582 2881 hominibus
625 2830 904 2897 tanquam
928 2824 1211 2880 membris
1250 2817 1680 2894 compingendo
1712 2815 1843 2888 ipsa
1876 2811 2194 2868 Dominum
2227 2819 2510 2886 tanquam
2539 2819 2716 2886 caput
2745 2813 3049 2897 imposuit.

305 2915 369 2969 Id
399 2931 534 2971 vero
567 2914 678 2969 hoc
707 2921 879 2985 pacto
907 2914 1045 2967 licet
1066 2911 1520 2983 perspicere.Ab
1543 2909 1713 2962 initio
1737 2909 1890 2961 Deus
1922 2901 1966 2966 C

235 3005 526 3060 Adamum
549 3021 580 3058 e
612 3009 771 3056 terra
788 3001 1090 3065 formavit,
1123 3005 1300 3070 atque
1355 2997 1536 3068 hujus
1589 3000 1754 3050 costa
1785 2995 1886 3048 Ad-

220 3094 430 3163 jutorii
458 3091 631 3163 (Eva)
662 3093 855 3144 mater
883 3091 993 3160 (29)
1044 3087 1200 3142 facta
1253 3091 1361 3140 est.
1399 3087 1720 3155 Postquam
1753 3099 1890 3137 vero

234 3180 388 3252 lapsi
418 3179 457 3233 ii
491 3183 650 3246 sunt,
684 3179 860 3247 Deus,
893 3182 961 3231 ut
1003 3192 1220 3230 novum
1252 3174 1536 3230 conderet
1562 3173 1891 3240 hominem,

238 3285 442 3340 neque
464 3273 684 3324 terram
726 3267 941 3322 iterum
999 3265 1340 3337 assumpsit,
1381 3280 1518 3319 nam
1551 3267 1756 3318 contra
1785 3267 1896 3316 ter-

238 3376 366 3415 ram
397 3363 466 3412 ut
519 3357 700 3412 nimis
755 3355 998 3410 labilem
1047 3353 1242 3410 stabat
1277 3353 1668 3426 praescriptio,
1701 3368 1895 3422 neque

230 3446 572 3504 membrum
639 3445 880 3516 aliquod
938 3443 1196 3498 hominis
1236 3443 1370 3516 (30),
1431 3442 1518 3496 vel
1571 3441 1893 3497 universim

241 3535 470 3606 aliquid
526 3534 916 3606 hujusmodi;
963 3550 1103 3588 nam
1158 3533 1265 3604 (uti
1325 3532 1565 3603 quidem
1644 3531 1894 3604 videtur)

239 3625 366 3694 ipse
399 3639 634 3693 quoque
666 3622 773 3686 vir,
816 3625 1020 3692 utpote
1051 3624 1213 3676 costa
1241 3620 1614 3686 imminutus,
1646 3626 1892 3691 praster-

240 3711 519 3768 mittitur.
552 3713 767 3766 Verum
797 3711 1096 3766 enimvero
1127 3709 1432 3782 quidpiam
1464 3708 1711 3780 aliquid,
1736 3709 1893 3779 quod

236 3817 432 3872 neque
493 3818 523 3856 e
582 3805 744 3856 terra
789 3801 982 3873 primo
1041 3804 1414 3872 compactum
1472 3804 1648 3866 esset,
1697 3815 1892 3870 neque

2071 2901 2138 2955 Ὃ
2171 2898 2236 2968 δὴ
2272 2899 2504 2956 συνιδεῖν
2536 2899 2710 2963 οὕτως
2777 2894 2970 2958 ἔνεστι.
3031 2898 3263 2954 Πλάττει
3295 2898 3392 2970 μὲν
3457 2895 3518 2950 ἐκ
3545 2901 3660 2971 γῆς

2005 2989 2032 3042 6
2087 2991 2216 3051 Θεὸς
2273 2987 2326 3043 ἒν
2382 2989 2682 3065 ἀρχῇτὸν
2741 2988 2938 3064 Ἀδὰμ,
2984 2995 3084 3059 τῆς
3117 2987 3174 3044 δὲ
3233 2989 3438 3063 βοηθοῦ
3467 2988 3653 3060 μήτηρ

2003 3078 2039 3146 ἡ
2073 3078 2268 3132 τούτου
2299 3073 2615 3150 κατεϐλήθη
2665 3079 2897 3153 πλευρά.
2957 3078 3108 3136 Ἐπεὶ
3149 3074 3194 3131 δ’
3225 3075 3655 3144 ἐκπεπτώκασιν,

2004 3162 2128 3220 οῦτε
2156 3169 2262 3243 γῆς
2313 3166 2469 3232 αὖθις
2518 3165 2715 3239 ἐδεήθη
2777 3169 2928 3238 Θεὸς,
2971 3165 3064 3222 ἵνα
3110 3165 3223 3221 νέον
3281 3163 3655 3240 ἀπεργάσηται

2003 3253 2308 3330 ἄνθρωπον·
2345 3257 2418 3318 ὡς
2475 3256 2578 3333 γὰρ
2632 3254 2910 3312 εῦπτωτον
2975 3255 3137 3310 οἱονεὶ
3185 3255 3276 3309 τὸν
3317 3257 3453 3328 χοῦν
3487 3273 3656 3328 παρε-

2004 3343 2274 3421 γράψατο,
2307 3342 2429 3402 οὔτε
2462 3344 2666 3419 μέλους
2717 3343 2930 3422 ἀνδρὸς,
2987 3346 3024 3414 ἤ
3077 3343 3211 3400 ὅλου
3241 3343 3514 3399 τοιούτουο
3577 3343 3653 3403 ὡς

2005 3432 2148 3491 ἔοικε
2174 3436 2300 3511 γὰρ,
2332 3435 2423 3491 ’ἁτε
2455 3433 2521 3505 δὴ
2553 3436 2652 3506 τὴν
2676 3435 2916 3511 πλευρὰν
2949 3433 3186 3504 ἒλλιπὴς
3219 3434 3247 3488 ὁ
3299 3432 3460 3506 ἀνὴρ,
3499 3451 3648 3507 παρ-

2004 3530 2192 3602 ορᾶται
2238 3525 2330 3581 καὶ
2384 3525 2563 3590 οὗτος.
2625 3525 2781 3582 Ἀλλ’
2839 3526 2868 3580 ὅ
2929 3525 3061 3597 μήτ’
3117 3523 3178 3580 ἐκ
3257 3530 3360 3599 γῆς
3439 3526 3654 3598 πρῶτον

2005 3617 2252 3686 συνέστη,
2288 3617 2428 3688 μήτε
2481 3635 2534 3669 τι
2589 3618 2696 3670 τῶν
2761 3610 2944 3687 μελῶν
3012 3613 3314 3692 ἀφῄρηται,
3346 3609 3430 3682 εἷή
3464 3607 3511 3665 δ’
3541 3607 3655 3664 οὐδ’

2003 3705 2063 3762 ἄν
2099 3703 2175 3776 ἓν,
2209 3706 2310 3781 οὐχ
2343 3703 2400 3760 ἓν
2451 3726 2504 3760 τι
2534 3709 2642 3760 τῶν
2673 3703 2917 3760 ἁπάντων
2958 3705 3094 3780 πρὸς
3152 3703 3300 3758 ταῦτ’
3331 3701 3654 3772 οἰκειότερον

2002 3800 2038 3870 ἢ
2070 3801 2104 3867 ἡ
2139 3796 2431 3872 Παρθένος’
2489 3793 2613 3850 οὕτε
2658 3795 2761 3870 γὰρ
2815 3793 2874 3850 ἐκ
2931 3802 3058 3871 γῆς,
3122 3795 3196 3856 ὡς
3255 3793 3445 3862 εἷπεῖν,
3474 3790 3544 3846 δι’
3590 3792 3650 3846 6'v

237 3889 524 3947 membris
554 3890 855 3960 deficeret,
889 3889 1041 3946 nihil
1094 3906 1166 3944 ex
1200 3888 1486 3944 omnibus
1527 3890 1602 3944 ad
1632 3889 1689 3943 id
1721 3895 1891 3964 magi:

2004 3908 2168 3970 ρημεν
2201 3884 2430 3960 τρόπον,
2463 3883 2553 3939 καὶ
2613 3883 2746 3959 ὑπὲρ
2793 3885 2999 3940 ἅπασαν
3048 3883 3220 3939 κτίσιν
3281 3880 3638 3950 τελειοτάτη,

1598 4022 1743 4078 Ant.
1792 4016 2092 4080 Ballerini
2133 4019 2330 4076 notae.

230 4141 402 4230 titulo
461 4138 594 4194 festi
632 4137 972 4262 6peragendi
999 4137 1242 4226 ‘legitur
1275 4155 1286 4192 :
1324 4138 1446 4194 Τῶν
1479 4139 1649 4213 ἁγίων
1677 4141 1768 4194 καὶ
1799 4138 1878 4196 δι·
1911 4145 1956 4210 D
1989 4141 2029 4196 ii
2061 4141 2529 4210 interpretentur
2554 4138 2796 4192 Patrum
2825 4137 3170 4202 sententias,
3227 4136 3327 4207 qui
3365 4136 3632 4208 proposi.

231 4230 397 4262 καιων
428 4219 627 4262 θεοπατ
668 4228 773 4262 οων
827 4215 1064 4262 Ιωακειυ,
1105 4208 1194 4262 καὶ
1258 4209 1464 4262 ’Ἀννην
1499 4230 1512 4262 :
1549 4213 1880 4262 Sanctorum
1993 4213 2188 4262 tiones
2209 4209 2514 4262 emclusivas
2540 4207 2900 4262 rieidissime
2949 4208 3035 4262 sic
3091 4209 3412 4262 accipiunt.
3443 4214 3510 4262 ut
3539 4224 3632 4262 eas

231 4210 397 4264 καίων
428 4206 773 4281 θεοπατᾶρων
799 4206 1064 4277 Ἶωακεὶμ
1091 4206 1194 4262 διαὶ
1258 4209 1464 4278 "Avqu
1499 4206 1880 4268 {Sanctorum

235 4289 288 4337 et
302 4286 582 4353 justorum
611 4281 897 4353 Joachimi
917 4289 969 4334 et
997 4282 1170 4336 Annae
1198 4282 1422 4336 Domini
1439 4287 1881 4353 progenitorum.

233 4351 392 4408 Et'iu
415 4353 696 4424 Tropario
729 4352 804 4407 ad
871 4351 1049 4406 finem
1109 4354 1416 4424 Vesp‘erar.
1444 4351 1467 4407 ':
1500 4351 1620 4424 Τῷν
1655 4351 1879 4409 δικαίων

232 4445 371 4496 σου,⁸
434 4421 622 4495 Κύριε,
677 4424 776 4492 τήν
832 4421 1482 4496 μνήμην-ἑορτάζοντες,
1560 4421 1628 4478 δι’
1704 4425 1890 4482 αὐτῶν

237 4516 294 4549 σε
351 4491 741 4568 δυσωττοῦμεν,
793 4491 965 4548 σῶσον
1016 4491 1392 4568 τὰςλψυχάς
1471 4491 1654 4566 ἡμῶν.
1708 4500 1889 4553 111810-

229 4585 352 4623 rum
432 4566 648 4624 tuorum
695 4569 1020 4640 memoriam,
1071 4566 1416 4637 celebrantes,
1473 4584 1579 4636 per
1635 4571 1780 4640 ipsos
1839 4575 1887 4624 te

233 4640 516 4694 humiliter
572 4656 881 4705 exoramus,
937 4639 1092 4694 salva
1148 4641 1364 4692 animas
1417 4645 1656 4695 nostras.
1721 4640 1883 4696 Idem

231 4710 451 4780 passim
484 4713 736 4765 recurrit
765 4712 825 4765 in
855 4709 1210 4766 dimissoriis
1263 4709 1634 4780 liturgiarum
1667 4717 1726 4770 et
1753 4712 1880 4767 offi-

235 4782 484 4842 ciorum,
513 4781 616 4836 ubi
645 4783 1013 4838 Joachimum
1045 4787 1103 4837 et
1149 4784 1380 4836 Annam
1413 4783 1882 4840 antonomastico

221 4855 401 4922 justas
427 4851 756 4922 appellatos
784 4852 980 4908 videre
1021 4859 1129 4909 est.

301 4924 413 4994 ('27)
447 4919 910 4996 Vigilantissimo
939 4925 1115 4996 verbo
1157 4919 1404 4996 διέκυψεν
1435 4941 1581 4980 usus
1638 4932 1728 4981 est
1782 4926 1884 4980 Isi-

232 4993 605 5068 dorus,quod_
618 4993 858 5068 scilicet
895 4993 966 5047 ad
997 4996 1230 5066 rei,qua
1260 4993 1333 5051 de
1363 4997 1574 5068 agitur,
1593 4997 1882 5067 originem

229 5070 405 5141 atque
431 5065 738 5141 exordium
761 5065 1038 5141 refertur.
1070 5065 1147 5141 Et
1169 5083 1309 5141 sane
1331 5065 1453 5141 nisi
1483 5068 1558 5122 ad
1593 5065 1883 5141 originem

231 5135 426 5212 Marias
453 5137 514 5192 id
540 5138 820 5212 referas,_
839 5136 939 5212 qui
983 5135 1157 5190 facile
1187 5137 1513 5212 admiserit,
1545 5144 1612 5212 ut
1641 5135 1754 5212 ip'si
1782 5140 1884 5194 soli

217 5208 458 5278 justitia
477 5209 775 5264 tribuatur
795 5207 824 5262 Ἰ
855 5209 1069 5262 Verum
1102 5223 1212 5262 nec
1234 5206 1379 5261 illud
1401 5206 1881 5266 consideratione

229 5285 416 5354 vacat,
444 5281 602 5351 quod
619 5279 801 5334 Maria
819 5295 940 5354 non
963 5281 1122 5354 justa
1154 5278 1500 5354 sedjustitiai
1519 5281 1649 5352 ipsa
1679 5282 1885 5354 appel-

224 5349 399 5425 latur,
427 5349 548 5425 quo
581 5367 795 5422 nempe
823 5351 1110 5418 innuitur,
1153 5349 1452 5425 justitiam
1483 5349 1570 5425 ita
1615 5349 1881 5425 Dei—paras

226 5421 537 5479 inhaesisse
569 5421 896 5494 semper,ut
922 5437 1231 5495 nunquam
1257 5421 1493 5495 Mariam
1515 5423 1629 5476 nisi
1646 5421 1883 5495 justitia

228 5501 558 5567 exornatam
571 5493 1230 5567 reperias,autcogi_tare
1243 5493 1729 5567 possis.Denique
1743 5497 1884 5552 licet

227 5565 322 5620 hic
341 5583 546 5622 rursus
565 5564 933 5638 perpendere
957 5564 1114 5636 quod
1134 5564 1279 5620 alias
1301 5564 1712 5637 monui,quam
1733 5584 1878 5624 vane

1993 4213 2188 4267 tiones
2209 4207 2900 4280 émclusivasrigidissime
2949 4208 3035 4263 sic
3091 4207 3412 4280 accipiunt,
3443 4214 3510 4263 ut
3539 4224 3636 4262 eas

1995 4283 2070 4339 ad
2101 4297 2480 4338 communem
2516 4279 2804 4347 fidelium,
2835 4295 3090 4350 quorum
3140 4279 3380 4334 auribus
3402 4280 3645 4335 insona-

1995 4355 2409 4422 bant.sensum
2441 4350 2675 4422 exigere
2703 4351 3020 4421 negligant.
3043 4353 3246 4422 Nonne
3277 4351 3438 4406 enim
3470 4352 3647 4422 plane

1995 4425 2342 4496 blasphema
2372 4421 2825 4496 dicenda__esset
2857 4423 2981 4476 haec
3037 4421 3246 4476 Isidori
3297 4421 3646 4496 propositio,

1995 4513 2112 4568 qua
2129 4493 2220 4568 'de
2239 4511 2374 4548 sou
2409 4495 2589 4568 Maria
2611 4493 2848 4559 dicitur,
2881 4498 3151 4568 ex_or_t_am_
3166 4493 3350 4568 verum
3370 4495 3647 4568 justitiam

1992 4564 2175 4623 fuisse
2200 4567 2291 4622 ?A
2324 4566 2450 4638 pari
2478 4566 2657 4638 igitur
2715 4565 2956 4638 non_ad_
3015 4565 3208 4638 Mariae
3257 4564 3644 4638 ignominiam

1993 4633 2396 4711 pertrahenda
2417 4633 2710 4711 suntquae
2737 4633 3028 4711 exclusive
3053 4633 3377 4711 de_Christo
3401 4636 3647 4711 Domino

1996 4707 2174 4766 etiam
2202 4711 2264 4764 in
2297 4709 2479 4764 sacris
2513 4707 2748 4762 Litteris
2794 4707 3074 4761 dicuntur
3103 4709 3148 4777 (1
3209 4711 3356 4762 Petr.
3389 4724 3453 4776 ιι,
3503 4707 3594 4778 22)
3629 4722 3644 4761 :

1995 4785 2100 4847 Qui
2119 4786 2406 4852 peccatum
2434 4795 2547 4834 non
2571 4781 2726 4848 fecit,
2758 4793 2856 4833 nec
2886 4778 3144 4834 inventus
3174 4785 3252 4833 est
3283 4779 3441 4833 dolus
3467 4781 3528 4833 in
3558 4795 3650 4833 ore

1993 4869 2130 4908 eius.

2205 4923 2292 4976 En
2323 4920 2429 4974 tibi
2461 4935 2668 4993 rursus
2701 4920 3002 4993 Yirginem
3035 4921 3348 4993 Deiparam
3371 4920 3545 4993 plane
3577 4920 3648 4976 ab

1994 4991 2452 5065 iis‘sejunctam,
2485 4991 2585 5065 qui
2617 5006 2651 5065 a
2706 4991 2825 5065 Deo
2875 4991 3161 5065 extorres,
3188 4991 3394 5062 utique
3425 4991 3498 5047 ob
3524 4993 3644 5064 pri-

1991 5061 2533 5134 mam'originalem
2561 5061 2757 5134 labem
2775 5062 3210 5117 describuntur.

2066 5137 2172 5204 (29)
2205 5133 2368 5189 Sicut
2397 5133 2670 5204 superius
2691 5133 2840 5204 (cap.
2868 5135 2921 5197 9)
2955 5139 3172 5190 terram
3195 5139 3400 5188 auctor
3419 5133 3648 5188 dixerat

1992 5203 2305 5279 parentem
2351 5203 2516 5279 Adae,
2563 5203 2716 5279 quia:
2759 5203 2854 5259 hic
2887 5221 2916 5260 e
2965 5211 3125 5279 terra
3154 5205 3482 5279 plasmatus
3511 5203 3641 5279 fuit,

1993 5275 2268 5334 eumdem
2292 5277 2355 5330 in
2384 5277 2627 5332 modum
2659 5276 2756 5331 hic
2777 5283 3001 5332 costam
3032 5277 3263 5336 Adami.
3288 5282 3346 5330 et
3377 5293 3495 5346 qua
3520 5275 3639 5330 for-

1993 5355 2152 5404 mata
2187 5354 2276 5402 est
2303 5351 2436 5415 Eva,
2471 5347 2655 5418 ipsius
2686 5350 2814 5402 Evae
2844 5348 3147 5418 (adjutorii
3184 5347 3410 5402 scilicet
3453 5363 3488 5402 a
3522 5348 3634 5400 Deo

1989 5421 2132 5476 Adae
2165 5420 2404 5490 provisi)
2435 5424 2684 5474 matrem
2719 5419 2995 5490 appellat.

2063 5487 2182 5563 (30)
2193 5487 2414 5562 Nempe
2431 5491 2584 5546 sicut
2609 5487 2780 5546 condi
2791 5487 2850 5546 ta
2862 5490 2971 5546 fuit
2991 5493 3109 5546 Eva
3135 5507 3164 5544 e
3183 5488 3450 5544 membro
3465 5487 3603 5542 Adae
3617 5526 3629 5542 .

4020 147 4052 186 κὰ
