4104 6300
350 369 430 432 39

1499 370 1788 432 ISIDORI
1832 371 2625 438 THESSALONIGENSIS

3684 395 3765 454 40

422 501 709 558 Omnibus
735 499 914 573 igitur
942 501 1272 557 rationibus
1323 503 1653 574 perpensis,
1701 504 1966 560 laudatis

2120 593 2141 595 μ
2178 505 2380 595 Πάσαις
2436 509 2614 564 τοίνυν
2674 511 2879 585 ψήφοις
2959 513 3231 591 ἄφθαρτος
3289 519 3324 588 ἡ
3383 520 3756 595 πανύμνητος,

351 592 503 647 sima
534 591 633 646 illa
662 607 784 646 non
815 591 989 645 modo
1033 590 1524 662 incorruptibilis,
1577 608 1692 662 quo
1742 592 2002 648 diximus

349 680 546 749 modo,
581 679 957 752 praedicanda
985 687 1094 747 est,
1135 679 1238 734 sed
1268 679 1512 751 insuper
1541 681 1828 753 angelicis
1858 699 2002 752 quo-

351 786 466 841 que
495 769 803 824 ordinibus
835 769 1033 840 hujus,
1070 785 1249 840 quam
1271 769 1680 839 meminimus,
1714 771 1989 826 incorru-

2111 593 2171 648 ὅν
2202 594 2496 672 εἰρήκαμεν
2521 600 2742 669 τρόπον·
2777 601 2868 656 καὶ
2909 603 2974 658 σὺ
3016 608 3179 660 τοῦτο
3227 607 3420 679 μόνον,
3470 593 3632 666 ἀλλὰ
3667 593 3758 668 καὶ

2107 680 2426 778 ἀφθαρσίας,
2457 688 2524 778 ἤν
2557 689 2586 743 ὁ
2619 687 2786 766 λόγος
2816 688 3032 763 ἔδειξεν,
3092 693 3236 749 αίτία
3287 700 3366 768 τῷ
3419 704 3599 772 νοητῷ
3641 701 3762 778 φαί-

2105 792 2254 862 νεται
2313 771 2615 850 διακόσμῳ,
2661 779 2736 842 ὡς
2780 780 2869 836 καὶ
2922 783 3207 856 γενέσεως,
3268 787 3351 848 οἷς
3409 787 3543 862 ὑπὲρ
3575 771 3759 846 τοῦτο

349 859 680 930 ptibilitatis
705 858 818 913 fuit
838 859 1083 925 auctrix,
1107 857 1608 928 quemadmodum
1633 865 1921 930 prmterea
1941 877 1966 914 ε

2106 855 2370 918 δέδεικται
2400 869 2582 922 πᾶσιν.

346 949 524 1005 rebus
554 948 851 1014 omnibus,
884 947 954 1002 de
987 946 1201 1016 quibus
1231 947 1458 1002 dictum
1491 952 1601 1015 est,
1663 948 1996 1004 existentiaa

347 1055 525 1094 causa
551 1037 794 1094 exstitit.

418 1129 616 1183 XVIII.
655 1129 864 1181 Verum
897 1142 1015 1196 quo
1047 1126 1289 1182 tandem
1317 1126 1613 1198 quispiam
1640 1127 1994 1196 nomine,ne

344 1216 489 1289 quid
517 1215 696 1271 nimis
728 1216 884 1270 infra
913 1215 1263 1286 dignitatem
1300 1215 1410 1270 fari
1461 1215 1749 1284 videatur,
1799 1233 1994 1272 sacra-

341 1306 642 1362 tissimum
661 1306 774 1360 hoc
803 1321 872 1359 ac
916 1303 1094 1374 plane
1139 1303 1576 1375 dignissimum,
1634 1304 1792 1376 quod
1840 1306 1993 1360 Deus

341 1394 1009 1466 eﬂ'ormaverit,germen
1023 1393 1380 1464 compellare
1399 1393 1624 1464 possit?
1640 1396 1754 1449 Aut
1775 1393 1992 1465 quibus

343 1505 474 1544 eam
529 1487 807 1543 laudibus
863 1483 1130 1554 undique
1170 1501 1546 1553 exornemus,
1579 1501 1614 1539 a
1645 1502 1762 1556 qua
1810 1485 1990 1540 tantis

339 1577 650 1633 beneficiis
681 1574 964 1631 cumulati
997 1590 1202 1629 sumus
1223 1574 1251 1628 ‘l
1280 1573 1336 1628 Si
1387 1575 1468 1629 ita
1519 1574 1706 1642 vobis,
1751 1573 1985 1644 fratres,

339 1666 845 1739 quemadmodum
876 1671 1036 1720 certe
1068 1669 1127 1720 et
1154 1665 1323 1730 mihi,
1357 1665 1608 1733 videtur,
1666 1681 1769 1736 pro
1819 1681 1985 1720 acce-

333 1757 450 1828 ptis
483 1756 554 1810 ab
587 1773 656 1812 ea
683 1754 990 1809 beneficiis
1033 1753 1212 1809 simul
1261 1770 1397 1808 cum
1449 1753 1672 1824 angelis
1720 1754 1878 1824 (nam
1927 1757 1984 1808 et

333 1847 571 1919 angelos
583 1846 820 1917 hymnis
834 1844 1214 1915 purissimam
1230 1844 1388 1899 illam
1406 1844 1704 1900 celebrare
1714 1844 1850 1899 mihi
1865 1861 1986 1899 cer-

331 1941 460 1991 tum
483 1935 591 2008 est)
605 1935 870 1990 divinum
889 1933 1058 1988 illum
1073 1934 1351 1988 nuntium
1369 1934 1630 2006 Deiparaa
1645 1939 1982 2006 repetamus

334 2025 470 2093 Ave,
500 2026 691 2094 gratia
711 2023 886 2093 plena
915 2020 983 2087 ’0,
1003 2039 1110 2093 per
1140 2038 1319 2092 quam
1341 2022 1538 2077 omnis
1561 2029 1832 2079 creatura
1845 2039 1982 2094 gau—

330 2113 464 2179 det;
495 2115 755 2168 Dominus
785 2118 982 2180 tecum,
1014 2109 1116 2182 qui
1147 2110 1254 2165 tibi
1305 2112 1494 2166 adfuit
1523 2117 1579 2166 et
1609 2118 1747 2168 ante
1776 2112 1978 2183 vitam,

327 2208 387 2258 et
417 2218 552 2258 cum
584 2202 782 2274 genita
813 2218 898 2268 es,
931 2206 989 2256 et
1020 2205 1157 2256 ante
1212 2200 1650 2270 salutationem,
1700 2207 1760 2257 et
1786 2202 1845 2256 in
1877 2203 1979 2259 illa

328 2296 388 2347 et
415 2291 532 2347 alio
553 2291 732 2346 modo
753 2296 887 2360 post
910 2289 1071 2345 illam
1104 2289 1244 2362 (42).
1269 2292 1380 2345 Pro
1411 2290 1722 2346 beneficiis
1752 2296 1976 2358 autem,

327 2383 545 2454 quibus
576 2381 648 2436 ab
679 2398 750 2436 ea
779 2381 948 2436 ditati
981 2396 1210 2444 sumus,
1241 2380 1640 2452 nosmetipsos
1664 2381 1727 2435 in
1761 2397 1829 2436 ea
1851 2398 1979 2436 ser-

327 2488 533 2526 vemus
563 2471 842 2538 novitate,
876 2485 1052 2541 quam
1081 2487 1186 2541 per
1214 2470 1729 2541 regenerationem
1777 2471 1976 2542 adepti

327 2577 564 2628 sumus;
599 2577 791 2631 neque
825 2559 986 2615 enim
1019 2558 1136 2614 alia
1161 2574 1223 2613 re
1266 2559 1452 2630 magis
1484 2559 1978 2614 innocentissima

321 2649 427 2704 illa
455 2649 802 2704 delectatur.
851 2647 1020 2712 Quod
1051 2648 1279 2702 utinam
1331 2647 1567 2718 assequi
1613 2664 1973 2718 mereamur,

319 2739 600 2810 precibus
632 2737 1172 2793 intemeratissimaa
1204 2741 1380 2808 atque
1429 2737 1822 2793 immaculatae
1871 2737 1974 2793 Dei

322 2828 503 2895 Filias,
529 2828 604 2883 ad
623 2827 874 2900 gloriam
898 2826 1327 2898 omnipotentis
1349 2831 1408 2882 et
1429 2832 1650 2882 sanctas
1673 2826 1975 2883 Trinitatis

320 2917 614 2989 cuigloria
625 2917 876 2974 debetur
895 2918 956 2972 in
975 2917 1338 2989 sempiterna
1359 2917 1714 2972 seculorum
1733 2917 1969 2973 saecula.

319 3007 532 3062 Amen.

965 3131 1197 3186 SERMO
1237 3132 1306 3185 II.

310 3277 376 3331 1n
405 3277 706 3344 ingressum
749 3273 1271 3328 immaculatissimae
1312 3272 1560 3328 Domina
1602 3279 1810 3330 nostrae
1858 3273 1964 3329 Dei

383 3347 677 3402 Genitricis
733 3351 783 3399 et
836 3361 1047 3414 semper
1102 3345 1334 3413 virginis
1400 3346 1591 3400 Mariae
1630 3347 1705 3400 ad
1759 3346 1964 3400 Sancta

377 3423 708 3474 sanctorum.

380 3570 424 3624 Ι.
457 3568 964 3635 Quemadmodum
989 3568 1037 3622 si
1061 3583 1288 3624 sacram
1311 3584 1582 3624 mensam
1603 3573 1745 3624 tunc
1768 3569 1958 3624 solum

311 3658 648 3714 adeundam
681 3657 813 3730 quis
846 3657 1258 3725 arbitraretur,
1293 3673 1428 3712 cum
1457 3674 1524 3713 ea
1554 3657 1778 3728 omnia,
1826 3675 1958 3730 quas

309 3753 430 3804 tam
460 3747 698 3803 sublimi
729 3747 1014 3818 mysterio
1045 3751 1444 3802 consentanea
1474 3753 1632 3816 sunt,
1683 3753 1958 3804 accurate

307 3853 538 3893 servare
571 3837 682 3892 sibi
723 3835 1042 3904 videretur,
1104 3853 1433 3908 nunquam,
1483 3842 1549 3892 ut
1601 3837 1832 3908 opinor,
1882 3836 1958 3892 ad

305 3943 533 3983 ccenam
566 3927 821 3982 divinam
853 3927 1199 3982 accederet:
1225 3925 1548 3996 (quomodo
1572 3926 1731 3980 enim
1753 3926 1954 3994 homo,

303 4017 406 4086 qui
449 4033 643 4086 neque
693 4016 740 4069 si
789 4031 968 4069 unam
1021 4020 1247 4068 tantum
1301 4013 1459 4067 diem
1507 4014 1716 4070 vixerit
1743 4014 1812 4082 ⁵η,
1868 4015 1956 4069 uti

305 4121 474 4160 sacra
493 4103 734 4159 oracula
747 4103 1095 4173 loquuntur,
1121 4102 1248 4156 sine
1272 4102 1503 4158 macula
1523 4119 1652 4158 esse
1669 4102 1954 4174 creditur,

302 4192 768 4249 mundissimum
789 4190 937 4245 illud
953 4190 1326 4261 terrenisque
1346 4191 1624 4248 omnibus
1638 4191 1954 4247 sublimius

302 4289 594 4360 condigne
625 4288 915 4358 attingere
946 4303 1211 4357 unquam
1241 4287 1553 4343 videantur
1575 4289 1624 4360 ‘2)
1673 4290 1756 4344 ita
1794 4289 1953 4360 quis-

301 4380 436 4451 quis
450 4393 785 4434 sermonem
800 4377 911 4432 sibi
933 4376 1260 4447 praastituat
1280 4377 1617 4448 eﬂ‘erre,qui
1636 4379 1954 4449 purissima

301 4469 417 4540 (43)
449 4467 549 4522 illa
597 4472 656 4522 et
713 4465 814 4521 Dei
876 4463 1051 4518 Verbi
1111 4464 1407 4519 Genitrice
1465 4466 1796 4538 condignus
1855 4470 1951 4542 sit,

2251 1145 2262 1162 Ι
2343 1137 2356 1158 ν
2495 1139 2508 1156 ‘
2615 1140 2627 1162 Ι
2683 1139 2708 1162 ν
2982 1144 2998 1162 \
3343 1146 3354 1167 Ι
3654 1157 3677 1168 ν

2174 1139 2282 1194 ΠΙ.
2357 1136 2520 1195 Δλλα
2575 1161 2628 1196 τι
2677 1162 2737 1196 αν
2805 1163 2888 1206 τις
2944 1164 3006 1199 το
3067 1148 3526 1222 θεουργικωτατον
3581 1171 3746 1208 τουτο

2100 1231 2412 1304 προσειπὼν
2463 1228 2554 1285 καὶ
2609 1230 3220 1306 πλαστουργικώτατον,
3277 1236 3350 1298 ὡς
3392 1238 3583 1308 εἰπεῖν,
3627 1241 3748 1316 γέν-

2096 1340 2272 1393 νημα,
2307 1321 2384 1395 μὴ
2415 1319 2608 1395 πόρῥω
2647 1323 2746 1376 τοῖ’)
2789 1321 2925 1396 πρὸς
2973 1321 3122 1393 ἀξίαν
3168 1321 3338 1396 δόξειε
3388 1326 3644 1404 φράζειν;
3676 1331 3744 1386 ’Έ

2097 1408 2214 1464 τίνα
2263 1409 2324 1464 ἄν
2381 1409 2474 1464 τὸν
2513 1408 2702 1464 σῗκότα
2756 1409 3042 1481 πλέξαντες
3100 1411 3440 1488 ἀποδοίημεν
3496 1413 3738 1474 ἔπαινον.

2095 1497 2215 1564 ὅθεν
2272 1501 2504 1553 τοσαῦτα
2556 1497 3041 1574 εύηργετήθημενς
3104 1501 3260 1559 Ἀλλ’
3333 1503 3384 1560 εἴ
3434 1507 3525 1561 καὶ
3586 1508 3738 1580 ὑμῖν,

2093 1587 2343 1668 ἀδελφοὶ,
2377 1589 2452 1654 ὥς
2479 1610 2541 1664 γε
2568 1589 2736 1664 κάμοὶ
2770 1588 3038 1661 συνδοκεῖ,
3075 1593 3202 1668 ὑπὲρ
3243 1597 3337 1668 μὲν
3377 1601 3484 1651 τῶν
3534 1598 3737 1668 ταύτης

2093 1679 2336 1754 χαρίτων
2389 1684 2546 1754 κοινῇ
2593 1681 2710 1753 μετ’
2769 1679 3041 1755 ἀγγέλωνο
3093 1682 3350 1756 πείθομαι
3391 1687 3502 1760 γὰρ
3559 1687 3734 1744 κάκεί-

2089 1787 2211 1830 νους
2251 1769 2350 1838 τήν
2396 1769 2661 1844 πάναγνον
2719 1775 3024 1844 συνυμνεῖν·
3082 1771 3146 1826 τὸ
3201 1774 3344 1828 θεῖον
3405 1773 3576 1830 ἐκεῖνο
3625 1779 3732 1849 μή·

2089 1878 2233 1929 νυμα
2289 1861 2357 1932 τῇ
2416 1858 2663 1932 Θεοτόκῳ
2751 1859 3150 1934 προσείπωμεν·
3203 1867 3369 1936 Χαῖρε
3424 1883 3732 1940 κεχαριτω-

2093 1949 2252 2022 μένη,
2313 1946 2382 2004 δι’
2439 1953 2506 2020 ἧς
2565 1950 2746 2026 χαίρει
2805 1953 3296 2021 πᾶσαὴκτίσις·ὁ
3340 1956 3540 2031 Κύριος
3601 1959 3733 2030 μετὰ

2088 2043 2206 2110 σοῦ,
2266 2041 2326 2104 ὅς
2377 2061 2462 2094 σοι
2517 2048 2695 2116 παρῆν
2753 2041 2846 2096 καὶ
2901 2042 3006 2116 πρὸ
3091 2047 3186 2098 τοῦ
3245 2043 3392 2118 βίου,
3465 2047 3555 2101 καὶ
3612 2068 3734 2124 γεν-

2083 2129 2331 2205 νηθείσῃ,
2361 2131 2449 2186 καὶ
2482 2131 2588 2205 πρό
2645 2151 2707 2208 γε
2749 2135 2845 2186 τοῦ
2896 2131 3208 2206 ἀσπασμοῦ,
3270 2133 3360 2188 καὶ
3417 2137 3532 2190 κατ’
3590 2135 3730 2192 ἐκεῖ-

2082 2239 2173 2272 νον
2204 2216 2294 2290 δὴ,
2325 2219 2414 2274 καὶ
2450 2221 2565 2293 μετ’
2597 2218 2796 2275 ἐκεῖνον
2855 2217 3057 2296 τρόπον
3100 2218 3300 2297 ἕτερον.
3364 2225 3504 2280 ³Ανθ’
3553 2225 3627 2279 ὧν
3681 2222 3726 2279 δ’

2084 2305 2462 2382 ἀπελαύσαμεν
2493 2306 2710 2384 δωρεῶν
2743 2307 2965 2377 ἐκεῖθεν,
2997 2313 3146 2382 ἡμᾶς
3203 2310 3396 2372 αὐτοὺς
3447 2309 3729 2370 διασώσων

2086 2417 2206 2470 μεν,
2266 2395 2420 2460 οἵους
2481 2395 2569 2453 διὰ
2627 2405 2728 2468 τῆς
2784 2397 3182 2473 ἀναγεννῆσεως
3263 2399 3598 2476 ἐνεούρησεν’
3659 2403 3725 2457 οὗ

2086 2485 2298 2558 μᾶλλον
2333 2484 2518 2542 οὐδενὶ
2547 2485 2654 2542 τῶν
2699 2486 2950 2543 ἀπάντων
3006 2490 3040 2558 ἡ
3093 2489 3363 2565 πάναγνος
3405 2492 3608 2566 χαίρευ
3663 2491 3724 2546 οὗ

2079 2575 2169 2630 καὶ
2201 2581 2389 2651 τυχεῖν
2419 2577 2779 2650 ἀξιωθείημεν
2830 2575 3008 2640 λιταῖς
3055 2585 3155 2647 τῆς
3205 2579 3588 2654 παναχράντου
3639 2578 3730 2634 καὶ

2083 2666 2392 2740 ἀμωμήτου
2432 2663 2729 2730 Θεόπαιδος
2779 2667 2856 2730 εἰς
2907 2665 3064 2740 δόξαν
3109 2674 3211 2737 τῆς
3258 2673 3586 2732 πανσθενοῦς
3633 2669 3723 2724 καὶ

2081 2757 2240 2831 ἁγίας
2270 2754 2526 2832 Τριάδος,
2623 2757 2816 2833 πρὲπει
2849 2755 2976 2828 δόξα
3014 2757 3090 2820 εἷς
3141 2757 3474 2833 ἀπεράντους
3527 2758 3724 2822 αἰῶνας

2075 2849 2183 2900 τῶν
2213 2845 2444 2901 αἰώνων.
2480 2847 2653 2920 Ἀμήν
2666 2888 2678 2905 .

2718 3145 2946 3203 ΛΟΓΟΣ
2987 3145 3064 3202 B'.

2071 3290 2166 3351 Εἰς
2225 3289 2324 3358 τήν
2381 3289 2457 3362 εἷς
2523 3289 2592 3342 τὰ
2669 3289 2835 3362 ’Δγια
2905 3291 3049 3362 τᾶνᾲ
3089 3285 3254 3362 ἁγίων
3329 3285 3539 3362 εἴσοδον
3614 3295 3714 3362 τῆς

2143 3359 2579 3439 παναχρᾴντουῌ
2612 3359 2906 3439 Δεσποίνης
3027 3359 3185 3432 ἡμῶν
3269 3359 3532 3414 Θεοτόκου
3624 3359 3714 3414 καὶ

2142 3429 2493 3508 ἀειποὶρθένου
2523 3429 2763 3506 Μαρίας.

2139 3584 2223 3644 Δ’.
2255 3580 2508 3658 Καθάπερ
2539 3587 2607 3656 τῇ
2665 3583 2786 3655 ἱερᾷ
2831 3580 3070 3656 τραπέζῃ
3121 3581 3168 3637 εἰ
3213 3581 3337 3637 τότε
3392 3583 3554 3656 μόνον
3603 3581 3710 3639 δεῖν

2067 3694 2150 3736 τις
2183 3669 2320 3746 ᾤετο
2351 3669 2649 3748 προσιέναι,
2701 3669 2864 3738 ἡνίκα
2913 3667 2974 3724 ἄν
3032 3670 3172 3746 πρὸς
3227 3667 3400 3726 ἐκεῖνο
3454 3671 3517 3726 τὸ
3575 3670 3710 3745 ὕψος

2067 3761 2253 3817 ἑαυτὸν
2313 3754 2553 3836 ἀκριϐῶς
2607 3759 2854 3835 συνορῴη
2913 3758 2979 3813 τὰ
3033 3754 3217 3814 δέοντα
3274 3759 3486 3833 σώζειν,
3555 3756 3708 3815 οὐδὲ-

2066 3851 2189 3906 ποτ’
2221 3849 2283 3906 ἂν
2344 3846 2542 3926 ἔγγιον,
2609 3848 2795 3921 οἶμαι,
2851 3851 2948 3903 τοῦ
2996 3846 3142 3903 θείου
3197 3848 3411 3923 γένοιτο
3468 3845 3705 3905 δείπνου·

2065 3943 2172 3995 ποῦ
2209 3939 2313 4015 γὰρ
2340 3935 2646 4012 ἄνθρωπος,
2675 3935 2754 4005 ὅς,
2788 3932 2902 3992 οὐδ’
2957 3935 3004 3991 εἲ
3062 3935 3186 4010 μίαν
3240 3932 3522 4010 βεϐιωκὼς
3569 3940 3709 4012 ἡμὲ-

2067 4048 2163 4103 ραν
2195 4025 2305 4098 εἷή,
2337 4027 2410 4088 ὡς
2438 4025 2506 4082 τὰ
2553 4025 2670 4090 θεῖά
2725 4047 2857 4104 φησι
2914 4022 3102 4100 λόγια,
3153 4027 3330 4100 ῥύπου
3375 4027 3552 4100 μένειν
3603 4023 3706 4098 ἔξω

2064 4117 2433 4186 πεπίστευται,
2491 4114 2856 4191 προσομιλεῖν
2913 4113 2972 4168 ἄν
3031 4135 3155 4170 τοτε
3205 4115 3341 4190 πρὸς
3399 4115 3544 4184 ἀξίαν
3600 4137 3700 4195 φα-

2063 4206 2178 4278 νείη
2210 4211 2289 4279 τῷ
2353 4205 2716 4279 παναχράντῳ
2764 4201 2953 4276 ἐκείνῳ
3007 4203 3096 4258 καὶ
3142 4205 3455 4278 περιπεζίου
3503 4207 3702 4268 παντὸς

2063 4295 2354 4370 ἀνωτέρῳ;
2413 4293 2643 4356 οὕτωςὸ
2679 4294 2778 4363 τήν
2825 4291 2974 4362 ἀξίαν
3030 4289 3327 4348 ἀποδοῦναι
3384 4296 3568 4371 φωνὴν
3631 4293 3702 4370 τῇ

2063 4383 2395 4458 παναμώμῳ
2456 4386 2630 4454 ζητῶν
2675 4381 2767 4437 καὶ
2817 4382 2988 4455 μητρὶ
3034 4384 3131 4436 τοῦ
3188 4385 3323 4436 Θεοῦ
3379 4381 3556 4458 Λόγου
3593 4389 3702 4440 τῶν

2064 4472 2284 4530 ἀλάλων
2320 4473 2525 4548 ἰχθύων
2585 4468 2734 4528 οὐδὲν
2795 4471 2897 4544 ἄρα
2951 4467 3166 4524 διοίσει·
3218 4469 3344 4526 ἀλλ’
3391 4470 3570 4546 ὥσπερ
3626 4477 3707 4546 τῷ

300 4563 451 4617 nihil
483 4561 782 4618 enimvero
812 4577 848 4614 a
876 4558 1057 4614 mutis
1089 4557 1350 4629 piscibus
1381 4557 1599 4613 distare
1632 4558 1944 4617 videbitur.

2083 4562 2285 4634 ναληνῷ
2321 4547 2419 4616 τοῦ
2467 4566 2728 4634 Σωτῆρος
2775 4557 3188 4634 τεθαρρηκότες,
3236 4566 3338 4629 τῆς
3381 4558 3702 4636 ἀποῤῥήτου

368 4714 414 4749 ⁸ο
443 4716 578 4770 Luc.
607 4731 644 4782 ι,
675 4716 764 4768 28.
843 4713 888 4749 ’ί
919 4711 1024 4769 Job
1058 4727 1174 4776 xxv,
1207 4711 1262 4777 4,
1306 4725 1425 4765 sec.
1458 4709 1610 4764 LXX.

1640 4809 1786 4871 Ant.
1817 4811 2116 4876 Ballerini
2146 4821 2334 4878 notae.

299 4941 861 5012 incorruptibiliorem
911 4944 1120 5013 angelis
1169 4959 1288 4998 eam
1342 4957 1452 4998 esse
1500 4943 1939 5014 existimandum,

301 5030 422 5085 quae
462 5014 781 5086 angelorum
830 5014 1384 5086 incorruptibilitatis
1443 5019 1608 5082 atque
1661 5018 1944 5083 ﬁrmitatis

300 5087 523 5156 auctrix
553 5085 846 5140 exstiterit.
879 5087 1005 5156 Non
1037 5085 1172 5156 ergo
1201 5085 1471 5156 Isidorus
1491 5100 1671 5156 suam
1703 5092 1945 5142 senten-

301 5158 443 5212 tiam
474 5155 556 5210 ita
586 5159 866 5222 coarctat,
901 5159 964 5208 ut
993 5155 1058 5210 in
1089 5154 1287 5225 aliquo
1311 5154 1536 5225 angelis
1558 5156 1807 5212 cessisse
1832 5161 1944 5214 Ma-

299 5228 449 5300 riam
482 5227 795 5300 Signiﬁcet.
826 5227 1072 5300 Interim
1101 5241 1234 5300 cum
1253 5243 1337 5300 _ex
1389 5226 1561 5281 dictis
1610 5227 1786 5300 plane
1835 5229 1941 5285 ab-

299 5295 562 5354 surdum
595 5299 690 5363 sit,
743 5296 968 5372 angelis
1026 5295 1307 5372 puritatis
1355 5295 1652 5372 summurn
1711 5300 1940 5372 adeptis

296 5385 470 5444 posse
504 5386 638 5424 eum
669 5366 1332 5444 purioremprtedicari,
1367 5368 1581 5444 quine
1605 5387 1757 5444 eam
1809 5366 1942 5444 qui-

298 5437 432 5496 dem
483 5437 884 5496 summitatem
942 5437 1224 5512 attigerit,
1287 5452 1416 5506 quae
1473 5437 1533 5512 in
1581 5437 1940 5512 immuniiate

295 5513 506 5569 actuali
535 5530 568 5586 a
597 5517 836 5586 peccato
869 5509 1134 5586 constitit
1161 5527 1175 5574 ;
1208 5523 1461 5586 cumque
1494 5509 1742 5586 Deipara
1769 5516 1937 5586 Virgo

292 5601 416 5640 non
447 5577 626 5638 unius
657 5583 897 5653 quidem
929 5587 1030 5636 aut
1058 5579 1334 5653 alterius,
1356 5577 1466 5653 sed
1507 5577 1769 5653 omnium
1826 5577 1939 5640 Pa-

292 5662 451 5712 trum
481 5649 776 5726 consensu
805 5660 1087 5726 tanquam
1145 5651 1372 5708 cunctis
1418 5649 1730 5726 virtutibus
1773 5657 1937 5726 puri-

288 5732 409 5785 tate
457 5725 824 5784 antecellens
873 5722 1250 5790 celebretur;
1305 5739 1374 5778 eo
1420 5722 1548 5794 ipse
1601 5722 1936 5783 universam

2055 4947 2330 5004 Ecclesiae
2361 4947 2740 5004 traditionem
2762 4945 3118 5019 omnimodaa
3143 4944 3395 5019 Virginis
3419 4943 3701 5000 immuni-

2053 5019 2158 5074 tati
2191 5035 2226 5074 a
2254 5019 2459 5090 quovis
2487 5023 2728 5090 peccato
2763 5018 3184 5090 suﬂragantem
3203 5016 3523 5090 habemus.

2123 5091 2235 5160 (42)
2269 5085 2611 5156 Palam-est,
2661 5085 2976 5162 auctorem'
3033 5089 3368 5162 significare
3415 5085 3693 5162 voluisse,

2054 5157 2238 5216 Deum
2269 5177 2576 5232 nunquam
2611 5176 2746 5232 cum
2779 5161 2957 5215 Maria
3003 5157 3125 5232 non
3157 5160 3370 5232 fuisse:
3405 5157 3563 5230 quod
3596 5174 3698 5212 ex-

2049 5247 2323 5304 pressum
2354 5230 2522 5303 putat
2573 5231 2636 5286 in
2674 5231 2777 5286 illo
2813 5231 3124 5304 ,Evangeli,
3179 5230 3440 5304 Dominus
3498 5236 3696 5284 tecum.

2050 5301 2124 5356 At
2152 5302 2278 5358 haec
2301 5301 2538 5374 quoque
2568 5301 2885 5370 sententia,
2915 5301 3158 5374 ut'alias
3188 5301 3463 5374 vidimus,
3496 5316 3702 5374 neces-

2050 5375 2207 5456 sario
2239 5371 2520 5456 postulat,
2552 5390 2640 5456 ne.
2685 5375 2878 5456 ipsum
2935 5374 3065 5456 vita}
3118 5373 3354 5456 initium
3409 5373 3471 5427 in
3517 5371 3698 5456 Maria

2049 5444 2312 5500 alienum
2343 5462 2378 5500 a
2406 5447 2522 5501 Deo
2552 5444 2941 5502 existimetur.
2977 5445 3136 5500 Adeo
3157 5461 3220 5500 se
3239 5444 3460 5513 ubique
3487 5447 3698 5513 sponte

2046 5517 2244 5586 prodit
2272 5517 2398 5571 haac
2413 5519 2656 5572 Patrum
2685 5517 2984 5572 mentibus
3013 5515 3128 5570 alte
3166 5514 3352 5571 inﬁxa
3365 5512 3654 5586 Doctrina
3676 5512 3690 5567 ι

2117 5589 2228 5658 (43)
2261 5588 2400 5642 Vide
2428 5605 2655 5644 morem
2681 5588 2745 5643 in
2765 5586 3027 5658 Ecclesia
3065 5592 3391 5657 receptum,
3425 5590 3490 5640 ut
3505 5583 3702 5658 _Maria

2046 5655 2514 5714 antonemastice
2560 5664 2662 5726 τῆς
2711 5655 3078 5728 παναμώμου,
3133 5655 3284 5712 omni
3337 5656 3554 5713 macula
3603 5671 3700 5710 ca-

2044 5731 2240 5796 rentis,
2273 5730 2516 5805 nomine
2548 5729 2982 5800 indigitaretur.
