4104 6300
226 314 303 405 ιι
1054 308 1311 375 srnmo
1354 310 1433 372 IN
1480 304 1859 371 PRJESENT

1976 302 2212 367 [ONEM
2258 303 2328 364 B.
2374 303 2450 366 ν.
2498 303 2799 366 ΜΑΒΙιΕ.

3550 313 3632 375 42

219 443 488 518 γευόμεθα
551 439 765 512 διαίτης
817 439 1049 514 ἐκείνης,
1104 443 1196 498 καὶ
1249 440 1339 498 διὰ
1388 446 1554 498 τοῦτο
1607 440 1859 516 μάλιστα,

1982 442 2197 496 Verum
2229 439 2381 495 sicut
2412 438 2633 495 aﬂ‘abili
2667 438 2981 496 Salvatoris
3003 440 3368 517 benignitate
3397 451 3630 520 conﬁsi,

218 531 288 588 ’ἕν’
344 534 431 589 ’ὁτι
488 532 666 610 ῥύπος
716 529 916 597 εἰδότες
990 535 1154 606 ἡμεῖς
1220 536 1291 608 τῇ
1375 532 1639 605 κοινωνίᾳ
1707 534 1875 588 καθα-

220 625 536 699 Ῥισθῶμεν,
573 624 670 679 τὸν
718 620 843 677 ’ἶσον
884 621 950 692 δὴ
1008 625 1207 699 τρόπον
1255 623 1390 679 κάπὶ
1446 630 1546 695 τῆς
1603 621 1870 698 μακαρίας

223 711 492 789 λογιστέον
568 713 868 786 Παρθένου·
923 713 1013 768 καὶ
1099 709 1188 767 διὰ
1240 717 1402 768 τοῦτο
1459 713 1626 786 ταύτῃ
1691 732 1873 788 προσ-

220 799 478 872 λαλητέον
509 801 595 863 εἷς
638 798 892 874 δύναμιν,
952 802 1028 865 ὡς
1085 798 1144 857 ἂν
1204 799 1272 857 δι’
1335 801 1409 857 ὧν
1468 802 1636 870 αὐτὴν
1696 822 1875 877 προσ-

608 890 683 944 ὧν
760 890 1038 969 εἴργασται
1122 888 1444 967 παραδόξων
1536 891 1871 963 μεμνημένοι

665 980 937 1055 ἃγιασμὸν
999 980 1091 1035 καὶ
1166 977 1403 1052 κηλῖδος
1468 979 1872 1059 ἀποφερώμεθα

218 895 379 962 υμνοῦ
388 912 512 963 μεν,

220 999 356 1053 πραγ
367 983 551 1052 μάτων
563 1024 578 1051 ,

220 1065 473 1123 ἔκπλυσιν
484 1112 497 1124 .

281 1339 349 1396 B‘.
382 1339 541 1395 Ἔστι
580 1337 677 1412 μὲν
702 1335 794 1393 οὖν
823 1334 941 1394 οὐδ’
971 1338 1030 1394 ἄν
1071 1335 1127 1393 ἓν
1180 1341 1289 1394 τῶν
1348 1340 1464 1393 κατ’
1521 1337 1713 1407 αὐτὴν,
1773 1334 1869 1390 οὐ·

212 1424 317 1498 δὲν,
351 1426 382 1483 8
430 1429 511 1502 μὴ
552 1428 835 1505 μόρφωσιν
886 1427 1156 1499 ἐντίθησιν
1210 1428 1547 1502 ἀγιαστικῆν,
1599 1427 1645 1498 ᾦ
1703 1423 1870 1499 λόγος

206 1524 374 1574 ταῦτα
401 1517 746 1595 λογίζεσθαι,
779 1517 995 1583 οὐδενὸς
1032 1517 1076 1574 δ’
1120 1522 1287 1589 ἧττον
1317 1518 1410 1574 καὶ
1445 1520 1480 1588 ἡ
1523 1517 1600 1581 εἰς
1650 1516 1717 1572 τὰ
1762 1519 1871 1570 τῶν

207 1608 370 1684 ἁγίων
394 1611 571 1685 ’Ἅγια
602 1605 841 1670 εἴσοδος·
886 1607 917 1663 ὅ
971 1613 1050 1681 τῷ
1107 1613 1184 1682 νῷ
1241 1607 1542 1684 παραστὰν,
1585 1605 1645 1662 ἐκ
1671 1605 1870 1661 τούτου

206 1697 455 1771 γἐὔθὺς,
519 1698 553 1752 δ
603 1695 853 1752 καλεῖται
920 1697 1224 1777 χαρίζεται,
1286 1695 1647 1772 ᾤπροῦργου
1680 1715 1866 1770 περιε-

209 1784 406 1842 λίττειν
452 1783 614 1841 ἔνδον
678 1786 826 1842 αὐτό·
894 1788 1017 1859 περὶ
1073 1788 1134 1842 οὗ
1195 1787 1287 1842 καὶ
1344 1790 1433 1842 νῦν
1495 1789 1631 1858 ἡμῖν
1696 1785 1867 1840 εἰπεῖν

102 1912 109 1919 -
210 1876 290 1947 εἴη
322 1875 714 1949 κεκινημένοις
755 1874 847 1931 καὶ
904 1881 1029 1931 νοῦ)
1087 1876 1201 1950 ἅμα
1256 1876 1346 1930 καὶ
1402 1874 1653 1950 γλῶτταν
1712 1876 1864 1948 ἁγια-

90 2446 101 2569 ἑ

90 2596 99 2651 Ξ

90 2700 101 2767 ἓ

90 2834 107 2929 ἴ

172 3756 557 3829 προκύψαντος
625 3758 922 3830 φωστῆρος
969 3754 1195 3826 περιττή

210 1969 415 2037 σθῆναι,
473 1966 575 2022 καί
640 1986 696 2020 τι
754 1963 1109 2033 κατάλληλον
1163 1964 1485 2044 φθέγξασθαι
1542 1967 1611 2038 τῇ
1668 1962 1863 2018 τούτου

210 2054 590 2130 προσωνυμίᾳ,
624 2051 776 2110 ἀλλᾶ
834 2055 909 2127 μὴ
966 2059 1047 2126 τῷ
1105 2052 1230 2128 ὕψει
1261 2055 1597 2109 παντάπασιν
1657 2050 1861 2123 ἀπᾷδον

208 2150 299 2214 τῆς
329 2145 749 2219 παναχροὶντου,
782 2143 826 2199 εἰ
880 2143 968 2198 καὶ
1025 2147 1121 2198 τοῦ
1159 2144 1297 2218 πρὸς
1355 2143 1522 2216 ἀξίαν,
1565 2140 1597 2198 6'
1653 2144 1863 2205 πάντως

209 2231 366 2305 ἔσται,
398 2231 635 2289 ἀποδεῖν
671 2227 914 2306 συμϐαίη
941 2237 1020 2306 τῷ
1052 2232 1226 2309 λόγῳ.

1990 529 2455 585 inenarrabilem
2486 529 2658 585 illum
2690 530 2887 586 cibum
2920 531 3321 605 degustamus,
3353 537 3533 610 idque
3566 555 3636 596 ea

1987 621 2244 675 maxime
2274 618 2346 674 de
2379 635 2577 687 causa,
2609 625 2674 675 ut
2712 635 2747 675 a
2801 621 3074 691 maculis,
3125 640 3376 695 quarum
3408 629 3634 686 conscii

1987 709 2158 764 nobis
2173 724 2512 780 sumus,per
2527 710 3010 766 communionem
3027 714 3451 784 emundemur;
3472 734 3634 774 eum-

1987 797 2123 855 dem
2154 800 2216 854 in
2246 799 2487 854 modum
2517 803 2575 854 et
2603 798 2675 854 de
2706 798 2879 856 beata
2902 800 3138 874 Virgine
3168 805 3632 866 existimandum

1987 893 2202 956 est;ac
2223 893 2530 961 propterea
2583 904 2778 943 sermo
2809 906 2914 961 pro
2964 892 3185 949 viribus
3228 894 3631 954 instituendus

1984 978 2056 1034 de
2088 980 2217 1051 ipsa
2246 984 2355 1050 est,
2388 985 2452 1035 ut
2483 997 2615 1035 cum
2650 979 2969 1046 mirabilia,
2996 998 3127 1052 qum
3145 985 3343 1056 gessit,
3370 1003 3632 1044 comme-

1981 1070 2543 1143 moraverimus,per
2573 1071 2698 1126 haec
2727 1070 2958 1139 eadem,
2990 1078 3232 1145 propter
3262 1092 3394 1147 quae
3424 1078 3633 1135 laudes

1982 1159 2110 1232 ejus
2141 1159 2529 1230 celebramus,
2558 1160 2672 1233 ipsi
2700 1161 3238 1220 sanctiﬁcationem
3268 1170 3329 1220 et
3365 1168 3632 1224 macula-

1979 1265 2114 1305 rum
2137 1249 2507 1306 ablutionem
2537 1267 3000 1322 consequamur.

2051 1341 2121 1395 ll.
2153 1342 2443 1396 Caaterum
2466 1357 2600 1395 cum
2628 1357 2990 1412 eorum,quaa
3021 1342 3097 1398 ad
3118 1343 3306 1415 ipsam
3337 1350 3626 1419 spectant,

1980 1430 2131 1485 nihil
2164 1429 2406 1485 omnino
2440 1430 2535 1497 sit,
2570 1429 2750 1500 quod,
2783 1430 2833 1485 si
2864 1437 3063 1486 mente
3096 1431 3412 1505 diligenter
3439 1435 3628 1492 volva-

1980 1525 2098 1589 tur,
2130 1521 2384 1575 formam
2446 1520 2961 1577 sanctiﬁcatricem
3020 1523 3454 1595 contemplanti
3506 1542 3629 1582 non

1980 1611 2211 1682 ingerat
2266 1611 2378 1680 (44)
2425 1625 2438 1663 :
2496 1614 2622 1663 tum
2672 1625 2808 1665 vero
2863 1610 3256 1667 nihilominus
3313 1613 3373 1669 id
3428 1615 3626 1687 ipsum

1980 1702 2223 1772 praestat
2248 1702 2306 1752 et
2361 1698 2662 1770 ingressus
2694 1699 2824 1770 ejus
2873 1700 2935 1754 in
2992 1700 3205 1756 Sancta
3261 1706 3624 1762 sanctorum.

1981 1789 2100 1843 Hoc
2126 1787 2421 1858 siquidem
2452 1787 2801 1858 mysterium
2834 1788 3032 1842 animo
3063 1788 3401 1857 obversans,
3433 1795 3627 1849 conti-

1978 1876 2358 1947 nuoid,quod
2378 1876 2621 1931 nomine
2635 1876 3214 1949 praesefertJargitur
3230 1877 3303 1934 iis
3326 1881 3628 1954 omnibus,

1977 1968 2077 2039 qui
2110 1967 2259 2021 illud
2282 1966 2439 2021 idem
2466 1966 2728 2036 penitius
2770 1966 3220 2039 introspiciendi
3250 1968 3473 2025 fuerint
3510 1977 3630 2026 stu-

1975 2056 2145 2112 diosi.
2181 2056 2261 2111 De
2284 2072 2400 2127 quo
2432 2071 2566 2111 cum
2592 2056 3130 2127 impraesentiarum
3155 2073 3391 2129 quoque
3427 2058 3626 2116 dicere

1973 2144 2406 2218 aggrediamur,
2427 2145 2657 2199 utinam
2691 2144 2864 2199 nobis
2895 2146 3291 2218 contingat,ut
3311 2153 3510 2204 mente
3542 2149 3621 2205 si-

1971 2235 2097 2290 mul
2120 2235 2561 2291 sanctiﬂcemur
2590 2240 2650 2290 et
2678 2234 2898 2307 lingua,
2923 2240 2982 2291 et
3003 2236 3251 2307 aliquid.
3283 2238 3442 2309 quod
3463 2237 3622 2309 ejus-

212 2323 333 2381 dem
368 2326 644 2397 mysterii
669 2324 1132 2380 nomenclaturae
1181 2322 1560 2396 respondeat,
1593 2330 1694 2379 aut
1750 2324 1962 2380 saltem
1994 2325 2153 2396 quod
2183 2325 2254 2380 ab
2286 2324 2855 2381 immaculatissimae
2896 2322 3057 2381 illius
3115 2326 3229 2399 (45)
3260 2327 3615 2384 celsitudine

207 2501 462 2560 futurum
497 2505 599 2571 sit,
634 2510 702 2559 ut
730 2519 927 2560 sermo
960 2503 1301 2576 longissime
1332 2501 1611 2558 abscedat
1641 2503 1653 2558 ι

272 2590 343 2645 Γ.
373 2593 550 2666 ⁰Δγια
597 2589 780 2646 τοίνυν
832 2589 1030 2666 Ἀγίων
1088 2590 1215 2665 πρὶν
1249 2591 1343 2664 μὲν
1388 2589 1416 2644 ὁ
1471 2590 1603 2650 νεὼς
1636 2586 1858 2650 δικαίως

210 2675 404 2732 ἐκεῖνος
441 2681 690 2753 ὑμνεῖτο,
722 2680 780 2743 ὃς
837 2681 929 2735 καὶ
984 2674 1222 2735 κιϐωτὸν
1275 2672 1430 2756 ἔφερε
1485 2678 1577 2733 καὶ
1618 2676 1855 2749 πλάκας,

215 2768 299 2821 καὶ
361 2769 428 2821 τὰ
484 2768 655 2841 σεμνὰ
705 2769 877 2825 πάντα
928 2767 1106 2824 ἐκεῖνα
1163 2770 1406 2831 Μωσέως
1483 2766 1718 2841 τρόπαια
1768 2768 1858 2822 καὶ

219 2857 506 2931 μαρτύρια,
568 2857 621 2911 ἐν
673 2858 718 2931 ᾧ
771 2859 859 2913 καὶ
922 2863 1041 2921 τοῖς
1107 2861 1426 2933 προσιοῦσιν
1481 2859 1516 2926 ἡ
1573 2857 1857 2930 κάθαρσις,

208 2944 300 3000 καὶ
355 2951 458 3003 τῶν
517 2944 697 3002 πάλαι
760 2952 1211 3024 θαυμαρτουγιῶν
1279 2943 1598 3021 παραδόξων
1651 2940 1858 3010 ἔκθεσίς

199 3053 254 3088 τε
307 3035 396 3090 καί
456 3033 792 3115 διασάφησις
850 3036 1109 3092 ἐτελεῖτο·
1171 3036 1260 3091 καὶ
1306 3039 1372 3106 ἦν
1423 3032 1583 3090 οὐδὲν
1638 3033 1861 3104 ἀληθῶς

193 3120 387 3198 ἕτερον,
416 3127 495 3181 ὧν
556 3133 674 3201 γῆς
730 3130 977 3201 περιεῖχε
1025 3122 1253 3198 κύκλος,
1311 3129 1410 3180 τοῦ
1459 3125 1603 3179 θείου
1639 3121 1855 3198 μᾶλλον

162 2482 173 2489 _
208 2416 378 2469 nimis
409 2432 536 2471 non
574 2414 922 2481 abhorreat,
954 2414 1119 2469 eﬂ‘ari
1149 2413 1450 2475 possimus
1485 2430 1498 2480 ;
1530 2413 1820 2484 quamvis,
1854 2414 2010 2484 quod
2042 2415 2373 2470 certissime
2396 2414 2518 2481 fiet,
2541 2413 2614 2469 ab
2647 2429 2715 2469 eo
2748 2413 2907 2484 quod
2937 2413 3195 2488 dignitas
3227 2417 3311 2473 rei
3333 2416 3612 2489 postulat,

2036 2591 2348 2649 IlI.Sancti
2374 2592 2574 2664 itaque
2604 2600 2922 2650 sanctorum
2969 2593 3215 2649 nomine
3269 2594 3434 2666 prius
3484 2594 3618 2666 qui-

1967 2680 2103 2735 dem
2136 2682 2347 2737 merito
2380 2682 2706 2737 sacrarium
2728 2681 2878 2737 illud
2909 2681 3339 2755 celebrabatur,
3374 2682 3534 2755 quod
3562 2688 3622 2739 et

1967 2786 2164 2826 arcam
2194 2775 2255 2826 et
2281 2770 2470 2843 (legis)
2521 2771 2772 2839 tabulas,
2808 2774 2867 2826 et
2903 2771 3104 2827 omnia
3157 2771 3256 2827 illa
3285 2772 3623 2828 veneranda

1968 2859 2182 2931 Moysis
2199 2863 2419 2930 tropaea
2435 2875 2503 2913 ac
2521 2859 3415 2929 testimonia(46)continebat:in
3430 2875 3547 2930 quo
3562 2862 3623 2916 et

1967 2947 2311 3003 emundatio
2361 2948 2682 3019 parabatur
2730 2946 3173 3015 accedentibus,
3225 2964 3293 3004 ac
3335 2947 3517 3004 veluti
3546 2948 3622 3004 ob

1966 3037 2171 3093 oculos
2201 3036 2579 3109 ponebantur
2604 3044 2873 3109 et,prope
2906 3036 3622 3106 dixerim,enarrabantur

1966 3127 2316 3183 admiranda
2345 3126 2446 3182 illa
2474 3127 2762 3200 prodigia,
2785 3143 2916 3198 qum
2947 3127 3090 3182 olim
3113 3132 3452 3200 perpetrata
3487 3127 3619 3183 fue-

189 3212 381 3270 ἰκείνου
410 3217 686 3291 τεμένους
734 3215 1052 3291 ἁγιαστικὴν
1100 3212 1208 3287 εξιν
1258 3214 1295 3284 ἤ
1352 3211 1551 3284 κλῆσιν
1607 3211 1832 3290 αὒχοῦν.

1981 3218 2215 3288 αοιῆΕῐ
2235 3216 2520 3289 profecto,
2577 3199 2668 3273 ex?
2715 3216 2995 3272 omnibus
3023 3234 3152 3289 quas
3185 3199 3357 3272 terrai
3388 3216 3617 3273 ambitu

188 3307 680 3373 continebantur,
715 3308 802 3362 nil
833 3308 998 3363 aliud
1027 3307 1292 3380 reperire
1331 3309 1461 3362 erat
1490 3304 1648 3377 quod
1696 3322 1817 3377 pra:
1851 3305 2049 3361 divino
2080 3305 2181 3364 illo
2239 3304 2497 3362 sacrario
2530 3306 2944 3362 sanctificandi
2967 3307 3043 3378 vi,
3077 3311 3178 3363 aut
3204 3309 3385 3363 sancti
3412 3305 3617 3379 appel-

191 3391 403 3453 latione
433 3397 700 3471 gloriari
731 3402 951 3468 posset.

239 3485 443 3560 Ὠσπερ
478 3483 541 3540 δὲ
618 3481 907 3559 λυχνιαῖον
970 3485 1065 3559 μὲν
1126 3488 1265 3561 φῶς,
1316 3478 1523 3560 σφόδρα
1580 3481 1843 3559 φωτεινὸν

173 3573 255 3627 καὶ
287 3568 709 3649 χρηστὸν,ἓως
767 3572 826 3629 ἄν
878 3574 941 3629 τὸ
999 3573 1380 3648 λιιτουργικὸν
1440 3574 1582 3646 ὁμοῦ
1611 3570 1701 3627 καί
1755 3570 1853 3647 δίρ-

174 3682 257 3719 κον
296 3670 399 3734 τῆς
424 3664 664 3739 ἡμέρας
704 3662 1034 3719 καλύπτεται
1097 3667 1310 3730 σκεῦος,
1363 3666 1461 3718 τοῦ
1521 3659 1578 3716 δὶ
1612 3659 1852 3736 μεγάλου

1279 3773 1338 3807 τε
1421 3753 1457 3821 ἡ
1540 3750 1851 3828 φωτοποιὸς

90 3839 95 3919 γ
172 3839 341 3915 ἐκείνη
402 3841 635 3915 δαπάνη
701 3840 797 3897 καὶ
861 3845 1057 3917 μικροῦ
1106 3840 1279 3917 λόγου
1337 3840 1550 3903 πάντως
1606 3839 1727 3910 ἀξία
1775 3844 1854 3913 τῷ

177 3930 517 4010 ὓπερπληρει
612 3939 726 4002 τῆς
787 3929 1024 4001 ἠλιανῆς
1108 3930 1347 3993 ἀκτῖνος·
1433 3930 1606 3995 οὕτως
1686 3931 1853 4004 Ἀγια

176 4020 335 4096 ἁγίων
365 4025 394 4079 ὁ
426 4029 662 4099 χῶρος,
689 4018 756 4082 ὅς
807 4022 954 4076 τοῦτ’
1006 4021 1229 4091 ἤκουεν,
1283 4017 1484 4082 ἐκεῖνος
1526 4023 1617 4074 νῦν
1648 4014 1848 4094 ἐκρύϐη

175 4132 226 4166 τε
252 4116 336 4169 καὶ
370 4121 590 4189 χρῆσιν
643 4107 836 4168 οὐδενῖ
890 4110 1146 4186 παρέχων
1199 4105 1439 4179 ἀπέσϐη,
1471 4107 1658 4184 ὅτιπερ
1688 4110 1855 4182 Ἅγια

177 4200 336 4275 ἁγίων
393 4199 593 4280 ἔτερος
692 4198 906 4255 ἐκείνου
993 4203 1188 4276 μακρῷ
1244 4195 1640 4276 παναγὲστερος
1702 4197 1852 4258 οἶκος

173 4289 437 4370 ἀνηγέρθη
472 4314 538 4350 τε
569 4291 676 4348 καὶ
744 4286 1116 4365 ἀπήστραψεν,
1145 4289 1183 4358 ἢ
1228 4288 1521 4362 πάναγνος,
1560 4285 1728 4365 φημὶ,
1760 4286 1852 4341 καὶ

173 4380 617 4458 Ῡαιτοειδεστάτη
658 4382 806 4436 Θεοῦ
832 4377 1040 4458 νύμφη.

2028 3486 2242 3541 Verum
2271 3484 2772 3557 quemadmodum
2798 3484 3003 3542 lumen
3032 3484 3294 3541 lucernae
3317 3485 3489 3542 valde
3510 3484 3618 3541 ful-

1962 3573 2163 3646 gidum
2195 3574 2435 3646 quidem
2468 3580 2645 3645 atque
2701 3574 2845 3630 utile
2879 3573 3273 3641 existimatur,
3308 3590 3618 3646 quousque

1961 3680 2062 3719 vas
2093 3663 2239 3718 illud
2265 3663 2579 3730 delitescit,
2613 3664 2772 3735 quod
2819 3663 2976 3719 diem
3037 3668 3280 3735 praestat
3323 3662 3504 3718 simul
3560 3666 3621 3719 et

1964 3753 2493 3823 inchoat;magno
2541 3758 2739 3807 autem
2794 3752 3077 3808 luminari
3136 3753 3462 3821 exoriente,
3489 3752 3617 3824 jam

1961 3847 2206 3915 propter
2232 3840 2384 3896 radii
2417 3839 2627 3895 solaris
2683 3840 3129 3895 exuberantiam
3184 3856 3620 3912 supervacanea

1962 3948 2205 4003 prorsus
2236 3946 2345 3985 nec
2404 3928 2602 4002 digna,
2661 3928 2832 4000 cujus
2888 3928 2981 3983 vel
3038 3929 3291 3984 minima
3327 3928 3620 3984 habeatur

1961 4020 2231 4090 ratio,est
2256 4018 2549 4090 lampadis
2573 4018 2844 4091 impensa
2868 4034 2880 4072 :
2913 4018 2997 4073 ita
3025 4018 3611 4089 Sanctasanctorum,

1962 4108 2130 4165 locus
2151 4110 2379 4165 scilicet
2406 4109 2505 4180 qui
2525 4109 2637 4164 hoc
2694 4104 2939 4164 nomine
2995 4109 3422 4182 appellabatur,
3454 4124 3615 4165 nunc

1964 4203 2022 4254 et
2050 4198 2122 4254 ab
2154 4200 2341 4254 oculis
2374 4197 2643 4254 sublatus
2675 4203 2767 4254 est
2797 4214 2865 4255 ac
2889 4198 3347 4273 deletus,utpote
3378 4200 3614 4256 nullum

1963 4287 2221 4361 cuipiam
2252 4287 2631 4344 commodum
2658 4287 2915 4359 amplius
2942 4287 3279 4359 conferens,
3297 4294 3614 4362 postquam

1962 4377 2083 4435 alia
2106 4378 2338 4449 domus,
2368 4393 2499 4450 quae
2553 4393 2687 4433 vere
2744 4378 2949 4435 Sancta
2994 4385 3310 4437 sanctorum
3340 4378 3615 4447 dicenda,

172 4474 350 4542 priori
417 4475 535 4532 illa
606 4473 808 4543 longe
873 4470 1134 4529 sanctior
1232 4469 1489 4526 excitata
1580 4472 1672 4525 est
1770 4472 1829 4523 et
1899 4466 2156 4539 refulsit,
2227 4467 2550 4541 purissima
2627 4466 2855 4523 scilicet
2927 4484 2997 4525 ac
3066 4468 3439 4525 lucidissima
3505 4465 3619 4523 Dei

177 4577 539 4708 ψὲῗῗλλᾶ
602 4647 683 4719 δὴ
752 4646 841 4701 καὶ
896 4645 963 4703 τὰ
1014 4648 1209 4719 ποώην
1277 4648 1448 4723 ’Ἅγια
1502 4644 1690 4723 ἁγίων,
1751 4643 1856 4723 ἐγὼ

2035 4647 2128 4702 IV.
2161 4646 2437 4713 Quinimo
2467 4646 2668 4735 priora
2697 4643 2805 4702 illa
2860 4646 3067 4703 Sancta
3095 4649 3413 4703 sanctorum
3463 4644 3620 4702 hanc

1572 4779 1721 4837 Ant.
1753 4773 2055 4837 Ballerini
2075 4780 2262 4837 notae.

232 4919 342 4990 (44)

167 4982 436 5064 originali
460 4991 611 5047 labe
635 4982 939 5064 immunis
960 4982 1853 5064 prsidi—ceturﬂuomodo'enim

169 5056 355 5118 Marias
385 5058 877 5140 conceptionem
925 5056 1275 5140 recogitanti
1335 5056 1536 5140 animo
1578 5060 1852 5140 sanctum

170 5134 476 5205 quidpiam
499 5126 964 5197 obuersaretur,
996 5129 1045 5184 si
1068 5126 1139 5184 in
1159 5132 1403 5200 peccato
1435 5131 1721 5198 concepta
1739 5126 1851 5182 tin-

172 5206 456 5345 gilﬁfEn
482 5276 601 5331 tibi
670 5287 886 5345 rursus
937 5271 1187 5345 Mariam
1234 5270 1706 5345 antonomastice
1754 5269 1852 5345 τῆς

174 5340 586 5423 παναχράντου,
672 5343 1237 5423 immaculatissimx,
1314 5342 1725 5423 appellatione.
1762 5340 1852 5423 in-

175 5410 444 5543 ;licata'm.
475 5410 645 5477 Hinc
682 5412 998 5485 evincitur,
1021 5410 1432 5472 commune—id
1463 5413 1621 5469 inter
1650 5410 1855 5468 fideles

197 5507 366 5543 “1538.

197 5507 787 5643 ᾛῗῑῒτεειίωριξξε
818 5557 1057 5643 scilicet,
1083 5577 1237 5643 qua).
1273 5557 1643 5643 in‘mentem.
1685 5572 1856 5643 repo-

180 5603 409 5710 cabta’dt,‘
423 5603 749 5695 Ξΐΐέῖαιί
777 5630 958 5687 oculis
1001 5603 1366 5706 objiciebant
1395 5627 1686 5687 miracula
1715 5628 1857 5685 olim

490 5756 804 5820 Ριτιιοι.
848 5750 958 5837 Gn.
1004 5750 1321 5816 CXXXIX.

404 4922 480 4975 Et
530 4919 679 4973 haec
750 4914 1071 4985 propositio
1140 4910 1400 4985 postulat
1444 4917 1512 4968 ut
1562 4911 1729 4985 Virgo
1774 4911 1850 4985 ab
1882 4915 1924 4978 ι)
1956 4913 2129 4985 aDeo
2159 4918 2410 4983 patrata,
2446 4911 2775 4985 cujusmodi
2821 4916 2992 4967 erant
3037 4911 3316 4985 vasculum
3373 4927 3611 4983 mannz,

1963 4982 2173 5056 tabulaé
2203 4985 2355 5056 legis.
2394 4982 2556 5052 virga
2585 4984 2788 5056 Aaron,
2849 4986 2972 5054 ipsa
3027 5001 3178 5056 arca,
3228 4984 3289 5039 in
3320 5000 3436 5055 qua
3484 4982 3612 5056 haec

1963 5055 2441 5111 continebantur.
2475 5056 2599 5119 Qua
2651 5055 2723 5109 de
2781 5070 2845 5109 re
2902 5055 3082 5112 Exod.
3136 5073 3247 5125 xvx,
3289 5057 3401 5109 32:
3437 5055 3611 5125 Imple

1963 5143 2153 5196 gomor
2182 5144 2249 5182 ex
2279 5144 2338 5182 eo
2368 5127 2638 5195 (manna),
2671 5131 2724 5181 et
2755 5129 3101 5184 custodiatur
3155 5130 3215 5182 in
3258 5129 3486 5196 futuras,
3518 5141 3611 5181 re-

1966 5194 2049 5253 tro
2078 5197 2460 5271 generationes
2492 5213 2510 5251 :
2541 5194 2605 5271 ut
2644 5200 2894 5253 noverint
2942 5216 3167 5271 panem,
3229 5194 3339 5267 quo
3368 5194 3490 5271 alui
3516 5210 3609 5271 vos

1962 5271 2024 5324 in
2054 5266 2374 5333 solitudine,
2405 5270 2626 5338 quando
2659 5271 2847 5326 educti
2877 5266 3004 5326 estis
3059 5271 3127 5325 de
3155 5266 3160 5267 7
3187 5266 3337 5323 terra
3362 5266 3609 5338 Egypti.

1964 5342 2034 5395 Et
2055 5340 2223 5395 Deut.
2258 5356 2415 5409 xm,
2444 5343 2512 5395 26
2547 5358 2560 5396 :
2596 5341 2810 5407 Tollite,
2874 5342 3073 5397 librum
3102 5342 3266 5395 istum
3323 5345 3375 5393 et
3421 5337 3617 5409 ponite

1967 5428 2091 5468 eum
2114 5414 2175 5466 in
2198 5412 2368 5467 latere
2399 5428 2540 5468 arcae
2564 5413 2788 5481 fazderis
2821 5411 3044 5467 Domini
3102 5413 3195 5466 Dei.
3223 5409 3409 5474 vestri,
3458 5414 3521 5481 ut
3548 5408 3621 5461 sit

1967 5484 2048 5539 ibi
2074 5489 2270 5538 contra
2311 5489 2362 5539 te
2397 5486 2459 5539 in
2516 5480 2909 5540 testimonium.
2979 5484 3048 5537 Et
3105 5483 3274 5536 Num.
3325 5494 3461 5543 xvn,
3503 5480 3615 5530 40:

1968 5557 2133 5624 Refer
2162 5556 2383 5636 virgam
2413 5557 2605 5636 Aaron
2646 5554 2709 5610 in
2754 5552 3183 5636 tabernaculum
3209 5548 3530 5636 testimo'nii,
3561 5550 3624 5598 ut

1970 5618 2216 5683 servetur
2247 5618 2329 5682 ibi
2359 5629 2417 5683 in
2438 5630 2658 5697 signum
2688 5624 2974 5684 rebellium
2995 5624 3235 5692 ﬁliorum
3267 5618 3453 5678 Israel.
