4104 6300
435 358 511 417 43

1590 350 1885 413 ISIDORI
1928 349 2685 413 THESSALONICENSIS
3765 352 3830 415 Η

441 487 925 563 appellationem,
955 488 1023 543 ut
1041 501 1146 558 ego
1178 484 1420 558 quidem
1445 484 1722 554 arbitror,
1754 483 1886 540 ideo
1918 499 2079 541 rece-

2199 480 2425 556 νομίζω,
2494 480 2583 538 διὰ
2645 483 2795 540 τοῦτ’
2848 482 2979 560 ἔσχε
3067 482 3168 554 τὴν
3250 485 3553 561 πρόσρησιν
3616 485 3832 559 ταύτην,

441 583 681 651 perunt,
731 575 890 649 quod
937 576 1140 632 sedem
1186 574 1613 648 posterioribus
1664 574 1825 630 hisce
1859 574 2090 631 Sanctis

447 674 790 725 sanctorum
818 665 1152 743 praebitura
1199 670 1388 735 erant,
1435 681 1567 738 quae
1599 664 1693 720 sin
1722 664 1919 720 minus
1942 670 2092 719 tem-

443 774 588 830 pore
617 762 677 813 at
706 761 864 813 certe
898 755 1127 812 ratione
1154 754 1484 811 sanctitatis
1508 758 1567 810 et
1612 753 1917 823 dignitatis
1949 753 2091 821 illis,

441 853 733 920 quantum
752 862 863 904 nec
880 851 1078 903 mente
1098 846 1336 918 assequi
1366 842 1901 914 licet,antecellunt
1926 860 1939 898 :
1971 860 2092 899 non

442 955 614 995 secus
644 954 857 1010 nempe
888 953 955 993 ac
999 936 1046 992 si
1076 936 1207 1008 quis
1239 936 1381 992 solis
1439 934 1683 991 nomine
1731 950 1851 989 non
1882 934 2093 989 incon-

444 1044 588 1101 grue
617 1028 857 1102 globum
878 1031 1044 1083 vocet
1064 1030 1306 1100 propter
1323 1025 1517 1082 lucem
1542 1023 1795 1080 solarem
1807 1024 2092 1088 futuram,

440 1117 596 1175 velsi
627 1117 837 1174 domus
886 1116 1180 1189 quaepiam
1229 1132 1363 1187 prol
1384 1120 1473 1171 ter
1522 1131 1744 1188 regem,
1778 1113 1881 1185 qui
1936 1112 1998 1168 in
2026 1128 2095 1168 ea

437 1207 810 1264 habitaturus
833 1212 943 1276 est,
972 1206 1152 1261 etiam
1202 1204 1369 1276 prius
1423 1220 1601 1276 quam
1649 1202 1711 1258 id
1766 1203 2091 1275 contingat,

434 1301 593 1369 regia
620 1297 975 1370 appelletur.
1000 1298 1071 1351 Et
1087 1295 1589 1367 quemadmodum
1610 1293 1877 1365 luminis,
1907 1293 2092 1365 quod-

435 1392 561 1445 arte
593 1391 991 1459 comparatur,
1025 1386 1236 1458 exigua
1267 1385 1539 1457 quaedam
1572 1401 1709 1440 cum
1742 1399 1954 1457 magno
1986 1382 2091 1438 illo

438 1482 498 1533 et
525 1477 876 1533 inexhausto
923 1474 1152 1533 lumine
1201 1474 1527 1531 similitudo
1582 1473 1800 1543 eﬂ‘ecit,
1830 1478 1897 1529 ut
1951 1472 2092 1529 huic

437 1583 673 1640 quoque
712 1566 921 1623 eadem
952 1565 1316 1622 tribueretur
1336 1564 1623 1641 (luminis)
1655 1563 2089 1633 denominatio,

435 1662 612 1729 atque
650 1658 847 1729 ipsum
903 1657 1016 1712 hoc
1079 1655 1323 1712 nomine
1381 1655 1514 1711 ideo
1557 1654 1914 1723 vocavimus,
1950 1654 2092 1726 quia

2198 572 2284 628 ’ὁτι
2340 573 2407 628 τὰ
2461 569 2687 648 δεύτερα
2743 570 2809 644 δὴ
2870 578 3041 629 ταῦτα
3094 575 3255 650 Ἅγια
3312 573 3503 650 ἁγίων,
3563 575 3597 630 ἅ
3645 575 3735 630 καὶ
3795 574 3833 631 εί

2195 666 2357 719 τοῦτο
2391 665 2502 737 (47)
2533 667 2613 736 τῷ
2642 665 2850 739 χρόνῳ,
2909 662 3037 719 ἀλλ’
3096 663 3172 727 είς
3234 664 3525 739 ἁγιότητος
3563 664 3653 720 καὶ
3685 663 3832 741 λόγον

2196 753 2367 824 ἀξίας,
2402 751 2519 808 οὐδ’
2576 747 2689 809 ἔστι
2749 753 3066 830 λογίσασθαι
3123 755 3185 811 τὸ
3252 749 3561 831 πρεσϐεῖον,
3622 754 3832 811 εἰσοικί-

2200 845 2382 899 σισθαι
2410 837 2660 917 ἔμελλεν·
2694 840 2874 919 ὥσπερ
2907 845 2966 899 ἄν
3030 843 3083 900 εἷ’
3142 866 3225 908 τις
3282 846 3373 900 τὸν
3428 843 3611 901 δίσκον
3646 844 3735 901 διὰ
3779 847 3833 903 τὸ

2204 930 2408 1005 μέλλον
2438 936 2552 1009 φῶς
2582 932 2743 1003 ἣλιον
2778 932 2877 989 οὐκ
2906 932 3211 997 ἀπεικότως
3268 940 3581 1009 προσεῖπεν,
3623 935 3658 1005 ἢ
3694 936 3837 1011 βασί-

2201 1019 2323 1076 λεια
2353 1018 2441 1076 διὰ
2469 1022 2559 1077 τὸν
2599 1022 3029 1101 οἶκουργήσοντα
3088 1021 3338 1099 βασιλέα,
3386 1024 3475 1079 καὶ
3533 1024 3658 1101 πρὶν
3687 1030 3836 1083 τοῦτο

2197 1109 2461 1188 γενέσθαιο
2519 1110 2610 1167 καὶ
2666 1114 2928 1188 καθάπερ,
2984 1116 3167 1187 οἶμαι,
3226 1118 3307 1188 τῷ
3364 1120 3620 1190 τεχνητῷ
3670 1117 3839 1193 τούτῳ

2198 1202 2337 1275 φωτί
2368 1202 2402 1271 ἡ
2434 1200 2603 1276 μικρὰ
2628 1202 2763 1278 πρὸς
2793 1203 2855 1258 τὸ
2918 1201 3055 1279 μέγα
3105 1203 3195 1259 καὶ
3254 1201 3530 1260 ἀδάπανον
3563 1205 3840 1280 ὁμοιότης,

2197 1312 2321 1364 της,
2358 1288 2506 1348 τοῦθ’
2565 1294 2595 1347 ὅ
2646 1297 2738 1348 νῦν
2794 1294 3294 1371 προσαγορεύεσθαι
3355 1293 3579 1370 δέδωκε,
3636 1298 3840 1355 κάκεῖνο

2196 1380 2458 1456 πρότερον
2484 1379 2802 1456 ἐγνωκότες,
2853 1383 2930 1447 εἷς
2982 1384 3244 1453 τοιαύτην
3300 1385 3388 1440 καὶ
3437 1391 3599 1443 τοῦτο
3657 1386 3841 1461 κεκλήι

2197 1490 2366 1545 καμεν
2395 1469 2726 1545 ἐπωνυμίαν·
2784 1471 2878 1529 τὸν
2936 1471 3055 1529 ἴσον
3112 1474 3214 1549 ἂρα
3243 1475 3445 1546 τρόπον
3471 1476 3540 1531 τὰ
3568 1477 3661 1533 νέα
3691 1479 3843 1554 ’Ἅγια

2196 1560 2383 1636 ἁγίων,
2433 1563 2468 1632 ἡ
2518 1565 2609 1618 νῦν
2666 1564 2816 1636 ἡμᾶς
2872 1564 3140 1641 ἁγιάσασα
3194 1564 3340 1643 λέγω
3386 1565 3549 1642 κόρη,
3580 1567 3648 1624 τὰ
3678 1566 3842 1625 πάλαι

2198 1653 2370 1729 ’Ἅγια
2400 1649 2566 1728 ἁγίων
2600 1653 2746 1708 οὕτω
2777 1658 3069 1732 φωνεῖσθαι
3099 1655 3391 1727 πεποίηκε.

436 1748 603 1819 prius
629 1746 779 1802 illud
804 1745 1185 1818 cognovimus
1215 1763 1229 1814 ;
1259 1744 1468 1802 eadem
1500 1762 1742 1817 prorsus
1773 1744 2007 1801 ratione
2030 1747 2097 1799 ut
2124 1748 2323 1799 vetera
2351 1742 2457 1799 illa
2477 1744 2685 1800 Sancta
2713 1752 3027 1801 sanctorum
3058 1746 3141 1801 sic
3189 1747 3656 1823 appellarentur,
3690 1765 3836 1807 nova

435 1838 563 1894 haec
630 1837 1038 1910 prmstiterunt
1091 1838 1298 1893 Sancta
1344 1842 1683 1905 sanctorum,
1733 1834 1868 1902 ista,
1950 1834 2221 1907 inquam,
2280 1832 2501 1906 puella,
2542 1850 2674 1906 quae
2712 1851 2872 1893 nunc
2927 1841 3148 1893 nostra;
3199 1839 3686 1897 sanctiﬁcationis
3763 1844 3850 1898 est

436 1926 691 1983 auctrix.

504 2018 571 2072 V.
627 2017 699 2074 Et
747 2032 890 2073 sane
934 2013 1267 2072 recentiora
1321 2014 1448 2071 haec
1498 2013 1711 2071 Sancta
1735 2017 2077 2070 sanctorum

2259 2012 2336 2068 E‘.
2370 2011 2474 2069 Καὶ
2528 2011 2596 2082 ἦν
2640 2007 2912 2083 δήπουθεν
2971 2013 3038 2070 τὰ
3094 2013 3378 2095 πρόσφατα
3434 2017 3604 2093 ’Ἅγια
3666 2015 3841 2095 ἆγίων

437 2122 589 2162 nova
644 2105 901 2177 quadam
949 2104 1182 2162 ratione
1223 2104 1524 2161 veteribus
1582 2104 1701 2159 illis
1758 2108 1896 2160 sunt
1935 2103 2092 2160 anti-

434 2196 871 2269 quiora.Neque
902 2195 1061 2251 enim
1083 2195 1189 2251 illa
1219 2194 1428 2251 sortita
1455 2195 1729 2265 fuissent,
1753 2198 1823 2251 ut
1849 2195 1961 2251 hoc
1992 2210 2094 2249 no-

432 2286 595 2342 mine
627 2291 995 2355 vocarentur,
1028 2284 1145 2340 nisi
1174 2285 1246 2351 is,
1281 2284 1382 2356 qui
1442 2300 1477 2340 a
1529 2283 1704 2357 longe
1734 2300 1831 2339 res
1860 2283 2091 2339 futuras

430 2376 848 2449 prospiciebat,
879 2376 953 2432 ob
978 2375 1180 2431 oculos
1220 2374 1552 2447 posteriora
1606 2373 1732 2430 haec
1760 2374 2090 2444 habuisset,

423 2471 667 2539 propter
697 2482 829 2537 quas
860 2464 975 2520 illis
1027 2481 1266 2536 quoque
1300 2469 1359 2520 et
1417 2463 1662 2532 exstrui,
1698 2469 1757 2519 et
1814 2463 2087 2519 sanctifi—

426 2555 599 2611 candi
629 2555 681 2610 vi
711 2554 956 2627 pollere,
989 2560 1049 2610 et
1079 2571 1212 2627 quas
1259 2553 1398 2609 inde
1459 2560 1590 2610 orta
1627 2557 1718 2609 est
1764 2552 2083 2626 appellatio

425 2645 690 2718 contigit,
724 2660 844 2701 non
868 2661 1040 2702 secus
1071 2661 1139 2701 ac
1170 2644 1379 2701 siurbs
1408 2644 1681 2717 quaadam
1711 2661 1745 2701 a
1777 2644 2084 2701 conditore

427 2750 533 2791 suo
556 2750 776 2791 nomen
797 2739 1077 2806 reportet.
1092 2733 1319 2790 Idcirco
1353 2734 1695 2801 enim,sicut
1715 2733 1939 2789 dictum
1971 2739 2082 2803 est,

428 2828 487 2880 et
517 2828 818 2881 exstructa
844 2823 950 2880 illa
977 2825 1243 2891 fuerunt,
1276 2829 1336 2879 et
1382 2824 1679 2897 appellata
1709 2828 1849 2880 sunt
1875 2824 2084 2880 Sancta

425 2919 755 2984 sanctorum,
789 2914 947 2985 quod
978 2914 1054 2970 ad
1094 2931 1227 2971 eam
1268 2914 1704 2986 excipiendam,
1760 2931 1892 2987 quae
1942 2914 2081 2986 jure

423 3004 636 3060 merito
665 3004 780 3059 hoc
796 3003 1043 3060 nomine
1064 3009 1270 3059 essent
1291 3003 1634 3059 exornanda
1655 3005 1794 3076 (48),
1816 3002 2078 3074 Ρτωάθε-

428 3092 617 3147 tinata
644 3092 900 3148 fuerant.

499 3163 590 3220 VI.
615 3162 728 3219 Sed
749 3160 1528 3235 insuper,quemadm0dum
1549 3160 1725 3232 Deus,
1754 3165 2077 3234 antequam

2198 2102 2388 2157 καινόν
2448 2122 2567 2156 τινα
2607 2101 2811 2179 τρόπον
2865 2104 2973 2159 τῶν
3040 2101 3421 2183 πρεσϐυτέρων
3495 2105 3843 2184 ἀρχαιότερα·

2198 2189 2315 2246 ἐπεὶ
2370 2187 2623 2246 οὐδέποτ’
2677 2190 2737 2249 ἄν
2786 2194 2934 2249 τοῦτ’
2988 2194 3142 2271 εἶχον
3213 2193 3487 2267 κληθῆναι
3546 2194 3745 2271 ἐκεῖνα,
3797 2196 3843 2253 εἰ

2202 2280 2279 2354 μὴ
2308 2285 2426 2343 τοῖς
2452 2279 2519 2336 τὰ
2573 2280 2764 2359 πόῤῥω
2837 2280 3133 2359 βλέπουσιν
3187 2284 3496 2361 ὀφθαλμοῖς
3533 2286 3601 2341 τὰ
3649 2284 3841 2364 ὕστερα

2194 2371 2364 2425 ταῦτα
2391 2368 2662 2444 προύτὲθη
2731 2370 2838 2446 πρὸ
2896 2370 3219 2450 ὀφθαλμῶν,
3281 2370 3351 2428 δι’
3398 2372 3433 2428 ἄ
3487 2375 3577 2430 καὶ
3624 2375 3687 2430 τὸ
3745 2396 3843 2453 φασι

2195 2463 2353 2527 νῆναι
2386 2458 2473 2513 καὶ
2515 2458 2754 2534 ἁγιάζειν
2814 2457 3058 2531 ἐκείνοις,
3102 2461 3193 2517 καὶ
3250 2464 3285 2532 ἡ
3345 2460 3583 2519 ἐντεῦθεν
3639 2482 3847 2540 προση-
3886 2492 3909 2505 ο

2194 2545 2377 2624 γορία,
2410 2548 2649 2624 καθάπερ
2681 2547 2845 2612 πόλις
2909 2551 3011 2619 τήν
3069 2549 3383 2625 ἐπωνυμίαν
3423 2553 3528 2608 ἀπὸ
3593 2556 3691 2609 τοῦ
3729 2553 3851 2609 κτί-

2196 2632 2385 2701 σαντος
2415 2636 2696 2713 εἰληφυῖα·
2731 2636 2821 2694 διὰ
2873 2642 3032 2694 τοῦτο
3089 2640 3216 2716 γὰρ,
3261 2641 3404 2717 ἥπερ
3465 2640 3704 2717 εἷ’ρηται,
3758 2644 3848 2701 καὶ

2192 2727 2586 2784 κατεσκεύαστο
2664 2728 2756 2784 καὶ
2842 2726 3074 2798 ἤκουσεν
3153 2731 3324 2807 ’Ἅγια
3405 2730 3575 2807 ἁγίων
3652 2732 3851 2803 ἐκεῖνα,

2192 2817 2275 2874 ὅτι
2369 2814 2752 2874 διαναπαύσειν
2854 2819 3168 2895 προώριστο
3267 2821 3359 2875 τὸν
3463 2823 3613 2877 τοῦτ’
3687 2822 3853 2894 ἀξίως

2188 2905 2510 2964 ἀκούσαντα.

2258 3171 2321 3241 ζ’.
2351 3167 2575 3235 Ἀλλως
2640 3192 2700 3228 τε
2751 3170 2809 3228 δὲ
2863 3173 3099 3250 καθάπερ
3151 3172 3380 3250 οὐρανὸν
3440 3173 3531 3230 καὶ
3562 3179 3672 3252 γῆν
3737 3175 3835 3234 καὶ

427 3253 735 3310 hominem
765 3252 1069 3323 conderet,
1101 3257 1345 3326 propter
1365 3252 1670 3308 hominem
1693 3251 1834 3308 fecit
1863 3252 2077 3310 ccelum

2199 3256 2289 3315 ἴσα
2344 3264 2450 3316 τῶν
2509 3261 2828 3337 ὁρωμένων,
2885 3264 3017 3340 πρὶν
3075 3261 3356 3340 ἄνθρωπον
3419 3251 3584 3338 εἶναι,
3634 3262 3725 3321 διὰ
3748 3268 3848 3324 τὸν

430 3351 489 3402 et
517 3351 758 3414 terram,
791 3349 851 3400 et
881 3348 1173 3417 quotquot
1218 3348 1358 3400 sunt
1377 3360 1471 3398 res
1490 3343 1788 3398 visibiles:
1822 3343 1895 3399 ad
1920 3360 2079 3399 eum-

2199 3347 2474 3425 Mme
2510 3352 2807 3424 πεποίηκεν
2866 3355 2894 3410 ὁ
2951 3354 3104 3417 Θεόςο
3162 3356 3254 3411 τὸν
3306 3354 3466 3411 αὐτὸν
3499 3351 3605 3411 ἔδει
3635 3357 3850 3433 τρόπον

426 3435 564 3492 dem
590 3435 834 3493 modum
865 3435 1193 3508 oportebat,
1247 3438 1313 3490 ut
1365 3437 1607 3506 pr0pter
1663 3450 1874 3489 novam
1927 3434 2079 3489 hanc

2199 3438 2279 3494 καὶ
2338 3435 2426 3495 διὰ
2478 3441 2541 3495 τὸ
2606 3441 2794 3497 καινὸν
2848 3440 3250 3519 δημιούργημα
3306 3450 3491 3515 τοῦτο,
3557 3445 3651 3501 τὸν
3707 3445 3857 3523 ὑπὲρ

423 3530 757 3582 creaturam
805 3524 938 3595 (49),
987 3529 1229 3596 propter
1279 3523 1438 3579 hunc
1490 3522 1794 3578 hominem
1853 3523 2079 3594 angelis

2199 3527 2312 3590 βόας
2344 3527 2650 3603 ἂνθρωπον,
2681 3532 2929 3607 κρεῖττόν
2990 3554 3042 3588 τι
3098 3537 3209 3589 τῶν
3266 3535 3549 3610 προτέρων
3607 3522 3859 3608 οἱκητήζ-

424 3615 868 3689 ρῐωοθιιθῐιιθω
897 3615 998 3685 (sc.
1060 3612 1324 3685 Mariam)
1377 3613 1747 3669 domicilium
1780 3612 2078 3685 quoddam

2199 3637 2302 3688 οιον
2337 3614 2842 3698 δημιουργηθῆναι·
2904 3623 3114 3678 Γίνεται
3166 3624 3371 3679 τοίνυνο
3432 3626 3521 3680 καὶ
3561 3625 3628 3695 ἧς
3686 3624 3861 3684 οὐδὲν

424 3705 724 3777 prioribus
752 3702 1012 3761 nobilius
1062 3703 1439 3759 conderetur.
1471 3703 1806 3759 Exstruitur
1852 3703 2075 3775 itaque,

2199 3713 2372 3764 τιτῶν
2401 3710 2817 3787 προγεγονότων
2876 3711 3144 3787 τετύχηκε
3200 3716 3592 3789 προσηγορίας,
3622 3715 3723 3785 τήν
3788 3715 3858 3789 ἐξ

424 3802 483 3852 et
510 3794 1177 3870 appellationemillam,
1201 3812 1235 3851 a
1254 3794 1566 3850 sanctitate
1580 3810 1794 3866 nempe
1814 3794 2073 3861 ductam,

2199 3796 2492 3875 ἱγιωσύνης
2524 3796 2691 3875 λέγω,
2719 3797 2836 3854 ἐπεὶ
2869 3798 3045 3863 οὐδεὶς
3103 3802 3301 3865 ἱκανῶς
3358 3803 3478 3882 εἶχε
3519 3808 3624 3859 τῶν
3665 3802 3864 3863 πάλαι

422 3903 600 3960 quam
631 3886 797 3943 nulla
816 3902 910 3943 res
939 3885 1055 3942 alia
1085 3902 1155 3941 ex
1184 3885 1419 3956 iis,quae
1441 3885 1613 3940 factae
1631 3884 1796 3956 prius
1815 3883 2073 3952 fuerant,

2199 3887 2539 3961 Ξργαστήριον
2626 3886 2938 3962 ἁγιωσύνης
3018 3888 3444 3965 κεκληρωιιὲναι,
3519 3892 3724 3964 ταύτης
3822 3896 3860 3951 6

424 3978 638 4050 adepta
687 3983 833 4041 erat,
857 3982 1172 4049 propterea
1194 3974 1354 4045 quod
1374 3973 1539 4029 nulla
1566 3974 1723 4029 inter
1750 3974 1907 4031 mdes
1939 3974 2072 4048 (50),

2199 3974 2328 4052 ιερὸς
2358 3974 2562 4041 ἐκεῖνος
2588 3978 2850 4053 τυγχάνει
2881 3979 3048 4050 σηκὸς
3108 3976 3198 4036 διὰ
3233 3980 3324 4036 τὸν
3382 3982 3684 4058 ἁγιώτατον
3746 3981 3864 4040 ἄν·

2184 4065 2424 4139 θρωπον,
2473 4066 2537 4120 τὸ
2593 4068 2972 4146 πανάχραντον
3035 4072 3244 4142 σκεῦος,
3302 4072 3364 4126 τὸ
3419 4072 3863 4147 παναμώμητον

420 4174 561 4214 nam
592 4156 700 4228 (51)
732 4156 796 4212 in
828 4172 889 4211 se
919 4155 1184 4227 recipere
1218 4159 1541 4227 meruerat,
1575 4154 1752 4221 hanc,
1804 4154 2072 4225 inquam,

2199 4158 2368 4234 ἱγγος,
2399 4158 2462 4213 τὸ
2496 4157 2630 4235 μέγα
2658 4160 2745 4216 καὶ
2778 4158 3129 4231 ἀκηλίδωτον
3160 4163 3473 4238 κειμήλιον,
3520 4166 3620 4236 τὴν
3664 4186 3870 4224 πανυ-

415 4243 874 4318 appellationem
886 4247 1129 4315 pr0pter
1138 4242 1440 4298 hominem
1450 4242 1610 4298 hunc
1622 4242 2051 4301 sanctissimum
2062 4286 2076 4309 ,

2199 4244 2452 4323 τὲραγνον
2479 4253 2577 4304 τοῦ
2615 4255 2753 4306 Θεοῦ
2786 4251 2970 4325 Λόγου
3005 4255 3239 4328 μητέρα.

418 4337 667 4408 propter
700 4349 800 4389 vas
857 4330 1004 4388 illud
1060 4348 1305 4403 prorsus
1353 4330 1830 4399 immaculatum,
1881 4349 2095 4392 urnam
2143 4338 2554 4413 purissimam,
2615 4340 2980 4398 ditissimum
3026 4360 3094 4399 ac
3137 4344 3600 4403 mundissimum
3649 4347 3867 4410 cime-

406 4427 585 4507 lium,
617 4432 1609 4506 undequaqueinnocentissimam
1668 4434 1776 4504 (52)
1842 4433 1945 4490 Dei
2003 4435 2175 4492 Verbi
2240 4444 2514 4514 matrem,
2576 4458 2811 4500 sacrum
2849 4442 3001 4501 illud
3030 4444 3324 4517 templum
3389 4447 3667 4505 sortitum
3715 4456 3872 4516 est.

424 4086 556 4140 quae
588 4066 842 4123 conditas
883 4066 1024 4122 olim
1076 4066 1334 4131 fuerant,
1368 4064 1860 4121 sanctiﬁcationis
1891 4065 2076 4121 ofﬁci-

1767 4564 1912 4622 Ant.
1945 4558 2245 4627 Ballerini
2274 4574 2467 4631 notae.

418 4772 431 4784 .
490 4700 599 4784 (t7)
648 4695 1022 4784 Itaucodex:
1072 4692 1715 4784 emendationequua
1764 4691 2071 4784 locu's‘iste
2101 4705 2146 4772 Ι)
2179 4701 2503 4784 creatione_
2532 4701 2919 4784 intelligenda
2969 4704 3096 4784 haec
3137 4710 3294 4764 sunt.
3355 4708 3619 4784 Aprima
3647 4707 3883 4783 igitur

414 4765 688 4864 indigere
712 4772 961 4854 videtur,
996 4769 1427 4864 saLpientiorum
1458 4765 1685 4864 judicio
1716 4770 2063 4864 permittere
2102 4765 2140 4772 ⁷
2176 4773 2267 4856 sui
2325 4776 2625 4864 creatione
2672 4765 2854 4833 Maria
2909 4779 3265 4864 praedicatur
3319 4765 3598 4864 utiiopus
3647 4765 3880 4854 p155;

415 4839 1174 4931 Plailﬁi.‘Suspiciosubire
1203 4844 1428 4913 posset,
1481 4839 1769 4895 excidisse
1799 4842 2064 4914 particu-
2175 4845 2478 4931 eximium,
2536 4853 2713 4919 atque
2767 4839 3051 4921 angelicis
3107 4850 3250 4921 ipsis
3306 4839 3613 4924 spiritibus
3647 4839 3884 4928 Ῥέῖῖεῖ.

412 4913 854 5071 ιᾶῗξβῗᾘιιεξηῐο
894 4983 1118 5071 magis“
1136 4986 1283 5068 haec,
1338 4988 1397 5041 et
1451 4982 1570 5071 alia
1620 4982 1920 5071 ejusmodi
1953 5002 2061 5071 per

2199 4916 2569 5071 ’θίὲἶῗδᾟιιιά
2625 5005 2842 5063 nempe
2908 4987 3091 5055 οὐδείς
3148 4994 3326 5050 retuli
3415 4995 3489 5051 ad
3566 5011 3890 5071 Sequens

410 5053 696 5137 orationis
720 5053 1059 5137 decursum,
1078 5057 1340 5137 Deiparaa
1365 5053 1751 5137 sanctitatem
1771 5053 2055 5137 exaltant,
2169 5053 2358 5137 σηκός)

412 5128 560 5184 adeo
591 5133 659 5184 ut
686 5127 836 5182 nihil
870 5128 1132 5210 sanctius
1164 5126 1225 5181 in
1274 5129 1485 5210 creatis
1533 5126 1850 5209 excogitari
1882 5126 2056 5210 posse
2225 5126 2349 5257 (5ιέ
2382 5136 2598 5188 Notum
2630 5138 2739 5203 est,
2769 5134 3016 5193 Mariam
3048 5154 3203 5211 saepe
3244 5155 3279 5195 a
3307 5139 3583 5197 Patribus
3614 5157 3648 5197 a
3694 5150 3896 5217 pel-

412 5198 703 5255 suadeant
734 5215 748 5257 :
784 5216 852 5255 eo
882 5198 1118 5257 longius
1149 5200 1546 5257 susmcionem
1569 5198 1740 5257 labis.
1774 5216 1891 5257 qua
1907 5200 2056 5256 nihil
2164 5201 2273 5257 lari
2354 5204 2677 5257 ογαστῆοιον
2730 5206 3074 5257 (οΐήοὶηανηὶ-
3154 5216 3462 5257 nmntnmn
3516 5158 3692 5257 ηιιιπί)
3794 5221 3885 5257 ς..

409 5198 1125 5292 ξξιξιςιξξξῑξιίέξεξέἓιξείειὶεξ
1149 5198 2056 5292 sarissasmnlelzié;allicit?
2164 5198 2297 5292 {sit
2323 5198 2677 5292 ἒεῖαεξτήριον
2726 5198 3075 5292 (ofﬁcinae),
3131 5198 3469 5292 ‘proptema
3516 5198 3739 5292 qvod"
3771 5198 3893 5282 'i‘n

403 5275 497 5352 est
518 5270 815 5326 sanctitati
839 5269 1150 5364 infensius:
1183 5269 1255 5325 ab
1289 5271 1495 5326 eadem
1527 5269 2055 5342 Deipara’sanctis-
2164 5273 2302 5364 sinu
2326 5269 2594 5364 ejusdem
2616 5269 2939 5360 purissimo
2965 5269 3119 5336 Deus
3155 5269 3599 5339 incarnationis
3659 5269 3902 5364 may-3....

407 5340 1307 5435 sima‘re’mozer‘ezdebe'ntLﬂ-
1359 5340 1688 5435 nun“;
1738 5431 1749 5435 Α
1784 5430 1823 5435 ’Δ
1856 5430 1877 5435 Δ
1914 5431 1930 5435 _
1978 5431 2030 5435 Ν
2163 5340 2401 5435 teriuni,
2426 5346 2592 5435 unde
2614 5340 2807 5405 omnis
2829 5353 3220 5409 sanctiﬁcatio
3255 5360 3344 5410 est
3390 5361 3446 5411 et
3475 5355 3661 5426 salus,
3682 5340 3904 5435 35;-

475 5413 585 5484 (49)
635 5412 801 5479 Quod
843 5413 1015 5484 Virgo
1063 5413 1316 5484 Deipara
1356 5410 1689 5483 appelletur
1733 5430 1877 5471 nova
1906 5431 2054 5472 crea-
2160 5422 2324 5473 ratus
2356 5410 2465 5474 est.

405 5483 552 5570 tura,
609 5485 833 5556 pluries
880 5483 1405 5570 id"_apud.’Pat‘res
1449 5485 1732 5570 occurrit:
1756 5486 2051 5570 Orationis
2164 5559 2196 5570 _
2231 5490 2343 5570 (.52)
2368 5489 2509 5546 Vide
2561 5491 2824 5570 studium
2864 5495 3049 5570 plane
3107 5496 3409 5570 singulare
3475 5498 3906 5569 celebrandi

405 5533 1209 5637 autemrconsequentiabic
1252 5556 1433 5682 plane
1480 5554 1759 5636 postulat.
1805 5564 1872 5613 ut
2159 5533 3913 5651 ve‘i'Z’rae'ﬁla-€55.33;'Fviﬁ'SBFev?E§?§i:}Zr£§£§E“33:

405 5629 543 5683 dum
573 5634 837 5684 creaturae
874 5643 996 5684 non
1024 5627 1198 5684 aliter
1293 5644 1323 5683 e
1352 5629 1553 5687 Maria.
1608 5642 1675 5682 ac
1704 5628 1881 5687 paulo
1911 5637 2048 5686 ante
2157 5577 2324 5687 riogo
2348 5633 2659 5687 Deinaram
2681 5637 3060 5687 nrmdicatam
3094 5641 3177 5687 uti
3201 5641 3605 5687 πανάνοαντον,
3640 5663 3862 5687 an..-
3886 5685 3901 5687 Α

400 5627 543 5715 ditio
569 5627 996 5715 creaturz’Onon
1024 5627 1198 5713 aliter
1232 5627 1323 5715 ‘de
1352 5627 1565 5715 ξενίαι
1590 5642 1675 5715 ac
1703 5628 2048 5715 paulo_ante
2157 5627 2324 5715 riodo
2348 5627 3180 5715 Deip_aram_prmdicatam_uti
3201 5627 3608 5715 πανάχραντον,
3640 5627 3910 5710 παῗᾶξ

400 5700 472 5756 de
492 5700 684 5774 primo
705 5699 968 5773 homine,
1003 5699 1345 5774 accipiatur.
1371 5701 1450 5757 De
1477 5697 1671 5771 prima
1695 5697 1831 5772 ergo
1853 5702 2047 5759 Mariae

2199 5697 2846 5783 dipmovfdxnlt'o’anov,
2876 5709 3301 5791 πανυπέραγνον.
3431 5697 3623 5772 facilis
3651 5697 3654 5698 ν
