4104 6300
301 338 386 397 49
1147 333 1413 394 SERMO
1458 335 1547 395 IN
1591 331 1962 394 PR/ESEN'I

2075 331 2336 395 ‘IONEM
2379 333 2451 394 B.
2498 332 2572 394 ν.
2619 332 2920 394 ΜΛΒΙΛΕ.
3626 283 3744 406 .50

313 469 534 527 merito
567 467 722 523 inter
751 465 1004 524 nomina
1030 471 1392 537 censeretur,
1427 483 1556 538 quae
1588 468 1818 540 aptiora
1847 467 1920 524 ad
1977 465 2278 524 ineffabile
2337 467 2448 522 hoc
2498 467 2601 523 Dei
2653 465 3016 527 domicilium
3073 467 3507 543 designandum
3545 475 3738 536 videri

321 560 554 614 debent.

389 649 442 705 Γ.
479 650 635 701 Δοκῶ
668 643 726 700 δέ
764 666 860 718 μοι
892 645 982 699 καὶ
1019 649 1202 714 τοῦτο,
1235 646 1307 706 ὡς
1343 645 1406 700 ού
1449 650 1549 714 τῆς
1596 643 1719 716 ἴσης
1759 646 1818 700 ἄν
1869 643 1962 700 ἐνε-

2155 649 2230 702 Χ.
2272 645 2423 701 Illud
2471 647 2719 718 insuper
2765 664 3113 718 persuasum
3159 651 3372 722 habeo,
3434 669 3735 715 summum

316 743 534 816 φορεῖτο
570 736 834 797 θεοπτίας
879 737 907 790 ὁ
956 735 1088 809 ἅπαξ
1137 737 1201 788 τὰ
1253 733 1418 789 ἄδυτα
1468 735 1649 789 εἴσιὼν
1709 737 1977 814 ἰεράρχης

315 827 516 895 ἐκεῖνα,
551 832 655 894 τῆς
707 846 766 881 τε
815 819 1221 898 παμϐασιλίδος
1266 831 1380 887 τοῖς
1431 824 1654 886 οἷ’κείοις
1697 825 1976 899 παρούσης

313 914 640 990 βασιλείοις,
673 915 764 968 καὶ
818 914 908 968 ’ὀτε
955 916 1028 986 μὴ
1080 915 1223 968 τοῦτ’
1272 913 1530 990 ἐγίγνετο·
1584 912 1729 968 ἀλλὰ
1778 912 1976 985 πολλῷ

311 1006 627 1079 κρείττονος
688 1001 762 1057 δι’
839 1002 1010 1057 ἐκεῖνο
1101 1001 1413 1082 μετειλήφει
1495 1002 1724 1077 θεωρίας
1781 1004 1816 1073 ἢ
1874 1008 1975 1071 τῆς

315 1095 614 1164 Δεσποίνης
647 1094 922 1164 ἀπούσηςο
944 1094 1098 1150 Ἐπεὶ
1130 1095 1233 1169 γὰρ
1291 1093 1505 1148 πάντων
1547 1093 1849 1168 ἀνθρώπων
1881 1092 1972 1147 καὶ

310 1185 587 1260 ἱεραρχῶν
653 1183 707 1253 ἐξ
760 1181 998 1258 ἀνάγκης
1048 1181 1412 1257 πλησιεστέρα
1469 1187 1606 1254 Θεῷ,
1669 1180 1782 1237 οὐδ’
1845 1182 1970 1237 ὅσον

311 1274 481 1330 εἴπεῖν
531 1272 762 1342 ἔνεστιν,
822 1275 858 1342 ἡ
920 1272 1210 1347 Ηαρθένος,
1269 1271 1548 1349 ἀναλόγως
1612 1274 1703 1329 καὶ
1757 1273 1972 1328 πάντων

308 1365 565 1420 ἐπέκεινα
624 1364 914 1437 θεαμάτων
966 1361 1024 1416 ἄν
1113 1362 1340 1437 ὑψηλῶν
1428 1363 1718 1438 ἐτύγχανεν
1779 1363 1968 1435 εὑμοι-

311 1458 500 1528 ροῦσα·
534 1455 594 1517 ’ὸς
623 1451 671 1507 δ’
725 1453 905 1523 ἐκείνῃ
938 1455 1122 1522 συνῆν,
1181 1450 1532 1521 τηλικούτων
1585 1446 1969 1526 ἀπολαϐούσῃ,

312 1542 552 1619 βελτίων
610 1540 670 1599 ἄν
729 1541 796 1610 ἦν
858 1541 1050 1596 ἑαυτοῦ
1127 1542 1366 1611 πάντως,
1451 1540 1688 1616 καθάπερ
1774 1541 1970 1618 φώτων

308 1633 440 1709 ὑπὲρ
502 1631 779 1706 βασιλέως
836 1634 1207 1706 προκειμένων
1259 1632 1649 1709 φωτεινότερον
1711 1632 1767 1684 o't
1825 1650 1968 1705 παρ-

307 1724 450 1784 ὀντες
484 1724 707 1794 ὁρῶσιν.

302 1839 554 1896 prorsus
587 1839 651 1877 se
684 1821 817 1893 ipso
850 1821 1044 1892 aptior
1075 1821 1316 1876 evadere
1351 1819 1575 1891 debuit,
1609 1837 1730 1876 non
1761 1835 1930 1875 secus
1970 1833 2037 1872 ac

303 1917 448 1983 quot
485 1917 819 1984 praisentes
851 1910 1086 1979 adsunt,
1122 1912 1340 1967 clarius
1371 1911 1588 1968 vident.

372 2003 488 2058 IA’.
518 1999 676 2057 Ἀλλ’
713 1999 986 2072 ὑμνητέον
1019 2001 1210 2074 μικρὸν
1241 1997 1440 2055 ἄνωθεν
1487 2000 1556 2054 τὰ
1602 1998 1725 2074 περί
1776 1998 1965 2070 αὐτὴν,

302 2090 366 2145 ἶν’
397 2091 503 2145 ἀπὸ
533 2097 638 2159 τῆς
687 2090 836 2151 θείας
889 2089 1055 2159 αὐτῆς
1106 2089 1155 2143 ἐν
1209 2091 1317 2165 βίῳ
1352 2087 1594 2166 προόδου
1640 2090 1714 2151 εἰς
1744 2090 1843 2158 τήν
1893 2086 1968 2148 εἷς

303 2180 370 2236 τὰ
401 2182 562 2254 Ἀγια
592 2184 704 2234 τῶν
751 2180 927 2256 ἁγίων
985 2176 1193 2234 εἶ’σοδον
1245 2177 1563 2244 ἀκολούθως
1596 2181 1623 2234 ὁ
1655 2177 1820 2254 λόγος
1867 2175 1964 2245 τήν

304 2271 574 2346 Πάναγνον
610 2272 779 2346 φέρῃ.

376 2533 629 2582 Γεννᾶται
663 2528 847 2582 τοίνυν
876 2527 940 2580 τὸ
993 2526 1378 2600 διαυγέστατον
1406 2529 1571 2580 τοῦτο
1625 2524 1853 2596 κάλλος,
1902 2527 1965 2581 τὸ

315 2618 747 2671 θεοπτικώτατον
833 2612 1120 2692 ἔσοπτρον,
1207 2615 1271 2669 τὸ
1340 2611 1708 2670 Θεοιδέστατον
1761 2615 1965 2670 κάτοπ-

328 2724 472 2778 τρον,
519 2708 556 2772 ἡ
605 2703 927 2778 θεολαμπής
977 2703 1170 2778 αἳγλη,
1223 2707 1257 2774 ἡ
1291 2705 1585 2779 θεοτερπὴς
1627 2702 1962 2778 λαμπηδὼν,

327 2794 362 2862 ἡ
396 2795 694 2866 θεοπρεπής
738 2791 968 2868 ἀγλαία,
1012 2795 1046 2861 ἡ
1079 2793 1380 2870 θεόνυμφος
1428 2793 1516 2847 καὶ
1573 2794 1792 2854 θεόπαις
1846 2795 1962 2850 Μα-

308 2882 424 2956 ρία,
456 2881 512 2937 ἐκ
563 2881 772 2958 στείρας
829 2885 926 2956 μὲν
970 2883 1060 2936 καὶ
1108 2881 1306 2955 ἁγόνου
1357 2883 1604 2958 γαστρὸς,
1653 2880 1965 2936 πολυτόκου

301 2968 358 3026 δὲ
424 2975 610 3048 ψυχῆς
667 2975 895 3046 καρπῶν
957 2973 1276 3048 θεαρέστων,
1350 2971 1440 3025 καὶ
1519 2969 1669 3045 μάλα
1727 2970 1962 3047 γονίμου

300 3061 660 3137 γεννημάτων
729 3060 946 3132 ἐνθέων,
1008 3060 1097 3115 καὶ
1147 3061 1231 3124 οἷς
1288 3057 1515 3139 ἐντρυφᾷ
1573 3060 1702 3123 Θεὸς
1788 3082 1965 3116 τικτο-

292 3171 504 3225 μενοις.

361 3333 472 3388 ΙΒ’.
523 3328 677 3385 Ἔδει
724 3328 826 3404 γὰρ
877 3330 1180 3403 ἡγήσασθαι
1237 3333 1402 3384 τοῦτο
1444 3329 1738 3398 κάνταῦθα,
1787 3332 1863 3394 ὡς
1903 3329 1962 3388 ἇίν

286 3419 395 3476 ἀπὸ
434 3425 650 3495 μικροῦ
675 3418 980 3492 θαύματος,
1009 3420 1106 3487 τήν
1150 3416 1476 3474 παιδοτόκον
1528 3421 1671 3498 φημὶ
1725 3420 1959 3496 στείραν,

279 3511 342 3565 τὸ
395 3511 557 3588 μέγα
607 3512 700 3564 καὶ
759 3505 1216 3583 παραδοξότατον,
1251 3510 1279 3563 ὁ
1309 3512 1408 3574 τῆς
1456 3509 1727 3584 Παρθένου
1770 3531 1960 3566 καινο-

271 3599 573 3674 τομηθερίη
634 3601 824 3668 τόκος,
885 3597 973 3652 ἵνα
1034 3601 1118 3653 καὶ
1172 3604 1302 3661 παῖς
1355 3601 1489 3654 κατᾶ
1551 3602 1759 3674 μητρὸς
1817 3599 1958 3656 οὕτω

2089 737 2480 804 sacerdotem,
2513 738 2614 808 qui
2645 739 2830 792 semel
2870 756 2976 809 per
3024 757 3246 797 annum
3297 743 3358 798 in
3409 761 3576 802 sacra
3631 749 3736 805 illa

2087 827 2420 900 penetralia
2449 827 2659 898 pedem
2703 827 3014 894 inferebat,
3066 831 3224 886 haud
3273 833 3401 904 pari
3451 851 3735 894 mensura

2089 917 2305 971 divinis
2324 916 2650 972 visionibus
2673 919 3048 973 consuevisse
3063 919 3200 989 frui,
3234 923 3471 992 quando
3494 941 3600 981 sua
3622 926 3726 982 illa

2086 1008 2245 1078 regia
2258 1022 2518 1077 praesens
2535 1005 2880 1060 versabatur
2892 1007 3149 1063 omnium
3160 1011 3477 1083 Regina,ac
3489 1016 3726 1085 quando

2084 1094 2222 1150 inde
2238 1095 2366 1166 ipsa
2378 1094 2609 1162 aberat;
2629 1094 2731 1148 sed
2747 1094 2918 1166 longe
2930 1095 3173 1152 uberius
3187 1097 3728 1173 dominapraasente

2083 1200 2261 1254 quam
2276 1184 2481 1238 eadem
2497 1183 3577 1251 absente,ccelestibusrevelationibus
3590 1193 3733 1249 dita-

2083 1278 2208 1328 tum
2226 1273 2430 1328 fuisse.
2455 1274 2600 1329 Cum
2620 1273 2778 1327 enim
2804 1273 2975 1346 Virgo
2998 1291 3119 1346 pra:
3141 1276 3418 1333 omnibus
3439 1278 3616 1350 plane
3633 1281 3734 1337 ho-

2081 1362 2367 1430 minibus,
2389 1379 2456 1417 ac
2478 1363 2728 1433 proinde
2749 1380 2869 1434 prae
2893 1365 3143 1420 summis
3161 1383 3397 1438 quoque
3410 1370 3731 1427 sacerdoti-

2079 1452 2505 1523 bus,quantum
2520 1467 2714 1522 neque
2733 1453 2925 1508 verbis
2949 1453 3147 1525 eloqui
3168 1455 3256 1511 fas
3273 1460 3634 1531 est,propius
3657 1460 3733 1517 ad

2082 1543 2264 1596 Deum
2289 1541 2598 1596 accederet
2621 1559 2634 1607 ;
2657 1558 2778 1612 prae
2801 1543 3080 1599 omnibus
3101 1554 3535 1617 consequenter
3551 1549 3733 1606 etiam

2081 1628 2439 1684 sublimibus
2479 1629 2805 1683 visionibus
2835 1629 3144 1686 fruebatur
3169 1633 3302 1704 (58).
3346 1636 3529 1690 Porro
3561 1637 3729 1708 quis-

2080 1719 2214 1788 quis
2243 1717 2533 1790 ejusmodi
2566 1717 2892 1772 visionibus
2922 1719 3142 1775 fruenti
3190 1738 3454 1792 prasens
3503 1724 3733 1796 aderat,

2089 1815 2324 1887 quando
2370 1814 2693 1873 luminoria
2739 1831 2846 1886 pro
2892 1831 3027 1888 rege
3071 1819 3496 1891 accenduntur,
3548 1827 3726 1893 quot-

2148 1996 2243 2051 Xl.
2278 1997 2491 2051 Verum
2548 1995 2805 2067 pretium
2857 2011 3051 2069 operai
3098 1997 3281 2053 fuerit
3338 2015 3425 2066 ea,
3476 2015 3608 2071 quas
3659 2001 3734 2058 ad

2079 2084 2270 2155 ipsam
2301 2085 2660 2155 (Deiparam)
2693 2089 2982 2156 spectant,
3016 2086 3191 2158 paulo
3214 2087 3391 2143 altius
3421 2093 3731 2160 repetere;

2079 2173 2226 2228 adeo
2261 2177 2345 2240 ut,
2379 2174 2616 2229 initium
2661 2175 2884 2230 ducens
2917 2191 2949 2229 a
2980 2177 3172 2248 primo
3220 2177 3732 2236 innocentissimm

2079 2262 2238 2318 illius
2271 2263 2332 2317 in
2381 2263 2534 2318 hanc
2583 2264 2761 2319 vitam
2818 2265 3089 2337 ingressu
3133 2265 3354 2338 divino,
3409 2284 3603 2324 sermo
3662 2286 3733 2328 ex

2081 2352 2290 2408 ordine
2323 2368 2451 2407 eam
2484 2351 2558 2407 ad
2587 2352 2902 2411 introitum
2932 2354 2996 2410 in
3030 2355 3244 2412 Sancta
3264 2362 3604 2416 sanctorum
3628 2358 3730 2414 de-

2077 2440 2274 2496 ducat.

2148 2532 2476 2587 Generatur
2513 2531 2714 2604 itaque
2767 2532 3147 2604 pulchritudo
3202 2535 3329 2590 hac
3362 2536 3729 2594 divinissime

2076 2620 2395 2692 splendens
2427 2621 2558 2694 (59),
2593 2623 3045 2694 expressissima
3071 2624 3175 2679 Dei
3200 2625 3396 2697 imago
3423 2627 3734 2699 speculum

2076 2712 2179 2765 Dei
2211 2712 2470 2782 speciem
2495 2712 2568 2766 ad
2589 2713 2784 2767 vivum
2815 2713 3102 2782 referens,
3136 2714 3421 2787 splendor
3440 2715 3723 2774 divinitus

2077 2801 2361 2869 emicans,
2388 2801 2568 2872 jubar
2597 2803 2713 2856 Deo
2747 2802 3174 2872 gratissimum,
3207 2808 3486 2860 venustas
3528 2807 3716 2862 Deum

2075 2888 2429 2954 condecens,
2455 2889 2555 2943 Dei
2576 2907 2813 2961 sponsa,
2839 2896 2897 2945 et
2926 2893 3028 2946 Dei
3052 2892 3174 2946 ﬁlia
3195 2892 3410 2960 Maria;
3437 2909 3508 2950 ex
3529 2902 3717 2953 matre

2076 2977 2263 3034 sterili
2297 2978 2538 3050 quidem
2568 2983 2738 3034 utero
2771 2985 2829 3034 et
2866 2980 3223 3052 infmcunda,
3270 2997 3474 3040 verum
3529 2985 3722 3055 quoad

2074 3069 2336 3124 animam
2357 3056 2656 3125 fructuum
2677 3068 2797 3124 Deo
2811 3069 3176 3142 placentium
3192 3069 3724 3143 fuecundissima,et

2073 3158 2408 3230 germinum
2467 3157 2820 3231 divinorum,
2881 3176 3134 3231 quorum
3192 3165 3369 3233 partu
3411 3162 3726 3221 deliciatur

2073 3248 2249 3314 Deus,
2281 3247 2669 3303 feracissima.

2143 3337 2264 3393 XII.
2297 3337 2486 3392 Etiam
2517 3337 2613 3392 hic
2645 3354 2843 3410 porro,
2875 3355 3004 3396 eam
3037 3339 3256 3396 servari
3282 3339 3529 3398 decebat
3557 3359 3721 3400 osco-

2072 3427 2358 3494 nomiam,
2383 3431 2446 3481 ut
2469 3443 2498 3480 e
2521 3427 2738 3482 minori
2761 3428 3070 3496 miraculo,
3097 3429 3314 3486 sterilis
3331 3430 3604 3489 videlicet
3622 3449 3723 3506 pa-

2071 3515 2304 3581 rientis,
2363 3531 2645 3589 magnum
2713 3516 2861 3571 illud
2922 3523 3098 3590 atque
3186 3535 3426 3575 sensum
3479 3538 3720 3578 omnem

2073 3603 2502 3659 transcendens
2523 3606 2860 3678 generantis
2874 3606 3127 3679 Virginis
3149 3624 3365 3664 novum
3387 3609 3720 3682 prodigium

271 3689 581 3766 λαμπρᾶς,
649 3688 794 3743 οὕτω
856 3691 1288 3763 θαυματουργοῦ,
1340 3687 1474 3768 φέρῃ
1523 3690 1591 3744 τὰ
1617 3691 1956 3765 ενικητήριω

2075 3693 2431 3757 initiaretur,
2459 3712 2574 3766 quo
2606 3713 2820 3768 nempe
2851 3701 3104 3754 matrem
3146 3715 3383 3770 quoque
3415 3703 3537 3756 tam
3570 3699 3717 3757 insi-

260 3782 430 3837 ’Δννα
460 3781 604 3856 γᾶρ,
645 3781 680 3846 ἡ
718 3777 853 3850 μετὰ
889 3777 1070 3853 βραχὺ
1101 3775 1464 3840 καλλίπαιδος
1503 3781 1690 3854 μήτηρ
1745 3778 1949 3851 ἐκείνη,

265 3869 351 3926 καὶ
385 3868 674 3940 Ἰωακείμ
706 3867 734 3921 ὁ
767 3865 1088 3940 θαυμάσιος,
1149 3867 1210 3921 τὸ
1260 3865 1543 3931 θεόλεκτον
1599 3869 1686 3922 καὶ
1743 3865 1952 3924 δικαιό-

253 3979 416 4016 τατον
483 3965 726 4034 ζεῦγος,
786 3954 966 4012 τᾶλλα
1036 3957 1128 4029 μὶν
1183 3954 1398 4012 πάντων
1457 3957 1535 4020 εἷς
1599 3955 1948 4031 εὐδαιμονίαν

2063 3799 2260 3856 gnem,
2295 3786 2534 3854 tamque
2594 3783 2810 3839 claram
2859 3787 3166 3842 miraculis
3218 3787 3341 3843 ﬁlia
3385 3794 3714 3862 superaret.

2064 3874 2172 3930 Illa
2204 3872 2497 3944 siquidem
2528 3873 2716 3943 Anna,
2750 3889 2880 3944 quae
2935 3874 3150 3931 deinde
3203 3877 3485 3947 speciosae
3534 3879 3715 3950 hujus

2068 3963 2282 4036 puellze
2315 3967 2505 4018 mater
2551 3963 2755 4032 evasit,
2805 3967 2863 4017 et
2907 3962 3295 4020 admirandus
3344 3966 3717 4055 Joachimus,

1649 4089 1792 4148 Ant.
1827 4088 2120 4151 Ballerini
2151 4093 2339 4152 notae.

325 4228 439 4300 (58)
494 4223 787 4300 Levioris
843 4219 1143 4300 momenti
1179 4218 1363 4300 videri
1420 4224 1761 4300 potuerunt,
1816 4237 1946 4300 quae

256 4291 466 4356 auctor
498 4298 712 4356 habet
734 4294 804 4349 de
848 4297 1054 4347 sancta
1084 4291 1338 4363 Virgine,
1372 4293 1594 4363 crebris
1625 4291 1948 4348 visionibus

251 4373 612 4426 celestibus
630 4365 999 4435 ,divinisque
1023 4362 1479 4435 revelationibus
1505 4363 1950 4434 perfruente.At

254 4459 366 4499 non
402 4444 562 4500 levis
600 4433 887 4514 profecto
903 4433 1208 4514 ’momenti
1241 4439 1331 4489 est
1378 4433 1667 4501 doctrina,
1702 4435 1796 4489 cui
1851 4435 1951 4514 illa

246 4508 1286 4586 quodammbdesuperstruuntur,
1332 4521 1632 4577 quamque
1664 4523 1698 4560 a
1727 4508 1948 4586 sanctis

242 4578 531 4642 Ecclesiae
549 4589 652 4640 Pa
665 4582 737 4635 tri
750 4578 855 4635 bus
873 4595 980 4634 seu
1002 4578 1393 4648 praestitutam
1408 4594 1512 4633 seu
1524 4583 1947 4649 praesumptam

239 4662 512 4731 reperire
550 4660 687 4723 est,
725 4652 828 4731 ubi
861 4649 1245 4731 deAquapiam
1288 4649 1677 4731 praerogativa
1729 4650 1946 4731 Virgini

241 4719 624 4787 vindicanda
666 4719 888 4787 agitur.
924 4719 1204 4785 Quaenam
1226 4736 1360 4773 vero
1392 4737 1460 4774 ea
1488 4719 1581 4775 est
1630 4719 1949 4776 doctrina?

243 4742 624 4787 vmdicanda
666 4744 700 4782 a
747 4742 888 4778 Itur.
924 4742 1204 4785 uumnum
1228 4742 1360 4773 vero
1392 4742 1460 4774 ea
1491 4742 1581 4775 esu
1630 4742 1947 4776 (marina!

243 4804 550 4859 Nimirum
586 4742 844 4856 nuﬁum
881 4792 1118 4849 caeleste
1171 4790 1413 4864 donum,
1465 4790 1695 4846 nullum
1745 4793 1947 4864 gratiae

243 4893 468 4931 munus
501 4881 637 4929 tam
664 4867 1037 4942 praeclarum
1061 4869 1297 4942 tamque
1323 4863 1612 4942 e‘ximium-
1631 4863 1948 4942 excogitari

242 4965 440 5018 posse,
478 4933 686 5018 quod:
700 4933 1472 5018 eminentissima‘quada‘m
1502 4935 1731 5018 ratione
1756 4933 1948 5018 Mariae

241 5004 538 5076 collatum
571 5008 932 5071 existimari
965 5022 1086 5061 non
1118 5004 1348 5076 debeat.
1383 5006 1521 5070 Qua;
1564 5005 1803 5076 quidem
1838 5006 1946 5060 do.

2059 4227 2291 4298 tantum
2322 4221 2540 4298 nonad
2562 4222 2916 4298 quisquilias
2949 4223 3427 4298 rejiciant.Suam
3444 4226 3712 4298 ipsorum

2059 4294 2287 4367 scilicet
2319 4295 2614 4367 inscitiam
2639 4294 2974 4367 luculenter
3003 4294 3281 4367 produnt,
3317 4314 3452 4354 cum
3468 4294 3712 4355 subtili-

2058 4366 2280 4421 tatibus
2313 4366 2681 4439 scholasticis
2720 4366 2871 4420 illud
2913 4366 3245 4439 argumenti
3281 4384 3470 4439 genus
3502 4387 3712 4427 accen-

2058 4442 2212 4512 sent,
2245 4437 2402 4512 quod
2434 4437 2590 4512 apud
2622 4444 2857 4493 sanctos
2889 4437 3162 4512 Ecclesia:
3195 4437 3397 4512 Patres
3429 4443 3710 4512 receptis-

2059 4509 2276 4581 simum
2306 4508 2487 4564 fuisse
2520 4509 2813 4581 ignorant,
2849 4515 2950 4564 aut
2993 4509 3391 4581 dissimulant.
3444 4508 3610 4575 Quod
3659 4513 3709 4568 si

2059 4580 2327 4653 ejusdem
2357 4580 2838 4653 argumentivim
2871 4596 2938 4653 ac
2971 4580 3290 4653 roburuvix
3337 4585 3440 4634 aut
3486 4597 3562 4636 ne
3612 4582 3706 4638 vix

2059 4650 2300 4722 quidem
2351 4650 2553 4706 revera
2608 4651 2720 4722 ipsi
2773 4651 3058 4722 sentiunt,
3111 4650 3265 4722 nihil
3306 4665 3454 4722 sane
3498 4669 3706 4722 aequus

2056 4720 2258 4776 rerum
2291 4724 2615 4777 aestimator
2633 4720 2918 4794 ambiget,
2950 4721 3009 4794 i_d
3032 4737 3152 4775 non
3183 4720 3270 4775 rei
3301 4721 3411 4794 ipsi
3437 4720 3714 4794 Patr—ibus

2059 4793 2255 4848 minus
2305 4799 2626 4864 perspectas
2683 4792 3106 4864 deputandum
3149 4792 3456 4864 essefsed
3508 4797 3703 4852 verius

2057 4864 2255 4918 hebeti
2288 4862 2537 4918 istorum
2570 4862 2778 4924 menti,
2812 4862 2934 4934 qui,
2968 4863 3112 4934 quid
3143 4863 3255 4918 sibi
3313 4866 3410 4920 Dei
3451 4867 3706 4923 Genitria:

2056 4935 2218 5009 velit,
2252 4935 2462 5005 quidve
2497 4934 2807 5009 tremenda
2835 4932 2962 5009 hagc
2997 4932 3262 5009 dignitas
3308 4937 3520 4994 merito
3567 4955 3709 5009 pos-

2059 5003 2335 5081 tulet,_ne
2367 5005 2764 5081 remotissime
2789 5003 3031 5075 quidem
3062 5003 3414 5081 suspicando
3444 5003 3616 5081 pares
3643 5025 3706 5066 se

717 5084 837 5138 late
872 5081 1093 5159 pateat,
1130 5068 1431 5160 quibusve;
1460 5068 1844 5160 argumentis
1877 5093 1948 5132 ex
1980 5068 2024 5134 D
2057 5068 2356 5160 exstitisse
2386 5079 2581 5159 palam
2614 5068 2860 5160 faciunt.

239 5164 386 5236 ipsis
420 5148 572 5216 ﬁdei
611 5161 854 5234 nostrae
872 5148 1202 5222 principiis
1234 5163 1346 5236 pleri
1392 5149 1595 5236 Iiatres
1645 5148 1944 5236 firmetur,

239 5217 689 5291 c‘omrmentarii
730 5217 935 5299 potius
972 5217 1149 5299 quam
1182 5217 1402 5299 notulm
1417 5218 1599 5274 fuerit
1628 5218 1945 5299 disserere.

241 5308 394 5362 Illud
428 5305 703 5360 interim
732 5294 1201 5370 perpenderene
1223 5294 1561 5370 praetereas,
1582 5296 1948 5370 quantopere

239 5377 275 5433 ii
301 5361 360 5434 et
391 5361 907 5448 decipian‘tﬁret
937 5363 1256 5442 decipiant,
1289 5361 1391 5448 qui
1426 5379 1558 5448 c‘um
1595 5362 1679 5444 .de
1707 5361 1947 5448 ‘sanctz‘e

239 5432 498 5524 Virg—ginis
543 5432 907 5521 privilegiis
964 5451 1041 5524 ac.
1073 5432 1390 5524 speciatim
1435 5433 1510 5524 de.
1555 5432 1824 5504 ejusdem
1875 5435 1947 5524 ab

241 5507 518 5593 originali
549 5507 720 5572 χνίιίο
761 5507 1146 5593 immunitate
1197 5520 1391 5593 sermo
1432 5511 1536 5570 est,
1602 5511 1951 5593 argumenta

242 5575 536 5666 theologis
571 5588 849 5649 usitata,
885 5583 944 5633 et
977 5594 1008 5660 a
1039 5575 1315 5666 decentia
1360 5592 1460 5666 sjeu
1515 5576 1947 5666 convenientia,

247 5646 534 5736 Egilia,
574 5662 810 5724 ducta,
835 5646 1007 5725 parvi
1040 5648 1186 5706 adeo
1240 5646 1496 5719 pendere
1537 5647 1831 5718 videntur,
1884 5653 1952 5704 ut

2127 5149 2241 5220 (59)
2262 5147 2514 5221 Inspice,
2539 5147 2730 5221 qualis
2754 5165 2788 5203 a
2806 5147 2929 5204 suis
2954 5147 3140 5220 ipsius
3168 5149 3508 5221 primordiis
3526 5149 3706 5221 Maria

2059 5219 2245 5276 oculis
2278 5219 2495 5291 nostris
2527 5219 2895 5276 exhibeatur.
2930 5219 3019 5275 An
3050 5219 3187 5275 vero
3217 5221 3430 5276 animas
3463 5236 3531 5276 ex
3581 5219 3704 5291 pri~

2058 5293 2262 5347 mitiva
2299 5290 2430 5345 labe
2463 5290 2711 5346 deformi
2743 5307 3071 5347 consonum
3091 5291 3290 5358 fuerit,
3314 5297 3378 5346 ut
3400 5290 3705 5360 divinaap-

2058 5363 2317 5436 pelletur
2347 5362 2726 5433 pulchritudo
2751 5364 2884 5435 ‘?lan
2927 5362 3064 5436 Adae
3117 5361 3702 5436 terre_ni__imaginem

2059 5431 2285 5506 gerenti
2307 5431 2600 5506 congruit,
2626 5440 2689 5490 ut
2711 5431 3163 5506 expressissima
3183 5433 3284 5487 Dei
3316 5431 3704 5506 dicaturima-

2060 5500 2182 5583 go_‘?
2214 5522 2288 5560 an
2335 5500 2596 5583 tenebris
2653 5500 2878 5583 peccati
2936 5503 3247 5583 obvolutae,
3307 5507 3374 5583 ut
3427 5500 3709 5583 splendor

2060 5572 2348 5632 habeatur
2377 5572 2672 5632 divinitus
2698 5575 3009 5631 emicans?
3066 5590 3141 5628 an
3194 5575 3309 5626 Deo
3359 5572 3580 5634 invisae,
3639 5572 3704 5620 ut

2051 5648 2231 5722 jubar
2261 5649 2379 5706 Deo
2410 5648 2811 5723 gratissimum
2843 5651 2900 5702 et
2929 5644 3031 5700 Dei
3064 5643 3183 5699 filia
3204 5642 3546 5698 nominetur
3568 5636 3596 5690 ?
