4104 6300
451 345 524 446 si

1636 378 1927 440 Ismonl
1972 363 2731 440 THESSALONICENSIS
3789 382 3858 442 δε

452 535 560 594 par
591 515 872 574 divinitus
903 516 1156 572 electum
1186 531 1254 572 ac
1279 513 1703 587 justissimum,
1735 512 1845 568 etsi
1898 511 2093 585 quoad

2213 509 2488 585 ἰκράτουν·
2523 511 2658 588 πρὸς
2697 508 2756 567 δέ
2785 533 2848 588 γε
2875 507 3230 570 παιδοποιίαιι
3257 512 3504 584 πενήτων
3549 510 3851 588 ἠλέγχοντο

456 612 672 666 caetera
695 624 904 664 omnes
935 605 1226 662 felicitate
1273 605 1596 673 vincerent,
1643 603 1839 674 quoad
1887 602 2108 658 liberos

461 703 664 756 tamen
693 696 1017 769 gignendos
1046 695 1350 766 quibusvis
1389 693 1590 765 egenis
1612 691 1972 748 infeliciores
2001 709 2113 748 no-

467 788 768 844 tabantur.
802 787 950 842 Hinc
980 802 1114 840 vero
1146 783 1527 856 quotidianus
1559 799 1630 838 ex
1653 783 1954 854 justorum
1975 782 2110 838 illo-

463 893 598 935 rum
631 875 821 934 oculis
843 875 1240 946 lacrymarum
1265 872 1456 928 imber
1480 871 1943 938 deﬂuebat,hinc
1963 872 2110 928 assi-

460 967 593 1024 dum
625 966 1014 1037 erumpebant
1043 963 1378 1037 purissima
1407 979 1636 1034 preces,
1667 961 1807 1018 hinc
1837 961 1942 1018 illa
1971 979 2112 1034 quo-

460 1074 596 1129 que,
648 1055 840 1128 qualis
890 1071 925 1110 a
961 1053 1082 1110 Deo
1138 1068 1446 1123 nunquam
1504 1050 1850 1122 despicitur,
1905 1051 2007 1106 sed
2049 1052 2112 1107 in

2219 597 2657 676 δυστυχέστεροι·
2710 598 2852 666 ἕνθεν
2909 622 2996 658 τοι
3053 603 3141 657 καὶ
3201 601 3444 676 ῥεύματα
3487 602 3583 676 μὲν
3643 601 3854 680 ἆπέῤῥει

2221 689 2467 766 δακρύων
2501 690 2770 767 ὁσημέραι
2827 697 2936 748 τῶν
2996 688 3218 747 δικαίων
3271 689 3571 765 ὀφθαλμῶν
3625 689 3851 760 ἐκείνων,

2221 783 2397 857 συχνή
2431 778 2478 836 δ’
2525 781 2858 855 ἀνεπέμπετο
2916 779 3098 852 δέησις
3140 780 3429 844 θολώσεως
3479 778 3730 856 ἄμικτος,
3775 782 3855 838 καὶ

2222 871 2338 927 οἳαν
2377 869 2500 927 οὕτε
2552 871 2683 934 Θεὸς
2717 875 2952 948 παρορᾷ,
2995 871 3086 926 καὶ
3136 871 3210 934 ὡς
3260 871 3440 945 ὀσμὴν
3489 867 3718 934 εὐωδίας
3766 871 3856 947 ὁρᾷ

2220 958 2523 1038 ἐπαγγελία
2554 956 2894 1036 συμϐολαίου
2933 961 3134 1024 παντὸς
3182 958 3494 1038 πιστοτέρα,
3541 961 3604 1016 τὸ
3657 962 3856 1038 τεχθη-

2223 1050 2451 1124 σόμενον
2483 1048 2794 1107 ἀντιδώσειν
2827 1057 2906 1125 τῷ
2938 1048 3221 1110 δεδωκότι.

463 1147 709 1205 odorem
740 1145 1046 1203 suavitatis
1076 1142 1432 1210 admittitur,
1472 1141 1808 1214 promissio,
1861 1157 2218 1215 quocunque
2251 1143 2368 1200 alio
2397 1149 2568 1216 pacto
2616 1144 2865 1214 ﬁrmior,
2914 1145 3164 1217 prolem,
3217 1144 3266 1202 si
3323 1161 3457 1218 quae
3501 1150 3862 1218 nasceretur,

459 1251 523 1292 se
551 1235 800 1293 donanti
833 1234 1058 1291 donum
1087 1231 1447 1288 reddituros.

535 1327 685 1382 XIII.
719 1325 762 1379 Ο
791 1339 927 1379 vere
957 1323 1150 1394 justas
1199 1337 1429 1394 preces,
1463 1337 1594 1393 quae
1641 1319 1950 1378 velocitate
2006 1337 2113 1377 sua

459 1431 703 1472 omnem
731 1428 1068 1487 pennarum
1095 1411 1353 1468 volatum
1398 1415 1751 1484 superantes
1797 1415 2114 1484 penetrant

462 1505 662 1576 cce-los,
693 1504 768 1560 ad
799 1505 986 1560 Deum
1015 1501 1389 1559 conﬁdenter
1417 1499 1732 1570 accedunt,
1764 1504 1823 1556 et
1862 1500 1934 1556 ab
1961 1499 2111 1573 ipso,

463 1611 598 1666 quas
613 1592 941 1666 postulant,
970 1607 1104 1648 cum
1146 1589 1360 1663 gaudio
1384 1588 1720 1661 reportant!
1744 1589 1787 1644 Ο
1809 1587 1989 1644 corda
2012 1588 2116 1644 illa

2294 1323 2392 1380 II“.
2427 1319 2588 1380 Ἀλλ’
2646 1320 2691 1377 ὦ
2749 1319 2959 1384 δικαίας
2997 1321 3192 1402 εὐχῆς,
3249 1321 3444 1398 πτερὸν
3505 1323 3646 1378 ἅπαν
3701 1319 3855 1399 ἐλεγ-

2223 1412 2435 1488 χούσης
2490 1417 2572 1486 τῷ
2623 1412 2808 1488 τάχει,
2869 1412 3004 1486 ὑπὲρ
3083 1412 3342 1488 οὐρανοὺς
3415 1410 3692 1482 ἀνιούσης,
3753 1416 3862 1487 Θιῷ

2223 1501 2562 1578 προσιούσης
2595 1499 2958 1580 θαρρούντως.
3015 1499 3108 1557 καὶ
3165 1505 3294 1576 παρ’
3339 1499 3503 1557 αύτοῦ
3560 1498 3862 1578 προσδεχο-

2231 1592 2396 1666 μένης
2427 1588 2607 1662 ἡδέως
2640 1592 2654 1648 l
2685 1593 2751 1646 Ὢ
2792 1589 3028 1669 καρδιῶν
3079 1589 3319 1662 ἐκείνων,
3377 1595 3586 1665 μεστῶν
3635 1591 3862 1667 καθαρό-

462 1683 740 1758 puritatis
787 1681 980 1755 plena,
1036 1697 1168 1752 quae
1193 1683 1508 1752 propterea
1535 1679 1724 1735 Deum
1781 1677 2002 1748 vident,
2059 1685 2100 1733 et

2223 1702 2411 1752 τητος,
2471 1681 2560 1736 καὶ
2619 1679 2708 1736 διὰ
2761 1684 2924 1737 τοῦτο
2993 1680 3120 1736 Θεὸν
3206 1679 3614 1756 ὀπτριζομένων
3676 1682 3860 1737 κάκεῖ-

463 1755 604 1830 inde
623 1772 862 1830 felicem
887 1769 1226 1827 ardentium
1242 1773 1508 1825 votorum
1532 1767 1753 1824 exitum
1770 1766 2100 1823 inveniunt!

2221 1782 2306 1836 θεν
2361 1767 2797 1849 ἆντιδεχομένων
2863 1771 2964 1840 τήν
3053 1775 3164 1826 τῶν
3249 1773 3466 1846 θερμῶν
3546 1769 3856 1845 ἒξαλμάτων

463 1863 507 1919 Ο
536 1878 686 1935 pura
716 1859 876 1916 labia
904 1865 1145 1932 propter
1172 1860 1360 1914 Deum
1381 1863 1562 1928 mota,
1593 1873 1662 1912 ac
1683 1856 1864 1912 veluti
1897 1855 1972 1912 ad
2002 1857 2115 1912 hoc

463 1952 721 2022 condita,
751 1957 818 2008 ut
849 1950 1216 2022 praeﬁnitum
1253 1947 1604 2020 mysterium
1631 1947 1704 2002 ad
1735 1963 1942 2003 eorum
1963 1947 2113 2019 peti-

463 2043 690 2098 tionem
724 2038 1110 2112 implereturl
1144 2039 1187 2094 Ο
1219 2037 1448 2094 animas
1479 2037 1607 2093 sine
1655 2037 1910 2103 macula,
1969 2053 2114 2108 quas

463 2133 621 2190 Deus
642 2129 1089 2202 acceptissimas
1118 2115 1344 2196 habuit,
1377 2127 1524 2183 adeo
1556 2131 1622 2182 ut
1649 2127 1713 2182 in
1765 2143 1970 2184 eorum
2015 2143 2113 2182 co-

465 2219 749 2292 gnatione
777 2217 1005 2275 censeri
1031 2216 1320 2273 voluerit!

541 2307 1034 2383 Splendidissime
1063 2306 1183 2363 voti
1209 2309 1512 2378 compotes
1538 2304 1709 2374 ﬁunt,
1742 2320 1810 2360 ac
1867 2305 2116 2378 gignunt

465 2403 749 2474 fructum,
783 2399 1296 2457 mirabilissimum
1326 2397 1498 2452 illum
1529 2413 1692 2464 sane,
1720 2397 1820 2468 qui
1849 2395 2113 2469 pulchri-

467 2491 610 2550 tudo
637 2496 697 2548 et
723 2490 903 2547 decor
933 2488 1114 2546 totius
1147 2488 1307 2545 orbis
1333 2493 1627 2544 terrarum
1657 2488 1788 2559 (60),
1822 2492 1882 2543 et
1906 2486 2113 2559 mysti-

467 2597 606 2639 cum
637 2580 990 2638 alimentum
1019 2578 1198 2635 melle
1232 2595 1413 2651 supra
1444 2593 1623 2650 quam
1653 2575 1907 2650 intelligi
1928 2575 2118 2649 possit

471 2674 723 2744 dulcius,
757 2673 1162 2746 spectaculum
1191 2689 1314 2745 prae
1344 2671 1550 2744 quavis
1591 2670 1803 2727 arbore
1833 2669 2116 2726 umbrosa

464 2781 764 2834 recreans,
796 2769 974 2836 atque
1006 2779 1246 2820 omnem
1276 2761 1968 2819 suaveolentissimorum
1997 2761 2111 2818 ﬂo-

464 2871 598 2914 rum
627 2854 879 2930 gratim
910 2869 1292 2926 exsuperans,
1325 2851 1618 2926 apparuit.

533 2955 606 3010 Et
633 2969 776 3010 sane
797 2952 1064 3021 decebat,
1089 2957 1156 3007 ut
1173 2951 1258 3007 illi
1283 2953 1384 3022 qui
1409 2955 1575 3007 tanta
1592 2950 1776 3008 animi
1800 2950 2113 3007 nobilitate

463 3043 850 3116 prastabant,
882 3040 985 3111 qui
1015 3039 1091 3095 ad
1135 3045 1362 3096 tantam
1405 3039 1652 3110 justitim
1699 3039 2114 3095 celsitudinem

2221 1861 2514 1936 περαίωσιν
2540 1861 2554 1917 l
2586 1861 2655 1914 ’Ώ
2687 1857 2924 1936 χειλέων
2955 1861 3158 1938 ἁγνῶν,
3191 1857 3280 1916 διὰ
3319 1861 3448 1917 Θεὸν
3504 1860 3860 1938 κινουμένων,

2220 1949 2311 2005 καὶ
2343 1949 2574 2026 ὡσπερεὶ
2623 1947 2713 2005 διὰ
2759 1947 2920 2006 τοῦτο
2964 1950 3375 2024 πεποιημένων,
3408 1949 3500 2006 ’ίνα
3527 1951 3591 2008 τὸ
3620 1971 3864 2028 προωρι-

2223 2036 2418 2114 σμένον
2445 2042 2746 2116 μυστήριον
2769 2039 2977 2097 τούτων
2999 2039 3334 2115 αἰτουμένων
3367 2036 3500 2116 ἐκϐῇ
3527 2042 3540 2100 l
3581 2044 3650 2097 ’Ὠ
3672 2045 3864 2122 ψυχῶν

2220 2129 2494 2204 ἀμώμων,
2529 2125 2590 2192 ἃς
2625 2129 2979 2207 ὑπερηγάσθη
3012 2129 3166 2201 Θεὸς,
3219 2131 3311 2187 καὶ
3357 2128 3594 2188 τελέσειν
3645 2129 3722 2195 εἷς
3767 2133 3866 2205 τήν

2218 2217 2427 2275 τούτων
2461 2219 2718 2298 ἠγάπησε
2748 2219 3061 2296 συγγένειαν
3087 2221 3102 2279 Ι

2289 2310 2636 2386 Τυγχάνυυσι
2695 2309 2846 2383 μάλα
2903 2313 3211 2386 περιφανῶς
3263 2315 3364 2382 τῆς
3431 2307 3719 2385 αἲτήσεως,
3776 2313 3866 2368 καὶ

2219 2397 2462 2454 τίκτουσι
2503 2399 2732 2474 καρπὸν,
2779 2403 2974 2456 τοῦτον
3023 2396 3091 2469 δὴ
3121 2399 3214 2456 τὸν
3267 2401 3604 2478 καινότερον,
3662 2400 3721 2464 ες
3765 2408 3867 2472 τῆς

2221 2488 2550 2564 οἰκουμένης
2609 2485 2824 2562 ἄπάσης
2905 2487 3156 2559 καλλονὴ
3235 2489 3327 2545 καὶ
3415 2490 3706 2566 σεμνότης,
3772 2492 3863 2548 καὶ

2217 2579 2394 2654 τροφὴ
2443 2579 2702 2652 μυστικὴ,
2751 2576 2976 2652 μέλιτος
3027 2578 3160 2656 ὑπὲρ
3215 2577 3338 2636 νοῦν
3386 2578 3711 2655 γλυκυτέρα,
3768 2581 3857 2636 καὶ

2218 2666 2512 2724 κατασκίου
2561 2665 2780 2744 δένδρου
2828 2668 3028 2732 παντὸς
3080 2670 3618 2748 ψυχαγωγικώτερον
3665 2671 3862 2746 θέαμα,

2215 2758 2306 2814 καὶ
2363 2756 2566 2824 ἀνθέων
2624 2762 2796 2815 πᾶσαν
2855 2755 3236 2816 εὐωδεστάτων
3316 2759 3466 2816 κάτω
3523 2761 3696 2826 τεθεὶς
3763 2759 3864 2818 πέ-

2216 2869 2351 2928 φηνε
2381 2849 2564 2928 χάριν.

2285 2936 2432 2996 Ἐδει
2487 2937 2590 3014 γὰρ
2634 2937 2762 3012 μήτ’
2825 2934 3088 3012 ἒκείνους,
3143 2938 3320 3003 οὓτως
3366 2936 3602 3015 εύγενεῖς
3627 2941 3728 3010 τὴν
3758 2942 3868 3017 ψυο

2217 3027 2327 3102 χὴν
2383 3027 2672 3104 γεγονότας
2726 3025 2902 3090 υῦτως
2957 3027 3036 3090 εἷς
3103 3027 3266 3106 ἃκρον
3323 3024 3674 3100 δικαιοσύνης
3731 3028 3875 3102 ἰλη-

463 3114 725 3204 provecti
753 3130 1008 3199 fuerant,
1045 3127 1145 3199 qui
1173 3132 1336 3183 tanto
1367 3127 1562 3184 studio
1611 3127 1713 3184 Dei
1757 3123 2100 3200 obsequium

2223 3114 2484 3184 λακότας,
2511 3115 2655 3172 οὕτω
2684 3117 2886 3180 παντὸς
2926 3121 3036 3172 τῶν
3087 3117 3178 3174 ὑπ’
3225 3117 3448 3194 οὐρανὸν
3494 3118 3622 3175 Θεὸν
3675 3139 3873 3196 προτι-

467 3217 766 3284 omnibus,
799 3233 930 3288 quae
989 3216 1096 3272 sub
1145 3215 1292 3272 caelo
1340 3220 1499 3282 sunt,
1547 3215 1954 3288 prastulerant,
2009 3219 2112 3290 qui

466 3311 730 3364 mentem
761 3305 960 3360 divino
986 3304 1212 3360 lumine
1243 3304 1389 3360 adeo
1420 3303 1774 3360 illastratam
1805 3304 2106 3378 gerebant,

466 3413 589 3454 non
611 3395 788 3452 aliam
811 3394 1074 3467 profecto
1097 3411 1275 3466 quam
1292 3395 1467 3450 istam
1481 3393 1837 3450 sortirentur
1847 3394 2073 3466 prolem
2092 3411 2106 3463 ;

469 3491 528 3542 et
554 3502 763 3542 rursus
810 3484 1103 3557 (decebat)
1150 3489 1215 3540 ut
1253 3485 1427 3540 beata
1473 3483 1598 3550 illa,
1653 3483 1822 3556 cujus
1877 3483 2105 3554 laudes,

467 3589 603 3630 cum
633 3573 747 3646 ipsi
775 3587 950 3644 pares
979 3571 1192 3628 aﬂerre
1239 3586 1362 3626 non
1401 3569 1607 3642 possit,
1640 3569 1828 3626 oratio
1858 3576 2106 3644 printer-

467 3664 670 3732 mittit,
702 3679 826 3719 non
857 3661 1025 3731 alios,
1059 3676 1237 3732 quam
1268 3660 1433 3729 istos,
1458 3664 1732 3732 parentes
1770 3661 2103 3719 sortiretur.

460 3751 780 3826 Oportebat
809 3752 1076 3824 insuper,
1109 3755 1177 3806 ut
1203 3749 1278 3806 ad
1306 3765 1688 3824 congressum
1718 3749 1912 3821 illum,
1943 3747 2102 3807 unde

457 3843 711 3918 Virginis
743 3842 1051 3915 conceptio
1082 3841 1390 3914 processit,
1424 3857 1544 3897 non
1576 3840 1738 3896 aliud
1769 3840 2098 3913 quidpiam,

453 3948 632 4004 quam
664 3947 1018 4006 congressus
1039 3947 1174 3987 cum
1197 3931 1338 3998 Deo,
1363 3928 1696 4001 impelleret
1713 3933 1890 4001 atque
1911 3929 2096 3986 addu-

449 4027 660 4088 ceret;
719 4025 806 4086 ut,
861 4018 1365 4090 quemadmodum
1422 4023 1890 4074 consentaneum
1948 4024 2096 4088 erat,

449 4107 905 4182 purissimailla
933 4107 1045 4181 (61)
1077 4107 1206 4164 sola
1237 4107 1416 4164 etiam
1446 4107 1854 4182 propheticam
1876 4107 2032 4165 illud
2052 4109 2099 4144 ’⁸

521 4241 570 4278 ³⁵
598 4240 754 4297 Psal.
785 4256 838 4295 L.

2223 3206 2430 3274 θέντας,
2475 3207 2620 3262 οὓτω
2679 3205 3012 3281 θεολαμπεῖς
3057 3208 3148 3263 τὸν
3185 3212 3333 3278 νοῦν,
3385 3204 3566 3279 ἄλλης
3596 3209 3631 3279 ἢ
3663 3208 3872 3282 ταύτης

2219 3305 2564 3382 χρηματίσαι
2621 3306 2880 3382 πατέρας,
2968 3309 3108 3380 μήτε
3171 3307 3273 3376 τὴν
3331 3305 3620 3382 μακαρίαν,
3679 3309 3748 3378 ἧς
3801 3307 3868 3366 τε

2219 3395 2416 3468 σεμνὸν
2461 3394 2560 3450 οὐκ
2605 3388 2752 3472 ἔχων
2807 3393 2931 3451 ὅσον
2991 3395 3162 3451 εἷπεῖν
3221 3396 3248 3450 ὁ
3307 3393 3474 3475 λόγος
3533 3394 3614 3468 ἐᾷ,
3666 3395 3864 3475 ἐτέρων

2213 3482 2387 3541 παῖδα
2436 3484 2583 3562 παρὰ
2636 3484 2866 3548 τούτους
2921 3485 3219 3562 γεγονέναιο
3291 3481 3370 3540 ἔτι
3447 3482 3503 3540 δὲ
3563 3487 3706 3559 μήτε
3757 3493 3863 3558 τῆς

2215 3573 2436 3648 ὁμιλίας
2479 3572 2690 3647 ἐκείνης
2743 3571 2780 3646 ἤ
2839 3579 2908 3650 τῇ
2967 3571 3220 3649 Παρθένῳ
3272 3571 3604 3650 συλλήψεως
3659 3575 3859 3650 αἶ’τιον,

2213 3663 2353 3722 ἄλλο
2409 3687 2463 3722 τι
2519 3665 2555 3736 ἤ
2614 3669 2747 3722 Θεοῦ
2818 3663 3043 3739 ὁμιλίαν
3128 3665 3459 3740 πρωταίτιον
3541 3666 3680 3722 εἶναι
3767 3667 3860 3724 καὶ

2209 3753 2649 3832 προηγούμενον,
2701 3757 2794 3828 ἵν’,
2881 3755 2958 3819 ὡς
3030 3753 3146 3810 οἶόν
3217 3775 3279 3810 τε
3351 3754 3442 3828 ἦν,
3499 3756 3536 3826 ἡ
3587 3757 3862 3835 πᾶναγνος

2209 3843 2336 3923 ἔχοι
2397 3845 2537 3918 μόνη
2600 3843 2689 3901 καὶ
2751 3844 2814 3901 τὸ
2871 3843 3214 3922 προφητικὸν
3292 3843 3466 3900 έκεῖνο
3553 3841 3860 3924 διαφυγεῖν,

2206 3934 2318 4008 καὶ,
2430 3932 2544 3990 Οὐκ
2670 3933 2721 3990 ἐι
2861 3931 3114 4010 ἀνομίαις
3251 3932 3616 4016 συνελήφθην,
3761 3937 3870 3994 οὐκ

2207 4021 2258 4076 ἐν
2308 4021 2598 4098 ἁμαρτίαις
2655 4022 2908 4096 ἐκίσσησέ
2999 4045 3067 4098 με
3153 4023 3326 4098 μόνην
3377 4025 3413 4094 ἡ
3476 4026 3665 4101 μήτηρ
3725 4041 3864 4102 μου,

2203 4108 2328 4184 περὶ
2387 4109 2581 4180 ἑαυτῆς
2647 4113 2892 4190 φάσκειν,
2951 4109 3140 4186 ἰκείνῳ
3212 4112 3306 4168 καὶ
3378 4111 3574 4170 τούτου
3649 4135 3866 4190 συμπε-

1791 4339 1940 4401 Ant.
1976 4338 2272 4402 Ballerini
2299 4344 2486 4404 notae.

545 4475 638 4532 60)
666 4471 833 4530 Conf.

521 4475 833 4550 (60)Cont’.
880 4487 1014 4543 qum
1072 4475 1142 4526 de
1202 4475 1313 4524 hac
1371 4475 1670 4550 sententia
1720 4475 1978 4528 diximus
2037 4475 2095 4528 in

449 4543 801 4606 Praafatione
831 4543 908 4600 ad
944 4543 1345 4616 fragmentum
1374 4541 1660 4596 orationis
1683 4541 1908 4616 Georgii
1929 4542 2095 4600 Nico-

448 4619 794 4686 mediensis,
828 4632 959 4689 sup.
990 4613 1121 4689 pag.
1145 4613 1272 4689 μιν.

515 4692 626 4763 (61)
685 4682 1011 4763 Auctorem
1065 4682 1356 4763 Habemus
1409 4682 1628 4763 diserte
1659 4758 1670 4763 _
1707 4686 2086 4763 proﬁtentem

444 4755 662 4816 sanctae
687 4757 1398 4832 Virginisimmunitatem
1430 4755 1502 4812 ab
1529 4755 1798 4830 originali
1825 4776 2082 4830 peccalo,

443 4833 568 4888 Duo
599 4832 708 4912 hic.
725 4830 1213 4912 animadvertam.
1243 4833 1300 4884 1ο
1330 4830 1551 4912 auctor
1587 4846 1994 4912 nequaquam,
2017 4837 2084 4912 ut

447 4920 602 4975 smpe
635 4902 783 4958 alias
813 4903 1020 4975 tumin
1043 4905 1152 4959 hac
1183 4908 1315 4975 turn
1332 4901 1404 4975 in
1435 4900 1568 4956 aliis
1616 4900 1879 4975 hic—miliis
1911 4905 2082 4971 solet,

444 4971 573 5030 haec
603 4991 666 5030 se
697 4990 769 5028 ex
797 4971 1074 5042 opinione
1105 4990 1212 5030 sua
1257 4973 1557 5029 afﬁrmare
1609 4974 1691 5029 ait
1723 4992 1738 5041 ;
1781 4975 1884 5030 sed
1933 4975 2086 5031 nihil

441 5045 1047 5118 hmsitanstanquam
1063 5043 1454 5118 degsententia
1473 5045 1752 5118 omnibus
1783 5045 2086 5118 explorata

441 5134 512 5174 ea
525 5117 597 5174 de
629 5133 692 5172 re
718 5114 992 5187 disserit;
1023 5117 1082 5168 2°
1113 5116 1346 5187 certum
1377 5133 1506 5173 esse
1535 5117 1732 5184 debet,
1757 5114 2082 5187 auctorem,

438 5205 575 5245 cum
601 5185 1027 5252 innocentiam,
1063 5186 1400 5256 puritatem,
1433 5205 1500 5244 ac
1531 5189 1910 5245 sanctitatem
1947 5185 2084 5246 Dei?-

438 5277 599 5332 parai
629 5259 763 5332 aliis
783 5255 1095 5332 verborum
1125 5255 1395 5332 formulis
1445 5259 1857 5332 celebraturus
1906 5265 2082 5330 esset,

439 5326 536 5405 eas
569 5328 902 5405 locutiones
927 5326 1238 5405 vigilanter
1281 5328 1576 5405 selegisse,
1624 5349 1769 5403 quas
1821 5326 2080 5405 aptiores

435 5403 578 5480 duxi
586 5410 608 5458 t
625 5402 707 5480 ad
723 5402 852 5474 puri
864 5399 1496 5480 tatem,innocen_tiai_n,
1521 5418 1586 5458 ac
1612 5399 1984 5480 sanctitatem
2007 5404 2079 5460 ab

435 5471 740 5546 originali‘
767 5488 1026 5546 quoque_
1059 5471 1198 5525 vitio
1257 5471 1538 5546 intactam
1563 5474 2037 5546 signiﬁcandam
2062 5491 2076 5529 :

436 5542 690 5616 cumque
713 5542 1136 5616 ambigendum
1156 5559 1280 5616 non
1307 5542 1679 5616 sit,eamdem
1704 5546 2082 5611 ﬁdelibus,ad

437 5613 1384 5696 quos—Isidorusverbafaciebat,
1433 5615 1504 5671 de
1564 5624 1794 5696 sanctis
1826 5617 2079 5690 Virginis

434 5686 694 5760 puritate
717 5687 1074 5760 sententiam
1095 5686 1638 5760 inhgnsisse,rur5115
1657 5686 2078 5746 dubitare'non

426 5757 594 5833 licet,
619 5761 766 5836 quin
786 5759 996 5818 eodem
1015 5775 1189 5816 sensu
1206 5757 1536 5816 locutiones
1561 5759 1679 5817 illae
1693 5778 1727 5818 a
1747 5760 2081 5818 Christiana

880 4487 1014 4548 quin
1072 4469 1142 4526 de
1199 4469 1313 4548 bac
1371 4469 1670 4548 sententia
1691 4469 1993 4548 _dixim_us_
2037 4471 2098 4528 in
2125 4474 2172 4540 D
2204 4472 2378 4548 plebe
2411 4479 2667 4548 acceptae
2698 4473 2944 4548 fuerint,
2977 4477 3036 4530 et
3065 4473 3462 4548 communiter
3480 4473 3559 4548 ab
3575 4477 3869 4535 omnibus

2203 4545 2582 4622 ad‘eamdem
2613 4547 3116 4622 hanc__puritatem
3165 4545 3238 4602 ab
3290 4546 3871 4622 originaliﬂquoque

2200 4617 2696 4701 vitio-immunem
2715 4617 3080 4701 efferendam
3102 4617 3874 4701 usurparenturgumb—ac

2199 4691 2688 4765 manifestissima
2705 4707 2813 4765 per
2830 4706 2890 4745 se
2905 4691 3044 4765 sint,
3061 4707 3228 4761 aeque
3250 4689 3564 4765 indubium
3581 4690 3874 4765 illudque

2195 4763 2609 4836 gravissimum
2630 4761 2780 4836 inde
2798 4761 3057 4836 profluit
3079 4761 3570 4836 __consectari_um.
3596 4761 3870 4822 Easdem

2198 4833 2383 4902 enim,
2415 4851 2562 4905 quas
2594 4833 2666 4889 ab
2697 4833 2924 4888 Isidoro
2955 4833 3252 4889 adhibitas
3284 4833 3608 4905 cernimus,
3641 4836 3880 4894 verbo-

2193 4923 2329 4962 rum
2361 4904 2670 4982 formulas,
2703 4905 3210 4982 e_asdem_ﬁgura_s,
3250 4904 3608 4982 easdemque
3639 4906 3878 4982 imagi-

2195 4994 2304 5033 nes
2337 4977 2411 5032 ad
2444 4975 2696 5048 Virginis
2725 4975 3088 5031 beatissima)
3119 4975 3477 5048 singularem
3516 4975 3876 5048 puritatem

2195 5047 2610 5104 celebrandam
2641 5053 2956 5119 usurpatas
2977 5047 3310 5119 reperimus
3325 5063 3442 5119 non
3455 5048 3646 5119 modo
3665 5067 3701 5106 a
3714 5052 3878 5107 reli—

2195 5119 2330 5190 quis
2359 5119 2689 5194 un_i_versi_m_
2707 5117 3003 5194 Patribus,
3029 5117 3133 5194 sed
3161 5118 3224 5194 in
3258 5117 3676 5194 ecclesiasticis
3708 5139 3880 5194 quo-

2193 5188 2309 5262 que
2339 5207 2408 5246 ac
2437 5189 2724 5263 liturgicis
2753 5188 2923 5263 libris
2950 5189 3352 5263 Ecclesiarum
3380 5191 3651 5263 omnium
3686 5188 3878 5251 (ξι-ω-

2193 5261 2296 5334 cm,
2331 5261 2603 5334 Syriacae,
2635 5261 2910 5334 Coptica,
2943 5261 3297 5318 Armeniae.
3326 5261 3466 5327 Quis
3495 5279 3674 5334 porro
3723 5282 3882 5327 non

2191 5333 2381 5406 videt,
2403 5333 2555 5406 quid,
2577 5340 2788 5406 sponte
2817 5333 2956 5390 hinc
2986 5333 3434 5406 consequatur?
3469 5333 3658 5406 )Eque
3682 5337 3886 5398 enim

2191 5421 2225 5460 a
2253 5405 2374 5483 veri
2404 5405 2598 5476 specie
2621 5405 2744 5483 duo
2776 5405 2916 5483 haec
2932 5422 3182 5483 prorsus
3189 5405 3203 5406 ί
3225 5405 3573 5483 abborrent,
3601 5423 3838 5483 nempe
3854 5456 3877 5483 ,

2190 5475 2524 5560 aut‘l’atres
2555 5476 2814 5560 reliquos
2845 5475 3286 5560 aliter‘quiodem
3307 5475 3380 5560 de
3415 5477 3667 5560 Virginis
3697 5475 3882 5560 σιξηέ

2190 5549 2462 5620 captione
2492 5549 2768 5617 sensisse,
2791 5549 3286 5620 exquisitissimas
3320 5553 3521 5604 tamen
3548 5550 3880 5614 formulas

2190 5618 2274 5697 ad
2295 5620 2570 5697 ejusdem
2595 5637 2832 5693 quoque
2861 5618 3278 5692 Conceptionis
3306 5621 3626 5697 puritatem
3659 5623 3887 5697 signi-

2189 5691 2484 5767 ficandam
2515 5691 2761 5767 idoneas
2788 5691 3132 5767 usurpasse,
3163 5697 3266 5747 aut
3291 5692 3623 5767 _(siquidem
3679 5691 3887 5767 quis.

2187 5763 2348 5834 piam
2379 5763 2736 5822 centendere
2766 5763 3060 5838 velit,’eas
3089 5763 3380 5822 formulas
3422 5779 3546 5822 non
3594 5782 3666 5824 eo
3695 5763 3888 5842 spe-
