4104 6300
272 317 339 376 53
1087 314 1356 377 SERMO
1396 315 1474 376 IN
1522 315 2286 380 PRESENTATIONEM
2332 319 2405 380 B.
2456 320 2529 382 V.
2577 317 2876 382 MARIIE.
3622 329 3699 388 54

279 450 666 528 ριειλημμένου
757 452 848 521 τῷ
920 448 1228 526 καταλόγῳ,
1288 450 1361 504 ὧν
1452 469 1547 523 μοι
1629 449 1902 535 μεγαλεῖω

2016 513 2018 522 ,
2049 452 2314 524 evitaret,
2345 470 2412 512 ac
2444 455 2515 512 de
2547 470 2608 512 se
2627 457 2757 529 ipsa
2787 457 3084 515 afﬁrmare
3115 464 3350 533 posset:
3382 465 3450 520 In
3479 463 3697 535 iniqui-

284 540 522 611 ὶποὶησεν
598 543 624 595 ὁ
703 537 962 601 δυνατός.
1029 544 1196 595 Τοῦτο
1277 536 1324 594 δ’
1399 537 1448 610 ἐξ
1526 541 1601 594 ὧν
1675 534 1902 616 ἔπραξαν

2043 545 2248 601 talibus
2295 553 2552 617 concepta
2597 564 2708 603 non
2767 551 2899 618 fui;
2965 555 3024 604 et
3069 566 3296 617 rursus,
3346 551 3534 608 Solam
3575 534 3695 609 non

286 626 470 699 ἔδειξαν
513 631 563 684 οἰ
602 632 953 705 γεννήτορες,
1007 629 1094 703 ἀφ’
1156 625 1270 690 οῗας
1334 627 1393 682 ἐκ
1450 633 1585 684 Θεοῦ
1623 626 1904 702 καταϐεϐηη

2041 637 2288 706 concepit
2318 637 2376 690 in
2400 637 2643 706 peccatis
2690 655 2774 692 me
2820 645 2995 694 mater
3041 656 3203 706 mea;
3254 642 3539 712 quoniam
3577 643 3690 700 hoc

284 721 423 781 κότες
478 718 731 793 ὁμιλίας,
824 719 960 793 πρὸς
1017 724 1115 788 τῆν
1174 724 1276 787 τῆς
1331 714 1683 781 παιδοποιίας
1748 719 1904 776 άῖτία·

2041 740 2276 796 quoque
2297 727 2774 798 conprehensum
2796 731 2885 784 est
2900 729 2959 784 in
2976 746 3226 785 numero
3245 732 3610 803 magnalium
3631 733 3696 790 il-

278 811 487 886 ὁμιλῖαν
566 809 867 880 συνῆλθον.
945 811 1170 884 Ἀριστα
1243 809 1421 864 τοίνυν
1492 811 1582 865 καὶ
1648 811 1794 866 τοῦτ’
1869 812 1904 866 εἰ

2038 812 2231 869 lorum
2249 833 2378 886 quae
2397 819 2530 886 fecit
2549 817 2691 873 mihi
2711 835 2915 887 magna
2935 818 3173 891 (inquit)
3196 823 3295 891 qui
3310 828 3510 891 potens
3526 829 3602 880 est
3619 823 3689 880 '6.

274 903 397 976 ἐχον
457 898 536 973 τῷ
588 899 783 973 κύκλῳ
840 902 950 954 τῶν
1005 898 1129 975 περὶ
1188 897 1358 969 αὐτῆς
1413 896 1732 976 παραδόξων
1771 900 1904 954 συνέι

2037 902 2203 968 Quod
2237 905 2476 977 quidem
2509 907 2900 963 ostenderunt
2945 909 3243 980 genitores
3283 910 3394 982 ipsi
3444 928 3550 982 per
3600 928 3690 981 ea,

280 988 498 1066 δραμεν.
2036 1011 2168 1066 quae
2198 997 2604 1067 praestiterunt
2630 1016 2643 1066 ;
2677 999 2894 1070 quippe
2928 999 3030 1070 qui
3062 999 3137 1053 ad
3167 1012 3692 1074 congressum,qui

279 1082 434 1154 origo
461 1085 546 1137 est.
575 1081 761 1154 prolis
794 1081 1210 1153 suscipiendae,
1246 1098 1277 1137 e
1310 1097 1627 1155 congressu
1655 1098 1790 1137 cum
1817 1083 1937 1138 Deo
1969 1083 2349 1141 devenerunt.
2384 1087 2587 1143 Merito
2629 1088 2808 1159 igitur
2836 1088 2948 1143 hoc
2979 1104 3214 1160 quoque
3251 1088 3688 1148 faustissimum

272 1178 539 1229 eventum
569 1174 728 1228 inter
757 1173 1132 1242 admiranda,
1167 1190 1298 1245 qua)
1331 1178 1599 1245 spectant
1625 1173 1698 1228 ad
1731 1175 1942 1244 ipsam,
1977 1179 2550 1233 comnumerandum
2578 1181 2757 1234 venit.

715 1259 739 1278 ἢ

335 1263 434 1317 ΙΔ¹.
501 1263 652 1316 Ἐπει
711 1263 756 1315 δ’

263 1533 366 1584 τῶν
474 1528 782 1603 δυναμένων
857 1531 1044 1604 ψυχὴν
1143 1528 1366 1601 ἀληθῶς

826 1262 904 1323 εἰς
973 1266 1086 1339 φῶς
1155 1263 1188 1330 ἠ
1258 1261 1486 1337 λαμπρὰ
1551 1261 1924 1338 πεφανέρωται

269 1352 520 1423 Θεόπαις,
575 1352 608 1420 ἡ
673 1350 887 1426 μᾶλλον
948 1351 981 1422 ἢ
1044 1356 1158 1430 φῶς
1227 1351 1366 1406 ἅπαν
1427 1349 1792 1426 διαυγεστέρα,
1858 1354 1925 1420 ἧς

265 1441 443 1515 χωρὶς
487 1436 610 1494 οὗτε
651 1444 784 1516 φῶς,
830 1436 944 1495 οὔτ’
985 1440 1234 1515 οὐρανὸς,
1276 1437 1390 1495 οὔθ’
1430 1443 1465 1511 ἡ
1511 1441 1732 1511 ποίησις
1779 1445 1924 1496 πᾶσα

1443 1530 1756 1606 λαμπρῦναι
1830 1531 1917 1586 καὶ

265 1621 538 1675 οἰκειῶσαι
595 1625 738 1693 Θεῷ,
779 1619 896 1675 ἐπεὶ
935 1618 1111 1675 τοίνυν
1152 1621 1186 1690 ἡ
1227 1618 1536 1690 τηλικαύτη
1580 1622 1920 1699 γεγέννηται,

264 1709 444 1764 καὶτὰ
497 1707 859 1784 ὑπεσχημένα
916 1713 1031 1770 τοῖς
1091 1713 1336 1764 τοκεῦσιν
1375 1711 1410 1778 ἡ
1457 1710 1649 1782 μνήμη
1691 1713 1915 1786 περᾶναι

267 1798 476 1873 μηνύει·
522 1799 575 1853 οἱ
619 1795 669 1851 δ’
707 1798 785 1861 εἰς
828 1795 986 1874 ἔργον
1038 1795 1121 1871 ἄν,
1164 1802 1340 1872 οἶμαι,
1379 1795 1648 1876 ἒχώρουν,
1689 1799 1803 1873 ἅμα
1839 1802 1919 1873 τῷ

2103 1268 2248 1324 XIV.
2296 1270 2618 1340 Postquam
2668 1269 2846 1342 igitur
2902 1269 2965 1326 in
3021 1269 3214 1326 lucem
3263 1272 3365 1327 Dei
3415 1272 3538 1329 filia
3570 1273 3684 1346 (62)

2032 1356 2255 1429 prodiit
2322 1357 2660 1430 splendida,
2723 1359 2841 1414 imo
2910 1361 3040 1432 ipsa
3104 1361 3234 1417 luce
3300 1361 3687 1434 splendidior,

2035 1447 2161 1502 sine
2197 1463 2312 1518 qua
2342 1464 2537 1518 neque
2569 1449 2692 1519 lux,
2734 1466 2930 1521 neque
2976 1451 3215 1519 coelum,
3246 1469 3440 1524 neque
3479 1470 3688 1509 omnes

2034 1537 2212 1592 simul
2237 1543 2519 1594 creaturae
2543 1539 2656 1594 vim
2675 1539 2896 1595 habent
2918 1557 3021 1596 seu
3042 1541 3247 1598 lumen
3269 1543 3483 1598 animas
3500 1545 3688 1600 aﬂ'un-

2034 1625 2236 1694 dendi,
2288 1631 2388 1681 aut
2445 1627 2637 1699 ipsam
2703 1629 2820 1683 Deo
2882 1629 3263 1699 conciliandi,
3343 1637 3681 1704 postquam,

2030 1715 2297 1786 inquam,
2348 1715 2485 1771 talis
2539 1716 2738 1788 puella
2804 1722 2944 1774 nata
3001 1723 3109 1787 est,
3169 1719 3241 1774 de
3288 1722 3684 1792 promissione

2028 1805 2336 1877 implenda
2361 1822 2622 1877 praesens
2653 1806 2944 1862 memoria
2990 1812 3267 1879 parentes
3308 1800 3683 1883 monet.lpsi

261 1895 583 1964 γεννηθῆναι
652 1893 734 1960 τῷ
798 1891 906 1960 νεῷ
969 1889 1066 1956 τὴν
1132 1885 1299 1942 παῖδα
1363 1888 1750 1964 προσάγοντες,
1809 1889 1904 1963 εἴγε

2027 1901 2246 1965 autem,
2309 1901 2372 1950 ut
2425 1896 2699 1967 arbitror,
2765 1896 2828 1952 in
2887 1913 3036 1969 opus
3093 1914 3218 1954 rem
3274 1898 3681 1972 deduxissent,

258 1980 326 2052 μή
368 1979 460 2032 τὸν
502 1979 696 2052 καιρὸν
736 1973 1103 2054 προαρπάζειν
1156 1981 1266 2032 τῶν
1308 1977 1410 2032 οὐκ
1449 1977 1673 2034 εἰκότων
1715 1975 1911 2050 ἐδόκει,

253 2067 384 2122 καθὰ
422 2067 514 2121 καὶ
558 2067 587 2121 ὁ
629 2067 834 2140 Σωτὴρ
891 2064 1108 2141 ὕστερον
1171 2066 1348 2122 πάντα
1401 2067 1537 2121 κατά
1575 2068 1782 2142 καιρὸν,
1821 2068 1911 2122 καὶ

253 2155 518 2229 θαύματα,
560 2156 653 2210 καὶ
712 2156 776 2211 τὸ
835 2161 979 2219 θεῖον
1038 2152 1346 2229 ἐπεδείξατο
1396 2153 1647 2229 λουτρὸν,
1689 2158 1734 2229 ᾧ
1773 2156 1912 2212 πάν-

251 2268 356 2310 τως
422 2244 530 2302 ἔδει
593 2244 873 2311 τελεῖσθαι
927 2244 1203 2312 ἀκόλουθα
1257 2246 1347 2301 καὶ
1403 2244 1489 2301 ἐπὶ
1549 2254 1647 2316 τῆς
1707 2246 1911 2303 ἐκείνου

252 2341 463 2416 μητρὸς
528 2339 619 2392 καί
688 2337 817 2414 πρὶν
882 2341 1045 2393 τοῦτο
1109 2346 1362 2416 φανῆναι·
1434 2335 1641 2418 σφόδρα
1705 2338 1807 2414 γὰρ
1849 2336 1908 2394 ἄν

250 2451 300 2486 τι
365 2433 754 2506 τερατουργεῖν
816 2424 1062 2499 ἐδόκουν,
1126 2425 1346 2509 βρέφος,
1413 2429 1539 2504 πρὶν
1607 2429 1908 2500 ἀποστῆναι

245 2519 460 2590 τίτθης,
595 2517 765 2593 λόγου
816 2518 908 2573 καὶ
948 2518 1118 2588 ἀκοῆς
1159 2515 1441 2595 εἰληφέναι
1482 2523 1693 2593 πεῖραν,
1740 2518 1814 2582 εἰς
1844 2519 1911 2574 τὰ

248 2607 416 2663 ἄδυτα
484 2607 896 2684 ἐπιχειροῦντες
968 2605 1282 2684 εἰσενεγκεῖν
1319 2607 1517 2662 ἐκεῖνα·
1585 2603 1646 2677 ἤ,
1715 2606 1788 2670 ὥς
1825 2629 1908 2671 τις

255 2691 363 2776 ἔφη
407 2700 509 2751 τῶν
551 2698 652 2770 πρὸ
689 2700 880 2771 ἡμῶν,
912 2698 947 2766 ἡ
989 2696 1195 2773 τριετία
1224 2695 1550 2772 διετηρεῖτο,
1583 2699 1681 2768 τήν
1714 2697 1765 2753 ἐν
1792 2704 1909 2759 τοῖς

254 2780 485 2845 ἀϐάτοις
522 2782 726 2840 εἴσοδον
760 2789 1070 2864 παρασχεῖν
1123 2790 1191 2860 τῇ
1242 2785 1522 2858 Παρθένῳ,
1552 2782 1645 2839 ’ἱνα
1673 2785 1736 2840 τὸ
1771 2785 1908 2859 μέλ-

255 2871 360 2928 λον
416 2873 726 2952 προγράψῃ,
795 2875 880 2929 δτι
937 2874 1072 2947 μόνη
1117 2875 1207 2930 τὸν
1268 2869 1464 2929 ἄϐατον
1515 2875 1606 2929 καὶ
1641 2872 1910 2948 ἀπερίλη-

248 2984 382 3019 πτον
415 2960 507 3019 ἕνα
538 2965 666 3018 Θεὸν
722 2970 826 3034 τῆς
884 2963 1036 3038 ἁγίας
1089 2961 1321 3040 Τριάδος
1363 2961 1654 3019 καινότατα
1682 2961 1908 3034 τέξεται,

244 3053 330 3107 καὶ
367 3053 501 3126 ὑπὲρ
550 3054 796 3114 ἃπαντας
850 3051 1032 3129 ἁγίους
1083 3059 1180 3123 τῆς
1229 3052 1369 3125 ὅλης
1421 3060 1650 3131 φρικτῆς
1681 3051 1909 3130 Τριάδος

251 3144 390 3214 μονή
499 3148 744 3220 φανεῖται
822 3142 914 3196 καὶ
1019 3137 1463 3215 σεϐασμιώτατον
1566 3143 1905 3218 οἰκητήριον.

246 3229 384 3288 Οὐδέ
423 3233 528 3305 γὰρ
571 3234 635 3300 ἦν
679 3229 826 3285 οἷ’κοι
871 3231 1048 3303 μένειν
1088 3235 1195 3286 τῶν
1234 3231 1559 3306 ἀναγκαίων,
1599 3230 1682 3286 ὅτι
1727 3231 1906 3303 θηλῆς

246 3321 280 3390 ἡ
347 3321 624 3397 πάναγνος
685 3317 883 3376 ἐδεῖτο·
929 3319 1007 3383 ὠς
1047 3321 1150 3395 γὰρ
1188 3322 1276 3376 καὶ
1329 3322 1569 3398 τριέτης,
1629 3319 1904 3377 ένδιαιτω-

251 3409 383 3482 μένη
426 3415 506 3483 τῷ
567 3411 698 3483 θείῳ
756 3404 1044 3483 περιϐόλῳ
1102 3409 1314 3484 ἐκείνῳ,
1371 3417 1475 3481 τῆς
1525 3411 1652 3487 παρ’
1690 3409 1906 3487 ἀνθρώ-

248 3519 364 3553 πων
405 3499 466 3555 οὔ
510 3505 736 3576 μετεῖχε
793 3500 1089 3576 τραπέζης,
1144 3505 1388 3574 μυστικῷ
1447 3498 1504 3556 δὲ
1552 3499 1706 3579 λόγῳ
1745 3501 1906 3578 οὐρα-

250 3587 362 3652 νίας
403 3592 437 3658 ἡ
480 3589 806 3665 ἐπουράνιος
876 3584 1251 3662 μετελάμϐανε
1301 3593 1532 3671 τροφῆς
1601 3591 1797 3662 οὓτως,
1861 3593 1906 3646 εἰ

254 3681 340 3734 καὶ
397 3680 668 3757 γάλακτος
727 3680 807 3738 ἔτι
867 3678 1124 3756 δεομένη,
1177 3683 1243 3738 τὰ
1297 3678 1471 3738 ἄϐατα
1530 3681 1692 3738 οἰκεῖν
1751 3682 1905 3755 εἰσή-

329 3805 374 3843 ²⁶
400 3808 532 3866 Luc.
562 3826 605 3882 ι,
637 3809 730 3866 49.

2025 1984 2416 2053 filiam,simul
2437 1991 2614 2057 atque
2639 1990 2776 2042 nata
2795 1985 2985 2056 est,ad
3009 1986 3298 2058 templum
3322 1987 3681 2059 deferentes,

2022 2074 2138 2128 nisi
2188 2091 2436 2146 prorsus
2486 2075 2881 2144 incongruum
2947 2076 3139 2132 visum
3183 2075 3394 2133 fuisset
3443 2083 3679 2151 tempus

2021 2168 2406 2234 praevertere;
2440 2164 2944 2235 quemadmodum
2995 2165 3274 2239 deinceps
3321 2167 3499 2222 etiam
3549 2169 3681 2225 Sal—

2021 2258 2185 2308 vator
2215 2253 2417 2308 omnia
2437 2259 2767 2326 opportuno
2792 2260 3061 2327 tempore
3084 2261 3140 2311 et
3163 2256 3451 2312 miracula
3469 2256 3674 2328 edidit,

2023 2347 2081 2397 et
2127 2342 2430 2399 lavacrum
2479 2343 2744 2400 divinum
2799 2344 3099 2412 exhibuit;
3147 2345 3316 2418 cujus
3386 2347 3674 2420 exemplis

2020 2433 2196 2488 etiam
2228 2434 2577 2505 priusquam
2599 2439 2844 2506 possent
2867 2435 3150 2506 conspici,
3175 2451 3500 2508 congruum
3525 2441 3671 2508 erat,

2018 2525 2084 2575 ut
2113 2537 2182 2576 ea
2211 2537 2445 2593 quoque
2495 2521 2987 2588 assimilarentur,
3020 2539 3150 2594 quae
3195 2523 3258 2578 in
3288 2529 3475 2580 matre
3507 2541 3672 2579 com-

2017 2609 2354 2683 plebantur.
2374 2613 2443 2665 Et
2461 2628 2522 2666 re
2541 2612 2784 2682 quidem
2805 2628 2945 2668 vera
2969 2615 3377 2684 portentosum
3397 2613 3676 2683 quiddam

2017 2699 2207 2754 visum
2238 2699 2468 2769 fuisset,
2494 2701 2651 2772 quod
2675 2702 2736 2756 in
2768 2718 2938 2757 sacra
2967 2701 3067 2757 illa
3089 2702 3418 2774 penetralia
3448 2702 3668 2759 inferre

2018 2791 2236 2845 vellent
2253 2790 2541 2846 infantem
2559 2791 3232 2863 puellulam,antequam
3250 2792 3545 2848 ablactare
3555 2798 3668 2862 tur,

2021 2884 2078 2934 et
2107 2879 2368 2950 aliquem
2400 2896 2505 2934 seu
2525 2880 2809 2952 loquendi
2833 2897 2936 2935 seu
2959 2880 3430 2936 audiendiusum
3457 2882 3673 2954 adepta

2021 2974 2193 3024 esset.
2247 2967 2356 3022 Vel
2409 2972 2588 3036 certe,
2649 2971 2714 3024 ut
2769 2969 3011 3040 quidam
3057 2985 3086 3024 e
3118 2969 3445 3042 majoribus
3502 2970 3673 3039 dixit,

2019 3057 2347 3113 triennium
2396 3058 2470 3113 ad
2521 3058 2854 3131 parandum
2913 3059 3133 3133 Virgini
3185 3059 3248 3115 in
3280 3075 3448 3116 sacra
3495 3060 3673 3134 adyta

2019 3147 2352 3220 ingressum
2389 3147 2900 3220 interponebatur,
2934 3153 3000 3203 ut
3028 3148 3506 3221 praisignaretur,
3540 3167 3673 3207 eam

2020 3236 2207 3292 solam
2269 3253 2454 3292 unum
2513 3254 2543 3292 e
2601 3241 2805 3292 sancta
2860 3238 3166 3305 Trinitate,
3210 3237 3582 3295 inaccessum
3615 3245 3674 3296 et

2019 3326 2686 3398 incomprehensibilem
2715 3329 2924 3396 Deum,
2943 3327 3229 3383 ineffabili
3249 3328 3425 3384 modo
3443 3330 3670 3401 paritu-

2014 3433 2141 3473 ram
2175 3433 2324 3487 esse,
2375 3420 2432 3472 et
2477 3416 2722 3489 insuper
2769 3417 2962 3489 ipsam
3010 3418 3198 3473 solam
3237 3436 3358 3489 prae
3389 3419 3666 3476 omnibus

2015 3507 2238 3564 sanctis
2291 3506 2775 3579 augustissimum
2835 3507 3012 3562 totius
3065 3507 3390 3564 tremendae
3433 3509 3662 3566 Triadis

2017 3596 2387 3652 domicilium
2416 3613 2567 3652 esse.
2599 3598 2671 3652 Et
2699 3613 2841 3653 sane
2861 3602 2927 3652 ut
2953 3597 3111 3652 domi
3143 3603 3410 3653 maneret
3440 3615 3666 3669 nequa-

2020 3701 2200 3758 quam
2228 3700 2471 3740 necesse
2517 3684 2648 3740 ideo
2694 3685 2826 3754 fuit,
2863 3686 3020 3757 quod
3068 3687 3390 3758 purissima
3419 3685 3529 3761 (63)
3561 3686 3665 3745 illa

1579 3937 1725 3998 Ant.
1791 3933 2086 3997 Ballerini
2147 3941 2339 3999 notae.

254 4072 430 4140 ctare)
479 4071 800 4139 lsidorum,
864 4068 966 4140 qui
1027 4067 1250 4126 diverse
1306 4070 1380 4127 ab
1437 4070 1570 4128 aliis
1627 4071 1902 4139 Sentiret,

257 4142 508 4200 diversas
539 4159 778 4214 quoque
810 4140 1098 4196 formulas
1128 4142 1323 4199 nullas
1349 4142 1712 4200 adhibuisse.
1741 4144 1908 4198 Com-

254 4216 444 4272 munis
471 4232 617 4288 ergo
643 4215 914 4288 omnium
946 4215 1335 4288 consonantia
1363 4215 1426 4288 in
1461 4214 1710 4288 Virginis
1737 4215 1905 4286 puri-

254 4292 368 4360 tate
396 4285 572 4360 atque
605 4285 958 4360 innocentia
977 4301 1080 4356 per
1103 4286 1341 4360 easdem
1373 4287 1642 4360 phrases,
1664 4285 1901 4358 ﬁguras,

256 4355 605 4441 imaginésve
667 4355 957 4441 elilerendi
988 4372 1054 4441 ao
1102 4355 1462 4441 celebrandi,
1523 4355 1904 4441 communem

256 4428 510 4487 omnium
542 4431 615 4486 de
649 4429 860 4486 eadem
898 4428 1154 4501 puritate
1184 4435 1362 4501 atque
1392 4429 1736 4486 innocentia
1763 4445 1904 4484 sen-

253 4503 492 4559 tentiam
525 4502 867 4558 luculenter
888 4499 1187 4559 patefacit.

319 4517 492 4559 uuam
527 4517 867 4558 luculenter
929 4517 1187 4557 ateiacii.

319 4575 518 4653 (62)“In
550 4574 714 4653 notis
725 4572 807 4653 ad
838 4517 1116 4653 Cﬁartam
1150 4573 1368 4653 Ugoni‘s
1383 4573 1458 4653 de
1481 4574 1724 4653 Summo
1745 4573 1896 4653 (sup.

246 4642 371 4717 pag.
406 4649 491 4704 23.
525 4650 651 4701 not.
687 4644 742 4716 2)
767 4642 1271 4717 jam_innuimus,
1327 4644 1568 4717 titulum
1618 4646 1716 4700 Dei
1744 4642 1894 4717 ﬁliae,

2013 4071 2087 4126 ad
2116 4070 2524 4128 beatissimam
2546 4069 2786 4127 Mariam
2810 4069 3242 4197 indigitandam
3263 4069 3535 4148 absoluta
3560 4076 3665 4140 τῆς

2013 4143 2277 4197 πανάγνου
2319 4159 2478 4197 voce.
2531 4159 2660 4197 συιδ
2712 4144 2878 4197 iuxta
2977 4143 3281 4197 esvchium
3328 4143 3483 4197 valet
3527 4143 3665 4197 κατὰ

2011 4143 2277 4234 πανάγνου
2319 4159 2509 4234 νοοεἰ
2531 4144 2878 4234 (Ῑυῖειλιιχια
2899 4137 3281 4234 nHesychiqu
3328 4137 3483 4199 valet
3517 4137 3666 4234 sats

2011 4217 2114 4267 πᾶν
2146 4212 2324 4284 ἆγνόν,
2376 4212 2583 4270 auctor
2629 4212 2847 4270 utatur.
2899 4215 2977 4270 De
3027 4212 3136 4271 hac
3188 4219 3386 4272 autem
3418 4233 3482 4271 re
3513 4215 3662 4272 illud

2011 4235 2114 4267 παν
2146 4235 2178 4269 α
2215 4235 2324 4284 νον,
2376 4235 2583 4270 uucwr
2629 4235 2847 4270 utatur.
2899 4235 2977 4270 U8
3027 4235 3136 4271 nac
3188 4235 3386 4272 autem
3418 4235 3482 4271 re
3513 4235 3662 4272 111110.

2011 4235 2310 4356 singulare
2333 4286 2503 4342 nobis
2526 4287 2800 4353 occurrit,
2825 4285 2983 4357 quod
3004 4288 3349 4343 Franciscus
3371 4288 3665 4344 Combeﬁ-

2011 4359 2132 4413 sius
2176 4361 2240 4414 in
2285 4358 2587 4430 vertendis
2643 4359 3424 4430 veterumgscriptorumde
3458 4364 3664 4416 sancta

2011 4430 2246 4503 Virgine
2272 4429 2555 4503 homiliis,
2588 4430 2650 4485 in
2688 4447 2875 4503 voces
2917 4427 3105 4503 ἀγνή,“
3135 4431 3226 4486 vel
3280 4427 3555 4503 πάναγνος
3587 4430 3659 4484 de

2007 4500 2259 4573 Deipara
2288 4502 2475 4558 dictas
2519 4519 2652 4557 cum
2698 4500 2926 4573 incidit,
2968 4500 3077 4556 'eas
3120 4507 3270 4557 casta
3295 4506 3397 4556 aut
3425 4500 3666 4573 castissig

2005 4571 2375 4638 mra—vertere
2415 4579 2756 4628 constanter
2812 4571 3087 4627 maluerit
3139 4574 3281 4641 Nam
3323 4577 3471 4637 esto,
3504 4572 3664 4641 quod

2009 4644 2295 4724 diffitetur
2323 4661 2520 4712 nemo,
2554 4643 2715 4716 ἁγνός
2749 4660 2869 4724 non
2901 4643 3091 4724 solum
3123 4640 3397 4724 ampliori
3430 4640 3662 4724 signiﬁ:

243 4712 357 4794 qua
387 4712 865 4794 antonomastice
899 4714 1151 4794 Deipara
1193 4715 1348 4794 apud
1388 4717 1592 4794 Patres
1625 4712 1896 4794 exornari
1930 4718 1974 4782 D
2007 4717 2238 4794 catione
2259 4733 2378 4794 pro
2394 4733 2544 4794 puro
2575 4712 2903 4794 generatim
2934 4717 2992 4767 et
3016 4712 3302 4794 impolluta
3324 4712 3533 4794 accipi,
3559 4714 3663 4794 sed

243 4785 404 4858 solet,
437 4791 616 4845 etiam
650 4788 725 4843 ad
764 4785 1215 4858 praerogativam
1246 4787 1643 4844 immaculatze
1675 4788 1900 4842 Conce-

241 4863 458 4930 ptionis
494 4857 788 4932 spectare.
824 4859 894 4912 In
926 4857 1086 4910 idem
1132 4857 1324 4913 facere
1356 4864 1570 4932 potest,
1603 4859 1760 4929 quod
1791 4875 1898 4932 au-

237 4937 366 4987 ctor
393 4930 596 4988 noster
648 4930 813 4986 velut
871 4930 1435 5000 consequenteiﬁad
1494 4948 1584 5000 ea,
1646 4946 1774 5000 qum
1824 4930 1895 4985 de

279 5006 556 5060 urissima
587 5002 852 5071 Virginis
883 5000 1269 5072 conceptione
1313 4999 1734 5072 dixerat,mox
1765 5017 1896 5058 eam

279 5020 556 5060 uriSSima
598 5020 852 5071 Virginis
883 5020 1269 5070 COuCeptlone
1313 5020 1560 5072 uixerat,
1595 5020 1734 5056 mox
1765 5020 1892 5058 eam

235 5020 344 5131 Eoo
366 5079 606 5132 nomine
624 5073 903 5130 absolute
922 5069 1217 5140 indigitat.
1237 5072 1343 5127 Ssd
1363 5074 1598 5130 adverte
1621 5073 1892 5141 ulterius,

238 5147 530 5218 quomodo
564 5146 775 5204 eadem
828 5141 1103 5218 doctrina
1145 5143 1280 5218 heic
1312 5149 1714 5218 proponatur.
1750 5147 1895 5200 Nam

235 5213 336 5272 Dei
367 5221 488 5276 ﬁlia
514 5220 738 5276 dicitur
761 5213 1381 5287 prodiissesplendidu.
1415 5213 1563 5281 Quid
1595 5232 1772 5287 porro
1807 5219 1898 5271 est

235 5298 391 5347 ortus
422 5283 802 5363 splendidus,
829 5284 953 5341 nisi
989 5283 1267 5363 splendor
1297 5287 1489 5357 ipsum
1523 5283 1722 5363 ortum
1753 5304 1895 5363 conf

239 5355 562 5420 comitaris?
591 5366 674 5418 Ac
705 5373 938 5432 rursus
956 5355 1099 5424 quid
1130 5355 1753 5432 isthicfestsplendor,
1777 5359 1893 5432 nisi

237 5433 504 5504 splendor
528 5435 748 5490 divinae
781 5427 1018 5502 gratiae,
1053 5444 1166 5497 qua
1195 5428 1399 5504 Mariae
1429 5427 1499 5487 in"
1526 5437 1768 5504 peccato
1787 5431 1893 5504 (uti

238 5501 362 5562 mox
379 5515 581 5564 auctor
604 5501 870 5567 dixerat)
891 5513 1006 5573 n_0n_
1022 5507 1286 5570 concepta:
1308 5501 1504 5559 anima
1526 5501 1895 5573 refulgebat?

237 5575 298 5628 1d
329 5596 450 5651 vero
489 5578 712 5651 juverit
746 5568 1142 5651 meminisse:
1170 5568 1344 5651 saepe
1364 5575 1521 5629 enim
1554 5568 1708 5651 alios
1736 5573 1896 5643 ejus-

243 5649 388 5703 modi
414 5644 713 5707 εεῇιεηιίει
743 5647 811 5701 in
847 5644 1117 5696 veterum
1146 5644 1379 5713 scriptis
1411 5645 1686 5701 occurrit.

309 5721 408 5796 (63)
439 5725 772 5790 Lectorem,
806 5719 882 5772 ut
912 5714 1076 5784 puto,
1109 5729 1224 5770 non
1270 5716 1494 5789 effugit,
1527 5730 1708 5789 quam
1740 5731 1894 5786 saepe

2007 4783 2499 4867 etiamst-rictiori
2560 4783 2664 4856 pro
2717 4783 3225 4867 casto__spec_iatim
3255 4783 3552 4867 usurpari.
3586 4789 3663 4867 Ait

2006 4858 2330 4929 perviderit
2357 4857 2449 4911 vel
2497 4855 2708 4924 caicus,
2758 4855 3170 4929 castimoniam
3204 4873 3334 4929 non
3365 4855 3658 4926 ejusmodi

2007 4926 2136 4985 esse
2165 4930 2460 4995 virtutem,
2495 4943 2524 4981 e
2548 4943 2810 5000 quapar
2831 4927 2907 5000 sit
2928 4926 3248 5000 singularis
3268 4929 3460 4984 laudis
3491 4946 3658 5000 argu-

2005 5007 2210 5056 menta
2253 4997 2722 5072 petere,_sicuhi'
2750 4997 2826 5072 d_e_
2867 4997 3081 5072 infanti
3129 5001 3328 5071 puella
3357 4997 3658 5072 laudanda

2005 5078 2232 5143 agatur.
2254 5069 2366 5126 'Cui
2401 5069 2792 5143 eniminfanti
2814 5069 2940 5125 hmo
2963 5070 3112 5139 laus,
3132 5069 3183 5126 si
3213 5077 3409 5126 tamen
3440 5072 3570 5126 laus
3593 5071 3656 5124 in

2005 5141 2335 5199 infantibus
2365 5141 2568 5196 haberi
2609 5145 2824 5212 potest,
2854 5158 2976 5224 non
3022 5143 3348 5214 competit?
3375 5144 3486 5222 Eas
3518 5157 3654 5265 ergo

2005 5232 2175 5265 voces
2215 5213 2288 5265 ad
2345 5214 2656 5265 castitatem
2707 5220 3017 5265 sueciatim
3063 5215 3410 5265 contrahere
3444 5229 3505 5265 in
3536 5213 3577 5265 il
3608 5229 3654 5265 is

2003 5232 2175 5270 voces
2215 5213 2288 5269 ad
2345 5214 2656 5285 castitatem
2707 5214 3017 5285 speciatim
3063 5213 3410 5269 contrahere
3444 5213 3505 5285 in
3536 5213 3656 5266 illis

2004 5289 2246 5341 Patrum
2279 5284 2532 5356 scriptis,
2566 5285 2670 5340 ubi
2703 5283 2895 5340 Maria)
2926 5285 3016 5340 vel
3046 5290 3370 5356 conceptas,
3401 5283 3495 5356 vel
3523 5299 3658 5336 nas-

2005 5358 2216 5422 centis,
2251 5355 2340 5410 vel
2372 5353 2625 5411 trimulee
2657 5357 2900 5412 infantis
2932 5356 3006 5410 ad
3062 5353 3354 5426 templum
3385 5353 3656 5426 adductae

2005 5429 2274 5484 encomia
2305 5433 2607 5496 texuntur,
2640 5429 2753 5483 nisi
2787 5433 2986 5499 aperte
3015 5424 3264 5499 constet,
3299 5424 3472 5499 eaad
3501 5439 3652 5499 con-

2005 5500 2316 5572 sequentia
2356 5491 2608 5572 Virginis
2657 5491 2841 5572 gesta-
2864 5499 3096 5572 referri,
3128 5498 3303 5572 plane
3334 5491 3651 5572 ridiculu‘m

2003 5561 2186 5626 vid‘eri
2204 5561 2619 5626 debet.Ve’rum
2634 5561 2928 5624 uundenam
2945 5561 3305 5640 hui-strophae
3318 5561 3652 5640 repetenda:

2005 5643 2373 5710 sint,nemini
2405 5643 2723 5697 obscurum
2758 5645 2864 5694 est.
2897 5639 3064 5710 Quod
3097 5635 3309 5710 nempe
3341 5635 3650 5710 hominem

2003 5701 2314 5788 permovit,
2336 5718 2402 5770 ut
2432 5714 2493 5769 in
2526 5701 2971 5782 praefatiuncula
2998 5707 3069 5763 ad
3101 5701 3394 5762 orationes
3425 5701 3649 5761 Georgii
