4104 6300
433 442 512 501 55
1595 427 1893 491 ISIDORI
1936 428 2707 495 THESSALONIGENSIS
3766 411 3848 492 se

437 572 724 631 maternis
788 568 1070 625 uberibus
1134 564 1444 637 indigeret.
1514 564 1657 618 Nam
1724 563 1879 617 sicut
1943 578 2077 618 cum

2203 583 2351 637 γετο,
2383 564 2518 620 κατὰ
2582 566 2645 621 τὸ
2683 563 2799 621 ἴσον
2869 564 3041 620 ἐκεῖνο
3087 565 3288 641 θαῦμα,
3345 563 3607 641 ὑπερφυεῖ
3642 583 3749 618 τινι
3791 561 3847 618 ἄν

436 665 690 722 triennis
747 664 810 718 in
869 677 1035 717 sacro
1092 657 1193 713 illo
1248 656 1476 712 ambitu
1530 652 1893 722 versabatur,
1930 653 2090 708 haud

2198 651 2511 727 ἐστηρίζετο
2542 655 2629 710 καὶ
2662 656 2888 732 ἆῤῥήτῳ
2916 656 3129 731 τρόπῳ.

433 756 697 813 humana
723 752 992 808 alebatur
1022 763 1247 815 mensa,
1305 745 1407 801 sed
1460 759 1680 798 arcana
1733 742 1989 811 quadam
2047 744 2276 800 ratione
2336 745 2639 802 caelestem
2695 748 2917 817 cibum,
2972 748 3191 819 quippe
3237 762 3368 818 quaa
3402 745 3840 817 superccelestis

436 849 613 911 esset,
655 840 1025 913 accipiebat;
1068 838 1150 892 ita
1195 833 1492 907 siquidem
1558 832 1633 888 ad
1698 831 2088 887 inhabitanda
2152 849 2319 889 sacra
2385 834 2562 907 adyta
2617 836 2873 893 adducta
2934 836 3164 904 fuisset,
3237 851 3373 891 cum
3437 836 3630 891 adhuc
3698 836 3846 891 lacte

433 935 757 1008 indigebat,
812 931 986 988 modo
1043 928 1301 1001 quodam
1364 923 1802 997 supernaturali
1870 929 2047 994 atque
2115 923 2403 980 ineffabili
2474 928 2630 984 haud
2699 928 2977 985 dissimili
3038 928 3327 985 miraculo
3387 928 3650 985 enutrita
3687 929 3845 985 fuis-

438 1031 622 1170 maliv.
658 1111 756 1169 Vel
786 1127 922 1184 ergo
956 1111 1037 1165 ita
1066 1109 1286 1165 factum
1321 1111 1410 1160 est
1430 1108 1674 1176 propter
1693 1103 1827 1158 illas
1857 1118 2086 1171 causas,

437 1220 584 1276 quas
614 1202 757 1269 dixi,
789 1200 877 1255 vel
900 1199 1078 1254 etiam
1107 1195 1247 1267 quia
1269 1209 1504 1265 equum
1538 1197 1684 1256 erat,
1716 1197 1782 1246 ut
1811 1196 2088 1263 parentes

436 1308 675 1365 quoque
699 1290 910 1347 saltem
942 1287 1016 1344 ad
1045 1287 1220 1341 breve
1244 1289 1478 1355 tempus
1500 1280 1760 1337 infantili
1781 1285 2087 1336 venustate

435 1380 594 1449 ﬁlim,
654 1394 785 1449 quaa
842 1374 1019 1448 paulo
1078 1376 1212 1445 post
1268 1371 1384 1425 Deo
1444 1368 1775 1425 dedicanda
1803 1374 1949 1435 erat,
1978 1385 2089 1423 nec

435 1467 593 1524 ultra
635 1463 999 1523 charissimis
1046 1459 1415 1535 genitoribus
1454 1457 1896 1532 conspicienda,
1925 1459 2088 1513 frue-

434 1561 682 1623 rentur;
739 1571 769 1608 ο
827 1569 946 1625 qua
1000 1567 1135 1607 cum
1184 1549 1510 1605 maximum
1540 1548 1779 1604 haurire
1811 1547 2086 1603 solatium

434 1645 667 1713 liceret,
698 1660 818 1715 praa
850 1642 962 1697 hoc
994 1645 1194 1695 tamen
1226 1655 1541 1695 maerorem
1585 1637 1931 1709 privationis
1963 1635 2086 1691 ele-

435 1737 670 1807 gerunt,
700 1732 839 1787 licet
869 1730 1058 1803 ipsam
1080 1744 1187 1784 ceu
1208 1727 1519 1799 praemium
1540 1725 1811 1781 laborum
1845 1725 2086 1781 illorum

436 1839 505 1878 ac
526 1821 851 1878 multarum
870 1819 1269 1890 lacrymarum
1288 1815 1657 1887 recepissent
1680 1831 1693 1882 ;
1720 1831 1826 1885 pro
1848 1814 2084 1884 quibus,

436 1918 505 1970 ut
555 1912 703 1967 mihi
756 1908 999 1981 quidem
1030 1906 1282 1974 videtur,
1332 1920 1547 1974 nempe
1599 1920 1705 1975 pro
1756 1903 1935 1958 tantis
1966 1901 2085 1958 illis

437 2000 743 2057 laboribus
791 1998 1031 2069 dignam
1085 1995 1239 2050 hanc
1295 1994 1450 2049 Deus
1480 1992 1667 2049 vicem
1719 1992 2085 2047 reddendam

432 2089 742 2164 judicavit,
763 2091 830 2142 ut
850 2085 924 2141 ad
955 2084 1278 2141 triennium
1310 2089 1431 2138 tam
1459 2081 1691 2137 eximiae
1725 2081 1857 2137 filiae
1887 2081 2085 2153 gratiis

432 2177 932 2251 jucundarentur.

509 2269 808 2334 Quantum
840 2265 999 2320 enim
1021 2263 1340 2335 voluptatis
1365 2263 1575 2318 afferre
1604 2262 1953 2335 parentibus
1984 2261 2085 2317 alii

435 2357 545 2414 filii
573 2360 707 2412 utut
737 2352 1161 2427 speciosissimi
1191 2351 1388 2407 valent
1417 2368 1523 2424 per
1542 2352 1867 2407 multorum
1898 2367 2087 2407 anno-

433 2463 569 2503 rum
598 2445 956 2511 convictum,
1000 2442 1368 2498 tantumdem
1417 2442 1659 2497 triennii
1692 2441 1880 2513 spatio
1912 2441 2086 2496 inno-

434 2535 781 2592 centissima
852 2531 953 2588 illa
1033 2532 1299 2604 praebere
1383 2531 1594 2603 potuit,
1654 2531 1772 2585 imo
1831 2530 2086 2585 dixerim

432 2626 798 2698 voluptatem
848 2639 916 2678 eo
970 2622 1307 2678 uberiorem
1356 2626 1533 2694 atque
1578 2620 2086 2689 excellentiorem,

435 2732 552 2789 quo
585 2713 948 2771 eminentius
981 2700 1315 2784 cuicunque
1346 2712 1497 2783 proli
1529 2712 1659 2783 ipsa
1686 2709 2085 2782 praecellebat.

432 2804 777 2876 Principum
800 2802 959 2858 enim
976 2801 1394 2857 retributiones
1412 2799 1739 2873 magniﬁcae
1762 2815 1903 2855 sane
1926 2806 2084 2862 sunt,

433 2900 493 2951 et
511 2894 892 2967 largientium
917 2892 1356 2966 magnificentiae
1378 2890 1964 2964 respondentes.Cum
1982 2908 2089 2948 au-

433 2987 546 3039 tem
560 2983 711 3055 justi
730 2983 815 3037 illi
837 2987 1113 3037 essentac
1124 2981 1271 3052 justi
1287 2980 1826 3048 vocarentur,haud
1843 2998 2086 3035 consen~

435 3077 679 3127 taneum
709 3071 940 3135 fuisset,
966 3074 1031 3123 ut
1060 3085 1335 3123 normam
1368 3072 1758 3140 cognomento
1791 3068 2085 3139 signiﬁca~

433 3164 560 3215 tam
588 3155 1215 3230 prmtergrederentur.
1253 3157 1641 3227 QuaprOpter,
1682 3171 1817 3210 cum
1860 3156 2087 3227 justam

438 3248 725 3321 temporis
781 3262 1126 3302 mensuram
1191 3244 1443 3300 assecuti
1518 3244 1774 3300 fuissent
1827 3243 2088 3317 (aequum

439 3343 641 3396 autem
671 3336 926 3409 spatium
957 3334 1278 3390 triennium
1312 3338 1456 3404 erat,
1503 3339 1661 3390 recte
1711 3333 1783 3389 de
1832 3334 2090 3406 promis-

396 3472 397 3475 η
441 3428 607 3484 sione
640 3423 945 3497 implenda
974 3427 1347 3481 curaverunt.

508 3515 658 3573 XVI.
693 3515 985 3581 Quoniam
1016 3529 1151 3568 vero
1207 3513 1366 3569 fama
1411 3514 1629 3586 reginae
1677 3528 1745 3569 ac
1796 3514 1898 3569 Dei
1948 3513 2086 3569 filiae

437 3605 612 3680 paulo
642 3611 776 3678 post
825 3621 931 3676 per
981 3604 1131 3658 ﬁnes
1185 3603 1473 3658 universae
1505 3608 1675 3658 terrae
1704 3608 2089 3676 pervagatum

440 3701 588 3762 erat,
614 3694 936 3751 Jerusalem
958 3698 1096 3749 ante
1118 3691 1260 3748 alias
1284 3709 1490 3748 omnes
1511 3693 1783 3765 regiones
1805 3709 2086 3750 coronam

439 3784 799 3843 laudationis
829 3789 1048 3851 texere,
1079 3788 1137 3838 et
1165 3799 1399 3839 sacrum
1429 3782 1648 3856 Virgini
1678 3785 1964 3856 hymnum
1996 3801 2087 3839 ca-

442 3892 606 3945 nere,
641 3891 709 3931 ac
739 3874 1020 3929 decenter
1050 3872 1341 3929 modulari
1371 3878 1688 3945 properat;
1729 3874 1908 3944 idque
1951 3873 2087 3945 jure

442 3963 838 4035 optimo.Nam
869 3965 928 4016 et
972 3962 1154 4016 Iesum
1200 3976 1398 4028 meum,
1427 3960 1625 4029 inquit
1654 3960 1721 4027 ³⁷,
1754 3961 1998 4015 tulerunt
2028 3963 2087 4015 in

438 4053 741 4107 Jerusalem
790 4057 854 4104 ut
903 4052 1154 4104 sisterent
1202 4065 1323 4102 eum
1372 4048 1642 4111 Domino;
1673 4049 1844 4120 cujus
1882 4049 2086 4120 utique

440 4139 812 4194 characteres
843 4141 1035 4192 mater
1062 4135 1125 4191 in
1155 4135 1475 4207 semetipsa
1499 4134 1871 4207 praeferebat,

510 4317 811 4387 Quotquot
834 4331 970 4388 ergo
1002 4331 1032 4370 e
1062 4314 1455 4371 nobilioribus
1484 4315 1695 4372 urbem
1727 4316 1892 4372 illam
1925 4318 2085 4373 inco-

442 4406 665 4471 labant,
699 4410 759 4461 et
784 4404 916 4473 viri,
948 4409 1007 4460 et
1034 4404 1339 4474 mulieres,
1372 4410 1431 4459 et
1457 4405 1673 4476 puellas
1703 4406 1978 4477 virgines,
2003 4407 2088 4462 illi

444 4495 684 4569 quidem
715 4494 935 4550 intuitu
966 4494 1171 4566 patris,
1204 4494 1331 4549 istm
1382 4495 1444 4548 in
1482 4496 1729 4567 gratiam
1761 4496 2086 4567 genitricis,

2214 1100 2222 1106 ’
2272 1104 2377 1163 IE'.
2438 1105 2595 1162 Ἀλλ’
2633 1106 2670 1176 ἢ
2710 1107 2873 1184 χάριν
2911 1108 2986 1162 ὧν
3036 1105 3250 1182 εἴρηταί
3305 1128 3422 1179 μοι,
3468 1108 3612 1162 τοῦτ’
3663 1107 3848 1183 ἐγεγό-

2195 1212 2297 1263 νει,
2364 1194 2399 1266 ἢ
2470 1193 2553 1250 ὅτι
2628 1194 2719 1252 καί
2781 1197 2919 1272 πρὸς
2987 1197 3168 1272 βραχὺ
3241 1197 3505 1274 βρεφικῆς
3575 1198 3640 1266 ἦν
3703 1197 3850 1260 εἰκὸς

2194 1286 2312 1344 τοῖς
2383 1288 2599 1339 τοκεῦσι
2672 1284 2769 1341 κᾶν
2844 1284 3154 1341 ἀπολαῦσαι
3232 1286 3462 1364 χάριτος
3536 1288 3685 1362 παρᾷ
3748 1295 3851 1357 τῆς

2197 1368 2418 1442 παιδὸς,
2476 1376 2510 1445 ἢ
2574 1377 2690 1448 μετ’
2748 1373 2934 1450 ὀλίγον
2993 1374 3282 1446 ἐκποίητος
3323 1374 3419 1447 μὶν
3459 1369 3692 1448 ἔμελλεν
3735 1373 3851 1430 ἔσε-

2198 1470 2317 1523 σθαι
2375 1466 2512 1535 Θεῷ,
2570 1469 2685 1525 τοῖς
2746 1461 2802 1518 δὲ
2859 1462 3143 1539 φιλτάτοις
3199 1462 3418 1523 τούτοις
3466 1462 3699 1539 ἃόρατος
3739 1486 3850 1520 πα-

2193 1548 2402 1623 τράσινο
2474 1552 2606 1627 ὑπὲρ
2671 1555 2761 1621 ἧς,
2828 1553 2945 1608 ἐνὸν
2985 1557 3210 1633 τρυφᾷν,
3253 1552 3469 1609 εἳλοντο
3507 1555 3847 1609 κακοπαθεῖ-

2196 1641 2338 1712 σθαι,
2405 1640 2494 1694 καὶ
2559 1646 2667 1697 τῶν
2729 1641 2989 1717 καμάτων
3057 1642 3273 1699 ἐκείνων
3327 1645 3419 1697 καὶ
3484 1639 3848 1718 πολυρῥῦτων

2196 1725 2443 1803 δακρύων
2501 1730 2701 1803 ταύτην
2754 1727 2953 1787 ἔλαϐον
3010 1727 3264 1797 ἔπαθλονο
3316 1733 3408 1801 ὧν,
3449 1727 3637 1809 ἔμοιγε
3676 1730 3850 1804 δοκεῖ,

2117 1855 2164 1920 Β
2193 1824 2301 1873 τῶν
2355 1820 2627 1875 τοσούτων
2690 1821 2927 1894 ἐκείνων,
2985 1821 3153 1897 λέγω,
3212 1822 3414 1892 πόνων,
3471 1822 3671 1890 ταύτην
3719 1823 3853 1885 Θεὸς

2197 1909 2345 1980 ἂξίαν
2385 1906 2582 1985 διέγνω
2638 1911 2738 1981 τὴν
2797 1907 3063 1985 ἀμοιϐὴν,
3103 1912 3205 1981 τήν
3255 1910 3390 1990 ἄχρι
3429 1912 3669 1986 τριετίας
3710 1912 3854 1967 ἀπό-

2195 1992 2385 2053 λαυσιν
2425 2002 2532 2055 τῶν
2568 2005 2669 2070 τῆς
2711 1996 3109 2075 λαμποοτάτης
3151 1999 3394 2077 χαρίτων
3431 1996 3650 2060 παιδός.

2266 2260 2439 2327 Ὅσην
2478 2259 2584 2333 γὰρ
2622 2251 2810 2333 ἔχουσι
2840 2261 2947 2313 τῶν
2978 2257 3188 2314 παίδων
3219 2257 3393 2315 ἂ¹λλοῖ
3425 2259 3516 2315 καὶ
3555 2260 3852 2318 κάλλιστοι

2195 2341 2397 2414 ἡδονὴν
2461 2351 2579 2409 τοῖς
2636 2347 2898 2421 πατράσιν
2959 2347 3184 2403 ἐνθεῖναι
3243 2347 3350 2403 ἀπό
3407 2369 3472 2423 γε
3522 2355 3624 2419 τῆς
3666 2351 3858 2406 συνοί-

2195 2453 2294 2488 κου
2334 2432 2651 2504 πολυετίας,
2716 2435 2918 2506 ταύτην
2962 2437 3109 2512 εἶχεν
3151 2438 3185 2506 ἡ
3231 2438 3499 2513 πάναγνος
3537 2445 3856 2503 καταθεῖναι

2194 2527 2263 2597 τῇ
2304 2523 2510 2597 τριετίᾷ
2553 2525 2735 2601 ’φαίην
2777 2522 2825 2579 δ’
2872 2522 2932 2580 ἂν
2987 2526 3077 2580 καὶ
3128 2523 3518 2601 δαψιλεστέραν
3551 2528 3641 2583 καὶ
3676 2529 3855 2602 μείζω

2197 2611 2309 2685 ὅσῳ
2366 2612 2455 2667 καὶ
2510 2613 2775 2689 γεννητῶν
2838 2614 3143 2689 ὑπέρκειται
3200 2615 3436 2671 πάντωνσ
3471 2617 3526 2671 αἱ
3571 2618 3674 2694 γὰρ
3703 2619 3859 2693 παρὰ

2194 2705 2302 2756 τῶν
2375 2701 2645 2776 μεγίστων
2690 2700 2984 2765 ἀντιδόσεις
3035 2702 3324 2778 φιλότιμοι
3373 2705 3462 2760 καὶ
3511 2709 3589 2777 τῷ
3636 2707 3857 2782 μεγέθει

2199 2795 2303 2845 τῶν
2373 2793 2763 2869 χορηγούντων
2829 2790 3196 2863 κατάλληλον
3267 2790 3510 2857 δικαίους
3571 2792 3630 2850 δὶ
3691 2793 3860 2860 ὂντας

2197 2878 2436 2945 ἐκείνους
2490 2881 2579 2936 καὶ
2630 2879 3007 2955 καλουμένους
3064 2880 3168 2937 οὐκ
3220 2883 3288 2953 ἦν
3347 2881 3406 2938 ἂν
3461 2887 3570 2937 τῶν
3610 2882 3862 2940 ἀκολοῦ-

2197 2982 2304 3035 θων
2372 2971 2472 3039 τήν
2540 2970 2781 3044 στάθμην
2853 2967 3150 3046 ὑπερϐῆναι
3217 2978 3316 3042 τῆς
3382 2971 3719 3044 ἐπωνυμίας
3763 2971 3872 3031 διὰ

2196 3063 2365 3115 ταῦτα
2417 3060 2479 3114 τὸ
2548 3064 2645 3114 τοῦ
2704 3054 2859 3123 ἔτους
2927 3057 3138 3116 δίκαιον
3202 3061 3395 3136 μέτρον
3456 3058 3869 3138 ἀπειληφότες,

2201 3152 2363 3203 τοῦτο
2406 3145 2463 3203 δὲ
2499 3149 2566 3217 ἦν
2604 3151 2640 3218 ἡ
2680 3149 2906 3222 τριετία,
2972 3151 3048 3226 μὴ
3114 3148 3383 3207 διαπεσεῖν
3422 3146 3478 3205 εὖ
3516 3153 3874 3222 πεποιήκασι

2129 3223 2174 3293 (ἶ
2200 3239 2291 3295 καὶ
2330 3239 2430 3308 τὴν
2464 3236 2814 3314 ἐπαγγελίαν.

2268 3512 2358 3581 Ιζ“.
2425 3510 2573 3566 Ἐπεὶ
2640 3507 2699 3565 δὲ
2766 3511 2901 3582 μετὰ
2967 3512 3160 3586 μικρὸν
3214 3518 3326 3568 τῶν
3366 3520 3465 3584 τῆς
3505 3514 3862 3590 οἰκουμένης

2196 3595 2546 3671 ἐπιϐήσεσθαι
2582 3603 2828 3675 περάτων
2894 3602 2923 3655 ὁ
2986 3607 3085 3671 τῆς
3157 3600 3440 3677 βασιλίδος
3497 3606 3586 3659 καὶ
3630 3605 3872 3664 θεόπαι-

2196 3687 2287 3752 δος
2342 3687 2544 3763 ἔμελλε
2597 3689 2813 3764 κρότος,
2873 3690 3060 3766 φθάνει
3118 3691 3185 3745 τὰ
3244 3692 3603 3766 Ἰεροσόλυμα
3665 3692 3873 3768 πάσης

2193 3787 2295 3855 γῆς
2362 3777 2542 3849 ἄλλης
2607 3777 3007 3853 προπλέξαντες
3071 3781 3172 3850 τὴν
3240 3780 3536 3859 εὐφημίαν,
3605 3784 3697 3838 καὶ
3759 3789 3880 3844 τὸν

2195 3867 2338 3943 ἱερὸν
2399 3863 2568 3941 ὕμνον
2637 3868 2928 3939 ἆπᾲσαντες
2991 3872 3064 3943 τῇ
3131 3871 3413 3944 Παρθένῳ,
3472 3871 3562 3926 καὶ
3632 3880 3879 3947 σεμνῶς

2194 3957 2579 4031 τερετίσαντες’
2654 3955 2744 4011 καὶ
2839 3959 3001 4012 τοῦτο
3101 3956 3350 4021 εἰκότως·
3430 3958 3514 4015 ὅτι
3589 3959 3681 4015 καὶ
3760 3965 3883 4022 τὸν

2197 4046 2327 4120 ἐμὸν
2404 4048 2614 4116 Ἰησοῦν
2709 4045 3001 4120 ἀνήγαγον,
3080 4044 3269 4120 φησὶν,
3344 4047 3420 4109 εἷς
3495 4047 3892 4127 Ἱεροσόλυμα

2196 4144 2538 4213 παραστῆναι
2587 4136 2798 4212 Κυρίῳ,
2866 4136 2928 4191 οὗ
2966 4135 3122 4198 ’τοὺς
3186 4143 3540 4214 χαρακτῆρας
3583 4141 3618 4209 ἡ
3666 4142 3893 4223 μήτηρ

2198 4226 2250 4283 ἐν
2293 4227 2460 4302 ἑαυτῇ
2501 4226 2811 4305 προέφαινε.

2271 4316 2376 4373 Καὶ
2414 4318 2542 4390 γοῦν
2585 4314 2705 4369 ὅσοι
2758 4316 2868 4371 τῶν
2926 4314 3186 4389 ἰκκρίτων
3227 4315 3327 4387 τὴν
3364 4314 3527 4372 πόλιν
3572 4315 3898 4392 οἰκοῦντες

2199 4404 2406 4475 ἐκείνην
2474 4404 2792 4481 ἐτυγχανον,
2856 4400 3062 4479 ἀνδρῶν
3142 4424 3201 4458 τε
3265 4406 3355 4460 καὶ
3423 4402 3692 4464 δυναικῶν
3768 4418 3892 4473 καὶ

2196 4493 2452 4551 νεανίδων
2495 4492 2796 4570 παρθένων,
2826 4494 2889 4549 τὸ
2925 4493 3018 4566 μὲν
3047 4494 3139 4549 τὸν
3171 4493 3396 4571 πατέρα,
3427 4496 3489 4550 τὸ
3531 4493 3589 4551 δὲ
3628 4494 3724 4554 διὰ
3757 4506 3891 4575 τὴν

437 4587 685 4658 reliqua)
715 4601 850 4640 vero
900 4588 1142 4656 propter
1186 4582 1659 4639 laudatissimam
1707 4584 1985 4657 puellam,
2026 4587 2086 4643 in

2203 4586 2430 4661 μητέρα,
2462 4585 2524 4640 τὸ
2559 4584 2750 4639 λοιπὸν
2785 4580 2842 4638 δὲ
2891 4579 2980 4637 διὰ
3005 4585 3106 4653 τήν
3139 4585 3509 4656 πανύμνητον,
3542 4588 3643 4655 τὴν
3679 4589 3771 4655 είς
3814 4597 3900 4652 τὸ

437 4691 627 4732 unum
657 4673 1075 4732 convenientes
1100 4671 1175 4729 ad
1196 4670 1481 4745 templum
1505 4672 1918 4748 ascenderunt,
1951 4692 2086 4731 cum

514 4799 556 4834 ³⁸⁸
588 4799 723 4857 Luc.
752 4817 809 4868 ιι,
837 4801 926 4856 22.

2194 4675 2339 4750 ἱερὸν
2382 4670 2542 4750 ᾔεσαν
2609 4672 2977 4743 συνελθόντες,
3048 4671 3182 4747 μετᾶ
3248 4669 3556 4747 λαμπάδων
3618 4673 3908 4751 ἐνταῦθα

1758 4903 1904 4962 Ant.
1964 4901 2263 4964 Ballerini
2323 4904 2512 4963 notae.

444 5031 1401 5111 Nicqgediensisingonceptionem
1430 5032 1677 5111 Deiparae
1725 5034 1890 5111 (Bibl.
1924 5035 2084 5091 Conc.

440 5102 886 5175 vol.VI.pag.82)
904 5100 1450 5175 sgollicite'rlectorem
1472 5100 1840 5173 admoneret,
1864 5112 2088 5162 veteres

445 5177 508 5231 in
529 5172 884 5254 celebrando
902 5172 1316 5254 Conceptionis
1332 5174 1481 5232 festo
1500 5176 1737 5254 nihilad
1756 5179 2088 5254 conceptio-

442 5246 794 5320 nem_ip_sam
812 5244 1235 5320 respex‘isseﬁd
1250 5244 1443 5315 ipsum
1461 5247 1535 5302 ad
1551 5248 1805 5304 invisum
1821 5244 2087 5320 puritatis

440 5314 985 5393 vocabulumsicubi
1008 5314 2085 5393 fieriposset,enpungendum'impulit.

437 5389 644 5446 Eadem
653 5389 827 5459 plane
842 5401 1020 5442 causa
1032 5385 1275 5459 invisam
1288 5385 1501 5441 homini
1516 5385 2088 5447 etfecitimmacidatae

439 5455 815 5535 vocabulum;
834 5464 1012 5535 atque
1029 5455 1249 5535 idcirco
1271 5473 1405 5512 cum
1428 5459 1640 5515 Graecae
1662 5479 1830 5519 voces
1853 5462 2088 5535 ἄμωμος

444 5538 545 5589 aut
565 5530 911 5602 πανάμωμος
937 5528 1209 5602 deiMaria
1228 5534 1524 5602 usurpata
1547 5528 1945 5601 occurrerent,
1965 5528 2086 5589 non

444 5603 827 5677 immaculata,
844 5606 946 5657 aut
952 5601 1122 5671 plane
1136 5601 1512 5677 immaculata,
1533 5619 1663 5677 quae
1682 5606 1939 5677 cujusvis
1956 5622 2087 5677 rea-

446 5681 539 5730 tus
575 5674 905 5730 absentiam
947 5674 1269 5745 generatim
1320 5673 1604 5744 indicani,
1654 5673 1770 5731 sed'
1806 5676 2089 5732 vocabula

444 5746 752 5820 praeelegit
765 5745 1258 5818 irreprehensibilis
1275 5750 1377 5801 aut
1381 5746 1554 5818 plane
1570 5747 2084 5818 irreprehensibilis,

2196 5050 2326 5114 qua;
2346 5031 2670 5114 scilicetad
2690 5031 3240 5114 absentiam'reatus
3257 5050 3369 5114 per
3389 5039 3919 5114 actusprOprios

2195 5102 2421 5161 inducti
2444 5102 2894 5185 signiﬁcandam
2915 5102 3505 5185 aptiusadbibentur.
3540 5102 3614 5164 Αἰ
3642 5102 3925 5185 ιιιῖιτέῇξ

2198 5174 2735 5257 (ίρξεηειιῃίᾳιιῳεο,
2760 5174 2888 5257 laus
2909 5174 3062 5257 foret
3079 5176 3273 5232 Mariae
3297 5185 3404 5257 aut
3423 5185 3746 5243 nascentis
3779 5174 3931 5257 ξιΞῖ

2197 5245 2389 5328 adhuc
2415 5245 2677 5328 infantis,
2701 5246 2872 5328 quod.
2889 5245 3054 5303 nullo
3084 5264 3192 5328 per
3219 5254 3384 5328 actus
3416 5268 3553 5328 suos
3581 5245 3926 5327 reatuwge'

2196 5318 2478 5398 polluerit
2497 5317 2525 5372 ‘I
2556 5317 2826 5398 Haeccine
2858 5317 3282 5398 tam_praaclara
3312 5323 3506 5398 Mariae
3538 5336 3728 5387 erant
3773 5317 3937 5398 £313:

2196 5391 2562 5471 comia,_quee
2586 5394 2926 5471 sanctorum
2956 5391 3195 5471 Ιξειιγιιω
3228 5393 3533 5471 εείΡίθΡίίεβ
3565 5412 3679 5469 Ope
3722 5391 3936 5471 is‘t‘a‘

2197 5478 2329 5544 rum
2346 5479 2382 5548 Ie
2405 5460 2602 5548 Graece
2620 5460 2956 5543 versionum
2977 5460 3420 5548 tribuerentur?
3436 5460 3941 5548 Ad‘eo'sciliégt,

2198 5533 2452 5619 ineptire
2503 5532 2592 5615 vel
2641 5532 2836 5619 magni
2885 5532 3255 5619 viri-solent,
3288 5536 3389 5619 ubi
3436 5539 3634 5619 potius
3668 5532 3936 5619 (μίξξὲ

2197 5606 2446 5687 veritati,
2480 5604 2719 5691 privatis
2746 5603 3137 5691 "prtejudiciis
3188 5603 3516 5680 studiisque
3548 5603 3936 5691 dese‘rv‘ﬁ-‘é

2198 5675 2464 5732 animum
2493 5675 2789 5733 inducunt
2813 5675 2826 5731 ι
