4104 6300
320 369 401 426 57
1132 359 1400 421 SEBMO
1445 361 1533 420 IN
1577 353 2335 418 PMSENTATIONEM
2380 353 2450 413 B.
2501 351 2569 413 ν.
2620 351 2922 414 MARIJE.

3666 358 3748 419 58

329 498 439 567 τὴν
498 497 774 570 πάναγνον
829 492 1074 567 ἄγοντες,
1109 493 1198 547 καὶ
1235 493 1402 565 μέλος
1462 492 1593 566 ὑπὲρ
1653 488 1854 558 ταύτης
1895 487 1974 543 έπῖ

2097 487 2470 559 lampadibus
2487 488 3042 545 innocentissimam
3064 489 3206 546 illuc
3238 489 3620 558 deducentes,
3667 509 3736 550 ac

327 587 567 664 γλώττης
596 584 688 640 καὶ
752 585 876 656 μετ’
935 582 1264 660 έύφροσύνης
1322 580 1536 654 ᾅσματα
1585 579 1856 657 φέροντες,
1915 578 1984 632 τὰ

329 676 508 732 εῗκύτα
544 679 613 746 τῇ
679 672 980 745 θεονύμφῳ
1038 672 1252 733 πάντως
1313 668 1789 744 διαπραττόμενοι.
1854 665 1985 742 Περὶ

329 768 422 832 ὧν,
461 764 555 836 μοὶ
588 760 763 831 δοκῶ,
792 760 882 815 διὰ
913 766 1073 815 τοῦτο
1106 761 1196 814 καὶ
1254 761 1346 815 τὸν
1401 761 1743 835 μακαρισμὸν
1793 777 1984 832 προει-

325 851 777 929 ρῆσθαιέκεῖνον.
816 849 1097 924 Μακάριος
1132 851 1159 904 6
1212 851 1364 918 λαὸς,
1427 851 1454 904 6
1513 847 1797 925 γινώσκων
1854 846 1987 901 ἀλα-

329 942 561 1018 λαγμὸν·
598 942 841 1001 καὶτοῖς
875 940 1199 1014 προοιμίοις
1258 937 1324 1008 δὴ
1382 939 1598 1001 τούτοις
1653 938 1716 992 τὸ
1778 935 1983 1010 μέλλον

341 1031 810 1104 διασημαίνοντες,
867 1028 954 1085 ὅτι
1010 1027 1102 1083 καὶ
1158 1028 1328 1082 πάντα
1384 1027 1577 1100 κρύψει
1637 1027 1840 1100 πυρσὸν
1923 1025 1985 1078 τὸ

337 1129 433 1191 τῆς
499 1119 760 1198 ἐμψύχου
818 1119 1024 1188 ταύτης
1083 1115 1372 1190 λαμπάδος
1420 1121 1535 1194 φῶς
1607 1116 1982 1189 ἀπαπράψον,

341 1211 429 1265 καὶ
462 1211 718 1282 ᾀσμάτων
775 1206 914 1276 αὕτη
967 1203 1171 1277 πλήσει
1228 1205 1410 1280 ψυχὰς
1451 1205 1652 1274 ταύτην
1711 1203 1985 1277 ὐμνούσας

339 1301 430 1354 καὶ
459 1299 528 1354 τὰ
558 1300 802 1370 σωτήρια
837 1293 1213 1371 μελῳδούσας.

402 1389 580 1460 Οἶμαι
613 1387 688 1458 δὶ,
719 1386 809 1440 καὶ
842 1387 871 1442 6
902 1386 1097 1455 νοητὸς
1141 1383 1282 1446 ἄπας
1339 1385 1466 1439 τότε
1522 1381 1820 1456 διάκοσμος
1868 1387 1988 1444 τοῖς

337 1471 882 1552 λαμπαδοφὸροιςᾶν
939 1472 1162 1534 ἐκείνοις
1195 1471 1284 1528 καὶ
1341 1468 1539 1545 συνῇδε
1593 1471 1684 1524 καὶ
1743 1467 1984 1546 συνεφώ-

324 1571 464 1636 τιζε,
532 1567 620 1620 καί
688 1558 1001 1632 συνεόἀδιζε
1070 1567 1186 1623 τοῖς
1252 1563 1632 1635 προπομποῖς,
1691 1555 1818 1613 ὅσον
1886 1564 1988 1628 τῆς

324 1657 715 1731 προαγομένης
788 1651 1091 1713 δεικνύντες
1150 1651 1211 1706 τὸ
1265 1644 1425 1714 σέϐας
1471 1654 1589 1711 τοῖς
1645 1652 1726 1720 τῷ
1777 1646 1985 1722 σαρκίῳ

321 1744 526 1818 τούτῳ,
589 1742 759 1798 οἱονεί
813 1762 919 1797 τινι
951 1740 1118 1818 νέφει,
1177 1741 1277 1809 τὴν
1310 1738 1509 1815 αἴγλην
1538 1743 1637 1808 τῆς
1704 1733 1986 1812 παμϐασι-

2090 577 2362 633 modulos
2394 578 2466 632 de
2489 577 2616 649 ipsa
2647 583 2706 632 et
2735 579 2965 635 cantica
2992 596 3126 634 cum
3149 580 3354 635 laetitia
3374 588 3736 652 promentes.

2092 667 2291 724 ofﬁcia
2322 667 2566 732 scilicet,
2593 685 2724 737 quae
2757 669 2858 722 Dei
2894 686 3124 740 sponsae
3159 670 3431 742 dignitati
3486 689 3738 728 consen-

2094 763 2271 812 tanea
2302 762 2490 824 erant,
2525 757 2868 828 plenissime
2902 759 2985 813 illi
3011 758 3376 814 exhibentes.
3416 762 3484 814 Et
3514 761 3738 818 idcirco

2088 848 2158 903 de
2191 848 2283 902 his
2314 846 2572 901 arbitror
2603 848 3058 917 praenuntiatam
3092 848 3256 903 illam
3287 849 3742 919 beatitudinem;

2087 939 2287 992 Beatus
2312 937 2553 1006 populus
2575 938 2671 1005 qui
2691 935 2794 990 scit
2813 937 3207 1005 jubilationem
3234 938 3301 990 ³⁸.
3333 939 3556 1004 Quibus
3589 957 3733 995 sane

2089 1025 2394 1098 prailudiis
2421 1026 2683 1080 futurum
2707 1026 3140 1096 significabant,
3162 1030 3227 1081 ut
3252 1028 3431 1098 hujus
3463 1030 3738 1085 animatus

2089 1117 2387 1189 lampadis
2412 1116 2887 1189 jubareﬁ‘ulgens
2919 1116 3181 1188 reliquas
3214 1134 3419 1174 omnes
3450 1119 3608 1175 faces
3631 1121 3734 1176 ob-

2092 1206 2449 1272 tenebraret,
2484 1223 2699 1276 easque
2731 1206 2963 1261 animas
2988 1207 3177 1277 jubilo
3201 1207 3553 1277 cumularet,
3599 1226 3733 1280 qua)

2092 1312 2222 1352 eam
2255 1295 2627 1350 celebrarent
2647 1295 2905 1367 hymnis,
2935 1312 3001 1352 ac
3043 1298 3331 1352 salutaria
3361 1303 3664 1353 canerent.

2164 1387 2459 1440 Praeterea
2489 1384 2834 1458 angelorum
2859 1402 3094 1458 quoque
3144 1387 3454 1442 universos
3493 1388 3736 1443 ordines

2091 1493 2228 1532 cum
2260 1476 2353 1544 iis,
2386 1476 2487 1546 qui
2521 1475 2824 1548 lampades
2869 1477 3158 1546 ferebant,
3203 1494 3342 1533 suos
3392 1483 3534 1550 puto
3596 1496 3735 1535 con-

2085 1565 2359 1638 junxisse
2400 1571 2608 1621 cantus
2658 1583 2913 1636 suosque
2958 1566 3322 1638 splendores,
3357 1573 3415 1623 et
3446 1569 3736 1623 comitan-

2093 1654 2247 1710 tibus
2278 1654 2441 1710 illam
2475 1655 2665 1710 socios
2696 1672 2823 1710 sese
2855 1656 3176 1724 addidisse,
3207 1657 3477 1713 videlicet
3521 1663 3588 1712 ut
3626 1659 3737 1714 ho-

2089 1743 2371 1811 minibus,
2405 1745 2505 1815 qui
2538 1745 2647 1799 hac
2677 1760 2853 1800 carne
2880 1745 3136 1817 quodam
3178 1747 3347 1817 quasi
3405 1746 3732 1819 intersepta

320 1831 480 1894 λίδος
538 1835 671 1906 δρᾷν
731 1829 1241 1908 διαφραττομένοις,
1322 1829 1367 1884 εἰ
1441 1829 1518 1900 μή
1575 1828 1681 1928 καὶὴ
1713 1828 1974 1904 ἀγγέΛους

2089 1834 2212 1889 velo
2268 1833 2764 1905 impediebantur,
2833 1851 2909 1889 ne
2993 1833 3372 1906 splendorem
3428 1835 3730 1906 praecelsas

317 1924 527 2000 ἀγνοεῖν
582 1924 645 1977 τὸ
705 1923 1005 1996 μυςτήριον
1070 1924 1230 1975 τοῦτο
1289 1918 1600 1992 προώριστο
1655 1914 1720 1972 δι’
1778 1916 1981 1972 οἰκονο-

323 2014 537 2088 μίαν,ἣ
577 2033 646 2086 με
699 2009 948 2079 διέσωσε,
1006 2012 1097 2065 καὶ
1155 2014 1256 2078 τῆς
1311 2007 1686 2083 αἰσχρουργοῦ
1735 2006 1823 2062 καὶ
1878 2027 1975 2061 τυ-

317 2111 541 2180 ραννικῇ
553 2125 576 2165 ς
605 2103 898 2182 ἀφήρπασε
924 2101 1133 2175 χειρός.

2089 1922 2307 1995 reginae
2338 1923 2556 1977 intueri
2590 1928 2852 1994 possent,
2899 1923 3013 1995 ipsi
3063 1923 3465 1993 ostenderent,
3509 1930 3732 1996 quanta

2087 2011 2198 2077 illi,
2232 2029 2362 2083 qua)
2387 2011 2807 2081 deducebatur,
2831 2012 3163 2068 reverentia
3192 2013 3508 2068 deberetur
3539 2031 3552 2068 :
3611 2015 3728 2069 nisi

2085 2100 2234 2156 forte
2265 2105 2322 2155 et
2350 2100 2500 2156 illud
2531 2101 2850 2156 dicendum
2879 2102 3092 2170 sit,hoc
3123 2102 3471 2174 mysterium
3502 2102 3728 2174 angelis

312 2201 453 2252 tunc
477 2197 926 2266 incompertum
973 2208 1101 2248 eam
1125 2206 1388 2246 servasse
1406 2189 1863 2262 providentiam,
1892 2205 2023 2260 quas
2067 2205 2161 2245 me
2190 2189 2416 2246 salvum
2475 2190 2634 2260 fecit,
2696 2196 2871 2264 atque
2920 2207 2954 2246 a
3008 2191 3263 2248 fuadiﬁca
3301 2209 3368 2248 ac
3418 2193 3729 2265 tyrannica

315 2285 585 2356 (diaboli)
617 2287 911 2355 potestate
939 2281 1175 2352 eripuit.

388 2376 488 2431 IZ'.
524 2375 615 2428 Ἐν
675 2375 757 2444 τῷ
812 2374 926 2442 ναῷ
980 2370 1183 2438 τοίνυν,
1239 2370 1380 2444 ᾗπερ
1441 2366 1698 2442 εἷ’ρηται,,
1753 2368 1973 2442 φέρουσι

318 2465 381 2518 τὸ
416 2465 718 2537 ἱερώτατον
753 2456 1006 2534 ἔμψυχον
1035 2462 1220 2518 σκεῦος
1277 2456 1470 2526 έκεῖνο,
1528 2457 1592 2511 τὸ
1649 2454 1972 2525 θεοποίητον

320 2555 488 2628 ἄγγος
529 2556 640 2607 τῶν
680 2553 1016 2626 θεουργικῶν
1047 2546 1442 2621 λαμπηδόνών,
1471 2545 1534 2601 τὸ
1592 2545 1973 2619 πολυτίμητον

319 2643 414 2697 καὶ
449 2647 597 2704 θεῖον
627 2640 918 2712 ἀνάθημα,
957 2638 1017 2693 οὗ
1044 2642 1186 2692 πᾶσα
1229 2639 1263 2706 ἡ
1322 2635 1542 2708 ποίησις
1597 2633 1775 2704 ἥττων
1833 2635 1975 2709 ὁμοῦ

320 2732 464 2806 πρὸς
535 2727 696 2804 λόγον
753 2728 929 2799 ἀξίας.
998 2728 1058 2784 Ὁ
1114 2725 1158 2781 δ’
1217 2724 1504 2801 ἀρχιερεὺς
1563 2719 1670 2780 ἀπό
1750 2745 1810 2800 γε
1864 2728 1974 2780 τῶν

323 2819 621 2896 ὁρωμένων
679 2819 824 2889 τότε,
881 2818 966 2873 ’ὁτι
1024 2814 1192 2871 πλέον
1248 2815 1423 2871 ἐκεῖνα
1478 2812 1514 2884 ἤ
1576 2811 1849 2869 ἐδείκνυτο
1905 2814 1975 2869 τὰ

315 2911 572 2979 εἰωθότα,
620 2908 709 2964 καὶ
751 2907 898 2973 θείας
952 2903 1102 2961 ἔνδον
1163 2903 1323 2960 αὺτὸν
1380 2905 1804 2975 συναισθήσεως,
1865 2903 1975 2981 ἐγὼ

303 3000 541 3075 νομίζω,
610 2996 1067 3072 περιλαμψάσης,
1127 2992 1468 3070 ὑψηλότερον
1550 2997 1658 3048 τῶν
1740 2991 1974 3067 φθασάν-

303 3087 559 3163 των,ἓτι
607 3086 666 3143 δὲ
723 3087 814 3142 καὶ
879 3091 990 3142 τῶν
1041 3083 1334 3158 έςομένων,
1392 3084 1492 3153 τήι
1551 3081 1828 3138 ἐπέλευσιν
1888 3081 1975 3136 αἶ-

309 3182 582 3254 σΘὸμενος
615 3183 721 3247 τῆς
753 3177 1094 3252 θεονύμφου,
1128 3171 1280 3230 οὐδὲν
1321 3172 1412 3245 ἧν,
1460 3171 1490 3226 6'
1526 3175 1623 3226 τοῦ
1680 3173 1832 3247 ἱεροῦ
1895 3173 1970 3246 μή

2156 2371 2321 2426 XVII.
2371 2373 2450 2427 Eo
2492 2372 2689 2444 igitur,
2738 2389 2853 2444 quo
2894 2373 3172 2441 diximus,
3225 2373 3402 2428 modo
3451 2373 3730 2429 sacratis-

2084 2460 2296 2516 simum
2330 2460 2474 2516 illud
2489 2461 2818 2518 animatum
2833 2461 3510 2528 vasculum,deiﬁcorum
3537 2463 3727 2536 splen-

2084 2549 2297 2605 dorum
2328 2552 2766 2622 receptaculum
2799 2569 2833 2606 a
2862 2553 2980 2606 Deo
3031 2557 3457 2619 constructum,
3511 2569 3726 2608 urnam

2085 2641 2255 2694 aDeo
2287 2640 2616 2695 confectam
2641 2640 2776 2713 (εει),
2811 2641 3036 2696 honore
3097 2641 3511 2713 dignissimum
3551 2656 3617 2698 ac
3644 2641 3728 2695 di.

2085 2728 2285 2784 vinum
2315 2728 2828 2800 donarium,cujus
2859 2729 3127 2802 dignitati
3154 2731 3499 2785 enarranda)
3530 2731 3729 2785 omnis

2085 2818 2308 2888 pariter
2337 2817 2822 2887 creaturaimpar
2847 2817 3160 2884 invenitur,
3196 2818 3270 2872 ad
3295 2819 3581 2889 templum
3628 2818 3727 2874 ad-

2088 2904 2329 2960 ducunt.
2390 2906 2533 2959 Cum
2591 2910 2790 2959 autem
2840 2921 3103 2960 summus
3160 2905 3434 2961 sacerdos
3483 2911 3608 2962 tum
3659 2924 3730 2963 BI

2084 2994 2178 3062 iis,
2201 3011 2330 3064 quae
2354 2999 2496 3049 tunc
2546 2993 2964 3061 cernebantur,
3026 2999 3228 3066 utpote
3277 3011 3407 3065 qure
3460 2995 3549 3050 vel
3598 2996 3728 3067 ipsa

2084 3084 2341 3140 novitate
2371 3085 2567 3156 majus
2609 3083 2914 3156 quidpiam
2973 3085 3322 3150 innuebant,
3371 3090 3497 3140 tum
3546 3086 3727 3141 etiam

2086 3175 2283 3231 divina
2310 3175 2470 3230 intus
2491 3174 2641 3245 luce,
2667 3180 2730 3230 ut
2765 3181 2928 3248 puto,
2960 3182 3222 3231 mentem
3265 3175 3449 3246 ipsius
3473 3175 3729 3248 splendi-

304 3273 372 3344 τῇ
439 3267 706 3342 Παρθένῳ
762 3264 987 3338 ἀνέῳξε,
1037 3266 1126 3318 καὶ
1187 3263 1353 3318 οἰκεῖν
1415 3261 1585 3330 αὐτὴν
1646 3260 1970 3334 οἰκειότερον

2089 3265 2217 3320 dius
2249 3281 2427 3338 quam
2459 3241 2636 3321 antea
2660 3265 2750 3320 vel
2765 3241 2985 3338 lpostea
3022 3241 3430 3333 collustrante,
3453 3241 3726 3320 animad-

312 3361 535 3425 ὶαυτοῦ,
572 3355 626 3412 εἴ
677 3377 732 3410 τι
787 3355 877 3409 καὶ
940 3347 1160 3422 ἄϐατον,
1222 3348 1594 3425 διεψηφίζετο·
1634 3351 1729 3406 Ἐκ
1760 3346 1816 3404 δὲ
1844 3350 1974 3404 τού-

313 3470 412 3504 του
436 3446 611 3518 δῆλον
651 3447 728 3509 ὡς
788 3445 882 3500 καὶ
941 3447 1118 3518 χαρᾶς
1171 3441 1230 3497 ἄν
1291 3441 1358 3510 ἧν
1419 3434 1674 3511 ἔμπλεως
1728 3440 1968 3509 πάντως,

319 3543 571 3612 προορῶν
611 3535 797 3610 ὥσπερ
853 3535 956 3602 τὴν
1015 3529 1508 3606 περιελευσομένην
1560 3530 1626 3584 τὰ
1684 3530 1971 3604 σὺμπαντα

308 3630 483 3702 χαρὰν
546 3623 638 3680 διὰ
693 3631 794 3693 τῆς
843 3619 1268 3695 ἐπιδημησάσης
1325 3618 1447 3694 ἄρτι
1506 3618 1586 3690 τῷ
1627 3622 1730 3690 νεῷ
1775 3617 1965 3694 κόρης.

2082 3355 2351 3410 vertisset
2373 3356 2500 3428 jam
2519 3355 2827 3411 advenisse
2860 3357 3260 3427 Deisponsam
3281 3371 3294 3422 ;
3316 3354 3486 3410 nulla
3517 3354 3724 3427 templi

2083 3462 2216 3518 pars
2246 3447 2376 3513 fuit,
2435 3463 2612 3518 quam
2664 3447 2886 3520 Virgini
2936 3447 3198 3520 perviam
3220 3462 3341 3501 non
3392 3448 3633 3515 faceret,
3667 3450 3724 3500 et

2079 3533 2298 3603 locum,
2332 3535 2536 3607 siquis
2561 3541 2688 3590 erat
2729 3535 2792 3589 in
2839 3551 3018 3607 quem
3058 3534 3275 3589 inferre
3315 3535 3528 3606 pedem
3587 3533 3722 3590 aliis

2079 3622 2168 3678 fas
2200 3640 2320 3678 non
2354 3629 2527 3691 esset,
2558 3625 2714 3680 hunc
2746 3623 2834 3678 illi
2864 3624 3059 3695 potius
3090 3639 3267 3694 quam
3315 3621 3424 3677 sibi
3455 3622 3526 3676 ad
3560 3622 3722 3677 inha-

305 3718 617 3774 bitandum
649 3715 1018 3788 designabat.
1056 3715 1098 3768 E
1129 3713 1342 3784 quibus
1372 3710 1569 3782 palam
1593 3726 1734 3766 sane
1760 3711 2113 3781 ostenditur,
2146 3731 2324 3785 quam
2355 3715 2580 3786 ingenti
2632 3715 2758 3786 ipse
2819 3715 3026 3770 laetitia
3073 3719 3361 3787 praeterea
3399 3713 3718 3785 perfunde-

309 3819 486 3881 retur,
509 3812 680 3884 quasi
713 3808 1110 3882 praesentiens
1144 3807 1438 3873 videlicet,
1473 3811 1762 3877 quantum
1792 3805 1990 3879 gaudii
2021 3805 2315 3862 universis
2338 3809 2647 3876 pararetur
2675 3821 2781 3875 per
2811 3820 2940 3858 eam
2973 3803 3256 3875 puellam,
3282 3821 3411 3874 quae
3435 3803 3611 3859 modo
3646 3801 3720 3858 ad

310 3902 797 3960 commorandum
828 3901 893 3957 in
915 3898 1138 3970 templo
1169 3898 1506 3954 advenerat.

385 3993 493 4048 lH'.
527 3990 626 4044 Καὶ
654 3990 802 4044 τοῦτ’
835 3985 897 4042 ἄν
937 3987 1276 4063 προσεφώνει
1337 3988 1406 4058 τῇ
1463 3985 1750 4059 πανάγνῳ,
1809 3985 1839 4038 6'
1875 3984 1967 4039 καὶ

319 4081 352 4149 ἡ
393 4078 593 4142 ἄδολος
640 4077 858 4149 πληθύς
929 4070 1114 4130 ἔπειτα
1159 4075 1296 4149 πρὸς
1353 4075 1444 4130 τὸν
1505 4073 1759 4145 Κτίστηνο
1801 4073 1974 4131 E616-

321 4170 528 4244 γημένη
587 4171 621 4238 ἡ
691 4167 972 4243 ἐρχομένη
1044 4164 1262 4239 βασιλὶς
1319 4163 1372 4218 ἐν
1441 4163 1672 4235 ὀνόματι
1735 4162 1970 4238 Κμρίογ

326 4258 526 4333 Εἰρήνη
591 4259 641 4312 έν
703 4257 922 4332 οὐρανῷ
983 4254 1072 4307 καὶ
1123 4251 1248 4324 δόξα
1301 4251 1352 4306 ἐν
1430 4253 1702 4326 ὑψίστοις.
1795 4250 1973 4308 Ἀλλά

329 4348 538 4416 καὶτῆν
574 4345 880 4421 χαροποιὸν
947 4340 1014 4412 δὴ
1069 4342 1268 4412 ταύτην
1330 4337 1390 4396 ἅν
1446 4345 1710 4416 προσεῖπε
1767 4344 1974 4420 φωνήν,

325 4435 388 4507 ἤν
436 4440 463 4493 6
530 4437 750 4513 βλέπων
812 4431 1088 4511 Σοφονίας
1146 4433 1569 4511 προεφθέγξατοο
1621 4435 1796 4507 Χαῖρε
1848 4429 1977 4510 σφό-

333 4524 444 4602 δρα,
495 4528 725 4604 θύγατερ
787 4525 956 4592 Σιὼν,
1018 4518 1086 4576 δι’
1151 4523 1217 4589 ἧς
1266 4522 1294 4575 ’ὀ
1349 4520 1588 4590 Κτίστης
1622 4521 1832 4574 καὶνῦν
1886 4522 1978 4594 μὲν

322 4618 600 4694 χαίρει,σὶ
626 4617 716 4672 τὸν
765 4609 1163 4688 λαμπρότατον
1212 4611 1366 4664 οἷκον
1420 4607 1770 4682 περικαλλῶς
1822 4612 1964 4686 ὁρῶν

2142 3982 2336 4039 XVIII.
2363 3985 2614 4055 Insuper
2639 3980 3018 4050 crediderim,
3041 3979 3114 4036 ad
3146 3979 3412 4053 puellam
3462 3979 3710 4052 purissi-

2070 4089 2229 4128 mam
2262 4073 2322 4128 id
2366 4073 2531 4127 illum
2582 4071 2956 4140 inclamasse,
3009 4070 3166 4142 quod
3223 4070 3503 4142 deinceps
3538 4070 3716 4126 etiam

2072 4164 2360 4220 innocens
2392 4164 2757 4234 (puerorum)
2805 4162 2981 4218 turba
3015 4162 3086 4217 ad
3117 4162 3455 4218 Creatorem
3489 4180 3501 4217 :
3555 4164 3720 4216 Bene-

2074 4254 2223 4308 dicta
2252 4270 2371 4325 qua
2400 4255 2551 4308 venit
2567 4252 2761 4322 regina
2784 4251 2844 4307 in
2873 4257 3095 4308 nomine
3128 4253 3339 4307 Domini
3365 4253 3412 4287 ²⁹
3443 4270 3460 4306 .·
3490 4252 3610 4307 Pam
3655 4253 3714 4306 in

2074 4344 2202 4399 calo
2234 4351 2284 4399 et
2314 4342 2499 4413 gloria
2530 4345 2584 4397 in
2617 4342 2904 4398 altissimis
2935 4343 2997 4397 ³ο.
3034 4342 3185 4408 Quin
3237 4347 3295 4397 et
3352 4342 3508 4396 illam
3569 4357 3713 4396 sane

2075 4435 2441 4490 laetissimam
2460 4436 2722 4506 (utputo)
2750 4451 2948 4490 vocem
2982 4434 3230 4500 addidit,
3263 4449 3378 4504 qua
3409 4432 3551 4487 olim
3573 4448 3714 4487 usus

2077 4531 2166 4582 est
2196 4525 2485 4597 propheta
2508 4525 2835 4596 Sophonias
2861 4527 3104 4581 :Laetare
3127 4521 3710 4592 valde,ﬁliaSion(65),

2077 4615 2147 4670 de
2181 4632 2298 4686 qua
2327 4615 2569 4669 Creator
2605 4619 2664 4668 et
2701 4630 2859 4668 nunc
2908 4612 3148 4684 quidem
3199 4608 3434 4681 gaudet,
3496 4613 3551 4663 te
3588 4608 3714 4680 jam

320 4677 610 4780 ῖψούμενον
651 4704 760 4778 ἤδη
823 4704 916 4758 καὶ
978 4700 1568 4776 συναρμολογούμενον
1623 4701 1759 4774 πρὸς
1807 4699 1965 4770 οἷ’κη-

2089 4721 2324 4760 :ernens
2355 4703 2896 4775 splendidissimam
2928 4701 3039 4756 sibi
3088 4700 3320 4756 domum
3376 4699 3720 4756 felicissime

320 4818 392 4852 σιν
441 4800 648 4855 ἑαυτοῦ·
711 4798 1026 4874 χαρήσεται
1077 4789 1124 4846 δ’
1179 4791 1590 4868 ἐναργέστατον,
1648 4791 1737 4846 ὃτε
1790 4792 1962 4864 τοῦθ’,

313 4888 595 4964 ’ὅτιχαίρει
649 4890 720 4961 τῇ
778 4890 850 4961 σῇ
909 4883 1247 4951 συνοικήσει,
1310 4876 1590 4951 δεικνύων,
1647 4881 1746 4949 τήν
1784 4881 1960 4956 χαράν

314 4995 390 5030 σοι
420 4977 482 5033 δι’
528 4979 762 5056 ἀγγέλου
837 4973 1094 5048 μηνύσει,
1128 4968 1198 5025 δι’
1247 4973 1314 5040 ἣν
1373 4972 1462 5026 καὶ
1511 4969 1630 5033 νόες
1700 4968 1964 5047 ἀγαλλιά-

375 5135 574 5196 “Psal.
606 5148 886 5200 Lnxrm,
925 5131 1012 5185 l5.

2073 4808 2402 4864 assurgere,
2431 4798 2489 4848 et
2537 4792 2610 4846 ad
2651 4790 3106 4847 inhabitandum
3154 4795 3288 4862 apte
3330 4789 3714 4856 concinnari;

2071 4880 2350 4954 gaudebit
2390 4897 2524 4935 vero
2563 4880 2992 4946 vehementius,
3028 4879 3264 4951 quando
3302 4879 3459 4936 adid
3513 4878 3713 4951 palam

2068 4968 2428 5038 faciendum,
2473 4968 2877 5042 gratissimum
2911 4969 3136 5026 scilicet
3158 4970 3268 5026 sibi
3297 4987 3426 5026 esse
3456 4970 3516 5023 in
3538 4973 3593 5022 te
3623 4967 3714 5021 in-

1091 5126 1136 5161 ²⁹
1164 5127 1328 5196 Jean,
1361 5143 1463 5198 xu,
1493 5127 1579 5182 13.
1655 5124 1703 5161 ⁸ο
1734 5127 1868 5185 Luc.
1901 5143 1962 5196 ιι,
1998 5128 2084 5182 14.

1660 5310 1806 5368 Ant.
1842 5305 2138 5367 Ballerini
2182 5311 2368 5368 notae.

363 5481 461 5546 (64)
489 5483 635 5536 Ecce
658 5467 1229 5546 frequentissimum
1252 5467 1404 5546 illud
1417 5466 1579 5546 apud
1595 5467 1796 5546 Patres
1823 5483 1948 5546 _en_-

306 5538 685 5623 comium,quo
712 5538 1100 5623 Déipara‘uti
1122 5555 1156 5593 a
1184 5540 1300 5623 Deo
1320 5539 1611 5623 aedificata
1645 5538 1952 5620 singulari-

2059 5465 2268 5521 Johan.
2295 5467 2657 5522 Euboeensis.
2684 5469 2710 5535 §
2741 5467 2964 5546 ξλεαρ.
2984 5480 3119 5588 pag.
3163 5465 3282 5524 103,
3316 5461 3440 5540 ¹104.

2135 5537 2246 5588 (65)
2274 5538 2451 5588 Sonh.
2497 5556 2576 5588 ιιι-
2617 5539 2696 5588 t3.
2723 5537 2814 5588 Sic
2849 5553 3034 5588 versno
3110 5535 3204 5588 XX
3237 5531 3392 5585 edita
3423 5545 3440 5582 ε

2135 5537 2246 5605 (65)
2274 5538 2451 5608 SOPh-
2497 5556 2576 5603 III.
2614 5523 2826 5608 l3.VSic'
2849 5523 3034 5608 ve‘rsi‘o
3237 5531 3392 5608 edita
3423 5529 3493 5582 ab
3527 5523 3697 5608 A‘ldo:

306 5598 1139 5686 ter_c‘eleb‘i:atur,v“quodque
1191 5610 1271 5686 ad
1325 5610 1610 5686 ejusdem_
1661 5598 1951 5686 originem

2089 5598 2238 5686 ίαῖρε
2286 5598 2512 5686 σιρδδρα,
2564 5598 2792 5680 θύγατερ
2871 5605 3032 5659 Σιών.
3103 5603 3380 5674 Vulgatus
3457 5598 3697 5654 noster:

302 5700 544 5764 spectare
575 5695 727 5752 alias
970 5681 1518 5742 animadvertimus.
1573 5680 1770 5737 Couf.’
1798 5685 1947 5738 orat.

2065 5667 2256 5738 Lau'da
2281 5667 2402 5753 ῄὶὶα
2429 5667 2588 5738 ἰςίὸη.
