4104 6300
381 405 457 464 59
1539 393 1832 458 lSIDORl
1876 389 2635 455 THESSALONICENSIS
3713 393 3791 452 60

381 535 965 608 habitare,gaudium
997 533 1100 592 tibi
1123 551 1230 608 per
1267 532 1540 602 angelum
1599 531 1978 588 denuntiabit
2011 547 2026 587 :

2161 547 2323 585 ιονται
2375 525 2466 582 καὶ
2525 527 2808 603 ἂνθρωποι
2863 529 3240 602 σκιρτήσουσι,
3297 527 3386 586 καὶ
3443 533 3588 586 πᾶσα
3639 528 3786 605 λαμ-

381 635 626 704 propter
667 627 824 698 quod
865 631 923 682 et
979 626 1169 698 angeli
1229 623 1608 690 laetabuntur,
1657 627 1716 678 et
1771 623 2034 678 homines

385 717 790 782 exsultabunt,
809 722 867 772 et
887 717 1174 772 universae
1205 718 1490 770 creaturos
1535 711 1901 769 hilaritatem
1932 729 2034 768 ex-

383 809 713 883 plicabunt.

453 897 708 956 Ulterius
743 913 874 968 quas
916 899 1120 968 postea
1161 893 1235 950 ad
1267 892 1628 949 Salvatorem
1659 891 1845 949 Deum
1874 893 2036 950 ulnis

387 989 510 1044 suis
573 993 876 1060 receptum
919 987 1129 1042 atl'atus
1181 989 1272 1040 est
1316 985 1577 1052 Simeon,
1615 984 1740 1039 hanc
1789 999 1929 1040 sane
1979 989 2037 1040 et

382 1079 696 1134 hierarcha
755 1077 1067 1148 Deiparam
1151 1075 1452 1146 excipiens
1533 1074 2036 1146 opportunissime

385 1167 535 1222 dixit
567 1185 579 1223 :
613 1169 767 1224 Nunc
797 1168 1058 1222 viderunt
1079 1166 1228 1220 oculi
1257 1166 1364 1219 mei
1409 1164 1675 1233 salutare,
1735 1164 1884 1234 quod
1927 1181 2038 1234 pa—

382 1263 566 1313 ratum
598 1264 674 1312 est
708 1263 840 1311 ante
866 1257 1070 1324 faciem
1101 1255 1344 1309 omnium
1369 1253 1726 1324 populorum,
1755 1252 1936 1308 lumen
1965 1253 2040 1308 ad

386 1347 778 1404 reuelationem
803 1346 1130 1416 gentium,et
1167 1345 1402 1414 gloriam
1415 1345 1594 1414 plebis
1616 1349 1724 1398 tute
1763 1343 1935 1398 Israel
1963 1342 2032 1398 ³³.

384 1436 609 1503 Quibus
642 1441 701 1491 et
731 1433 881 1490 illud
912 1435 1150 1504 adjecit,
1181 1433 1339 1506 quod
1359 1433 1592 1488 divinus
1623 1433 1771 1488 Isaia
1794 1437 2040 1506 propter

387 1526 708 1580 Dominum
741 1525 972 1580 dixerat
1001 1523 1158 1596 (66):
1221 1523 1406 1592 Nunc,
1469 1539 1501 1577 o
1559 1521 1777 1594 puella,
1817 1538 1924 1594 per
1979 1527 2036 1577 te

379 1615 586 1670 videbit
646 1613 825 1670 omnis
883 1630 1010 1669 caro
1067 1613 1312 1668 salutare
1369 1612 1483 1667 Dei.
1512 1611 1828 1684 Ingredere
1858 1611 2039 1683 igitur

383 1703 754 1761 confidenter
786 1703 848 1758 in
875 1702 1164 1774 templum
1185 1707 1452 1758 sanctum
1475 1707 1678 1772 tuum;
1711 1718 1846 1758 vere
1876 1700 2038 1757 enim

379 1797 550 1850 tuum
585 1793 782 1865 potius
820 1809 998 1864 quam
1029 1791 1276 1848 alterius
1317 1791 1638 1864 cujuslibet
1669 1795 1758 1847 est
1787 1791 1902 1848 hoc
1931 1791 2039 1846 do-

2145 619 2354 696 πρυνοῆ
2365 638 2513 674 σεται
2538 617 2678 672 κτίσι
2689 639 2733 680 ς,

2217 890 2342 946 ’Έτι
2371 886 2430 944 δὲ
2460 887 2550 944 καὶ
2583 889 2704 944 οἷον
2741 888 2769 943 ὁ
2811 885 3076 964 θεοδόχος
3119 891 3347 963 Συμεὼν
3392 887 3612 965 ὕστερον
3661 891 3798 966 πρὸς

2145 979 2237 1033 τὸν
2289 981 2544 1053 Σωτῆρα.
2585 981 2836 1034 τοιοῦτον
2882 980 3152 1043 κάνταῦθα
3189 979 3278 1033 καὶ
3331 980 3358 1034 ὁ
3429 980 3528 1048 τήν
3601 982 3798 1035 Θεοτό-

2146 1087 2238 1123 κον
2312 1065 2720 1146 ὖποδεχόμενος
2792 1068 3058 1143 ἱεράρχης
3123 1069 3260 1124 κατὰ
3335 1069 3520 1143 καιρὸν
3586 1069 3797 1144 εἷ’ρηκεν

2147 1155 2231 1212 ἄν·
2289 1161 2402 1214 Νῦν
2457 1155 2604 1213 εἶδον
2663 1159 2716 1214 οἱ
2793 1158 3074 1236 ὀφθαλμοί
3143 1181 3244 1233 μον
3301 1161 3364 1214 τὸ
3415 1163 3705 1236 σωτήριον,
3773 1159 3804 1216 ὅ

2143 1247 2473 1322 ἡτοίμασται
2565 1249 2701 1303 κατᾶ
2775 1249 3074 1324 πρόσωπον
3163 1250 3370 1305 κᾶντων
3445 1255 3554 1305 τῶν
3627 1249 3800 1323 λαῶν,

2147 1341 2262 1415 φῶς
2295 1337 2370 1400 εἷς
2413 1335 2760 1412 ἀποκάλυψιν
2801 1335 2988 1408 ἐθνῶν,
3045 1339 3136 1393 καὶ
3177 1337 3328 1408 δόξαν
3385 1339 3520 1394 λαοῦ
3555 1337 3800 1414 Ἰσραήλ·

2147 1427 2242 1482 σύν
2272 1427 2452 1500 τούτῷ
2490 1447 2547 1482 τε
2571 1427 2660 1482 καὶ
2699 1428 2761 1482 τὸ
2790 1427 2937 1502 παρᾶ
2964 1432 3064 1482 τοῦ
3117 1427 3264 1483 θείου
3311 1429 3536 1484 Ἦσαῒου
3582 1426 3672 1484 διά
3707 1430 3800 1484 τὸν

2149 1517 2447 1588 Δεσπότην·
2523 1521 2616 1572 νῦν
2689 1511 2902 1592 ὄψεται,
2953 1516 3115 1591 κόρη,
3194 1521 3340 1573 πᾶσα
3375 1517 3500 1592 σὰρξ
3567 1515 3658 1572 διὰ
3707 1522 3804 1573 σοῦ

2145 1607 2208 1662 τὸ
2289 1609 2560 1682 σωτήριον
2633 1611 2736 1663 τοῦ
2809 1609 2966 1662 Θεοῦ·
3036 1607 3240 1664 εἴτελθε
3313 1605 3404 1662 οὗν
3461 1607 3805 1684 θαρρούντως

2148 1692 2224 1758 εἷς
2261 1695 2386 1750 ναὸν
2443 1695 2594 1771 ἅγιόν
2645 1715 2764 1765 σου,
2823 1698 2988 1752 τοῦτο
3033 1693 3100 1765 δὴ
3161 1696 3223 1752 τὸ
3273 1695 3365 1750 σὸν
3411 1697 3547 1770 ὑπὲρ
3591 1697 3804 1759 πάντας

2147 1784 2379 1858 ἀληθῶς
2477 1789 2851 1864 καταγώγιον,
2949 1787 3042 1844 καὶ
3149 1787 3416 1854 ἐπιλάθου
3483 1792 3582 1844 τοῦ
3649 1788 3804 1843 οἷ’κου

382 1881 755 1952 micilium,et
784 1883 1102 1939 obliviscere
1131 1883 1356 1936 domum
1379 1883 1565 1952 patris
1591 1885 1695 1950 tui,
1739 1882 1874 1952 quia
1900 1896 2036 1938 con-

2161 1880 2245 1932 τοῦ
2296 1875 2502 1952 πατρός
2563 1897 2683 1950 σου,
2729 1877 2813 1933 ὃτι
2883 1877 2912 1933 ὁ
2961 1875 3218 1954 βασιλεὺς
3283 1881 3380 1933 τοῦ
3429 1881 3524 1934 σοῦ
3563 1876 3806 1940 κάλλους

382 1975 632 2042 cupiscet
664 1987 766 2027 rea:
796 1971 1273 2043 qulchritudinem
1299 1977 1453 2026 tuam
1483 1969 1549 2023 ³³.

461 2063 530 2116 Et
559 2078 719 2118 nunc
753 2077 858 2133 ego
893 2060 1136 2131 quidem
1167 2077 1375 2116 omnes
1405 2059 1586 2132 hujus
1621 2059 1827 2134 templi
1846 2064 2047 2132 portas

383 2150 492 2207 tibi
515 2150 622 2206 soli
647 2151 936 2222 aperio,et
969 2153 1034 2205 ut
1062 2149 1248 2206 libere
1295 2149 1457 2205 intus
1490 2165 1660 2205 sacra
1715 2149 2048 2221 penetralia

381 2241 598 2314 pedem
613 2241 976 2312 inferas,quo
993 2240 1595 2312 libeat,permitto.Tu
1618 2255 1755 2295 vero
1773 2240 1878 2296 uni
1896 2257 2046 2296 con-

389 2331 566 2386 ditori
599 2335 700 2386 tuo
723 2330 921 2384 cordis
955 2329 1040 2384 tui
1069 2332 1273 2400 portas
1324 2328 1640 2393 reserabis,
1675 2329 2044 2400 efﬁciesque,

389 2419 666 2476 utlibere
697 2418 918 2474 morari
949 2417 1108 2474 intra
1136 2421 1192 2473 te
1224 2418 1432 2490 possit,
1453 2418 1514 2472 in
1547 2435 1664 2489 qua
1699 2418 1825 2474 sola
1875 2419 2045 2474 inha-

393 2507 582 2564 bitare
605 2509 830 2578 statuit,
892 2513 950 2563 et
995 2523 1174 2580 quam
1205 2523 1275 2563 ex
1327 2506 1602 2563 omnibus
1635 2507 1873 2564 ﬁliabus
1907 2508 2048 2564 Sion

389 2599 506 2655 sibi
538 2598 775 2671 delegit.

462 2687 628 2754 Quod
659 2689 706 2744 si
740 2693 798 2744 et
828 2704 1048 2744 novum
1070 2687 1248 2744 modo
1282 2689 1336 2743 ei
1369 2687 1612 2744 omnino
1659 2692 1878 2760 praater
1919 2704 2045 2744 mo-

391 2795 518 2835 rem
550 2777 859 2846 accidit,ut
881 2783 1159 2834 reseratas
1184 2795 1393 2834 omnes
1409 2777 1518 2833 tibi
1555 2783 1800 2850 pateant
1839 2777 2046 2850 templi

387 2867 589 2940 januaa
617 2886 631 2934 ;
665 2875 726 2924 at
753 2885 912 2924 nunc
932 2869 1156 2940 pariter
1185 2867 1380 2940 majus
1429 2865 1656 2940 aliquid
1687 2867 1760 2924 de
1803 2871 1862 2922 te
1890 2868 2044 2924 Deus

397 2955 459 3012 in
491 2959 654 3014 caelis
685 2959 966 3030 disponit,
1001 2963 1059 3012 et
1115 2957 1383 3013 cmlestes
1437 2957 1546 3012 tibi
1605 2963 1806 3029 portas
1855 2958 2046 3012 attolli

393 3045 584 3118 jubet,
608 3053 676 3102 ut
704 3047 778 3101 ad
822 3047 994 3100 illum
1025 3047 1220 3118 ipsum
1267 3045 1765 3112 inaccessibilem,
1803 3045 2046 3100 nemine

392 3137 501 3190 tibi
539 3137 886 3200 obsistente,
920 3135 1202 3190 accedere
1247 3151 1553 3207 prOperes,
1601 3133 2045 3206 pulchritudine

393 3229 498 3282 tua
525 3225 903 3296 efﬁcias(67),
938 3229 1005 3279 ut
1033 3225 1096 3279 in
1143 3225 1319 3278 terris
1379 3241 1506 3278 sese
1556 3223 2040 3296 conspiciendum

2152 1963 2502 2040 ἕπιθυμήσει.

2223 2055 2328 2112 Καὶ
2359 2059 2447 2110 νῦν
2475 2054 2587 2131 ἐγὼ
2625 2057 2720 2130 μὶν
2751 2055 2848 2118 τὰς
2891 2059 2989 2112 τοῦ
3011 2058 3117 2111 νεὼ
3165 2053 3324 2112 τοῦδε
3366 2055 3505 2132 μόνῃ
3559 2077 3643 2112 σοι
3699 2055 3807 2112 πύ-

2154 2141 2255 2206 λας
2287 2143 2574 2224 ἀνοίγνυμι
2619 2145 2817 2216 πάσας,
2864 2146 2954 2200 καὶ
2991 2147 3109 2220 μετ’
3164 2144 3470 2220 ἐλευθερίας
3519 2149 3625 2200 τῶν
3671 2143 3804 2200 ἀδύ-

2151 2237 2260 2288 τῶν
2289 2229 2440 2290 ἔνδον
2485 2239 2706 2310 χωρεῖν,
2767 2233 2894 2290 ὅποι
2947 2233 3159 2310 βούλει,
3219 2239 3562 2311 παραχωρῶ·
3633 2237 3695 2290 σὺ
3745 2233 3806 2290 δὲ

2157 2325 2308 2400 μόνῳ
2369 2329 2448 2398 τῷ
2509 2325 2724 2399 πλὰστῃ
2773 2323 2870 2389 τὰς
2913 2323 3092 2386 πύλας
3129 2332 3230 2396 τῆς
3283 2329 3382 2398 σῇς
3445 2323 3798 2388 ἆναπετιὶσεις

2151 2412 2397 2492 καρδίας,
2471 2415 2562 2469 καὶ
2623 2411 2774 2470 ἔνδον
2843 2413 3160 2490 ἐλευθερίως
3211 2415 3434 2470 ἐνοικεῖν
3483 2435 3572 2470 σοι
3621 2435 3803 2490 παρα-

2153 2502 2524 2572 πευᾶσεις,ὶν
2615 2509 2886 2560 κατοικεῖν
2941 2503 3229 2580 ᾑρετίσατο
3273 2505 3433 2580 μόνῃ,
3475 2504 3568 2559 καῖ
3615 2503 3682 2574 ἥν
3737 2503 3798 2560 ἐκ

2147 2598 2254 2650 τῶν
2281 2595 2590 2670 Θυγατὲρων
2629 2593 2774 2648 Σιὼν
2799 2591 3130 2664 ἐξελέξὲατο.

2231 2687 2363 2754 Νῦν,
2397 2683 2564 2738 εἶκαὶ
2614 2683 2760 2754 ξὲνον
2815 2683 2905 2738 καὶ
2947 2685 3094 2758 παρὰ
3139 2685 3202 2739 τὸ
3249 2683 3464 2754 εἰωθὸς,
3515 2680 3600 2739 ὅτι
3647 2681 3803 2739 κλει-

2152 2772 2246 2838 δὸς
2314 2772 2570 2852 ἐλευθέρα
2632 2777 2729 2830 τοῦ
2789 2775 2937 2850 ἱεροῦ
3003 2779 3150 2830 πᾶσα
3221 2775 3534 2839 καθίσταται
3619 2775 3800 2847 πύλη,

2151 2861 2299 2920 ἀλλὰ
2317 2883 2368 2919 τι
2399 2869 2584 2939 μεῖζον
2611 2863 2739 2937 ὑπὲρ
2759 2867 2854 2918 σοῦ
2877 2863 2965 2917 καὶ
3003 2867 3094 2919 νῦν
3145 2861 3256 2918 ἅνω
3297 2865 3426 2926 Θεὸς
3477 2861 3802 2934 διατίθεται,

2151 2953 2242 3008 καὶ
2281 2953 2379 3016 τὰς
2425 2953 2708 3026 οὐρανίους
2747 2950 2916 3028 αἶ’ρειν
2951 2974 3044 3008 σπι
3100 2952 3421 3028 προστάττει
3467 2953 3668 3026 πύλας,
3715 2954 3804 3010 ἴνα

2151 3043 2286 3116 πρὸς
2303 3043 2394 3098 τὸν
2435 3041 2601 3118 μόνον
2647 3042 2807 3098 αὐτὸν
2859 3039 3076 3112 ἄϐατον,
3134 3041 3366 3117 μηδενός
3405 3065 3487 3099 σοι
3531 3063 3803 3118 προσιστα

2155 3131 2344 3206 μένοτ,
2371 3131 2712 3210 φθάσῃς,καὶ
2734 3131 2880 3188 κάτω
2925 3133 3114 3206 πείσῃς
3159 3131 3248 3188 διὰ
3275 3135 3374 3203 τῆν
3427 3134 3523 3202 σήν
3571 3131 3802 3208 ἀγλαΐαν

2150 3224 2342 3276 τοῦτον
2367 3227 2623 3297 φανῆναι,
2663 3223 2756 3276 καὶ
2797 3222 2928 3297 ὑπὲρ
2969 3221 3126 3292 ἣλιον
3173 3221 3490 3298 λαμπρῦναι
3541 3224 3640 3294 τήν
3675 3229 3798 3298 γῆν,

395 3316 522 3388 ipse
554 3315 847 3382 exhibeat,
875 3319 930 3369 et
961 3313 1092 3371 luce
1126 3331 1232 3370 sua
1261 3313 1606 3370 universum
1653 3313 1858 3370 orbem
1917 3331 2038 3388 prae

2161 3313 2236 3368 ξῦν
2291 3311 2386 3386 μὲν
2437 3316 2706 3367 κατοικεῖν
2756 3333 2812 3366 σε
2861 3311 2914 3368 ἐν
2966 3309 3103 3386 οἷ’κῳ
3155 3314 3382 3390 Κυτρίου
3451 3313 3526 3375 εἷς
3588 3314 3797 3388 μακρό-

399 3405 532 3460 luce
562 3405 742 3460 solari
772 3404 1088 3460 illuminet.
1128 3405 1272 3459 Ecce
1305 3404 1550 3459 domum
1579 3403 1834 3474 Domini,
1890 3403 2048 3461 intra.

398 3511 576 3568 quam
593 3494 778 3550 semel
795 3499 1019 3550 tantum
1033 3494 1094 3549 in
1107 3510 1260 3550 anno
1281 3509 1514 3549 summo
1533 3491 2048 3568 sacerdotipedem

397 3584 620 3641 inferre
645 3601 750 3657 per
771 3584 963 3657 legem
1003 3584 1163 3652 licet,
1198 3583 1306 3638 tibi
1354 3581 1546 3650 trado,
1569 3587 1636 3638 ut
1647 3583 1820 3656 juxta
1837 3584 2049 3640 Psaltis

399 3692 603 3731 vocem
627 3677 689 3728 in
721 3691 785 3729 ea
815 3675 1088 3729 inhabiles
1118 3675 1178 3728 in
1206 3672 1608 3742 longitudinem
1632 3673 1843 3730 dierum
1864 3673 1929 3729 ³³.
1965 3675 2051 3731 Tu

399 3777 538 3816 vero
569 3777 690 3817 non
739 3761 926 3816 multo
977 3766 1108 3833 post
1153 3761 1314 3818 intus
1359 3761 1740 3834 temetipsam
1769 3777 2050 3836 magnum

399 3849 753 3908 Pontiﬁcem
795 3851 1094 3907 Christum
1139 3850 1409 3918 habebis,
1439 3851 1758 3923 ipsumque
1789 3851 1862 3907 ad
1901 3851 2052 3907 mul-

407 3945 531 3998 tum
572 3942 857 4014 temporis
879 3941 1273 4015 gestabis.Abi
1299 3941 1497 4012 igitur,
1531 3957 1564 3995 ο
1595 3941 1818 4009 lilia,in
1841 3942 2054 3998 Sancta

405 4035 771 4096 sanctorum,
791 4047 921 4102 qum
947 4033 1288 4086 sanctorum
1319 4029 1587 4084 omnium
1610 4029 2054 4087 sanctissimum

407 4135 470 4175 es
497 4123 834 4189 exceptura,
887 4123 945 4173 et
992 4119 1366 4174 sanctitatem
1415 4117 1691 4173 omnibus
1749 4117 2051 4192 largitura.

2154 3419 2292 3472 τητα
2321 3403 2564 3478 ἡμερῶν,
2611 3399 2906 3477 ψαλμικῶς
2967 3402 3158 3474 εἰπεῖν,
3201 3401 3481 3476 ἐνδίδωμι,
3541 3401 3662 3458 ἔνθα
3699 3406 3799 3458 τοῦ

2159 3490 2400 3546 ἐνιαυτοῦ
2461 3491 2598 3564 ἅπαξ
2665 3491 2880 3546 είσιέναι
2955 3491 3048 3547 τὸν
3135 3491 3394 3568 ἀρχιερέα
3493 3493 3796 3566 νομίζεται·

2157 3581 2219 3636 σὺ
2242 3577 2298 3636 δὲ
2320 3581 2436 3655 μετ’
2476 3579 2670 3656 ὀλίγον
2703 3581 2796 3636 τὸν
2856 3580 3023 3660 μέγαν
3063 3582 3322 3661 ἀρχιερέα
3377 3583 3609 3657 Χριστὸν
3643 3579 3794 3637 ἔνδον

2154 3667 2291 3741 ἔξεις
2321 3676 2539 3741 σαυτῆς,
2589 3670 2680 3726 καὶ
2735 3674 2925 3727 τοῦτον
2991 3673 3278 3746 βαστάσεις
3333 3669 3648 3750 παραπολύ.
3691 3673 3799 3728 Ἴθι

2153 3759 2358 3832 τοίνυν,
2399 3760 2444 3815 ὦ
2498 3761 2749 3838 οόγατερ,
2797 3761 2874 3824 εἷς
2911 3763 2978 3816 τὰ
3015 3784 3125 3818 των
3162 3763 3334 3838 ἁγίων
3382 3765 3571 3838 ⁹¹Αγια,
3611 3765 3645 3833 ἡ
3689 3765 3797 3818 τῶν

2158 3851 2324 3927 ἁγίων
2373 3849 2622 3906 ἁπάντων
2673 3851 2973 3928 ἁγιώτατον
3015 3850 3410 3926 ὑποδεξαμένη,
3445 3853 3536 3908 καὶ
3579 3852 3646 3908 τὸ
3695 3857 3800 3908 πᾶν

2161 3941 2472 4015 ἁγιάσουσα·
2495 3939 2738 4016 πρόσιθι,
2775 3941 3018 4018 βασιλὶς,
3047 3944 3114 3998 τὰ
3147 3942 3378 4020 λαμπρὰ
3409 3941 3476 4014 δὴ
3505 3947 3676 3999 ταῦτα
3712 3941 3804 3998 καὶ

2157 4029 2226 4083 τὰ
2251 4029 2500 4105 βασίλεια
2531 4027 2830 4106 δεχομένη,
2863 4034 2897 4102 ἡ
2935 4033 3026 4088 τὸν
3071 4037 3170 4088 τοῦ
3207 4033 3403 4096 παντὸς
3449 4031 3678 4108 βασιλέα
3707 4033 3804 4108 βα·

2165 4117 2384 4181 σιλικὰς
2420 4123 2538 4183 τοῖς
2573 4122 2625 4176 ἐν
2655 4125 2727 4195 γῇ
2793 4127 3095 4200 παρασχεῖν
3143 4121 3374 4198 χάριτας
3421 4122 3806 4178 ἁναπείσουσα.

406 4207 658 4276 Accede,
717 4207 998 4278 Reginaet
1047 4207 1199 4262 hanc
1259 4221 1400 4263 sane
1459 4206 1834 4280 splendidam
1892 4223 1961 4262 ac
2017 4208 2242 4281 regiam
2286 4211 2490 4268 sedem
2537 4216 2602 4268 tu
2656 4211 2877 4285 accipe,
2935 4229 3069 4270 uuaa
3119 4217 3335 4288 Regem
3393 4214 3811 4272 universorum

474 4337 516 4374 δι
551 4337 687 4395 Luc.
723 4352 778 4406 ιι,
815 4339 996 4394 30-33.
1071 4336 1118 4373 ⁸³
1148 4336 1304 4394 Psal.
1330 4353 1474 4403 XLIV,
1513 4338 1594 4406 11,
1628 4339 1713 4392 12.
1789 4337 1834 4373 ⁸³
1861 4336 2019 4394 Psal.
2051 4351 2189 4404 χχιι,
2217 4339 2270 4393 6.

1761 4469 1908 4527 Ant.
1939 4465 2236 4528 Ballerini
2261 4470 2450 4528 notae.

477 4603 590 4680 (o6)
631 4605 749 4680 _Isa.
829 4620 910 4680 ξι,
961 4605 1014 4673 ὅ,
1077 4617 1215 4680 sec._
1255 4601 1441 4680 L_XX_.:
1489 4596 1607 4680 _Kal
1663 4592 1854 4680 ἕψεται
1912 4605 2047 4680 τεᾷσα

2165 4674 2180 4680 _
2237 4601 2507 4680 andreas
2536 4603 2832 4680 Cretensis
2863 4604 2956 4680 (in_
2995 4605 3180 4680 Natis.
3223 4607 3376 4680 Deip.
3431 4606 3588 4680 apud
3647 4610 3820 4666 Com-

410 4671 535 4754 σὰρξ
572 4671 654 4728 τὸ
709 4671 978 4754 σωτήριον
1002 4671 1007 4673 ⁷
1032 4677 1131 4754 τοῦ
1159 4674 1340 4754 θεοῦ.
1367 4671 1678 4754 _Yulgatus
1711 4671 1886 4743 juxta
1931 4675 2057 4754 _He-

406 4744 676 4819 braicum
711 4744 1092 4819 textumlegit
1115 4763 1126 4802 :
1149 4747 1214 4802 Et
1234 4744 1442 4819 vide_bit
1464 4747 1638 4798 omnis
1659 4761 1787 4800 caro
1809 4749 2051 4816 par-iter,

411 4817 561 4892 quod
590 4833 646 4872 os
677 4819 899 4892 Domini
927 4817 1168 4876 locutum
1197 4823 1294 4872 est.
1355 4817 1538 4872 Lucas
1587 4821 1786 4872 tamen
1841 4819 1947 4890 (ιιι,
1997 4819 2052 4892 6)

413 4889 904 4962 Griecmj'ersioni
937 4892 1312 4962 suffragatur.

483 4961 596 5026 (67)
629 4961 926 5032 Frequens
957 4961 1366 5032 apud’l‘atres
1419 4961 1680 5015 occurrit
1737 4961 2052 5030 sententia,

413 5036 639 5104 sanctae
667 5031 948 5104 Virginis,
979 5031 1482 5104 pulchritudinem
1535 5032 1843 5104 effecisse,
1869 5039 1936 5088 ut
1981 5033 2056 5088 ad

414 5103 604 5173 ipsam
629 5103 688 5157 in
721 5102 906 5158 terras
937 5103 1038 5156 Dei
1069 5103 1323 5157 Verbum
1371 5102 1777 5158 descenderet.
1831 5103 1943 5172 Sic,
1993 5110 2058 5160 ut

415 5173 706 5230 nonnulla
737 5173 1376 5238 eorumlocainnuam,
1431 5177 1638 5228 auctor
1685 5174 1947 5230 homiliaa
1999 5175 2056 5230 in

413 5247 660 5300 Annunt.
721 5247 968 5315 Deipara
1019 5245 1176 5299 inter
1218 5245 1414 5316 Opera
1455 5244 1856 5316 Chrysostomi
1889 5249 2054 5316 (tom.

414 5317 508 5384 XI,
543 5333 674 5387 pag.
726 5313 850 5384 840,
895 5316 1035 5371 edit.
1099 5313 1309 5380 Ρίιτίεξ,
1359 5315 1523 5387 I728)
1557 5313 1588 5369 ε’
1621 5317 1805 5387 Supra
1847 5313 2059 5374 omnem

415 5385 722 5444 creaturam
781 5395 980 5460 ornata
1037 5403 1107 5454 es,
1167 5401 1332 5460 super
1383 5385 1540 5460 caelos
1602 5385 1876 5458 decorata,
1930 5390 2059 5460 plus

415 5476 581 5530 quam
607 5461 687 5514 sol
706 5459 912 5531 fulges.
944 5475 1114 5529 supra
1145 5457 1364 5531 angelos
1404 5456 1652 5531 eraltata
1695 5476 1766 5529 es,
1799 5456 1910 5516 non
1930 5456 2056 5517 —as-

415 5529 636 5600 sumpta
666 5549 717 5588 es
749 5529 813 5587 in‘
847 5531 1023 5594 caelos,
1077 5529 1171 5586 sed
1200 5531 1272 5600 in
1318 5529 1477 5584 terris
1532 5545 1752 5586 manens
1799 5533 2062 5588 caelestem

417 5599 704 5658 Dominum
735 5621 797 5660 ac
829 5606 1024 5672 Regem
1055 5599 1300 5658 omnium
1329 5600 1479 5673 adte
1503 5604 1788 5658 attraxisti
1819 5600 2062 5673 (ἁλλ’ἐπὶ

418 5679 520 5749 τῆς
553 5741 570 5749 _
607 5681 710 5749 γῆς
785 5669 1039 5749 ἱσταμένη
1118 5673 1208 5728 τὸν
1244 5741 1258 5749 _
1296 5669 1551 5749 οὐρανιον
1633 5669 1906 5749 Δεσπότην
1971 5673 2061 5749 καὶ

421 5741 677 5820 βασιλέα
741 5749 849 5804 τῶν
909 5741 1158 5802 ἆπάντῶν
1241 5741 1524 5798 ἐπεσπάσω
1589 5743 1727 5821 πρὸς
1821 5741 2060 5817 ἑαυτήν).

2165 4674 2332 4731 beﬁs.
2384 4681 2548 4750 auct.
2593 4676 2702 4732 vol.
2763 4679 2808 4745 Ι,
2869 4674 2980 4732 col.
3037 4674 3416 4750 1324-1325)!
3469 4674 3640 4750 Cujus
3687 4685 3821 4737 ani-

2163 4763 2264 4802 mae
2295 4749 2516 4819 quidem
2543 4754 2839 4824 venustatis
2865 4765 3044 4824 usque
3063 4749 3200 4804 adeo
3232 4751 3290 4804 in
3314 4749 3653 4824 immensum,
3667 4770 3820 4824 pro-

2163 4825 2319 4895 vecta
2335 4827 2441 4895 _esl,
2456 4825 2550 4895 _ut_
2567 4819 2826 4875 Christus
2847 4822 2990 4895 ipse.
3025 4822 3290 4895 immensa
3301 4822 3402 4876 illa
3425 4819 3820 4895 pulchritudo,

2165 4891 2283 4962 ejus
2313 4890 2582 4964 desiderio
2610 4890 2902 4964 exarserit,
2942 4893 3342 4964 secundamque
3385 4890 3622 4964 enipsa
3665 4890 3826 4952 nati-3

2165 4961 2386 5017 vitatem
2417 4961 2642 5082 elegerit
2682 4963 2806 5034 (Ἢς
2831 4961 2894 5016 τὸ
2920 4963 3013 5034 μὲν
3045 4967 3145 5032 τῆς
3185 4961 3365 5038 acu—xi}:
3407 4961 3615 5026 κάλλος
3658 4966 3822 5022 ἄπει-

2169 5033 2325 5082 ράκις
2391 5029 2492 5082 ἀπε
2523 5049 2630 5082 οως
2703 5033 2780 5082 εἷς
2839 5038 3098 5082 τοσοῦτον
3167 5031 3446 5082 ἕβήοτίται-
3503 5037 3655 5082 ὅπως
3727 5039 3821 5082 καὶ

2169 5029 2630 5105 paixic_&1te_lp9)q
2689 5029 2788 5105 ἐἷς
2839 5029 3112 5088 τοσοῦτον
3167 5029 3448 5105 ἕξῄξηται,
3503 5037 3655 5099 ὅπως
3727 5039 3822 5094 καὶ

2167 5089 2397 5178 Χριστὸν
2448 5089 2610 5157 αὐτὸν
2654 5103 2716 5158 τὸ
2768 5103 2799 5158 ἆ
2848 5107 3055 5196 ήχανον
3093 5089 3330 5167 κοίλλδςΙ
3377 5089 3454 5168 εἷς
3525 5089 3820 5182 ἐπιάυμίαν

2167 5193 2264 5230 του
2293 5171 2496 5230 ταύτης
2519 5173 2759 5230 κάλλους
2781 5126 3070 5230 ἐλθειν...).
3111 5178 3175 5230 Id
3203 5179 3428 5230 centies
3480 5185 3538 5230 et
3597 5182 3655 5230 in
3710 5185 3820 5230 Me.

2167 5171 2264 5230 του
2293 5171 2496 5242 ταύτης
2519 5173 2759 5234 κάλλους
2781 5171 3070 5242 aestu“).
3111 5178 3175 5233 Id
3203 5179 3428 5236 centies
3480 5185 3538 5236 et
3597 5171 3658 5237 in
3691 5171 3826 5240 ’ΜΘ-

2167 5245 2680 5320 nasis‘Graecorum
2712 5247 2942 5320 legitur.
2979 5249 3071 5304 Sic
3101 5250 3174 5304 ad
3203 5251 3361 5305 diem
3389 5255 3457 5306 29
3479 5251 3648 5309 Febr.
3697 5256 3824 5311 Ode

2169 5319 2213 5387 ζ’
2245 5335 2261 5392 ι
2308 5318 2462 5392 Cum
2490 5323 2559 5392 te
2587 5318 2796 5388 utpote'
2827 5321 3146 5392 pulchrum,
3195 5328 3388 5392 utpote
3445 5333 3752 5390 venustam,
3794 5343 3823 5383 ο

2167 5391 2415 5468 cujusvis
2445 5390 2585 5468 tabis
2607 5390 2840 5460 penitus
2861 5408 3104 5462 exspers,
3133 5390 3434 5468 uilem-isset
3477 5397 3632 5451 Iesus
3683 5399 3826 5468 pul-

2171 5459 2773 5538 chritudim'sdonator,
2797 5481 2864 5518 ea:
2896 5459 3262 5538 te_secundum
3287 5459 3706 5538 carnemnatus
3721 5477 3821 5538 est,

2170 5539 2220 5587 et
2243 5539 2474 5626 ριιςίίρεηεν
2503 5534 3106 5626 ίηξηιεηεξιηιρίεςαεριη
3127 5552 3280 5626 suam
3330 5553 3422 5626 me
3461 5534 3825 5626 ad‘d‘eitatem

2171 5600 2368 5679 evehit"
2395 5600 2468 5664 ὣς
2491 5601 2690 5679 καλὴν,
2712 5604 2786 5666 ὠς
2817 5600 3016 5679 ιξῖραίαν
3043 5609 3287 5675 ποθήσας
3320 5627 3375 5660 σε
3401 5607 3428 5660 ὁ
3461 5605 3824 5676 παλλοποιὸς

2172 5676 2839 5756 :Ineoﬁc,‘1§azupdignps,
2865 5675 2932 5732 ’ἐκ
2982 5681 3077 5756 σοῦ
3130 5679 3287 5754 σαρκὶ
3333 5681 3670 5756 γεγέννηται,
3729 5675 3821 5737 καὶ

2172 5748 2285 5802 θεοῖ
2313 5767 2380 5822 με
2397 5745 2468 5802 δι’
2485 5745 2669 5804 οἶκτον
2680 5745 3038 5824 ἀμέτρητον).
