4104 6300
285 329 346 390 bl
1138 325 1401 387 BEBMO
1445 326 1525 386 IN
1572 324 1938 386 PRESEN']

2055 324 2316 388 ‘IONEM
2362 324 2432 386 B.
2477 324 2551 386 γ.
2599 324 2898 388 ΜΑΒΙΛΕ.
3618 325 3698 386 62

295 465 356 523 ad
372 464 557 539 regias
583 463 820 538 gratias
853 463 1235 520 terrestribus
1256 463 1417 535 large
1450 462 1881 536 impertiendas
1909 463 2307 538 permovebis.

359 557 453 612 16⁸.
481 553 711 616 Τούτοις
765 552 866 607 οῦν
927 555 962 623 ἡ
1007 551 1234 615 Θεόπαις
1266 551 1458 630 λόγοις
1491 553 1808 626 ὗποσχοῦσα
1835 554 1936 622 τήν

2121 552 2272 608 ΧΙΧ.
2307 553 2405 608 His
2435 552 2636 623 itaque
2667 553 2842 610 dictis
2873 569 3079 612 aurem
3109 554 3418 628 porrigens
3448 557 3550 612 Dei
3580 555 3705 612 tilia

299 645 467 715 ἀκοήν,
525 643 613 698 καὶ
673 643 883 698 ὡσανεῖ
927 642 1253 716 πειθομένην
1311 643 1506 712 ἑαυτὴν
1557 645 1939 718 παρασχοῦσα,

300 738 392 790 τῶν
439 732 668 810 εὐγενῶν
730 729 992 787 νεανίδων
1054 730 1293 802 ἐκείνων,
1357 731 1414 786 αἳ
1454 732 1653 803 ταύτην
1715 732 1942 806 λαμπα⁶

299 821 582 903 δουχοῦσαι
651 821 1032 897 περιίσταντο,
1109 824 1290 898 ἡρέμα
1357 819 1641 890 διαστᾶσα,
1694 822 1782 877 καὶ
1834 822 1940 891 ὅλη

301 915 550 994 χαρίεσσα
612 914 798 986 σεμνῷ
857 918 1083 993 φανεῖσα
1125 915 1214 968 καὶ
1269 915 1515 988 σχήματι
1581 911 1671 968 καὶ
1737 913 1945 990 φρονή-

306 1025 446 1077 ματι,
503 1004 780 1077 πρόσεισιν
858 1004 1106 1077 ἀσμένως
1161 1007 1241 1075 τῷ
1296 1003 1554 1079 ἱεράρχῃ,
1627 1006 1943 1077 περιχαρῶς

300 1092 696 1170 προσλαλοῦσαι,
749 1095 842 1148 καὶ
901 1096 1220 1167 κινήμασιν,
1272 1095 1355 1154 οἷς
1405 1095 1546 1167 εἶχε,
1593 1093 1682 1146 καὶ
1745 1089 1944 1165 ψελλί-

297 1204 448 1256 σμασι
500 1187 570 1256 τῇ
621 1183 820 1240 τούτου
881 1184 1052 1261 ψήφῳ
1120 1178 1358 1255 συνᾴδειν
1423 1179 1796 1238 ὑποδεικνῦσαο
1854 1179 1944 1235 καὶ

294 1273 398 1330 ἀντὶ
436 1277 549 1330 τῶν
598 1275 852 1348 πατέρων
923 1271 1014 1328 καῖ
1096 1275 1196 1342 τῆς
1261 1274 1376 1328 κατ’
1452 1273 1599 1328 οἶκον
1657 1272 1945 1347 θεραπείας

296 1361 471 1434 ἄλλης
501 1364 602 1432 τήν
634 1363 709 1425 εἷς
738 1363 806 1418 τὰ
836 1364 1006 1438 ’Ἅγια
1051 1367 1164 1418 τῶν
1212 1361 1380 1436 ἁγίων
1414 1360 1628 1434 οἳκησιν
1679 1363 1945 1435 αἱρεῖσθαι

296 1449 591 1525 προθύμως
645 1448 1001 1525 ἐμφαίνουσαο
1057 1450 1170 1520 καὶ,
1229 1447 1647 1522 Είσελεόσομαι,
1688 1449 1828 1504 εἶπεν
1884 1447 1944 1503 ἄν

294 1540 353 1596 τὸ
390 1543 494 1594 τοῦ
524 1537 669 1594 θείου
708 1535 898 1608 Δαϐιδ,
929 1539 1065 1613 πρὸς
1108 1539 1172 1594 τὸ
1221 1540 1604 1613 θυσιαστήριον
1663 1542 1759 1593 τοῦ
1789 1542 1946 1599 Θεοῦ,

293 1631 424 1705 πρὸς
457 1630 554 1686 τὸν
575 1631 708 1685 Θεὸν
729 1631 822 1686 τὸν
848 1627 1204 1707 εὐφραίνοντα
1223 1631 1323 1700 τὴν
1355 1627 1583 1700 νεότητά
1609 1648 1735 1700 μου·
1769 1626 1851 1683 ὅτι
1881 1627 1943 1683 σὺ

278 1719 499 1790 ὴίλπίς
536 1741 643 1792 μου
710 1719 820 1775 ἀπὸ
881 1723 1097 1792 μαστῶν
1152 1726 1253 1788 τῆς
1296 1719 1506 1795 μητρός
1581 1737 1709 1792 μου⁶
1753 1716 1843 1773 ἐπὶ
1893 1717 1949 1771 σε

278 1808 572 1888 ἐπερρίφην
594 1809 656 1866 ἐκ
684 1812 922 1888 μήτρας,
968 1809 1076 1866 ἀπὸ
1107 1810 1343 1887 γαστρὸς
1387 1810 1594 1886 μητρός
1650 1829 1775 1884 μου,
1814 1808 1947 1870 Θεός

285 1922 389 1975 μου
417 1901 469 1956 εἴ
493 1902 580 1958 σύ.

360 1993 443 2048 Κ’.
477 1992 583 2046 Λιὰ
610 1993 776 2046 τοῦτο
833 1991 924 2046 καὶ
955 1990 1171 2046 ε’ἰσεισιν
1222 1990 1298 2051 είς
1338 1991 1403 2045 τὰ
1452 1988 1620 2046 ἄδυτα
1653 1989 1793 2064 μόνη
1846 1993 1943 2044 τοῦ

281 2082 426 2156 ἱεροῦ
475 2080 863 2136 καταλιποῦσα
927 2082 1257 2156 γεννήτορας
1314 2079 1405 2135 καὶ
1464 2081 1720 2154 πατρῴας
1766 2079 1940 2143 ἑστίας

285 2174 590 2243 συνήθειαν,
621 2170 691 2240 ἦς
731 2168 844 2226 οὐδ’
904 2171 982 2233 εἰς
1027 2175 1329 2252 φρονοῦσαν
1388 2168 1612 2240 ἡλικίαν
1659 2168 1946 2236 τελοῦντες

284 2259 554 2335 ὑπεριδεῖν
601 2259 824 2340 ἔχουσι,
874 2259 998 2336 τρία
1051 2260 1187 2316 οὖσα
1236 2261 1327 2315 καὶ
1373 2265 1542 2316 ταῦτα
1589 2263 1622 2329 ἡ
1681 2261 1946 2337 πάναγνος

280 2344 396 2420 ἔτη,
433 2350 489 2404 ἐν
519 2349 566 2422 ᾧ
594 2357 699 2418 τῆς
744 2348 973 2418 ἡλικίας
1017 2347 1232 2421 δηλαδὴ
1262 2349 1466 2419 ταύτης
1515 2347 1614 2404 οὐκ
1642 2348 1702 2404 ἂν
1758 2350 1946 2412 ἱκανὸς

284 2439 448 2494 εἰπεῖν
477 2437 563 2509 ε’ἰη
618 2442 716 2494 τοῦ
770 2437 1045 2510 θαύματος
1107 2439 1206 2507 τήν
1251 2434 1588 2514 ὑπερϐολὴν,
1617 2439 1663 2493 εἳ
1711 2459 1796 2501 τις
1846 2437 1946 2494 λο-

285 2528 518 2604 γίσαιτο,
563 2527 692 2584 ο¹ίιυν
724 2523 818 2583 ἅτε
869 2525 937 2596 δή
1013 2528 1212 2607 βρέφος
1297 2525 1555 2602 δεομένη,
1613 2529 1706 2584 οἷα
1761 2526 1944 2600 ἠλλά-

288 2617 434 2687 ξατο.

368 2793 570 2849 Ἓκεῖσε
623 2799 773 2872 γοῦν,
833 2793 1204 2872 εὖαγγελικῶς
1256 2793 1448 2868 εἰπεῖν,
1502 2797 1698 2867 ηὔξανε
1735 2798 1827 2851 καὶ
1882 2797 1945 2852 τὸ

295 2879 508 2938 παιδίον
584 2888 770 2956 τοῦτο,
827 2884 924 2940 καὶ
1004 2883 1358 2961 ἐκραταιοῦτο
1420 2886 1712 2960 πνεύματι,
1793 2882 1947 2958 πλη-

290 2975 552 3049 ρούμενον
623 2976 840 3053 σοφίας,
901 2972 993 3029 καὶ
1056 2975 1218 3050 χάρις
1305 2979 1438 3031 Θεοῦ
1508 2976 1574 3045 ἦν
1617 2974 1702 3030 ἐπ’
1773 2977 1942 3049 αὐτῷ’

287 3061 349 3133 ἤ,
396 3062 484 3118 ἵνα
521 3064 616 3119 καὶ
656 3069 822 3119 τοῦτο
880 3065 1202 3140 προσθείην,
1277 3065 1582 3141 προέκοπτε
1651 3064 1812 3145 σοφίᾳ
1855 3064 1945 3121 καὶ

278 3153 473 3225 ἡλικίᾳ
504 3155 593 3208 καὶ
631 3153 818 3228 χάριτι
866 3155 1013 3228 παρὰ
1061 3158 1179 3227 Θεῷ
1207 3154 1297 3210 καὶ
1344 3155 1675 3230 ἀνθρὼποις’
1707 3154 1832 3230 περὶ
1883 3155 1945 3210 οὗ

283 3245 452 3318 μόνου
467 3250 766 3322 προσφυῶς
790 3239 943 3320 ἔχειν
975 3246 1094 3300 εἶπέ
1122 3265 1208 3310 τις
1239 3247 1319 3315 ἄν,
1373 3243 1442 3315 ἤν
1475 3245 1662 3321 εἳρηκε
1693 3248 1877 3322 φωνὴν
1917 3247 1944 3301 ὁ

2053 662 2120 701 ac
2146 645 2305 700 velut
2333 645 2763 716 obsequentem
2786 664 2848 702 se
2879 647 3224 717 exhibens,e
3256 648 3558 704 nobilibus
3580 647 3705 704 illis

2052 737 2428 809 puellis.quze
2448 737 2752 809 lampades
2771 743 3042 794 tenentes
3069 755 3197 794 eam
3219 739 3704 798 circumstabant,

2052 826 2212 882 lente
2233 826 2598 899 digrediens,
2633 832 2692 882 et
2707 832 2831 883 tota
2850 829 3105 899 gratiosa
3125 845 3361 902 gravem
3383 830 3708 902 praeferens

2055 921 2112 971 et
2141 917 2410 972 habitum
2443 923 2502 971 et
2533 934 2935 983 sensum,cum
2949 919 3160 990 gaudio
3183 920 3305 975 adit
3336 920 3703 992 pontificem,

2054 1006 2260 1062 hilaris
2293 1023 2428 1062 eum
2460 1006 2878 1078 alloquitur,et
2905 1009 3151 1064 nutibus
3170 1010 3707 1082 verbisque.prouti

2052 1101 2305 1168 poterat.
2339 1096 2732 1165 infantilibus,
2764 1099 3038 1153 assentiri
3088 1116 3150 1154 se
3205 1099 3368 1154 illius
3397 1100 3708 1154 sententias

2057 1187 2338 1256 declarat,
2369 1203 2550 1258 seque
2583 1188 2930 1258 parentibus
2960 1205 3028 1244 ao
3084 1189 3428 1245 domesticis
3464 1191 3710 1260 reliquis

2055 1275 2383 1332 commodis
2413 1276 2692 1348 praeferre
2743 1294 2972 1333 moram
3003 1279 3065 1333 in
3105 1279 3336 1334 Sanctis
3366 1283 3708 1334 sanctorum

2056 1370 2329 1438 prompte
2362 1365 2675 1437 signiﬁcat,
2712 1371 2770 1421 et
2799 1367 3006 1439 utique
3055 1366 3203 1422 illud
3259 1367 3442 1423 divini
3480 1367 3709 1424 Davidis

2056 1470 2373 1526 usurpans,
2409 1457 2671 1522 lntroibo,
2708 1455 2922 1528 inquit,
2953 1457 3027 1512 ad
3055 1456 3232 1527 altare
3259 1459 3380 1524 Dei,
3411 1458 3484 1512 ad
3539 1458 3709 1512 Deum

2057 1544 2156 1613 qui
2213 1541 2458 1611 laetiﬁcat
2501 1543 2853 1612 juventutem
2898 1559 3074 1599 meam
3127 1542 3196 1613 3‘,
3254 1546 3517 1614 quoniam
3550 1549 3608 1598 tu
3657 1560 3709 1599 es

2058 1647 2175 1702 spes
2199 1647 2318 1686 mea
2347 1632 2414 1685 ab
2445 1632 2904 1688 uberibusmatris
2930 1648 3068 1690 mea
3099 1649 3113 1700 ;
3144 1635 3205 1688 in
3237 1640 3290 1689 te
3311 1633 3568 1704 projecta
3586 1650 3704 1690 sum

2058 1737 2126 1777 ex
2157 1727 2331 1792 utero,
2362 1721 2428 1776 de
2456 1727 2644 1776 ventre
2668 1723 2864 1778 matris
2891 1736 3030 1779 mea,u
3067 1723 3204 1779 Deus
3233 1739 3382 1778 meus
3411 1739 3464 1778 es
3495 1729 3555 1778 tu
3575 1722 3642 1783 ³⁵.

2124 1989 2242 2046 XX.
2268 1991 2608 2063 Ingreditur
2639 1990 2886 2064 proinde
2919 1989 3045 2047 sola
3075 1991 3138 2047 in
3183 1989 3386 2063 templi
3415 1990 3612 2064 adyta,
3643 2008 3711 2049 ac

2053 2086 2329 2153 parentes
2352 2087 2410 2136 et
2438 2087 2700 2153 paternae
2729 2081 2941 2136 domus
2964 2081 3478 2150 consuetudinem,
3530 2097 3560 2137 e
3592 2098 3711 2153 qua

2055 2187 2206 2244 aagre
2254 2171 2419 2226 avelli
2473 2189 2533 2226 se
2585 2173 2788 2227 sinunt
2839 2171 2929 2228 vel
2983 2172 3084 2244 qui
3135 2171 3263 2244 jam
3319 2178 3556 2228 matura
3589 2173 3710 2229 sint

2056 2266 2248 2327 astate,
2283 2260 2477 2317 adhuc
2532 2262 2776 2318 trimula
2851 2261 3344 2318 innocentissima
3399 2262 3708 2334 relinquit,

2055 2351 2226 2424 cujus
2263 2367 2405 2406 sane
2436 2352 2628 2407 aetatis
2649 2351 2800 2407 ratio
2827 2350 2874 2406 si
2907 2351 3215 2418 habeatur,
3247 2351 3341 2405 vix
3372 2351 3538 2407 effari
3561 2353 3718 2423 quis-

2055 2441 2215 2513 piam
2246 2441 2466 2512 poterit
2491 2440 2766 2496 miraculi
2822 2440 3316 2514 magnitudinem,
3349 2441 3451 2512 qui
3499 2457 3714 2514 nempe

2054 2530 2457 2602 perpenderit,
2485 2529 2700 2601 quibus
2739 2529 2915 2585 rebus
2947 2535 3149 2602 utpote
3179 2530 3372 2586 infans
3399 2529 3713 2602 indigeret,

2056 2625 2115 2674 et
2143 2618 2442 2689 quodnam
2459 2619 2590 2674 vitae
2609 2635 2794 2693 genus
2819 2619 3211 2676 nihilominus
3244 2619 3354 2675 sibi
3373 2635 3710 2691 assumpse-

2052 2708 2154 2763 rit.

2129 2797 2255 2853 Illic
2275 2798 2476 2866 igitur,
2507 2803 2574 2852 ut
2601 2798 2797 2854 verbis
2836 2803 2971 2854 utar
3001 2798 3372 2871 evangelicis,
3404 2799 3532 2854 haec
3562 2814 3709 2870 quo-

2057 2902 2172 2957 que
2211 2887 2408 2959 puella
2433 2887 2723 2952 crescebat,
2758 2893 2809 2942 et
2837 2888 3258 2956 confortabatur
3285 2887 3574 2958 spiritu,et
3603 2891 3708 2945 im-

2048 2976 2314 3047 plebatur
2330 2977 2627 3047 sapientia,
2660 2982 2713 3031 et
2756 2978 2941 3048 gratia
2976 2976 3077 3032 Dei
3107 2985 3228 3032 erat
3255 2980 3314 3032 in
3344 2978 3446 3032 illa
3475 2977 3541 3034 ³⁸.
3577 2980 3711 3046 Seu,

2056 3071 2123 3122 ut
2173 3067 2290 3123 ista
2340 3083 2576 3139 quoque
2634 3067 2936 3140 adjiciam,
2988 3069 3314 3138 proﬁciebat
3359 3070 3636 3139 sapientia
3663 3076 3717 3125 et

2055 3163 2212 3213 astate
2269 3163 2320 3212 et
2367 3159 2555 3227 gratia
2602 3159 2754 3229 apud
2805 3160 2980 3212 Deum
3023 3165 3076 3213 et
3123 3159 3367 3214 homines
3403 3156 3472 3215 ³⁷.
3520 3160 3603 3214 Ac
3651 3159 3714 3215 in

2058 3246 2248 3318 ipsam
2263 3246 2449 3302 solam
2479 3252 2613 3320 apte
2633 3247 2924 3319 quadrare
2957 3247 3254 3319 quispiam
3287 3247 3709 3306 dixeritvoces.

285 3315 482 3410 έωτήρ
513 3315 768 3411 ’ὕστερον
801 3315 997 3412 ’Ἅφετε
1049 3336 1114 3391 τὰ
1150 3333 1344 3391 παιδία
1379 3315 1638 3416 ’ἔρχεσθαι
1664 3315 1802 3412 πρός
1838 3315 1938 3411 με,

2062 3315 2210 3412 quas
2241 3315 2537 3410 deinceps
2573 3315 2836 3393 Salvator
2891 3315 3140 3410 protulit
3173 3355 3186 3393 :
3220 3339 3398 3394 Sinite
3444 3338 3708 3410 parvulos

279 3427 368 3481 καὶ
398 3428 475 3500 μὴ
498 3425 750 3482 κωΑόετε
790 3426 947 3482 αὐτά·
981 3431 1086 3482 τῶν
1115 3426 1216 3502 γὰρ
1238 3427 1503 3484 τοιούτων
1537 3425 1679 3483 ἐστὶν
1710 3429 1744 3498 ἡ
1780 3429 1944 3504 βασι-

281 3513 407 3571 λεία
433 3521 542 3572 τῶν
568 3517 835 3593 οὐρανῶν.

354 3605 650 3664 ΚΑ¹.Ἒδει
680 3604 738 3662 δὶ
759 3607 863 3684 ἄρα
894 3606 988 3662 καὶ
1017 3608 1079 3662 τὸ
1110 3614 1207 3678 τῆς
1231 3605 1446 3664 εἰσόδου
1465 3611 1627 3664 τοῦτο
1659 3607 1839 3664 καινὸν
1856 3608 1944 3664 ἐπὶ

281 3697 349 3767 τῇ
374 3696 630 3771 Παρθένῳ
649 3696 919 3770 γενέσθαι,
943 3694 1032 3751 1’ίνα
1054 3696 1352 3753 ἄκόλουθον
1382 3695 1462 3770 ε’ίη
1485 3701 1555 3771 τῇ
1576 3719 1632 3753 τε
1653 3695 1943 3773 παραδόξῳ

291 3785 488 3856 ταύτης
521 3786 601 3848 εἷς
637 3785 754 3861 βίον
787 3784 1013 3862 προόδῳ
1068 3787 1157 3842 καὶ
1195 3793 1314 3850 τοῖς
1371 3783 1449 3843 ἔτι
1505 3785 1940 3864 παραδοξότερον

286 3871 559 3946 ἐσομένοις
591 3874 758 3950 αὐτῇ,
793 3876 870 3938 ὡς
924 3875 985 3931 ἄν
1018 3876 1109 3932 ἀπ’
1146 3879 1326 3953 ἀρχῆς
1365 3878 1648 3950 θαυμαστὰ
1682 3877 1776 3951 μὲν
1808 3877 1844 3952 ᾖ
1876 3879 1941 3933 τὰ

291 3970 406 4018 κατ’
429 3964 598 4034 αὐτὴν
634 3963 766 4041 ἄχρι
794 3966 888 4021 καὶ
933 3964 1182 4042 πέρατος,
1213 3967 1282 4023 τὰ
1335 3964 1382 4022 δ’
1411 3965 1633 4024 ἐπιόντα
1676 3988 1784 4023 των
1833 3968 1939 4043 πρὸ

291 4051 462 4107 αὐτῶν
491 4051 830 4128 ὑψηλότερα·

354 4232 585 4311 Καὶγᾶρ
637 4233 960 4312 γεγέννηται
1017 4234 1110 4307 μὶν
1169 4234 1480 4312 καινότερον
1531 4235 1569 4306 ἢ
1616 4234 1753 4292 κατὰ
1807 4237 1935 4300 τοὺς

288 4321 508 4386 λοιποὺς
561 4331 672 4383 τῶν
732 4325 1058 4400 ἀνθρώπων
1123 4323 1326 4380 τούτου
1376 4322 1433 4380 δὲ
1503 4325 1936 4401 θαυμαστότερον

289 4421 370 4475 καὶ
397 4423 470 4494 μή
500 4421 642 4477 κατά
696 4420 791 4481 τὰς
831 4414 1008 4476 ἃλλας
1066 4413 1385 4491 παρθένους,
1417 4417 1498 4472 ὅτι
1556 4437 1659 4492 περ
1713 4417 1932 4490 τριετής

2054 3429 2240 3485 venire
2270 3431 2342 3485 ad
2370 3446 2474 3492 me,
2533 3435 2584 3484 et
2643 3445 2712 3483 ne
2758 3429 3165 3499 prohibueritis
3220 3445 3357 3487 eos:
3406 3430 3599 3485 talium
3630 3435 3708 3484 est

2055 3521 2198 3575 enim
2226 3535 2456 3591 regnum
2487 3519 2741 3574 caelorum
2757 3516 2826 3572 ³⁸.

2122 3608 2262 3665 XXI.
2297 3611 2479 3664 Porro
2513 3609 2692 3664 etiam
2725 3608 2990 3664 insolens
3013 3608 3124 3664 iste
3173 3607 3428 3679 Virginis
3459 3607 3521 3664 in
3554 3613 3709 3664 tem-

2052 3699 2218 3772 plum
2241 3699 2544 3770 ingressus
2567 3716 2809 3769 prorsus
2833 3701 3192 3756 conveniens
3223 3703 3442 3764 erat,ut
3460 3716 3708 3772 respon-

2052 3789 2220 3844 deret
2251 3803 2386 3843 cum
2419 3787 2756 3842 admirabili
2781 3788 3050 3858 ejusdem
3082 3788 3143 3844 in
3174 3789 3352 3843 vitam
3383 3788 3699 3860 ingressui,

2050 3885 2176 3935 tum
2204 3879 2297 3948 iis,
2332 3894 2462 3950 quae
2494 3876 2690 3932 adhuc
2719 3876 3163 3932 admirabiliora
3218 3878 3420 3933 futura
3470 3878 3540 3933 de
3573 3879 3704 3949 ipsa

2051 3974 2258 4037 erant;
2291 3967 2438 4024 adeo
2471 3972 2538 4024 ut
2566 3966 2639 4023 ab
2670 3967 2840 4023 initio
2874 3967 2948 4022 ad
2980 3966 3160 4022 ﬁnem
3183 3983 3374 4038 usque
3407 3967 3609 4023 omnia
3639 3969 3702 4024 in

2050 4076 2118 4116 ea
2152 4057 2421 4114 miranda
2452 4061 2650 4113 essent
2672 4056 3152 4130 (68),posteri0ra
3183 4061 3376 4113 autem
3396 4055 3697 4130 prioribus

2046 4165 2236 4221 usque
2268 4147 2618 4204 sublimiora
2645 4147 2860 4203 forent.

2117 4241 2187 4295 Et
2208 4253 2350 4294 sane
2383 4237 2669 4310 singulari
2709 4255 2951 4310 prorsus
2979 4238 3210 4295 ratione
3267 4255 3333 4295 ac
3363 4243 3581 4311 praeter
3608 4255 3700 4294 rec

2044 4329 2347 4402 liquorum
2373 4323 2686 4383 hominum
2717 4329 3207 4386 consuetudinem
3238 4329 3366 4403 ipsa
3391 4330 3701 4402 progenita

2044 4419 2177 4476 fuit.
2212 4418 2366 4474 Illud
2394 4433 2528 4473 vero
2560 4417 2775 4490 majori
2805 4419 3195 4477 admiratione
3256 4419 3523 4492 dignum,
3575 4423 3632 4473 et
3661 4435 3697 4476 a

356 4521 402 4557 “
429 4523 583 4580 Psal.
608 4538 748 4590 xw,
779 4521 836 4575 4.
863 4516 914 4553 ³⁵
942 4516 1097 4573 Psal.
1129 4533 1250 4582 χχι,
1284 4519 1372 4586 10,
1400 4519 1485 4572 11.
1515 4517 1560 4554 ³⁸
1597 4518 1732 4574 Luc.
1766 4535 1824 4587 ιι,
1862 4520 1930 4573 40

2057 4519 2205 4574 Ibid.
2233 4521 2320 4574 52.
2353 4517 2400 4554 ⁸⁸
2421 4521 2594 4576 Marc.
2625 4536 2684 4588 κ,
2719 4521 2805 4575 14.

1647 4619 1793 4677 Ant.
1827 4617 2122 4679 Ballerini
2155 4624 2343 4679 notae.

357 4733 465 4801 (68)
498 4731 555 4786 Si
586 4746 622 4784 a
659 4725 980 4801 Francisco
1007 4723 1364 4801 Combef‘i_sio_
1409 4723 1748 4801 sgisciteris,
1797 4725 1939 4796 quid
1975 4727 2016 4792 Ι)
2045 4742 2248 4798 gnum.
2270 4725 2478 4780 Plures
2501 4725 3022 4801 scilicetinvenies
3049 4725 3131 4801 ita
3161 4728 3362 4801 mente
3393 4741 3698 4801 compara-

290 4795 521 4858 demum
547 4802 769 4857 mirum
800 4801 862 4852 in
879 4797 1206 4867 primordiis
1226 4795 1420 4851 Marias
1437 4798 1638 4852 Patres
1656 4795 1937 4867 suspexe-

283 4875 400 4930 rint
430 4892 494 4930 ac
527 4871 792 4928 venerati
826 4868 1072 4940 fuerint,
1101 4873 1371 4940 prompte
1402 4869 1637 4939 reponit
1657 4867 1740 4940 (in
1760 4869 1928 4924 Praef.

281 4947 352 5001 ad
375 4949 510 5002 Orat
535 4944 772 5016 Georgii
802 4942 930 4997 Nic.
991 4939 1416 5016 in__Concept:.
1440 4940 1605 5016 D_eip.
1648 4940 1930 5016 ΔΒὶὸιὶοιῇ.

279 5019 534 5074 Concion.
568 5008 797 5081 νοΙΪνι,
840 5028 976 5084 pag.
1037 5012 1122 5078 82,
1176 5008 1492 5065 non'aliud
1539 5008 1930 5081 antiquareli-

271 5090 433 5158 gione
459 5089 748 5146 colendum
776 5100 870 5140 eos
899 5085 1214 5158 suscepisse,
1270 5097 1436 5152 quam
1465 5084 1613 5158 quod
1667 5090 1934 5154 concepta

272 5154 509 5228 braculo,
549 5161 858 5228 divinaque
915 5154 1185 5228 miraculo
1244 5169 1314 5228 ea;
1358 5155 1638 5228 sterilibus
1685 5161 1934 5228 suscepta

269 5225 505 5305 Πείρανά
523 5231 722 5302 fuerit.
753 5225 942 5305 Atqui
978 5225 1316 5305 superinsfﬁ
1486 5226 1762 5305 vidimus:
1826 5225 1931 5305 Isi-

267 5295 496 5370 dorum,
523 5295 690 5360 inter
721 5295 882 5356 mira
915 5313 1050 5367 quae
1081 5296 1155 5351 ad
1175 5295 1356 5370 initia
1391 5297 1586 5370 Marias
1607 5297 1928 5370 pertinent,

262 5378 406 5436 illud
461 5367 866 5452 potissimum
912 5367 1318 5452 regensuisse‘,
1363 5367 1517 5438 quod
1575 5369 1698 5424 sola
1745 5369 1815 5452 de
1869 5385 1930 5423 se

257 5439 563 5508 enuntiare
596 5443 876 5522 potuerit
907 5456 920 5494 :
950 5440 1047 5522 ‘In
1100 5439 1496 5522 peccatishnon
1540 5440 1788 5522 concepit
1842 5457 1931 5522 me

249 5532 419 5580 mater
446 5508 616 5586 mea}
649 5525 709 5576 et
767 5515 831 5572 id
891 5509 1070 5586 ad__ea
1111 5508 1420 5586 'magnalia
1475 5508 1795 5586 pertinere,
1855 5511 1927 5566 de

247 5597 452 5667 quibus
489 5581 663 5669 Virgo
697 5583 936 5646 occinit
959 5581 1118 5653 (Luc.
1154 5599 1192 5649 ι,
1215 5581 1308 5652 49)
1338 5597 1350 5635 :
1378 5581 1526 5638 Fecit
1553 5583 1695 5638 mihi
1725 5599 1930 5653 magna

256 5670 350 5739 qui
370 5678 564 5740 potens
591 5673 718 5740 est._
786 5732 803 5740 _
841 5729 853 5740 ο
1174 5727 1210 5740 η
1353 5725 1363 5736 ,
1487 5726 1502 5740 ἱ
1645 5726 1656 5737 ,
1853 5725 1892 5740 μ

321 5725 430 5800 séd
463 5725 520 5800 et
544 5725 723 5798 aliud
786 5729 898 5788 hic
957 5727 1218 5783 occurrit
1269 5725 1779 5784 animadversione
1835 5725 1927 5781 di-

2047 4797 2158 4865 tos,
2191 4801 2258 4851 ut
2290 4802 2508 4852 sancta)
2533 4797 2785 4868 Virginis
2823 4797 3260 4852 immunitatem
3311 4797 3382 4853 ab
3407 4797 3700 4855 heredita-a

2046 4870 2134 4923 rio
2164 4868 2303 4942 Adae
2326 4873 2567 4942 peccato
2595 4867 2870 4942 habeant
2899 4884 3010 4924 ceu
3041 4869 3374 4942 prodigium
3427 4871 3696 4926 omnium

2043 4939 2560 5012 maximum.quod
2591 4938 2652 4993 in
2676 4940 2882 4993 matris
2914 4938 3316 5012 suaigratiam
3347 4941 3547 4998 divina
3578 4942 3693 4996 vir-

2044 5017 2138 5068 tus
2169 5028 2236 5067 ac
2281 5011 2523 5083 largitas
2576 5011 3023 5083 perpetraverit.
3075 5011 3125 5068 7E
3185 5029 3465 5069 converso
3513 5013 3695 5069 habes

2040 5084 2174 5139 heic
2201 5082 2516 5149 Isidorum,
2550 5082 2650 5152 qui
2663 5087 2956 5208 Iportenta
3004 5083 3077 5139 ad
3109 5086 3397 5157 originem
3427 5084 3693 5209 Deiémrae

2041 5153 2371 5209 snectantia
2399 5153 2572 5209 lomze
2598 5153 2660 5208 in
2690 5155 2883 5209 eriora
2912 5155 2985 5209 iis
3017 5157 3501 5209 nroclamatmuaa
3565 5157 3693 5209 ein-

2041 5153 2371 5226 spectantia
2399 5153 2572 5224 longe
2598 5153 2883 5211 inferiora
2912 5155 2985 5211 iis
3017 5153 3501 5226 proclamat,quae
3524 5153 3694 5210 dein-

2042 5242 2178 5296 ceps
2212 5225 2527 5297 subsecuta
2556 5230 2715 5282 sunt.
2741 5228 2864 5282 Duo
2895 5225 3170 5283 concludi
3223 5229 3364 5282 hinc
3394 5225 3645 5297 possunt
3676 5242 3690 5281 :

2043 5301 2098 5351 1°
2139 5296 2576 5352 immunitatem
2608 5297 2874 5370 Deiparm
2897 5315 2930 5354 a
2968 5299 3247 5370 primaevo
3280 5296 3592 5352 illo’reatu
3626 5313 3697 5370 ex

2041 5373 2382 5424 sanctorum
2441 5370 2685 5424 Patrum
2718 5368 2935 5426 ‘mente
2972 5368 3144 5424 'adeo
3207 5384 3408 5425 rerum
3466 5368 3695 5422 naturis

2039 5445 2501 5496 consentaneam
2534 5457 2685 5508 esse,
2718 5447 2784 5497 ut
2840 5442 2932 5496 vix
2963 5447 3064 5496 aut
3117 5445 3275 5495 certe
3325 5438 3524 5508 minus
3572 5455 3692 5507 prae

2038 5511 2442 5588 reliquis_ejus
2466 5507 2867 5588 prmrogativis
2898 5512 3023 5566 haec
3055 5511 3205 5566 mira
3223 5507 3649 5588 videridebeat
3675 5523 3690 5562 :

2037 5584 2097 5636 2'
2127 5577 2441 5655 hincfo'rte
2466 5577 2592 5655 peti
2632 5577 2924 5655 rationem
2955 5597 3152 5655 posse,
3185 5598 3290 5655 cur
3338 5582 3539 5634 Patres
3571 5577 3694 5630 alia

2036 5670 2159 5728 pra?
2190 5654 2300 5710 isto
2327 5651 2578 5728 Virginis
2601 5655 2869 5728 prodigia
2897 5651 3086 5708 fusius
3118 5651 3418 5708 celebrare
3442 5660 3690 5700 consue-

2036 5724 2248 5782 verint.
