4104 6300
430 328 508 389 63
1582 318 1870 382 ISIDORI
1915 314 2697 381 THESSALONICENSIS
3768 326 3847 385 64

439 467 789 520 caterarum
804 459 1096 534 virginum
1119 472 1233 514 usu
1257 451 1878 526 alienissimum,quod
1896 451 2090 510 adhuc

2228 446 2517 523 πεδῆμησε
2542 455 2622 524 τῷ
2674 454 2799 525 νεῷ.
2838 452 2901 510 Ἣ
2959 449 3017 508 δὲ
3074 452 3162 509 καὶ
3219 454 3293 515 εἷς
3339 451 3406 509 τά
3435 450 3601 510 ἄδυτα
3630 452 3845 520 εἴσοδος

437 552 682 609 trimula
699 551 775 608 ad
806 549 1263 607 inhabitandum
1320 548 1381 602 in
1436 545 1658 617 templo
1707 541 2090 601 concesserit.

2203 545 2359 596 ποῖον
2418 540 2481 596 οὗ
2536 541 2684 597 κάτω
2741 544 2921 611 τίθησι
2981 544 3207 616 θαῦμα;
3270 545 3451 599 Πάντα
3511 546 3605 617 μὲν
3636 545 3850 611 πάντως

370 696 377 702 ,
435 642 745 716 Ingressus
774 657 910 696 vero
942 640 1004 694 in
1036 639 1164 711 ipsa
1196 652 1432 710 quoque
1482 634 1730 692 sacrarii
1788 633 2091 690 inaccessa

2224 625 2402 702 τᾶλλα,
2455 630 2635 706 μόνων
2665 630 2725 687 δὲ
2754 629 2887 708 δίχα
2938 637 3047 689 τῶν
3098 636 3224 709 παρ’
3282 635 3477 704 ἑαυτῆς
3517 632 3731 711 ἐφεξῆς,
3780 638 3853 693 ὧν

436 729 1095 804 penetralia,quodnam
1115 726 1293 794 aliud,
1327 742 1557 797 quaso,
1587 727 1933 796 portentum
1964 737 2089 777 non

2224 721 2515 795 δττώμενον
2546 723 2647 777 οὐκ
2676 719 2907 779 αἲδεῖται
2935 725 3036 794 τήν
3064 723 3250 793 ἧτταν.

434 819 689 876 vicerit?
718 820 967 874 Prorsus
999 816 1229 888 reliqua
1259 814 1483 885 omnia,
1516 813 1608 869 his
1637 819 1840 869 tamen
1869 810 2064 866 solum
2095 812 2378 883 exceptis,
2421 829 2554 885 qua
2602 813 2883 887 deinceps
2914 821 3158 888 peracta
3186 816 3248 872 in
3278 817 3410 888 ipsa
3433 821 3607 888 sunt,
3641 818 3858 889 quibus

447 927 589 966 cum
620 910 956 965 inveniatur
985 908 1250 976 inferius,
1274 907 1498 979 primas
1528 904 1754 962 eisdem
1783 903 1994 960 cedere
2024 902 2183 959 haud
2206 908 2460 961 veretur.

507 1002 673 1057 XXII.
711 1002 1126 1056 Verumtamen
1157 998 1505 1068 neutiquam
1538 1012 1572 1051 a
1599 1010 1758 1065 vero,
1791 1010 1924 1050 mea
1953 993 2087 1064 qui-

435 1089 573 1145 dem
602 1089 899 1160 opinione,
937 1087 1038 1142 ille
1084 1085 1416 1153 abluderet,
1446 1084 1546 1157 qui
1602 1084 1716 1138 hoc
1765 1086 1823 1138 et
1872 1080 2087 1136 funda-

437 1184 705 1234 mentum
738 1183 795 1233 et
826 1176 1087 1234 radicem
1107 1174 1681 1244 sublimiorum,qua
1712 1170 1928 1227 deinde
1950 1186 2090 1226 con-

2275 993 2394 1049 KB‘.
2451 992 2610 1050 ’Λλλ’
2667 992 2853 1069 ἔμοιγε
2903 992 3075 1067 δοκεῖ,
3126 996 3287 1051 τοῦτο
3337 997 3425 1052 καὶ
3460 995 3716 1071 θεμέλιον
3764 1001 3857 1053 καὶ

2203 1080 2352 1157 ῥίζαν
2389 1086 2496 1137 τῶν
2529 1082 2776 1158 ἐσχάτων
2834 1085 2923 1140 καὶ
2976 1086 3200 1160 ὗψηκῶν
3268 1087 3370 1142 οὐκ
3415 1085 3476 1142 ἄν
3504 1107 3589 1150 τις
3621 1088 3859 1163 ἁμάρτοι

2200 1170 2456 1235 καλέσας·
2489 1170 2642 1228 οὐδὲν
2681 1175 2774 1247 μὶν
2802 1174 2906 1251 γὰρ
2957 1175 3326 1252 ὑψηλότερον,
3358 1178 3392 1245 ἤ
3462 1198 3513 1231 τι
3568 1182 3676 1232 τῶν
3733 1179 3850 1234 κατ’

434 1274 635 1325 secuta
665 1272 824 1335 sunt,
874 1266 1221 1337 appellaret.
1265 1262 1423 1319 Nihil
1480 1262 1662 1333 enim,
1723 1261 1841 1317 sive
1897 1261 1961 1315 in
2019 1259 2091 1314 iis

2224 1260 2393 1332 ιότὴν,
2424 1260 2462 1332 ἤ
2489 1284 2541 1318 τι
2573 1266 2678 1318 τῶν
2719 1262 2966 1320 ἁπάντων
3020 1261 3232 1340 ἕτερον,
3284 1264 3321 1335 ἤ
3376 1266 3502 1321 Θεὸν
3556 1268 3678 1322 καθ’
3707 1270 3857 1342 ἡμᾶς

432 1372 565 1429 qua
596 1357 673 1414 ad
704 1358 893 1428 ipsam
925 1358 1215 1426 spectant,
1245 1353 1365 1409 sive
1417 1353 1479 1407 in
1536 1351 1783 1423 reliquis
1814 1348 2092 1406 omnibus

2224 1351 2255 1423 ιε
2314 1349 2479 1420 αὐτῆς
2541 1359 2925 1430 μορφωθῆναι·
3010 1354 3146 1429 πρὸς
3204 1351 3262 1408 δὲ
3343 1358 3504 1410 τοῦτο
3559 1354 3759 1421 ἐκεῖθεν
3819 1358 3854 1426 ἡ

436 1447 632 1519 majus
662 1444 925 1516 reperire
957 1449 1066 1511 est,
1100 1459 1280 1515 quam
1313 1442 1468 1515 quod
1503 1443 1657 1497 Deus
1689 1457 1761 1496 ex
1811 1440 1942 1511 ipsa
1969 1438 2088 1494 for-

438 1550 599 1591 mam
624 1538 888 1591 nostram
916 1532 1304 1605 assumpserit
1340 1534 1415 1587 At
1433 1547 1569 1587 vero
1592 1536 1659 1586 ut
1686 1529 1747 1585 id
1776 1528 1852 1584 ad
1877 1527 2093 1584 idonea

438 1623 730 1691 evaderet,
763 1622 899 1678 inde
926 1622 1417 1679 innocentissima
1447 1620 1663 1693 adepta
1694 1623 1800 1676 est.
2118 1625 2168 1691 Β

513 1714 657 1769 Cum
689 1712 851 1768 enim
887 1712 1305 1768 sacratissima
1328 1710 1409 1766 illi
1433 1711 1495 1768 in
1530 1708 1733 1782 templi
1759 1706 2095 1764 recessibus

2203 1438 2470 1515 πάναγνος
2502 1437 2631 1516 ἔσχε
2658 1442 2759 1512 τὴν
2791 1439 3226 1514 ἐπιτηδειότητα.

2276 1710 2367 1768 Ἐν
2397 1709 2499 1787 γὰρ
2567 1718 2689 1775 τοῖς
2739 1707 2967 1777 ἀϐάτοις
3034 1715 3069 1783 ἡ
3129 1712 3432 1789 πάνσεμνος
3489 1711 3869 1791 διατρίϐουσα,

447 1804 705 1878 degenti,
738 1804 887 1860 nihil
922 1821 990 1861 ex
1021 1804 1301 1860 humanis
1331 1804 1393 1859 in
1425 1803 1627 1859 oculos
1645 1803 1999 1869 incurreret,
2021 1799 2095 1856 ad

2224 1799 2323 1855 ani
2354 1803 2455 1855 οὐκ
2486 1801 2554 1870 ἦν
2610 1821 2663 1856 τι
2721 1806 2829 1858 τῶν
2883 1801 3238 1878 ἀνθρωπείων
3295 1802 3450 1876 ἰδεῖν,
3482 1805 3529 1880 ᾧ
3569 1804 3630 1861 ἄν
3664 1806 3864 1875 ἑαυτὴν

442 1893 602 1966 quod
634 1899 823 1949 semet
850 1893 1001 1949 forte
1025 1892 1353 1965 efﬁngeret,
1374 1892 1479 1949 sed
1508 1894 1695 1949 Deum
1728 1890 1921 1947 solum
1937 1889 2096 1962 jugi-

438 1989 530 2039 ter
557 1983 746 2039 menti
778 1983 1191 2039 obversantem
1214 1982 1483 2048 haberet,
1517 1983 1702 2038 Deum
1728 1979 1922 2036 solum
1945 1979 2096 2035 allo-

443 2077 746 2144 queretur,
778 2078 829 2127 et
867 2074 1151 2128 meditatio
1202 2072 1385 2129 cordis
1443 2087 1584 2142 ejus,
1642 2076 1709 2126 ut
1752 2086 1886 2127 cum
1918 2068 2101 2125 David

440 2160 732 2233 propheta
760 2160 972 2232 loquar
994 2159 1061 2229 ³ο,
1115 2163 1175 2216 in
1204 2166 1497 2232 conspectu
1536 2161 1637 2215 Dei
1683 2175 1891 2230 semper
1921 2162 2100 2228 esset,

446 2266 515 2306 ac
537 2250 665 2306 sola
685 2250 816 2306 cibo
849 2250 1131 2306 divinitus
1159 2255 1365 2322 parato
1413 2250 1714 2317 aleretur;
1748 2247 1996 2320 proinde
2028 2246 2103 2303 ad

446 2338 551 2395 Dei
566 2338 1021 2395 similitudinem
1044 2338 1436 2394 excellentius
1468 2337 1923 2409 quibuscunque
1946 2336 2102 2401 aliis,

450 2432 509 2483 et
547 2428 888 2484 hominibus
920 2428 1148 2484 scilicet
1168 2426 1749 2501 etangelis,formam
1772 2426 1979 2482 induta
1995 2431 2104 2497 est,

448 2516 537 2572 illi
573 2518 790 2589 quippe
819 2517 930 2573 soli
976 2533 1110 2573 cum
1142 2517 1270 2589 ipsa
1318 2517 1544 2589 jugiter
1600 2515 1995 2583 conversanti,
2026 2519 2104 2583 et,

452 2612 741 2679 quantum
781 2606 898 2662 dici
928 2606 1224 2679 potest,ab
1266 2606 1395 2677 ipsa
1424 2603 2110 2678 cognito,semet,quoad

454 2698 585 2753 fieri
617 2702 837 2769 posset,
862 2697 1038 2770 plane
1067 2696 1326 2752 similem
1363 2695 1644 2752 efficiens.

524 2767 672 2843 Hinc
704 2802 842 2844 vero
863 2767 932 2844 et
960 2789 1223 2857 Creator,
1255 2804 1392 2844 cum
1423 2803 1571 2859 opus
1630 2786 1743 2842 hoc
1796 2800 1970 2842 suum
2000 2767 2111 2856 (89)

451 2884 722 2936 cerneret
754 2885 875 2936 tam
896 2879 1138 2936 sublimi
1154 2878 1470 2951 divinaque
1501 2876 1948 2951 pulchritudine
1964 2876 2115 2933 nite"

2203 1888 2549 1964 ὁμοιώσειεν,
2581 1889 2664 1946 ἀεὶ
2697 1887 2756 1946 δὲ
2793 1892 2924 1948 Θεὸν
2977 1893 3044 1963 ἦν
3079 1894 3243 1967 μόνον
3279 1894 3679 1972 φανταζομένη.
3744 1898 3865 1967 Θεῷ

2208 1978 2361 2054 μόνῳ
2445 1979 2859 2056 προσλαλοῦσα,
2913 1983 3005 2039 καὶ
3090 1985 3125 2053 ἡ
3196 1981 3397 2056 μελέτη
3479 1986 3579 2053 τῆς
3636 1981 3868 2060 καρδίας

2206 2069 2401 2139 αὐτῆς,
2456 2069 2593 2126 κατᾶ
2650 2070 2740 2127 τὸν
2798 2073 3090 2149 προφήτην
3160 2073 3318 2151 φάναι
3383 2068 3572 2141 Δαϐὶδ,
3634 2073 3869 2129 ἐνώπιον

2206 2161 2342 2251 Θεοῦ
2400 2154 2713 2230 διαπαντὸς,
2797 2161 2974 2217 θεόθεν
3034 2162 3170 2235 μόνη
3232 2164 3578 2242 τυγχάνουσα
3633 2171 3885 2251 τροφῆς⁹

2206 2246 2297 2303 καὶ
2329 2247 2469 2324 πρὸς
2525 2249 2793 2323 ὁμοίωσιν
2854 2254 2989 2306 Θεοῦ
3051 2251 3184 2326 ὑπὲρ
3241 2252 3498 2322 ἅπαντας,
3550 2246 3875 2327 ἀνθρώπους

2210 2337 2358 2414 φημὶ
2410 2337 2501 2393 καὶ
2552 2337 2842 2414 ἀγγέλους,
2901 2336 3095 2415 ἔφθασε
3137 2343 3513 2419 μορφωθεῖσα,
3562 2342 3743 2414 τούτῳ
3803 2339 3873 2414 δὴ

2214 2424 2362 2499 μόνῳ
2398 2431 2480 2500 τῷ
2518 2427 2695 2506 συχνὰ
2764 2430 3289 2503 προσομιλουμὲνῳ,
3343 2430 3434 2485 καὶ
3510 2431 3622 2486 οἷον
3696 2429 3875 2486 εἰπεῖν

2213 2514 2623 2592 γνωριζομὲνῳ,
2675 2518 2893 2590 ἒαυτῆν,
2942 2519 3018 2581 ὡς
3067 2519 3183 2574 οἷόν
3250 2538 3307 2575 τε
3357 2522 3446 2592 ῆν,
3489 2520 3697 2598 ἐμφερῆ
3736 2541 3864 2575 ποι-

2216 2605 2464 2678 ησαμένη
2490 2610 2695 2683 σαφῶς.

2289 2782 2383 2838 Διὸ
2422 2783 2512 2839 καὶ
2551 2784 2580 2840 ὁ
2632 2782 2883 2857 Ηλάστης
2952 2786 3028 2849 είς
3088 2791 3344 2843 τοσοῦτον
3412 2788 3630 2861 ὑψηλοῦ
3663 2809 3719 2845 τε
3765 2791 3860 2846 καὶ

2220 2870 2367 2927 Θείου
2452 2872 2695 2940 κάλλους
2757 2876 3013 2950 ἑωρακὼς
3101 2876 3165 2932 τὸ
3243 2876 3442 2934 οἰκεῖον
3505 2875 3860 2954 λαμπρυνθὲν

448 2968 802 3037 scere,baud
832 2968 1144 3040 indignum
1167 2968 1356 3037 duxit,
1379 2971 1445 3023 ut
1474 2967 1567 3023 vel
1584 2966 1839 3024 formam
1860 2968 2104 3023 factura

2224 2961 2459 3036 ποίημα,
2505 2960 2657 3019 οὐδὲν
2688 2963 2900 3036 ἀνάξιον
2948 2964 3083 3038 ᾤετο
3122 2967 3212 3023 καὶ
3243 2964 3403 3029 αὒτὸς
3441 2968 3540 3037 τήν
3579 2972 3676 3023 τοῦ
3720 2969 3871 3025 πλά-

2613 3049 2665 3068 _..
2708 3065 2721 3068 _
3019 3058 3033 3068 .
3152 3054 3200 3068 ...
3460 3054 3552 3068 μ..
3678 3056 3703 3068 ..
3788 3057 3817 3068 ..
3852 3060 3870 3068 -

448 3074 570 3115 sua
622 3059 749 3129 ipse
807 3057 1102 3125 indueret,
1162 3058 1357 3112 sciens
1419 3056 1717 3127 aquitatis
1776 3072 1929 3122 esse,
1989 3056 2109 3112 imo

446 3147 633 3219 magis
663 3146 902 3218 proprie
953 3145 1232 3214 dixerim,
1274 3144 1682 3217 benignitatis,
1713 3149 1782 3199 ut
1835 3143 1946 3210 illi,
1979 3158 2110 3216 qua

448 3235 713 3306 quidem,
742 3238 1033 3305 quantum
1077 3238 1366 3289 creatura
1396 3233 1588 3301 licuit,
1622 3248 1689 3289 eo
1739 3231 2011 3289 ascendit
2044 3238 2113 3289 ut

448 3325 769 3383 maximam
800 3340 936 3384 cum
967 3341 1035 3380 eo
1069 3323 1525 3380 similitudinem
1546 3323 1960 3395 gereret,hanc
1974 3339 2110 3397 gra-

448 3416 594 3471 tiam
625 3415 876 3472 invicem
907 3414 1285 3485 rependeret,
1317 3418 1382 3469 ut
1434 3418 1493 3468 et
1534 3413 1663 3485 ipse
1697 3412 2110 3482 descenderet,

451 3510 511 3561 et
545 3503 815 3561 eamdem
845 3520 980 3558 cum
1013 3520 1081 3559 ea
1113 3503 1452 3572 formam,et
1480 3519 1850 3577 quacunque
1883 3502 2003 3560 alia
2036 3502 2111 3559 ad

449 3595 626 3650 vitam
650 3598 943 3666 spectant,
977 3594 1322 3650 communia
1351 3609 1486 3650 cum
1544 3594 1675 3665 ipsa
1729 3592 1995 3650 haberet.
2042 3595 2115 3648 Et

445 3684 662 3741 exinde
693 3688 937 3756 propter
969 3683 1222 3756 Virginis
1272 3699 1408 3739 cum
1467 3684 1586 3739 Deo
1628 3683 2110 3757 similitudinem,

451 3774 608 3830 Deus
638 3788 873 3844 quoque
906 3789 977 3828 ex
1006 3773 1136 3844 ipsa
1155 3773 1347 3829 factus
1377 3776 1467 3829 est
1496 3772 1668 3829 nobis
1701 3773 1938 3829 similis.

522 3862 714 3918 XXIII.
748 3862 912 3929 Quod
940 3862 989 3917 si
1012 3863 1349 3935 purissima
1371 3862 1458 3917 illi
1494 3866 1725 3919 tantum
1755 3860 2112 3919 innocentia

450 3951 828 4024 suppetebat,
886 3957 952 4006 ut
1008 3951 1350 4022 ubicunque
1427 3950 1669 4007 demum
1746 3956 2114 4022 versaretur,

444 4039 644 4096 locum
664 4040 858 4111 ipsum
880 4040 943 4094 in
970 4040 1184 4095 Sancta
1206 4042 1549 4095 sanctorum
1571 4044 1947 4096 converteret
1974 4042 2117 4111 (70),

449 4132 510 4183 et
532 4128 625 4183 vix
649 4131 752 4183 aut
779 4143 854 4182 ne
884 4127 976 4182 vix
1009 4125 1251 4199 quidem
1303 4144 1541 4185 secessu
1592 4133 1694 4185 aut
1746 4128 1951 4200 quovis
1974 4128 2114 4197 alio,

447 4216 612 4289 quod
641 4216 807 4273 locus
839 4215 1125 4287 prabeat,
1157 4217 1433 4288 praesidio
1492 4216 1786 4291 indigeret
1816 4235 1829 4273 :
1887 4233 2116 4289 nequa-

449 4321 633 4379 quam
686 4309 889 4361 tamen
937 4304 1265 4362 concedere
1321 4306 1621 4379 quispiam
1677 4307 1921 4378 poterit,
1961 4306 2115 4362 nihil

451 4412 698 4471 prorsus
727 4395 1102 4453 mansionem
1120 4395 1683 4465 illam,inaccessam
1698 4401 1756 4452 et
1769 4396 1840 4452 ab
1856 4395 2118 4452 humana
2146 4383 2193 4449 D

2219 3072 2427 3125 σματος
2478 3049 2788 3129 περιθέσθαι
2860 3058 3096 3134 μορφὴν,
3147 3054 3354 3113 δίκαιον
3419 3054 3631 3131 μᾶλλον
3672 3056 3732 3127 ἦ,
3788 3057 3870 3115 τίν’

2221 3141 2548 3219 οῒκειότερον
2592 3142 2751 3216 ε’ίπω,
2812 3144 3195 3222 φιλάνθρωπον
3252 3146 3520 3222 ἐγνωκὼς,
3581 3145 3655 3203 'iv’
3714 3146 3876 3221 ὅπερ,

2220 3232 2346 3290 ὅσον
2391 3231 2534 3308 ἐξῆν,
2585 3234 2833 3309 ἀνῆλθεν,
2884 3237 2959 3299 ὡς
2995 3238 3114 3293 κατ’
3168 3236 3327 3292 αὐτὸν
3380 3236 3647 3312 γενέσθαι,
3693 3238 3878 3313 τούτῳ

2220 3324 2521 3402 χαρίσηται
2572 3325 2634 3380 τὸ
2686 3324 2992 3395 κατελθεῖν,
3031 3334 3133 3397 τῆς
3162 3347 3222 3382 τε
3271 3327 3477 3391 εἰκόνος
3522 3327 3666 3402 αὖτῷ
3691 3349 3877 3384 κεκοι-

2218 3413 2519 3485 νωνηκέναι
2578 3415 2669 3472 καὶ
2720 3423 2820 3487 τῆς
2870 3414 3050 3488 ἄλλης
3111 3415 3343 3488 διαίτης·
3387 3414 3530 3474 ἔνθεν
3565 3418 3653 3473 καὶ
3687 3417 3882 3495 γέγονε

2221 3500 2310 3560 διὰ
2328 3505 2428 3574 τήν
2469 3511 2571 3575 τῆς
2613 3505 2880 3579 Παρθένου
2911 3506 3048 3581 πρὸς
3098 3506 3227 3562 Θεὸν
3259 3506 3531 3581 ὁμοίωσιν
3574 3508 3704 3573 Θεὸς
3736 3508 3879 3581 ἡμῖν

2221 3591 2275 3664 ἐξ
2316 3593 2489 3660 αὐτῆς
2519 3593 2735 3667 ὅμοιος.

2291 3877 2416 3935 Kl".
2444 3876 2510 3934 Εἰ
2541 3874 2645 3954 γὰρ
2698 3876 2790 3931 καὶ
2843 3880 3100 3932 τοσοῦτον
3146 3880 3216 3951 τῇ
3256 3879 3518 3954 πανάγνῳ
3573 3886 3766 3954 περιῆν
3802 3878 3886 3945 εἷς

2222 3964 2456 4042 ἁγνείαν,
2509 3962 2652 4021 ὥστε
2698 3965 2808 4036 ὅπη
2869 3985 2969 4039 περ
3018 3965 3079 4022 ἄν
3121 3974 3324 4041 παρῆν,
3356 3970 3523 4042 Ἀγια
3581 3969 3724 4024 εἶναι
3785 3970 3885 4026 τὸν

2221 4056 2389 4112 τόπον
2471 4054 2642 4131 ἁγίων
2701 4054 2877 4126 εὐθὺς,
2936 4056 3027 4111 καὶ
3089 4057 3300 4132 βραχέα
3346 4059 3380 4127 ἢ
3455 4055 3610 4113 οὐδὲν
3665 4059 3893 4138 ἀναχω-

2226 4147 2436 4221 ρήσεως
2478 4145 2513 4214 ἢ
2567 4146 2669 4215 τῆς
2719 4143 2779 4200 ἐκ
2821 4144 2994 4201 τόπου
3051 4142 3257 4210 δεῖσθαι
3314 4147 3626 4223 συνεργείας
3673 4148 3890 4224 ἑτέρας,

2224 4232 2476 4291 ἀλλὀὐκ
2508 4229 2568 4289 ἄν
2618 4229 2742 4311 ἔχοι
2793 4254 2876 4297 τις
2936 4234 3024 4289 καὶ
3075 4234 3181 4290 ἀπό
3229 4240 3330 4306 τῆς
3376 4231 3580 4293 ἀϐάτου
3633 4237 3724 4294 καὶ
3773 4243 3889 4296 τῶν

2223 4323 2575 4400 ἀνθρωπείων
2649 4323 2862 4399 ἐρήμου
2937 4320 3222 4400 διατριϐῆς
3293 4324 3506 4397 ἐκείνης
3586 4328 3663 4400 μὴ
3741 4330 3891 4405 πρὸς

2227 4414 2370 4480 θείαν
2399 4413 2605 4489 ὕψωσιν
2651 4410 2835 4470 δοῦναι
2889 4419 3159 4491 συνεργεῖν
3212 4420 3282 4490 τῇ
3333 4418 3611 4491 Παρθένῳ,
3657 4414 3766 4482 ἓως
3818 4418 3892 4476 οὗ

453 4486 887 4544 consuetudine
922 4491 1238 4552 remotam,
1273 4486 1347 4542 ad
1401 4486 1664 4544 divinam
1697 4487 2105 4544 ascensionem

2224 4504 2313 4560 καὶ
2350 4486 2551 4580 vii-7f,
2610 4504 2795 4579 παρὼν
2857 4504 2885 4558 ὁ
2935 4486 3134 4580 Σωτῆρ
3187 4486 3569 4581 ιέιναχωρῆσει⁷
3600 4486 3895 4563 δείκνυται

453 4578 680 4674 γίτεὶΠί
703 4576 1019 4650 profuisse,
1047 4574 1285 4647 quando
1317 4576 1443 4648 ipse
1468 4592 1701 4647 quoque
1736 4577 2015 4645 Salvator,
2048 4577 2105 4633 in

2224 4566 2436 4671 χαίρων
2467 4566 2554 4649 καὶ
2585 4566 2723 4669 ὅρεί,
2751 4600 2852 4664 τῆς
2872 4593 3008 4666 πρὸς
3044 4566 3135 4648 τὸν
3196 4566 3406 4672 Πατέρα
3425 4593 3513 4650 καὶ
3548 4597 3678 4652 Θεὸν
3708 4597 3895 4674 εὐχῆς

452 4659 629 4727 terris
642 4686 776 4727 cum
797 4672 1152 4735 versaretur,
1179 4682 1417 4723 recessu
1438 4671 1497 4724 et
1516 4671 1735 4738 monte,
1762 4667 1863 4724 ubi
1878 4670 2105 4725 Patrem

2224 4659 2380 4761 idp'w
2407 4683 2496 4740 καὶ
2527 4659 2769 4758 ὁμιλίας.

455 4774 523 4813 ac
547 4760 733 4813 Deum
756 4762 1024 4814 oraretet
1052 4755 1811 4827 alloqueretur,delectatus
1828 4758 2109 4815 cernitur.

528 4847 609 4900 Re
641 4845 768 4916 ipsa
797 4846 977 4918 igitur
1007 4862 1174 4903 sacra
1201 4845 1301 4901 illa
1325 4844 1655 4918 penetralia
1684 4846 1877 4903 Beata
1912 4853 2105 4903 contu-

2295 4848 2506 4904 Ἐκεῖνα
2553 4845 2736 4901 τοίνυν
2796 4841 2969 4908 ὅντως
2997 4844 3063 4900 τὰ
3120 4841 3293 4900 ἄϐατα
3320 4849 3388 4920 τῇ
3444 4849 3687 4922 μακαρίᾳ
3742 4870 3902 4925 παρ-

459 4933 763 4998 lerunt,ut
783 4933 1025 4989 domum
1061 4951 1232 4991 suam
1250 4934 2032 5010 administraretsapienter,
2057 4940 2105 4992 et

2226 4936 2389 5010 ἑσχον
2421 4933 2705 5011 φρονίμως
2766 4932 3128 5009 οἰκονομῆσαι
3187 4933 3279 4991 καὶ
3334 4939 3453 4998 ταῖς
3513 4936 3899 5014 Θιῳοπιιταινίσι.³

539 5061 585 5096 ³ο
621 5059 778 5118 Psal.
810 5075 971 5131 xvm,
1004 5061 1091 5116 15.

1797 5165 1945 5224 Ant.
1998 5162 2299 5227 Ballerini
2336 5168 2527 5225 nota.

539 5299 649 5367 (69)
676 5298 804 5353 Jam
824 5312 997 5369 sape
1030 5295 1176 5369 alias
1206 5296 1533 5365 innuimus,
1563 5299 1805 5369 Mariam
1836 5297 1970 5355 ideo
2003 5298 2122 5353 sin-

539 5299 649 5367 (69)
676 5298 804 5353 Jam
843 5312 997 5369 sape
1030 5297 1176 5353 alias
1206 5297 1533 5365 innuimus,
1563 5299 1805 5354 Mariam
1836 5297 1970 5355 ideo
2003 5298 2122 5353 sin-
2230 5313 2362 5370 pag.
2397 5297 2546 5368 311),
2579 5312 2713 5354 cum
2743 5298 3019 5355 sacerdos
3049 5300 3377 5371 puellulam
3408 5301 3725 5373 alloquens
3759 5307 3843 5361 ait
3892 5326 3915 5369 :

468 5369 658 5442 gulari
683 5368 942 5442 quadam
958 5368 1132 5442 laude
1155 5370 1240 5424 uti
1268 5370 1364 5424 Dei
1393 5385 1527 5442 opus
1567 5368 1852 5442 celebrari
1876 5386 2120 5425 consue-
2235 5373 2351 5442 Non
2382 5371 2525 5424 enim
2558 5374 2606 5425 te
2634 5370 2812 5426 altare
2839 5374 3160 5442 sanctiﬁcat,
3211 5375 3320 5427 imo
3376 5389 3504 5427 vero
3559 5392 3595 5429 a
3644 5382 3698 5430 te
3730 5378 3915 5433 uber—

2235 5373 2351 5426 Non
2382 5371 2525 5424 enim
2558 5374 2606 5425 te
2634 5370 2812 5426 altare
2839 5370 3160 5440 sanctiﬁcat,
3211 5375 3320 5427 imo
3376 5389 3504 5427 vero
3548 5370 3595 5429 _a
3644 5382 3698 5430 te
3730 5378 3923 5433 uber—

469 5440 646 5514 visse.
680 5441 837 5514 quod
858 5440 1139 5514 singulari
1171 5441 1550 5513 prarogativa
1578 5441 1641 5494 in
1671 5440 1802 5512 ipsa
1834 5458 1941 5497 sua
1975 5458 2119 5497 eon-
2228 5440 2370 5496 rime
2392 5443 2787 5514 sanctiﬁcatur,
2817 5441 2992 5498 Vides
3023 5449 3220 5498 autem
3245 5443 3370 5499 hac
3403 5444 3477 5499 ad
3500 5446 3817 5514 puritatem
3842 5462 3926 5511 et

473 5512 906 5569 ditione’fuerit
936 5512 1236 5569 exornata.
1376 5512 1383 5513 “
1651 5581 1662 5592 _
2230 5514 2610 5594 innocentiam
2634 5513 2906 5595 puellula
2929 5519 3218 5586 spectare.
3254 5532 3383 5585 qua
3414 5512 3933 5642 singularissima

541 5584 647 5642 (70)
681 5585 780 5639 His
821 5601 1081 5640 consona
1138 5600 1208 5639 ea
1262 5588 1419 5642 sunt.
1473 5597 1603 5642 qua
1646 5599 1709 5637 1n
1758 5586 1813 5641 S.
1848 5583 2123 5641 Germani
2233 5582 2367 5640 ideo
2396 5584 2527 5642 fuit.
2560 5601 2719 5642 quia.
2752 5591 2818 5641 ut
2847 5585 3157 5642 inquiebat
3196 5589 3223 5642 ἃ
3282 5589 3368 5642 13.
3418 5587 3495 5642 Isi
3542 5604 3686 5642 orus
3735 5591 3918 5642 inse,

541 5584 1081 5666 (7Q)‘.His_consona
1138 5600 1208 5639 ea
1262 5588 1419 5666 sunt,
1447 5597 1603 5666 _qu_a
1646 5581 1709 5637 in
1848 5583 2123 5666 germani
2233 5581 2818 5666 ideo_fu_it,_quia,_ut
2847 5581 3223 5666 inquiebat_§
3270 5581 3368 5666 ἰᾷ,
3418 5581 3686 5666 Isidorus
3735 5581 3929 5666 ipse;

472 5652 721 5714 homilia
752 5656 1019 5730 ejusdem
1053 5654 1389 5731 argumenti
1446 5652 1698 5725 legimus
1754 5657 1800 5726 (§
1845 5657 1933 5729 10,
1988 5671 2121 5729 sup.
2231 5672 2344 5713 non
2371 5658 2432 5713 in
2452 5652 2843 5730 iniquitatibus
2871 5652 3134 5729 concepta
3153 5652 3275 5730 ipsa
3301 5661 3512 5729 fuerat.
