  <div class='ocr_page' id='page_1' title='image "/cluster/home/n/w/nwhite01/storage/ocr_20150623/139/mdp.39015078384214/041.png"; bbox 0 0 4104 6300; ppageno 0'>
   <div class='ocr_carea' id='block_1_1' title="bbox 376 401 3797 469">
    <p class='ocr_par' dir='ltr' id='par_1_1' title="bbox 376 401 3797 469">
     <span class='ocr_line' id='line_1_1' title="bbox 376 401 3797 469; baseline -0.003 0"><span class='ocrx_word' id='word_1_1' title='bbox 376 409 451 469; x_wconf 85' lang='lat'><strong>6&#39;7</strong></span> <span class='ocrx_word' id='word_1_2' title='bbox 1523 404 1816 465; x_wconf 82' lang='lat' dir='ltr'><strong>ISlDORl</strong></span> <span class='ocrx_word' id='word_1_3' title='bbox 1866 403 2624 468; x_wconf 84' lang='lat' dir='ltr'><strong>TllESSALONlCENSlS</strong></span> <span class='ocrx_word' id='word_1_4' title='bbox 3717 401 3797 460; x_wconf 85' lang='lat'><strong>68</strong></span> 
     </span>
    </p>
   </div>
   <div class='ocr_carea' id='block_1_2' title="bbox 448 528 2015 613">
    <p class='ocr_par' dir='ltr' id='par_1_2' title="bbox 448 538 2015 613">
     <span class='ocr_line' id='line_1_2' title="bbox 448 538 2015 613; baseline -0.004 -11"><span class='ocrx_word' id='word_1_5' title='bbox 448 545 612 602; x_wconf 85' lang='lat' dir='ltr'><strong>XXV.</strong></span> <span class='ocrx_word' id='word_1_6' title='bbox 648 545 865 598; x_wconf 84' lang='lat' dir='ltr'><strong>Verum</strong></span> <span class='ocrx_word' id='word_1_7' title='bbox 896 544 956 597; x_wconf 92' lang='lat' dir='ltr'><strong>et</strong></span> <span class='ocrx_word' id='word_1_8' title='bbox 983 540 1143 612; x_wconf 90' lang='lat' dir='ltr'><strong>quod</strong></span> <span class='ocrx_word' id='word_1_9' title='bbox 1171 539 1370 612; x_wconf 80' lang='lat' dir='ltr'><strong>pervia</strong></span> <span class='ocrx_word' id='word_1_10' title='bbox 1403 540 1620 613; x_wconf 80' lang='lat' dir='ltr'><strong>Virgini</strong></span> <span class='ocrx_word' id='word_1_11' title='bbox 1655 556 1820 597; x_wconf 87' lang='lat' dir='ltr'><strong>sacra</strong></span> <span class='ocrx_word' id='word_1_12' title='bbox 1844 538 2015 612; x_wconf 85' lang='lat' dir='ltr'><strong>adyta</strong></span> 
     </span>
    </p>
   </div>
   <div class='ocr_carea' id='block_1_3' title="bbox 2132 528 3792 613">
    <p class='ocr_par' dir='ltr' id='par_1_3' title="bbox 2203 528 3792 612">
     <span class='ocr_line' id='line_1_3' title="bbox 2203 528 3792 612; baseline -0.006 -16"><span class='ocrx_word' id='word_1_13' title='bbox 2203 540 2322 599; x_wconf 52' lang='grc' dir='ltr'><strong>ΚΕΖ</strong></span> <span class='ocrx_word' id='word_1_14' title='bbox 2354 537 2531 596; x_wconf 82' lang='grc' dir='ltr'>Ἀλλά</span> <span class='ocrx_word' id='word_1_15' title='bbox 2567 536 2658 592; x_wconf 86' lang='grc' dir='ltr'><strong>καὶ</strong></span> <span class='ocrx_word' id='word_1_16' title='bbox 2685 536 2750 592; x_wconf 87' lang='grc' dir='ltr'><strong>τὸ</strong></span> <span class='ocrx_word' id='word_1_17' title='bbox 2771 537 2839 610; x_wconf 78' lang='grc' dir='ltr'><strong>τῇ</strong></span> <span class='ocrx_word' id='word_1_18' title='bbox 2873 534 3128 612; x_wconf 71' lang='grc' dir='ltr'>Παρθένῳ</span> <span class='ocrx_word' id='word_1_19' title='bbox 3155 534 3222 590; x_wconf 89' lang='grc' dir='ltr'><strong>τὰ</strong></span> <span class='ocrx_word' id='word_1_20' title='bbox 3283 528 3456 588; x_wconf 75' lang='grc' dir='ltr'>ἄϐατα</span> <span class='ocrx_word' id='word_1_21' title='bbox 3489 531 3792 608; x_wconf 62' lang='grc' dir='ltr'>ἀνθεῳχῆη</span> 
     </span>
    </p>
   </div>
   <div class='ocr_carea' id='block_1_4' title="bbox 374 632 2029 708">
    <p class='ocr_par' dir='ltr' id='par_1_4' title="bbox 374 632 2029 708">
     <span class='ocr_line' id='line_1_4' title="bbox 374 632 2029 708; baseline -0.002 -16"><span class='ocrx_word' id='word_1_22' title='bbox 374 633 934 708; x_wconf 69' lang='lat' dir='ltr'><strong>patuerint,etquod</strong></span> <span class='ocrx_word' id='word_1_23' title='bbox 957 632 1204 704; x_wconf 81' lang='lat' dir='ltr'><strong>angelus</strong></span> <span class='ocrx_word' id='word_1_24' title='bbox 1237 649 1266 687; x_wconf 90' lang='lat' dir='ltr'><strong>e</strong></span> <span class='ocrx_word' id='word_1_25' title='bbox 1297 632 1438 688; x_wconf 78' lang='lat' dir='ltr'><strong>ccelo</strong></span> <span class='ocrx_word' id='word_1_26' title='bbox 1464 632 1834 690; x_wconf 85' lang='lat' dir='ltr'><strong>descendens</strong></span> <span class='ocrx_word' id='word_1_27' title='bbox 1849 632 1922 688; x_wconf 91' lang='lat' dir='ltr'><strong>ad</strong></span> <span class='ocrx_word' id='word_1_28' title='bbox 1936 648 2029 705; x_wconf 87' lang='lat' dir='ltr'><strong>pa-</strong></span> 
     </span>
    </p>
   </div>
   <div class='ocr_carea' id='block_1_5' title="bbox 369 723 2026 789">
    <p class='ocr_par' dir='ltr' id='par_1_5' title="bbox 369 723 2026 789">
     <span class='ocr_line' id='line_1_5' title="bbox 369 723 2026 789; baseline -0.002 -8"><span class='ocrx_word' id='word_1_29' title='bbox 369 727 626 782; x_wconf 87' lang='lat' dir='ltr'><strong>randum</strong></span> <span class='ocrx_word' id='word_1_30' title='bbox 659 725 856 780; x_wconf 85' lang='lat' dir='ltr'><strong>cibum</strong></span> <span class='ocrx_word' id='word_1_31' title='bbox 887 724 1061 779; x_wconf 92' lang='lat' dir='ltr'><strong>illum</strong></span> <span class='ocrx_word' id='word_1_32' title='bbox 1093 723 1428 778; x_wconf 80' lang='lat' dir='ltr'><strong>mirabilem</strong></span> <span class='ocrx_word' id='word_1_33' title='bbox 1459 723 1856 789; x_wconf 87' lang='lat' dir='ltr'><strong>astiterit,lioc</strong></span> <span class='ocrx_word' id='word_1_34' title='bbox 1883 723 2026 778; x_wconf 88' lang='lat' dir='ltr'><strong>mihi</strong></span> 
     </span>
    </p>
   </div>
   <div class='ocr_carea' id='block_1_6' title="bbox 369 813 2026 888">
    <p class='ocr_par' dir='ltr' id='par_1_6' title="bbox 369 813 2026 888">
     <span class='ocr_line' id='line_1_6' title="bbox 369 813 2026 888; baseline -0.002 -17"><span class='ocrx_word' id='word_1_35' title='bbox 369 821 728 888; x_wconf 68' lang='lat' dir='ltr'><strong>prmnotasse</strong></span> <span class='ocrx_word' id='word_1_36' title='bbox 753 813 1005 883; x_wconf 88' lang='lat' dir='ltr'><strong>videtur,</strong></span> <span class='ocrx_word' id='word_1_37' title='bbox 1039 813 1214 870; x_wconf 60' lang='lat' dir='ltr'><strong>caelos</strong></span> <span class='ocrx_word' id='word_1_38' title='bbox 1247 813 1462 868; x_wconf 88' lang='lat' dir='ltr'><strong>deinde</strong></span> <span class='ocrx_word' id='word_1_39' title='bbox 1491 813 1848 885; x_wconf 90' lang='lat' dir='ltr'><strong>aperiendos</strong></span> <span class='ocrx_word' id='word_1_40' title='bbox 1873 828 2026 882; x_wconf 88' lang='lat' dir='ltr'><strong>esse,</strong></span> 
     </span>
    </p>
   </div>
   <div class='ocr_carea' id='block_1_7' title="bbox 374 905 2027 980">
    <p class='ocr_par' dir='ltr' id='par_1_7' title="bbox 374 905 2027 980">
     <span class='ocr_line' id='line_1_7' title="bbox 374 905 2027 980; baseline -0.001 -17"><span class='ocrx_word' id='word_1_41' title='bbox 374 925 440 964; x_wconf 88' lang='lat' dir='ltr'><strong>ac</strong></span> <span class='ocrx_word' id='word_1_42' title='bbox 469 908 752 980; x_wconf 83' lang='lat' dir='ltr'><strong>Spiritum</strong></span> <span class='ocrx_word' id='word_1_43' title='bbox 811 911 1082 963; x_wconf 89' lang='lat' dir='ltr'><strong>sanctum</strong></span> <span class='ocrx_word' id='word_1_44' title='bbox 1141 905 1436 977; x_wconf 88' lang='lat' dir='ltr'><strong>corporali</strong></span> <span class='ocrx_word' id='word_1_45' title='bbox 1495 906 1711 976; x_wconf 87' lang='lat' dir='ltr'><strong>specie,</strong></span> <span class='ocrx_word' id='word_1_46' title='bbox 1764 905 2027 960; x_wconf 89' lang='lat' dir='ltr'><strong>divinum</strong></span> 
     </span>
    </p>
   </div>
   <div class='ocr_carea' id='block_1_8' title="bbox 373 993 2030 1066">
    <p class='ocr_par' dir='ltr' id='par_1_8' title="bbox 373 993 2030 1066">
     <span class='ocr_line' id='line_1_8' title="bbox 373 993 2030 1066; baseline -0.002 -14"><span class='ocrx_word' id='word_1_47' title='bbox 373 997 674 1054; x_wconf 83' lang='lat' dir='ltr'><strong>lavacrum</strong></span> <span class='ocrx_word' id='word_1_48' title='bbox 707 997 766 1052; x_wconf 91' lang='lat' dir='ltr'><strong>in</strong></span> <span class='ocrx_word' id='word_1_49' title='bbox 791 997 1042 1053; x_wconf 71' lang='lat' dir='ltr'><strong>Iordane</strong></span> <span class='ocrx_word' id='word_1_50' title='bbox 1077 995 1326 1052; x_wconf 89' lang='lat' dir='ltr'><strong>Domino</strong></span> <span class='ocrx_word' id='word_1_51' title='bbox 1366 994 1748 1066; x_wconf 82' lang='lat' dir='ltr'><strong>suscipiente,</strong></span> <span class='ocrx_word' id='word_1_52' title='bbox 1782 993 2030 1050; x_wconf 87' lang='lat' dir='ltr'><strong>descen-</strong></span> 
     </span>
    </p>
   </div>
   <div class='ocr_carea' id='block_1_9' title="bbox 375 1083 2026 1156">
    <p class='ocr_par' dir='ltr' id='par_1_9' title="bbox 375 1083 2026 1156">
     <span class='ocr_line' id='line_1_9' title="bbox 375 1083 2026 1156; baseline -0.003 -13"><span class='ocrx_word' id='word_1_53' title='bbox 375 1105 600 1144; x_wconf 88' lang='lat' dir='ltr'><strong>surum.</strong></span> <span class='ocrx_word' id='word_1_54' title='bbox 635 1086 1142 1153; x_wconf 86' lang='lat' dir='ltr'><strong>Quemadmodum</strong></span> <span class='ocrx_word' id='word_1_55' title='bbox 1163 1085 1323 1141; x_wconf 90' lang='lat' dir='ltr'><strong>enim</strong></span> <span class='ocrx_word' id='word_1_56' title='bbox 1351 1083 1453 1140; x_wconf 91' lang='lat' dir='ltr'><strong>uni</strong></span> <span class='ocrx_word' id='word_1_57' title='bbox 1484 1083 1859 1156; x_wconf 82' lang='lat' dir='ltr'><strong>Virgini,non</strong></span> <span class='ocrx_word' id='word_1_58' title='bbox 1889 1099 2026 1138; x_wconf 86' lang='lat' dir='ltr'><strong>vero</strong></span> 
     </span>
    </p>
   </div>
   <div class='ocr_carea' id='block_1_10' title="bbox 373 1173 2030 1249">
    <p class='ocr_par' dir='ltr' id='par_1_10' title="bbox 373 1173 2030 1249">
     <span class='ocr_line' id='line_1_10' title="bbox 373 1173 2030 1249; baseline -0.003 -16"><span class='ocrx_word' id='word_1_59' title='bbox 373 1177 628 1249; x_wconf 84' lang='lat' dir='ltr'><strong>cuipiam</strong></span> <span class='ocrx_word' id='word_1_60' title='bbox 678 1177 848 1233; x_wconf 84' lang='lat' dir='ltr'><strong>alteri</strong></span> <span class='ocrx_word' id='word_1_61' title='bbox 879 1193 950 1232; x_wconf 79' lang='lat' dir='ltr'><strong>ex</strong></span> <span class='ocrx_word' id='word_1_62' title='bbox 1011 1175 1306 1232; x_wconf 81' lang='lat' dir='ltr'><strong>universis</strong></span> <span class='ocrx_word' id='word_1_63' title='bbox 1335 1173 1710 1242; x_wconf 78' lang='lat' dir='ltr'><strong>mortalibus,</strong></span> <span class='ocrx_word' id='word_1_64' title='bbox 1768 1177 2030 1228; x_wconf 85' lang='lat' dir='ltr'><strong>reserata</strong></span> 
     </span>
    </p>
   </div>
   <div class='ocr_carea' id='block_1_11' title="bbox 365 1261 2028 1340">
    <p class='ocr_par' dir='ltr' id='par_1_11' title="bbox 365 1261 2028 1340">
     <span class='ocr_line' id='line_1_11' title="bbox 365 1261 2028 1340; baseline -0.002 -20"><span class='ocrx_word' id='word_1_65' title='bbox 365 1266 610 1323; x_wconf 81' lang='lat' dir='ltr'><strong>fuerunt</strong></span> <span class='ocrx_word' id='word_1_66' title='bbox 638 1267 968 1340; x_wconf 81' lang='lat' dir='ltr'><strong>penetralia</strong></span> <span class='ocrx_word' id='word_1_67' title='bbox 993 1283 1162 1322; x_wconf 86' lang='lat' dir='ltr'><strong>sacra</strong></span> <span class='ocrx_word' id='word_1_68' title='bbox 1193 1282 1207 1332; x_wconf 92' lang='lat'><strong>;</strong></span> <span class='ocrx_word' id='word_1_69' title='bbox 1241 1264 1325 1320; x_wconf 91' lang='lat' dir='ltr'><strong>sic</strong></span> <span class='ocrx_word' id='word_1_70' title='bbox 1343 1264 1450 1320; x_wconf 89' lang='lat' dir='ltr'><strong>uni</strong></span> <span class='ocrx_word' id='word_1_71' title='bbox 1481 1281 1718 1336; x_wconf 88' lang='lat' dir='ltr'><strong>quoque</strong></span> <span class='ocrx_word' id='word_1_72' title='bbox 1747 1263 1905 1318; x_wconf 88' lang='lat' dir='ltr'><strong>Salva</strong></span> <span class='ocrx_word' id='word_1_73' title='bbox 1917 1261 2028 1318; x_wconf 91' lang='lat' dir='ltr'><strong>tori</strong></span> 
     </span>
    </p>
   </div>
   <div class='ocr_carea' id='block_1_12' title="bbox 369 1353 1598 1428">
    <p class='ocr_par' dir='ltr' id='par_1_12' title="bbox 369 1353 1598 1428">
     <span class='ocr_line' id='line_1_12' title="bbox 369 1353 1598 1428; baseline -0.002 -18"><span class='ocrx_word' id='word_1_74' title='bbox 369 1356 583 1414; x_wconf 74' lang='lat' dir='ltr'><strong>cuilum</strong></span> <span class='ocrx_word' id='word_1_75' title='bbox 615 1360 804 1412; x_wconf 83' lang='lat' dir='ltr'><strong>semet</strong></span> <span class='ocrx_word' id='word_1_76' title='bbox 832 1360 1105 1428; x_wconf 89' lang='lat' dir='ltr'><strong>apertum</strong></span> <span class='ocrx_word' id='word_1_77' title='bbox 1139 1359 1280 1410; x_wconf 85' lang='lat' dir='ltr'><strong>tunc</strong></span> <span class='ocrx_word' id='word_1_78' title='bbox 1313 1353 1598 1409; x_wconf 83' lang='lat' dir='ltr'><strong>exhibuit.</strong></span> 
     </span>
    </p>
   </div>
   <div class='ocr_carea' id='block_1_13' title="bbox 440 1441 2026 1514">
    <p class='ocr_par' dir='ltr' id='par_1_13' title="bbox 440 1441 2026 1514">
     <span class='ocr_line' id='line_1_13' title="bbox 440 1441 2026 1514; baseline -0.001 -14"><span class='ocrx_word' id='word_1_79' title='bbox 440 1445 606 1509; x_wconf 86' lang='lat' dir='ltr'>Quod</span> <span class='ocrx_word' id='word_1_80' title='bbox 637 1461 770 1500; x_wconf 86' lang='lat' dir='ltr'><strong>vero</strong></span> <span class='ocrx_word' id='word_1_81' title='bbox 803 1443 876 1500; x_wconf 91' lang='lat' dir='ltr'><strong>ab</strong></span> <span class='ocrx_word' id='word_1_82' title='bbox 907 1461 1025 1500; x_wconf 93' lang='lat' dir='ltr'><strong>uno</strong></span> <span class='ocrx_word' id='word_1_83' title='bbox 1058 1459 1290 1499; x_wconf 89' lang='lat' dir='ltr'><strong>summo</strong></span> <span class='ocrx_word' id='word_1_84' title='bbox 1322 1442 1650 1511; x_wconf 87' lang='lat' dir='ltr'><strong>sacerdote,</strong></span> <span class='ocrx_word' id='word_1_85' title='bbox 1703 1441 1890 1498; x_wconf 88' lang='lat' dir='ltr'><strong>semel</strong></span> <span class='ocrx_word' id='word_1_86' title='bbox 1918 1458 2026 1514; x_wconf 89' lang='lat' dir='ltr'><strong>per</strong></span> 
     </span>
    </p>
   </div>
   <div class='ocr_carea' id='block_1_14' title="bbox 369 1532 2025 1601">
    <p class='ocr_par' dir='ltr' id='par_1_14' title="bbox 369 1532 2025 1601">
     <span class='ocr_line' id='line_1_14' title="bbox 369 1532 2025 1601; baseline -0.002 -11"><span class='ocrx_word' id='word_1_87' title='bbox 369 1551 596 1590; x_wconf 90' lang='lat' dir='ltr'><strong>annum</strong></span> <span class='ocrx_word' id='word_1_88' title='bbox 619 1533 682 1588; x_wconf 92' lang='lat' dir='ltr'><strong>in</strong></span> <span class='ocrx_word' id='word_1_89' title='bbox 705 1534 920 1589; x_wconf 88' lang='lat' dir='ltr'><strong>Sancta</strong></span> <span class='ocrx_word' id='word_1_90' title='bbox 932 1537 1271 1589; x_wconf 89' lang='lat' dir='ltr'><strong>sanctorum</strong></span> <span class='ocrx_word' id='word_1_91' title='bbox 1287 1532 2025 1601; x_wconf 88' lang='lat' dir='ltr'><strong>introeunte,innocentis-</strong></span> 
     </span>
    </p>
   </div>
   <div class='ocr_carea' id='block_1_15' title="bbox 372 1621 2024 1695">
    <p class='ocr_par' dir='ltr' id='par_1_15' title="bbox 372 1621 2024 1695">
     <span class='ocr_line' id='line_1_15' title="bbox 372 1621 2024 1695; baseline -0.002 -16"><span class='ocrx_word' id='word_1_92' title='bbox 372 1623 525 1680; x_wconf 90' lang='lat' dir='ltr'><strong>sima</strong></span> <span class='ocrx_word' id='word_1_93' title='bbox 554 1623 1000 1695; x_wconf 88' lang='lat' dir='ltr'><strong>conspiceretur</strong></span> <span class='ocrx_word' id='word_1_94' title='bbox 1023 1621 1112 1692; x_wconf 79' lang='lat' dir='ltr'><strong>;id</strong></span> <span class='ocrx_word' id='word_1_95' title='bbox 1129 1638 1334 1678; x_wconf 87' lang='lat' dir='ltr'><strong>rursus</strong></span> <span class='ocrx_word' id='word_1_96' title='bbox 1363 1621 1522 1678; x_wconf 89' lang='lat' dir='ltr'><strong>haud</strong></span> <span class='ocrx_word' id='word_1_97' title='bbox 1549 1639 1762 1694; x_wconf 88' lang='lat' dir='ltr'><strong>parum</strong></span> <span class='ocrx_word' id='word_1_98' title='bbox 1775 1621 2024 1693; x_wconf 81' lang='lat' dir='ltr'><strong>confert,</strong></span> 
     </span>
    </p>
   </div>
   <div class='ocr_carea' id='block_1_16' title="bbox 365 1711 2014 1785">
    <p class='ocr_par' dir='ltr' id='par_1_16' title="bbox 365 1711 2014 1785">
     <span class='ocr_line' id='line_1_16' title="bbox 365 1711 2014 1785; baseline -0.001 -17"><span class='ocrx_word' id='word_1_99' title='bbox 365 1716 433 1768; x_wconf 89' lang='lat' dir='ltr'><strong>ut</strong></span> <span class='ocrx_word' id='word_1_100' title='bbox 463 1713 898 1785; x_wconf 87' lang='lat' dir='ltr'><strong>expressiorem</strong></span> <span class='ocrx_word' id='word_1_101' title='bbox 929 1711 1204 1784; x_wconf 78' lang='lat' dir='ltr'><strong>praeferat</strong></span> <span class='ocrx_word' id='word_1_102' title='bbox 1229 1727 1366 1768; x_wconf 90' lang='lat' dir='ltr'><strong>cum</strong></span> <span class='ocrx_word' id='word_1_103' title='bbox 1389 1711 1506 1766; x_wconf 92' lang='lat' dir='ltr'><strong>Deo</strong></span> <span class='ocrx_word' id='word_1_104' title='bbox 1531 1711 2014 1768; x_wconf 89' lang='lat' dir='ltr'><strong>similitudinem.</strong></span> 
     </span>
    </p>
   </div>
   <div class='ocr_carea' id='block_1_17' title="bbox 367 1801 2029 1873">
    <p class='ocr_par' dir='ltr' id='par_1_17' title="bbox 367 1801 2029 1873">
     <span class='ocr_line' id='line_1_17' title="bbox 367 1801 2029 1873; baseline -0.002 -13"><span class='ocrx_word' id='word_1_105' title='bbox 367 1807 516 1860; x_wconf 86' lang='lat' dir='ltr'><strong>Nam</strong></span> <span class='ocrx_word' id='word_1_106' title='bbox 550 1804 704 1858; x_wconf 89' lang='lat' dir='ltr'><strong>sicut</strong></span> <span class='ocrx_word' id='word_1_107' title='bbox 727 1802 800 1858; x_wconf 89' lang='lat' dir='ltr'><strong>ad</strong></span> <span class='ocrx_word' id='word_1_108' title='bbox 831 1801 934 1858; x_wconf 92' lang='lat' dir='ltr'><strong>Dei</strong></span> <span class='ocrx_word' id='word_1_109' title='bbox 965 1807 1290 1873; x_wconf 86' lang='lat' dir='ltr'><strong>aspectum,</strong></span> <span class='ocrx_word' id='word_1_110' title='bbox 1327 1807 1618 1873; x_wconf 89' lang='lat' dir='ltr'><strong>quantum</strong></span> <span class='ocrx_word' id='word_1_111' title='bbox 1651 1801 1739 1856; x_wconf 84' lang='lat' dir='ltr'><strong>fas</strong></span> <span class='ocrx_word' id='word_1_112' title='bbox 1763 1805 1852 1857; x_wconf 88' lang='lat' dir='ltr'><strong>est</strong></span> <span class='ocrx_word' id='word_1_113' title='bbox 1875 1817 2029 1856; x_wconf 91' lang='lat' dir='ltr'><strong>mor-</strong></span> 
     </span>
    </p>
   </div>
   <div class='ocr_carea' id='block_1_18' title="bbox 2135 624 3792 703">
    <p class='ocr_par' dir='ltr' id='par_1_18' title="bbox 2135 624 3792 703">
     <span class='ocr_line' id='line_1_18' title="bbox 2135 624 3792 703; baseline -0.004 -19"><span class='ocrx_word' id='word_1_114' title='bbox 2135 649 2242 698; x_wconf 88' lang='grc' dir='ltr'>ναι,</span> <span class='ocrx_word' id='word_1_115' title='bbox 2283 625 2374 684; x_wconf 84' lang='grc' dir='ltr'><strong>καὶ</strong></span> <span class='ocrx_word' id='word_1_116' title='bbox 2424 625 2655 703; x_wconf 75' lang='grc' dir='ltr'>ἄγγελον</span> <span class='ocrx_word' id='word_1_117' title='bbox 2715 625 3005 700; x_wconf 73' lang='grc' dir='ltr'><strong>οὐρανόθεν</strong></span> <span class='ocrx_word' id='word_1_118' title='bbox 3068 624 3321 680; x_wconf 85' lang='grc' dir='ltr'>κατιόντα</span> <span class='ocrx_word' id='word_1_119' title='bbox 3383 629 3634 694; x_wconf 84' lang='grc' dir='ltr'>συνεῖναι,</span> <span class='ocrx_word' id='word_1_120' title='bbox 3689 627 3792 679; x_wconf 74' lang='grc' dir='ltr'><strong>τοῦ</strong></span> 
     </span>
    </p>
   </div>
   <div class='ocr_carea' id='block_1_19' title="bbox 2137 713 3794 794">
    <p class='ocr_par' dir='ltr' id='par_1_19' title="bbox 2137 713 3794 794">
     <span class='ocr_line' id='line_1_19' title="bbox 2137 713 3794 794; baseline -0.004 -20"><span class='ocrx_word' id='word_1_121' title='bbox 2137 715 2356 774; x_wconf 78' lang='grc' dir='ltr'><strong>δείπνου</strong></span> <span class='ocrx_word' id='word_1_122' title='bbox 2411 718 2576 794; x_wconf 82' lang='grc' dir='ltr'>χάριν</span> <span class='ocrx_word' id='word_1_123' title='bbox 2625 716 2834 772; x_wconf 82' lang='grc' dir='ltr'>ἐκείνου</span> <span class='ocrx_word' id='word_1_124' title='bbox 2891 720 2989 771; x_wconf 77' lang='grc' dir='ltr'><strong>τοῦ</strong></span> <span class='ocrx_word' id='word_1_125' title='bbox 3053 714 3381 792; x_wconf 71' lang='grc' dir='ltr'><strong>παραδόξου,</strong></span> <span class='ocrx_word' id='word_1_126' title='bbox 3463 713 3631 770; x_wconf 81' lang='grc' dir='ltr'>ἐκεῖνό</span> <span class='ocrx_word' id='word_1_127' title='bbox 3693 735 3794 786; x_wconf 89' lang='grc' dir='ltr'><strong>μοι</strong></span> 
     </span>
    </p>
   </div>
   <div class='ocr_carea' id='block_1_20' title="bbox 2133 805 3788 886">
    <p class='ocr_par' dir='ltr' id='par_1_20' title="bbox 2133 805 3788 886">
     <span class='ocr_line' id='line_1_20' title="bbox 2133 805 3788 886; baseline -0.002 -24"><span class='ocrx_word' id='word_1_128' title='bbox 2133 807 2468 886; x_wconf 74' lang='grc' dir='ltr'><strong>προγράφειν</strong></span> <span class='ocrx_word' id='word_1_129' title='bbox 2499 805 2844 884; x_wconf 71' lang='grc' dir='ltr'>ὑπαγορεύει,</span> <span class='ocrx_word' id='word_1_130' title='bbox 2901 806 2964 862; x_wconf 85' lang='grc' dir='ltr'><strong>τὸ</strong></span> <span class='ocrx_word' id='word_1_131' title='bbox 3003 806 3094 860; x_wconf 90' lang='grc' dir='ltr'><strong>τὸν</strong></span> <span class='ocrx_word' id='word_1_132' title='bbox 3131 805 3355 880; x_wconf 78' lang='grc' dir='ltr'>οὐρανὸν</span> <span class='ocrx_word' id='word_1_133' title='bbox 3419 805 3788 880; x_wconf 80' lang='grc' dir='ltr'><strong>ἀνεῳχθῆναι,</strong></span> 
     </span>
    </p>
   </div>
   <div class='ocr_carea' id='block_1_21' title="bbox 2133 891 3795 970">
    <p class='ocr_par' dir='ltr' id='par_1_21' title="bbox 2133 891 3795 970">
     <span class='ocr_line' id='line_1_21' title="bbox 2133 891 3795 970; baseline -0.002 -17"><span class='ocrx_word' id='word_1_134' title='bbox 2133 897 2222 954; x_wconf 84' lang='grc' dir='ltr'><strong>καὶ</strong></span> <span class='ocrx_word' id='word_1_135' title='bbox 2254 891 2551 968; x_wconf 78' lang='grc' dir='ltr'>καταϐῆναι</span> <span class='ocrx_word' id='word_1_136' title='bbox 2580 899 2879 970; x_wconf 84' lang='grc' dir='ltr'>σωματικῷ</span> <span class='ocrx_word' id='word_1_137' title='bbox 2913 893 3043 951; x_wconf 84' lang='grc' dir='ltr'>εἷ”δει</span> <span class='ocrx_word' id='word_1_138' title='bbox 3099 893 3162 950; x_wconf 85' lang='grc' dir='ltr'><strong>τὸ</strong></span> <span class='ocrx_word' id='word_1_139' title='bbox 3220 897 3436 967; x_wconf 74' lang='grc' dir='ltr'>Πνεῦμα</span> <span class='ocrx_word' id='word_1_140' title='bbox 3501 895 3562 948; x_wconf 86' lang='grc' dir='ltr'><strong>τὸ</strong></span> <span class='ocrx_word' id='word_1_141' title='bbox 3609 893 3795 969; x_wconf 77' lang='grc' dir='ltr'>ἃγιον,</span> 
     </span>
    </p>
   </div>
   <div class='ocr_carea' id='block_1_22' title="bbox 2134 981 3798 1066">
    <p class='ocr_par' dir='ltr' id='par_1_22' title="bbox 2134 981 3798 1066">
     <span class='ocr_line' id='line_1_22' title="bbox 2134 981 3798 1066; baseline -0.002 -24"><span class='ocrx_word' id='word_1_142' title='bbox 2134 984 2581 1066; x_wconf 79' lang='grc' dir='ltr'>καταδεχομὲνου</span> <span class='ocrx_word' id='word_1_143' title='bbox 2638 987 2701 1044; x_wconf 88' lang='grc' dir='ltr'><strong>τὸ</strong></span> <span class='ocrx_word' id='word_1_144' title='bbox 2759 988 2901 1042; x_wconf 88' lang='grc' dir='ltr'>θεῖον</span> <span class='ocrx_word' id='word_1_145' title='bbox 2961 985 3015 1040; x_wconf 86' lang='grc' dir='ltr'>ἐν</span> <span class='ocrx_word' id='word_1_146' title='bbox 3087 981 3328 1058; x_wconf 73' lang='grc' dir='ltr'>Ἰορδάνῃ</span> <span class='ocrx_word' id='word_1_147' title='bbox 3401 982 3630 1058; x_wconf 89' lang='grc' dir='ltr'>λουτρὸν</span> <span class='ocrx_word' id='word_1_148' title='bbox 3698 987 3798 1038; x_wconf 78' lang='grc' dir='ltr'><strong>τοῦ</strong></span> 
     </span>
    </p>
   </div>
   <div class='ocr_carea' id='block_1_23' title="bbox 2135 1077 3793 1156">
    <p class='ocr_par' dir='ltr' id='par_1_23' title="bbox 2135 1077 3793 1156">
     <span class='ocr_line' id='line_1_23' title="bbox 2135 1077 3793 1156; baseline -0.003 -19"><span class='ocrx_word' id='word_1_149' title='bbox 2135 1083 2429 1138; x_wconf 86' lang='grc' dir='ltr'>Δεσπότου·</span> <span class='ocrx_word' id='word_1_150' title='bbox 2461 1078 2586 1136; x_wconf 73' lang='grc' dir='ltr'>οὔτε</span> <span class='ocrx_word' id='word_1_151' title='bbox 2615 1080 2742 1156; x_wconf 78' lang='grc' dir='ltr'>γὰρ,</span> <span class='ocrx_word' id='word_1_152' title='bbox 2797 1079 2872 1143; x_wconf 86' lang='grc' dir='ltr'><strong>ὡς</strong></span> <span class='ocrx_word' id='word_1_153' title='bbox 2931 1083 2999 1153; x_wconf 82' lang='grc' dir='ltr'>τῇ</span> <span class='ocrx_word' id='word_1_154' title='bbox 3033 1077 3311 1154; x_wconf 67' lang='grc' dir='ltr'>Παρθένῳ,</span> <span class='ocrx_word' id='word_1_155' title='bbox 3361 1077 3526 1154; x_wconf 74' lang='grc' dir='ltr'>ἑτέρῳ</span> <span class='ocrx_word' id='word_1_156' title='bbox 3573 1082 3654 1151; x_wconf 75' lang='grc' dir='ltr'>τῷ</span> <span class='ocrx_word' id='word_1_157' title='bbox 3680 1081 3793 1133; x_wconf 80' lang='grc' dir='ltr'><strong>τῶν</strong></span> 
     </span>
    </p>
   </div>
   <div class='ocr_carea' id='block_1_24' title="bbox 2135 1165 3793 1248">
    <p class='ocr_par' dir='ltr' id='par_1_24' title="bbox 2135 1165 3793 1248">
     <span class='ocr_line' id='line_1_24' title="bbox 2135 1165 3793 1248; baseline 0 -20"><span class='ocrx_word' id='word_1_158' title='bbox 2135 1174 2384 1228; x_wconf 75' lang='grc' dir='ltr'>ἁπάντων</span> <span class='ocrx_word' id='word_1_159' title='bbox 2417 1171 2625 1248; x_wconf 81' lang='grc' dir='ltr'>ἀνέῳγε</span> <span class='ocrx_word' id='word_1_160' title='bbox 2652 1171 2722 1226; x_wconf 82' lang='grc' dir='ltr'><strong>τὰ</strong></span> <span class='ocrx_word' id='word_1_161' title='bbox 2758 1165 2950 1240; x_wconf 73' lang='grc' dir='ltr'>ἃϐατα,</span> <span class='ocrx_word' id='word_1_162' title='bbox 3002 1169 3092 1226; x_wconf 80' lang='grc' dir='ltr'>καί</span> <span class='ocrx_word' id='word_1_163' title='bbox 3152 1171 3284 1246; x_wconf 71' lang='grc' dir='ltr'>ὑπὲρ</span> <span class='ocrx_word' id='word_1_164' title='bbox 3319 1169 3488 1244; x_wconf 82' lang='grc' dir='ltr'>μόνου</span> <span class='ocrx_word' id='word_1_165' title='bbox 3539 1174 3636 1228; x_wconf 76' lang='grc' dir='ltr'><strong>τοῦ</strong></span> <span class='ocrx_word' id='word_1_166' title='bbox 3669 1177 3793 1228; x_wconf 88' lang='grc' dir='ltr'><strong>Σω-</strong></span> 
     </span>
    </p>
   </div>
   <div class='ocr_carea' id='block_1_25' title="bbox 2131 1259 3536 1340">
    <p class='ocr_par' dir='ltr' id='par_1_25' title="bbox 2131 1259 3536 1340">
     <span class='ocr_line' id='line_1_25' title="bbox 2131 1259 3536 1340; baseline -0.002 -22"><span class='ocrx_word' id='word_1_167' title='bbox 2131 1270 2300 1335; x_wconf 83' lang='grc' dir='ltr'>τῆρος</span> <span class='ocrx_word' id='word_1_168' title='bbox 2329 1261 2535 1340; x_wconf 87' lang='grc' dir='ltr'>γυμνὸν</span> <span class='ocrx_word' id='word_1_169' title='bbox 2570 1262 2805 1336; x_wconf 79' lang='grc' dir='ltr'>οὐρανὸς</span> <span class='ocrx_word' id='word_1_170' title='bbox 2836 1260 2960 1318; x_wconf 83' lang='grc' dir='ltr'>τότε</span> <span class='ocrx_word' id='word_1_171' title='bbox 2991 1259 3296 1335; x_wconf 73' lang='grc' dir='ltr'>προῦθηκεν</span> <span class='ocrx_word' id='word_1_172' title='bbox 3326 1260 3536 1322; x_wconf 68' lang='grc' dir='ltr'>ἑαυτόν.</span> 
     </span>
    </p>
   </div>
   <div class='ocr_carea' id='block_1_26' title="bbox 2205 1437 3793 1518">
    <p class='ocr_par' dir='ltr' id='par_1_26' title="bbox 2205 1437 3793 1518">
     <span class='ocr_line' id='line_1_26' title="bbox 2205 1437 3793 1518; baseline 0 -19"><span class='ocrx_word' id='word_1_173' title='bbox 2205 1443 2278 1500; x_wconf 88' lang='grc' dir='ltr'>Τὸ</span> <span class='ocrx_word' id='word_1_174' title='bbox 2311 1439 2368 1498; x_wconf 73' lang='grc' dir='ltr'><strong>δὲ</strong></span> <span class='ocrx_word' id='word_1_175' title='bbox 2391 1461 2450 1518; x_wconf 90' lang='grc' dir='ltr'><strong>γε</strong></span> <span class='ocrx_word' id='word_1_176' title='bbox 2483 1441 2632 1516; x_wconf 82' lang='grc' dir='ltr'>μόνῳ</span> <span class='ocrx_word' id='word_1_177' title='bbox 2661 1443 2740 1514; x_wconf 83' lang='grc' dir='ltr'><strong>τῷ</strong></span> <span class='ocrx_word' id='word_1_178' title='bbox 2777 1439 3042 1516; x_wconf 75' lang='grc' dir='ltr'>ἱεράρχῃ,</span> <span class='ocrx_word' id='word_1_179' title='bbox 3073 1439 3210 1510; x_wconf 73' lang='grc' dir='ltr'>ἅπαξ</span> <span class='ocrx_word' id='word_1_180' title='bbox 3243 1437 3464 1496; x_wconf 79' lang='grc' dir='ltr'>εἷσιόντι</span> <span class='ocrx_word' id='word_1_181' title='bbox 3492 1439 3560 1496; x_wconf 73' lang='grc' dir='ltr'><strong>τὰ</strong></span> <span class='ocrx_word' id='word_1_182' title='bbox 3596 1439 3793 1516; x_wconf 72' lang='grc' dir='ltr'>ἄδυτα,</span> 
     </span>
    </p>
   </div>
   <div class='ocr_carea' id='block_1_27' title="bbox 2137 1529 3797 1610">
    <p class='ocr_par' dir='ltr' id='par_1_27' title="bbox 2137 1529 3797 1610">
     <span class='ocr_line' id='line_1_27' title="bbox 2137 1529 3797 1610; baseline -0.001 -21"><span class='ocrx_word' id='word_1_183' title='bbox 2137 1533 2361 1610; x_wconf 81' lang='grc' dir='ltr'>ὁρᾶσθαι</span> <span class='ocrx_word' id='word_1_184' title='bbox 2383 1533 2484 1602; x_wconf 76' lang='grc' dir='ltr'>τὴν</span> <span class='ocrx_word' id='word_1_185' title='bbox 2516 1532 2784 1606; x_wconf 75' lang='grc' dir='ltr'>πάναγνον</span> <span class='ocrx_word' id='word_1_186' title='bbox 2817 1529 2917 1586; x_wconf 79' lang='grc' dir='ltr'><strong>οὐκ</strong></span> <span class='ocrx_word' id='word_1_187' title='bbox 2942 1529 3146 1606; x_wconf 83' lang='grc' dir='ltr'>ὀλίγον,</span> <span class='ocrx_word' id='word_1_188' title='bbox 3175 1530 3315 1604; x_wconf 82' lang='grc' dir='ltr'>αὐτῇ</span> <span class='ocrx_word' id='word_1_189' title='bbox 3347 1530 3435 1587; x_wconf 79' lang='grc' dir='ltr'><strong>καὶ</strong></span> <span class='ocrx_word' id='word_1_190' title='bbox 3465 1533 3625 1586; x_wconf 80' lang='grc' dir='ltr'><strong>τοῦτό</strong></span> <span class='ocrx_word' id='word_1_191' title='bbox 3657 1533 3797 1608; x_wconf 87' lang='grc' dir='ltr'>πρὸς</span> 
     </span>
    </p>
   </div>
   <div class='ocr_carea' id='block_1_28' title="bbox 2133 1617 3794 1698">
    <p class='ocr_par' dir='ltr' id='par_1_28' title="bbox 2133 1617 3794 1698">
     <span class='ocr_line' id='line_1_28' title="bbox 2133 1617 3794 1698; baseline -0.001 -19"><span class='ocrx_word' id='word_1_192' title='bbox 2133 1623 2274 1680; x_wconf 80' lang='grc' dir='ltr'>θείαν</span> <span class='ocrx_word' id='word_1_193' title='bbox 2359 1619 2626 1696; x_wconf 84' lang='grc' dir='ltr'>ὁμοίωσιν</span> <span class='ocrx_word' id='word_1_194' title='bbox 2691 1619 3048 1690; x_wconf 84' lang='grc' dir='ltr'>εἷκονίζεσθαι</span> <span class='ocrx_word' id='word_1_195' title='bbox 3135 1617 3376 1676; x_wconf 59' lang='grc' dir='ltr'>δίδωσιν</span> <span class='ocrx_word' id='word_1_196' title='bbox 3452 1620 3634 1696; x_wconf 84' lang='grc' dir='ltr'>ὥσπερ</span> <span class='ocrx_word' id='word_1_197' title='bbox 3689 1622 3794 1698; x_wconf 78' lang='grc' dir='ltr'><strong>γὰρ</strong></span> 
     </span>
    </p>
   </div>
   <div class='ocr_carea' id='block_1_29' title="bbox 2133 1709 3794 1790">
    <p class='ocr_par' dir='ltr' id='par_1_29' title="bbox 2133 1709 3794 1790">
     <span class='ocr_line' id='line_1_29' title="bbox 2133 1709 3794 1790; baseline -0.001 -22"><span class='ocrx_word' id='word_1_198' title='bbox 2133 1712 2432 1787; x_wconf 84' lang='grc' dir='ltr'>ἀνθρώπων</span> <span class='ocrx_word' id='word_1_199' title='bbox 2497 1709 2664 1785; x_wconf 87' lang='grc' dir='ltr'>μόνον</span> <span class='ocrx_word' id='word_1_200' title='bbox 2719 1714 2830 1766; x_wconf 81' lang='grc' dir='ltr'><strong>τῶν</strong></span> <span class='ocrx_word' id='word_1_201' title='bbox 2890 1710 3050 1784; x_wconf 78' lang='grc' dir='ltr'>ἱερῶν</span> <span class='ocrx_word' id='word_1_202' title='bbox 3109 1709 3236 1766; x_wconf 87' lang='grc' dir='ltr'>Θεὸν</span> <span class='ocrx_word' id='word_1_203' title='bbox 3280 1711 3428 1784; x_wconf 84' lang='grc' dir='ltr'>ὁρᾷν,</span> <span class='ocrx_word' id='word_1_204' title='bbox 3473 1710 3548 1772; x_wconf 87' lang='grc' dir='ltr'>ὡς</span> <span class='ocrx_word' id='word_1_205' title='bbox 3575 1709 3794 1790; x_wconf 78' lang='grc' dir='ltr'>ἐφικτὸν</span> 
     </span>
    </p>
   </div>
   <div class='ocr_carea' id='block_1_30' title="bbox 2133 1797 3792 1876">
    <p class='ocr_par' dir='ltr' id='par_1_30' title="bbox 2133 1797 3792 1876">
     <span class='ocr_line' id='line_1_30' title="bbox 2133 1797 3792 1876; baseline -0.001 -19"><span class='ocrx_word' id='word_1_206' title='bbox 2133 1802 2468 1876; x_wconf 81' lang='grc' dir='ltr'>ἀνθρώποις,</span> <span class='ocrx_word' id='word_1_207' title='bbox 2503 1799 2602 1855; x_wconf 77' lang='grc' dir='ltr'>οὐκ</span> <span class='ocrx_word' id='word_1_208' title='bbox 2631 1799 2714 1854; x_wconf 81' lang='grc' dir='ltr'>ἀεὶ</span> <span class='ocrx_word' id='word_1_209' title='bbox 2765 1797 2820 1854; x_wconf 79' lang='grc' dir='ltr'><strong>δὲ</strong></span> <span class='ocrx_word' id='word_1_210' title='bbox 2851 1799 2941 1854; x_wconf 83' lang='grc' dir='ltr'><strong>καὶ</strong></span> <span class='ocrx_word' id='word_1_211' title='bbox 2971 1803 3156 1866; x_wconf 80' lang='grc' dir='ltr'>τοῦτο,</span> <span class='ocrx_word' id='word_1_212' title='bbox 3187 1797 3311 1854; x_wconf 71' lang='grc' dir='ltr'>ἀλλ’</span> <span class='ocrx_word' id='word_1_213' title='bbox 3342 1799 3468 1854; x_wconf 86' lang='grc' dir='ltr'>’ὁταν</span> <span class='ocrx_word' id='word_1_214' title='bbox 3507 1805 3610 1868; x_wconf 80' lang='grc' dir='ltr'><strong>τῆς</strong></span> <span class='ocrx_word' id='word_1_215' title='bbox 3641 1799 3792 1856; x_wconf 81' lang='grc' dir='ltr'>κάτω</span> 
     </span>
    </p>
   </div>
   <div class='ocr_carea' id='block_1_31' title="bbox 367 1888 2015 1989">
    <p class='ocr_par' dir='ltr' id='par_1_31' title="bbox 367 1893 2015 1966">
     <span class='ocr_line' id='line_1_31' title="bbox 367 1893 2015 1966; baseline -0.001 -16"><span class='ocrx_word' id='word_1_216' title='bbox 367 1895 612 1963; x_wconf 86' lang='lat' dir='ltr'><strong>talibus,</strong></span> <span class='ocrx_word' id='word_1_217' title='bbox 638 1894 892 1962; x_wconf 86' lang='lat' dir='ltr'><strong>admitti,</strong></span> <span class='ocrx_word' id='word_1_218' title='bbox 928 1893 1134 1950; x_wconf 88' lang='lat' dir='ltr'><strong>electis</strong></span> <span class='ocrx_word' id='word_1_219' title='bbox 1167 1893 1578 1949; x_wconf 83' lang='lat' dir='ltr'><strong>tantummodo</strong></span> <span class='ocrx_word' id='word_1_220' title='bbox 1610 1893 1904 1966; x_wconf 87' lang='lat' dir='ltr'><strong>contingit</strong></span> <span class='ocrx_word' id='word_1_221' title='bbox 1925 1893 2015 1948; x_wconf 89' lang='lat' dir='ltr'><strong>ho-</strong></span> 
     </span>
    </p>
   </div>
   <div class='ocr_carea' id='block_1_32' title="bbox 2132 1888 3791 1989">
    <p class='ocr_par' dir='ltr' id='par_1_32' title="bbox 2140 1888 3791 1970">
     <span class='ocr_line' id='line_1_32' title="bbox 2140 1888 3791 1970; baseline -0.001 -22"><span class='ocrx_word' id='word_1_222' title='bbox 2140 1889 2867 1970; x_wconf 78' lang='grc' dir='ltr'>χωρίζόμενοιπολυειδοῦς</span> <span class='ocrx_word' id='word_1_223' title='bbox 2924 1891 3014 1946; x_wconf 79' lang='grc' dir='ltr'><strong>καὶ</strong></span> <span class='ocrx_word' id='word_1_224' title='bbox 3075 1888 3342 1954; x_wconf 80' lang='grc' dir='ltr'>σκιώδους</span> <span class='ocrx_word' id='word_1_225' title='bbox 3368 1889 3638 1964; x_wconf 77' lang='grc' dir='ltr'>πληθύος,</span> <span class='ocrx_word' id='word_1_226' title='bbox 3699 1893 3791 1947; x_wconf 86' lang='grc' dir='ltr'><strong>καὶ</strong></span> 
     </span>
    </p>
   </div>
   <div class='ocr_carea' id='block_1_33' title="bbox 371 1981 2030 2054">
    <p class='ocr_par' dir='ltr' id='par_1_33' title="bbox 371 1981 2030 2054">
     <span class='ocr_line' id='line_1_33' title="bbox 371 1981 2030 2054; baseline -0.001 -14"><span class='ocrx_word' id='word_1_227' title='bbox 371 1985 658 2053; x_wconf 87' lang='lat' dir='ltr'><strong>minibus,</strong></span> <span class='ocrx_word' id='word_1_228' title='bbox 689 2001 884 2054; x_wconf 89' lang='lat' dir='ltr'><strong>neque</strong></span> <span class='ocrx_word' id='word_1_229' title='bbox 942 2000 1077 2038; x_wconf 87' lang='lat' dir='ltr'><strong>vero</strong></span> <span class='ocrx_word' id='word_1_230' title='bbox 1139 1982 1200 2037; x_wconf 91' lang='lat' dir='ltr'><strong>id</strong></span> <span class='ocrx_word' id='word_1_231' title='bbox 1249 1999 1505 2053; x_wconf 89' lang='lat' dir='ltr'><strong>semper,</strong></span> <span class='ocrx_word' id='word_1_232' title='bbox 1559 1981 1662 2037; x_wconf 88' lang='lat' dir='ltr'><strong>sed</strong></span> <span class='ocrx_word' id='word_1_233' title='bbox 1721 1981 1958 2053; x_wconf 88' lang='lat' dir='ltr'><strong>quando</strong></span> <span class='ocrx_word' id='word_1_234' title='bbox 1995 1997 2030 2038; x_wconf 87' lang='lat' dir='ltr'><strong>a</strong></span> 
     </span>
    </p>
   </div>
   <div class='ocr_carea' id='block_1_34' title="bbox 372 2071 2084 2150">
    <p class='ocr_par' dir='ltr' id='par_1_34' title="bbox 372 2071 2084 2150">
     <span class='ocr_line' id='line_1_34' title="bbox 372 2071 2084 2150; baseline -0.002 -21"><span class='ocrx_word' id='word_1_235' title='bbox 372 2075 681 2130; x_wconf 86' lang='lat' dir='ltr'><strong>turbarum</strong></span> <span class='ocrx_word' id='word_1_236' title='bbox 738 2072 1060 2144; x_wconf 86' lang='lat' dir='ltr'><strong>multiplici</strong></span> <span class='ocrx_word' id='word_1_237' title='bbox 1118 2088 1186 2128; x_wconf 87' lang='lat' dir='ltr'><strong>ac</strong></span> <span class='ocrx_word' id='word_1_238' title='bbox 1245 2071 1617 2126; x_wconf 88' lang='lat' dir='ltr'><strong>tenebricosa</strong></span> <span class='ocrx_word' id='word_1_239' title='bbox 1679 2071 2030 2126; x_wconf 87' lang='lat' dir='ltr'><strong>confusione</strong></span> <span class='ocrx_word' id='word_1_240' title='bbox 2081 2145 2084 2150; x_wconf 7' lang='grc' dir='ltr'><strong>γ</strong></span> 
     </span>
    </p>
   </div>
   <div class='ocr_carea' id='block_1_35' title="bbox 371 2160 2028 2234">
    <p class='ocr_par' dir='ltr' id='par_1_35' title="bbox 371 2160 2028 2234">
     <span class='ocr_line' id='line_1_35' title="bbox 371 2160 2028 2234; baseline -0.003 -15"><span class='ocrx_word' id='word_1_241' title='bbox 371 2167 564 2219; x_wconf 89' lang='lat' dir='ltr'><strong>semet</strong></span> <span class='ocrx_word' id='word_1_242' title='bbox 591 2162 1011 2234; x_wconf 88' lang='lat' dir='ltr'><strong>proripientes,</strong></span> <span class='ocrx_word' id='word_1_243' title='bbox 1046 2161 1276 2232; x_wconf 90' lang='lat' dir='ltr'><strong>sibique</strong></span> <span class='ocrx_word' id='word_1_244' title='bbox 1309 2161 1802 2232; x_wconf 86' lang='lat' dir='ltr'><strong>unice,quantum</strong></span> <span class='ocrx_word' id='word_1_245' title='bbox 1833 2160 2028 2231; x_wconf 90' lang='lat' dir='ltr'><strong>liceat,</strong></span> 
     </span>
    </p>
   </div>
   <div class='ocr_carea' id='block_1_36' title="bbox 365 2250 2028 2322">
    <p class='ocr_par' dir='ltr' id='par_1_36' title="bbox 365 2250 2028 2322">
     <span class='ocr_line' id='line_1_36' title="bbox 365 2250 2028 2322; baseline -0.003 -14"><span class='ocrx_word' id='word_1_246' title='bbox 365 2257 642 2308; x_wconf 87' lang='lat' dir='ltr'><strong>vacantes</strong></span> <span class='ocrx_word' id='word_1_247' title='bbox 674 2251 736 2306; x_wconf 91' lang='lat' dir='ltr'><strong>in</strong></span> <span class='ocrx_word' id='word_1_248' title='bbox 767 2250 984 2306; x_wconf 86' lang='lat' dir='ltr'><strong>divinis</strong></span> <span class='ocrx_word' id='word_1_249' title='bbox 1016 2267 1084 2306; x_wconf 90' lang='lat' dir='ltr'><strong>ac</strong></span> <span class='ocrx_word' id='word_1_250' title='bbox 1107 2250 1465 2322; x_wconf 77' lang='lat' dir='ltr'><strong>cmlestibus,</strong></span> <span class='ocrx_word' id='word_1_251' title='bbox 1501 2267 1617 2321; x_wconf 91' lang='lat' dir='ltr'><strong>quo</strong></span> <span class='ocrx_word' id='word_1_252' title='bbox 1670 2251 1874 2321; x_wconf 88' lang='lat' dir='ltr'><strong>utique</strong></span> <span class='ocrx_word' id='word_1_253' title='bbox 1905 2265 2028 2304; x_wconf 90' lang='lat' dir='ltr'><strong>non</strong></span> 
     </span>
    </p>
   </div>
   <div class='ocr_carea' id='block_1_37' title="bbox 369 2337 2024 2410">
    <p class='ocr_par' dir='ltr' id='par_1_37' title="bbox 369 2337 2024 2410">
     <span class='ocr_line' id='line_1_37' title="bbox 369 2337 2024 2410; baseline -0.003 -13"><span class='ocrx_word' id='word_1_254' title='bbox 369 2339 697 2398; x_wconf 87' lang='lat' dir='ltr'><strong>ascendunt</strong></span> <span class='ocrx_word' id='word_1_255' title='bbox 781 2340 990 2409; x_wconf 64' lang='lat' dir='ltr'><strong>turba,</strong></span> <span class='ocrx_word' id='word_1_256' title='bbox 1035 2339 1370 2396; x_wconf 82' lang='lat' dir='ltr'><strong>conversari</strong></span> <span class='ocrx_word' id='word_1_257' title='bbox 1417 2339 1598 2410; x_wconf 80' lang='lat' dir='ltr'><strong>probe</strong></span> <span class='ocrx_word' id='word_1_258' title='bbox 1662 2337 2024 2406; x_wconf 85' lang='lat' dir='ltr'><strong>didicerint;</strong></span> 
     </span>
    </p>
   </div>
   <div class='ocr_carea' id='block_1_38' title="bbox 371 2431 2026 2506">
    <p class='ocr_par' dir='ltr' id='par_1_38' title="bbox 371 2431 2026 2506">
     <span class='ocr_line' id='line_1_38' title="bbox 371 2431 2026 2506; baseline 0 -18"><span class='ocrx_word' id='word_1_259' title='bbox 371 2434 500 2504; x_wconf 87' lang='lat' dir='ltr'><strong>pari</strong></span> <span class='ocrx_word' id='word_1_260' title='bbox 533 2431 728 2500; x_wconf 89' lang='lat' dir='ltr'><strong>modo,</strong></span> <span class='ocrx_word' id='word_1_261' title='bbox 761 2436 828 2488; x_wconf 90' lang='lat' dir='ltr'><strong>ut</strong></span> <span class='ocrx_word' id='word_1_262' title='bbox 865 2433 1044 2488; x_wconf 89' lang='lat' dir='ltr'><strong>etiam</strong></span> <span class='ocrx_word' id='word_1_263' title='bbox 1075 2432 1136 2487; x_wconf 89' lang='lat' dir='ltr'><strong>in</strong></span> <span class='ocrx_word' id='word_1_264' title='bbox 1167 2433 1280 2488; x_wconf 90' lang='lat' dir='ltr'><strong>hoc</strong></span> <span class='ocrx_word' id='word_1_265' title='bbox 1311 2431 1724 2488; x_wconf 86' lang='lat' dir='ltr'><strong>ostenderetur</strong></span> <span class='ocrx_word' id='word_1_266' title='bbox 1771 2433 2026 2506; x_wconf 82' lang='lat' dir='ltr'><strong>Virginis</strong></span> 
     </span>
    </p>
   </div>
   <div class='ocr_carea' id='block_1_39' title="bbox 2145 1978 3795 2059">
    <p class='ocr_par' dir='ltr' id='par_1_39' title="bbox 2145 1978 3795 2059">
     <span class='ocr_line' id='line_1_39' title="bbox 2145 1978 3795 2059; baseline -0.002 -19"><span class='ocrx_word' id='word_1_267' title='bbox 2145 1985 2357 2059; x_wconf 87' lang='grc' dir='ltr'>μόνοις,</span> <span class='ocrx_word' id='word_1_268' title='bbox 2387 1985 2460 2047; x_wconf 85' lang='grc' dir='ltr'>ὡς</span> <span class='ocrx_word' id='word_1_269' title='bbox 2485 1983 2602 2039; x_wconf 79' lang='grc' dir='ltr'>οἷόν</span> <span class='ocrx_word' id='word_1_270' title='bbox 2635 1981 2694 2038; x_wconf 78' lang='grc' dir='ltr'>τέ</span> <span class='ocrx_word' id='word_1_271' title='bbox 2724 1983 2889 2050; x_wconf 80' lang='grc' dir='ltr'>ἐστιν,</span> <span class='ocrx_word' id='word_1_272' title='bbox 2950 1983 3163 2043; x_wconf 71' lang='grc' dir='ltr'>ἑαυτοῖς</span> <span class='ocrx_word' id='word_1_273' title='bbox 3227 1980 3496 2050; x_wconf 82' lang='grc' dir='ltr'>συνόντες,</span> <span class='ocrx_word' id='word_1_274' title='bbox 3529 1980 3586 2036; x_wconf 72' lang='grc' dir='ltr'>εὖ</span> <span class='ocrx_word' id='word_1_275' title='bbox 3617 1978 3795 2058; x_wconf 74' lang='grc' dir='ltr'>ἔχωσι</span> 
     </span>
    </p>
   </div>
   <div class='ocr_carea' id='block_1_40' title="bbox 2137 2067 3792 2148">
    <p class='ocr_par' dir='ltr' id='par_1_40' title="bbox 2137 2067 3792 2148">
     <span class='ocr_line' id='line_1_40' title="bbox 2137 2067 3792 2148; baseline -0.008 -18"><span class='ocrx_word' id='word_1_276' title='bbox 2137 2080 2254 2136; x_wconf 86' lang='grc' dir='ltr'>τοῖς</span> <span class='ocrx_word' id='word_1_277' title='bbox 2295 2077 2460 2136; x_wconf 83' lang='grc' dir='ltr'>θείοις</span> <span class='ocrx_word' id='word_1_278' title='bbox 2495 2069 2853 2147; x_wconf 76' lang='grc' dir='ltr'>ἐνδιατρίϐειν</span> <span class='ocrx_word' id='word_1_279' title='bbox 2905 2071 2996 2126; x_wconf 84' lang='grc' dir='ltr'><strong>καὶ</strong></span> <span class='ocrx_word' id='word_1_280' title='bbox 3060 2067 3320 2146; x_wconf 77' lang='grc' dir='ltr'>ὑψηλοῖς,</span> <span class='ocrx_word' id='word_1_281' title='bbox 3353 2071 3442 2125; x_wconf 83' lang='grc' dir='ltr'><strong>καὶ</strong></span> <span class='ocrx_word' id='word_1_282' title='bbox 3503 2069 3536 2126; x_wconf 80' lang='grc' dir='ltr'>ἅ</span> <span class='ocrx_word' id='word_1_283' title='bbox 3568 2072 3645 2143; x_wconf 78' lang='grc' dir='ltr'>μὴ</span> <span class='ocrx_word' id='word_1_284' title='bbox 3682 2073 3792 2148; x_wconf 82' lang='grc' dir='ltr'><strong>βά-</strong></span> 
     </span>
    </p>
   </div>
   <div class='ocr_carea' id='block_1_41' title="bbox 2139 2157 3796 2237">
    <p class='ocr_par' dir='ltr' id='par_1_41' title="bbox 2139 2157 3796 2237">
     <span class='ocr_line' id='line_1_41' title="bbox 2139 2157 3796 2237; baseline -0.002 -17"><span class='ocrx_word' id='word_1_285' title='bbox 2139 2185 2276 2237; x_wconf 85' lang='grc' dir='ltr'>σιμα</span> <span class='ocrx_word' id='word_1_286' title='bbox 2328 2168 2446 2227; x_wconf 86' lang='grc' dir='ltr'>τοῖς</span> <span class='ocrx_word' id='word_1_287' title='bbox 2498 2160 2756 2224; x_wconf 73' lang='grc' dir='ltr'>πολλοῖςο</span> <span class='ocrx_word' id='word_1_288' title='bbox 2801 2159 2996 2230; x_wconf 71' lang='grc' dir='ltr'>οὕτως,</span> <span class='ocrx_word' id='word_1_289' title='bbox 3043 2157 3135 2214; x_wconf 73' lang='grc' dir='ltr'>’ἱνα</span> <span class='ocrx_word' id='word_1_290' title='bbox 3175 2161 3236 2214; x_wconf 87' lang='grc' dir='ltr'><strong>τὸ</strong></span> <span class='ocrx_word' id='word_1_291' title='bbox 3267 2159 3405 2233; x_wconf 85' lang='grc' dir='ltr'>πρὸς</span> <span class='ocrx_word' id='word_1_292' title='bbox 3455 2159 3584 2214; x_wconf 84' lang='grc' dir='ltr'>Θεὸν</span> <span class='ocrx_word' id='word_1_293' title='bbox 3615 2159 3796 2224; x_wconf 79' lang='grc' dir='ltr'>ἐοικὸς</span> 
     </span>
    </p>
   </div>
   <div class='ocr_carea' id='block_1_42' title="bbox 2137 2245 3796 2327">
    <p class='ocr_par' dir='ltr' id='par_1_42' title="bbox 2137 2245 3796 2327">
     <span class='ocr_line' id='line_1_42' title="bbox 2137 2245 3796 2327; baseline -0.002 -19"><span class='ocrx_word' id='word_1_294' title='bbox 2137 2253 2274 2308; x_wconf 78' lang='grc' dir='ltr'>κατὰ</span> <span class='ocrx_word' id='word_1_295' title='bbox 2299 2257 2460 2308; x_wconf 76' lang='grc' dir='ltr'>τοῦτο</span> <span class='ocrx_word' id='word_1_296' title='bbox 2497 2249 2694 2327; x_wconf 80' lang='grc' dir='ltr'>δειχθῇ</span> <span class='ocrx_word' id='word_1_297' title='bbox 2725 2257 2824 2319; x_wconf 78' lang='grc' dir='ltr'><strong>τῆς</strong></span> <span class='ocrx_word' id='word_1_298' title='bbox 2867 2249 3163 2322; x_wconf 70' lang='grc' dir='ltr'>Παρθένου,</span> <span class='ocrx_word' id='word_1_299' title='bbox 3197 2245 3280 2303; x_wconf 85' lang='grc' dir='ltr'>διὸ</span> <span class='ocrx_word' id='word_1_300' title='bbox 3327 2248 3416 2304; x_wconf 80' lang='grc' dir='ltr'><strong>καὶ</strong></span> <span class='ocrx_word' id='word_1_301' title='bbox 3465 2249 3594 2304; x_wconf 85' lang='grc' dir='ltr'>Θεὸν</span> <span class='ocrx_word' id='word_1_302' title='bbox 3625 2247 3796 2326; x_wconf 76' lang='grc' dir='ltr'>ἤνεγ-</span> 
     </span>
    </p>
   </div>
   <div class='ocr_carea' id='block_1_43' title="bbox 2135 2337 3794 2422">
    <p class='ocr_par' dir='ltr' id='par_1_43' title="bbox 2135 2337 3794 2422">
     <span class='ocr_line' id='line_1_43' title="bbox 2135 2337 3794 2422; baseline -0.002 -24"><span class='ocrx_word' id='word_1_303' title='bbox 2135 2363 2245 2412; x_wconf 85' lang='grc' dir='ltr'>κεν,</span> <span class='ocrx_word' id='word_1_304' title='bbox 2281 2341 2325 2398; x_wconf 81' lang='grc' dir='ltr'><strong>ὥ</strong></span> <span class='ocrx_word' id='word_1_305' title='bbox 2355 2344 2584 2422; x_wconf 74' lang='grc' dir='ltr'>φρικτοῢ</span> <span class='ocrx_word' id='word_1_306' title='bbox 2615 2339 2918 2414; x_wconf 75' lang='grc' dir='ltr'>μυστηρίου</span> <span class='ocrx_word' id='word_1_307' title='bbox 2953 2339 2966 2394; x_wconf 88' lang='lat' dir='ltr'><strong>l</strong></span> <span class='ocrx_word' id='word_1_308' title='bbox 3017 2337 3106 2393; x_wconf 84' lang='grc' dir='ltr'>καὶ</span> <span class='ocrx_word' id='word_1_309' title='bbox 3165 2337 3299 2408; x_wconf 69' lang='grc' dir='ltr'>ἅπαξ</span> <span class='ocrx_word' id='word_1_310' title='bbox 3353 2337 3420 2408; x_wconf 82' lang='grc' dir='ltr'>ἦν</span> <span class='ocrx_word' id='word_1_311' title='bbox 3479 2339 3665 2410; x_wconf 80' lang='grc' dir='ltr'>θεατή,</span> <span class='ocrx_word' id='word_1_312' title='bbox 3698 2339 3794 2394; x_wconf 84' lang='grc' dir='ltr'><strong>καὶ</strong></span> 
     </span>
    </p>
   </div>
   <div class='ocr_carea' id='block_1_44' title="bbox 2139 2431 2678 2506">
    <p class='ocr_par' dir='ltr' id='par_1_44' title="bbox 2139 2431 2678 2506">
     <span class='ocr_line' id='line_1_44' title="bbox 2139 2431 2678 2506; baseline -0.007 -20"><span class='ocrx_word' id='word_1_313' title='bbox 2139 2433 2292 2506; x_wconf 85' lang='grc' dir='ltr'>μόνῳ</span> <span class='ocrx_word' id='word_1_314' title='bbox 2311 2435 2391 2504; x_wconf 76' lang='grc' dir='ltr'><strong>τῷ</strong></span> <span class='ocrx_word' id='word_1_315' title='bbox 2421 2431 2678 2504; x_wconf 71' lang='grc' dir='ltr'><strong>ἱεράρχῃ.</strong></span> 
     </span>
    </p>
   </div>
   <div class='ocr_carea' id='block_1_45' title="bbox 379 2519 3796 2595">
    <p class='ocr_par' dir='ltr' id='par_1_45' title="bbox 379 2519 3796 2595">
     <span class='ocr_line' id='line_1_45' title="bbox 379 2519 3796 2595; baseline 0 -17"><span class='ocrx_word' id='word_1_316' title='bbox 379 2538 516 2578; x_wconf 91' lang='lat' dir='ltr'><strong>cum</strong></span> <span class='ocrx_word' id='word_1_317' title='bbox 543 2523 660 2577; x_wconf 90' lang='lat' dir='ltr'>Deo</span> <span class='ocrx_word' id='word_1_318' title='bbox 687 2521 1038 2588; x_wconf 87' lang='lat' dir='ltr'><strong>similitudo,</strong></span> <span class='ocrx_word' id='word_1_319' title='bbox 1063 2527 1306 2594; x_wconf 86' lang='lat' dir='ltr'><strong>propter</strong></span> <span class='ocrx_word' id='word_1_320' title='bbox 1336 2537 1515 2592; x_wconf 89' lang='lat' dir='ltr'><strong>quam</strong></span> <span class='ocrx_word' id='word_1_321' title='bbox 1544 2522 1602 2595; x_wconf 93' lang='grc' dir='ltr'><strong>(ο</strong></span> <span class='ocrx_word' id='word_1_322' title='bbox 1627 2522 2002 2578; x_wconf 89' lang='lat' dir='ltr'><strong>tremendum</strong></span> <span class='ocrx_word' id='word_1_323' title='bbox 2027 2523 2381 2594; x_wconf 82' lang='lat' dir='ltr'><strong>mysterium</strong></span> <span class='ocrx_word' id='word_1_324' title='bbox 2410 2521 2446 2582; x_wconf 75' lang='grc' dir='ltr'><strong>Ξ)</strong></span> <span class='ocrx_word' id='word_1_325' title='bbox 2477 2527 2535 2577; x_wconf 90' lang='lat' dir='ltr'><strong>et</strong></span> <span class='ocrx_word' id='word_1_326' title='bbox 2564 2523 2750 2577; x_wconf 92' lang='lat' dir='ltr'><strong>Deum</strong></span> <span class='ocrx_word' id='word_1_327' title='bbox 2782 2520 3048 2593; x_wconf 77' lang='lat' dir='ltr'><strong>gestavit,</strong></span> <span class='ocrx_word' id='word_1_328' title='bbox 3081 2519 3209 2592; x_wconf 86' lang='lat' dir='ltr'><strong>ipsa</strong></span> <span class='ocrx_word' id='word_1_329' title='bbox 3231 2536 3465 2592; x_wconf 89' lang='lat' dir='ltr'><strong>quoque</strong></span> <span class='ocrx_word' id='word_1_330' title='bbox 3494 2522 3680 2578; x_wconf 83' lang='lat' dir='ltr'><strong>semel</strong></span> <span class='ocrx_word' id='word_1_331' title='bbox 3731 2522 3796 2578; x_wconf 90' lang='lat' dir='ltr'><strong>in</strong></span> 
     </span>
    </p>
   </div>
   <div class='ocr_carea' id='block_1_46' title="bbox 368 2610 2264 2668">
    <p class='ocr_par' dir='ltr' id='par_1_46' title="bbox 368 2610 2264 2668">
     <span class='ocr_line' id='line_1_46' title="bbox 368 2610 2264 2668; baseline 0.001 -2"><span class='ocrx_word' id='word_1_332' title='bbox 368 2627 531 2666; x_wconf 90' lang='lat' dir='ltr'><strong>anno</strong></span> <span class='ocrx_word' id='word_1_333' title='bbox 556 2611 738 2666; x_wconf 85' lang='lat' dir='ltr'><strong>ﬁebat</strong></span> <span class='ocrx_word' id='word_1_334' title='bbox 762 2610 1014 2666; x_wconf 83' lang='lat' dir='ltr'><strong>visibilis</strong></span> <span class='ocrx_word' id='word_1_335' title='bbox 1037 2617 1094 2666; x_wconf 88' lang='lat' dir='ltr'><strong>et</strong></span> <span class='ocrx_word' id='word_1_336' title='bbox 1115 2627 1150 2666; x_wconf 92' lang='lat' dir='ltr'><strong>a</strong></span> <span class='ocrx_word' id='word_1_337' title='bbox 1171 2611 1295 2666; x_wconf 90' lang='lat' dir='ltr'><strong>solo</strong></span> <span class='ocrx_word' id='word_1_338' title='bbox 1325 2627 1559 2666; x_wconf 90' lang='lat' dir='ltr'><strong>summo</strong></span> <span class='ocrx_word' id='word_1_339' title='bbox 1601 2611 1904 2668; x_wconf 89' lang='lat' dir='ltr'><strong>sacerdote</strong></span> <span class='ocrx_word' id='word_1_340' title='bbox 1935 2611 2264 2668; x_wconf 81' lang='lat' dir='ltr'><strong>videbatur.</strong></span> 
     </span>
    </p>
   </div>
   <div class='ocr_carea' id='block_1_47' title="bbox 437 2701 2026 2773">
    <p class='ocr_par' dir='ltr' id='par_1_47' title="bbox 437 2701 2026 2773">
     <span class='ocr_line' id='line_1_47' title="bbox 437 2701 2026 2773; baseline 0.001 -18"><span class='ocrx_word' id='word_1_341' title='bbox 437 2701 628 2756; x_wconf 83' lang='lat' dir='ltr'><strong>XXVI.</strong></span> <span class='ocrx_word' id='word_1_342' title='bbox 659 2702 876 2756; x_wconf 88' lang='lat' dir='ltr'><strong>Verum</strong></span> <span class='ocrx_word' id='word_1_343' title='bbox 908 2701 1209 2758; x_wconf 86' lang='lat' dir='ltr'><strong>enimvero</strong></span> <span class='ocrx_word' id='word_1_344' title='bbox 1239 2717 1434 2772; x_wconf 91' lang='lat' dir='ltr'><strong>neque</strong></span> <span class='ocrx_word' id='word_1_345' title='bbox 1457 2701 1599 2758; x_wconf 90' lang='lat' dir='ltr'><strong>dum</strong></span> <span class='ocrx_word' id='word_1_346' title='bbox 1631 2701 1760 2773; x_wconf 87' lang='lat' dir='ltr'><strong>ipsa</strong></span> <span class='ocrx_word' id='word_1_347' title='bbox 1779 2702 2026 2773; x_wconf 85' lang='lat' dir='ltr'><strong>conspi-</strong></span> 
     </span>
    </p>
   </div>
   <div class='ocr_carea' id='block_1_48' title="bbox 369 2789 2023 2862">
    <p class='ocr_par' dir='ltr' id='par_1_48' title="bbox 369 2789 2023 2862">
     <span class='ocr_line' id='line_1_48' title="bbox 369 2789 2023 2862; baseline 0.001 -18"><span class='ocrx_word' id='word_1_348' title='bbox 369 2789 645 2845; x_wconf 89' lang='lat' dir='ltr'><strong>ciendam</strong></span> <span class='ocrx_word' id='word_1_349' title='bbox 677 2806 738 2845; x_wconf 91' lang='lat' dir='ltr'><strong>se</strong></span> <span class='ocrx_word' id='word_1_350' title='bbox 765 2789 1078 2862; x_wconf 74' lang='lat' dir='ltr'><strong>prmberet,</strong></span> <span class='ocrx_word' id='word_1_351' title='bbox 1112 2789 1402 2862; x_wconf 89' lang='lat' dir='ltr'><strong>quidquid</strong></span> <span class='ocrx_word' id='word_1_352' title='bbox 1461 2791 1522 2846; x_wconf 90' lang='lat' dir='ltr'><strong>in</strong></span> <span class='ocrx_word' id='word_1_353' title='bbox 1570 2807 1640 2846; x_wconf 85' lang='lat' dir='ltr'><strong>ea</strong></span> <span class='ocrx_word' id='word_1_354' title='bbox 1669 2795 1798 2847; x_wconf 91' lang='lat' dir='ltr'><strong>erat</strong></span> <span class='ocrx_word' id='word_1_355' title='bbox 1825 2791 2023 2846; x_wconf 81' lang='lat' dir='ltr'><strong>excel-</strong></span> 
     </span>
    </p>
   </div>
   <div class='ocr_carea' id='block_1_49' title="bbox 361 2878 2020 2951">
    <p class='ocr_par' dir='ltr' id='par_1_49' title="bbox 361 2878 2020 2951">
     <span class='ocr_line' id='line_1_49' title="bbox 361 2878 2020 2951; baseline 0.002 -18"><span class='ocrx_word' id='word_1_356' title='bbox 361 2878 1103 2950; x_wconf 70' lang='lat' dir='ltr'><strong>lentiae,comprelieiidere</strong></span> <span class='ocrx_word' id='word_1_357' title='bbox 1126 2885 1424 2951; x_wconf 90' lang='lat' dir='ltr'><strong>spectator</strong></span> <span class='ocrx_word' id='word_1_358' title='bbox 1453 2879 1698 2936; x_wconf 87' lang='lat' dir='ltr'><strong>valebat.</strong></span> <span class='ocrx_word' id='word_1_359' title='bbox 1727 2879 2020 2946; x_wconf 87' lang='lat' dir='ltr'><strong>Quemad-</strong></span> 
     </span>
    </p>
   </div>
   <div class='ocr_carea' id='block_1_50' title="bbox 358 2967 2016 3038">
    <p class='ocr_par' dir='ltr' id='par_1_50' title="bbox 358 2967 2016 3038">
     <span class='ocr_line' id='line_1_50' title="bbox 358 2967 2016 3038; baseline 0.002 -16"><span class='ocrx_word' id='word_1_360' title='bbox 358 2967 604 3023; x_wconf 90' lang='lat' dir='ltr'><strong>modum</strong></span> <span class='ocrx_word' id='word_1_361' title='bbox 633 2969 795 3024; x_wconf 90' lang='lat' dir='ltr'><strong>enim</strong></span> <span class='ocrx_word' id='word_1_362' title='bbox 828 2969 876 3024; x_wconf 91' lang='lat' dir='ltr'><strong>si</strong></span> <span class='ocrx_word' id='word_1_363' title='bbox 907 2969 1002 3024; x_wconf 90' lang='lat' dir='ltr'><strong>cui</strong></span> <span class='ocrx_word' id='word_1_364' title='bbox 1034 2985 1384 3025; x_wconf 84' lang='lat' dir='ltr'><strong>concessum</strong></span> <span class='ocrx_word' id='word_1_365' title='bbox 1415 2969 1615 3038; x_wconf 88' lang='lat' dir='ltr'><strong>fuerit,</strong></span> <span class='ocrx_word' id='word_1_366' title='bbox 1640 2975 1707 3024; x_wconf 92' lang='lat' dir='ltr'><strong>ut</strong></span> <span class='ocrx_word' id='word_1_367' title='bbox 1737 2970 1800 3024; x_wconf 90' lang='lat' dir='ltr'><strong>in</strong></span> <span class='ocrx_word' id='word_1_368' title='bbox 1827 2971 2016 3026; x_wconf 90' lang='lat' dir='ltr'><strong>Deum</strong></span> 
     </span>
    </p>
   </div>
   <div class='ocr_carea' id='block_1_51' title="bbox 357 3057 2020 3129">
    <p class='ocr_par' dir='ltr' id='par_1_51' title="bbox 357 3057 2020 3129">
     <span class='ocr_line' id='line_1_51' title="bbox 357 3057 2020 3129; baseline 0.001 -17"><span class='ocrx_word' id='word_1_369' title='bbox 357 3057 631 3112; x_wconf 87' lang='lat' dir='ltr'><strong>obtutum</strong></span> <span class='ocrx_word' id='word_1_370' title='bbox 653 3057 892 3129; x_wconf 74' lang='lat' dir='ltr'><strong>deligat,</strong></span> <span class='ocrx_word' id='word_1_371' title='bbox 915 3073 1036 3112; x_wconf 92' lang='lat' dir='ltr'><strong>non</strong></span> <span class='ocrx_word' id='word_1_372' title='bbox 1059 3057 1192 3112; x_wconf 92' lang='lat' dir='ltr'>ideo</span> <span class='ocrx_word' id='word_1_373' title='bbox 1211 3058 1414 3114; x_wconf 88' lang='lat' dir='ltr'><strong>omnia</strong></span> <span class='ocrx_word' id='word_1_374' title='bbox 1434 3074 1804 3128; x_wconf 67' lang='lat' dir='ltr'><strong>quaecunque</strong></span> <span class='ocrx_word' id='word_1_375' title='bbox 1821 3058 1882 3112; x_wconf 89' lang='lat' dir='ltr'><strong>in</strong></span> <span class='ocrx_word' id='word_1_376' title='bbox 1903 3059 2020 3114; x_wconf 92' lang='lat' dir='ltr'><strong>Deo</strong></span> 
     </span>
    </p>
   </div>
   <div class='ocr_carea' id='block_1_52' title="bbox 361 3145 2020 3218">
    <p class='ocr_par' dir='ltr' id='par_1_52' title="bbox 361 3145 2020 3218">
     <span class='ocr_line' id='line_1_52' title="bbox 361 3145 2020 3218; baseline 0.001 -17"><span class='ocrx_word' id='word_1_377' title='bbox 361 3145 642 3212; x_wconf 88' lang='lat' dir='ltr'><strong>sunt,iste</strong></span> <span class='ocrx_word' id='word_1_378' title='bbox 665 3146 1020 3216; x_wconf 86' lang='lat' dir='ltr'><strong>perviderit;</strong></span> <span class='ocrx_word' id='word_1_379' title='bbox 1052 3145 1212 3202; x_wconf 89' lang='lat' dir='ltr'><strong>haud</strong></span> <span class='ocrx_word' id='word_1_380' title='bbox 1251 3146 1445 3214; x_wconf 87' lang='lat' dir='ltr'><strong>aliter,</strong></span> <span class='ocrx_word' id='word_1_381' title='bbox 1479 3146 1527 3200; x_wconf 90' lang='lat' dir='ltr'><strong>si</strong></span> <span class='ocrx_word' id='word_1_382' title='bbox 1568 3146 1701 3216; x_wconf 89' lang='lat' dir='ltr'><strong>quis</strong></span> <span class='ocrx_word' id='word_1_383' title='bbox 1723 3146 2020 3218; x_wconf 80' lang='lat' dir='ltr'><strong>Virginem</strong></span> 
     </span>
    </p>
   </div>
   <div class='ocr_carea' id='block_1_53' title="bbox 363 3234 2020 3307">
    <p class='ocr_par' dir='ltr' id='par_1_53' title="bbox 363 3234 2020 3307">
     <span class='ocr_line' id='line_1_53' title="bbox 363 3234 2020 3307; baseline 0.001 -19"><span class='ocrx_word' id='word_1_384' title='bbox 363 3234 1112 3306; x_wconf 88' lang='lat' dir='ltr'><strong>intueretur,nequaquam</strong></span> <span class='ocrx_word' id='word_1_385' title='bbox 1144 3235 1239 3290; x_wconf 87' lang='lat' dir='ltr'><strong>hic</strong></span> <span class='ocrx_word' id='word_1_386' title='bbox 1270 3235 1718 3306; x_wconf 87' lang='lat' dir='ltr'><strong>assequebatur,</strong></span> <span class='ocrx_word' id='word_1_387' title='bbox 1751 3241 1818 3291; x_wconf 88' lang='lat' dir='ltr'><strong>ut</strong></span> <span class='ocrx_word' id='word_1_388' title='bbox 1843 3235 2020 3307; x_wconf 88' lang='lat' dir='ltr'><strong>quid-</strong></span> 
     </span>
    </p>
   </div>
   <div class='ocr_carea' id='block_1_54' title="bbox 2205 2695 3790 2774">
    <p class='ocr_par' dir='ltr' id='par_1_54' title="bbox 2205 2695 3790 2774">
     <span class='ocr_line' id='line_1_54' title="bbox 2205 2695 3790 2774; baseline 0.001 -19"><span class='ocrx_word' id='word_1_389' title='bbox 2205 2699 2320 2769; x_wconf 86' lang='grc' dir='ltr'><strong>Κζ’.</strong></span> <span class='ocrx_word' id='word_1_390' title='bbox 2358 2697 2513 2756; x_wconf 84' lang='grc' dir='ltr'>Ἀλλ’</span> <span class='ocrx_word' id='word_1_391' title='bbox 2543 2695 2671 2754; x_wconf 71' lang='grc' dir='ltr'>οὐδὲ</span> <span class='ocrx_word' id='word_1_392' title='bbox 2698 2719 2762 2774; x_wconf 85' lang='grc' dir='ltr'><strong>γε</strong></span> <span class='ocrx_word' id='word_1_393' title='bbox 2789 2697 2881 2754; x_wconf 84' lang='grc' dir='ltr'><strong>καὶ</strong></span> <span class='ocrx_word' id='word_1_394' title='bbox 2932 2696 3215 2774; x_wconf 77' lang='grc' dir='ltr'>ὁρωμένης</span> <span class='ocrx_word' id='word_1_395' title='bbox 3280 2703 3506 2774; x_wconf 77' lang='grc' dir='ltr'>συνορᾷν</span> <span class='ocrx_word' id='word_1_396' title='bbox 3549 2699 3695 2774; x_wconf 80' lang='grc' dir='ltr'>εἶχεν</span> <span class='ocrx_word' id='word_1_397' title='bbox 3757 2699 3790 2756; x_wconf 82' lang='grc' dir='ltr'><strong>ὃ</strong></span> 
     </span>
    </p>
   </div>
   <div class='ocr_carea' id='block_1_55' title="bbox 2135 2786 3784 2866">
    <p class='ocr_par' dir='ltr' id='par_1_55' title="bbox 2135 2786 3784 2866">
     <span class='ocr_line' id='line_1_55' title="bbox 2135 2786 3784 2866; baseline 0.001 -23"><span class='ocrx_word' id='word_1_398' title='bbox 2135 2789 2328 2858; x_wconf 74' lang='grc' dir='ltr'>θεατὴς</span> <span class='ocrx_word' id='word_1_399' title='bbox 2359 2788 2488 2844; x_wconf 79' lang='grc' dir='ltr'>ὅσον</span> <span class='ocrx_word' id='word_1_400' title='bbox 2520 2788 2582 2843; x_wconf 85' lang='grc' dir='ltr'><strong>τὸ</strong></span> <span class='ocrx_word' id='word_1_401' title='bbox 2611 2789 2728 2844; x_wconf 87' lang='grc' dir='ltr'>κατ’</span> <span class='ocrx_word' id='word_1_402' title='bbox 2784 2786 2950 2858; x_wconf 78' lang='grc' dir='ltr'>αὐτὴν</span> <span class='ocrx_word' id='word_1_403' title='bbox 3012 2787 3326 2865; x_wconf 84' lang='grc' dir='ltr'>μεγαλεῖον.</span> <span class='ocrx_word' id='word_1_404' title='bbox 3383 2789 3623 2863; x_wconf 79' lang='grc' dir='ltr'>Καθάπερ</span> <span class='ocrx_word' id='word_1_405' title='bbox 3657 2789 3784 2866; x_wconf 77' lang='grc' dir='ltr'>γὰρ,</span> 
     </span>
    </p>
   </div>
   <div class='ocr_carea' id='block_1_56' title="bbox 2133 2875 3790 2955">
    <p class='ocr_par' dir='ltr' id='par_1_56' title="bbox 2133 2875 3790 2955">
     <span class='ocr_line' id='line_1_56' title="bbox 2133 2875 3790 2955; baseline 0.001 -23"><span class='ocrx_word' id='word_1_406' title='bbox 2133 2878 2283 2950; x_wconf 83' lang='grc' dir='ltr'>ᾧτινι</span> <span class='ocrx_word' id='word_1_407' title='bbox 2343 2879 2628 2941; x_wconf 85' lang='grc' dir='ltr'>θεοπτείας</span> <span class='ocrx_word' id='word_1_408' title='bbox 2677 2883 2865 2955; x_wconf 83' lang='grc' dir='ltr'>τυχεῖν</span> <span class='ocrx_word' id='word_1_409' title='bbox 2934 2875 3225 2953; x_wconf 70' lang='grc' dir='ltr'>ἐξεγένετο,</span> <span class='ocrx_word' id='word_1_410' title='bbox 3257 2876 3320 2932; x_wconf 81' lang='grc' dir='ltr'>οὗ</span> <span class='ocrx_word' id='word_1_411' title='bbox 3370 2881 3474 2932; x_wconf 82' lang='grc' dir='ltr'><strong>πᾶν</strong></span> <span class='ocrx_word' id='word_1_412' title='bbox 3505 2877 3630 2933; x_wconf 82' lang='grc' dir='ltr'>ὅσον</span> <span class='ocrx_word' id='word_1_413' title='bbox 3659 2879 3790 2952; x_wconf 82' lang='grc' dir='ltr'>περὶ</span> 
     </span>
    </p>
   </div>
   <div class='ocr_carea' id='block_1_57' title="bbox 2131 2965 3790 3042">
    <p class='ocr_par' dir='ltr' id='par_1_57' title="bbox 2131 2965 3790 3042">
     <span class='ocr_line' id='line_1_57' title="bbox 2131 2965 3790 3042; baseline 0.001 -19"><span class='ocrx_word' id='word_1_414' title='bbox 2131 2967 2261 3024; x_wconf 85' lang='grc' dir='ltr'>Θεὸν</span> <span class='ocrx_word' id='word_1_415' title='bbox 2293 2967 2591 3039; x_wconf 79' lang='grc' dir='ltr'>ἐνενόησεν,</span> <span class='ocrx_word' id='word_1_416' title='bbox 2630 2966 2803 3030; x_wconf 68' lang='grc' dir='ltr'>οὕτως</span> <span class='ocrx_word' id='word_1_417' title='bbox 2865 2968 2965 3022; x_wconf 85' lang='grc' dir='ltr'>οὐκ</span> <span class='ocrx_word' id='word_1_418' title='bbox 3013 2967 3078 3038; x_wconf 81' lang='grc' dir='ltr'><strong>ἧν</strong></span> <span class='ocrx_word' id='word_1_419' title='bbox 3139 2965 3223 3037; x_wconf 72' lang='grc' dir='ltr'><strong>ἄν,</strong></span> <span class='ocrx_word' id='word_1_420' title='bbox 3259 2968 3338 3038; x_wconf 79' lang='grc' dir='ltr'><strong>ὃς,</strong></span> <span class='ocrx_word' id='word_1_421' title='bbox 3379 2965 3586 3037; x_wconf 78' lang='grc' dir='ltr'>ἐκείνην</span> <span class='ocrx_word' id='word_1_422' title='bbox 3612 2968 3790 3042; x_wconf 73' lang='grc' dir='ltr'>ἑωρα-</span> 
     </span>
    </p>
   </div>
   <div class='ocr_carea' id='block_1_58' title="bbox 2127 3051 3791 3133">
    <p class='ocr_par' dir='ltr' id='par_1_58' title="bbox 2127 3051 3791 3133">
     <span class='ocr_line' id='line_1_58' title="bbox 2127 3051 3791 3133; baseline -0.001 -21"><span class='ocrx_word' id='word_1_423' title='bbox 2127 3057 2258 3126; x_wconf 85' lang='grc' dir='ltr'>κὼς,</span> <span class='ocrx_word' id='word_1_424' title='bbox 2307 3057 2370 3110; x_wconf 85' lang='grc' dir='ltr'><strong>τὸ</strong></span> <span class='ocrx_word' id='word_1_425' title='bbox 2400 3057 2516 3112; x_wconf 86' lang='grc' dir='ltr'>κατ’</span> <span class='ocrx_word' id='word_1_426' title='bbox 2573 3055 2781 3127; x_wconf 78' lang='grc' dir='ltr'>ἐκείνην</span> <span class='ocrx_word' id='word_1_427' title='bbox 2837 3057 2988 3133; x_wconf 75' lang='grc' dir='ltr'>εἶχεν</span> <span class='ocrx_word' id='word_1_428' title='bbox 3063 3057 3202 3111; x_wconf 78' lang='grc' dir='ltr'>ἅπαν</span> <span class='ocrx_word' id='word_1_429' title='bbox 3233 3053 3366 3130; x_wconf 73' lang='grc' dir='ltr'>ὕψος</span> <span class='ocrx_word' id='word_1_430' title='bbox 3407 3051 3791 3124; x_wconf 77' lang='grc' dir='ltr'>καταληπτόνο</span> 
     </span>
    </p>
   </div>
   <div class='ocr_carea' id='block_1_59' title="bbox 2129 3143 3788 3225">
    <p class='ocr_par' dir='ltr' id='par_1_59' title="bbox 2129 3143 3788 3225">
     <span class='ocr_line' id='line_1_59' title="bbox 2129 3143 3788 3225; baseline 0 -25"><span class='ocrx_word' id='word_1_431' title='bbox 2129 3146 2274 3202; x_wconf 72' lang='grc' dir='ltr'>οὓτω</span> <span class='ocrx_word' id='word_1_432' title='bbox 2323 3143 2586 3225; x_wconf 77' lang='grc' dir='ltr'>γέγραφεν</span> <span class='ocrx_word' id='word_1_433' title='bbox 2645 3146 2842 3216; x_wconf 68' lang='grc' dir='ltr'>ἱαυτὴν</span> <span class='ocrx_word' id='word_1_434' title='bbox 2899 3149 2934 3216; x_wconf 80' lang='grc' dir='ltr'><strong>ἡ</strong></span> <span class='ocrx_word' id='word_1_435' title='bbox 3011 3147 3284 3220; x_wconf 72' lang='grc' dir='ltr'>Παρθενος</span> <span class='ocrx_word' id='word_1_436' title='bbox 3347 3145 3661 3220; x_wconf 85' lang='grc' dir='ltr'>χρώμασιν,</span> <span class='ocrx_word' id='word_1_437' title='bbox 3705 3145 3788 3210; x_wconf 78' lang='grc' dir='ltr'>ὡς</span> 
     </span>
    </p>
   </div>
   <div class='ocr_carea' id='block_1_60' title="bbox 2128 3229 3790 3306">
    <p class='ocr_par' dir='ltr' id='par_1_60' title="bbox 2128 3229 3790 3306">
     <span class='ocr_line' id='line_1_60' title="bbox 2128 3229 3790 3306; baseline 0.002 -18"><span class='ocrx_word' id='word_1_438' title='bbox 2128 3234 2323 3306; x_wconf 84' lang='grc' dir='ltr'>εἰπεῖν,</span> <span class='ocrx_word' id='word_1_439' title='bbox 2355 3235 2542 3299; x_wconf 84' lang='grc' dir='ltr'>θείοις·</span> <span class='ocrx_word' id='word_1_440' title='bbox 2569 3234 2712 3292; x_wconf 76' lang='grc' dir='ltr'>οὕτω</span> <span class='ocrx_word' id='word_1_441' title='bbox 2740 3235 2876 3292; x_wconf 82' lang='grc' dir='ltr'>κατὰ</span> <span class='ocrx_word' id='word_1_442' title='bbox 2907 3236 2996 3292; x_wconf 85' lang='grc' dir='ltr'><strong>τὸν</strong></span> <span class='ocrx_word' id='word_1_443' title='bbox 3029 3229 3194 3290; x_wconf 77' lang='grc' dir='ltr'>Δαϐὶδ</span> <span class='ocrx_word' id='word_1_444' title='bbox 3242 3235 3326 3290; x_wconf 75' lang='grc' dir='ltr'><strong>ἐπ’</strong></span> <span class='ocrx_word' id='word_1_445' title='bbox 3357 3234 3522 3303; x_wconf 74' lang='grc' dir='ltr'>αὐτὴν</span> <span class='ocrx_word' id='word_1_446' title='bbox 3555 3233 3790 3305; x_wconf 72' lang='grc' dir='ltr'>άληθῶς</span> 
     </span>
    </p>
   </div>
   <div class='ocr_carea' id='block_1_61' title="bbox 359 3322 2015 3412">
    <p class='ocr_par' dir='ltr' id='par_1_61' title="bbox 359 3323 2015 3397">
     <span class='ocr_line' id='line_1_61' title="bbox 359 3323 2015 3397; baseline 0.002 -19"><span class='ocrx_word' id='word_1_447' title='bbox 359 3323 506 3394; x_wconf 87' lang='lat' dir='ltr'><strong>quid</strong></span> <span class='ocrx_word' id='word_1_448' title='bbox 565 3323 819 3380; x_wconf 88' lang='lat' dir='ltr'><strong>sublime</strong></span> <span class='ocrx_word' id='word_1_449' title='bbox 866 3325 978 3396; x_wconf 90' lang='lat' dir='ltr'><strong>ipsi</strong></span> <span class='ocrx_word' id='word_1_450' title='bbox 1039 3324 1249 3392; x_wconf 88' lang='lat' dir='ltr'><strong>inerat,</strong></span> <span class='ocrx_word' id='word_1_451' title='bbox 1307 3329 1684 3397; x_wconf 90' lang='lat' dir='ltr'><strong>perspectum</strong></span> <span class='ocrx_word' id='word_1_452' title='bbox 1749 3325 2015 3382; x_wconf 88' lang='lat' dir='ltr'><strong>haberet.</strong></span> 
     </span>
    </p>
   </div>
   <div class='ocr_carea' id='block_1_62' title="bbox 2132 3322 3796 3412">
    <p class='ocr_par' dir='ltr' id='par_1_62' title="bbox 2136 3322 3796 3404">
     <span class='ocr_line' id='line_1_62' title="bbox 2136 3322 3796 3404; baseline 0.001 -27"><span class='ocrx_word' id='word_1_453' title='bbox 2136 3322 2452 3398; x_wconf 80' lang='grc' dir='ltr'>ἐσημειώθη</span> <span class='ocrx_word' id='word_1_454' title='bbox 2479 3325 2540 3380; x_wconf 86' lang='grc' dir='ltr'><strong>τὸ</strong></span> <span class='ocrx_word' id='word_1_455' title='bbox 2567 3329 2681 3404; x_wconf 62' lang='grc' dir='ltr'><strong>φῶς</strong></span> <span class='ocrx_word' id='word_1_456' title='bbox 2699 3329 2796 3380; x_wconf 78' lang='grc' dir='ltr'><strong>τοῦ</strong></span> <span class='ocrx_word' id='word_1_457' title='bbox 2821 3325 3118 3399; x_wconf 87' lang='grc' dir='ltr'>προσώπου</span> <span class='ocrx_word' id='word_1_458' title='bbox 3151 3325 3375 3400; x_wconf 85' lang='grc' dir='ltr'>Κυρίου,</span> <span class='ocrx_word' id='word_1_459' title='bbox 3437 3322 3574 3380; x_wconf 82' lang='grc' dir='ltr'>ὥστε</span> <span class='ocrx_word' id='word_1_460' title='bbox 3603 3329 3796 3404; x_wconf 75' lang='grc' dir='ltr'>σαφεῖς</span> 
     </span>
    </p>
   </div>
   <div class='ocr_carea' id='block_1_63' title="bbox 355 3411 2022 3485">
    <p class='ocr_par' dir='ltr' id='par_1_63' title="bbox 355 3411 2022 3485">
     <span class='ocr_line' id='line_1_63' title="bbox 355 3411 2022 3485; baseline 0.003 -18"><span class='ocrx_word' id='word_1_461' title='bbox 355 3411 516 3467; x_wconf 81' lang='lat' dir='ltr'><strong>Adeo</strong></span> <span class='ocrx_word' id='word_1_462' title='bbox 547 3429 762 3484; x_wconf 90' lang='lat' dir='ltr'><strong>nempe</strong></span> <span class='ocrx_word' id='word_1_463' title='bbox 795 3415 967 3485; x_wconf 88' lang='lat' dir='ltr'><strong>Virgo</strong></span> <span class='ocrx_word' id='word_1_464' title='bbox 999 3414 1237 3484; x_wconf 87' lang='lat' dir='ltr'><strong>divinis,</strong></span> <span class='ocrx_word' id='word_1_465' title='bbox 1269 3421 1335 3470; x_wconf 93' lang='lat' dir='ltr'><strong>ut</strong></span> <span class='ocrx_word' id='word_1_466' title='bbox 1365 3415 1448 3472; x_wconf 91' lang='lat' dir='ltr'><strong>ita</strong></span> <span class='ocrx_word' id='word_1_467' title='bbox 1479 3415 1700 3484; x_wconf 87' lang='lat' dir='ltr'><strong>dicam,</strong></span> <span class='ocrx_word' id='word_1_468' title='bbox 1723 3415 2022 3472; x_wconf 89' lang='lat' dir='ltr'><strong>coloribus</strong></span> 
     </span>
    </p>
   </div>
   <div class='ocr_carea' id='block_1_64' title="bbox 2135 3413 3237 3492">
    <p class='ocr_par' dir='ltr' id='par_1_64' title="bbox 2135 3413 3237 3492">
     <span class='ocr_line' id='line_1_64' title="bbox 2135 3413 3237 3492; baseline 0.004 -24"><span class='ocrx_word' id='word_1_469' title='bbox 2135 3414 2188 3468; x_wconf 83' lang='grc' dir='ltr'>ἐν</span> <span class='ocrx_word' id='word_1_470' title='bbox 2212 3415 2372 3485; x_wconf 70' lang='grc' dir='ltr'>ἑαυτῆ</span> <span class='ocrx_word' id='word_1_471' title='bbox 2419 3417 2610 3485; x_wconf 84' lang='grc' dir='ltr'>σώζειν</span> <span class='ocrx_word' id='word_1_472' title='bbox 2643 3413 2898 3480; x_wconf 81' lang='grc' dir='ltr'>θεοειδεῖς</span> <span class='ocrx_word' id='word_1_473' title='bbox 2927 3414 3237 3492; x_wconf 79' lang='grc' dir='ltr'>ἐμφερείας.</span> 
     </span>
    </p>
   </div>
   <div class='ocr_carea' id='block_1_65' title="bbox 355 3503 3782 3578">
    <p class='ocr_par' dir='ltr' id='par_1_65' title="bbox 355 3503 3782 3578">
     <span class='ocr_line' id='line_1_65' title="bbox 355 3503 3782 3578; baseline 0.001 -20"><span class='ocrx_word' id='word_1_474' title='bbox 355 3503 736 3574; x_wconf 89' lang='lat' dir='ltr'><strong>semetipsam</strong></span> <span class='ocrx_word' id='word_1_475' title='bbox 771 3503 1087 3574; x_wconf 83' lang='lat' dir='ltr'><strong>expressit,</strong></span> <span class='ocrx_word' id='word_1_476' title='bbox 1120 3503 1290 3572; x_wconf 87' lang='lat' dir='ltr'><strong>adeo,</strong></span> <span class='ocrx_word' id='word_1_477' title='bbox 1313 3504 1490 3576; x_wconf 83' lang='lat' dir='ltr'><strong>juxta</strong></span> <span class='ocrx_word' id='word_1_478' title='bbox 1521 3504 1672 3561; x_wconf 91' lang='lat' dir='ltr'><strong>illud</strong></span> <span class='ocrx_word' id='word_1_479' title='bbox 1701 3505 1936 3561; x_wconf 82' lang='lat' dir='ltr'><strong>Davidis</strong></span> <span class='ocrx_word' id='word_1_480' title='bbox 1967 3504 2034 3574; x_wconf 84' lang='grc'><strong>⁴³,</strong></span> <span class='ocrx_word' id='word_1_481' title='bbox 2068 3507 2344 3576; x_wconf 76' lang='lat' dir='ltr'><strong>signatum</strong></span> <span class='ocrx_word' id='word_1_482' title='bbox 2373 3507 2562 3575; x_wconf 80' lang='lat' dir='ltr'><strong>fuerat</strong></span> <span class='ocrx_word' id='word_1_483' title='bbox 2589 3523 2753 3578; x_wconf 82' lang='lat' dir='ltr'><strong>super</strong></span> <span class='ocrx_word' id='word_1_484' title='bbox 2807 3523 2926 3562; x_wconf 84' lang='lat' dir='ltr'><strong>eam</strong></span> <span class='ocrx_word' id='word_1_485' title='bbox 2965 3507 3144 3563; x_wconf 83' lang='lat' dir='ltr'><strong>lumen</strong></span> <span class='ocrx_word' id='word_1_486' title='bbox 3200 3506 3382 3562; x_wconf 81' lang='lat' dir='ltr'><strong>vultus</strong></span> <span class='ocrx_word' id='word_1_487' title='bbox 3437 3507 3678 3577; x_wconf 78' lang='lat' dir='ltr'><strong>Domini,</strong></span> <span class='ocrx_word' id='word_1_488' title='bbox 3715 3511 3782 3562; x_wconf 90' lang='lat' dir='ltr'><strong>ut</strong></span> 
     </span>
    </p>
   </div>
   <div class='ocr_carea' id='block_1_66' title="bbox 359 3591 2020 3666">
    <p class='ocr_par' dir='ltr' id='par_1_66' title="bbox 359 3591 2020 3666">
     <span class='ocr_line' id='line_1_66' title="bbox 359 3591 2020 3666; baseline 0.002 -20"><span class='ocrx_word' id='word_1_489' title='bbox 359 3591 546 3648; x_wconf 85' lang='lat' dir='ltr'><strong>vivam</strong></span> <span class='ocrx_word' id='word_1_490' title='bbox 567 3592 628 3647; x_wconf 91' lang='lat' dir='ltr'><strong>in</strong></span> <span class='ocrx_word' id='word_1_491' title='bbox 661 3609 722 3648; x_wconf 89' lang='lat' dir='ltr'><strong>se</strong></span> <span class='ocrx_word' id='word_1_492' title='bbox 747 3593 850 3648; x_wconf 91' lang='lat' dir='ltr'><strong>Dei</strong></span> <span class='ocrx_word' id='word_1_493' title='bbox 883 3594 1144 3664; x_wconf 89' lang='lat' dir='ltr'><strong>speciem</strong></span> <span class='ocrx_word' id='word_1_494' title='bbox 1175 3593 1663 3650; x_wconf 81' lang='lat' dir='ltr'><strong>manifestissime</strong></span> <span class='ocrx_word' id='word_1_495' title='bbox 1693 3595 2020 3666; x_wconf 66' lang='lat' dir='ltr'><strong>praeferret.</strong></span> 
     </span>
    </p>
   </div>
   <div class='ocr_carea' id='block_1_67' title="bbox 429 3683 2009 3759">
    <p class='ocr_par' dir='ltr' id='par_1_67' title="bbox 429 3683 2009 3759">
     <span class='ocr_line' id='line_1_67' title="bbox 429 3683 2009 3759; baseline 0.003 -22"><span class='ocrx_word' id='word_1_496' title='bbox 429 3683 855 3738; x_wconf 84' lang='lat' dir='ltr'><strong>Verumtamen</strong></span> <span class='ocrx_word' id='word_1_497' title='bbox 877 3684 1113 3738; x_wconf 81' lang='lat' dir='ltr'><strong>affirmo</strong></span> <span class='ocrx_word' id='word_1_498' title='bbox 1145 3683 1410 3755; x_wconf 88' lang='lat' dir='ltr'><strong>quidem,</strong></span> <span class='ocrx_word' id='word_1_499' title='bbox 1443 3685 1630 3740; x_wconf 89' lang='lat' dir='ltr'><strong>menti</strong></span> <span class='ocrx_word' id='word_1_500' title='bbox 1677 3684 2009 3759; x_wconf 89' lang='lat' dir='ltr'><strong>incompre-</strong></span> 
     </span>
    </p>
   </div>
   <div class='ocr_carea' id='block_1_68' title="bbox 351 3772 2012 3848">
    <p class='ocr_par' dir='ltr' id='par_1_68' title="bbox 351 3772 2012 3848">
     <span class='ocr_line' id='line_1_68' title="bbox 351 3772 2012 3848; baseline 0.002 -22"><span class='ocrx_word' id='word_1_501' title='bbox 351 3772 676 3828; x_wconf 85' lang='lat' dir='ltr'><strong>hensibiles</strong></span> <span class='ocrx_word' id='word_1_502' title='bbox 691 3779 749 3828; x_wconf 90' lang='lat' dir='ltr'><strong>et</strong></span> <span class='ocrx_word' id='word_1_503' title='bbox 763 3773 1038 3830; x_wconf 69' lang='lat' dir='ltr'><strong>humana:</strong></span> <span class='ocrx_word' id='word_1_504' title='bbox 1061 3775 1275 3848; x_wconf 82' lang='lat' dir='ltr'><strong>linguae</strong></span> <span class='ocrx_word' id='word_1_505' title='bbox 1297 3776 1726 3848; x_wconf 87' lang='lat' dir='ltr'><strong>propemodum</strong></span> <span class='ocrx_word' id='word_1_506' title='bbox 1747 3776 2012 3832; x_wconf 79' lang='lat' dir='ltr'><strong>ineffabi-</strong></span> 
     </span>
    </p>
   </div>
   <div class='ocr_carea' id='block_1_69' title="bbox 353 3862 2010 3937">
    <p class='ocr_par' dir='ltr' id='par_1_69' title="bbox 353 3862 2010 3937">
     <span class='ocr_line' id='line_1_69' title="bbox 353 3862 2010 3937; baseline 0.002 -20"><span class='ocrx_word' id='word_1_507' title='bbox 353 3863 441 3917; x_wconf 90' lang='lat' dir='ltr'><strong>les</strong></span> <span class='ocrx_word' id='word_1_508' title='bbox 499 3879 566 3918; x_wconf 87' lang='lat' dir='ltr'><strong>ac</strong></span> <span class='ocrx_word' id='word_1_509' title='bbox 627 3862 866 3920; x_wconf 82' lang='lat' dir='ltr'><strong>deificas</strong></span> <span class='ocrx_word' id='word_1_510' title='bbox 913 3863 1027 3935; x_wconf 85' lang='lat' dir='ltr'><strong>ipsi</strong></span> <span class='ocrx_word' id='word_1_511' title='bbox 1087 3866 1502 3937; x_wconf 67' lang='lat' dir='ltr'><strong>praerogativas</strong></span> <span class='ocrx_word' id='word_1_512' title='bbox 1567 3866 1814 3932; x_wconf 91' lang='lat' dir='ltr'><strong>inesse;</strong></span> <span class='ocrx_word' id='word_1_513' title='bbox 1855 3865 2010 3921; x_wconf 90' lang='lat' dir='ltr'><strong>absit</strong></span> 
     </span>
    </p>
   </div>
   <div class='ocr_carea' id='block_1_70' title="bbox 350 3955 2008 4026">
    <p class='ocr_par' dir='ltr' id='par_1_70' title="bbox 350 3955 2008 4026">
     <span class='ocr_line' id='line_1_70' title="bbox 350 3955 2008 4026; baseline 0.002 -19"><span class='ocrx_word' id='word_1_514' title='bbox 350 3959 550 4008; x_wconf 86' lang='lat' dir='ltr'><strong>tamen</strong></span> <span class='ocrx_word' id='word_1_515' title='bbox 583 3957 648 4008; x_wconf 93' lang='lat' dir='ltr'><strong>ut</strong></span> <span class='ocrx_word' id='word_1_516' title='bbox 677 3971 881 4026; x_wconf 90' lang='lat' dir='ltr'><strong>parem</strong></span> <span class='ocrx_word' id='word_1_517' title='bbox 921 3971 1187 4026; x_wconf 90' lang='lat' dir='ltr'><strong>unquam</strong></span> <span class='ocrx_word' id='word_1_518' title='bbox 1219 3973 1349 4011; x_wconf 84' lang='lat' dir='ltr'><strong>eam</strong></span> <span class='ocrx_word' id='word_1_519' title='bbox 1381 3957 1498 4010; x_wconf 90' lang='lat' dir='ltr'><strong>Deo</strong></span> <span class='ocrx_word' id='word_1_520' title='bbox 1531 3955 1834 4011; x_wconf 86' lang='lat' dir='ltr'><strong>habueris.</strong></span> <span class='ocrx_word' id='word_1_521' title='bbox 1896 3955 2008 4011; x_wconf 93' lang='lat' dir='ltr'><strong>Sed</strong></span> 
     </span>
    </p>
   </div>
   <div class='ocr_carea' id='block_1_71' title="bbox 348 4042 2009 4116">
    <p class='ocr_par' dir='ltr' id='par_1_71' title="bbox 348 4042 2009 4116">
     <span class='ocr_line' id='line_1_71' title="bbox 348 4042 2009 4116; baseline 0.002 -20"><span class='ocrx_word' id='word_1_522' title='bbox 348 4042 731 4113; x_wconf 90' lang='lat' dir='ltr'><strong>purissimam</strong></span> <span class='ocrx_word' id='word_1_523' title='bbox 745 4043 908 4098; x_wconf 90' lang='lat' dir='ltr'><strong>illam</strong></span> <span class='ocrx_word' id='word_1_524' title='bbox 940 4045 1125 4099; x_wconf 92' lang='lat' dir='ltr'><strong>Deum</strong></span> <span class='ocrx_word' id='word_1_525' title='bbox 1155 4045 1362 4114; x_wconf 89' lang='lat' dir='ltr'><strong>utique</strong></span> <span class='ocrx_word' id='word_1_526' title='bbox 1397 4045 1616 4100; x_wconf 83' lang='lat' dir='ltr'><strong>dixeris</strong></span> <span class='ocrx_word' id='word_1_527' title='bbox 1641 4046 2009 4116; x_wconf 90' lang='lat' dir='ltr'><strong>proptervir-</strong></span> 
     </span>
    </p>
   </div>
   <div class='ocr_carea' id='block_1_72' title="bbox 348 4131 2010 4206">
    <p class='ocr_par' dir='ltr' id='par_1_72' title="bbox 348 4131 2010 4206">
     <span class='ocr_line' id='line_1_72' title="bbox 348 4131 2010 4206; baseline 0.004 -22"><span class='ocrx_word' id='word_1_528' title='bbox 348 4131 494 4186; x_wconf 88' lang='lat' dir='ltr'><strong>tutis</strong></span> <span class='ocrx_word' id='word_1_529' title='bbox 553 4131 682 4203; x_wconf 89' lang='lat' dir='ltr'><strong>ejus</strong></span> <span class='ocrx_word' id='word_1_530' title='bbox 741 4131 1159 4203; x_wconf 83' lang='lat' dir='ltr'><strong>eminentiam,</strong></span> <span class='ocrx_word' id='word_1_531' title='bbox 1195 4134 1242 4189; x_wconf 94' lang='lat' dir='ltr'><strong>si</strong></span> <span class='ocrx_word' id='word_1_532' title='bbox 1275 4133 1450 4189; x_wconf 90' lang='lat' dir='ltr'><strong>nobis</strong></span> <span class='ocrx_word' id='word_1_533' title='bbox 1477 4151 1607 4190; x_wconf 89' lang='lat' dir='ltr'><strong>eam</strong></span> <span class='ocrx_word' id='word_1_534' title='bbox 1637 4151 2010 4206; x_wconf 88' lang='lat' dir='ltr'><strong>comparave-</strong></span> 
     </span>
    </p>
   </div>
   <div class='ocr_carea' id='block_1_73' title="bbox 345 4219 2004 4294">
    <p class='ocr_par' dir='ltr' id='par_1_73' title="bbox 345 4219 2004 4294">
     <span class='ocr_line' id='line_1_73' title="bbox 345 4219 2004 4294; baseline 0.004 -21"><span class='ocrx_word' id='word_1_535' title='bbox 345 4219 430 4274; x_wconf 91' lang='lat' dir='ltr'><strong>ris</strong></span> <span class='ocrx_word' id='word_1_536' title='bbox 461 4219 578 4292; x_wconf 80' lang='grc'><strong>(74)</strong></span> <span class='ocrx_word' id='word_1_537' title='bbox 615 4236 628 4288; x_wconf 90' lang='grc'><strong>;</strong></span> <span class='ocrx_word' id='word_1_538' title='bbox 655 4219 704 4275; x_wconf 88' lang='lat' dir='ltr'><strong>si</strong></span> <span class='ocrx_word' id='word_1_539' title='bbox 734 4237 874 4276; x_wconf 88' lang='lat' dir='ltr'><strong>vero</strong></span> <span class='ocrx_word' id='word_1_540' title='bbox 907 4222 1182 4279; x_wconf 91' lang='lat' dir='ltr'><strong>eamdem</strong></span> <span class='ocrx_word' id='word_1_541' title='bbox 1214 4239 1352 4279; x_wconf 88' lang='lat' dir='ltr'><strong>cum</strong></span> <span class='ocrx_word' id='word_1_542' title='bbox 1383 4226 1502 4280; x_wconf 89' lang='lat' dir='ltr'><strong>Deo</strong></span> <span class='ocrx_word' id='word_1_543' title='bbox 1543 4224 1838 4293; x_wconf 85' lang='lat' dir='ltr'><strong>conferas,</strong></span> <span class='ocrx_word' id='word_1_544' title='bbox 1869 4225 2004 4294; x_wconf 87' lang='lat' dir='ltr'><strong>hoc,</strong></span> 
     </span>
    </p>
   </div>
   <div class='ocr_carea' id='block_1_74' title="bbox 357 4309 2004 4386">
    <p class='ocr_par' dir='ltr' id='par_1_74' title="bbox 357 4309 2004 4386">
     <span class='ocr_line' id='line_1_74' title="bbox 357 4309 2004 4386; baseline 0.003 -23"><span class='ocrx_word' id='word_1_545' title='bbox 357 4309 517 4380; x_wconf 92' lang='lat' dir='ltr'><strong>quod</strong></span> <span class='ocrx_word' id='word_1_546' title='bbox 547 4325 611 4363; x_wconf 90' lang='lat' dir='ltr'><strong>re</strong></span> <span class='ocrx_word' id='word_1_547' title='bbox 641 4309 771 4381; x_wconf 89' lang='lat' dir='ltr'><strong>ipsa</strong></span> <span class='ocrx_word' id='word_1_548' title='bbox 801 4315 910 4378; x_wconf 90' lang='lat' dir='ltr'><strong>est,</strong></span> <span class='ocrx_word' id='word_1_549' title='bbox 935 4312 1109 4384; x_wconf 85' lang='lat' dir='ltr'><strong>Virgo</strong></span> <span class='ocrx_word' id='word_1_550' title='bbox 1152 4315 1511 4384; x_wconf 89' lang='lat' dir='ltr'><strong>apparuerit,</strong></span> <span class='ocrx_word' id='word_1_551' title='bbox 1563 4329 1774 4386; x_wconf 89' lang='lat' dir='ltr'><strong>nempe</strong></span> <span class='ocrx_word' id='word_1_552' title='bbox 1804 4315 2004 4370; x_wconf 91' lang='lat' dir='ltr'><strong>homo.</strong></span> 
     </span>
    </p>
   </div>
   <div class='ocr_carea' id='block_1_75' title="bbox 424 4398 2005 4472">
    <p class='ocr_par' dir='ltr' id='par_1_75' title="bbox 424 4398 2005 4472">
     <span class='ocr_line' id='line_1_75' title="bbox 424 4398 2005 4472; baseline 0.003 -18"><span class='ocrx_word' id='word_1_553' title='bbox 424 4398 648 4454; x_wconf 85' lang='lat' dir='ltr'><strong>XXVII.</strong></span> <span class='ocrx_word' id='word_1_554' title='bbox 679 4400 958 4456; x_wconf 83' lang='lat' dir='ltr'><strong>Attamen</strong></span> <span class='ocrx_word' id='word_1_555' title='bbox 983 4399 1294 4456; x_wconf 90' lang='lat' dir='ltr'><strong>sublimior</strong></span> <span class='ocrx_word' id='word_1_556' title='bbox 1323 4409 1434 4468; x_wconf 90' lang='lat' dir='ltr'><strong>est,</strong></span> <span class='ocrx_word' id='word_1_557' title='bbox 1467 4409 1534 4458; x_wconf 93' lang='lat' dir='ltr'><strong>ut</strong></span> <span class='ocrx_word' id='word_1_558' title='bbox 1563 4401 2005 4472; x_wconf 82' lang='lat' dir='ltr'><strong>dixi,universis</strong></span> 
     </span>
    </p>
   </div>
   <div class='ocr_carea' id='block_1_76' title="bbox 353 4488 2005 4557">
    <p class='ocr_par' dir='ltr' id='par_1_76' title="bbox 353 4488 2005 4557">
     <span class='ocr_line' id='line_1_76' title="bbox 353 4488 2005 4557; baseline 0.004 -15"><span class='ocrx_word' id='word_1_559' title='bbox 353 4488 681 4557; x_wconf 86' lang='lat' dir='ltr'><strong>creaturis;</strong></span> <span class='ocrx_word' id='word_1_560' title='bbox 717 4495 775 4545; x_wconf 91' lang='lat' dir='ltr'><strong>et</strong></span> <span class='ocrx_word' id='word_1_561' title='bbox 803 4489 977 4546; x_wconf 85' lang='lat' dir='ltr'><strong>facile</strong></span> <span class='ocrx_word' id='word_1_562' title='bbox 1007 4506 1076 4546; x_wconf 90' lang='lat' dir='ltr'><strong>ac</strong></span> <span class='ocrx_word' id='word_1_563' title='bbox 1110 4491 1236 4548; x_wconf 90' lang='lat' dir='ltr'><strong>sine</strong></span> <span class='ocrx_word' id='word_1_564' title='bbox 1269 4492 1505 4550; x_wconf 90' lang='lat' dir='ltr'><strong>errandi</strong></span> <span class='ocrx_word' id='word_1_565' title='bbox 1545 4497 1708 4548; x_wconf 87' lang='lat' dir='ltr'><strong>metu</strong></span> <span class='ocrx_word' id='word_1_566' title='bbox 1763 4509 2005 4548; x_wconf 89' lang='lat' dir='ltr'><strong>cernere</strong></span> 
     </span>
    </p>
   </div>
   <div class='ocr_carea' id='block_1_77' title="bbox 351 4579 2005 4652">
    <p class='ocr_par' dir='ltr' id='par_1_77' title="bbox 351 4579 2005 4652">
     <span class='ocr_line' id='line_1_77' title="bbox 351 4579 2005 4652; baseline 0.003 -19"><span class='ocrx_word' id='word_1_567' title='bbox 351 4579 651 4652; x_wconf 89' lang='lat' dir='ltr'><strong>quispiam</strong></span> <span class='ocrx_word' id='word_1_568' title='bbox 681 4581 920 4652; x_wconf 89' lang='lat' dir='ltr'><strong>poterit,</strong></span> <span class='ocrx_word' id='word_1_569' title='bbox 947 4579 1136 4651; x_wconf 90' lang='lat' dir='ltr'><strong>ipsam</strong></span> <span class='ocrx_word' id='word_1_570' title='bbox 1168 4580 1356 4635; x_wconf 86' lang='lat' dir='ltr'><strong>solam</strong></span> <span class='ocrx_word' id='word_1_571' title='bbox 1381 4581 1700 4652; x_wconf 89' lang='lat' dir='ltr'><strong>plusquam</strong></span> <span class='ocrx_word' id='word_1_572' title='bbox 1725 4599 1820 4637; x_wconf 90' lang='lat' dir='ltr'><strong>res</strong></span> <span class='ocrx_word' id='word_1_573' title='bbox 1839 4599 2005 4638; x_wconf 89' lang='lat' dir='ltr'><strong>crea-</strong></span> 
     </span>
    </p>
   </div>
   <div class='ocr_carea' id='block_1_78' title="bbox 347 4669 2000 4743">
    <p class='ocr_par' dir='ltr' id='par_1_78' title="bbox 347 4669 2000 4743">
     <span class='ocr_line' id='line_1_78' title="bbox 347 4669 2000 4743; baseline 0.004 -21"><span class='ocrx_word' id='word_1_574' title='bbox 347 4673 438 4724; x_wconf 88' lang='lat' dir='ltr'><strong>tas</strong></span> <span class='ocrx_word' id='word_1_575' title='bbox 470 4669 650 4726; x_wconf 90' lang='lat' dir='ltr'><strong>simul</strong></span> <span class='ocrx_word' id='word_1_576' title='bbox 677 4687 907 4739; x_wconf 89' lang='lat' dir='ltr'><strong>omnes,</strong></span> <span class='ocrx_word' id='word_1_577' title='bbox 941 4669 1283 4725; x_wconf 90' lang='lat' dir='ltr'><strong>hominibus</strong></span> <span class='ocrx_word' id='word_1_578' title='bbox 1315 4670 1390 4724; x_wconf 90' lang='lat' dir='ltr'><strong>ad</strong></span> <span class='ocrx_word' id='word_1_579' title='bbox 1421 4671 1522 4726; x_wconf 92' lang='lat' dir='ltr'><strong>Dei</strong></span> <span class='ocrx_word' id='word_1_580' title='bbox 1579 4671 1831 4743; x_wconf 89' lang='lat' dir='ltr'><strong>gloriam</strong></span> <span class='ocrx_word' id='word_1_581' title='bbox 1871 4689 2000 4728; x_wconf 89' lang='lat' dir='ltr'><strong>eve-</strong></span> 
     </span>
    </p>
   </div>
   <div class='ocr_carea' id='block_1_79' title="bbox 2192 3680 3776 3761">
    <p class='ocr_par' dir='ltr' id='par_1_79' title="bbox 2192 3680 3776 3761">
     <span class='ocr_line' id='line_1_79' title="bbox 2192 3680 3776 3761; baseline 0.001 -21"><span class='ocrx_word' id='word_1_582' title='bbox 2192 3680 2351 3760; x_wconf 76' lang='grc' dir='ltr'>Λέγω</span> <span class='ocrx_word' id='word_1_583' title='bbox 2397 3681 2455 3739; x_wconf 75' lang='grc' dir='ltr'><strong>δὲ</strong></span> <span class='ocrx_word' id='word_1_584' title='bbox 2502 3683 2833 3758; x_wconf 76' lang='grc' dir='ltr'>ἆπερινόητα</span> <span class='ocrx_word' id='word_1_585' title='bbox 2885 3684 2979 3757; x_wconf 77' lang='grc' dir='ltr'>μὲν</span> <span class='ocrx_word' id='word_1_586' title='bbox 3048 3683 3138 3739; x_wconf 76' lang='grc' dir='ltr'><strong>καὶ</strong></span> <span class='ocrx_word' id='word_1_587' title='bbox 3191 3685 3503 3759; x_wconf 79' lang='grc' dir='ltr'>ἂνθρώποις</span> <span class='ocrx_word' id='word_1_588' title='bbox 3577 3682 3776 3761; x_wconf 80' lang='grc' dir='ltr'>σχεδὸν</span> 
     </span>
    </p>
   </div>
   <div class='ocr_carea' id='block_1_80' title="bbox 2119 3771 3780 3852">
    <p class='ocr_par' dir='ltr' id='par_1_80' title="bbox 2119 3771 3780 3852">
     <span class='ocr_line' id='line_1_80' title="bbox 2119 3771 3780 3852; baseline 0.001 -22"><span class='ocrx_word' id='word_1_589' title='bbox 2119 3771 2365 3849; x_wconf 74' lang='grc' dir='ltr'>ἄφραστοι</span> <span class='ocrx_word' id='word_1_590' title='bbox 2425 3775 2714 3851; x_wconf 76' lang='grc' dir='ltr'>θεουργικᾶ</span> <span class='ocrx_word' id='word_1_591' title='bbox 2767 3775 2857 3830; x_wconf 82' lang='grc' dir='ltr'><strong>καὶ</strong></span> <span class='ocrx_word' id='word_1_592' title='bbox 2907 3775 3075 3848; x_wconf 83' lang='grc' dir='ltr'>ταύτῃ</span> <span class='ocrx_word' id='word_1_593' title='bbox 3129 3781 3411 3852; x_wconf 89' lang='grc' dir='ltr'>προσεῖναι</span> <span class='ocrx_word' id='word_1_594' title='bbox 3443 3773 3780 3847; x_wconf 78' lang='grc' dir='ltr'>πλεονεκτή-</span> 
     </span>
    </p>
   </div>
   <div class='ocr_carea' id='block_1_81' title="bbox 2121 3861 3776 3941">
    <p class='ocr_par' dir='ltr' id='par_1_81' title="bbox 2121 3861 3776 3941">
     <span class='ocr_line' id='line_1_81' title="bbox 2121 3861 3776 3941; baseline 0.002 -23"><span class='ocrx_word' id='word_1_595' title='bbox 2121 3885 2285 3938; x_wconf 84' lang='grc' dir='ltr'>ματα,</span> <span class='ocrx_word' id='word_1_596' title='bbox 2318 3869 2436 3937; x_wconf 83' lang='grc' dir='ltr'><strong>Θεῷ</strong></span> <span class='ocrx_word' id='word_1_597' title='bbox 2476 3861 2523 3919; x_wconf 85' lang='grc' dir='ltr'>δ’</span> <span class='ocrx_word' id='word_1_598' title='bbox 2574 3863 2625 3934; x_wconf 82' lang='grc' dir='ltr'>ἐξ</span> <span class='ocrx_word' id='word_1_599' title='bbox 2675 3862 2798 3935; x_wconf 71' lang='grc' dir='ltr'>ἴσης</span> <span class='ocrx_word' id='word_1_600' title='bbox 2857 3861 3136 3920; x_wconf 70' lang='grc' dir='ltr'>οὐδεποτεθ</span> <span class='ocrx_word' id='word_1_601' title='bbox 3195 3864 3341 3921; x_wconf 81' lang='grc' dir='ltr'>ἀλλά</span> <span class='ocrx_word' id='word_1_602' title='bbox 3395 3887 3458 3941; x_wconf 86' lang='grc' dir='ltr'><strong>γε</strong></span> <span class='ocrx_word' id='word_1_603' title='bbox 3505 3865 3641 3940; x_wconf 83' lang='grc' dir='ltr'>πρὸς</span> <span class='ocrx_word' id='word_1_604' title='bbox 3678 3865 3776 3939; x_wconf 72' lang='grc' dir='ltr'>μὲν</span> 
     </span>
    </p>
   </div>
   <div class='ocr_carea' id='block_1_82' title="bbox 2117 3950 3779 4030">
    <p class='ocr_par' dir='ltr' id='par_1_82' title="bbox 2117 3950 3779 4030">
     <span class='ocr_line' id='line_1_82' title="bbox 2117 3950 3779 4030; baseline 0.001 -22"><span class='ocrx_word' id='word_1_605' title='bbox 2117 3954 2265 4028; x_wconf 78' lang='grc' dir='ltr'>ἡμᾶς</span> <span class='ocrx_word' id='word_1_606' title='bbox 2299 3954 2428 4009; x_wconf 86' lang='grc' dir='ltr'>Θεὸν</span> <span class='ocrx_word' id='word_1_607' title='bbox 2452 3953 2513 4010; x_wconf 79' lang='grc' dir='ltr'>ἄν</span> <span class='ocrx_word' id='word_1_608' title='bbox 2547 3953 2724 4016; x_wconf 79' lang='grc' dir='ltr'>εἷ’ποις</span> <span class='ocrx_word' id='word_1_609' title='bbox 2750 3955 2852 4024; x_wconf 79' lang='grc' dir='ltr'>τὴν</span> <span class='ocrx_word' id='word_1_610' title='bbox 2882 3955 3154 4030; x_wconf 84' lang='grc' dir='ltr'>πάναγνον</span> <span class='ocrx_word' id='word_1_611' title='bbox 3185 3957 3254 4020; x_wconf 80' lang='grc' dir='ltr'>τῆ</span> <span class='ocrx_word' id='word_1_612' title='bbox 3302 3957 3422 4010; x_wconf 86' lang='grc' dir='ltr'>καθ’</span> <span class='ocrx_word' id='word_1_613' title='bbox 3463 3950 3779 4030; x_wconf 74' lang='grc' dir='ltr'>ὑπερϐολὴν</span> 
     </span>
    </p>
   </div>
   <div class='ocr_carea' id='block_1_83' title="bbox 2117 4040 3776 4120">
    <p class='ocr_par' dir='ltr' id='par_1_83' title="bbox 2117 4040 3776 4120">
     <span class='ocr_line' id='line_1_83' title="bbox 2117 4040 3776 4120; baseline 0.004 -24"><span class='ocrx_word' id='word_1_614' title='bbox 2117 4042 2284 4112; x_wconf 79' lang='grc' dir='ltr'>αὐτῆς</span> <span class='ocrx_word' id='word_1_615' title='bbox 2315 4044 2502 4118; x_wconf 78' lang='grc' dir='ltr'>ἆρετῆ,</span> <span class='ocrx_word' id='word_1_616' title='bbox 2531 4043 2670 4119; x_wconf 88' lang='grc' dir='ltr'>πρὸς</span> <span class='ocrx_word' id='word_1_617' title='bbox 2721 4040 2776 4098; x_wconf 78' lang='grc' dir='ltr'><strong>δὲ</strong></span> <span class='ocrx_word' id='word_1_618' title='bbox 2831 4043 2984 4115; x_wconf 88' lang='grc' dir='ltr'>Θεὸν,</span> <span class='ocrx_word' id='word_1_619' title='bbox 3032 4045 3179 4100; x_wconf 79' lang='grc' dir='ltr'>τοῦτ’</span> <span class='ocrx_word' id='word_1_620' title='bbox 3227 4045 3360 4100; x_wconf 78' lang='grc' dir='ltr'>αὐτὸ</span> <span class='ocrx_word' id='word_1_621' title='bbox 3413 4045 3547 4120; x_wconf 74' lang='grc' dir='ltr'>ὅπερ</span> <span class='ocrx_word' id='word_1_622' title='bbox 3603 4043 3776 4103; x_wconf 74' lang='grc' dir='ltr'>ἐστὶν·</span> 
     </span>
    </p>
   </div>
   <div class='ocr_carea' id='block_1_84' title="bbox 2115 4131 2786 4210">
    <p class='ocr_par' dir='ltr' id='par_1_84' title="bbox 2115 4131 2786 4210">
     <span class='ocr_line' id='line_1_84' title="bbox 2115 4131 2786 4210; baseline -0.001 -21"><span class='ocrx_word' id='word_1_623' title='bbox 2115 4131 2408 4210; x_wconf 72' lang='grc' dir='ltr'>ἄνθρωπος</span> <span class='ocrx_word' id='word_1_624' title='bbox 2430 4135 2465 4203; x_wconf 79' lang='grc' dir='ltr'>ἡ</span> <span class='ocrx_word' id='word_1_625' title='bbox 2492 4134 2786 4208; x_wconf 79' lang='grc' dir='ltr'>Παρθένος.</span> 
     </span>
    </p>
   </div>
   <div class='ocr_carea' id='block_1_85' title="bbox 2187 4399 3772 4482">
    <p class='ocr_par' dir='ltr' id='par_1_85' title="bbox 2187 4399 3772 4482">
     <span class='ocr_line' id='line_1_85' title="bbox 2187 4399 3772 4482; baseline 0.001 -23"><span class='ocrx_word' id='word_1_626' title='bbox 2187 4402 2304 4459; x_wconf 76' lang='lat' dir='ltr'><strong>KZ‘.</strong></span> <span class='ocrx_word' id='word_1_627' title='bbox 2361 4399 2540 4474; x_wconf 76' lang='grc' dir='ltr'>Πλὴν,</span> <span class='ocrx_word' id='word_1_628' title='bbox 2573 4401 2706 4479; x_wconf 75' lang='grc' dir='ltr'>ὅπερ</span> <span class='ocrx_word' id='word_1_629' title='bbox 2755 4401 2915 4479; x_wconf 74' lang='grc' dir='ltr'>ἔφην,</span> <span class='ocrx_word' id='word_1_630' title='bbox 2965 4403 3194 4466; x_wconf 85' lang='grc' dir='ltr'>κτίσεως</span> <span class='ocrx_word' id='word_1_631' title='bbox 3242 4403 3456 4475; x_wconf 84' lang='grc' dir='ltr'>ἁπάσης</span> <span class='ocrx_word' id='word_1_632' title='bbox 3507 4403 3772 4482; x_wconf 82' lang='grc' dir='ltr'>ὑπερκει-</span> 
     </span>
    </p>
   </div>
   <div class='ocr_carea' id='block_1_86' title="bbox 2118 4485 3774 4568">
    <p class='ocr_par' dir='ltr' id='par_1_86' title="bbox 2118 4485 3774 4568">
     <span class='ocr_line' id='line_1_86' title="bbox 2118 4485 3774 4568; baseline 0.001 -22"><span class='ocrx_word' id='word_1_633' title='bbox 2118 4490 2276 4566; x_wconf 74' lang='grc' dir='ltr'>μένη,</span> <span class='ocrx_word' id='word_1_634' title='bbox 2326 4491 2417 4548; x_wconf 85' lang='grc' dir='ltr'><strong>καὶ</strong></span> <span class='ocrx_word' id='word_1_635' title='bbox 2478 4493 2653 4566; x_wconf 62' lang='grc' dir='ltr'>μόνην</span> <span class='ocrx_word' id='word_1_636' title='bbox 2733 4485 2883 4567; x_wconf 75' lang='grc' dir='ltr'>ἔχειν</span> <span class='ocrx_word' id='word_1_637' title='bbox 2928 4489 3040 4546; x_wconf 65' lang='grc' dir='ltr'>ἴδοι</span> <span class='ocrx_word' id='word_1_638' title='bbox 3084 4512 3166 4554; x_wconf 80' lang='grc' dir='ltr'><strong>τις</strong></span> <span class='ocrx_word' id='word_1_639' title='bbox 3218 4491 3280 4547; x_wconf 73' lang='grc' dir='ltr'><strong>ἄν</strong></span> <span class='ocrx_word' id='word_1_640' title='bbox 3342 4492 3587 4568; x_wconf 80' lang='grc' dir='ltr'>ἀτεχνῶς</span> <span class='ocrx_word' id='word_1_641' title='bbox 3635 4494 3774 4568; x_wconf 89' lang='grc' dir='ltr'>πρὸς</span> 
     </span>
    </p>
   </div>
   <div class='ocr_carea' id='block_1_87' title="bbox 2115 4579 3776 4658">
    <p class='ocr_par' dir='ltr' id='par_1_87' title="bbox 2115 4579 3776 4658">
     <span class='ocr_line' id='line_1_87' title="bbox 2115 4579 3776 4658; baseline 0.001 -22"><span class='ocrx_word' id='word_1_642' title='bbox 2115 4579 2270 4653; x_wconf 76' lang='grc' dir='ltr'>δόξαν</span> <span class='ocrx_word' id='word_1_643' title='bbox 2347 4581 2498 4658; x_wconf 75' lang='grc' dir='ltr'>ἄγειν</span> <span class='ocrx_word' id='word_1_644' title='bbox 2557 4583 2872 4656; x_wconf 86' lang='grc' dir='ltr'>ἀνθρώπους</span> <span class='ocrx_word' id='word_1_645' title='bbox 2949 4586 3105 4654; x_wconf 77' lang='grc' dir='ltr'>Θεοῦ,</span> <span class='ocrx_word' id='word_1_646' title='bbox 3170 4587 3356 4656; x_wconf 89' lang='grc' dir='ltr'>μεῖζον</span> <span class='ocrx_word' id='word_1_647' title='bbox 3415 4580 3452 4652; x_wconf 80' lang='grc' dir='ltr'><strong>ἤ</strong></span> <span class='ocrx_word' id='word_1_648' title='bbox 3509 4589 3656 4638; x_wconf 82' lang='grc' dir='ltr'>πᾶσα</span> <span class='ocrx_word' id='word_1_649' title='bbox 3740 4587 3776 4654; x_wconf 74' lang='grc' dir='ltr'><strong>ἡ</strong></span> 
     </span>
    </p>
   </div>
   <div class='ocr_carea' id='block_1_88' title="bbox 2113 4669 3776 4748">
    <p class='ocr_par' dir='ltr' id='par_1_88' title="bbox 2113 4669 3776 4748">
     <span class='ocr_line' id='line_1_88' title="bbox 2113 4669 3776 4748; baseline 0.001 -22"><span class='ocrx_word' id='word_1_650' title='bbox 2113 4669 2336 4742; x_wconf 82' lang='grc' dir='ltr'>ποίησις</span> <span class='ocrx_word' id='word_1_651' title='bbox 2371 4669 2608 4728; x_wconf 72' lang='grc' dir='ltr'>δὸναται·</span> <span class='ocrx_word' id='word_1_652' title='bbox 2645 4669 2794 4747; x_wconf 77' lang='grc' dir='ltr'>ε’ἰπερ</span> <span class='ocrx_word' id='word_1_653' title='bbox 2825 4671 2932 4746; x_wconf 78' lang='grc' dir='ltr'><strong>γὰρ</strong></span> <span class='ocrx_word' id='word_1_654' title='bbox 2987 4669 3236 4748; x_wconf 79' lang='grc' dir='ltr'>ἄγγελοι,</span> <span class='ocrx_word' id='word_1_655' title='bbox 3291 4671 3518 4746; x_wconf 77' lang='grc' dir='ltr'>οὐρανός</span> <span class='ocrx_word' id='word_1_656' title='bbox 3571 4693 3632 4728; x_wconf 84' lang='grc' dir='ltr'><strong>τε</strong></span> <span class='ocrx_word' id='word_1_657' title='bbox 3683 4673 3776 4728; x_wconf 86' lang='grc' dir='ltr'><strong>καὶ</strong></span> 
     </span>
    </p>
   </div>
   <div class='ocr_carea' id='block_1_89' title="bbox 339 4755 2015 4837">
    <p class='ocr_par' dir='ltr' id='par_1_89' title="bbox 339 4755 1992 4834">
     <span class='ocr_line' id='line_1_89' title="bbox 339 4755 1992 4834; baseline 0.005 -24"><span class='ocrx_word' id='word_1_658' title='bbox 339 4755 556 4812; x_wconf 87' lang='lat' dir='ltr'><strong>hendis</strong></span> <span class='ocrx_word' id='word_1_659' title='bbox 587 4776 790 4830; x_wconf 90' lang='lat' dir='ltr'><strong>parem</strong></span> <span class='ocrx_word' id='word_1_660' title='bbox 823 4777 974 4815; x_wconf 87' lang='lat' dir='ltr'><strong>esse.</strong></span> <span class='ocrx_word' id='word_1_661' title='bbox 1016 4761 1086 4814; x_wconf 92' lang='lat' dir='ltr'><strong>Et</strong></span> <span class='ocrx_word' id='word_1_662' title='bbox 1115 4775 1256 4815; x_wconf 89' lang='lat' dir='ltr'><strong>sane</strong></span> <span class='ocrx_word' id='word_1_663' title='bbox 1287 4759 1426 4815; x_wconf 89' lang='lat' dir='ltr'><strong>licet</strong></span> <span class='ocrx_word' id='word_1_664' title='bbox 1479 4759 1552 4816; x_wconf 89' lang='lat' dir='ltr'><strong>ab</strong></span> <span class='ocrx_word' id='word_1_665' title='bbox 1592 4761 1764 4818; x_wconf 88' lang='lat' dir='ltr'><strong>initio</strong></span> <span class='ocrx_word' id='word_1_666' title='bbox 1797 4779 1992 4834; x_wconf 90' lang='lat' dir='ltr'><strong>neque</strong></span> 
     </span>
    </p>
   </div>
   <div class='ocr_carea' id='block_1_90' title="bbox 2132 4755 3780 4837">
    <p class='ocr_par' dir='ltr' id='par_1_90' title="bbox 2132 4758 3780 4837">
     <span class='ocr_line' id='line_1_90' title="bbox 2132 4758 3780 4837; baseline 0.002 -23"><span class='ocrx_word' id='word_1_667' title='bbox 2132 4758 2273 4832; x_wconf 60' lang='grc' dir='ltr'>Ξλιος</span> <span class='ocrx_word' id='word_1_668' title='bbox 2325 4761 2360 4830; x_wconf 77' lang='grc' dir='ltr'><strong>ἢ</strong></span> <span class='ocrx_word' id='word_1_669' title='bbox 2412 4761 2582 4836; x_wconf 88' lang='grc' dir='ltr'>χορὸς</span> <span class='ocrx_word' id='word_1_670' title='bbox 2661 4761 2922 4837; x_wconf 73' lang='grc' dir='ltr'>ἀστέρων,</span> <span class='ocrx_word' id='word_1_671' title='bbox 2958 4760 3051 4815; x_wconf 85' lang='grc' dir='ltr'><strong>καὶ</strong></span> <span class='ocrx_word' id='word_1_672' title='bbox 3107 4761 3179 4835; x_wconf 84' lang='grc' dir='ltr'><strong>γῆ</strong></span> <span class='ocrx_word' id='word_1_673' title='bbox 3221 4763 3312 4816; x_wconf 83' lang='grc' dir='ltr'>καὶ</span> <span class='ocrx_word' id='word_1_674' title='bbox 3363 4760 3630 4832; x_wconf 74' lang='grc' dir='ltr'>θάλασσα,</span> <span class='ocrx_word' id='word_1_675' title='bbox 3683 4763 3780 4818; x_wconf 84' lang='grc' dir='ltr'><strong>καὶ</strong></span> 
     </span>
    </p>
   </div>
   <div class='ocr_carea' id='block_1_91' title="bbox 345 4845 1998 4922">
    <p class='ocr_par' dir='ltr' id='par_1_91' title="bbox 345 4845 1998 4922">
     <span class='ocr_line' id='line_1_91' title="bbox 345 4845 1998 4922; baseline 0.006 -24"><span class='ocrx_word' id='word_1_676' title='bbox 345 4845 539 4916; x_wconf 86' lang='lat' dir='ltr'><strong>angeli</strong></span> <span class='ocrx_word' id='word_1_677' title='bbox 571 4849 706 4919; x_wconf 80' lang='lat'><strong>(75),</strong></span> <span class='ocrx_word' id='word_1_678' title='bbox 737 4864 932 4919; x_wconf 88' lang='lat' dir='ltr'><strong>neque</strong></span> <span class='ocrx_word' id='word_1_679' title='bbox 965 4848 1199 4918; x_wconf 79' lang='lat' dir='ltr'><strong>coelum,</strong></span> <span class='ocrx_word' id='word_1_680' title='bbox 1235 4865 1429 4922; x_wconf 91' lang='lat' dir='ltr'><strong>neque</strong></span> <span class='ocrx_word' id='word_1_681' title='bbox 1451 4849 1538 4906; x_wconf 90' lang='lat' dir='ltr'><strong>sol</strong></span> <span class='ocrx_word' id='word_1_682' title='bbox 1570 4855 1671 4907; x_wconf 88' lang='lat' dir='ltr'><strong>aut</strong></span> <span class='ocrx_word' id='word_1_683' title='bbox 1701 4856 1998 4910; x_wconf 88' lang='lat' dir='ltr'><strong>astrorum</strong></span> 
     </span>
    </p>
   </div>
   <div class='ocr_carea' id='block_1_92' title="bbox 458 4971 873 5042">
    <p class='ocr_par' dir='ltr' id='par_1_92' title="bbox 458 4971 873 5042">
     <span class='ocr_line' id='line_1_92' title="bbox 458 4971 873 5042; baseline 0 -14"><span class='ocrx_word' id='word_1_684' title='bbox 458 4972 503 5007; x_wconf 68' lang='grc'>⁸³</span> <span class='ocrx_word' id='word_1_685' title='bbox 527 4971 680 5028; x_wconf 88' lang='lat' dir='ltr'><strong>Psal.</strong></span> <span class='ocrx_word' id='word_1_686' title='bbox 713 4988 786 5042; x_wconf 81' lang='lat' dir='ltr'><strong>iv,</strong></span> <span class='ocrx_word' id='word_1_687' title='bbox 821 4977 873 5028; x_wconf 87' lang='lat'><strong>‘7.</strong></span> 
     </span>
    </p>
   </div>
   <div class='ocr_carea' id='block_1_93' title="bbox 2109 4845 3780 4928">
    <p class='ocr_par' dir='ltr' id='par_1_93' title="bbox 2109 4845 3780 4928">
     <span class='ocr_line' id='line_1_93' title="bbox 2109 4845 3780 4928; baseline 0.001 -23"><span class='ocrx_word' id='word_1_688' title='bbox 2109 4855 2288 4928; x_wconf 76' lang='grc' dir='ltr'>φυτῶν</span> <span class='ocrx_word' id='word_1_689' title='bbox 2322 4847 2642 4918; x_wconf 80' lang='grc' dir='ltr'>παντοδαπὴ</span> <span class='ocrx_word' id='word_1_690' title='bbox 2701 4847 2792 4904; x_wconf 83' lang='grc' dir='ltr'><strong>καὶ</strong></span> <span class='ocrx_word' id='word_1_691' title='bbox 2861 4845 3171 4923; x_wconf 76' lang='grc' dir='ltr'>παράδοξος</span> <span class='ocrx_word' id='word_1_692' title='bbox 3229 4849 3538 4925; x_wconf 79' lang='grc' dir='ltr'>ἱστουργία,</span> <span class='ocrx_word' id='word_1_693' title='bbox 3602 4853 3780 4912; x_wconf 75' lang='grc' dir='ltr'>ταῦτα</span> 
     </span>
    </p>
   </div>
   <div class='ocr_carea' id='block_1_94' title="bbox 1703 5106 2404 5170">
    <p class='ocr_par' dir='ltr' id='par_1_94' title="bbox 1703 5106 2404 5170">
     <span class='ocr_line' id='line_1_94' title="bbox 1703 5106 2404 5170; baseline -0.004 -1"><span class='ocrx_word' id='word_1_694' title='bbox 1703 5109 1850 5170; x_wconf 83' lang='lat' dir='ltr'><strong>Ant.</strong></span> <span class='ocrx_word' id='word_1_695' title='bbox 1883 5106 2183 5170; x_wconf 88' lang='lat' dir='ltr'><strong>Ballerini</strong></span> <span class='ocrx_word' id='word_1_696' title='bbox 2214 5111 2404 5168; x_wconf 63' lang='lat' dir='ltr'><strong>notae.</strong></span> 
     </span>
    </p>
   </div>
   <div class='ocr_carea' id='block_1_95' title="bbox 411 5233 2000 5324">
    <p class='ocr_par' dir='ltr' id='par_1_95' title="bbox 411 5233 2000 5324">
     <span class='ocr_line' id='line_1_95' title="bbox 411 5233 2000 5324; baseline 0.006 -36"><span class='ocrx_word' id='word_1_697' title='bbox 411 5235 528 5324; x_wconf 74' lang='grc'><strong>(74)</strong></span> <span class='ocrx_word' id='word_1_698' title='bbox 563 5233 983 5324; x_wconf 51' lang='lat' dir='ltr'><strong>Si‘inetl&#39;abiles</strong></span> <span class='ocrx_word' id='word_1_699' title='bbox 1011 5234 1262 5324; x_wconf 71' lang='lat' dir='ltr'><strong>adeoac</strong></span> <span class='ocrx_word' id='word_1_700' title='bbox 1294 5239 1479 5294; x_wconf 90' lang='lat' dir='ltr'><strong>menti</strong></span> <span class='ocrx_word' id='word_1_701' title='bbox 1511 5239 1820 5324; x_wconf 35' lang='lat' dir='ltr'><strong>impervia.</strong></span> <span class='ocrx_word' id='word_1_702' title='bbox 1845 5243 2000 5300; x_wconf 89' lang='lat' dir='ltr'><strong>cele-</strong></span> 
     </span>
    </p>
   </div>
   <div class='ocr_carea' id='block_1_96' title="bbox 344 5305 2004 5384">
    <p class='ocr_par' dir='ltr' id='par_1_96' title="bbox 344 5305 2004 5384">
     <span class='ocr_line' id='line_1_96' title="bbox 344 5305 2004 5384; baseline 0.007 -24"><span class='ocrx_word' id='word_1_703' title='bbox 344 5305 600 5384; x_wconf 86' lang='lat' dir='ltr'><strong>brantur</strong></span> <span class='ocrx_word' id='word_1_704' title='bbox 629 5307 990 5384; x_wconf 65' lang='lat' dir='ltr'><strong>beatissima}</strong></span> <span class='ocrx_word' id='word_1_705' title='bbox 1023 5305 1740 5384; x_wconf 69' lang='lat' dir='ltr'><strong>Virginispraerogativm;</strong></span> <span class='ocrx_word' id='word_1_706' title='bbox 1775 5315 1822 5370; x_wconf 91' lang='lat' dir='ltr'><strong>si</strong></span> <span class='ocrx_word' id='word_1_707' title='bbox 1847 5331 2004 5372; x_wconf 87' lang='lat' dir='ltr'><strong>com-</strong></span> 
     </span>
    </p>
   </div>
   <div class='ocr_carea' id='block_1_97' title="bbox 345 5377 1998 5457">
    <p class='ocr_par' dir='ltr' id='par_1_97' title="bbox 345 5377 1998 5457">
     <span class='ocr_line' id='line_1_97' title="bbox 345 5377 1998 5457; baseline 0.007 -25"><span class='ocrx_word' id='word_1_708' title='bbox 345 5383 556 5457; x_wconf 83' lang='lat' dir='ltr'><strong>parata</strong></span> <span class='ocrx_word' id='word_1_709' title='bbox 577 5377 652 5457; x_wconf 83' lang='lat' dir='ltr'><strong>ad</strong></span> <span class='ocrx_word' id='word_1_710' title='bbox 681 5379 944 5457; x_wconf 76' lang='lat' dir='ltr'><strong>reliquos</strong></span> <span class='ocrx_word' id='word_1_711' title='bbox 968 5377 1244 5457; x_wconf 53' lang='lat' dir='ltr'><strong>h_omi:i_ie_s</strong></span> <span class='ocrx_word' id='word_1_712' title='bbox 1293 5377 1642 5442; x_wconf 61' lang='lat' dir='ltr'><strong>Beatissima</strong></span> <span class='ocrx_word' id='word_1_713' title='bbox 1673 5377 1842 5457; x_wconf 87' lang='lat' dir='ltr'><strong>Virgo</strong></span> <span class='ocrx_word' id='word_1_714' title='bbox 1875 5387 1998 5442; x_wconf 90' lang='lat' dir='ltr'><strong>ins-</strong></span> 
     </span>
    </p>
   </div>
   <div class='ocr_carea' id='block_1_98' title="bbox 341 5451 2000 5539">
    <p class='ocr_par' dir='ltr' id='par_1_98' title="bbox 341 5451 2000 5539">
     <span class='ocr_line' id='line_1_98' title="bbox 341 5451 2000 5539; baseline 0.006 -36"><span class='ocrx_word' id='word_1_715' title='bbox 341 5455 436 5504; x_wconf 88' lang='lat' dir='ltr'><strong>tar</strong></span> <span class='ocrx_word' id='word_1_716' title='bbox 470 5451 737 5539; x_wconf 72' lang='lat' dir='ltr'><strong>numinis</strong></span> <span class='ocrx_word' id='word_1_717' title='bbox 787 5451 1061 5539; x_wconf 70' lang='lat' dir='ltr'><strong>habenda</strong></span> <span class='ocrx_word' id='word_1_718' title='bbox 1111 5452 1389 5539; x_wconf 37' lang='lat' dir='ltr'><strong>dicitur‘;</strong></span> <span class='ocrx_word' id='word_1_719' title='bbox 1433 5451 1804 5539; x_wconf 61' lang='lat' dir='ltr'><strong>praepostere</strong></span> <span class='ocrx_word' id='word_1_720' title='bbox 1843 5474 2000 5539; x_wconf 40' lang='lat' dir='ltr'><strong>.ergo</strong></span> 
     </span>
    </p>
   </div>
   <div class='ocr_carea' id='block_1_99' title="bbox 343 5525 2000 5601">
    <p class='ocr_par' dir='ltr' id='par_1_99' title="bbox 343 5525 2000 5601">
     <span class='ocr_line' id='line_1_99' title="bbox 343 5525 2000 5601; baseline 0.005 -25"><span class='ocrx_word' id='word_1_721' title='bbox 343 5527 552 5601; x_wconf 80' lang='lat' dir='ltr'><strong>agunt,</strong></span> <span class='ocrx_word' id='word_1_722' title='bbox 585 5525 686 5601; x_wconf 75' lang='lat' dir='ltr'><strong>qui</strong></span> <span class='ocrx_word' id='word_1_723' title='bbox 718 5525 1078 5601; x_wconf 72' lang='lat' dir='ltr'><strong>pertinentia</strong></span> <span class='ocrx_word' id='word_1_724' title='bbox 1092 5526 1165 5580; x_wconf 89' lang='lat' dir='ltr'><strong>ad</strong></span> <span class='ocrx_word' id='word_1_725' title='bbox 1197 5531 1412 5582; x_wconf 75' lang='lat' dir='ltr'><strong>sanctas</strong></span> <span class='ocrx_word' id='word_1_726' title='bbox 1433 5525 1688 5601; x_wconf 79' lang='lat' dir='ltr'><strong>Virginis</strong></span> <span class='ocrx_word' id='word_1_727' title='bbox 1711 5525 2000 5600; x_wconf 59' lang='lat' dir='ltr'><strong>origine&#39;m</strong></span> 
     </span>
    </p>
   </div>
   <div class='ocr_carea' id='block_1_100' title="bbox 345 5591 2001 5672">
    <p class='ocr_par' dir='ltr' id='par_1_100' title="bbox 345 5591 2001 5672">
     <span class='ocr_line' id='line_1_100' title="bbox 345 5591 2001 5672; baseline 0.007 -27"><span class='ocrx_word' id='word_1_728' title='bbox 345 5591 560 5672; x_wconf 80' lang='lat' dir='ltr'><strong>eodem</strong></span> <span class='ocrx_word' id='word_1_729' title='bbox 593 5591 790 5672; x_wconf 76' lang='lat' dir='ltr'><strong>palmo</strong></span> <span class='ocrx_word' id='word_1_730' title='bbox 819 5596 1076 5652; x_wconf 89' lang='lat' dir='ltr'><strong>dimetiri</strong></span> <span class='ocrx_word' id='word_1_731' title='bbox 1099 5605 1489 5669; x_wconf 58' lang='lat' dir='ltr'><strong>praesumunt,</strong></span> <span class='ocrx_word' id='word_1_732' title='bbox 1533 5591 1656 5672; x_wconf 68' lang='lat' dir='ltr'><strong>quo</strong></span> <span class='ocrx_word' id='word_1_733' title='bbox 1711 5591 1846 5656; x_wconf 75' lang='lat' dir='ltr'><strong>cum</strong></span> <span class='ocrx_word' id='word_1_734' title='bbox 1893 5617 2001 5658; x_wconf 71' lang='lat' dir='ltr'><strong>cm-</strong></span> 
     </span>
    </p>
   </div>
   <div class='ocr_carea' id='block_1_101' title="bbox 341 5664 1163 5724">
    <p class='ocr_par' dir='ltr' id='par_1_101' title="bbox 341 5664 1163 5724">
     <span class='ocr_line' id='line_1_101' title="bbox 341 5664 1163 5724; baseline 0.009 -7"><span class='ocrx_word' id='word_1_735' title='bbox 341 5664 488 5718; x_wconf 89' lang='lat' dir='ltr'><strong>teris</strong></span> <span class='ocrx_word' id='word_1_736' title='bbox 521 5664 863 5722; x_wconf 89' lang='lat' dir='ltr'><strong>hominibus</strong></span> <span class='ocrx_word' id='word_1_737' title='bbox 895 5664 1163 5724; x_wconf 73' lang='lat' dir='ltr'><strong>utuntur.</strong></span> 
     </span>
    </p>
   </div>
   <div class='ocr_carea' id='block_1_102' title="bbox 375 5737 2001 5818">
    <p class='ocr_par' dir='ltr' id='par_1_102' title="bbox 375 5737 2001 5818">
     <span class='ocr_line' id='line_1_102' title="bbox 375 5737 2001 5818; baseline 0.009 -31"><span class='ocrx_word' id='word_1_738' title='bbox 375 5805 386 5818; x_wconf 40' lang='grc' dir='ltr'>α</span> <span class='ocrx_word' id='word_1_739' title='bbox 420 5737 536 5818; x_wconf 44' lang='grc'><strong>(7.5)</strong></span> <span class='ocrx_word' id='word_1_740' title='bbox 568 5739 1012 5818; x_wconf 80' lang='lat' dir='ltr'><strong>Argumentatio</strong></span> <span class='ocrx_word' id='word_1_741' title='bbox 1046 5742 1304 5818; x_wconf 71' lang='lat' dir='ltr'><strong>auetoris</strong></span> <span class='ocrx_word' id='word_1_742' title='bbox 1325 5742 1704 5818; x_wconf 37' lang='lat' dir='ltr'><strong>postulatLut</strong></span> <span class='ocrx_word' id='word_1_743' title='bbox 1731 5743 2001 5800; x_wconf 87' lang='lat' dir='ltr'><strong>eminen-</strong></span> 
     </span>
    </p>
   </div>
   <div class='ocr_carea' id='block_1_103' title="bbox 347 5811 2001 5888">
    <p class='ocr_par' dir='ltr' id='par_1_103' title="bbox 347 5811 2001 5888">
     <span class='ocr_line' id='line_1_103' title="bbox 347 5811 2001 5888; baseline 0.006 -25"><span class='ocrx_word' id='word_1_744' title='bbox 347 5811 486 5864; x_wconf 88' lang='lat' dir='ltr'><strong>tiori</strong></span> <span class='ocrx_word' id='word_1_745' title='bbox 518 5811 774 5882; x_wconf 81' lang='lat' dir='ltr'><strong>quedam</strong></span> <span class='ocrx_word' id='word_1_746' title='bbox 803 5813 1034 5872; x_wconf 88' lang='lat' dir='ltr'><strong>ratione</strong></span> <span class='ocrx_word' id='word_1_747' title='bbox 1065 5811 1420 5885; x_wconf 79' lang='lat' dir='ltr'><strong>splendeant</strong></span> <span class='ocrx_word' id='word_1_748' title='bbox 1447 5815 1510 5871; x_wconf 88' lang='lat' dir='ltr'><strong>in</strong></span> <span class='ocrx_word' id='word_1_749' title='bbox 1531 5813 1802 5886; x_wconf 86' lang='lat' dir='ltr'><strong>Deipara,</strong></span> <span class='ocrx_word' id='word_1_750' title='bbox 1835 5831 2001 5888; x_wconf 71' lang='lat' dir='ltr'><strong>qum-</strong></span> 
     </span>
    </p>
   </div>
   <div class='ocr_carea' id='block_1_104' title="bbox 2109 5239 3772 5324">
    <p class='ocr_par' dir='ltr' id='par_1_104' title="bbox 2109 5239 3772 5324">
     <span class='ocr_line' id='line_1_104' title="bbox 2109 5239 3772 5324; baseline 0 -26"><span class='ocrx_word' id='word_1_751' title='bbox 2109 5257 2344 5324; x_wconf 66' lang='lat' dir='ltr'><strong>cunque</strong></span> <span class='ocrx_word' id='word_1_752' title='bbox 2374 5239 2588 5324; x_wconf 44' lang='lat' dir='ltr'><strong>gratiae.</strong></span> <span class='ocrx_word' id='word_1_753' title='bbox 2603 5255 2856 5321; x_wconf 77' lang='lat' dir='ltr'><strong>munera</strong></span> <span class='ocrx_word' id='word_1_754' title='bbox 2881 5239 3108 5321; x_wconf 79' lang='lat' dir='ltr'><strong>angelis</strong></span> <span class='ocrx_word' id='word_1_755' title='bbox 3141 5239 3358 5324; x_wconf 69' lang='lat' dir='ltr'><strong>collata</strong></span> <span class='ocrx_word' id='word_1_756' title='bbox 3387 5239 3631 5324; x_wconf 75' lang='lat' dir='ltr'><strong>fuerint.</strong></span> <span class='ocrx_word' id='word_1_757' title='bbox 3663 5242 3772 5324; x_wconf 72' lang='grc' dir='ltr'><strong>ᾼι-</strong></span> 
     </span>
    </p>
   </div>
   <div class='ocr_carea' id='block_1_105' title="bbox 2109 5311 3770 5385">
    <p class='ocr_par' dir='ltr' id='par_1_105' title="bbox 2109 5311 3770 5385">
     <span class='ocr_line' id='line_1_105' title="bbox 2109 5311 3770 5385; baseline 0 -16"><span class='ocrx_word' id='word_1_758' title='bbox 2109 5314 2210 5385; x_wconf 90' lang='lat' dir='ltr'><strong>qui</strong></span> <span class='ocrx_word' id='word_1_759' title='bbox 2241 5311 2395 5385; x_wconf 72' lang='lat' dir='ltr'><strong>illud</strong></span> <span class='ocrx_word' id='word_1_760' title='bbox 2424 5312 2647 5385; x_wconf 79' lang='lat' dir='ltr'><strong>angelis</strong></span> <span class='ocrx_word' id='word_1_761' title='bbox 2665 5328 2847 5385; x_wconf 67' lang='lat' dir='ltr'><strong>inque</strong></span> <span class='ocrx_word' id='word_1_762' title='bbox 2898 5311 2987 5367; x_wconf 62' lang='lat' dir='ltr'><strong>ac&#39;</strong></span> <span class='ocrx_word' id='word_1_763' title='bbox 3016 5312 3250 5385; x_wconf 71' lang='lat' dir='ltr'><strong>primis</strong></span> <span class='ocrx_word' id='word_1_764' title='bbox 3288 5311 3630 5368; x_wconf 88' lang='lat' dir='ltr'><strong>hominibus</strong></span> <span class='ocrx_word' id='word_1_765' title='bbox 3663 5314 3770 5369; x_wconf 91' lang='lat' dir='ltr'><strong>do-</strong></span> 
     </span>
    </p>
   </div>
   <div class='ocr_carea' id='block_1_106' title="bbox 2109 5383 3774 5465">
    <p class='ocr_par' dir='ltr' id='par_1_106' title="bbox 2109 5383 3774 5465">
     <span class='ocr_line' id='line_1_106' title="bbox 2109 5383 3774 5465; baseline 0.001 -25"><span class='ocrx_word' id='word_1_766' title='bbox 2109 5383 2255 5465; x_wconf 81' lang='lat' dir='ltr'><strong>num</strong></span> <span class='ocrx_word' id='word_1_767' title='bbox 2278 5383 2562 5465; x_wconf 68' lang='lat' dir='ltr'><strong>collatum</strong></span> <span class='ocrx_word' id='word_1_768' title='bbox 2595 5383 2728 5465; x_wconf 70' lang='lat' dir='ltr'><strong>fuit,</strong></span> <span class='ocrx_word' id='word_1_769' title='bbox 2745 5385 3104 5465; x_wconf 21' lang='lat' dir='ltr'><strong>Aut_g_ratia_m</strong></span> <span class='ocrx_word' id='word_1_770' title='bbox 3137 5384 3400 5465; x_wconf 77' lang='lat' dir='ltr'><strong>divinam</strong></span> <span class='ocrx_word' id='word_1_771' title='bbox 3423 5385 3600 5465; x_wconf 85' lang='lat' dir='ltr'><strong>simul</strong></span> <span class='ocrx_word' id='word_1_772' title='bbox 3615 5402 3774 5465; x_wconf 55' lang='lat' dir='ltr'><strong>Eum</strong></span> 
     </span>
    </p>
   </div>
   <div class='ocr_carea' id='block_1_107' title="bbox 2110 5455 3768 5530">
    <p class='ocr_par' dir='ltr' id='par_1_107' title="bbox 2110 5455 3768 5530">
     <span class='ocr_line' id='line_1_107' title="bbox 2110 5455 3768 5530; baseline 0.001 -19"><span class='ocrx_word' id='word_1_773' title='bbox 2110 5461 2378 5530; x_wconf 77' lang='lat' dir='ltr'><strong>naturaa</strong></span> <span class='ocrx_word' id='word_1_774' title='bbox 2407 5455 2527 5530; x_wconf 81' lang='lat' dir='ltr'><strong>Dei_</strong></span> <span class='ocrx_word' id='word_1_775' title='bbox 2542 5457 2797 5530; x_wconf 85' lang='lat' dir='ltr'><strong>gratuita</strong></span> <span class='ocrx_word' id='word_1_776' title='bbox 2829 5455 3188 5530; x_wconf 74' lang='lat' dir='ltr'><strong>liberalitate</strong></span> <span class='ocrx_word' id='word_1_777' title='bbox 3221 5456 3582 5530; x_wconf 84' lang='lat' dir='ltr'><strong>acciperent.</strong></span> <span class='ocrx_word' id='word_1_778' title='bbox 3615 5459 3768 5530; x_wconf 86' lang='lat' dir='ltr'><strong>Ergo</strong></span> 
     </span>
    </p>
   </div>
   <div class='ocr_carea' id='block_1_108' title="bbox 2109 5527 3772 5600">
    <p class='ocr_par' dir='ltr' id='par_1_108' title="bbox 2109 5527 3772 5600">
     <span class='ocr_line' id='line_1_108' title="bbox 2109 5527 3772 5600; baseline 0.002 -18"><span class='ocrx_word' id='word_1_779' title='bbox 2109 5528 2221 5582; x_wconf 88' lang='lat' dir='ltr'><strong>hoc</strong></span> <span class='ocrx_word' id='word_1_780' title='bbox 2253 5527 2472 5600; x_wconf 83' lang='lat' dir='ltr'><strong>donum</strong></span> <span class='ocrx_word' id='word_1_781' title='bbox 2496 5527 2762 5599; x_wconf 66' lang='lat' dir='ltr'><strong>Deiparaa</strong></span> <span class='ocrx_word' id='word_1_782' title='bbox 2793 5543 3011 5600; x_wconf 84' lang='lat' dir='ltr'><strong>negare</strong></span> <span class='ocrx_word' id='word_1_783' title='bbox 3041 5527 3208 5600; x_wconf 85' lang='lat' dir='ltr'><strong>nefas</strong></span> <span class='ocrx_word' id='word_1_784' title='bbox 3229 5533 3331 5600; x_wconf 84' lang='lat' dir='ltr'><strong>est</strong></span> <span class='ocrx_word' id='word_1_785' title='bbox 3365 5545 3378 5582; x_wconf 91' lang='lat'><strong>:</strong></span> <span class='ocrx_word' id='word_1_786' title='bbox 3409 5528 3529 5582; x_wconf 91' lang='lat' dir='ltr'><strong>imo</strong></span> <span class='ocrx_word' id='word_1_787' title='bbox 3554 5527 3772 5588; x_wconf 50' lang='lat' dir='ltr'><strong>cum&#39;et</strong></span> 
     </span>
    </p>
   </div>
   <div class='ocr_carea' id='block_1_109' title="bbox 2110 5597 3768 5682">
    <p class='ocr_par' dir='ltr' id='par_1_109' title="bbox 2110 5597 3768 5682">
     <span class='ocr_line' id='line_1_109' title="bbox 2110 5597 3768 5682; baseline -0.001 -26"><span class='ocrx_word' id='word_1_788' title='bbox 2110 5597 2968 5682; x_wconf 47' lang='lat' dir='ltr'><strong>angeliset‘protoparentilius</strong></span> <span class='ocrx_word' id='word_1_789' title='bbox 2997 5597 3342 5682; x_wconf 69' lang='lat' dir='ltr'><strong>longissime</strong></span> <span class='ocrx_word' id='word_1_790' title='bbox 3377 5600 3549 5681; x_wconf 80' lang='lat' dir='ltr'><strong>Virgo</strong></span> <span class='ocrx_word' id='word_1_791' title='bbox 3595 5617 3768 5682; x_wconf 73' lang='lat' dir='ltr'><strong>pree-</strong></span> 
     </span>
    </p>
   </div>
   <div class='ocr_carea' id='block_1_110' title="bbox 2110 5615 3770 5742">
    <p class='ocr_par' dir='ltr' id='par_1_110' title="bbox 2110 5615 3770 5742">
     <span class='ocr_line' id='line_1_110' title="bbox 2110 5615 3768 5726; baseline -0.001 -70"><span class='ocrx_word' id='word_1_792' title='bbox 2110 5615 2332 5726; x_wconf 64' lang='lat' dir='ltr'><strong>angens</strong></span> <span class='ocrx_word' id='word_1_793' title='bbox 2363 5615 2420 5654; x_wconf 74' lang='lat' dir='ltr'><strong>ei</strong></span> <span class='ocrx_word' id='word_1_794' title='bbox 2449 5615 2968 5681; x_wconf 76' lang='lat' dir='ltr'><strong>protoparentinus</strong></span> <span class='ocrx_word' id='word_1_795' title='bbox 2997 5615 3342 5680; x_wconf 67' lang='lat' dir='ltr'><strong>longissime</strong></span> <span class='ocrx_word' id='word_1_796' title='bbox 3385 5615 3549 5681; x_wconf 77' lang='lat' dir='ltr'><strong>virgo</strong></span> <span class='ocrx_word' id='word_1_797' title='bbox 3609 5617 3768 5682; x_wconf 84' lang='lat' dir='ltr'><strong>pree-</strong></span> 
     </span>
     <span class='ocr_line' id='line_1_111' title="bbox 2110 5669 3770 5742; baseline 0.002 -15"><span class='ocrx_word' id='word_1_798' title='bbox 2110 5669 2198 5727; x_wconf 91' lang='lat' dir='ltr'><strong>cel</strong></span> <span class='ocrx_word' id='word_1_799' title='bbox 2227 5670 2630 5742; x_wconf 88' lang='lat' dir='ltr'><strong>eret,uberius</strong></span> <span class='ocrx_word' id='word_1_800' title='bbox 2660 5671 2809 5727; x_wconf 91' lang='lat' dir='ltr'><strong>illud</strong></span> <span class='ocrx_word' id='word_1_801' title='bbox 2837 5670 3073 5742; x_wconf 81' lang='lat' dir='ltr'><strong>idemet</strong></span> <span class='ocrx_word' id='word_1_802' title='bbox 3103 5670 3364 5728; x_wconf 78' lang='lat' dir='ltr'><strong>nobilius</strong></span> <span class='ocrx_word' id='word_1_803' title='bbox 3394 5677 3770 5742; x_wconf 86' lang='lat' dir='ltr'><strong>impertitum</strong></span> 
     </span>
    </p>
   </div>
   <div class='ocr_carea' id='block_1_111' title="bbox 2108 5741 3150 5816">
    <p class='ocr_par' dir='ltr' id='par_1_111' title="bbox 2108 5741 3150 5816">
     <span class='ocr_line' id='line_1_112' title="bbox 2108 5741 3150 5816; baseline -0.001 -18"><span class='ocrx_word' id='word_1_804' title='bbox 2108 5742 2224 5816; x_wconf 88' lang='lat' dir='ltr'><strong>ipsi</strong></span> <span class='ocrx_word' id='word_1_805' title='bbox 2253 5742 2436 5801; x_wconf 76' lang='lat' dir='ltr'><strong>fuisse</strong></span> <span class='ocrx_word' id='word_1_806' title='bbox 2457 5741 2636 5816; x_wconf 85' lang='lat' dir='ltr'><strong>plane</strong></span> <span class='ocrx_word' id='word_1_807' title='bbox 2665 5741 3150 5800; x_wconf 84' lang='lat' dir='ltr'><strong>existimandum.</strong></span> 
     </span>
    </p>
   </div>
  </div>
