4104 6300
302 232 358 294 ιθ
1108 231 1377 293 SERMO
1419 230 1499 315 IN
1542 229 1963 293 PRESENTA

2079 232 2299 295 ONEM
2343 235 2416 296 B.
2463 233 2538 299 ν.
2585 235 2890 296 MARIIE.
3627 232 3709 296 7O

306 363 352 421 δὶ
393 365 464 439 μὴ
509 364 617 434 τὴν
671 359 904 438 πρώτην
976 361 1198 432 ὑπὲστη,
1259 359 1359 417 οὔκ
1388 357 1450 418 ἅν
1483 359 1710 418 ἔλαττον
1761 357 1800 431 ἥ
1853 366 1942 418 νῦν

2079 381 2301 436 :orona,
2335 383 2530 439 neque
2561 371 2720 424 terra
2754 383 2822 424 ac
2856 382 3044 436 mare,
3094 364 3559 440 plantarumque
3591 370 3713 423 tam

315 459 500 534 φρονεῖν
532 456 672 523 ἧκον
707 451 992 528 ἄνθρωποι
1029 455 1180 524 Θεοῦ,
1223 457 1325 521 τῆς
1383 451 1778 528 ἆπαραμίλλου
1839 451 1944 528 μό-

321 567 398 615 σης
421 544 679 622 φανείσης
708 541 1004 614 Παρθένου.

2053 455 2248 512 varius
2274 473 2342 513 ac
2379 457 2706 530 stupendus
2756 462 3004 513 ornatus
3056 457 3214 523 licet,
3271 456 3537 529 inquam,
3586 457 3716 513 haec

2056 546 2248 602 omnia
2279 547 2518 602 condita
2547 547 2619 602 ab
2652 547 2822 604 initio
2853 564 2973 603 non
3005 547 3260 603 fuissent
3283 547 3489 602 :nihilo
3514 552 3713 604 tamen

324 636 490 692 minus
523 651 710 707 quam
744 633 922 690 modo
954 633 1246 703 homines,
1269 633 1395 690 haec
1435 634 1561 690 sola
1589 634 1825 706 Virgine
1867 633 2321 707 incomparabili
2373 642 2632 707 ostensa,
2665 636 2738 692 ad
2794 636 3183 708 intelligenda
3229 653 3360 707 quae
3410 637 3514 692 Dei
3574 640 3714 692 sunt

324 726 601 798 pervenire
631 725 999 798 potuissent.

376 837 704 915 Τὰκρείττω
756 836 816 894 δὲ
878 837 1118 912 μάλιστα
1174 837 1404 916 λαμπρά
1466 839 1559 914 μὶν
1619 840 1738 905 καθ’
1798 840 1956 910 αὐτὰ,

330 929 399 984 καὶ
427 928 704 1003 θαύματος
765 928 830 984 ού
903 929 1096 1003 μικρὰν
1159 927 1381 1006 ἀφιέντα
1435 930 1644 1008 φωνήν·
1707 929 1843 1004 πρὸς
1902 926 1959 984 δὲ

332 1019 499 1094 γετῆν
530 1014 812 1093 βασιλίδα,
863 1017 899 1087 ἥ
961 1018 1049 1072 νὸν
1109 1021 1206 1073 τοῦ
1261 1019 1462 1080 παντὸς
1510 1011 1655 1074 ἔτεκε
1707 1015 1956 1094 βασιλέα,

327 1108 399 1165 καὶ
446 1109 512 1162 τὰ
569 1105 999 1162 λυσιτελέστατα
1055 1111 1184 1162 πᾶσι
1263 1107 1554 1184 παρεσχεν,
1637 1105 1750 1162 068'
1830 1108 1955 1162 ὅσον

325 1191 667 1266 ὐποϐἐϐηκεν,
759 1191 936 1253 ἔνεστι
1000 1194 1255 1252 συνιδεῖν·
1340 1197 1402 1262 ὅς
1485 1196 1531 1254 δ’
1589 1198 1642 1254 ἓν
1706 1199 1957 1273 μείζονος

325 1283 468 1361 ἔργου
499 1288 619 1351 καθ’
658 1287 943 1361 ὑπεροχὴν
975 1285 1060 1358 εἴη
1103 1283 1469 1363 δημιουργὸς,
1503 1287 1602 1343 οὐκ
1629 1287 1716 1364 ἄρ’
1745 1288 1954 1367 ἀνάγκη

322 1376 404 1432 καὶ
439 1376 591 1446 ἥττω
630 1375 853 1446 ποίησιν
886 1375 965 1438 εἷς
1017 1374 1233 1431 ἔπαινον
1288 1377 1470 1450 τούτῳ
1517 1382 1821 1453 προσεῖναι·
1878 1382 1958 1450 τῷ

317 1463 412 1542 γὰρ
450 1463 664 1540 μεγάλα
719 1469 1072 1540 τεχνουργεῖν
1113 1462 1395 1539 δυναμένῳ
1449 1466 1539 1522 καὶ
1593 1471 1702 1523 τῶν
1761 1465 1959 1546 ἐλαχί-

313 1549 604 1617 στωνᾶπας
663 1555 724 1610 ἂν
775 1554 917 1610 εἶναι
959 1555 1198 1626 ποιητὴν
1265 1558 1704 1634 συγχωρήσειεν.
1771 1563 1960 1634 Ἤρκει

313 1643 543 1714 τοίνυνὴ
577 1644 866 1720 πάναγνος,
918 1644 995 1706 ὡς
1055 1655 1294 1718 εἴρηται,
1355 1645 1519 1719 μόνη,
1578 1646 1668 1701 καὶ
1725 1642 1956 1719 μηδενὸς

316 1740 414 1791 τῶν
445 1738 692 1812 γενητῶς
727 1732 1056 1796 ὑποστάντος
1095 1734 1304 1812 ἑτέρου,
1369 1737 1470 1805 τὴν
1515 1733 1960 1814 μεγαλουργικήν

313 1830 403 1880 τοῦ
459 1827 596 1880 Θεοῦ
650 1824 940 1899 κηρύττειν
1003 1822 1180 1896 δόξαν,
1256 1823 1440 1902 ὣσπερ
1496 1823 1556 1880 ἂν
1644 1827 1691 1881 εἰ
1748 1826 1838 1882 καὶ
1897 1827 1966 1882 τὰ

319 1914 480 1971 λοιπὰ
499 1915 681 1971 πάντα
709 1921 986 1988 παρῆσαν.

2135 841 2473 898 Praesertim
2502 857 2638 897 vero
2671 857 2802 914 qum
2835 840 3158 898 nobiliores
3185 841 3247 898 in
3270 841 3558 898 creaturis
3608 841 3712 898 ha-

2068 929 2636 1002 bentur,splendidaa
2661 931 2776 986 illae
2800 931 3040 1002 quidem
3066 931 3219 986 inter
3242 932 3506 1003 reliquas
3554 937 3716 1002 sunt,

2067 1036 2136 1076 ac
2167 1037 2307 1076 voce
2339 1037 2459 1076 non
2491 1021 2655 1076 tenui
2687 1019 3105 1076 admirandam
3137 1021 3434 1076 Creatoris
3473 1021 3720 1093 gloriam

2068 1111 2510 1184 depreadicant;
2545 1117 2806 1169 attamen
2838 1112 2887 1167 si
2911 1112 2984 1168 ad
3016 1111 3457 1184 Reginam,quae
3485 1111 3716 1167 univer-

2067 1219 2270 1259 sorum
2303 1205 2522 1275 Regem
2545 1205 2865 1277 progenuit
2886 1208 3063 1276 atque
3095 1203 3394 1259 universis
3425 1217 3720 1258 summum

2069 1292 2292 1348 bonum
2351 1291 2619 1364 adduxit,
2653 1299 3090 1366 comparentur,
3123 1310 3216 1349 na:
3249 1291 3364 1348 illa;
3413 1291 3723 1359 vilescunt,

2071 1387 2358 1452 quantum
2390 1398 2502 1437 nec
2526 1384 2880 1456 cogitatione
2912 1383 3150 1455 assequi
3173 1383 3262 1439 fas
3295 1384 3590 1438 est.Porro
3620 1380 3722 1453 qui

2066 1470 2545 1541 praestantissimi
2565 1469 2869 1541 cujusdam
2883 1471 3079 1543 operis
3090 1475 3296 1527 auctor
3307 1468 3725 1536 exstiterit,hic

2066 1559 2330 1630 profecto
2355 1575 2475 1614 non
2519 1559 2766 1631 indiget,
2794 1565 2860 1614 ut
2889 1577 2962 1615 ex
2993 1559 3447 1632 ignobilioribus
3477 1558 3724 1614 facturi:

2073 1648 2184 1704 sibi
2214 1647 2423 1704 laudes
2450 1649 2754 1704 accedant.
2788 1649 2983 1704 Facile
3015 1650 3176 1704 enim
3226 1649 3478 1720 quisque
3536 1647 3722 1718 dabit,

2076 1754 2211 1793 eum
2244 1739 2344 1809 qui
2375 1755 2590 1812 magna
2619 1740 2811 1810 potuit
2835 1738 3276 1805 efficere,etiam
3309 1738 3558 1792 minima
3578 1753 3725 1807 pra:-

2077 1832 2230 1884 stare
2262 1831 2610 1900 posse.Ergo
2645 1829 2876 1884 etiamsi
2909 1828 3076 1884 nulla
3107 1828 3221 1883 alia
3251 1844 3280 1882 e
3313 1827 3527 1883 creatis
3549 1825 3725 1881 rebus

1996 1901 2043 1966 Β
2077 1920 2423 1989 exstitisset,
2451 1921 2576 1975 sola
2605 1920 2948 1991 purissima,
2979 1919 3066 1974 uti
3090 1919 3314 1974 dictum
3345 1916 3534 1987 est,ad
3567 1933 3723 1988 pras-

315 2003 628 2059 dicandam
670 2003 884 2059 divinae
916 2002 1370 2076 magnificentia
1399 2003 1670 2078 gloriam,
1696 2021 1818 2063 non
1849 2022 2018 2064 secus
2047 2023 2116 2064 ac
2142 2008 2190 2064 si
2211 2013 2272 2064 et
2299 2008 2530 2080 reliqua
2578 2010 2779 2066 omnia
2808 2009 3102 2078 adessent,
3162 2008 3511 2081 plenissime
3543 2005 3712 2064 sufﬁ-

312 2101 486 2152 ceret.

369 2212 568 2288 Γέγονε
599 2210 659 2267 δὲ
690 2210 780 2268 διὰ
809 2216 980 2280 τοῦτ’,
1010 2210 1070 2267 ἄν
1127 2214 1318 2291 φαίην.
1379 2214 1622 2283 κάκεῖνα,
1682 2211 1749 2270 ἵν’
1799 2213 1950 2278 ὅπως

304 2297 385 2371 εἴη
408 2300 642 2357 πολλῶν
695 2303 788 2356 καὶ
851 2301 1198 2372 τηλικούτων
1251 2303 1344 2357 καὶ
1403 2302 1458 2366 ἒς
1527 2302 1652 2359 ὅσον
1696 2304 1958 2378 κρείττων

304 2390 431 2462 οῧτη
466 2391 688 2470 φανείηο
720 2388 802 2447 ιἔτι
833 2389 891 2448 δὲ
919 2391 1010 2447 καὶ
1069 2394 1138 2448 ’ἐν’
1196 2391 1319 2471 ἔχοι
1353 2394 1483 2458 Θεὸς
1540 2395 1613 2448 δι’
1652 2395 1844 2465 αὐτῆς,
1877 2395 1962 2457 οἶς

309 2483 365 2535 ὃν
441 2481 910 2559 περιφκνεστὲραν
983 2484 1322 2558 χορηγήσειε
1403 2485 1503 2554 τὴν
1579 2484 1706 2560 παρ’
1773 2485 1963 2540 ἑαυτυῦ

305 2570 636 2645 ἀγαθότητασ
669 2574 737 2641 ἧς
766 2577 913 2627 πᾶσα
977 2572 1071 2645 μὶν
1131 2570 1291 2648 ἔργον
1357 2574 1393 2642 ἠ
1445 2571 1642 2645 κτίσις,
1711 2571 1848 2648 αὐτῇ
1916 2571 1962 2629 δ’

317 2656 368 2713 εἴ
393 2680 447 2712 τι
478 2662 668 2732 σεμνὸν
716 2663 864 2717 τοῦτ’
919 2659 1115 2740 εἵληιρε
1173 2660 1262 2717 διὰ
1325 2664 1425 2732 τῆς
1483 2662 1772 2739 Παρθένου·
1820 2661 1964 2719 οὕτω

321 2749 507 2814 θαῦμα
540 2753 821 2824 θαυμάτων
853 2753 888 2822 ἡ
930 2751 1256 2825 πάνσεμνος,
1291 2753 1384 2808 καὶ
1421 2758 1529 2809 τῶν
1571 2749 1742 2809 ὄντων
1790 2750 1964 2826 οὐδὲν,

321 2843 456 2895 Θεοῦ
489 2836 635 2914 δίχα,
663 2840 1234 2918 μεγαλοπρεπέστερον
1264 2844 1492 2915 ταύτης,

2142 2217 2358 2274 Verum
2387 2215 2515 2274 haec
2547 2217 2768 2274 idcirco
2800 2217 3038 2274 condita
3061 2216 3720 2290 dicerem,utapparere

2070 2311 2443 2380 posset,quot
2468 2311 2524 2362 et
2545 2307 2783 2380 quantis
2814 2312 2874 2363 et
2911 2324 3088 2380 quam
3136 2325 3348 2380 magno
3405 2305 3717 2362 intervallo

2072 2397 2202 2468 ipsa
2233 2397 2510 2453 omnibus
2542 2397 2706 2452 hisce
2737 2396 3061 2452 excelleret
3091 2397 3202 2469 (76)
3229 2415 3243 2463 ;
3284 2395 3373 2452 vel
3429 2401 3720 2468 prmterea

2074 2486 2185 2542 hac
2210 2487 2389 2542 etiam
2420 2485 2491 2542 de
2523 2491 2795 2555 causa,ut
2818 2486 2932 2542 alia
2963 2487 3257 2559 quaepiam
3301 2486 3602 2551 adessent,
3657 2483 3721 2539 in

2075 2592 2206 2648 quae
2251 2577 2408 2632 Deus
2462 2576 2745 2632 bonitatis
2801 2592 2920 2632 suae
2989 2577 3234 2632 eﬂ‘ectus
3283 2574 3722 2647 splendidiores

2075 2664 2379 2720 effundere
2429 2682 2537 2737 per
2587 2664 2857 2720 eamdem
2889 2670 3110 2737 posset.
3138 2666 3209 2719 Et
3260 2663 3440 2734 hujus
3474 2662 3718 2733 quidem

2072 2754 2357 2810 bonitatis
2390 2771 2537 2825 opus
2571 2760 2658 2809 est
2685 2753 2880 2809 omnis
2912 2769 3283 2826 quaecunque
3325 2756 3514 2806 exstat
3569 2766 3728 2806 crea~

2074 2850 2210 2903 tura
2233 2861 2246 2915 ;
2279 2862 2482 2902 verum
2499 2846 2548 2901 si
2571 2845 2714 2917 quid
2737 2846 2971 2920 augusti
2993 2847 3054 2901 in
3074 2846 3201 2918 ipsa
3229 2843 3593 2913 relucet,boc
3612 2859 3720 2915 per

311 2931 610 3004 Virginem
633 2939 906 2990 assecuta
937 2938 1062 2989 est:
1098 2934 1244 2990 adeo
1265 2934 1682 3008 augustissimo
1715 2934 1817 2993 illa
1845 2934 2202 2994 miraculum
2230 2941 2322 2994 est
2351 2935 2793 3008 miraculorum,
2829 2952 2897 2992 ac
2928 2935 3082 2992 nihil
3114 2951 3319 2992 eorum
3353 2950 3485 3006 quae
3532 2933 3721 2989 exsis-

301 3029 456 3090 tunt,
489 3031 740 3097 excepto
771 3027 912 3096 Deo,
950 3030 1043 3082 est
1071 3025 1196 3099 ipsa
1224 3027 1752 3100 magnificentius?

371 3141 504 3197 KH"
537 3140 703 3197 Ὅθεν
736 3140 781 3195 εἰ
815 3141 1037 3195 γὰκεῖνο
1068 3139 1346 3214 θαύματος
1401 3141 1462 3196 οὐ
1519 3146 1739 3218 μικροῦ,
1796 3142 1828 3198 ὅ
1866 3145 1960 3198 νῦν

2149 3145 2401 3202 XXVIII.
2435 3143 2692 3208 Proinde
2723 3142 2832 3200 etsi
2883 3142 3044 3200 haud
3100 3141 3309 3198 leviter
3363 3140 3726 3214 stupendum

298 3230 449 3302 ἡμᾶς
481 3227 757 3304 θαυμάσαι
797 3229 1070 3300 κεκίνηκε,
1137 3229 1286 3306 λέγω
1338 3227 1396 3286 δὲ
1446 3231 1545 3300 τὴν
1612 3232 1727 3287 κατ’
1785 3231 1961 3288 ἐκεῖνο

301 3325 400 3388 τῆς
430 3317 659 3388 ἡλικίας
721 3316 774 3374 ἐν
806 3323 924 3380 τοῖς
981 3316 1203 3381 ἀδύτοις
1251 3315 1554 3395 παράδοξον
1605 3317 1820 3376 ε⁹ίσοδον
1862 3327 1964 3391 τῆς

300 3409 596 3483 πανάγνου,
629 3406 761 3482 ἐμοὶ
794 3405 854 3463 δὲ
885 3407 948 3463 ού
1007 3412 1278 3464 τοσοῦτον
1331 3413 1495 3464 τοῦτο
1555 3407 1704 3465 δοκεῖ
1753 3422 1966 3484 θαυμα-

306 3498 455 3567 στὸν,
489 3496 615 3552 ὅσον
647 3499 698 3551 εἴ
730 3494 875 3568 μηδὲ
913 3498 1015 3565 τήν
1055 3497 1231 3572 ἀρχὴν
1255 3499 1404 3553 τοῦτ’
1443 3496 1705 3574 ἐγεγόνει*
1741 3499 1802 3554 ού
1837 3500 1964 3577 γὰρ,

297 3587 369 3640 τὰ
441 3588 671 3661 μέγιστα
730 3584 1148 3659 ἐνδεικνυμένου
1200 3591 1297 3641 τοῦ
1354 3583 1604 3660 δυνατοῦ,
1665 3589 1966 3661 θαυμάζειν

304 3677 445 3750 χρήο
499 3674 648 3731 ἀλλὰ
709 3675 1045 3745 τούναντίον,
1098 3675 1144 3730 εἶ
1193 3678 1348 3730 καινᾶ
1402 3677 1654 3752 πράττειν
1716 3677 1831 3748 ἐξὸν
1889 3682 1968 3751 τῷ

304 3764 545 3841 ἰσχυρῷ,
619 3767 646 3822 ὁ
679 3765 736 3822 δὲ
765 3767 868 3836 τὴν
938 3762 1109 3837 αὕτὴν
1135 3771 1252 3829 τοῖς
1301 3765 1537 3830 πολλοῖς
1591 3763 1832 3843 βαδίζειν
1880 3769 1966 3824 αῖ-

308 3861 506 3929 ρεῖται.

381 4044 531 4100 Ἐπεὶ
565 4041 619 4099 δὲ
679 4040 798 4099 οὐδ’
861 4040 947 4112 ἄν,
983 4040 1029 4097 εἳ
1084 4063 1136 4098 τι
1169 4043 1258 4098 καὶ
1309 4047 1509 4121 φαῖμεν
1539 4043 1817 4119 ἄνθρωποι
1844 4042 1969 4118 περὶ

320 4131 507 4203 αὐτῆς,
539 4134 628 4188 τὸν
663 4132 849 4187 εἰκότα
883 4129 947 4185 ἄν
977 4151 1109 4186 ποτε
1146 4129 1443 4206 πλέξαιμεν
1496 4132 1714 4206 κρότον,
1766 4129 1854 4188 ἐπὶ
1913 4129 1972 4187 δὲ

323 4225 427 4274 τῶν
491 4222 757 4298 μεγίστων
821 4223 856 4291 ἡ
922 4221 1053 4296 σιγῆ
1128 4220 1404 4295 θαύματος
1497 4221 1666 4277 ἐνίοτε
1749 4223 1972 4296 μήνυμα

318 4308 640 4382 γίνεταικαὶ
687 4314 808 4378 νῦν,
866 4309 938 4363 τὰ
993 4314 1090 4378 τῆς
1156 4309 1494 4384 ὑμνουμένης
1551 4308 1636 4365 ὅτι
1697 4309 1971 4384 θαύματος

320 4399 477 4472 πέρα,
505 4403 657 4479 σιγὴν
699 4404 851 4475 ἡμᾶς
898 4398 1160 4476 αἱρετέον.
1212 4397 1320 4471 Ε’ίη
1369 4397 1427 4455 δὲ
1480 4401 1618 4474 ἡμῖν
1660 4399 1750 4454 καὶ
1809 4401 1972 4475 φθὲγο

313 4491 496 4564 γεσθαι
553 4493 676 4566 περί
734 4492 927 4558 αὐτῆς,
987 4488 1078 4544 καὶ
1137 4493 1288 4564 σιγᾷν
1351 4486 1430 4544 ὅτ’
1484 4486 1703 4564 ἄμεινον
1754 4492 1824 4564 τῇ
1875 4495 2048 4586 τῆςῡ

311 4583 667 4652 πανυμνήτου
739 4578 806 4648 δὴ
865 4577 1072 4650 ταύτης
1142 4577 1350 4655 χάριτι,
1408 4578 1474 4649 ἥν
1570 4578 1646 4642 ὡς
1731 4577 1970 4654 ἄγκυραν

311 4661 519 4742 ἔχομεν
565 4671 668 4740 τῆς
733 4673 942 4744 ψυχῆς,
1033 4668 1170 4722 κατᾶ
1249 4668 1343 4722 τὸν
1429 4668 1692 4742 μακάριον
1758 4665 1974 4723 Παῦλον

313 4756 510 4828 εἰπεῖν,
555 4757 773 4835 ἀσφαλῆ
837 4779 896 4814 τε
965 4757 1056 4812 καί
1119 4750 1366 4832 βεϐαίαν,
1431 4757 1520 4811 καὶ
1579 4751 1970 4832 εἰσερχομένην

311 4843 393 4908 εἷς
487 4849 548 4904 τὸ
642 4848 909 4923 ἐσώτερον
997 4849 1096 4902 τοῦ
1217 4845 1727 4920 καταπετάσματος,
1832 4843 1970 4901 ὅπου

305 4933 628 5013 πρόδρομος
695 4938 830 5011 ὑπὲρ
883 4938 1048 5010 ήμῶν
1110 4932 1358 5006 εἰσῆλθεν
1417 4936 1651 5007 Ἰησοῦς,
1709 4933 1755 5006 ᾧ
1821 4935 1884 4989 τὸ
1912 4954 1972 4991 τε

303 5025 510 5099 κράτος
564 5028 654 5083 καὶ
710 5029 746 5098 ἡ
809 5025 1184 5104 προσκύνησις
1235 5022 1331 5080 ούν
1388 5027 1468 5098 τῷ
1509 5024 1681 5102 Πατρὶ
1735 5024 1825 5080 καὶ
1891 5027 1971 5096 τῷ

2077 3233 2225 3290 illud
2257 3233 2523 3306 sit,quod
2551 3250 2713 3290 nunc
2743 3233 2805 3289 in
2827 3233 3282 3289 admirationem
3341 3248 3450 3287 nos
3505 3231 3724 3303 rapuit,

2076 3325 2588 3381 innocentissimaa
2613 3323 3073 3380 scilicettenella
3093 3323 3241 3378 adeo
3265 3326 3436 3378 aetate
3469 3320 3530 3376 in
3560 3335 3729 3378 sacra

2077 3415 2253 3487 adyta
2283 3414 2585 3488 ingressus
2612 3429 2626 3482 ;
2649 3413 2797 3469 mihi
2816 3418 3016 3469 tamen
3039 3429 3158 3469 non
3183 3411 3330 3469 adeo
3365 3410 3725 3483 stupendum

2075 3505 2189 3560 hoc
2218 3505 2471 3572 videtur,
2504 3521 2570 3560 ac
2603 3504 2652 3559 si
2707 3520 2783 3560 ne
2815 3503 2875 3558 id
2924 3503 3164 3575 quidem
3222 3501 3444 3556 factum
3493 3501 3724 3555 fuisset.

2075 3596 2274 3666 Neque
2308 3594 2468 3649 enim
2503 3597 2589 3648 est
2611 3609 2716 3647 cur
2730 3590 3209 3662 miremur,quod
3241 3590 3502 3646 maxima
3529 3592 3725 3643 osten-

2078 3685 2179 3741 dat
2198 3700 2380 3754 opera
2409 3682 2509 3754 qui
2541 3687 2752 3752 potens
2783 3686 2910 3749 est;
2934 3680 3081 3736 illud
3111 3679 3308 3751 potius
3331 3677 3726 3734 admiratione

2079 3774 2342 3847 dignum,
2372 3769 2530 3842 quod
2560 3785 2937 3826 communem
2970 3768 3199 3823 caeteris
3229 3767 3383 3822 viam
3435 3773 3628 3821 terere
3668 3766 3720 3820 is

2079 3863 2266 3932 malit,
2317 3861 2488 3934 cujus
2547 3858 2748 3914 virtuti
2814 3857 3259 3930 paratissimum
3305 3860 3395 3911 est
3439 3853 3732 3926 stupenda

2078 3968 2380 4026 peragere.

2149 4043 2440 4097 Caeterum
2471 4056 2608 4097 cum
2639 4037 2929 4112 quidquid
2959 4037 3198 4094 demum
3241 4035 3313 4092 de
3345 4035 3473 4108 ipsa
3529 4034 3727 4091 dicere

2079 4130 2356 4187 homines
2386 4128 3026 4200 valeamus,nunquam
3060 4143 3265 4199 parem
3295 4125 3524 4181 meritis
3557 4141 3730 4179 coro-

2081 4239 2221 4278 nam
2239 4220 2484 4278 laudum
2509 4225 2706 4276 texere
2728 4221 3047 4292 possimus,
3073 4219 3135 4274 in
3164 4217 3342 4273 rebus
3361 4233 3498 4272 vero
3537 4215 3726 4273 maxi-

2081 4312 2195 4367 mis
2227 4310 2582 4382 quandoque
2609 4309 2917 4366 silentium
2940 4308 3229 4364 indicium
3262 4307 3338 4362 sit
3381 4306 3731 4361 admiratio-

2082 4401 2178 4457 nis
2203 4416 2217 4469 ;
2241 4405 2560 4474 propterea
2584 4416 2716 4456 cum
2733 4399 2912 4455 etiam
2935 4399 2996 4452 in
3021 4395 3300 4470 praesenti
3329 4393 3730 4466 prserogativaa

2082 4491 2402 4563 illius,quas
2439 4487 2833 4547 collaudanda
2879 4492 2989 4553 est,
3013 4485 3279 4557 qualibet
3335 4480 3730 4537 admiratione

2083 4582 2204 4637 sint
2224 4581 2502 4652 majores,
2546 4583 2790 4651 praestat
2837 4581 2904 4632 ut
2951 4592 3049 4631 eas
3079 4573 3318 4628 silentio
3351 4585 3731 4626 veneremur.

2083 4667 2321 4722 Utinam
2350 4681 2486 4720 vero
2533 4664 2707 4720 nobis
2747 4661 3070 4732 contingat,
3093 4663 3160 4714 ut
3192 4662 3252 4712 et
3293 4657 3611 4729 loquamur
3655 4655 3727 4711 de

2080 4757 2229 4827 ipsa,
2262 4759 2321 4810 et
2342 4751 2865 4824 taceamus,prouti
2891 4756 3126 4821 tempus
3156 4747 3356 4820 exigit,
3377 4746 3556 4819 idque
3587 4762 3729 4819 per-

2079 4844 2329 4918 gratiam
2361 4842 2628 4916 ejusdem
2661 4840 2824 4896 omni
2855 4839 3028 4896 laude
3059 4837 3446 4912 dignissimae,
3469 4853 3637 4908 quam
3665 4838 3733 4890 ut

2081 4951 2216 4992 cum
2247 4933 2419 4990 beato
2451 4931 2631 4988 Paulo
2655 4930 2886 5001 loquar,
2937 4928 3080 4985 sicut
3125 4929 3425 4984 anchoram
3472 4926 3732 4981 habemus

2080 5027 2280 5083 animas
2325 5030 2501 5081 tutam
2543 5038 2606 5078 ac
2652 5022 2900 5092 firmam,
2948 5025 3000 5075 et
3047 5018 3386 5076 incedentem
3429 5033 3599 5087 usque
3645 5013 3721 5069 ad

1683 5235 1831 5297 Ant.
1867 5232 2165 5298 Ballerini
2220 5236 2408 5294 notae.

375 5460 482 5535 (76)
512 5462 566 5521 Si
594 5460 755 5521 Deus
778 5455 904 5517 alia
952 5451 1244 5535 condidit,
1277 5457 1344 5535 ut
1395 5469 1467 5535 ex
1523 5455 1969 5535 comparatione

298 5527 924 5608 alncesceret,quanto
950 5527 1458 5608 Deiparacaateris
1488 5527 1974 5608 omnibusunde-

297 5617 535 5681 quaque
566 5601 961 5670 excelleret;
1023 5601 1346 5673 ignobilem
1405 5615 1540 5672 ergo
1589 5601 1792 5655 sortiri
1849 5614 1971 5654 non

2079 5450 2273 5525 potuit
2303 5447 2800 5525 originem,qu_am
2812 5445 3076 5525 nobilem
3090 5442 3240 5525 adeo
3257 5445 3323 5525 et
3345 5433 3718 5525 splendidam

2081 5514 2210 5580 tum
2242 5514 2437 5594 angeli
2465 5526 2591 5576 tum
2623 5514 2799 5590 primi
2823 5517 3096 5573 homines
3127 5514 3319 5569 sortiti
3356 5514 3510 5565 sunt.
