4104 6300
370 306 489 369 ’11³
1522 293 1815 357 ISIDORI
1859 292 2633 358 THESSALONIOENSIS
3704 286 3785 348 72

373 438 641 494 iuteriora
669 434 975 501 velamim‘s,
1007 431 1426 501 ubipraecursor
1471 443 1577 498 pro
1607 429 1760 482 nobis
1809 429 2010 483 introi-

2162 425 2271 502 ιγίῳ
2324 426 2599 501 ΙΙνεύματι
2649 425 2725 488 εἰς
2799 422 3196 495 ἆτελευτήτους
3250 419 3453 481 αἰῶνας
3504 422 3612 473 τῶν
3657 415 3795 471 αίω-

371 531 455 584 vit
481 524 693 591 Iesu“,
727 524 821 580 cui
855 527 914 578 et
944 520 1265 593 imperium
1299 522 1357 574 et
1382 516 1647 574 adoratio
1691 532 1824 573 cum
1856 518 2030 572 Patre
2140 535 2246 571 νων
2281 516 2479 591 Ἀμήν.

375 623 436 674 et
470 616 692 689 Spiritu
723 618 928 670 sancto
961 627 1067 684 per
1095 609 1331 665 inﬁnita
1378 607 1595 664 saecula
1652 605 2025 663 saeculorum.

368 711 417 765 A
436 724 596 764 men.

1022 792 1256 848 SERMO
1288 791 1387 847 III.

2795 795 3021 851 ΛΟΓΟΣ
3074 792 3147 849 Γ’.

373 919 439 973 In
468 914 965 971 Annnntiationem
996 910 1250 980 gloriose
1282 914 1335 963 et
1366 908 1551 985 gratia
1579 906 1758 985 plenae
1788 907 2033 985 Domina

2162 908 2239 972 Il;
2295 910 2386 964 τὸν
2472 907 2896 985 Εὒαγγελισμὸν
2934 914 3064 985 ’τῆς
3133 902 3631 985 ’πανυπερενδᾴξου
3698 906 3793 985 καί

535 992 739 1042 nostra
772 985 1037 1055 Πείρανοέ
1062 989 1113 1037 et
1134 996 1345 1051 semper
1382 980 1629 1048 Virginis
1656 980 1868 1033 Marias.

456 1185 783 1239 Lthentur
803 1181 921 1237 caeli
952 1185 1005 1235 et
1027 1178 1261 1234 exsultet
1275 1183 1426 1232 terra
1447 1174 1512 1243 ‘5;
1538 1173 1823 1246 plaudant
1840 1171 2035 1246 angeli

2211 976 2666 1057 κεχαριτωμένης
2749 976 3048 1057 ᾼεσποίνης
3123 979 3285 1054 ἡμών
3374 976 3642 1033 Βεοτόκου
3702 978 3795 1032 καὶ

2214 1052 2595 1129 Ἀξιπαρθένου
2626 1052 2858 1128 Μαρίας.

2212 1179 2294 1238 Δ’.
2326 1179 2811 1258 Εὖφραινέσθωσαν
2869 1179 2921 1235 οἱ
2989 1174 3211 1253 οὐρανοὶ
3267 1175 3357 1231 καὶ
3423 1171 3790 1251 ἀγαλλιάσθω

382 1280 439 1330 et
466 1272 675 1329 laetitia
702 1270 959 1344 gestiant
978 1268 1272 1332 homines,
1307 1270 1365 1321 et
1388 1265 1679 1321 universas
1742 1263 2035 1319 hodierna

2162 1271 2176 1338 ί
2206 1274 2298 1344 γῆ⁶
2357 1268 2719 1343 κροτείτωσαν
2752 1266 3012 1343 ἄγγελον
3044 1266 3135 1322 καὶ
3175 1265 3547 1340 σκιρτάτωσαν
3577 1261 3798 1338 ἄνθρω-

380 1364 476 1420 die
497 1362 867 1418 hilarescant
897 1361 1183 1414 creaturae
1216 1374 1231 1424 ;
1279 1353 1762 1428 quandoquidem
1794 1354 2038 1409 Creator

2162 1376 2261 1430 τοι,
2288 1357 2381 1412 καὶ
2427 1362 2573 1413 πᾶσα
2624 1360 2660 1428 ἡ
2717 1356 2893 1420 κτίσις
2952 1352 3323 1434 φαιδρυνέσθω
3385 1356 3646 1429 σήμερον,
3706 1354 3799 1410 ὅτι

382 1453 647 1510 omnium
679 1466 843 1506 nunc
874 1446 1088 1520 gaudio
1118 1446 1272 1502 hanc
1300 1461 1501 1501 rerum
1558 1442 2029 1513 universitatem,

2141 1446 2170 1501 ὁ
2199 1446 2415 1502 πάντων
2458 1451 2696 1518 Κτιστης
2746 1450 2836 1502 νῦν
2887 1449 3062 1525 χαρᾶς
3119 1442 3431 1518 έμπίπλησι
3490 1442 3703 1518 χαίρων
3731 1444 3799 1497 τὸ

382 1542 652 1615 gaudens
683 1541 830 1611 ipse,
875 1536 1084 1609 replet.
1144 1536 1312 1591 Nunc
1371 1535 1497 1606 ipse
1552 1532 1733 1602 venit,
1779 1537 1846 1588 ut
1899 1549 2030 1604 quae

2162 1540 2267 1593 πᾶν.
2301 1541 2407 1592 Νῦν
2440 1537 2519 1601 εἰς
2578 1534 2889 1613 διαλλαγὰς
2955 1536 3134 1610 χωρεῖ
3187 1540 3297 1590 τῶν
3349 1533 3793 1609 ἀπηχθημένων·

386 1632 634 1687 inimica
656 1630 766 1702 ipsi
806 1631 1000 1696 erant,
1031 1626 1226 1681 denuo
1259 1624 1371 1680 sibi
1419 1622 1767 1679 reconciliet
1797 1638 1811 1677 :
1871 1638 2030 1678 nunc

2162 1626 2231 1680 νῦν
2262 1626 2382 1682 λύει
2414 1629 2513 1698 τήν
2546 1626 2598 1699 ἐξ
2630 1627 2903 1704 ἁμαρτίας
2931 1629 3252 1703 κατήφειαν*
3311 1628 3422 1696 νῦν,
3482 1624 3557 1684 ὡς
3619 1621 3796 1678 ἄλλον

388 1720 691 1775 tristitiam
723 1734 753 1773 e
780 1721 1021 1789 peccato
1054 1719 1287 1771 enatam
1324 1712 1527 1781 solvit;
1553 1729 1713 1768 nunc
1742 1711 2033 1781 laetitiam,

2141 1713 2296 1790 ἀέρα,
2351 1721 2512 1772 πᾶσιν
2578 1716 2915 1797 εὐφροσύνην
2977 1714 3174 1791 ἐξέχεε·
3236 1719 3326 1768 νῦν
3408 1713 3540 1789 ὑπὲρ
3628 1711 3797 1783 ἣλιον

386 1808 545 1864 velut
572 1823 788 1863 novum
821 1805 1138 1879 quemdam
1172 1819 1395 1870 aerem,
1427 1801 1703 1857 omnibus
1737 1800 1986 1857 eﬂ‘undit
2017 1816 2031 1857 :

2162 1804 2353 1878 ίάμπει
2393 1812 2511 1869 τοῖς
2539 1808 2733 1881 πέρασι
2764 1802 3057 1880 θυμηδίαν·
3119 1807 3226 1860 Νῦν
3286 1801 3507 1877 ἱμάτιον
3578 1799 3796 1856 ἐνέδυσε

386 1914 546 1953 nunc
600 1914 720 1969 prae
770 1895 947 1951 solari
1004 1894 1169 1949 radio
1228 1891 1523 1947 universis
1591 1896 1764 1945 terrae
1814 1890 2031 1946 ﬁnibus

381 1986 822 2059 jucundissima
850 1984 980 2039 luce
1012 1981 1304 2055 splendet.
1339 1983 1526 2048 Nunc,
1547 1980 1719 2052 juxta
1750 1979 2032 2035 divinitus

2146 1892 2423 1968 σωτηρίου
2451 1895 2541 1950 καὶ
2574 1900 2789 1971 χιτῶνα
2843 1892 3180 1972 εὐφροσύνης
3238 1886 3560 1967 περιέϐαλεν
3616 1893 3791 1963 ἡμᾶς,

2145 1983 2293 2059 παρὰ
2329 1985 2431 2053 τήν
2463 1986 2749 2058 θεόκροτον
2806 1982 3031 2041 Ἠσαίου
3092 1984 3297 2060 φωνήν.
3358 1983 3467 2038 Νῦν
3507 1981 3535 2035 ὁ
3593 1983 3800 2056 θρηνό-

388 2078 774 2133 insonantem
823 2074 990 2129 Isaiae
1064 2087 1288 2140 vocem,
1341 2071 1524 2126 induit
1576 2086 1672 2125 nos
1719 2069 2035 2125 vestimento

2162 2074 2379 2150 ρθογγος
2425 2074 2709 2149 Ἱερεμίας,
2762 2070 3095 2146 παλινῳδίαν
3148 2070 3394 2142 πλάκων,
3443 2070 3519 2131 ὡς
3555 2069 3615 2123 ἐκ
3660 2072 3797 2124 Θεοῦ

387 2166 604 2232 salutis,
655 2172 708 2219 et
760 2164 1086 2218 indumento
1147 2161 1356 2216 laetitiae
1416 2160 1780 2214 circumdedit
1824 2175 1922 2214 nos
1965 2156 2032 2214 ⁸⁸.

391 2258 557 2312 Nunc
576 2252 881 2321 Jeremias,
896 2250 1311 2307 lamentabilos
1344 2249 1472 2304 illas
1489 2248 1633 2304 olim
1649 2249 1812 2304 ciens
1844 2264 2034 2316 voces,

386 2340 756 2415 palinodiam
790 2339 1087 2410 recipit,et
1117 2343 1468 2410 opportune,
1502 2338 1605 2392 Dei
1636 2335 1791 2391 velut
1833 2353 2038 2409 perso-

389 2447 529 2488 nam
555 2428 915 2503 agens,illud
938 2426 1252 2483 denuntiat
1281 2443 1295 2493 ;
1333 2424 1618 2496 Propitius
1675 2442 1767 2481 ero
1820 2424 2036 2497 iniqui-

2145 2163 2282 2217 κατὰ
2346 2163 2535 2238 καιρὸν
2606 2163 2736 2239 ἐρεῖο
2806 2160 2999 2225 Ἵλεως
3070 2160 3265 2234 ἓσομαι
3359 2164 3478 2221 ταῖς
3562 2156 3796 2221 ἀδικίαις

2142 2256 2252 2307 τῶν
2332 2252 2658 2328 ἀνθρώπων,

2151 2343 2228 2416 μὴ
2274 2344 2495 2415 μνησθῶ
2526 2337 2625 2400 ἔτι.
2663 2345 2771 2403 Νῦν
2802 2343 3029 2417 οὐρανοῦ
3081 2339 3286 2403 κάλλος
3344 2339 3436 2395 καὶ
3494 2335 3803 2419 φωτοειδής

2147 2426 2384 2506 ἀστέρων
2435 2430 2660 2505 κύκλος,
2734 2432 2908 2502 ἣττων
2958 2429 3040 2495 νίς
3099 2429 3287 2505 τέρψιν
3342 2435 3441 2499 τῆς
3498 2428 3802 2504 προκειμέ-

2759 2253 2850 2309 καὶ
2933 2258 3040 2318 τῶν
3120 2251 3400 2326 ἁμαρτιῶν
3480 2250 3659 2305 αὐτῶν
3735 2247 3799 2303 οὗ

395 2521 600 2577 tatibus
639 2520 944 2584 hominum,
1002 2525 1052 2574 et
1093 2522 1324 2587 peccata
1367 2532 1553 2570 eorum
1617 2531 1726 2570 non
1773 2532 2040 2572 memora-

2162 2540 2247 2590 ιης
2305 2517 2723 2598 λαμπρότητος.
2809 2522 2922 2578 Νῦν
2985 2519 3234 2596 εὔκαιρον
3283 2518 3451 2573 εἰπεῖν
3510 2519 3595 2589 τὸ,
3655 2519 3795 2589 Δόξα

397 2611 496 2666 bor
552 2610 791 2681 amplius
837 2605 904 2662 ‘7.
972 2610 1143 2662 Nunc
1199 2604 1327 2662 cwli
1386 2609 1662 2661 venustas
1721 2622 1789 2661 ac
1845 2605 2040 2661 lucida

2162 2608 2202 2664 iv
2242 2609 2487 2684 ὑψίστοις
2527 2615 2666 2685 Θεῷ,
2698 2611 2788 2667 καὶ
2819 2610 2908 2666 ἐπὶ
2949 2617 3052 2687 γῆς
3112 2608 3329 2684 εἰρήνη,
3374 2606 3427 2663 έν
3489 2609 3804 2683 ἀνθρώποις

394 2706 691 2757 astrorum
723 2715 941 2755 corona
963 2697 1298 2768 splendoris
1342 2695 1616 2751 hodierni
1662 2697 2042 2768 jucunditate

2154 2696 2395 2757 εὐδοκία.

392 2791 726 2847 vincuntur.
787 2791 951 2844 Nunc
992 2793 1391 2859 opportunum
1453 2790 1687 2857 tempus
1745 2790 1836 2840 est
1876 2785 2023 2842 illud
2049 2786 2385 2860 clamandi;
2419 2791 2610 2848 Gloaia
2647 2794 2708 2848 in
2754 2790 3039 2848 altissimis
3094 2790 3199 2846 Deo
3243 2796 3297 2845 et
3346 2790 3406 2844 in
3456 2794 3605 2844 terra
3654 2804 3803 2858 pax,

390 2880 700 2936 hominibus
722 2880 856 2935 bona
883 2876 1021 2950 (Dei)
1052 2876 1303 2931 voluntas
1329 2876 1460 2947 (77).

460 2970 606 3025 Nam
648 2968 749 3040 qui
781 2967 1385 3034 cmlum,terramque,
1410 2968 1469 3018 et
1499 2964 1683 3019 solem
1706 2964 1870 3035 prius
1892 2965 2030 3021 eﬂ'e-

393 3060 491 3125 cit,
526 3063 858 3126 caeteraque
892 3053 1347 3126 magniﬁcentiae
1372 3069 1491 3107 suae
1514 3069 1695 3123 opera
1724 3054 2038 3125 splendere

386 3147 592 3219 jussit,
627 3144 876 3214 nunc,id
906 3143 1064 3216 quod
1087 3142 1159 3197 ab
1200 3141 1370 3196 initio
1403 3146 1667 3197 creatum
1727 3159 1849 3198 non
1905 3144 2039 3213 fuit,

393 3236 487 3291 vel
542 3241 808 3290 creatum
866 3248 984 3287 non
1034 3230 1393 3302 perduravit,
1448 3229 1748 3303 gaudium,
1820 3237 1887 3287 ut
1961 3232 2044 3288 ita

393 3325 608 3392 dicam,
638 3323 853 3397 condit.
884 3318 1627 3391 thuemadmodum,Fiat
1651 3321 1768 3388 lux,
1802 3319 2039 3391 dixit“,

393 3420 445 3470 et
472 3416 624 3483 facta
656 3419 731 3468 est
771 3411 890 3477 lux,
924 3415 981 3466 et
1010 3409 1217 3466 eodem
1237 3409 1412 3481 plane
1443 3408 1615 3464 modo
1647 3415 1891 3465 caeteras
1923 3427 2040 3479 res,

398 3502 591 3558 varias
631 3500 872 3573 quidem
902 3499 1004 3555 sed
1026 3499 1173 3554 mire
1206 3499 1365 3553 inter
1393 3514 1455 3553 se
1477 3514 1836 3564 connexas,e
1855 3498 2041 3555 nihilo

398 3591 633 3658 eduxit;
664 3591 748 3647 sic
778 3606 939 3646 nunc
960 3605 1067 3661 per
1095 3586 1391 3660 angelum,
1420 3587 1711 3656 Ave,dixit
1740 3587 1827 3643 illi
1854 3589 2044 3661 gratia

395 3682 609 3753 plenae.

469 3772 687 3829 II.Hoe
715 3770 991 3827 videlicet
1039 3769 1145 3825 Ave
1199 3767 1637 3840 quodammodo
1694 3785 1855 3825 nunc
1914 3769 2040 3841 ipse

399 3867 644 3931 creat,et
672 3866 737 3917 ut
767 3878 973 3917 omnes
994 3860 1395 3931 undequaque
1428 3859 1707 3930 pervadat
1738 3865 2041 3916 creaturas

392 3953 656 4021 mandat,
680 3957 1154 4025 potestatemque
1186 3949 1467 4003 omnibus
1494 3949 1595 4019 qui
1619 3949 1885 4004 animum
1926 3948 2039 4005 ad—

393 4048 632 4099 vertant
651 4041 809 4108 facit,
844 4046 908 4095 ut
938 4040 1199 4109 ipsarum
1251 4042 1620 4093 venustatem
1672 4054 2040 4110 aureumque

393 4132 457 4186 in
489 4130 633 4203 ipsis
652 4129 1051 4201 pulcherrime
1078 4128 1372 4183 intextum
1394 4132 1690 4194 ornatum,
1721 4128 1820 4198 qui
1842 4126 2041 4199 gaudii

396 4220 643 4275 affectus
692 4221 781 4273 est
847 4215 968 4271 illis
1038 4215 1416 4284 conveniens,
1475 4216 1779 4286 percipere
1865 4231 2044 4271 sensu

398 4311 640 4380 queant.
670 4306 816 4363 Nam
848 4304 948 4377 qui
989 4305 1117 4377 jugi
1176 4303 1372 4375 aliquo
1430 4303 1588 4359 malo
1643 4303 1928 4376 afﬂigitur
1984 4309 2043 4360 et

395 4395 641 4453 tristitia
676 4399 1018 4468 occupatur,
1058 4409 1181 4449 non
1236 4393 1319 4448 ita
1376 4397 1753 4464 comparatus
1808 4397 1919 4459 est,
1977 4398 2044 4450 ut

395 4491 624 4543 natura;
638 4482 1139 4560 pulchritudinem
1158 4485 1215 4537 et
1238 4481 1685 4537 mirabilitatem
1699 4482 2045 4554 investigan-

392 4575 466 4634 do
493 4574 823 4649 persentire
848 4572 1037 4647 possit
1064 4592 1078 4640 ;
1110 4569 1259 4628 adeo
1291 4569 1497 4637 ut,nisi
1548 4570 1660 4625 hoc
1710 4572 1826 4627 Ave
1881 4587 2042 4627 nunc

398 4665 736 4735 prodiisset,
768 4664 1054 4720 deﬁceret
1104 4677 1246 4717 sane
1309 4664 1367 4715 et
1423 4658 1773 4716 illaudatum
1818 4658 2048 4731 jaceret

399 4753 689 4823 quidquid
710 4751 1167 4826 magnificentiae
1189 4750 1251 4806 in
1273 4765 1452 4822 opere
1473 4748 1795 4805 creationis
1827 4749 2041 4806 elucet.

396 4841 687 4906 Quoniam
708 4858 842 4896 vero
876 4859 998 4897 non
1038 4839 1267 4896 ferebat
1299 4838 1531 4894 Domini
1571 4838 1929 4912 benignitas,
1984 4845 2049 4896 ut

398 4930 594 5002 quoad
612 4930 960 4987 nobiliorem
986 4932 1136 4987 hanc
1156 4935 1407 5004 partem,
1433 4930 1628 5003 quoad
1656 4931 1935 5002 gaudium
1965 4932 2047 4986 vi-

391 5018 932 5081 delicet,creaturas
967 5035 1104 5074 suas
1154 5020 1307 5075 male
1362 5019 1586 5074 habere
1632 5019 2048 5090 permitteret;

398 5107 619 5163 idcirco
641 5123 800 5162 nunc
830 5112 889 5161 et
917 5107 1196 5179 gaudium
1233 5108 1453 5171 condit,
1488 5106 1648 5179 quod
1701 5106 1880 5163 rebus
1921 5108 2051 5179 jam

466 5206 515 5241 ⁴⁴
546 5207 719 5263 Hebr.
752 5224 823 5276 v1,
860 5209 945 5274 19,
968 5208 1058 5260 20.
1135 5204 1183 5240 ⁴⁵
1215 5207 1368 5263 Psal.
1401 5223 1529 5275 xcv,
1565 5208 1651 5263 11.
1685 5236 1690 5241 -
1729 5207 1774 5243 ⁴⁶
1806 5208 1915 5263 Isa.
1963 5224 2071 5276 LXI,
2107 5210 2195 5262 10.

395 5280 441 5316 ⁸⁸
475 5280 616 5335 Gen.
652 5296 689 5348 1,
721 5282 773 5333 3.

2219 2970 2277 3024 Ὀ
2305 2968 2409 3045 γὰρ
2455 2968 2683 3046 οὐρανὶν
2740 2968 2831 3024 καὶ
2888 2975 2990 3045 γῆν
3050 2968 3137 3022 καὶ
3188 2966 3350 3038 ἥλιον
3404 2965 3531 3042 πρὶν
3585 2965 3801 3037 ὑποστή

2150 3078 2268 3128 σας,
2299 3057 2487 3113 καὶτὰ
2524 3056 2753 3135 λαμπρὰ
2809 3064 2911 3128 τῆς
2969 3055 3144 3127 ἄκλης
3206 3054 3627 3132 μεγαλουργίας,
3678 3059 3803 3126 νῦν,

2156 3147 2230 3209 ὡς
2254 3147 2444 3217 εἰπεῖν,
2477 3149 2635 3218 δτήν
2694 3148 2874 3223 ἀρχὴν
2937 3147 3041 3203 οὐκ
3095 3146 3319 3217 ὑπέστη⁶
3380 3144 3415 3214 ἣ
3475 3145 3687 3209 κτισθὶν
3740 3144 3806 3200 οὗ

2155 3232 2411 3310 διέμεινε,
2497 3238 2595 3306 τὴν
2689 3237 2868 3313 χαρὰν
2974 3236 3254 3313 ὑφίστησι.
3352 3232 3455 3290 Καὶ
3539 3232 3809 3308 καθάπερ,

2154 3326 2443 3396 Γενηθήτω
2483 3331 2617 3404 φῶς,
2678 3325 2814 3396 εἷπε,
2874 3325 2965 3379 καὶ
3023 3324 3253 3400 ἐγένετο,
3313 3322 3404 3377 καὶ
3463 3324 3561 3393 νην
3620 3322 3811 3377 ποικί-

2154 3413 2259 3485 λην
2309 3412 2502 3470 ἅλυσιν
2562 3414 2735 3470 πᾶσαν
2793 3418 2903 3469 τῶν
2956 3418 3197 3488 γενητῶν
3272 3415 3462 3467 τοῦτον
3518 3414 3808 3488 πασήγαγε

2152 3504 2245 3559 τὸν
2276 3504 2503 3579 τρόπον’
2539 3504 2681 3560 οὕτω
2710 3507 2825 3577 νῦν,
2857 3506 3048 3579 Χαῖρε,
3109 3501 3241 3577 φησὶ
3309 3498 3378 3555 δι’
3444 3499 3679 3576 ἀγγέλου
3734 3506 3806 3576 τῇ

2155 3594 2590 3671 κεχαριτωμένη.

2234 3776 2304 3832 B'.
2338 3777 2511 3831 Τοῦτο
2540 3775 2609 3842 τή
2641 3773 2703 3828 τὸ
2760 3773 2925 3846 Χαῖρε
2978 3775 3069 3827 νῦν
3117 3770 3309 3826 ὡσανεὶ
3369 3767 3802 3847 πλαστουργῶν,

2154 3863 2244 3919 καὶ
2310 3857 2630 3938 περιλαϐεῖν
2683 3863 2916 3935 πέμπων
2976 3862 3182 3916 ἅπασαν
3258 3860 3457 3930 κτίσιν,
3537 3862 3604 3929 ἧς
3697 3860 3801 3929 τὴν

2154 3954 2315 4030 χάριν
2349 3955 2437 4008 καὶ
2470 3954 2568 4023 τὴν
2596 3951 2974 4007 καλλίπλοκον
2999 3950 3051 4006 ἐν
3086 3951 3222 4025 αὐτῇ
3256 3948 3622 4025 χρυσουργίαν
3655 3951 3803 4019 ἡτοῦ

2156 4043 2369 4119 χαίρειν
2402 4041 2653 4112 α’ίσθησις
2679 4041 3022 4105 αίσθάνεσθαι
3052 4046 3171 4103 τοῖς
3226 4039 3559 4118 προσέχουσι
3621 4058 3807 4115 χορη-

2155 4137 2261 4210 γεῖ.
2323 4132 2579 4206 Ἐπείπερ
2636 4130 2699 4186 τὸ
2758 4129 2970 4205 πάσχον
3025 4129 3108 4184 αεὶ
3170 4126 3317 4201 λύπῃ
3375 4128 3533 4183 συνὸν
3589 4127 3806 4205 φύσεως

2155 4221 2362 4284 κάλλος
2416 4219 2507 4276 καὶ
2566 4224 2743 4294 θαῦμα
2801 4219 2864 4275 οὐ
2930 4218 3161 4299 πέφυκεν
3220 4216 3452 4293 έρευνᾷν·
3515 4215 3657 4271 ὣστε
3714 4217 3809 4272 καὶ

2154 4307 2205 4366 εἲ
2237 4311 2314 4384 μή
2345 4309 2409 4366 τὸ
2441 4307 2653 4388 χαίρειν
2684 4313 2846 4365 τοῦτο
2876 4312 2970 4363 νῦν
2999 4304 3385 4384 ἐγεγόνει,ῥέον
3409 4303 3468 4361 ἄν
3500 4306 3812 4380 ἀκήρυκτον

2157 4396 2391 4456 διετέλει
2447 4400 2508 4454 τὸ
2554 4397 2779 4476 φαιδρὸν
2837 4394 2975 4452 ἅπαν
3015 4403 3119 4466 τῆς
3154 4393 3542 4472 δημιουργίας.
3574 4396 3729 4452 Ἐπεὶ
3760 4394 3810 4452 δ’

2153 4489 2254 4545 οὐκ
2280 4490 2349 4559 ἦν
2372 4489 2518 4546 οὕτω
2538 4493 2637 4544 τοῦ
2660 4488 2864 4565 ἀγαθοῦ
2896 4487 3170 4542 Δεσπότου
3196 4486 3296 4555 τήν
3327 4485 3557 4560 κρείττω
3584 4489 3810 4561 μοῖραν,

2157 4576 2396 4655 λέγωδὲ
2423 4579 2523 4648 τὴν
2556 4577 2751 4657 χαρὰν,
2808 4572 3071 4652 περιιδεῖν
3120 4572 3505 4652 δυστυχοῦσαν
3546 4575 3648 4643 τήν
3699 4576 3816 4630 κτί-

2157 4688 2263 4738 σιν,
2296 4665 2387 4724 διᾶ
2404 4671 2566 4724 τοῦτο
2596 4665 2686 4722 καὶ
2720 4664 3048 4741 δημιουργεῖ
3076 4667 3167 4720 νῦν
3197 4664 3260 4719 τὸ
3321 4663 3561 4742 χαίρεῖν,
3621 4661 3653 4717 ὅ
3704 4663 3814 4719 πά-

2156 4757 2250 4814 λαι
2285 4759 2379 4833 μὶν
2435 4756 2610 4836 ἐφίλει
2667 4761 2785 4820 τοῖς
2842 4753 2960 4810 οῦσι
3018 4754 3351 4830 προσθεῖναι,
3410 4753 3473 4807 τὸ
3514 4749 3561 4807 δ’
3620 4752 3814 4809 ἱκανὸν

2158 4848 2269 4924 οὐχ
2298 4848 2511 4921 εὕρισκε
2541 4850 2754 4918 σκεῦος,
2786 4845 2817 4899 8
2846 4844 2936 4900 καὶ
2968 4843 3198 4924 φυλάξαι
3227 4842 3290 4898 τὸ
3322 4839 3473 4897 δοθὲν
3506 4844 3598 4897 καὶ
3646 4864 3819 4917 μετα-

2160 4934 2345 4993 δοῦναι
2392 4933 2634 5000 δυνατῶς
2659 4931 2787 5005 ἕξει,
2846 4937 2952 4988 Νῦν
3005 4933 3106 5009 γὰρ
3161 4936 3240 5005 τῷ
3301 4932 3565 5010 ὕπερφαεῖ
3614 4933 3811 5006 τούτῳ

2203 5026 2376 5081 κνέντι
2428 5026 2521 5080 καὶ
2571 5023 3009 5103 εὗρυχωροτάτῳ
3056 5020 3264 5098 δοχείῳ
3314 5023 3348 5091 ἡ
3407 5020 3823 5096 πολυύμνητος

2193 5106 2219 5161 ὶ
2327 5108 2487 5162 τοῦτο
2574 5102 2788 5167 πάντως
2882 5105 3175 5178 Παρθένος,
3259 5102 3454 5175 μηνύει
3568 5104 3664 5176 μὲν
3751 5104 3827 5159 τὸ

2303 5206 2349 5244 ⁴¹¹
2377 5208 2589 5263 Jerem.
2626 5223 2781 5275 xxvr,
2813 5206 2902 5275 34,
2938 5222 3035 5261 sec
3090 5204 3229 5262 LXX
3262 5220 3392 5275 cap.
3443 5212 3687 5274 xxxvm,
3749 5207 3832 5261 34

1759 5381 1907 5440 Ant.
1949 5378 2252 5442 Ballerini
2292 5385 2486 5441 notae.

473 5514 583 5585 (‘77)
618 5515 753 5570 Luc.
786 5529 846 5569 ιι.
882 5514 1189 5569 14.Νοιιιηι
1222 5514 1332 5578 est,
1364 5508 1571 5585 in‘hoc
1634 5509 1803 5585 Lucas
1865 5513 2048 5569 versi-

403 5581 535 5644 culo
558 5581 851 5659 tantisper
878 5586 1129 5659 a‘Graaco
1163 5588 1326 5640 textu
1347 5582 1586 5659 ditl‘erre
1605 5581 1904 5659 vulgatam»
1929 5602 2051 5659 ver-

2152 5513 2380 5586 erudite
2434 5531 2540 5586 pro
2593 5529 2759 5569 more
2808 5530 2915 5586 suo
2947 5511 3217 5586 scripsit
3263 5512 3485 5586 AFranc.
3530 5506 3841 5586 δωρείας.

2150 5581 2561 5659 Ρᾳιτίιίιιέωε
2588 5585 2914 5659 evangeliis,
2945 5584 3049 5640 lib.
3099 5581 3188 5653 in,
3245 5582 3484 5639 dissert.
3524 5582 3619 5647 24,
3651 5581 3680 5648 §
3734 5581 3841 5649 12,

403 5653 929 5719 sionem.Cohferri
944 5661 1216 5731 possunt,
1247 5671 1378 5729 qua;
1409 5654 1481 5713 de
1516 5653 1727 5713 eodem
1756 5656 2049 5717 versiculo
2152 5655 2292 5717 edit.
2324 5653 2592 5731 Friburg.
2628 5653 2810 5728 1853.)
