4104 6300
419 387 494 449 75

1573 369 1867 443 ISIDORI
1907 379 2664 446 THESSALONICENSIS

3743 396 3816 454 76

422 519 582 591 quod
610 518 835 591 pariter
864 517 1124 574 afﬁrmat
1151 517 1381 574 divinus
1436 516 1535 571 ille
1584 502 1804 570 Paulus
1833 515 1896 583 ⁸ο,
1931 532 2050 570 cun:

2179 515 2286 578 θῶς
2316 515 2452 570 εἶναι
2506 519 2679 572 πάντα
2733 521 2932 595 χαρᾶς,
2983 517 3366 596 ἀγαλλιάσεως
3425 521 3642 595 πλήρη,
3693 545 3819 602 φαι-

421 624 552 674 nos,
587 623 840 678 quorum
871 623 1052 662 causa
1079 622 1240 660 nunc
1287 605 1479 660 omnis
1521 608 1792 659 creatura
1820 603 2064 675 patitur,

417 697 680 752 coelestia
721 695 919 768 adepti
946 695 1254 751 fuerimus.
1307 695 1519 750 Omnia
1547 695 1748 764 itaque
1780 691 2068 749 hodierna

2179 601 2406 678 δρότητι
2439 603 2846 682 διαλάμποντα,
2900 609 3102 685 ἀγλαΐᾳ
3155 609 3478 687 παντοδαπῇ
3519 615 3608 669 καὶ
3638 601 3821 692 χάριτι

2181 691 2498 755 στίλϐοντα.

416 787 512 843 die
541 787 754 860 gaudio
783 787 1102 856 exundant,
1131 785 1334 842 omnia
1363 783 1777 842 exsultationis
1807 783 1984 854 plena
2016 789 2176 856 sunt,
2207 784 2507 845 hilaritate
2538 789 2846 864 fulgentia,
2881 793 3036 849 omni
3073 794 3390 866 splendore
3421 812 3490 852 ac
3519 803 3820 854 venustate

415 877 746 932 rutilantia.

487 968 578 1022 IV.
612 963 776 1032 Quod
804 983 939 1022 vero
988 965 1048 1021 in
1097 963 1399 1021 communi
1449 963 1738 1032 omnium,
1771 967 2061 1034 quotquot

419 1062 670 1126 exstant,
701 1057 926 1125 laetitia,
957 1057 1058 1112 ille
1081 1057 1362 1127 nequitiae
1384 1056 1593 1112 artifex
1622 1073 1696 1110 ne
1727 1071 1909 1128 prope
1939 1055 2064 1128 qui-

419 1148 553 1202 dem
584 1147 862 1202 accedere
891 1146 965 1202 ad
996 1147 1150 1202 hanc
1173 1144 1611 1218 jucunditatem
1645 1145 1878 1214 audeat,
1911 1143 2058 1199 nihil

419 1241 506 1293 est
536 1233 1048 1294 mirandum.Cum
1079 1231 1240 1292 enim
1272 1239 1480 1308 sponte
1516 1253 1622 1291 sua
1651 1235 1912 1290 tenebris
1942 1235 2062 1289 illis

418 1345 546 1384 sese
577 1328 704 1400 ipse
736 1327 1115 1394 immerserit,
1149 1343 1291 1382 sane
1334 1327 1538 1382 volens
1565 1325 1912 1397 pravitatem
1943 1342 2063 1380 non

419 1419 642 1491 eﬂ‘ugit,
674 1432 784 1474 nec
832 1417 1162 1474 claritatem
1207 1415 1494 1488 quaesivit,
1528 1417 1631 1472 sed
1656 1415 1916 1488 perstitit
1945 1415 2064 1470 illis

419 1505 563 1579 ipsis
587 1525 714 1562 sese
747 1506 1050 1562 oblectans
1079 1506 1360 1574 miseriis,
1411 1507 1472 1562 in
1517 1523 1662 1576 quas
1691 1506 1894 1580 utique
1926 1523 2064 1576 pro-

418 1597 619 1670 lapsus
651 1604 755 1654 est.
791 1599 1138 1670 Quicunque
1185 1615 1362 1670 porro
1412 1604 1610 1653 mente
1641 1593 1871 1669 praediti
1906 1600 2062 1665 sunt,

419 1687 579 1744 haud
632 1705 960 1744 consonum
1013 1688 1231 1744 rationi
1289 1687 1486 1756 fuerit,
1545 1693 1610 1742 ut
1668 1686 1759 1741 vel
1799 1685 1965 1741 inviti
1998 1701 2066 1740 ea

421 1775 846 1848 adipiscantur,
898 1794 1027 1848 qua)
1079 1775 1394 1832 voluntatis
1443 1773 1689 1830 arbitrio
1739 1777 1877 1830 sunt
1926 1771 2068 1828 sub-

2240 963 2311 1020 Δ“.
2362 960 2425 1021 Εἰ
2476 963 2552 1038 δὲ,
2601 965 2815 1025 πάντων
2870 969 2962 1044 μὲν
3021 976 3126 1026 τῶν
3188 969 3358 1028 ὅντων
3409 979 3586 1051 χαρᾶς
3615 973 3817 1030 ἀπολα-

2169 1047 2400 1138 ϐόντων,
2461 1055 2576 1112 οὐδ’
2634 1057 2788 1136 ἐγγὺς
2845 1059 3045 1138 γίνεται
3103 1069 3203 1134 τῆς
3257 1047 3458 1138 ὧρας-δ
3487 1047 3586 1136 τῆς
3627 1065 3814 1129 κακίας

2171 1137 2529 1230 δημιουργὸς,
2587 1137 2891 1222 θαυμαστὸν
2949 1147 3124 1208 οὐδὲν.
3183 1137 3354 1209 Ἑκῶν
3413 1153 3516 1230 γὰρ
3567 1155 3725 1217 οὗτος
3758 1157 3816 1211 τὸ

2173 1229 2364 1320 σκότος
2419 1235 2625 1305 παθὼν,
2689 1237 2848 1306 ἑκὼν,
2924 1239 2985 1295 οὖ
3059 1237 3276 1318 διέφυγε
3329 1243 3429 1311 τήν
3489 1244 3814 1320 μοχθηρίαν.

2172 1317 2297 1408 οὐδὲ
2358 1324 2456 1392 τήν
2547 1324 2909 1400 λαμπρότητα
2994 1317 3344 1401 ἐπεζήτησεν,
3421 1317 3814 1408 ἀλλ’ίῖέμίεινεν

2173 1407 2470 1488 ἐντρυφῶν,
2530 1414 2668 1490 ᾗπερ
2722 1413 3072 1488 ἐμπέπτωκεν
3127 1416 3437 1490 ἀθλιότητι.
3497 1423 3564 1478 Ἃ
3615 1422 3673 1477 δὲ
3714 1428 3818 1478 τῶν

2173 1499 2404 1555 ἑκόντων
2450 1499 2501 1556 ἐν
2553 1508 2669 1565 τοῖς
2728 1509 2854 1559 νοῦν
2912 1499 3150 1582 ἔχουσιν,
3205 1509 3376 1584 εὑρεῖν
3408 1511 3626 1583 ἄκοντα,
3661 1511 3818 1589 λόγον

2174 1589 2273 1643 οὐκ
2326 1586 2386 1643 ἂν
2445 1589 2531 1662 εἷή
2593 1595 2782 1662 σῶζον·
2849 1593 2881 1647 ἃ
2938 1595 3042 1672 γάρ
3094 1617 3177 1658 τις
3253 1599 3572 1670 ἀπωθεῖται,
3637 1586 3819 1656 λαϐεῖν

2174 1677 2278 1734 οὐκ
2307 1672 2406 1738 ἔνι,
2462 1676 2664 1737 Καλεῖν
2722 1680 2824 1756 ἄρα
2880 1685 3016 1757 πρὸς
3076 1686 3335 1759 εὐωχίαν,
3438 1691 3578 1762 μήτε
3609 1691 3817 1767 χαίρων

2175 1768 2202 1822 ὁ
2233 1768 2564 1841 ἀποστάτης,
2625 1773 2766 1844 μήτε
2816 1773 3044 1847 γνώμην
3104 1772 3288 1840 διδοὺς
3711 1757 3818 1836 τῶν

409 1864 608 1937 jecta;
641 1883 772 1936 quae
803 1867 964 1922 enim
997 1865 1268 1936 quisquis
1306 1864 1522 1936 rejicit,
1552 1880 1931 1935 nequaquam
1960 1879 2050 1934 pa]

2625 1829 2700 1844 ..
2829 1829 2840 1847 ,
2937 1829 3012 1847 ..
3347 1829 3427 1847 τ,
3488 1829 3670 1853 "mr—
3723 1829 3812 1836 η..

2174 1857 2516 1917 ἀκολούθων.
2571 1859 2806 1936 Ἐγίνετο
2881 1863 2981 1936 γὰρ
3056 1866 3113 1918 ἂν
3169 1833 3578 1940 παραπλήσιονι,
3639 1867 3820 1944 ὥσπερ

418 1963 527 2023 est,
560 1963 626 2012 ut
655 1974 860 2014 eorum
891 1957 1187 2028 particeps
1217 1957 1344 2028 ipse
1385 1953 1608 2011 evadat.
1641 1956 1768 2010 Non
1801 1957 1928 2010 erat
1955 1952 2066 2025 igi—

415 2051 514 2101 tur
543 2062 572 2100 e
603 2063 688 2116 re,
749 2044 824 2100 ad
880 2045 1100 2099 laetitiae
1157 2044 1488 2100 convivium
1538 2049 1865 2114 apostatam
1897 2041 2064 2098 illum

415 2134 720 2204 advocare,
745 2133 846 2206 qui
871 2150 981 2190 nec
1003 2131 1216 2206 gaudio
1239 2132 1378 2188 inde
1401 2133 1646 2188 affectus
1675 2133 1802 2204 ipse
1831 2131 2062 2202 fuisset,

416 2243 528 2282 nec
576 2225 861 2281 astitisset
907 2224 1138 2280 lubens.
1190 2221 1442 2278 Perinde
1495 2225 1652 2278 enim
1700 2240 1883 2296 prope
1913 2223 2062 2278 fuis-

417 2319 528 2384 set,
560 2331 626 2370 ac
658 2314 708 2369 si
738 2314 873 2384 quis
903 2330 1068 2370 suem
1113 2329 1277 2368 emno
1321 2311 1677 2385 gaudentem
1701 2311 2062 2384 jucunditati

413 2403 631 2460 ﬂorum
663 2404 1042 2472 immitteret;
1097 2420 1212 2473 quo
1259 2419 1400 2457 sane
1449 2418 1641 2472 neque
1690 2407 1919 2474 gratum
1951 2401 2064 2472 ipsi

414 2493 640 2565 aliquid
668 2493 909 2559 faceret,
933 2510 967 2548 a
989 2493 1112 2548 suis
1143 2491 1311 2546 illum
1343 2487 1574 2545 deliciis
1605 2489 1657 2544 vi
1688 2489 2060 2560 abstrahens,

412 2589 470 2639 et
499 2588 804 2655 pratorum
834 2581 1124 2638 venustati
1149 2581 1396 2635 inferret
1415 2579 1494 2652 inj
1506 2579 1717 2634 uriam.
1742 2579 2063 2651 Propterea

413 2691 448 2730 a
463 2671 764 2729 communi
789 2671 1056 2727 omnium
1074 2670 1284 2743 gaudio
1305 2669 1523 2724 mansit
1539 2667 2060 2741 exclusus,quippe

413 2765 514 2834 qui
556 2762 788 2818 etiamsi
839 2760 1049 2817 fuisset
1092 2763 1352 2827 vocatus,
1405 2759 1672 2814 affuisset
1717 2751 1956 2825 invitus,
2003 2761 2061 2812 et

411 2853 628 2925 probro
659 2852 895 2906 futurus
927 2854 1120 2918 esset;
1171 2845 1276 2906 sed
1323 2851 1384 2903 in
1418 2849 1702 2920 judicium
1731 2851 1921 2918 magni
1948 2847 2060 2902 diei

408 2942 642 2999 vinculis
671 2943 890 2997 aeternis
939 2942 1036 2995 sub
1094 2941 1334 3008 caligine
1353 2936 1399 2972 5‘
1458 2945 1793 2994 reservatus
1825 2941 1932 3005 est,
1966 2937 2059 2992 in-

411 3035 558 3106 quit,
591 3035 894 3104 apostolus
939 3031 1140 3099 Judas,
1193 3036 1252 3084 et
1307 3030 1369 3083 in
1428 3029 1611 3098 ignem
1642 3030 1748 3098 ipsi
1769 3032 2053 3096 paratum,

2175 1946 2228 2002 εἷ’
2277 1969 2360 2009 τις
2417 1953 2634 2025 χοῖρον,
2695 1947 2951 2025 βορϐόρῳ
3009 1952 3294 2028 χαίροντα,
3328 1954 3412 2010 ἐπ’
3467 1956 3666 2012 ἀνθέων
3697 1957 3819 2034 ἄγοι

2169 2039 2529 2113 τερπνότήτα,
2597 2039 2725 2111 μήτ’
2804 2037 3007 2095 ἐκεῖνον
3078 2041 3399 2121 εὐφραίνων,
3467 2049 3574 2102 τῶν
3645 2047 3817 2124 φίλων

2170 2126 2444 2206 ἀφέλκων,
2513 2127 2603 2214 καὶ
2663 2131 2768 2184 τῶν
2833 2128 3120 2204 λειμώνων
3189 2128 3424 2208 ὑϐρίζων
3482 2137 3580 2206 τὴν
3633 2139 3821 2214 χάριν.

2173 2217 2269 2272 Διὰ
2295 2219 2456 2272 τοῦτο
2515 2213 2616 2288 ἕξω
2677 2219 2772 2292 μὲν
2829 2225 2930 2288 τῆς
2984 2223 3327 2297 παγκοσμίου
3358 2229 3556 2300 χαρᾶς,
3592 2225 3668 2289 ὡς

2173 2303 2366 2374 θέλων,
2421 2307 2510 2361 καὶ
2567 2302 2968 2382 προσυϐρίσων,
3027 2308 3128 2384 εἴγ’
3184 2309 3469 2383 ἐκέκλητο,
3501 2317 3820 2388 τετήρηται·

2172 2395 2250 2457 εἷς
2318 2391 2373 2449 δὲ
2437 2395 2613 2470 κρίσιν
2683 2396 2931 2472 μεγάλης
3015 2399 3224 2474 ἡμέρας
3321 2398 3542 2476 δεσμοῖς
3628 2403 3828 2468 ἀϊδίοις

2174 2484 2276 2538 ὑπό
2331 2483 2519 2562 ζόφον,
2571 2483 2778 2548 Ἰούδας
2826 2488 2987 2566 φησὶν
3025 2488 3053 2542 ὁ
3087 2489 3420 2562 ἀπόστολος,
3457 2494 3638 2548 καὶτὸ
3671 2497 3828 2565 ἡτοι-

2175 2571 2450 2646 μασμένον
2507 2577 2635 2650 πῦρ,
2696 2577 2770 2636 ὡς
2830 2573 2882 2630 ἐν
2949 2577 3302 2654 Εὐαγγελίοις
3379 2579 3665 2655 ἀκούομεν.
3727 2587 3822 2639 Ὧν

2169 2664 2272 2738 γὰρ
2303 2662 2716 2736 ἀπειλουμένων
2749 2664 2785 2735 ἤ
2815 2664 3170 2742 καλουμένων
3227 2671 3260 2740 ἡ
3314 2668 3602 2746 διόρθωσις
3645 2675 3823 2730 τίκτε-

2167 2773 2276 2826 ται,
2338 2751 2428 2808 καί
2489 2759 2674 2827 τοῦτο,
2741 2757 2969 2812 καθόσον
3031 2759 3282 2834 ἑκατερον
3343 2760 3603 2838 ἐγχωρεῖ,
3648 2765 3682 2834 ἦ
3727 2765 3822 2820 καὶ

2169 2841 2360 2918 ἄμφω,
2401 2845 2610 2900 τούτων
2669 2845 2750 2900 ἀεὶ
2805 2849 2884 2918 τῷ
2941 2852 3056 2920 Θεῷ
3116 2849 3290 2922 μὲλεν
3355 2853 3470 2914 οἶος
3531 2851 3587 2906 δὲ
3646 2856 3822 2926 μήτὸ

2168 2939 2464 3010 σωφρονεῖν
2522 2933 2740 3004 ἐκεῖθεν,
2801 2933 3029 3012 ὄλεθρος
3087 2939 3122 3007 ἡ
3183 2937 3468 3015 ἐπίκρισις.
3539 2942 3627 2995 καὶ
3687 2946 3818 2998 τοῦ-

2164 3043 2271 3076 των
2302 3019 2554 3097 ἑκατέρου
2585 3028 2855 3080 Νινευῖται
2891 3027 3159 3102 μάρτυρες
3190 3030 3278 3084 καὶ
3313 3029 3628 3105 Σοδομῖται.

407 3123 560 3178 sicut
589 3122 652 3178 in
681 3121 1008 3192 Evangeliis
1054 3119 1307 3190 legimus
1358 3115 1423 3174 ⁸³.
1471 3117 1704 3171 Etenim
1755 3113 1804 3168 si
1856 3113 1986 3184 quis
2044 3111 2458 3181 emendantur,
2511 3113 2598 3169 vel
2647 3115 2824 3170 nimis
2855 3119 3163 3174 conterriti
3193 3121 3282 3176 vel
3314 3123 3473 3178 suavi
3511 3125 3826 3185 vocatione

405 3211 662 3280 attracti,
693 3217 996 3281 utcunque
1027 3205 1086 3263 id
1120 3207 1238 3263 sive
1269 3204 1554 3261 alterutro
1587 3210 1840 3273 tantum,
1873 3203 1960 3258 vel
1990 3208 2241 3273 utroque
2270 3203 2444 3258 modo
2477 3209 2800 3278 contingat,
2835 3224 3040 3264 eorum
3075 3211 3225 3265 Deus
3259 3228 3568 3283 nunquam
3611 3232 3826 3276 curam

407 3317 531 3356 non
562 3299 750 3372 gerit;
785 3299 834 3353 si
865 3297 998 3370 quis
1047 3301 1245 3352 autem
1291 3293 1429 3350 inde
1479 3312 1599 3350 non
1642 3295 1954 3366 resipiscat
2002 3295 2134 3364 (81),
2195 3293 2254 3348 in
2304 3293 2630 3364 perniciem
2672 3294 2970 3367 judicium
3020 3300 3304 3368 vertitur;
3339 3306 3397 3356 et
3434 3302 3546 3358 hoc
3577 3304 3828 3375 quidem

403 3395 726 3460 utrumque
751 3387 1020 3443 Ninivitm
1054 3403 1120 3442 ac
1149 3385 1466 3441 Sodomita)
1498 3389 1811 3440 testantur.

479 3479 542 3536 V.
579 3478 690 3534 Sed
719 3476 1050 3549 praesertim
1071 3474 1238 3530 nullo
1261 3489 1502 3547 prorsus
1524 3473 1698 3528 modo
1721 3472 2050 3538 decebat,ut

2241 3473 2314 3528 E‘.
2347 3468 2576 3542 ’Ἀλλως
2625 3492 2682 3526 τε
2727 3471 2815 3528 καὶ
2866 3469 2980 3529 οὐδ’
3030 3475 3090 3530 ἃν
3133 3472 3356 3541 εἰκότως
3387 3484 3464 3553 τῷ
3497 3485 3653 3557 χορῷ
3688 3501 3822 3538 συν“

405 3567 764 3624 exstantium
807 3565 1074 3621 omnium
1122 3564 1301 3620 choro
1345 3563 1770 3636 adjungeretur
1799 3561 1921 3628 ille,
1954 3561 2055 3634 qui

402 3675 539 3714 cum
569 3657 640 3713 ab
676 3673 765 3722 eo,
797 3657 900 3727 qui
931 3672 1038 3712 sua
1075 3658 1288 3710 natura
1334 3645 1636 3709 beatitudo
1669 3647 1759 3708 est
1786 3670 1852 3708 ac
1879 3652 2056 3724 plena

399 3747 524 3815 lux,
557 3745 890 3814 recesserit,
935 3750 990 3800 et
1039 3743 1222 3820 caligo
1272 3743 1398 3815 ipse
1449 3743 1694 3798 effectus
1725 3747 1833 3812 est,
1867 3748 1924 3796 et
1953 3741 2050 3796 da-

397 3841 520 3892 tam
551 3835 667 3890 sibi
699 3832 1050 3890 naturaliter
1096 3829 1469 3905 intelligendi
1499 3831 1637 3901 vim,
1671 3831 1732 3886 in
1777 3829 1856 3899 id,
1890 3827 2049 3901 quod

399 3928 488 3981 est
516 3924 793 3990 nihilum,
823 3923 1087 3990 insumit,
1111 3907 1612 3992 quemadmodum
1645 3915 1878 3974 divinus
1909 3936 2050 3992 quo-

402 4033 516 4086 que
549 4016 649 4069 ille
683 4016 970 4069 Maximus
1002 4011 1218 4066 alicubi
1245 4011 1436 4073 dixit;
1459 4009 1705 4080 perinde
1725 4005 1951 4064 scilicet
1981 4027 2048 4064 ac

399 4103 666 4158 lucidum
696 4119 818 4156 non
850 4107 960 4166 est,
995 4099 1288 4170 quidquid
1320 4115 1388 4153 eo
1422 4104 1602 4167 caret,
1636 4115 1669 4153 a
1695 4115 1810 4169 quo
1843 4099 2046 4152 lumen

399 4190 671 4260 accipiat,
703 4205 813 4244 nec
841 4189 1038 4242 vivens
1087 4193 1194 4257 est,
1228 4189 1499 4258 quisquis
1530 4205 1563 4242 a
1593 4188 1722 4242 vitae
1755 4185 2045 4259 principio

400 4277 751 4350 sejungitur.
786 4278 971 4340 Quam
1021 4274 1200 4330 etiam
1249 4274 1322 4329 ob
1375 4291 1634 4344 causam,
1665 4278 1732 4329 ut
1769 4273 2043 4341 arbitror,

395 4371 550 4426 Deus
608 4375 804 4425 cuncta
860 4367 1018 4422 valde
1049 4367 1195 4421 bona
1252 4365 1571 4438 appellavit
1597 4365 1646 4398 ⁵³
1689 4370 1824 4436 post
1878 4364 2046 4419 illam

395 4464 678 4532 apostatee
718 4457 980 4526 ruinam,
1003 4459 1320 4529 prOpterea
1359 4455 1588 4509 scilicet
1617 4454 1774 4525 quod
1804 4471 1838 4510 ο.
1867 4453 2047 4509 bono-

392 4567 528 4606 rum
559 4553 712 4606 coatu
759 4551 966 4604 auctor
1019 4543 1119 4600 ille
1177 4544 1472 4600 malorum
1502 4543 1736 4598 avulsus
1769 4547 1943 4614 esset,
1977 4561 2044 4599 ac

2166 3557 2344 3630 δεθείη
2403 3564 2508 3614 τῶν
2569 3556 2761 3628 ὅντων,
2821 3567 2916 3618 τοῦ
2977 3567 3245 3642 μακαρίου
3285 3556 3695 3650 καὶπαμςραοῦς
3725 3569 3818 3629 ἔνο

2161 3669 2254 3711 τος
2285 3643 2545 3735 ᾀποστᾶς,
2597 3651 2758 3730 ζόφος
2805 3673 2864 3708 τε
2911 3655 3174 3731 γεγονὼς,
3227 3657 3316 3712 καὶ
3364 3659 3486 3734 περί
3537 3643 3598 3714 τὸ
3641 3664 3716 3735 μή
3754 3661 3818 3720 ὂν

2155 3739 2252 3808 τήν
2301 3733 2544 3794 δοθεῖσαν
2591 3740 2744 3812 αὐτῷ
2791 3742 2926 3798 κατὰ
2976 3765 3131 3822 φυσιν
3171 3747 3360 3822 νοερᾶν
3403 3733 3653 3804 δαπανῶν
3707 3747 3812 3806 δό-

2154 3847 2338 3900 ναμιν,
2397 3827 2470 3890 ὣς
2526 3849 2630 3882 που
2709 3828 2798 3884 καὶ
2874 3831 3124 3906 Μάξιμος
3183 3838 3211 3888 ὁ
3261 3837 3536 3900 θεσπέσιος
3595 3836 3810 3913 εἷ’ρηκε“

2153 3916 2390 3991 καθάπερ
2452 3917 2512 3971 οὗ
2567 3919 2851 3994 φωτεινὸν,
2929 3919 2956 3975 ὃ
3033 3925 3129 3977 τοῦ
3189 3925 3516 4000 φωτίζοντος
3571 3925 3815 4004 ἔρημον,

2197 4002 2269 4026 7M
2376 4009 2402 4020 -ι
2603 4009 2630 4038 ,κ
2742 4013 2769 4024 η-
2867 4016 2894 4026 α-
3073 4014 3103 4024 ~
3225 4013 3238 4033 ν
3287 4014 3298 4034 ι
3501 4017 3513 4036 ι
3601 4002 3608 4004 ἡ
3735 4017 3750 4036 \
3805 4002 3811 4004 ⁷

2155 4023 2281 4062 oues
2341 4012 2442 4075 ζων
2477 4006 2504 4060 ὁ
2563 4029 2637 4080 μη
2703 4030 2782 4080 τῳ
2827 4031 2928 4079 της
2987 4016 3129 4080 Cum:
3188 4034 3348 4087 αιτιῳ
3379 4035 3574 4072 συνων.
3609 4021 3690 4072 Δι’
3720 4021 3813 4088 ὃν,

2155 4094 2332 4166 οἶμαι,
2397 4092 2565 4170 λόγον
2634 4099 2726 4148 καί
2796 4098 2934 4170 μετά
2997 4099 3088 4153 τὸν
3145 4103 3388 4174 κρημνὸν
3452 4102 3655 4160 ἐκεῖνον
3707 4113 3813 4162 τοῦ

2153 4183 2460 4238 ἂποστάτου
2535 4184 2671 4238 κατά
2748 4187 2865 4258 μεθ’
2946 4183 3258 4263 ὑπερϐολῆς
3334 4192 3362 4246 ὁ
3439 4192 3569 4256 Θεὸς
3633 4196 3819 4253 πάντα

2150 4279 2465 4350 προσεῖπεν,
2525 4275 2617 4330 ἅτε
2670 4279 2768 4332 τοῦ
2818 4275 3022 4334 κύκλου
3080 4284 3188 4335 τῶν
3247 4282 3431 4339 καλῶν
3485 4283 3816 4362 ἐκραγέντος

2148 4367 2245 4420 τοῦ
2297 4365 2631 4440 ἀρχεκάκου,
2689 4365 2780 4422 καὶ
2843 4367 3005 4424 οἱονεὶ
3079 4374 3428 4446 τεθνηκότος,
3488 4373 3522 4445 ἦ
3588 4376 3812 4451 μᾶλλον

2151 4451 2558 4546 διαφθαρέντος,
2617 4456 2709 4511 καὶ
2763 4453 2852 4511 δια
2899 4462 3066 4514 τοῦτο
3126 4465 3256 4516 πᾶσι
3327 4464 3405 4538 μὴ
3470 4484 3816 4546 περιγραφο..

2157 4541 2324 4615 μένου
2351 4548 2468 4605 τοῖς
2503 4545 2672 4602 οὖσιν.

392 4638 824 4711 propemodum
850 4641 1140 4705 mortuus,
1175 4651 1280 4691 seu
1309 4633 1506 4706 potius
1554 4638 1868 4706 corruptus
1915 4637 2092 4704 atque
2141 4634 2286 4690 adeo
2323 4634 2480 4690 inter
2524 4635 2756 4708 reliqua
2786 4637 3006 4712 omnia,
3039 4657 3170 4712 qua)
3196 4645 3518 4713 exstarent,
3552 4644 3812 4705 minime

390 4729 722 4783 recensitus
751 4729 882 4798 (82).

461 4827 509 4862 ⁸ο
539 4829 706 4882 Rom.
741 4843 862 4896 vm,
889 4830 978 4886 21.
1054 4827 1098 4864 ³⁸
1129 4824 1258 4882 Jud.
1293 4827 1345 4882 6.
1423 4821 1472 4860 ⁵³
1505 4811 1704 4884 Matth.
1733 4843 1862 4895 xxv,
1898 4829 1986 4884 41.

2165 4828 2280 4884 ien.
2316 4843 2354 4891 Ῑ,
2389 4829 2477 4882 31.

1708 4927 1852 4988 Ant.
1915 4925 2217 4987 Ballerini
2281 4929 2469 4986 notae.

459 5033 568 5114 (_81)
599 5033 678 5114 Ex
709 5031 802 5114 his
822 5031 1329 5114 _patet,__ls_idorum
1353 5031 1424 5089 ab
1449 5032 1524 5114 iis
1551 5032 2028 5114 non_di_ssentire,
2062 5035 2108 5100 Ι)
2143 5031 2382 5114 nomiaa,
2416 5035 2895 5114 quam‘cumsuis
2927 5037 3212 5114 creaturis
3235 5039 3388 5114 Deus
3415 5045 3708 5114 servarit),
3741 5045 3812 5102 id

387 5105 488 5176 qui
517 5103 749 5176 putant,
783 5103 958 5176 etiam
991 5103 1245 5176 diabolo,
1269 5103 1410 5160 dum
1433 5105 1626 5160 adhuc
1645 5104 1832 5160 viator
1854 5109 2030 5176 esset,

383 5175 492 5248 per
507 5175 762 5230 divinam
780 5175 1352 5248 clementiam,quam
1369 5177 1640 5248 pervicax
1655 5175 2028 5248 contempsit,

383 5244 643 5318 aliquem
675 5244 1065 5318 resipiscendi
1117 5245 1314 5300 locum
1371 5244 1644 5302 relictum
1676 5247 1858 5302 fuisse
1891 5244 2028 5317 (vid.

383 5317 614 5385 Suarez,
639 5320 708 5372 De
739 5317 1107 5390 angelis,_lib.
1141 5333 1255 5384 vm,
1287 5333 1413 5386 cap.
1439 5319 1490 5390 1)
1517 5335 1529 5371 :
1555 5325 1611 5370 et.
1633 5320 1746 5374 huc
1779 5323 2026 5390 spectat,

382 5390 539 5460 quod
600 5387 1032 5460 auctor’paulo
1091 5393 1227 5460 ante
1285 5388 1655 5457 prmmiserat
1708 5387 2021 5460 inquiens:

378 5459 627 5516 Perstitit
659 5463 768 5517 illis
797 5459 1111 5517 se’miseriis
1164 5459 1455 5532 obiectans.
1493 5463 1546 5511 in
1579 5477 1713 5532 quas
1739 5459 2027 5532 prolapsus

375 5537 581 5600 fuerat.
644 5535 808 5598 Quod
867 5550 1002 5603 ergo
1065 5530 1230 5586 addit
1289 5531 1568 5592 Isidorus,
1622 5530 1919 5588 diabolum
1952 5533 2022 5586 ad

378 5621 760 5660 communem
817 5605 1085 5660 laetitiam
1117 5607 1596 5675 ivocatum_non
1654 5604 1838 5660 fuisse
1869 5614 2024 5675 (quas

375 5675 619 5758 quidem
641 5677 836 5758 pptius
854 5691 1041 5758 quam
1063 5674 1136 5732 ad
1158 5679 1394 5758 tempus
1417 5673 1732 5758 dominica:
1753 5673 2025 5731 incarna-

373 5747 573 5818 tionis,
599 5747 912 5806 referenda
930 5747 1260 5821 generatim
1285 5747 1436 5805 sunt
1464 5747 1538 5804 ad
1567 5747 1841 5804 ordinem
1871 5763 2021 5802 seco-

2140 5120 2262 5184 non
2311 5102 2384 5184 de
2429 5107 2662 5184 negata
2691 5105 2892 5184 aliqua
2939 5109 3244 5184 vocatione
3277 5111 3352 5166 ad
3380 5102 3810 5182 paenitentiam

2141 5173 2553 5258 accipiendum
2581 5180 2690 5244 est,
2723 5173 2838 5258 sed
2857 5177 2928 5258 de
2961 5179 3304 5258 exclusione
3325 5199 3359 5237 a
3379 5173 3807 5258 participandci

2138 5243 2542 5328 gaudio-quod
2561 5243 3108 5328 reconciliationem
3140 5243 3429 5322 sequitur.

2209 5316 2318 5402 ('83)
2355 5317 2489 5372 Haec
2515 5317 2838 5402 sciliceteo
2872 5338 3049 5402 sensu
3080 5316 3424 5402 accipienda
3447 5333 3812 5402 sunt,quern

2135 5389 2191 5465 ξ.
2233 5389 2484 5443 Thomas
2517 5388 2613 5465 (_l_)e
2641 5392 2773 5465 mal.
2824 5410 2880 5463 q.
2918 5396 3002 5461 16,
3035 5401 3142 5448 art.
3177 5388 3229 5459 5',
3271 5397 3344 5452 ad
3382 5399 3428 5465 Ι)
3459 5399 3547 5454 sic
3581 5388 3751 5456 efiert
3783 5421 3810 5458 :

2133 5461 2287 5542 liena
2317 5461 2606 5542 naturalia
2636 5464 2696 5542 in
2725 5461 3162 5542 angelisjmalis)
3187 5475 3313 5522 sunt
3345 5461 3563 5538 integra
3606 5489 3812 5542 quan-

2098 5585 2108 5595 ,
2135 5536 2248 5614 tuin
2270 5533 2479 5614 attinet
2504 5531 2578 5614 ad
2601 5531 2817 5614 natura?
2844 5531 3095 5614 ordinem
3116 5555 3128 5606 ;
3153 5551 3278 5594 sum
3300 5531 3482 5594 tamen
3501 5531 3811 5614 corrupta,

2132 5600 2217 5656 vel
2247 5602 2572 5686 depravata,
2604 5620 2698 5686 seu
2728 5607 3023 5686 imminuta
3065 5600 3170 5680 per
3216 5600 3686 5682 comparatione”;
3717 5600 3820 5673 αεὶ

2133 5679 2493 5744 capacitatem
2523 5679 2719 5746 gratiae
2749 5679 2834 5735 vel
2854 5680 3065 5750 gloria.
