4104 6300
296 432 351 489 ἠ
1092 427 1360 489 samo
1401 420 1477 489 IN
1527 409 2269 489 ANNUNTIATIONEM
2314 427 2385 487 B.
2433 430 2509 490 ν.
2556 426 2855 490 MARI/E.
3606 435 3686 497 τε

364 567 421 626 ς’.
453 562 655 633 Ἐξ’ὦν
717 558 782 615 δὲ
857 561 947 615 καὶ
1003 558 1255 635 ἀνωτέρω
1319 559 1655 639 πρὸεφημεν,
1686 559 1771 615 ὅτι
1824 566 1924 631 τῆς
1956 562 2012 631 Α

307 654 576 729 ἅπανταχοῦ
626 649 988 721 διαδοθείσης
1036 655 1209 725 χαρᾶς
1268 651 1428 725 μόνος
1478 651 1506 704 ὁ
1539 648 1727 713 δόλιος
1777 650 1929 727 ἄγευ-

305 764 418 813 στος,
443 748 545 799 τῶν
576 764 634 798 τε
681 740 799 812 ἤδη
867 740 1277 815 ῥηθησομένων,
1327 743 1474 797 τοῦτ⁸
1522 741 1581 797 ἄν
1632 764 1713 804 τις
1745 740 1919 797 αἶ’τιον

298 831 382 887 ἴδοι
446 838 681 897 σκοπεῖν,
753 831 846 886 καὶ
919 830 1069 893 ὅπως
1132 831 1224 886 τὸν
1284 829 1569 905 ἄνθρωπον
1630 832 1760 892 Θεὸς
1825 831 1920 896 μὲν

295 919 463 977 ἔσωσεν
502 920 824 991 ἐκπεσόντα,
867 921 958 975 τὸν
1002 918 1059 974 δὲ
1113 918 1370 994 τύραννον
1427 918 1525 975 οὐκ
1580 920 1919 994 ἀνώρθωσεν,

293 1009 449 1085 Ἀδὰμ
512 1012 602 1083 μὶν
662 1011 776 1085 γὰρ
836 1012 930 1064 καὶ
988 1012 1022 1077 ἡ
1085 1008 1284 1083 βοηθὸς
1353 1005 1476 1062 οὔτε
1531 1010 1658 1084 παρ’
1715 1010 1919 1063 ἑαυτῶν

297 1098 694 1173 ἒκαινοτόμησαν
745 1100 810 1153 τὸ
878 1095 1073 1169 δεινὸν,
1129 1099 1219 1151 καὶ
1275 1094 1571 1159 κλαπέντες
1641 1093 1753 1151 οὔτ’
1818 1095 1918 1151 ἅλ-

296 1189 394 1252 λοις
464 1189 717 1266 φθονερὸν
799 1187 1086 1263 ἐπαφῆκαν
1165 1185 1348 1261 βέλος·
1426 1187 1517 1241 καὶ
1594 1182 1917 1262 ἐκρῦϐησαν,

290 1280 401 1354 ὅπερ
432 1278 783 1354 ὀδυρομένων
817 1278 887 1347 ἦν
916 1280 1015 1347 τήν
1062 1277 1270 1347 ἀπάτην
1322 1276 1413 1331 καὶ
1462 1277 1560 1345 τὴν
1611 1277 1916 1352 συμφοράν.

285 1371 600 1445 ’ῌσχῦνοντο
631 1370 739 1445 γὰρ
785 1365 880 1422 διὰ
926 1368 1024 1435 τήν
1083 1367 1386 1443 γύμνωσιν,
1442 1366 1637 1420 ὡσανεί
1694 1366 1918 1427 ἑαυτοὺς

286 1460 523 1537 ἀφανίσαι
562 1459 925 1533 πειρώμενοι,
960 1459 1048 1511 οἶα
1115 1457 1229 1520 ἀνθ’
1279 1453 1436 1526 οἵων,
1478 1454 1738 1530 αἶ’σχιστα
1768 1455 1920 1519 ’ὁπως

283 1548 387 1605 ἀντὶ
418 1552 625 1622 σεμνῶν
658 1546 902 1616 ε’ἶλοντο,
937 1543 1282 1618 δακνόμενοι,

2114 564 2204 617 VI.
2248 564 2332 617 Ex
2382 563 2455 618 iis
2512 580 2711 635 porro,
2774 581 2903 634 quas
2973 570 3032 619 et
3088 566 3361 637 superius
3408 567 3687 638 diximus,

2041 653 2202 723 quod
2232 670 2447 724 nempe
2480 654 2643 708 solus
2674 649 2778 707 ille
2811 655 3051 711 dolosus
3099 657 3299 728 gaudii
3328 658 3549 730 ubique
3580 660 3688 716 dif-

2035 741 2153 797 fusi
2188 744 2484 813 particeps
2544 743 2889 798 nullatenus
2933 746 3132 813 fuerit,
3185 753 3242 801 et
3291 764 3360 802 ex
3400 749 3493 815 iis,
3555 766 3685 820 qua)

2034 849 2168 885 mox
2201 830 2455 886 dicenda
2486 836 2679 898 erunt,
2706 849 2968 900 causam,
2992 851 3100 889 cur
3125 836 3280 890 Deus
3302 836 3533 907 lapsum
3556 840 3685 908 qui-

2034 922 2168 977 dem
2196 922 2505 978 hominem
2536 923 2885 992 restituerit,
2922 928 3243 995 tyrannum
3273 943 3413 981 vero
3446 944 3479 982 a
3510 927 3681 999 lapsu

2032 1028 2152 1067 non
2195 1013 2470 1081 erexerit,
2530 1012 2684 1067 hanc
2734 1013 3004 1083 quisquis
3052 1015 3391 1085 perspicere
3441 1019 3675 1087 poterit.

2033 1100 2334 1172 Siquidem
2356 1102 2563 1167 Adam,
2590 1106 2647 1155 et
2675 1119 2805 1172 quaa
2830 1102 2911 1157 illi
2935 1102 3071 1158 data
3100 1103 3212 1158 fuit
3240 1106 3585 1174 adjutorinm
3606 1106 3673 1176 ⁵⁸,

2030 1204 2223 1259 neque
2256 1207 2327 1244 ex
2356 1208 2416 1243 se
2450 1190 2592 1261 ipsis
2624 1189 2850 1245 malum
2886 1196 3021 1246 sunt
3052 1192 3264 1262 moliti,
3288 1199 3677 1265 neque,post-—

2030 1282 2207 1349 quam
2240 1279 2468 1350 decepti
2497 1284 2653 1345 sunt,
2688 1280 2953 1335 invidum
2983 1281 3045 1335 in
3066 1281 3215 1336 alios
3238 1283 3421 1338 telum
3445 1290 3677 1340 contor-

2029 1372 2279 1435 serunt;
2311 1367 2386 1423 ad
2419 1369 2565 1433 hanc,
2608 1368 3050 1427 absconderant
3095 1389 3248 1439 sese,
3290 1374 3446 1443 quod
3490 1374 3672 1430 immo

2028 1460 2335 1531 proprium
2367 1459 2605 1515 illorum
2636 1465 2744 1526 est,
2781 1463 2880 1533 qui
2907 1480 3168 1519 errorem
3192 1468 3250 1519 et
3275 1464 3674 1522 calamitatem

2026 1548 2863 1619 plorent.Verecundabantur
2883 1552 3044 1607 enim
3065 1558 3307 1624 propter
3319 1553 3674 1623 nuditatem,

280 1646 331 1698 et
355 1639 783 1714 propemodum
831 1656 895 1693 se
946 1638 1105 1708 ipsos
1159 1654 1188 1692 e
1236 1636 1432 1691 medio
1493 1636 1703 1691 tollere
1751 1637 2192 1705 adnitebantur,
2244 1654 2379 1693 cum
2422 1639 2576 1693 acris
2624 1655 2724 1694 eos
2778 1656 2919 1696 cura
2961 1642 3282 1715 morderet,
3336 1645 3495 1716 quod
3549 1646 3677 1702 hmo

277 1750 370 1806 pro
397 1731 541 1799 illis,
574 1728 932 1800 turpissima
961 1727 1189 1782 scilicet
1218 1744 1324 1798 pro
1354 1726 1813 1794 honestissimis,
1844 1725 1958 1781 sibi
1990 1725 2327 1799 elegissent.

337 1821 391 1877 Ὀ
420 1816 478 1874 δὲ
522 1821 839 1891 κακοῦργος
907 1816 995 1869 καὶ
1060 1818 1277 1888 πρῶτος
1340 1814 1616 1888 ἐτόλμησε
1669 1815 1768 1882 τὴν
1825 1834 1915 1869 κα·

2106 1820 2212 1872 Ast
2242 1818 2343 1872 ille
2376 1817 2683 1890 improbus
2715 1823 2774 1874 et
2802 1820 3029 1891 primus
3059 1821 3300 1893 quidem
3350 1824 3680 1894 nequitiam

272 1910 397 1980 κῖαν,
438 1908 578 1983 πρὸς
621 1902 791 1980 μηδὲν
851 1926 908 1959 τι
972 1907 1222 1959 τοιοῦτον
1282 1901 1494 1958 ἀπιδὼν
1553 1903 1920 1980 παράδειγμα,

270 2000 471 2075 ἆγςιῢῷν
512 1997 627 2072 οὐχ
694 1995 898 2064 ἣκιστα
965 1991 1191 2048 πολλῶν
1257 1991 1649 2064 ἀνθελκόντων,
1709 1990 1916 2047 ἅπαντα

266 2092 358 2167 γὰρ
405 2079 471 2158 ἦν
530 2090 633 2157 τήν
688 2090 787 2141 τοῦ
835 2082 1224 2160 πλαστουργοῦ
1273 2084 1515 2153 σώζοντα
1568 2087 1769 2161 ψῆφον,
1825 2085 1913 2139 καὶ

268 2180 446 2242 ἄλλοις
476 2182 582 2232 τοῦ
637 2175 911 2249 ποτηρίου
960 2176 1060 2237 τῆς
1113 2174 1424 2249 μοχθηρίας
1478 2169 1764 2246 μετέδωκε.
1811 2174 1914 2230 Καὶ

267 2271 362 2347 οὐχ
395 2268 488 2325 ’ἕνα
527 2267 563 2337 ἢ
610 2263 709 2320 δύο
768 2263 1101 2338 κρημνίσας,
1218 2250 1305 2316 κάξ
1366 2263 1577 2332 ἑκατὸν,
1639 2255 1765 2332 ἔστη
1817 2283 1909 2317 κο-

264 2362 458 2438 pas-937.;
525 2364 626 2416 τοῦ
686 2357 879 2438 φόνοψ
946 2353 1072 2410 ἀλλ’
1134 2354 1176 2409 εἷ
1247 2354 1366 2408 οἷόν
1432 2375 1491 2408 τε
1556 2355 1644 2423 ἦν,
1711 2357 1913 2427 πτῶμα

263 2451 307 2506 ἐ)
324 2451 486 2506 eum
521 2444 848 2522 ἀνθρώπους
880 2449 1165 2519 προθεῖναι
1193 2442 1419 2511 πάντας,
1469 2442 1561 2497 καὶ
1615 2446 1747 2497 Θεοῦ
1791 2465 1913 2520 χω-

260 2550 434 2617 ρῆσαι,
494 2540 587 2594 καὶ
648 2535 839 2614 γεέννῃ
888 2532 1273 2608 παραπέμψαι,
1322 2531 1422 2587 οὐκ
1498 2533 1558 2586 ἅν
1616 2532 1749 2586 εἶναι
1808 2534 1906 2602 τὴν

257 2631 436 2686 κακίαν
472 2632 500 2684 ὁ
553 2627 851 2702 ἀλιτήριος
901 2624 1092 2691 ἱκανὴν
1130 2620 1372 2695 ἒνόμισε’
1414 2635 1623 2699 τρυφήν
1672 2621 1729 2676 δὲ
1762 2620 1904 2695 μᾶλ-

260 2721 357 2775 λον
383 2720 472 2773 καὶ
501 2716 709 2787 ἡδονὴν
736 2716 831 2771 τὸν
865 2715 1107 2769 πλοῦτον
1130 2719 1229 2782 τῆς
1262 2716 1565 2791 συμφορᾶς.
1612 2711 1709 2765 Καὶ
1761 2712 1907 2765 τοῦτ’

263 2811 321 2863 ἄν
371 2808 621 2882 ἐπράχθη
662 2811 737 2877 τῷ
786 2826 849 2880 γε
899 2801 1108 2857 ἐκείνου
1162 2803 1336 2875 μέρει,
1397 2799 1446 2855 εἴ
1495 2802 1571 2873 μὴ
1623 2799 1754 2861 Θεὸς
1803 2801 1903 2866 τήν

258 2898 419 2953 αὐτοῦ
478 2897 596 2951 καθ’
652 2897 812 2967 ἡμῶν
856 2893 1045 2968 ἒπεῖγε
1103 2890 1319 2965 μανίαν,
1376 2891 1474 2959 τὴν
1548 2888 1679 2962 ὑπὲρ
1742 2890 1904 2960 ἡμῶν

249 2988 325 3044 de?
355 2988 613 3064 πρόνοιαν
644 2983 1081 3056 ἐνδεικνύμενος.

2035 1912 2124 1962 est
2152 1924 2352 1977 ausus,
2431 1925 2566 1963 cum
2643 1909 2962 1981 quodpiam
3040 1911 3330 1982 ejusmodi
3395 1913 3677 1969 facinoris

2029 1998 2332 2069 exemplar
2356 2016 2475 2069 prae
2508 1998 2696 2054 oculis
2729 1999 2958 2054 nullum
2978 2001 3301 2066 habuisset,
3319 2003 3463 2073 quin
3487 2005 3677 2061 multa

2025 2089 2220 2159 potius
2246 2088 2403 2142 bona
2434 2089 2494 2143 in
2526 2090 2888 2144 contrarium
2921 2088 3115 2162 ipsum
3149 2093 3673 2165 traherent,quan-

2024 2175 2344 2247 doquidem
2370 2177 2694 2233 conditoris
2724 2178 3009 2234 voluntati
3044 2180 3525 2253 obsequebantur
3540 2201 3669 2239 om-

2022 2265 2143 2331 nia,
2179 2271 2238 2319 et
2266 2271 2555 2337 praeterea
2584 2265 2717 2322 aliis
2746 2284 2981 2340 quoque
3026 2270 3307 2341 poculum
3333 2272 3667 2344 iniquitatis

2021 2355 2372 2425 propinavit.
2406 2357 2605 2427 Neque
2636 2373 2770 2412 vero
2802 2357 3095 2430 ejusmodi
3146 2376 3281 2416 eum
3334 2362 3523 2417 cazdes
3572 2378 3669 2418 sa-

2021 2443 2206 2508 tiavit,
2238 2449 2304 2498 ut
2336 2461 2523 2499 unum
2552 2451 2655 2501 aut
2685 2446 2850 2512 duos,
2886 2452 2986 2503 aut
3018 2449 3194 2504 etiam
3227 2455 3465 2507 centum
3515 2469 3666 2525 prae-

2021 2534 2230 2603 cipites
2262 2532 2449 2599 daret,
2483 2535 2586 2589 sed
2618 2552 2812 2607 neque
2845 2536 2893 2589 si
2925 2538 3217 2608 potuisset
3268 2556 3477 2596 omnes
3506 2557 3671 2612 pror-

2021 2638 2120 2675 sus
2152 2621 2425 2676 homines
2456 2623 2797 2679 miseranda
2819 2626 2992 2681 ruina
3011 2627 3308 2683 involutos
3331 2629 3669 2695 ostendere,

2020 2714 2078 2763 ct
2108 2711 2226 2764 Deo
2259 2711 2508 2781 privare,
2557 2717 2614 2765 et
2662 2713 2721 2766 in
2768 2714 3098 2785 gehennam
3149 2716 3499 2787 prorudere,
3553 2726 3674 2774 sua")

2021 2800 2163 2854 satis
2193 2801 2463 2870 pravitati
2495 2800 2716 2854 factum
2744 2803 3027 2857 exitiosus
3057 2804 3159 2858 ille
3181 2810 3489 2875 putasset;
3525 2806 3670 2876 quin

2020 2889 2199 2943 etiam
2223 2892 2400 2942 tanta)
2433 2888 2683 2943 miseriae
2725 2890 3032 2946 cumulum
3085 2910 3221 2948 suas
3274 2894 3377 2948 ille
3430 2895 3673 2951 delicias

2018 2992 2425 3048 summamque
2455 2977 2798 3033 beatitatem
2829 2978 3113 3070 duxisset.
3148 2984 3218 3037 Et
3259 2983 3370 3039 hoc
3404 2985 3665 3070 quidem,

244 3088 528 3152 quantum
564 3096 637 3133 ex
668 3078 801 3149 ipso
833 3079 985 3141 erat,
1019 3074 1383 3146 contigisset,
1415 3070 1533 3127 nisi
1565 3071 1739 3139 Deus,
1765 3069 1865 3140 qui
1899 3084 2066 3124 suam
2100 3083 2237 3139 erga
2266 3083 2374 3122 nos
2413 3066 2849 3138 providentiam
2898 3069 3123 3142 jugiter
3170 3072 3450 3142 ostendit,
3502 3066 3665 3131 illius

240 3178 439 3227 contra
469 3186 586 3225 nos
616 3169 881 3223 furorem
915 3164 1299 3220 cohibuisset.

307 3261 442 3315 Εἶτα
473 3258 579 3313 οὐκ
623 3254 944 3330 αἰσχύνεται
994 3255 1219 3307 τοιαῦτα
1265 3250 1537 3326 πράττων·
1574 3246 1688 3304 οὐδ’
1738 3246 1893 3303 ἐλέου
1937 3249 1979 3315 C

244 3346 487 3419 διενοήθη
525 3348 776 3421 ῥήματα,
811 3340 926 3398 οὐδ’
954 3340 1040 3396 ὅτι
1072 3340 1138 3396 τὰ
1167 3338 1422 3415 δρώμενα
1470 3336 1759 3414 βδελυκτᾶ,
1813 3335 1903 3390 καὶ

248 3437 429 3509 μίσους
507 3434 690 3509 χείρω
774 3432 1004 3498 παντὸς,
1083 3428 1413 3505 κρύπτεσθαι
1509 3424 1900 3501 μεμελέτηκεν·

244 3526 385 3581 ἀλλὰ
426 3524 889 3600 παρρησιάζεται,
942 3522 1035 3575 καὶ
1083 3518 1272 3595 χαίραι
1319 3522 1388 3594 τῇ
1437 3515 1764 3594 κακουργίᾳ,
1813 3514 1905 3569 καὶ

252 3616 570 3687 σεμνύνεται
600 3618 722 3673 τοῖς
780 3611 1174 3685 μηχανήμασι,
1222 3606 1311 3661 καὶ
1358 3605 1726 3681 ἀναισχύντως
1776 3602 1902 3667 τοὺς

250 3704 566 3777 ἀμέμπτους
597 3702 869 3772 ἐπιζητεῖ,
909 3699 985 3760 ὡς
1033 3697 1124 3753 καὶ
1183 3700 1217 3766 ἡ
1263 3697 1402 3751 κατὰ
1447 3696 1538 3750 τὸν
1583 3689 1711 3751 Ἰὼϐ
1764 3714 1905 3770 παρ-

258 3793 459 3864 ίστησιν
498 3791 740 3867 ἱστορία.

326 3885 398 3940 Ζ’.
430 3884 526 3938 Δια
552 3886 724 3937 τοῦτο
753 3878 1041 3955 ἄνθρωπος
1094 3878 1207 3953 μὲν,
1257 3879 1396 3952 μήτε
1447 3876 1635 3931 κακίαν
1688 3872 1907 3950 ἐξευρη-

258 3974 389 4043 κὼς,
443 3976 585 4047 μήτε
643 3970 900 4048 φανείσης
966 3965 1311 4042 μεταδιδοὺς,
1369 3963 1518 4021 ἀλλᾶ
1573 3963 1661 4020 καὶ
1718 3964 1904 4028 παθὼν

261 4063 344 4115 καὶ
377 4060 730 4136 ὀδυρόμενος,
782 4056 968 4114 οἷ’κτου
1016 4055 1108 4111 καὶ
1158 4057 1224 4126 ἦν
1273 4050 1444 4125 ἄξιος,
1492 4054 1580 4108 καὶ
1615 4052 1907 4127 τετύχηκε,

267 4153 549 4225 Πράγματι
606 4152 734 4225 γὰρ,
786 4149 831 4203 εἰ
880 4147 972 4202 καὶ
1018 4147 1094 4219 μὴ
1145 4146 1377 4219 ῥήμασι,
1438 4144 1529 4198 τὸν
1587 4139 1740 4198 ἔλεον
1799 4141 1912 4211 ἐξε-

266 4239 497 4296 καλεῖτο.
544 4241 619 4297 Τὸ
680 4233 953 4313 κρυϐῆναι
1003 4236 1106 4308 γὰρ
1157 4232 1461 4295 δεικνύντος
1508 4233 1572 4303 ἦν
1637 4231 1770 4306 μέγα
1825 4252 1910 4285 τι-

266 4330 407 4390 gina
436 4331 494 4385 τὸ
525 4326 792 4401 ἀδίκημα,
853 4327 928 4387 ὡς
982 4321 1125 4398 μηδὲ
1173 4324 1322 4401 φωνὴ
1375 4320 1586 4399 θαῤῥεῖν
1641 4321 1911 4394 προϊέναι,

266 4416 302 4484 ἦ
356 4421 541 4476 ἑαυτὸν
598 4416 936 4493 παραδεῖξαι.
1000 4416 1092 4484 Τῷ
1151 4408 1207 4466 δὲ
1265 4412 1640 4485 παμπονήρῳ,
1699 4406 1767 4465 τὰ
1813 4407 1910 4463 κά-

267 4510 423 4564 κιστά
474 4531 532 4566 τε
596 4505 1041 4580 διανοησαμένῳ,
1096 4502 1187 4557 καὶ
1250 4504 1366 4565 καθ’
1425 4501 1616 4556 ἑαυτοῦ
1689 4497 1914 4575 διαπρα-

263 4596 493 4671 ξαμένῳ,
520 4601 748 4655 καὶτῶν
806 4594 1024 4666 ἄλλων,
1084 4593 1174 4647 καὶ
1227 4590 1353 4666 μηδ’
1411 4592 1593 4647 ὁτιοῦν
1623 4588 1674 4662 ἐξ
1707 4589 1911 4645 ἐκείνου

262 4688 665 4766 καῧυρὲντιτῆς
734 4686 951 4763 μανίας,
1010 4683 1293 4757 στέργοντι
1344 4679 1401 4735 8‘s
1447 4681 1546 4748 τὴν
1595 4680 1776 4735 νόσον.
1819 4679 1909 4734 καὶ

262 4772 445 4850 ἰατρὸν
508 4783 834 4854 παρορῶντι,
906 4773 1001 4830 καὶ
1060 4770 1151 4825 τὸν
1214 4766 1365 4827 ἔλεον
1425 4768 1911 4845 ἆποστρὲφομένῳ,

261 4867 383 4925 πῶς
430 4865 487 4920 ἄν
536 4866 747 4936 ἰαθῆναι
796 4859 1020 4940 γένοιτό
1070 4879 1222 4929 ποτε,
1299 4856 1357 4920 ὅς
1417 4877 1480 4931 γε
1534 4855 1626 4911 καὶ
1685 4857 1750 4910 τὰ
1796 4859 1913 4916 τοῖς

261 4947 460 5017 ἄλλοις
505 4957 756 5033 φάρμακα
818 4949 1039 5009 οἰκείαν
1097 4947 1297 5023 ἥγηται
1346 4947 1625 5031 βάσανον;
1676 4946 1738 5000 Τί
1787 4943 1914 5019 γὰρ,

262 5044 452 5117 φησὶν,
502 5046 620 5120 ἐμοὶ
665 5047 754 5104 καὶ
809 5043 925 5117 σοὶ,
979 5041 1163 5109 Ἰησοῦ
1214 5058 1230 5111 ;
1308 5038 1513 5102 Ἥλθες
1567 5037 1675 5113 πρὸ
1720 5038 1917 5111 καιροῦ

333 5171 378 5210 ⁸⁸
414 5174 551 5232 Gen.
583 5191 642 5233 ιι.
678 5178 756 5232 18.

3651 3183 3668 3214 ἳ

2078 3247 2328 3318 Insuper
2343 3264 2477 3301 vero
2491 3246 2641 3302 nihil
2654 3248 2839 3319 ipsum
2854 3250 2997 3305 talia
3015 3256 3447 3324 perpetrantem
3460 3255 3642 3326 pudet

2018 3342 2214 3404 neqUe
2237 3335 2433 3403 verba,
2452 3335 2665 3408 quibus
2684 3338 3153 3396 misericordiam
3171 3348 3420 3414 peteret,
3445 3344 3664 3416 cogita-

2015 3424 2098 3477 vit
2112 3430 2586 3497 unquam,neque
2602 3427 3020 3497 latebras,utut
3034 3432 3393 3488 exsecranda
3406 3434 3522 3487 sint
3541 3434 3589 3503 ej
3600 3451 3667 3488 us

2017 3510 2281 3568 facinora
2297 3519 2355 3569 et
2367 3516 2747 3570 exsecrandis
2763 3517 3026 3573 omnibus
3041 3518 3338 3575 deteriora
3350 3521 3669 3592 aliquando

2022 3607 2312 3675 quaesivit;
2334 3607 2437 3662 sed
2451 3608 2637 3663 libere
2653 3610 3228 3682 exsultat,etiniquis
3245 3613 3405 3667 ausis
3418 3613 3669 3682 laetatur,

2021 3698 2079 3748 et
2092 3695 2214 3748 suis
2228 3695 2725 3753 machinamentis
2738 3699 3112 3770 gloriatur,et
3133 3701 3469 3775 inculpatos
3483 3701 3674 3775 impu-

2019 3784 2230 3839 denter
2243 3786 2513 3856 exagitat,
2530 3788 3282 3857 proutetiamhistoriaJobi
3300 3791 3489 3862 palam
3508 3792 3669 3847 facit.

2094 3862 2209 3927 VlI.
2244 3874 2639 3939 Quamobrem
2670 3873 2847 3929 homo
2890 3876 3154 3946 quidem,
3188 3879 3289 3948 qui
3323 3896 3517 3949 neque
3565 3895 3673 3950 per

2022 3964 2086 4018 'se
2134 3963 2513 4033 iniquitatem
2558 3966 3010 4037 excogitaverat,
3064 3972 3256 4037 neque
3323 3967 3387 4022 in
3440 3972 3671 4039 partem

2021 4052 2203 4120 illius,
2238 4071 2370 4123 quae
2402 4053 2662 4110 admissa
2691 4056 2905 4126 fuerat,
2939 4056 3090 4112 alios
3120 4057 3365 4113 vocabat
3396 4060 3526 4131 (83),
3565 4052 3668 4115 sed

2020 4143 2083 4198 in
2113 4144 2336 4199 malum
2386 4149 2717 4215 pertractus
2766 4147 2978 4213 fuerat,
3032 4145 3222 4219 deque
3270 4149 3397 4220 ipso
3453 4150 3669 4207 deinde

2023 4231 2279 4300 dolebat,
2313 4232 2431 4301 hic,
2465 4234 2734 4305 inquam,
2769 4241 2824 4291 ct
2856 4237 3266 4293 misericordia
3287 4239 3498 4310 dignus
3522 4245 3670 4309 erat,

2023 4326 2081 4376 et
2100 4323 2290 4393 ipsam
2317 4323 2566 4395 adeptus
2597 4330 2704 4380 est.
2744 4325 2844 4381 Sin
2868 4327 3067 4382 minus
3084 4328 3245 4382 enim
3268 4329 3481 4395 verbis,
3512 4335 3670 4385 certe

2023 4411 2193 4466 factis
2224 4412 2697 4468 misericordiam
2731 4415 3107 4485 implorabat.
3140 4417 3286 4471 Nam
3318 4417 3477 4488 quod
3521 4418 3672 4472 late-

2024 4498 2160 4556 bras
2192 4506 2505 4571 quaererct,
2556 4502 2797 4559 fatentis
2844 4510 2990 4571 erat,
3040 4521 3321 4576 magnum
3372 4522 3432 4559 se
3482 4505 3674 4561 scelus

2024 4596 2419 4661 perpetrasse,
2452 4592 2535 4647 ita
2560 4597 2625 4647 ut
2653 4609 2847 4663 neque
2878 4610 3079 4648 vocem
3112 4594 3381 4647 emittere
3405 4591 3671 4660 auderet,

2020 4695 2215 4750 neque
2249 4680 2308 4734 in
2357 4681 2612 4737 aliorum
2659 4688 3043 4752 conspectum
3096 4681 3366 4752 prodire.
3419 4683 3493 4737 At
3539 4699 3676 4739 vero

2025 4768 2466 4839 improbissimo
2498 4770 2609 4837 illi,
2643 4770 2743 4841 qui
2774 4772 3032 4842 pessima
3065 4786 3314 4842 quaeque
3348 4775 3403 4827 et
3434 4773 3669 4845 excogi-

2030 4857 2190 4926 tavit,
2225 4862 2284 4911 et
2312 4857 2375 4911 in
2399 4857 2489 4912 sui
2520 4858 2708 4929 ipsius
2730 4860 2904 4929 juxta
2935 4877 3002 4915 ac
3048 4859 3301 4916 aliorum
3346 4863 3673 4934 perniciem

2029 4945 2273 5002 molitus
2305 4950 2413 5013 est,
2449 4951 2507 5000 et
2535 4963 2609 5002 ne
2632 4946 2822 5003 hilum
2841 4948 3084 5019 quidem
3108 4952 3338 5007 remisit
3354 4968 3427 5008 ex
3449 4970 3555 5009 suo
3571 4954 3675 5009 illo

2029 5036 2254 5106 furore,
2289 5036 2509 5109 quique
2537 5042 2593 5092 et
2622 5037 2898 5093 morbum
2943 5056 3117 5097 suum
3173 5042 3354 5098 habet
3396 5043 3678 5099 charissi-

1605 5266 1753 5325 Ant.
1802 5258 2095 5324 Ballerini
2137 5265 2327 5323 notae.

334 5406 442 5479 (83)
474 5412 586 5469 Non
617 5430 683 5471 ea
706 5413 924 5469 mente
958 5404 1089 5458 haec
1121 5400 1192 5479 ab
1215 5401 1445 5479 _Isidoro
1498 5400 1811 5479 dicuntur,
1848 5402 1916 5452 ut

262 5471 475 5542 peccati
494 5485 799 5541 Adamitici
821 5474 1186 5553 propagatio
1212 5471 1913 5553 inposterosdenegetur;

261 5561 393 5607 nam
411 5556 757 5613 catholicum
783 5543 1114 5633 dbgmade
1137 5543 1376 5633 peccato
1400 5543 1673 5633 originali
1692 5543 1917 5633 passim

260 5626 311 5670 et
345 5623 721 5687 disertissime
746 5614 907 5684 alibi
931 5614 1429 5692 proﬁtetur,sic_ut
1449 5614 1919 5692 etdisertissime

256 5690 326 5745 ab
340 5698 593 5769 ejusdem
606 5686 845 5775 peccati
861 5686 1295 5751 communione
1308 5688 1606 5760 Virginem
1619 5686 1925 5756 Deiparam

2024 5392 2283 5451 excludit
2313 5392 2451 5465 (vid.
2488 5396 2645 5452 Hom.
2680 5398 2739 5452 in
2792 5399 3051 5466 Praestent,
3104 5400 3262 5469 Dezp.
3310 5401 3338 5466 §
3383 5399 3470 5465 l3,
3520 5399 3677 5467 part.
3732 5464 3741 5473 ί

2027 5484 2066 5518 1.
2100 5483 2230 5518 nae.
2265 5468 2563 5518 442-445“:
2598 5469 2701 5518 sed
2732 5469 3147 5518 tantummodo
3178 5469 3495 5518 inﬂeiatur.
3522 5466 3679 5518 Ada-

2027 5484 2066 5535 ι,
2100 5483 2238 5549 pag.
2265 5468 2563 5539 442-445):
2598 5469 2702 5524 sed
2732 5469 3147 5553 tantummodo
3178 5469 3495 5531 inﬁciatur,
3522 5468 3679 5547 Ada-

2029 5554 2193 5611 mum
2226 5537 2372 5611 illud
2392 5554 2655 5611 quoque.
2694 5542 2851 5610 quod
2882 5540 3153 5595 diabolus
3182 5540 3672 5611 fecerat,_praesti-

2031 5609 2196 5691 tisse,
2228 5615 2294 5663 ut
2322 5605 2469 5691 alias
2507 5605 2808 5667 creaturas
2833 5610 3356 5691 seduxerit,_atque
3378 5605 3461 5663 ad
3482 5605 3675 5658 rebel-

2034 5680 2282 5737 landum
2312 5682 2592 5739 adversus
2624 5688 2808 5741 Deum
2839 5681 3201 5738 excitaverit.
