4104 6300
292 360 367 419 81
1131 357 1403 419 SERMO
1444 358 1523 418 IN
1565 358 2302 423 ANNUNTIATIONEM
2346 364 2418 423 B.
2465 363 2542 425 ν.
2589 364 2895 424 MARle.
3624 368 3702 426 82

280 508 374 563 ρης
401 493 497 557 τῆς
555 486 770 550 ἐκεῖθεν
837 484 1081 562 ἐγεγόνει
1133 484 1553 562 λαμπρότητος,
1612 489 1687 552 ὡς
1746 488 1937 563 μικρὰν

2062 492 2243 563 pheta
2271 494 2503 566 loquar,
2526 499 2744 566 operuit
2767 496 2901 567 (87),
2934 495 3038 551 sed
3070 501 3127 551 et
3156 500 3314 551 terra
3368 496 3704 568 splendori-

287 577 420 631 εἶναι
473 578 565 645 τὴν
621 573 1040 649 διαλάμψασαν
1100 575 1286 631 ἀκτῖνα
1342 581 1411 650 τῇ
1488 584 1589 647 τῆς
1666 577 1946 654 Πανάγνου

296 668 635 741 μαρμαρυγῇ,
692 664 824 719 ἐπεὶ
886 668 1058 719 ταῦτα
1113 663 1255 720 οὕτω
1314 661 1534 737 συνέϐη,
1595 673 1947 742 τερατουργεῖ

288 757 412 818 Θεὸς
463 756 664 827 ἐξαίσῖα
719 752 822 810 διὰ
879 755 984 822 τῆς
1044 754 1336 829 Παρθένου·
1406 756 1497 810 καὶ
1559 756 1678 812 λύει
1714 758 1806 829 μὲν
1835 761 1941 812 τῶν

284 849 380 900 τοῦ
423 845 680 919 τυράννου
740 849 958 919 χειρῶν
1013 842 1140 905 τοὺς
1193 840 1468 918 δεσμίους,
1526 846 1615 900 καὶ
1677 843 1940 909 δεσπότας

284 934 404 989 ἀντὶ
461 932 700 1001 δούλων,
755 934 822 987 οὗ
878 933 1010 1004 πρὶν
1068 930 1405 1007 ἀνδράποδα,
1459 935 1705 1004 καθιστᾷ·
1766 932 1937 1004 ζάλης

284 1022 341 1079 δὲ
369 1025 458 1078 καὶ
489 1022 719 1084 σκότους
751 1020 1097 1077 ἀπαλλάττει
1123 1021 1185 1076 τὸ
1224 1021 1401 1096 γένος,
1466 1025 1553 1078 καὶ
1611 1025 1709 1092 τὴν
1765 1025 1940 1079 πάντα

285 1117 413 1167 νοῦν
470 1111 841 1187 ὑπερέχουσαν
916 1110 1136 1185 εἰρήνην
1226 1111 1530 1188 χαρίζεται,
1611 1111 1702 1167 καί
1769 1124 1934 1176 θεοει-

288 1197 398 1263 δεῖς
446 1201 805 1276 ἀπεργάζεται
862 1198 995 1260 τοὺς
1051 1198 1377 1273 πολεμίους.
1440 1201 1594 1256 Οὕτω
1653 1200 1925 1275 λαμπρῶς

270 1291 627 1365 ἀπήστραψεν
662 1292 699 1358 ἡ
733 1288 1032 1363 Παρθένος,
1067 1287 1211 1343 οὕτω
1264 1287 1576 1366 ναραδόξως
1625 1289 1932 1364 κατηύγασε

269 1380 407 1441 τοὺς
439 1380 763 1453 ἀνθρώπους
797 1380 810 1434 !

2056 580 2188 649 bus,
2222 582 2323 651 qui
2354 582 2427 636 ab
2454 599 2523 637 ea
2554 583 2905 653 emicabant,
2957 584 3039 639 ita
3071 585 3295 656 repleta
3343 590 3450 649 est,
3479 592 3546 641 ut
3582 603 3705 657 prae

2056 670 2220 726 illius
2237 671 2413 742 plane
2460 673 2843 728 immaculata
2880 673 3108 746 fulgore
3140 675 3322 746 jubar
3350 675 3516 745 astri,
3546 675 3705 746 quod

2053 760 2259 814 orbem
2286 761 2616 827 collustrat,
2649 763 2926 835 exiguum
2983 769 3296 835 appareret
3334 766 3446 837 (88)
3476 782 3489 832 ;
3543 773 3704 837 post-

2053 866 2251 919 quam,
2288 850 2556 920 inquam,
2606 852 2734 907 haec
2778 852 2861 907 ita
2904 854 3298 925 contigerunt,
3332 855 3702 926 praegrandia

2051 938 2204 993 Deus
2252 944 2526 1010 portenta
2555 957 2661 1011 per
2709 940 3003 1011 Virginem
3035 947 3334 1012 operatur,
3370 949 3428 997 et
3469 943 3699 1017 vinctos

2050 1025 2288 1094 quidem
2344 1028 2579 1097 tyranni
2631 1028 2905 1081 manibus
2951 1027 3147 1097 eripit,
3172 1028 3530 1099 eosdemque
3587 1049 3694 1103 pro

2046 1115 2405 1183 praecedenti
2430 1117 2710 1170 servitute
2745 1117 3010 1171 domicos
3035 1117 3196 1171 illius
3226 1121 3554 1187 constituit,
3581 1138 3694 1176 cu-

2036 1202 2138 1272 jus
2169 1204 2331 1274 prius
2352 1206 2651 1275 mancipia
2680 1206 2919 1260 fuerant
2951 1222 2964 1271 ;
2994 1222 3028 1261 a
3084 1206 3349 1278 procella
3405 1224 3471 1263 ac
3530 1216 3699 1265 tene-

2041 1289 2165 1345 bris
2193 1291 2406 1348 liberat
2426 1295 2791 1362 universum,
2824 1311 3032 1366 genus,
3056 1301 3112 1349 et
3134 1312 3330 1366 pacem
3389 1297 3693 1369 elargitur,

2041 1396 2162 1449 qua?
2194 1390 2509 1452 femsuperat
2565 1400 2778 1439 omnem
2834 1382 3132 1453 sensum“,
3195 1401 3262 1440 ac
3319 1403 3457 1441 suos
3519 1394 3693 1444 antea

270 1473 481 1525 hostes
508 1469 707 1524 divina
756 1468 957 1540 specie
1010 1486 1078 1524 ac
1135 1468 1520 1525 similitudine
1575 1474 1844 1525 exornat.
1894 1471 2077 1523 Tanto
2134 1486 2347 1541 nempe
2381 1471 2698 1543 splendore
2735 1472 2902 1544 Virgo
2935 1474 3282 1544 coruscavit,
3315 1480 3481 1532 tanta
3510 1493 3689 1548 supra

275 1560 505 1615 mentis
540 1566 775 1631 captum
799 1560 934 1614 luce
966 1560 1239 1615 homines
1268 1560 1565 1631 perfudit!

354 1648 430 1704 ϐ’.
464 1648 635 1720 Οἶμαι
670 1644 728 1701 δὲ
770 1645 859 1701 ὅτι
898 1647 991 1701 καὶ
1040 1648 1174 1719 πρὸς
1229 1648 1492 1722 μεγίστην
1554 1647 1725 1710 οὕτως
1781 1648 1930 1726 εἶχεν

279 1736 744 1806 ἀντικαταστῆναι
799 1738 1013 1806 κακίαν,
1070 1735 1159 1792 διὰ
1210 1743 1373 1794 τοῦτο
1436 1738 1570 1811 μετᾶ
1624 1738 1796 1795 πολὺν
1846 1739 1938 1795 τὸν

277 1825 549 1904 ῥεύσαντα
608 1828 811 1902 χρόνον
870 1829 905 1896 ἡ
966 1828 1238 1901 Πάναγνος
1293 1830 1586 1902 τετήρητο,
1645 1830 1719 1892 ὡς
1775 1828 1839 1883 ἄν
1876 1831 1939 1883 τὸ

2120 1652 2208 1707 XI.
2245 1652 2532 1715 Quoniam
2562 1668 2699 1706 vero
2728 1652 3007 1708 adversus
3052 1670 3282 1709 summa
3310 1680 3339 1707 λι
3402 1658 3687 1711 malitiam

2050 1741 2161 1794 hoc
2190 1746 2361 1811 pacto
2383 1757 2645 1812 pugnare
2670 1743 2998 1812 oportebat,
3032 1743 3271 1808 idcirco,
3452 1746 3687 1813 quidm»

2051 1830 2367 1894 sententia,
2400 1834 2532 1900 post
2574 1830 2817 1901 longum
2858 1832 3144 1901 temporis
3166 1832 3480 1886 decursum
3502 1835 3696 1902 puris-

276 1923 380 1985 τῆς
412 1917 614 1990 ἀρετῆς
647 1911 999 1990 ὑπερϐάλλον
1037 1921 1115 1988 τῷ
1149 1915 1351 1987 πλήθει
1408 1924 1509 1986 τῆς
1566 1919 1756 1979 κακίας
1815 1915 1935 1972 δια-

2053 1918 2204 1974 sima
2226 1919 2328 1974 illa
2348 1924 2575 1974 servata
2600 1924 2708 1985 est,
2731 1924 2797 1974 ut
2836 1920 3068 1974 virtutis
3105 1921 3234 1990 ejus
3275 1920 3600 1975 eminentia
3631 1938 3700 1975 ex

284 2003 502 2081 δειχθῇ·
564 2004 648 2060 ὅτι
706 2004 978 2073 τοσαύτην
1038 2003 1309 2075 ἐνίκησεν,
1358 2004 1501 2061 οὕτω
1561 2007 1655 2078 μὲν
1714 2006 1944 2062 πολλῶν

273 2100 502 2169 γενεῶν,
566 2093 712 2148 οὕτω
773 2090 832 2147 δὲ
902 2093 1191 2164 ποικίλην,
1252 2093 1397 2149 οὕτω
1449 2091 1505 2149 δὲ
1545 2095 1941 2166 ἄνοσιωτάτην,

278 2182 373 2240 ἅτε
401 2188 502 2238 τοῦ
537 2184 749 2258 χρόνου
779 2186 848 2256 τῇ
898 2182 1059 2254 κακίᾳ
1097 2184 1583 2258 προσεξευρηματα
1624 2204 1944 2260 μεταχορη-

278 2278 527 2347 γοῦντος.
581 2270 649 2329 Εἴ
685 2273 786 2346 γὰρ
824 2272 901 2344 μή
935 2275 1093 2349 φῦναι
1122 2266 1353 2344 ἔμελλεν
1408 2272 1567 2343 αὕτη,
1625 2272 1796 2328 πάλαι
1858 2272 1942 2346 ἄν,

280 2364 463 2434 οἶμαι,
501 2361 641 2434 μετᾶ
676 2361 774 2415 τὸν
824 2357 1150 2435 Ἀδαμιαῖον
1211 2361 1375 2438 ἐγγὺς
1434 2360 1665 2418 ὅλασοον
1716 2360 1942 2437 δυνάμει

290 2452 384 2524 μὲν
414 2452 591 2526 ἕτερά,
631 2455 803 2525 μικρᾷ
833 2445 882 2503 δ’
908 2446 1071 2521 ἴσως,
1100 2449 1168 2505 τὰ
1221 2456 1321 2520 τῆς
1380 2449 1719 2525 ἀνθρωπείας
1777 2450 1942 2507 ἐπαν-

292 2543 576 2614 νρθώσεως
633 2538 1101 2615 ἐπραγματεύετο’
1162 2545 1263 2608 τῆς
1351 2539 1495 2604 θείας
1577 2540 1941 2616 ἀγαθότητός,

290 2627 360 2684 ὂε¹
414 2630 480 2699 ἦν
539 2630 608 2685 τὰ
653 2631 852 2698 πάντα,
932 2630 1010 2703 μὴ
1069 2629 1336 2685 είσὲπειτα
1427 2630 1524 2704 μὶν
1623 2629 1938 2701 προειδυίας

305 2716 515 2791 μεγάλα
548 2717 639 2771 καὶ
683 2719 776 2772 οἷα
828 2715 898 2772 τὰ
947 2718 1085 2772 κατᾶ
1139 2718 1239 2786 τήν
1301 2719 1586 2794 Παρθένον,
1644 2723 1938 2795 κατορθοῦν

306 2801 513 2867 ἔσεσθαι
545 2809 743 2874 σκεῦος,
772 2804 1058 2882 ἄνθρωπον
1093 2802 1150 2860 δὲ
1200 2807 1263 2861 τὸ
1316 2807 1648 2880 τιμιώτατον
1715 2813 1938 2879 κτῖσμα,

294 2896 420 2956 ὅθεν
461 2894 550 2948 καὶ
608 2899 717 2965 Θεῷ
770 2895 835 2950 τὸ
894 2895 1226 2968 θαυμαστὸν,
1289 2895 1387 2951 οὐκ
1442 2894 1503 2951 ἄν
1561 2894 1941 2972 ἀνασχομένης

290 2977 669 3059 διαφθαρῆναι.
727 2984 836 3040 Καὶ
907 2984 950 3038 εἰ
1015 2985 1091 3056 μὴ
1141 2985 1269 3045 Θεὸς
1341 2984 1432 3039 καὶ
1507 2992 1613 3060 γῆς
1698 2991 1939 3054 πατῆσαι

284 3072 714 3146 προεθεσπίσατο
746 3069 817 3126 δι’
872 3072 1071 3143 αὐτῆς,
1132 3070 1246 3127 οὐδ’
1305 3069 1367 3128 ἄν
1422 3072 1571 3149 εἶχεν
1623 3075 1658 3142 ἡ
1715 3080 1786 3147 γῆ
1845 3073 1936 3128 τόν

280 3160 411 3236 ὑπὲρ
468 3162 540 3217 τὰ
597 3162 851 3240 Σεραφὶμ
892 3160 1180 3236 ἄνθρωπον
1269 3162 1467 3239 φερειν.
1520 3162 1585 3216 Ei
1646 3159 1703 3217 δὲ
1749 3183 1937 3218 καινο-

2054 2007 2178 2078 ipsa
2202 2007 2600 2079 improbitatis
2631 2009 3043 2081 magnitudine
3066 2008 3481 2064 ostenderetur
3505 2026 3518 2076 ;
3544 2010 3700 2078 quod

2055 2098 2585 2165 scilicet,mtatibus
2603 2115 2793 2169 usque
2817 2098 3229 2169 majora,inter
3248 2098 3700 2167 labendum,no-

2054 2188 2319 2257 viterque
2369 2187 2608 2242 inventa
2653 2188 2952 2259 iniquitati
3004 2189 3371 2243 incrementa
3413 2190 3700 2260 superad-

2054 2274 2353 2342 dentibus,
2386 2276 2514 2348 ipsa
2537 2282 2657 2332 tam
2699 2278 3044 2346 immanem,
3074 2282 3194 2333 tam
3225 2277 3547 2333 multarum
3602 2295 3698 2350 ge-

2052 2366 2720 2437 nerationum,l_tamque
2742 2367 2965 2422 variam
2986 2384 3053 2422 ac
3074 2367 3487 2438 multiplicem,
3521 2373 3697 2439 atque

2051 2453 2197 2509 adeo
2218 2458 2337 2510 tam
2360 2455 2781 2527 impiissimam
2813 2456 3146 2526 nequitiam
3168 2457 3525 2512 vinceret.Et
3552 2473 3696 2512 sane

2050 2544 2166 2598 nisi
2198 2544 2325 2599 hmo
2363 2544 2589 2599 oritura
2617 2545 2848 2611 fuisset,
2864 2545 2991 2615 jam
3010 2544 3177 2611 olim,
3209 2550 3275 2600 ut
3299 2550 3461 2617 puto,
3520 2547 3694 2617 paulo

2049 2632 2341 2702 postAdae
2365 2631 2598 2702 lapsum
2620 2632 2738 2687 alia
2782 2632 3023 2701 quidem
3060 2632 3296 2700 virtute,
3338 2631 3442 2687 sed
3487 2632 3698 2703 exigua

2049 2722 2320 2790 fortasse,
2368 2722 2642 2777 humanae
2687 2722 3101 2792 ireparationis
3161 2738 3309 2793 opus
3365 2722 3693 2793 perfectum

2045 2808 2258 2863 fuisset
2290 2825 2303 2875 ;
2338 2809 2634 2879 siquidem
2667 2809 2865 2863 divina
2912 2809 3167 2873 bonitas,
3212 2816 3454 2879 propter
3509 2826 3689 2880 quam

2049 2898 2249 2952 omnia
2276 2898 2433 2952 facta
2457 2903 2615 2963 sunt,
2645 2898 2758 2951 nisi
2790 2897 3174 2968 praevidisset,
3235 2896 3500 2952 futurum
3551 2898 3690 2953 dein

2048 2987 2534 3054 instrumentum,
2555 2986 2714 3056 quod
2728 2985 2887 3040 felici
2923 3002 3201 3041 successu
3225 3002 3438 3059 magna
3466 2986 3590 3055 illa,
3634 2992 3692 3042 et

2048 3075 2251 3147 qualia
2287 3075 2427 3131 dein
2476 3075 2743 3133 exhibuit
2805 3076 2999 3147 Virgo,
3026 3081 3354 3146 praestaret,
3388 3093 3694 3147 nunquam

2045 3182 2219 3236 passa
2237 3165 2470 3231 fuisset,
2504 3170 2571 3221 ut
2590 3165 2789 3233 homo,
2840 3165 3212 3220 nobilissima
3248 3164 3348 3220 illa
3401 3171 3690 3235 creatura,

269 3255 494 3322 πρεπῶς
554 3247 1019 3325 ἒμεγαλουργεῖτο
1072 3254 1186 3321 Θεῷ
1233 3250 1325 3305 καὶ
1377 3254 1564 3318 τοῦτο,
1630 3249 1750 3306 ἀκλ⁷
1835 3250 1935 3306 οὐκ

2053 3259 2292 3326 propter
2320 3270 2498 3325 quam
2532 3260 2592 3309 et
2619 3254 2807 3310 Deum
2832 3254 3250 3310 admirabundi
3299 3254 3689 3324 celebramus,

256 3339 317 3393 ἄν
373 3342 569 3401 γοινᾶς
628 3343 727 3402 τὰς
801 3334 1086 3415 διατριϐὰς
1136 3341 1259 3404 τοῖς
1316 3339 1632 3416 ἀνθρώποις
1689 3339 1927 3396 ἐπιπολὺ

2043 3345 2106 3399 in
2136 3350 2369 3399 tantam
2429 3344 2872 3415 corruptionem
2893 3343 3325 3415 prolaberetur.
3386 3345 3507 3400 Nisi
3551 3361 3687 3400 vero

259 3431 579 3505 ποιουμένη
613 3430 960 3504 παρέμεινεν,
1018 3431 1087 3498 ἧς
1146 3425 1298 3483 οὐδὲν
1356 3430 1423 3499 ἦν
1481 3431 1595 3484 κατ’
1666 3430 1929 3500 αὐτούςὴ

2053 3434 2193 3489 Deus
2244 3433 2368 3505 ipse
2425 3449 2532 3504 per
2586 3432 2741 3488 hanc
2791 3431 3060 3487 eamdem
3109 3432 3236 3487 orbi
3268 3438 3439 3489 terra:
3470 3435 3684 3505 pedem

256 3516 502 3575 διάνοια·
557 3518 690 3575 ἀλλ’
740 3519 865 3574 ὅσον
916 3518 1003 3573 ὅτι
1064 3516 1322 3573 πλάττειν
1384 3519 1511 3580 Θεὸς
1568 3517 1628 3573 ἐκ
1682 3526 1783 3589 τῆς
1834 3526 1936 3593 γῆς

256 3610 350 3665 καὶ
389 3611 534 3684 ὑπὲρ
566 3608 697 3671 τοὺς
733 3609 809 3683 μή
841 3606 1049 3673 ἐκεῖθεν
1119 3604 1237 3682 ἔχει
1269 3608 1725 3684 γεγεννημένους,
1767 3606 1939 3678 δεῖξαι

258 3706 503 3776 φανεῖσα
592 3697 729 3772 ὑπὲρ
778 3696 906 3760 τοὺς
974 3696 1240 3770 οὐρανοὺς
1299 3697 1533 3772 τάχιστα
1588 3694 1648 3752 ἄν
1704 3696 1939 3769 ἀπέπτη,

244 3789 304 3842 εν
334 3788 491 3863 αὑτῇ
530 3793 785 3862 προσῆκε
815 3794 1005 3863 χῶρον
1041 3785 1431 3862 κατειληφυῖα.

2045 3521 2266 3577 inferre
2319 3522 2755 3593 prmstituisset,
2814 3537 3122 3591 nunquam
3188 3538 3329 3577 sane
3388 3522 3682 3593 ejusmodi

2048 3615 2268 3665 sortem
2305 3615 2462 3665 terra
2503 3615 2776 3666 assecuta
2833 3616 3011 3677 esset,
3051 3615 3117 3665 ut
3147 3610 3327 3665 talem
3386 3611 3692 3666 hominem

2048 3697 2515 3769 (Virginem),qui
2543 3699 2816 3769 superior
2837 3703 2927 3753 est
2947 3698 3694 3769 Seraphim,portaret(89).

2049 3787 2214 3851 Quod
2246 3786 2295 3840 si
2328 3786 2480 3841 Deus
2508 3802 2655 3839 novo
2680 3786 3135 3857 magnificentia:
3157 3804 3335 3857 opere
3357 3788 3468 3842 hoc
3513 3788 3692 3843 etiam

244 3886 621 3950 portentum
652 3884 1063 3951 perpetrasset
1094 3894 1109 3944 ;
1142 3893 1263 3932 non
1285 3877 1388 3931 diu
1440 3882 1636 3933 tamen
1695 3878 1852 3933 inter
1908 3877 2201 3945 homines,
2263 3873 2565 3929 communi
2605 3890 2812 3928 eorum
2844 3874 3274 3929 consuetudine
3313 3881 3508 3942 utens,
3567 3892 3697 3929 ver-

246 3975 379 4023 sata
411 3969 669 4036 fuisset,
722 3967 939 4039 quippe
991 3965 1164 4038 cujus
1222 3983 1433 4022 sensus
1482 3966 1629 4021 nihil
1687 3983 1822 4022 cum
1880 3965 1997 4020 illis
2054 3979 2369 4019 commune
2425 3961 2726 4028 habebat;
2787 3961 2890 4017 sed
2944 3967 3330 4033 posteaquam
3376 3979 3702 4034 parumper

245 4059 680 4130 apparuisset,
714 4062 780 4110 ut
834 4054 1199 4124 ostenderet,
1258 4070 1431 4126 posse
1461 4055 1647 4109 Deum
1706 4071 1736 4109 e
1795 4059 1953 4109 terra
2011 4053 2348 4125 quempiam
2409 4052 2721 4107 eﬂ‘ormare
2781 4050 2915 4123 (90),
2977 4050 3079 4122 qui
3110 4050 3227 4106 illis
3285 4050 3483 4118 etiam,
3535 4052 3699 4122 quie

311 4175 358 4209 ⁵⁸
391 4174 639 4246 Philip.
676 4189 750 4243 ιν,
782 4177 831 4227 7.

1652 4271 1797 4330 Ant.
1830 4267 2124 4331 Ballerini
2147 4275 2332 4335 notae.

227 4416 489 4481 pretium
540 4406 957 4477 redemptionis
997 4404 1237 4481 ηιιιιιιίἰΔ
1264 4406 1623 4481 conciliatrix
1667 4405 1795 4459 vitae
1840 4419 1935 4481 seu
1966 4412 2012 4477 ι)
2046 4405 2293 4481 nitatem
2321 4403 2905 4481 ac_cessit,sed_etiam
2926 4404 3699 4481 ratione-eminentiaiuqua

230 4474 460 4548 salutis,
502 4474 855 4543 mediali'izr,
887 4479 1162 4548 expiatio.
1197 4476 1841 4548 Testatissimumergo
1874 4474 1932 4548 id

232 4546 555 4611 habemus
622 4553 695 4606 in
754 4546 1029 4629 Ecclesiae
1089 4548 1426 4629 traditione,
1472 4547 1631 4629 quod
1661 4546 1934 4629 .Yirginis

236 4628 521 4699 Deiparze
575 4622 1037 4699 immunitatem
1092 4618 1165 4674 ab
1221 4617 1540 4699 originario
1621 4617 1805 4672 vitio'
1849 4617 1934 4672 uti

230 4692 469 4755 certam
506 4705 579 4753 et
602 4694 989 4763 exploratam
1020 4692 1349 4763 praesumit.

299 4773 418 4839 (87)
454 4771 623 4824 Hab.
670 4760 751 4823 lii.
806 4766 862 4839 3_
892 4760 1229 4839 sec.’_L}{_)_(__:
1291 4763 1547 4839 alterum
1601 4764 1797 4839 autem
1831 4760 1933 4839 he-

226 4826 673 4903 mistichium,
707 4834 867 4905 quod
899 4832 1061 4905 apud
1092 4833 1233 4905 LXX
1265 4833 1348 4887 sic
1376 4832 1612 4903 legitur,
1652 4830 1771 4905 xxi“
1792 4826 1934 4882 αἰνέ-

225 4934 367 4972 σεως
403 4913 598 4967 αὖτοῦ
629 4901 867 4979 tum;
900 4901 1179 4979 ἡξῂῂτλιιιΔ
1200 4901 1673 4979 sensum—auctor
1694 4901 1935 4979 allegat.

297 4973 777 5053 (88)Enitaque
810 4973 1023 5053 qualis
1041 4974 1224 5053 Maria
1248 4974 1375 5053 orbi
1406 4973 1937 5053 illuxit,splendore

229 5043 476 5115 scilicet
498 5043 880 5120 amic'ta,qui
914 5046 1061 5102 solis
1085 5045 1265 5120 jubar
1290 5047 1575 5120 vinceret,
1601 5043 1668 5098 et,
1696 5044 1938 5120 quidem

230 5130 582 5200 splendore
625 5122 738 5200 qui
771 5116 845 5175 ex
876 5133 1116 5200 summa
1159 5116 1501 5200 innocentia
1556 5132 1623 5170 ac
1680 5116 1937 5200 puritate

228 5186 524 5274 remiget.
567 5186 669 5251 Et.
684 5195 1019 5272 hanesane
1053 5188 1247 5274 Μεινίῳ
1279 5186 1685 5274 conditionem
1708 5186 1938 5266 eviden—

233 5275 351 5329 tius
384 5257 777 5345 Eognosces,
812 5262 861 5317 si
896 5276 1030 5315 eam
1062 5274 1198 5345 cum
1231 5260 1408 5313 totius
1440 5258 1679 5345 humani
1707 5257 1940 5337 generis

228 5328 608 5399 conditione
650 5328 1126 5409 conferas,_quod
1160 5337 1397 5409 prOpt_er
1426 5328 1939 5409 Adagpprmvarica-

226 5418 467 5473 tionem
507 5408 806 5469 tenebris
836 5400 1108 5460 obsitum
1139 5400 1283 5455 mox’
1306 5400 1682 5456 describitur.

302 5469 633 5560 (Eii—Hinc
671 5479 863 5560 disce,
904 5473 1206 5560 Virginem
1261 5469 1942 5560 Deipararn‘cmles‘tgibps

238 5542 566 5631 spiritibus
602 5542 1166 5628 prmcellentiorem
1198 5542 1507 5631 praedicari
1539 5558 1657 5623 non
1710 5542 1939 5631 ratione

242 5613 696 5690 ιξιίιωτῄωοὶιο
734 5615 1048 5693 dignitatis
1077 5630 1209 5685 quae
1242 5614 1324 5668 illi
1358 5614 1432 5669 ob
1452 5613 1711 5668 divinam
1736 5617 1946 5666 mater-

2046 4475 2316 4546 ejusdem
2366 4475 2534 4530 dotes
2580 4476 2917 4530 intrinsecm
2975 4477 3302 4545 quamlibet
3363 4476 3694 4546 angelicam

2044 4548 2419 4602 nobilitatem
2448 4547 2978 4610 transcendebant;
3003 4547 3150 4601 adeo
3174 4551 3238 4598 ut
3270 4552 3387 4599 tam
3411 4546 3698 4601 eximium

2048 4619 2149 4673 Dei
2170 4636 2317 4690 opus
2338 4619 2399 4671 in
2429 4619 2716 4690 terrahac
2736 4622 2944 4690 nostra
2955 4616 3373 4690 collocandum
3387 4632 3695 4690 nunquam

2048 4686 2362 4755 videretur,
2385 4689 2502 4742 nisi
2533 4689 2609 4743 ad
2640 4686 3053 4759 excipiendum
3094 4686 3195 4740 Dei
3248 4686 3500 4759 _V_crbum
3545 4688 3697 4742 Deus

2046 4760 2214 4814 illam
2281 4756 2789 4829 prmdestinasset:
2819 4760 2893 4811 At
2917 4757 2966 4829 si
2998 4756 3293 4829 ejusmodi
3343 4773 3491 4828 opus
3539 4759 3696 4816 Deus

2048 4828 2333 4895 condidit,
2376 4830 2533 4899 quod
2579 4829 2778 4893 aliam,
2812 4844 2877 4882 ac
2924 4828 3393 4899 inﬁmamrhanc
3453 4835 3696 4897 terram,

2047 4901 2270 4973 sedem,
2296 4898 2509 4955 ccelum
2554 4899 2801 4973 scilicet.
2830 4905 2896 4952 ut
2924 4898 3099 4973 paulo
3132 4898 3287 4955 infro
3319 4900 3558 4968 dicitur,
3590 4921 3697 4973 pro

2048 4972 2359 5027 nobilitate
2389 4986 2495 5044 sua
2528 4969 2991 5044 post_ulabat,qu_i
3015 4969 3180 5026 locus
3200 4988 3336 5044 esse
3351 4969 3694 5044 suspicandi

2066 5042 2434 5114 )otest,quod
2451 5041 2838 5114 deterrimum
2854 5047 2944 5093 est
2966 5040 3026 5114 in
3052 5044 3303 5114 terrenis
3326 5040 3473 5113 ipsis
3492 5045 3697 5099 vitium

2092 5132 2160 5187 oc
2182 5112 2867 5187 eodemuinhonestatum
2899 5126 2928 5165 e
2961 5112 3174 5168 divinis
3222 5112 3496 5168 manibus
3543 5132 3691 5187 opus

2050 5186 2200 5240 illud
2232 5184 2526 5257 prodiisse
2550 5183 2578 5236 ?

2120 5253 2449 5326 (90)'Vides,
2474 5253 2892 5328 excellentiam
2915 5271 3031 5325 qua
3054 5257 3224 5328 Virgo
3274 5256 3520 5328 Deipara
3581 5255 3699 5310 illis

2054 5344 2288 5396 quoque
2321 5326 2613 5397 prmstitit,
2653 5325 2752 5395 qui
2786 5343 2816 5379 e
2867 5332 3024 5381 terra
3069 5325 3307 5382 formati
3355 5325 3474 5380 non
3523 5332 3698 5392 sunt,

2052 5399 2229 5468 plane
2250 5399 2324 5453 ad
2342 5397 2609 5467 ejusdem
2631 5399 3288 5464 fomnatz'onem,initium
3307 5397 3696 5468 scilicetexsi-

2054 5466 2248 5524 stendi
2280 5466 2566 5538 spectare.
2600 5470 2642 5521 Ε
2673 5485 2789 5538 quo
2810 5474 2991 5537 patet,
3019 5469 3080 5522 in
3113 5485 3218 5522 sua
3269 5467 3433 5520 illam
3470 5466 3696 5535 origine

2052 5556 2172 5615 non
2195 5539 2601 5615 modopuram
2624 5545 2681 5592 et
2703 5545 2992 5615 sanctam,
3023 5539 3125 5615 sed
3172 5540 3414 5615 insuper
3444 5541 3529 5615 tot
3562 5544 3687 5615 tan-

2054 5611 2245 5682 tisque
2270 5606 2483 5667 divinis
2516 5610 2863 5665 muneribus
2902 5614 3133 5663 auctam
3160 5606 3492 5679 przedicari,
3524 5611 3589 5657 ut
3619 5620 3689 5657 ex
