4104 6300
364 341 443 403 83
1515 333 1812 395 ISIDORI
1859 334 1957 396 ΤΗ
1969 333 2498 401 ESSALONICEN
2507 333 2622 400 SIS
3701 331 3780 390 84

364 483 526 533 terra
553 490 673 530 non
703 474 862 539 sunt,
896 469 1357 542 superemineat,
1391 469 1504 524 cito
1538 486 1716 541 supra
1770 468 1950 526 caelos
2009 470 2318 542 evolasset,
2385 469 2588 526 sedem
2645 469 2748 538 ibi,
2799 485 2930 541 qua)
2980 467 3096 523 sibi
3147 469 3514 538 congrueret,
3574 481 3783 537 recep-

365 572 561 641 ptura.

443 656 556 713 Sed
579 653 864 726 quoniam
888 668 1036 722 opus
1063 656 1187 706 erat
1211 652 1472 721 insuper,
1506 655 1572 705 ut
1595 654 1651 704 et
1697 650 2018 721 plurimam
2048 660 2106 723 Α

373 746 540 802 illam
591 743 940 816 pravitatem
975 741 1397 812 exstingueret,
1447 745 1504 796 et
1551 741 1737 795 Deum
1794 740 2023 810 excipe-

373 842 466 891 ret
494 836 553 888 in
585 841 771 888 terras
795 829 1274 885 descendentem.
1299 835 1356 882 et
1389 829 1654 898 eum.qui
1687 829 2026 900 incompre-

373 924 686 982 hensibilis
712 927 825 988 est,
847 919 1364 992 complecteretur,
1407 917 1719 988 eidemque
1753 919 2024 974 homines

374 1014 793 1072 reconciliaret.
831 1028 844 1064 :
882 1016 1194 1081 propterea
1225 1013 1283 1061 et
1314 1024 1446 1064 sera
1487 1007 1724 1062 tandem
1759 1008 2024 1064 diuturni

375 1104 663 1175 temporis
687 1107 829 1156 mtas
848 1097 1342 1171 gloriosissimam
1393 1096 1556 1152 illam
1592 1097 1747 1163 tulit,
1781 1101 1838 1150 et
1869 1103 2027 1152 terra

378 1192 754 1266 splendidum
789 1189 846 1244 id
880 1187 1186 1243 cimelium
1207 1185 1478 1256 portavit,
1511 1185 1570 1238 in
1599 1192 1820 1240 certain
1855 1186 2024 1240 insu-

372 1300 478 1356 per
537 1297 701 1352 spem
761 1282 986 1342 vocata,
1033 1291 1095 1330 se
1138 1278 1194 1328 et
1253 1273 1422 1338 illud,
1489 1275 1647 1344 quod
1707 1275 2024 1346 pretiosius

371 1373 662 1438 esset,per
694 1381 824 1419 eam
872 1363 1062 1432 ipsam
1107 1376 1244 1415 mox
1289 1365 1684 1431 accepturam.
1719 1362 1863 1419 Cum
1915 1363 2024 1418 hac

372 1461 570 1528 itaque
604 1454 790 1526 potita
809 1455 987 1517 esset,
1025 1464 1218 1518 neque
1250 1448 1424 1503 aliter
1456 1447 1768 1504 ostendere
1801 1455 2020 1519 posset,

375 1563 496 1618 qua
532 1544 828 1614 Virginem
861 1538 1191 1603 reverentia
1236 1543 1725 1607 prosequeietur,
1751 1539 2021 1610 singula-

377 1637 680 1691 x-iqsimum
703 1632 754 1686 ei
781 1631 976 1685 locum
1007 1627 1081 1682 ad
1113 1625 1569 1680 inhabitandum
1596 1627 2017 1696 taibuit,_nimi-

371 1742 502 1778 vum
556 1723 768 1777 Sancta
816 1724 1176 1782 sanctorum,
1212 1721 1270 1770 et
1317 1731 1388 1769 ex
1448 1715 1538 1770 his
1588 1716 1829 1785 quidem
1889 1734 2020 1772 eam

371 1817 760 1886 partemque:
783 1808 1043 1866 maxima
1058 1805 1436 1861 veneratione
1468 1805 1646 1877 digna
1677 1812 1784 1860 est.
1820 1808 2020 1877 Neque

369 1923 506 1960 vero
536 1905 624 1958 fas
652 1918 778 1956 esse
811 1899 996 1966 duxit,
1057 1898 1318 1967 aliquem
1351 1913 1421 1950 ex
1473 1913 1534 1952 se
1585 1897 1714 1967 ipsa
1760 1898 2019 1954 fructum

2209 648 2364 704 Ἀλλ’
2424 650 2506 704 ὅτι
2557 648 2644 704 καὶ
2711 647 2930 716 πολλὴν
2993 651 3139 720 εἶχεν
3211 639 3508 698 ἀποσϐέσαι
3563 641 3782 710 κακίαν,

2128 740 2218 794 καὶ
2276 738 2354 802 εἷς
2412 745 2512 815 γῆν
2577 735 2932 806 ὑποδέξασθαι
2991 736 3118 791 Θεὸν
3179 734 3464 800 κατιόντα,
3540 734 3629 788 καὶ
3685 733 3781 788 τὸν

2130 829 2430 903 ἀχώρητον
2465 826 2532 896 δὴ
2563 833 2756 882 τοῦτον
2791 832 3070 901 χωρῆσαι,
3098 823 3187 878 καὶ
3223 821 3370 893 αὐτῷ
3399 820 3524 883 τοὺς
3577 821 3782 895 ἀνθρώ-

2132 939 2266 979 πους
2297 922 2745 992 προσοικειῶσαι,
2798 913 2886 970 διὰ
2913 918 3080 969 ταῦτα
3118 911 3206 968 καὶ
3266 910 3440 971 πολὺς
3508 907 3726 983 ὕστερον
3753 909 3782 963 ὁ

2131 1009 2338 1082 χρόνος
2390 1008 2489 1074 τήν
2555 1003 2902 1079 ὑπερένόοξον
2960 1001 3174 1075 ἤνεγκε,
3207 999 3296 1056 καὶ
3328 1007 3400 1073 γῆ
3432 1000 3494 1053 τὸ
3526 997 3781 1072 λαμπρὸν

2131 1092 2424 1152 ἐϐάστασεν
2461 1095 2630 1150 έκεῖνο
2661 1091 2979 1166 κειμήλιον,
3031 1091 3120 1145 καὶ
3177 1090 3240 1144 τὸ
3299 1094 3480 1162 μεῖζον
3530 1086 3779 1158 δέξασθαι

2130 1186 2493 1260 περιμένουσα
2559 1182 2626 1238 δι’
2681 1185 2874 1256 αὐτῇς.
2923 1179 3188 1254 Δεξαμένη
3251 1177 3308 1233 δὲ
3364 1177 3488 1252 ἄρα,
3547 1177 3638 1231 καὶ
3697 1178 3776 1251 μὴ

2130 1272 2316 1336 ἃλλως
2347 1279 2415 1348 τῇ
2453 1274 2706 1348 Παρθένῳ
2726 1273 2792 1327 τὰ
2822 1280 2921 1341 τῆς
2951 1265 3233 1330 εὐλαϐείας
3267 1269 3414 1330 ὅπως
3473 1265 3533 1324 ἃν
3571 1263 3779 1340 ἔχεουσα

2132 1367 2345 1436 σώσειε,
2419 1367 2510 1420 τὸν
2567 1364 2833 1439 ἐξαίρετον
2897 1363 3065 1432 άύτῆς
3139 1365 3410 1416 κατοικεῖν
3470 1356 3775 1414 ἀποδίδωσι

2129 1455 2324 1521 τόπον,
2355 1456 2420 1510 τὰ
2458 1460 2565 1510 τῶν
2615 1453 2778 1528 ἁγίων
2833 1455 3018 1526 Ἅγια,
3076 1451 3165 1506 καὶ
3203 1449 3410 1504 τούτων
3465 1447 3559 1502 τὸν
3611 1443 3776 1502 σεϐα-

2131 1546 2458 1618 σμιώτατον.
2493 1545 2596 1602 Καὶ
2647 1542 2772 1599 οὐδὲ
2822 1544 2912 1597 τὸν
2969 1543 3095 1608 παρ’
3155 1541 3350 1608 ἑαυτῆς
3403 1538 3609 1612 καρπὸν
3670 1557 3774 1611 χο-

2130 1635 2314 1710 ρηγεῖν
2349 1634 2496 1689 ’ὀσιον
2530 1634 2666 1704 ᾤετο
2717 1632 2854 1706 πρὸς
2895 1632 3124 1706 τροφὴν,
3181 1633 3373 1682 τοῦτον
3411 1627 3548 1681 εἶναι
3609 1626 3773 1698 μόνον

2125 1722 2217 1777 τὸν
2277 1724 2563 1797 ἄνθρωπον
2603 1720 2873 1795 ἐγνωκυῖα
2913 1721 3012 1789 τὴν
3074 1717 3370 1785 Πάναγνον,
3403 1716 3528 1790 περὶ
3578 1717 3639 1769 οὗ
3671 1737 3774 1792 φα-

2127 1812 2244 1888 γεῖν
2296 1811 2456 1882 ἄρτον
2514 1811 2760 1887 ἀγγέλων
2818 1809 2909 1864 καὶ
2950 1809 3241 1883 προφήτης
3300 1803 3598 1879 μεμύηται.
3658 1805 3774 1860 Οὐ-

2129 1905 2272 1974 ρανῷ
2298 1906 2428 1974 γοῦν
2457 1897 2524 1954 δι’
2559 1898 2804 1977 ἀγγέλων
2846 1897 3042 1952 τούτου
3107 1897 3453 1970 παραχωρεῖ,
3513 1897 3594 1955 οἷς
3664 1891 3774 1948 ἔδει

370 1995 457 2050 illi
489 1995 563 2050 ad
595 1993 945 2047 alimentum
975 1987 1403 2059 prmbere,cum
1427 1992 1743 2054 constaret,
1774 1988 2016 2058 purissi-

2139 1988 2468 2063 μεταμικρὸν
2566 1987 2858 2065 εὐαγγέλια
2934 1983 3367 2059 παραδοξοτέρου
3431 1981 3770 2052 διακονήσειν

2175 2078 2186 2088 .
2241 2082 2264 2088 _
2558 2077 2570 2088 .
2791 2077 2840 2088 μ
2917 2073 2976 2088 κ.
3096 2075 3119 2088 ,ι
3326 2070 3374 2088 ,ς
3747 2074 3770 2088 τ

371 2101 535 2140 mum
569 2082 734 2137 illum
767 2095 954 2134 unum
989 2094 1114 2132 esse
1157 2075 1484 2144 hominem,
1541 2075 1612 2130 de
1671 2093 1787 2147 quo
1841 2079 2020 2134 etiam

371 2171 676 2245 prophetae
709 2167 1034 2243 revelatum
1086 2170 1195 2232 est,
1243 2164 1401 2236 quod
1446 2181 1648 2234 panem
1703 2167 2022 2236 angelorum

2130 2078 2266 2152 αὐτῇ
2331 2077 2657 2153 μυστηρίου,
2718 2077 2854 2132 καθὰ
2913 2073 3179 2146 δήπουθεν
3241 2070 3446 2151 σφόδρα
3508 2074 3774 2148 μαρτυρεῖ

2131 2173 2446 2244 περιφανῶς
2471 2170 2537 2222 τὰ
2566 2167 2828 2241 παρόντα.

369 2261 726 2318 manducavit
743 2258 810 2312 ⁵⁸.
843 2257 961 2317 Hoc
991 2271 1128 2327 ergo
1162 2270 1379 2323 munus
1411 2253 1558 2308 cwlo
1590 2255 1889 2313 commisit
1919 2273 2022 2327 per
2051 2261 2294 2334 angelos
2323 2261 2797 2333 adimplendum,
2839 2276 2987 2330 quos
3019 2264 3078 2314 et
3104 2273 3350 2314 munere
3384 2255 3779 2312 annuntiandi

372 2361 566 2417 eidem
605 2357 871 2430 mysterii
901 2355 1089 2411 multo
1122 2355 1308 2426 magis
1339 2353 1673 2410 admirandi
1705 2357 1881 2428 paulo
1926 2366 2056 2430 post
2113 2362 2277 2436 fungi
2336 2363 2664 2435 oportebat,
2724 2359 3229 2432 quemadmodum
3283 2357 3773 2414 manifestissime

374 2449 502 2504 haec
530 2448 718 2517 (Luem
749 2443 946 2510 verba)
978 2446 1287 2498 testantur.

450 2537 518 2591 X.
551 2535 753 2606 Inquit
815 2531 1021 2590 enim:
1080 2533 1275 2588 Missus
1333 2536 1411 2586 est
1463 2532 1690 2600 angelus
1740 2531 1956 2589 Gabriel
1995 2552 2030 2592 α

387 2629 496 2682 Deo
527 2625 602 2682 ad
629 2625 917 2692 Virginem
938 2622 1321 2691 desponsatam
1351 2623 1495 2690 viro,
1528 2623 1619 2675 eui
1663 2638 1860 2677 nomen
1909 2631 2028 2680 erat

376 2715 600 2786 Ioseph,
633 2715 701 2768 de
729 2713 887 2767 domo
917 2711 1115 2776 David,
1165 2717 1218 2764 et
1273 2725 1467 2767 nomen
1522 2713 1767 2780 Virginis
1822 2713 2023 2768 Maria.

377 2809 445 2862 Et
487 2808 758 2878 ingressus
802 2802 1030 2870 angelus
1073 2800 1148 2854 ad
1221 2816 1340 2856 eam
1413 2801 1560 2855 dixit
1603 2817 1622 2855 :
1689 2803 1817 2872 Ave,
1898 2821 2027 2873 gra-

383 2898 465 2950 tia
489 2896 679 2966 plena,
703 2894 966 2950 Domiuus
995 2896 1191 2957 tecum,
1226 2889 1508 2946 benedicta
1549 2896 1610 2946 tu
1649 2893 1708 2945 in
1765 2893 2022 2949 mulieri-

381 2985 476 3040 bus
495 2983 562 3039 5°.

443 3072 728 3129 Genitrici
783 3069 1100 3138 Creatoris,
1167 3085 1298 3138 quae
1354 3069 1442 3124 illi
1511 3086 1690 3139 supra
1747 3075 2022 3129 naturam

377 3162 661 3234 mysterio
692 3159 1180 3215 administratura
1210 3163 1353 3225 erat,
1378 3159 1692 3229 principum
1724 3177 1754 3214 e
1787 3168 2022 3218 creatu-

372 3253 454 3316 ris
469 3256 752 3320 tanquam
773 3247 994 3320 reginas
1017 3245 1283 3300 debitum
1299 3245 1651 3316 obsequium
1671 3249 2019 3306 reddebant.

373 3343 550 3396 Terra
580 3336 1020 3394 nobilissimum
1068 3335 1334 3390 omnium
1380 3335 1722 3408 (praebebat)
1782 3337 2022 3396 domici-

375 3430 524 3485 lium
557 3445 572 3496 ;
606 3427 736 3483 cceli
775 3424 1277 3499 (suppeditabant)
1319 3424 1674 3485 alimentum
1712 3444 1725 3494 ;
1775 3429 2020 3500 angelus

379 3519 676 3576 alimoniae
701 3532 978 3588 promum
1009 3533 1072 3571 se
1105 3515 1387 3570 sistebat:
1431 3515 1537 3570 sed
1578 3522 1635 3570 et
1675 3519 2024 3588 appellatio-

374 3625 514 3665 nem
545 3608 642 3663 hic
673 3622 863 3675 suam,
912 3605 1151 3676 qualem
1182 3621 1492 3675 nunquam
1525 3610 1719 3672 antea,
1745 3607 2024 3678 pulcher-

373 3702 588 3756 rimam
620 3715 779 3754 nunc
810 3697 1119 3769 prtesefert
1151 3714 1164 3763 ;
1198 3701 1502 3755 tantorum
1541 3697 1700 3754 enim
1727 3697 2022 3755 bonorum

372 3789 618 3846 nuntius
651 3803 961 3858 nunquam
1002 3786 1332 3841 exstiterat.

440 3881 660 3934 Verum
688 3893 722 3932 α
751 3880 884 3944 Deo,
910 3875 1108 3946 inquit
1135 3875 1201 3944 ⁸ο,
1224 3877 1419 3930 missus
1467 3883 1545 3930 est
1602 3877 1847 3946 angelus.
1905 3881 2025 3934 Hoc

373 3970 572 4041 aliquo
603 3967 780 4024 modo
805 3965 1048 4033 indicat,
1081 3970 1372 4036 quantum
1411 3967 1736 4036 praesentia
1761 3968 2026 4038 antiquis

372 4059 493 4114 illis
522 4059 644 4116 sint
671 4055 973 4112 contraria
1003 4055 1138 4126 (91).
1159 4057 1283 4109 Νοη
1306 4055 1464 4108 enim
1492 4061 1706 4126 sponte
1730 4073 1837 4112 sua
1869 4074 2026 4112 nunc

375 4147 472 4210 (ad
502 4145 821 4214 Virginem)
855 4141 1112 4208 Gabriel,
1145 4143 1295 4196 sicut
1347 4141 1486 4196 olim
1545 4143 1782 4199 dolosus
1831 4145 1929 4198 ille
1953 4145 2026 4199 ad

370 4239 629 4310 primam
674 4239 952 4301 matrem,
987 4234 1255 4295 accessit,
1307 4251 1500 4304 neque
1551 4236 1652 4289 Dei
1705 4236 1862 4308 leges
1893 4253 2027 4291 con-

375 4324 695 4381 culcandas
737 4322 1066 4394 preponit;
1133 4323 1236 4376 sed
1282 4327 1340 4376 et
1386 4323 1604 4377 missus
1658 4331 1764 4384 est,
1812 4329 1870 4377 et
1931 4323 2029 4378 illa

374 4415 577 4482 obivit,
610 4430 743 4484 qua)
775 4411 987 4466 divinae
1015 4417 1185 4466 erant
1245 4412 1584 4467 voluntatis.
1632 4413 1840 4467 Missus
1893 4429 2028 4468 vero

374 4510 483 4576 est,
519 4509 586 4560 ut
632 4519 740 4576 per
800 4501 911 4556 hoc
956 4500 1354 4556 ministerium
1429 4517 1491 4554 se
1554 4501 1681 4572 ipso
1743 4500 2032 4556 illustrior

377 4593 670 4649 evaderet.
703 4593 904 4662 Neque
931 4589 1112 4655 enim,
1137 4588 1252 4646 nisi
1276 4589 1338 4642 in
1360 4588 1518 4644 hunc
1538 4588 1717 4646 tinem
1741 4588 1802 4644 id
1834 4589 2027 4656 ﬁeret,

375 4685 476 4740 illa
494 4699 624 4754 qum
646 4681 776 4753 pria
805 4685 894 4736 est
924 4678 1338 4751 postPrimum
1363 4678 1492 4746 (92),
1525 4676 1792 4732 inferiori
1822 4678 2026 4751 aliquo

439 4782 482 4817 ⁸⁸
510 4780 666 4836 Psal.
697 4797 824 4849 Lxx,
857 4782 946 4834 25.
1023 4777 1068 4814 ⁵⁸
1090 4777 1224 4832 Luc.
1258 4793 1295 4845 ι,
1323 4777 1512 4830 26-28.
1589 4775 1635 4811 ⁰⁰
1656 4776 1800 4832 ibid.
1835 4781 1923 4834 26.

2207 2545 2261 2600 Γ.
2322 2539 2629 2610 Ἀπεστάλη
2688 2541 2810 2614 γὰρ,
2869 2539 3055 2619 φησὶν,
3116 2537 3219 2592 ὑπὸ
3275 2535 3372 2593 τοῦ
3439 2540 3573 2590 Θεοῦ
3623 2535 3785 2610 ὁᾶγ-

2136 2630 2300 2704 γελος
2377 2626 2625 2705 Γαϐριὴλ
2701 2633 2838 2704 πρὸς
2929 2625 3198 2702 Παρθένον
3289 2625 3775 2700 μεμνηστευμένην

2135 2718 2287 2795 ἀνδρὶ
2320 2722 2365 2793 ᾧ
2397 2717 2572 2792 ὄνομα
2605 2719 2824 2797 Ἰωσὴρ,
2859 2717 2910 2788 ἐξ
2943 2715 3097 2771 οἷ’κου
3121 2710 3314 2783 Λαϐἱδ,
3361 2714 3448 2770 καὶ
3479 2715 3542 2768 τὸ
3601 2713 3781 2787 ὄνομα

2134 2817 2234 2880 τῆς
2269 2807 2544 2886 Παρθένου
2576 2808 2826 2883 Μαριᾶμι
2858 2807 2944 2861 καὶ
2982 2804 3238 2868 εἰσελθὼν
3269 2805 3297 2858 ὁ
3330 2801 3578 2879 ἅγγελος,
3638 2804 3778 2876 πρὸς

2134 2898 2302 2969 αὐτὴν
2334 2901 2470 2953 εἷπε·
2505 2899 2694 2970 Χαῖρε,
2727 2895 3170 2970 κεχαριτωμένη,
3199 2893 3226 2947 ὁ
3259 2893 3460 2968 Κύριος
3485 2893 3620 2964 μετά
3652 2895 3776 2947 σοῦ.

2135 2986 2478 3063 εὐλογημένη
2518 2985 2581 3040 σὺ
2611 2987 2664 3040 ὲν
2687 2983 2912 3060 γυναιξί.

2201 3077 2282 3132 Τὰ
2315 3077 2485 3149 μείζω
2542 3080 2650 3129 τῶν
2716 3072 3266 3150 μεγαλουργημάτων
3306 3075 3374 3145 τῇ
3403 3068 3500 3126 τοῦ
3542 3071 3780 3126 Κτίστου

2132 3165 2319 3240 Μητρὶ
2348 3166 2448 3234 τὴν
2509 3162 2902 3242 ὀφειλομένην,
2961 3164 3035 3226 ὡς
3094 3159 3363 3237 βασιλίδι,
3432 3160 3778 3236 λειτουργίαν

2129 3251 2387 3309 ἀπεδίδου
2443 3255 2505 3310 τὸ
2595 3255 2860 3332 ὑπερφυὲς
2949 3251 3386 3326 διακονησομένῃ
3450 3252 3773 3324 μυστήριονυ

2134 3352 2208 3414 Γῆ
2261 3348 2362 3416 τήν
2419 3346 2750 3417 σεμνοτάτην
2809 3342 3043 3415 οἷ’κησιν,
3101 3345 3198 3412 τήν
3253 3344 3459 3417 τροφήν
3528 3340 3778 3416 οὐρανὸς,

2134 3433 2370 3512 ἄγγελος
2427 3441 2529 3503 τῆς
2585 3440 2796 3510 τροφῆς
2849 3431 3118 3492 ἐδείκνυτο
3175 3431 3396 3504 ταμίας,
3456 3428 3632 3487 Ἀλλὰ
3685 3429 3778 3483 καὶ

2124 3526 2223 3594 τήν
2258 3523 2572 3596 ἐπωνυμίαν
2603 3523 2797 3578 ἑαυτοῦ
2828 3527 2941 3588 νῦν,
3002 3521 3076 3583 ὡς
3137 3517 3419 3588 οὐδέποτε,
3466 3516 3774 3590 καλλίστην

2127 3612 2415 3685 ἀπέδειξεν·
2465 3616 2683 3690 ἀγαθῶν
2737 3615 2838 3688 γὰρ
2905 3613 3169 3668 τοιούτων
3235 3609 3470 3688 ἄγγελος
3510 3606 3774 3664 οὐδέποτε

2126 3703 2382 3780 ἐγεγόνει.

2199 3877 2356 3935 Ἀλλ’
2385 3877 2489 3933 ὕπὸ
2515 3881 2612 3932 τοῦ
2635 3881 2790 3944 Θεοῦ,
2859 3875 3045 3954 φησὶν,
3103 3873 3381 3945 ἀπεστάλη
3440 3875 3468 3929 ὁ
3515 3871 3772 3952 ἄγγελος·

2128 3971 2301 4023 Τοῦτο
2331 3969 2451 4028 τοῖς
2495 3967 2620 4042 πρὶν
2669 3966 2744 4024 ὡς
2789 3964 3001 4020 ἐναντία
3055 3966 3124 4019 τὰ
3197 3965 3438 4039 παρόντα
3489 3962 3776 4018 αίνίττεται

2129 4056 2206 4113 Οὐ
2246 4056 2350 4130 γὰρ
2408 4056 2536 4126 παρ’
2593 4055 2784 4109 ἑαυτοῦ
2849 4059 2940 4108 νῦν
2992 4055 3020 4108 ὁ
3077 4049 3350 4129 Γαϐριὴλ,
3408 4051 3650 4127 καθάπερ
3707 4057 3776 4126 τῇ

2127 4145 2450 4218 προμήτορι
2491 4141 2802 4217 προσῆλθεν
2861 4143 2888 4196 ὁ
2948 4140 3155 4210 δόλιος,
3217 4139 3344 4198 οὐδὲ
3403 4142 3536 4197 Θεοῦ
3592 4147 3779 4198 πατεῖν

2135 4233 2452 4302 ὑποτίθησιν
2513 4233 2695 4305 ὄρους’
2765 4229 2909 4286 ἀλλὰ
2937 4232 3028 4286 καὶ
3081 4229 3382 4299 ἀπεστάλη,
3415 4231 3605 4284 καὶτὰ
3643 4232 3779 4286 κατὰ

2132 4321 2275 4385 θείαν
2332 4319 2608 4396 ἐξεπέρανε
2665 4323 2914 4398 γνώμην·
2976 4319 3282 4390 ’Λπεστάλη
3341 4316 3529 4391 δέ,⁹ίνα
3557 4323 3626 4394 τῇ
3663 4318 3777 4375 δια-

2129 4409 2287 4484 κονίᾳ
2338 4411 2506 4487 ταύτῃ
2569 4409 2954 4486 λαμπρότερος
3025 4411 3217 4464 ἑαυτοῦ
3304 4410 3548 4484 γένηται.
3638 4409 3780 4468 Οὐδὲ

2129 4501 2230 4577 γὰρ
2289 4500 2453 4574 μέσου
2510 4497 2592 4571 ἂν,
2661 4499 2704 4554 εἰ
2768 4499 2844 4571 μή
2902 4501 3064 4553 τοῦτο
3117 4491 3372 4571 ἔμελλεν,
3457 4499 3492 4567 ἡ
3581 4500 3776 4576 πρώτη

2136 4592 2272 4665 μετᾶ
2318 4589 2380 4646 τὸ
2426 4594 2646 4666 πρῶτον
2703 4586 2882 4644 ἐδεῖτο
2940 4593 3036 4644 τοῦ
3088 4586 3398 4656 ἐλάττονος,
3458 4589 3559 4658 τὴν
3619 4610 3783 4662 προσ·

2134 4677 2331 4734 λαλιὰν
2361 4677 2569 4749 ἐκείνην
2605 4679 2826 4734 ἀκοῦσαι
2879 4675 3067 4748 δεῆσαι
3120 4675 3337 4748 δεῆσαν.
3368 4680 3435 4735 Ἦ
3489 4678 3592 4754 γὰρ
3653 4679 3718 4734 ἄν
3754 4680 3782 4733 ὁ

1727 4902 1873 4958 Ant.
1908 4899 2200 4961 Ballerini
2231 4907 2416 4961 notae.

364 5042 506 5097 tunc
528 5033 682 5105 (quae
706 5030 828 5105 fuit
845 5029 1430 5105 sapientissimorum
1462 5030 1871 5105 theologorum
1897 5047 2025 5085 sen-

2135 5049 2253 5112 non
2286 5033 2461 5112 modo
2493 5049 2526 5112 a
2555 5031 2948 5112 prsesentibus
2969 5030 3196 5112 absint,
3231 5029 3332 5112 sed
3391 5033 3664 5112 opposite
3724 5051 3787 5090 se

365 5101 914 5185 tentialquan‘llibet
945 5101 1544 5185 ccelestiurn‘quoque
1579 5102 1905 5172 Spirituum
1925 5119 2024 5156 ex-
2054 5121 2102 5185 D
2134 5105 2386 5185 invicem
2421 5103 2716 5185 habeant;
2732 5105 3081 5185 Non‘potest
3112 5118 3248 5185 ergo
3282 5101 3485 5167 Maria,
3516 5120 3650 5185 qua;
3679 5123 3784 5177 pro

372 5173 712 5234 cellentiam
744 5175 917 5243 longe
951 5173 1534 5242 praetergrederetur.

441 5248 704 5318 (91)Cum
728 5247 879 5300 Deus
911 5243 973 5298 in
997 5243 1238 5318 homine
1264 5245 2021 5318 reparandomconomiam

373 5315 668 5389 selegerit,
693 5333 823 5387 qua:
850 5315 1192 5389 (scenomize
1221 5317 1424 5386 primae
1448 5316 1812 5389 conditionis
1845 5317 2022 5386 plane

373 5387 733 5458 respondeat
767 5404 780 5453 ;
810 5392 1042 5441 nam.ut
1063 5388 1514 5456 Chrysostomus
1537 5387 1731 5455 inquit
1756 5389 1937 5458 (hom.
1965 5389 2024 5442 in

377 5467 433 5519 S.
463 5463 706 5518 Pascha.
731 5463 862 5526 n,2.
899 5461 1041 5529 Opp.
1081 5465 1220 5512 tom.
1265 5460 1365 5522 lll,
1412 5474 1539 5526 pug.
1596 5462 1718 5516 7352.
1761 5475 1858 5525 per
1899 5473 2026 5528 qua?

383 5532 635 5588 diabolus
664 5548 760 5586 nos
792 5534 1275 5598 e.1:pugnuvit,per
1297 5547 1360 5582 ea
1391 5529 1515 5596 ipsa
1549 5529 1798 5582 Christus
1848 5533 2024 5598 ipsum

378 5605 656 5676 superarit
687 5620 708 5665 ;
740 5603 819 5658 ita
859 5609 1058 5656 tamen
1105 5600 1399 5676 veteribus
1435 5600 1750 5676 praesentia
1781 5617 2027 5670 respon-

378 5669 541 5744 dent,
575 5679 637 5728 ut
660 5689 1028 5744 quazcunque
1051 5670 1457 5741 adpristinum
1480 5669 1709 5742 lapsum
1735 5669 2022 5740 spectant,

2134 5178 2249 5300 liv:
2291 5175 2428 5256 data
2505 5180 2618 5244 est,
2676 5176 2804 5228 Eva:
2871 5174 3071 5244 lapsus
3121 5181 3422 5242 utcunque
3483 5174 3786 5249 particeps

2157 5265 2211 5300 1a
2257 5263 2362 5300 eri.

2157 5263 2362 5301 ianeri.

2206 5321 2318 5388 (92)
2344 5317 2532 5370 llabes
2586 5316 2683 5370 hic
2715 5332 3095 5370 communem
3259 5317 3498 5388 Patrum
3559 5317 3787 5373 doctri-

2133 5386 2296 5455 nam,
2332 5395 2464 5457 post
2493 5390 2674 5442 Deum
2710 5388 2861 5441 nihil
2893 5388 3068 5441 Maria
3093 5386 3304 5455 majus,
3338 5387 3490 5440 nihil
3521 5389 3784 5444 nobilius

2135 5461 2416 5512 exsistere
2477 5462 2546 5512 At
2577 5459 2821 5528 insuper
2850 5459 2939 5512 fac
2981 5459 3272 5524 advertas,
3315 5458 3438 5511 haec
3471 5458 3544 5512 de
3578 5468 3782 5516 saneta

2137 5532 2371 5594 Virgine
2403 5530 3037 5602 aftirmari,antequam
3070 5529 3122 5602 ei
3156 5529 3428 5582 nuntium
3453 5529 3537 5602 ab
3571 5535 3782 5602 angelo

2134 5602 2614 5676 deferre_t_ur.l\'0n
2644 5618 2778 5671 ergo
2812 5601 2880 5676 ad
2897 5601 3283 5676 celsissimam
3302 5601 3573 5676 omnium
3588 5601 3784 5676 digni-

2133 5679 2313 5728 tatem
2343 5673 2553 5728 divinae
2585 5672 2983 5728 maternitatis
3025 5671 3084 5726 id
3117 5677 3362 5744 spectat,
3395 5671 3500 5726 sed
3530 5673 3606 5728 ad
3641 5671 3784 5730 iiisi-
