4104 6300
428 384 502 441 87
1615 378 1903 440 ISIDORI
1947 378 2704 444 THESSALONICENSIS
3766 393 3846 450 88

432 516 632 588 ginem
664 513 816 585 dico,
843 530 974 584 qua:
1005 513 1164 568 inter
1195 517 1472 583 cognatos
1493 529 1632 568 suos
1653 529 1819 568 emno
1833 512 2075 568 obrutos

2207 512 2294 584 τρό
2356 534 2420 588 γε
2465 513 2684 568 πάντων
2739 517 2848 568 τῶν
2897 516 3038 569 νόων
3107 515 3198 570 τὸν
3266 517 3712 596 ἀρχιστράτηγον
3776 519 3841 591 δὴ

435 603 763 660 coruscavit
789 605 922 674 (95),
955 601 1103 656 nihil
1134 601 1292 656 aliud
1325 601 1553 656 accedit
1608 602 1873 673 pr0pius,
1905 619 2084 672 quam

2196 599 2584 678 φαιδρυνθῆναι
2614 608 2829 659 τοῦτον.

437 693 712 748 homines
747 691 878 758 ;11is
909 707 1042 746 vero
1076 691 1384 762 proximus
1416 708 1543 745 esse
1576 691 1795 746 dicitur
1823 692 2210 762 incorporeus
2240 693 2525 748 Gabrielis
2557 694 2722 750 ordo.
2774 696 2888 750 Has
2919 695 3100 768 igitur
3128 696 3200 752 ob
3233 713 3440 753 causas
3471 716 3716 772 prorsus
3739 719 3846 774 par

437 786 584 848 erat,
617 797 736 852 praa
769 779 1048 835 omnibus
1079 779 1546 850 intelligentibus
1574 779 1922 835 substantiis
1943 781 2103 836 hunc
2137 782 2392 837 cmleslis
2425 785 2718 838 exercitus
2741 784 2950 839 ducem
2985 785 3344 841 collustrari.

507 873 628 927 XII.
651 871 888 926 Primus
921 887 1057 942 ergo
1084 871 1177 925 hic
1209 869 1544 926 illustratur
1586 877 1711 926 tum
1739 871 1812 926 ob
1843 872 2088 943 propin-

437 963 744 1033 quitatem,
769 965 894 1014 tum
917 961 1094 1016 etiam
1117 965 1361 1032 propter
1392 959 1538 1014 illud
1594 959 1896 1030 gaudium,
1929 961 2088 1032 quod

434 1053 560 1122 ipse
593 1049 809 1116 attulit,
843 1049 1062 1121 quippe
1095 1050 1196 1119 qui
1228 1049 1528 1120 particeps
1563 1051 1808 1104 eliectus
1838 1055 1928 1104 est
1947 1050 2088 1104 boni

434 1143 615 1209 illius,
644 1141 802 1212 quod
831 1140 1114 1206 adduxit;
1147 1157 1271 1195 non
1339 1157 1508 1195 secus
1543 1157 1611 1195 ac
1643 1141 1745 1210 qui
1778 1140 1948 1194 alteri
1981 1157 2086 1194 un-

432 1237 716 1303 guentum
736 1230 1110 1302 praebet,una
1138 1246 1273 1284 cum
1305 1229 1512 1300 eo,qui
1544 1229 1777 1301 recipit,
1810 1230 2087 1284 virtutem

433 1337 503 1375 ex
533 1325 835 1392 unguento
858 1324 1238 1374 emanantem
1267 1319 1601 1391 participat.

504 1409 705 1480 lnquit
732 1407 912 1478 igitur
937 1424 950 1462 :
982 1410 1088 1463 Ave
1102 1409 1290 1478 gratia
1308 1407 1500 1478 plena,
1534 1410 1794 1464 Dominus
1822 1415 1998 1464 tecum
2014 1407 2083 1465 ⁸³.

433 1488 562 1554 Non
592 1502 824 1569 poterat
854 1496 1085 1552 Gabriel.
1124 1497 1593 1570 magnitudinem
1625 1497 1822 1571 gaudii
1881 1499 2034 1554 ferre
2070 1515 2083 1564 ;

435 1605 503 1642 ac
532 1587 708 1642 veluti
740 1587 1030 1642 festinans
1061 1603 1338 1659 magnum
1371 1585 1514 1642 illud
1561 1587 1760 1659 gaudii
1791 1587 2022 1658 pondus
2051 1605 2086 1643 a

435 1693 496 1730 se
530 1675 656 1747 ipso
687 1676 748 1730 in
781 1693 937 1743 eum,
972 1676 1072 1746 qui
1098 1675 1251 1730 ferre
1307 1675 1454 1731 illud
1509 1682 1728 1747 posset,
1762 1677 2082 1748 deponere,

2271 873 2376 928 IB’.
2403 869 2764 944 Φαιδρύνεται
2795 873 2977 928 τοίνυν
3039 873 3197 937 οὗτος
3255 881 3474 950 πρῶτος
3523 881 3592 950 τῇ
3649 899 3709 934 τε
3767 880 3852 958 ἐγ-

2197 960 2394 1032 γύτητι
2424 961 2512 1014 καὶ
2549 961 2685 1036 πρός
2735 983 2794 1036 γε
2851 961 3054 1034 τούτῳ,
3116 961 3186 1018 δι’
3247 967 3314 1036 ἢν
3367 963 3590 1040 ἐκόμιζε
3648 972 3852 1047 χαρὰν,

2195 1048 2288 1102 ἆτε
2341 1052 2438 1102 τοῦ
2484 1049 2851 1122 κομιζομένου
2898 1051 2988 1105 καὶ
3048 1052 3208 1116 αὐτὸς
3268 1053 3636 1135 μετειληφὼς,
3680 1061 3854 1122 καοά-

2194 1157 2293 1211 περ
2327 1137 2354 1190 6
2390 1137 2564 1212 μύρου
2599 1135 2920 1210 μεταδιδοὺς
2962 1147 3062 1210 τῆς
3115 1139 3314 1197 ἐκεῖθεν
3371 1143 3566 1218 ἀρετῆς
3597 1152 3853 1203 κοινωνεῖ

2193 1230 2272 1298 τῷ
2303 1223 2618 1300 δεχομένῳ.

2265 1407 2432 1478 Χαῖρε
2463 1405 2577 1474 οὗν,
2608 1406 3048 1481 κεχαριτωμένη,
3109 1411 3295 1488 φησὶν,
3355 1413 3384 1466 ὁ
3450 1412 3656 1486 Κύριος
3718 1417 3853 1488 μετὰ

2196 1497 2310 1548 σοῦ.
2343 1494 2453 1548 Ούκ
2483 1495 2598 1570 εἶχε
2625 1494 2804 1574 φερειν
2845 1497 2873 1550 ὁ
2931 1492 3180 1572 Γαϐριὴλ
3237 1501 3299 1555 τὸ
3354 1507 3454 1570 τῆς
3511 1508 3686 1578 χαρᾶς
3747 1504 3852 1578 μὲ-

2193 1595 2371 1658 γεθος·
2431 1584 2520 1638 καὶ
2577 1584 2772 1670 ᾡσανεὶ
2857 1585 3102 1642 σπεύδων
3173 1589 3237 1643 τὸ
3317 1588 3452 1666 μέγα
3519 1591 3694 1646 ἐκεῖνο
3755 1601 3856 1663 τῆς

2194 1677 2368 1750 χαρᾶς
2434 1679 2631 1747 χρῆμα
2687 1673 2778 1748 ἀφ’
2837 1674 3031 1730 ἑαυτοῦ
3089 1674 3354 1741 ἐπιθεῖναι
3406 1684 3484 1752 τῷ
3547 1677 3849 1755 δυναμένῳ,

433 1764 768 1836 purissimas
798 1765 956 1820 illius
986 1781 1209 1820 nomen
1238 1764 1457 1820 oblitus
1488 1771 1597 1832 est,
1631 1769 1690 1819 et
1719 1765 1898 1820 veluti
1930 1782 2086 1821 com-

2207 1764 2286 1814 τοῦ
2318 1759 2586 1833 ὀνόματος
2647 1759 2940 1817 ἐπελάθετο
3007 1769 3107 1833 τῆς
3169 1765 3467 1842 Πανάγνου·
3528 1768 3618 1822 γαὶ
3677 1745 3845 1846 χαῖρε

435 1852 722 1924 pellandaa
753 1853 913 1909 illius
943 1853 1486 1920 immemor,statim
1517 1854 1664 1910 illud
1693 1857 1810 1910 Ave
1823 1855 2087 1927 porrigit,

434 1943 593 2012 quod
621 1943 881 2014 gerebat.
913 1944 997 1997 Tu
1055 1943 1256 2014 igitur,
1315 1943 1532 2014 inquit,
1589 1960 1650 1997 es
1690 1945 1872 2012 gratia
1895 1945 2089 2014 plena,

435 2037 496 2085 tu
526 2033 586 2085 in
623 2031 949 2086 mulieribus
980 2032 1358 2099 benedicta,et
1378 2030 1598 2085 idcirco
1629 2031 1840 2103 gaude.
1874 2033 2090 2088 Tecum

438 2118 596 2172 enim
628 2119 1042 2173 universorum
1099 2124 1189 2172 est
1244 2118 1555 2184 Dominus,
1615 2135 1726 2172 nec
1785 2119 2092 2191 quippiam

437 2207 652 2278 aptius,
689 2222 804 2277 quo
839 2212 894 2260 te
926 2206 1214 2277 alloquar,
1233 2207 1510 2273 occurrit,
1537 2222 1715 2276 quam
1741 2209 1878 2264 Ave.
1905 2209 2096 2280 Siqui-

439 2297 574 2351 dem
603 2311 782 2367 quem
812 2295 1026 2353 cmlum
1057 2300 1118 2350 et
1165 2300 1321 2350 terra
1353 2311 1584 2366 capere,
1615 2297 1883 2366 quamvis
1915 2297 2000 2351 eis
2031 2297 2098 2351 li-

441 2391 602 2441 ceret
623 2385 802 2441 etiam
823 2385 1002 2441 latius
1015 2402 1077 2440 se
1098 2385 1602 2456 protendere,non
1615 2387 2016 2458 possent,ejus
2033 2393 2097 2442 tu

441 2475 686 2530 domum
716 2491 956 2530 auream
974 2474 1029 2546 (ο
1060 2490 1275 2530 novum
1304 2479 1646 2545 portentum
1670 2475 2098 2547 l)temetipsam

443 2564 713 2620 effecisti.
769 2565 844 2619 Te
903 2564 1100 2635 igitur,
1157 2569 1443 2634 tanquam
1496 2564 1766 2619 omnium
1807 2565 2096 2638 reginam,

441 2669 715 2722 veneror,
747 2657 826 2720 et,
860 2652 1032 2707 sicuti
1057 2652 1264 2724 jussus
1295 2669 1448 2720 sum,
1479 2653 1586 2707 Ave
1617 2652 1723 2706 tibi
1783 2653 2096 2710 annuntio.

511 2743 730 2813 Gaude,
790 2759 928 2799 nam
979 2749 1300 2815 propterea
1353 2747 1413 2798 et
1488 2743 1612 2814 ipse
1666 2760 1826 2798 nunc
1885 2742 2099 2816 gaudio

444 2833 652 2903 gestio,
681 2850 800 2889 non
831 2833 1022 2889 solum
1053 2839 1296 2905 propter
1309 2849 1438 2890 eam
1458 2835 1522 2888 in
1539 2834 1865 2889 nuntisndo
1880 2835 2100 2906 jucun-

442 2919 871 2992 ditatem,quam
888 2922 1140 2992 quisque
1157 2921 1464 2978 latissima
1477 2923 1762 2978 nuntians
1775 2923 2099 2994 experitur,

453 3009 558 3066 sed
581 3011 759 3066 etiam
808 3010 948 3081 quia
991 3027 1086 3066 me
1118 3011 1246 3081 ipso
1277 3011 1453 3082 plane
1500 3011 1712 3066 melior
1737 3012 1940 3077 evado,
1973 3028 2100 3066 am-

2199 1845 2420 1902 δίδωσιν
2479 1848 2654 1918 εὐθὺς,
2705 1850 2838 1926 ὃπερ
2901 1851 2968 1920 ἦν
3045 1851 3242 1932 φέρων,
3299 1857 3398 1920 τῆς
3467 1845 3848 1934 προσηγορίας

2199 1934 2380 2012 ὥσπερ
2461 1939 2879 2012 ἀμνημονήσας.
2966 1940 3043 1996 Σὺ
3122 1941 3214 1998 οὖν
3277 1944 3330 1998 εἴ
3401 1947 3856 2022 κεχαριτωμένη,

2199 2026 2354 2104 φησὶ,
2417 2026 2479 2081 σὺ
2539 2026 2590 2082 ἐν
2652 2029 2897 2103 γυναιξὶν
2961 2027 3338 2108 εὐλογημένη,
3387 2033 3477 2087 καὶ
3546 2032 3635 2089 διὰ
3689 2040 3856 2092 τοῦτο

2200 2121 2383 2194 χαῖρε.
2437 2119 2582 2172 Μετὰ
2622 2122 2719 2172 σοῦ
2773 2119 2874 2193 γὰρ
2935 2120 2964 2174 ὁ
3023 2125 3130 2176 τῶν
3191 2119 3341 2177 ὅλων
3403 2124 3700 2196 Δεσπότης,
3763 2127 3857 2182 καὶ

2202 2202 2353 2260 οὐδὲν
2401 2204 2728 2278 οἴκειότερον
2785 2207 2821 2277 ἢ
2874 2214 3040 2286 χαῖρε
3118 2211 3201 2266 σοὶ
3282 2213 3616 2288 προσλαλεῖν
3706 2213 3862 2274 οἴδα.

2197 2296 2292 2351 Ὃν
2324 2296 2426 2372 γὰρ
2459 2295 2682 2371 οὐρανὸς
2713 2298 2802 2352 καὶ
2861 2301 2960 2372 γῆ,
3009 2299 3098 2354 καὶ
3157 2301 3202 2356 εἰ
3257 2301 3678 2360 πολλαπλάσιον
3735 2307 3864 2362 ἔαυ-

2200 2388 2311 2438 τῶν
2337 2385 2490 2461 εἶχον
2523 2384 2867 2458 διαταθῆναι,
2929 2394 3134 2464 χωρεῖν
3191 2390 3253 2445 οὐ
3310 2389 3652 2464 δεδύνηνται,
3713 2395 3862 2451 οἶκον

2204 2472 2434 2543 ἐκείνου,
2473 2471 2518 2528 ὤ
2551 2475 2826 2549 θαύματος
2855 2475 3162 2552 παραδόξου
3197 2481 3210 2536 ί
3261 2483 3488 2550 σεαυτὴν
3547 2483 3862 2559 ἐχρυσούρ-

2200 2583 2393 2636 γησας.
2428 2563 2523 2619 Καὶ
2582 2565 2656 2626 ὡς
2711 2565 2958 2622 ἁπάντων
3006 2569 3183 2623 τοίνυν
3243 2569 3484 2645 βασιλίδι
3545 2579 3863 2648 προσκυνῶ,

2202 2649 2292 2702 καὶ
2323 2651 2398 2711 ὡς
2428 2651 2792 2728 προσετάγην,
2826 2653 2994 2727 Καῖρὲ
3024 2675 3108 2709 σοι
3139 2662 3470 2734 προσφωνῶ.

2275 2738 2521 2814 Καίροις,
2573 2739 2656 2794 ὅτι
2709 2738 2798 2797 διὰ
2850 2739 3011 2798 τοῦτο
3064 2747 3154 2799 νῦν
3211 2747 3397 2820 χαίρω
3429 2748 3516 2802 καὶ
3571 2749 3738 2811 αὐτὸς
3799 2751 3864 2806 ού

2201 2833 2280 2901 τῷ
2337 2833 2554 2902 τερπνῷ
2613 2831 2762 2904 μόνῳ
2819 2839 2918 2901 τῆς
2977 2832 3263 2908 ἀγγελίας,
3323 2834 3354 2890 6'
3420 2841 3614 2912 πρᾷσιν
3671 2837 3864 2894 ἕπεται

2207 2913 2628 2992 διαγγέλλουσιν
2656 2917 2874 2989 ἣδιστα,
2907 2919 3034 2976 ἄλλ’
3073 2921 3156 2976 ὅτι
3205 2923 3296 2978 καὶ
3357 2922 3592 2998 ἐμαυτοῦ
3629 2925 3866 3001 βελτίων

2213 3005 2431 3080 ἄπαρτι,
2464 3008 2556 3062 καὶ
2593 3013 2734 3062 νοεῖν
2797 3008 3113 3085 ὑψηλότερα
3159 3009 3542 3089 διαυγέστερος
3597 3015 3857 3089 γίνομαι·

441 3097 735 3170 pliorique
757 3097 984 3153 lumine
1011 3099 1322 3153 collustror
1342 3099 1416 3153 ad
1441 3099 1790 3154 sublimiora
1821 3106 2089 3154 contem-

2207 3099 2374 3150 ταῦτα
2406 3092 2462 3150 δὲ
2489 3095 2556 3150 τὰ
2587 3097 2675 3164 σὰ,
2708 3097 2780 3150 ὧν
2837 3098 2962 3153 οὒτε
3018 3097 3451 3177 παραδοξότερον
3513 3105 3630 3168 οὔθ’
3693 3105 3871 3182 ὑπὲρ-

440 3187 690 3260 planda.
723 3188 1038 3259 haecporro
1072 3193 1171 3244 tua
1198 3189 1462 3258 profecto
1503 3193 1662 3256 sunt,
1697 3189 1912 3260 quibus
1943 3189 2097 3244 nihil

442 3275 776 3334 mirabilius
806 3293 874 3332 ac
922 3275 1238 3332 sublimius
1271 3283 1362 3332 est
1415 3277 1590 3336 nihil.
1617 3277 1784 3344 Quod
1831 3278 1880 3333 si
1938 3279 2094 3350 quis,

445 3367 684 3439 quando
717 3367 920 3423 suavia
949 3369 1530 3440 pertractetgaudet,
1564 3368 1797 3424 etiamsi
1819 3369 1880 3423 in
1899 3369 2097 3441 ipsum

447 3457 639 3512 solum
661 3455 954 3512 redundet
972 3456 1252 3530 gaudium
1277 3474 1290 3522 ;
1315 3473 1452 3512 cum
1509 3463 1572 3512 tu
1631 3457 1942 3512 dulcedine
1973 3475 2102 3529 per-

440 3545 680 3615 fruaris,
711 3562 842 3617 quaa
890 3545 1307 3619 cogitationem
1335 3563 1572 3601 omnem
1623 3553 1958 3618 exsuperat,
2014 3553 2096 3602 te-

2201 3205 2354 3258 τερον
2388 3181 2562 3242 οὐδὲν.
2603 3184 2667 3240 Εἰ
2701 3183 2759 3241 δὲ
2810 3193 2928 3250 τοῖς
2980 3186 3165 3258 ⁵ἦδὲσιν
3213 3189 3262 3245 εἲ
3316 3213 3399 3254 τις
3456 3181 3869 3270 προσομιλοίλη,

2205 3273 2412 3349 χαίρει,
2466 3271 2562 3328 κᾶν
2608 3274 2684 3338 εἷς
2739 3275 2901 3332 αὐτὸν
2969 3281 3004 3348 ἡ
3061 3277 3247 3352 τέρψις
3311 3279 3590 3353 ἐλίττηται
3665 3285 3868 3356 μόνον,

2208 3363 2335 3418 ὅταν
2391 3361 2717 3438 γλυκασμοῦ
2796 3367 2890 3438 μὶν
2967 3367 3101 3444 ὑπὲρ
3158 3363 3362 3424 ἔννοιαν
3411 3371 3713 3446 ἀπολαύῃς,
3767 3377 3874 3430 σὺν

2211 3452 2295 3508 σοὶ
2354 3450 2412 3507 δὶ
2464 3455 2556 3507 καὶ
2612 3453 2789 3518 κτίσις
2839 3456 3040 3527 ἃπασα,
3098 3458 3190 3512 καὶ
3277 3460 3304 3512 6
3376 3459 3632 3532 Πλάστης
3688 3464 3870 3541 χαίρῃ

2209 3543 2358 3616 Θεὸς,
2392 3542 2446 3598 τί
2474 3541 2532 3598 ἅν
2555 3565 2638 3607 τις
2661 3546 2786 3621 περὶ
2816 3551 2911 3601 σοῦ
2942 3547 3072 3626 φαίη
3111 3567 3124 3618 ;

440 3652 576 3691 cum
597 3651 735 3690 vero
766 3634 1064 3708 gaudeant
1095 3640 1153 3690 et
1181 3651 1390 3690 omnes
1423 3635 1603 3691 simul
1633 3642 2009 3704 creaturae,et
2034 3636 2278 3692 Greator
2297 3636 2473 3702 Deus,
2492 3635 2635 3706 quid
2662 3636 2902 3692 demum
2922 3637 2992 3693 de
3028 3644 3080 3694 te
3101 3639 3300 3696 dicere
3324 3643 3617 3715 quispiam
3631 3648 3874 3717 possit?

501 3725 648 3779 XIII.
680 3725 796 3780 Ave
824 3725 1024 3798 igitur,
1055 3726 1244 3794 gratia
1263 3726 1456 3796 plena,
1507 3730 1566 3780 et
1612 3725 1844 3797 gaudio,
1905 3742 2080 3781 omne

429 3813 712 3886 gaudium
744 3813 1088 3880 excedente,
1136 3813 1352 3876 fruere,
1405 3832 1438 3870 ο
1495 3815 1792 3870 benenicta.
1851 3815 2082 3870 Saluta-

428 3903 676 3967 tionem,
710 3919 826 3974 qua
860 3909 912 3958 te
945 3903 1316 3975 compellem,
1351 3905 1441 3958 his
1471 3903 1824 3958 nobiliorem
1855 3903 2084 3960 nullam

426 3991 726 4047 habeo.Et
747 3991 868 4047 scio
893 3992 1193 4062 equidem,
1229 3992 1388 4062 quod
1417 3997 1680 4064 propter,
1715 4009 1872 4060 eum,
1905 4009 2083 4063 quem

420 4080 597 4151 juxta
625 4079 768 4132 felix
793 4095 993 4133 meum
1019 4081 1296 4134 nuntium
1318 4085 1488 4134 utero
1519 4096 1710 4152 geres,
1743 4079 1915 4136 beata
1932 4098 2084 4152 prae-

430 4167 748 4232 dicaberis,
769 4172 826 4221 et
848 4167 1181 4239 magnificis
1201 4167 1476 4224 laudibus
1507 4169 1569 4224 in
1589 4185 1762 4224 omne
1787 4175 2020 4240 tempus
2050 4186 2086 4225 a

430 4255 636 4310 multis
653 4255 976 4310 celebraris
987 4301 995 4320 ,
1005 4257 1508 4326 quemadmodum
1521 4259 1671 4312 mira
1681 4274 1925 4328 prorsus
1938 4257 2008 4312 de
2029 4265 2081 4312 te

2261 3725 2357 3779 Il".
2393 3806 2411 3808 Ἴ
2445 3728 2606 3798 Καῖρε
2689 3724 2893 3794 τοίνυν,
2985 3729 3427 3803 κεχαριτωμένη,
3495 3730 3585 3786 καὶ
3674 3742 3868 3808 χαρᾶς

2194 3810 2324 3886 ὑπὲρ
2385 3806 2522 3866 ἅπαν
2577 3813 2805 3886 τερπνὸν
2866 3814 3134 3884 ἀπόλαυε,
3191 3815 3564 3894 εὐλογημένη.
3635 3806 3865 3878 Τούτων

2193 3920 2278 3953 σοι
2348 3903 2456 3955 τῶν
2534 3903 3028 3980 προσφωνημάτων
3116 3904 3220 3960 οὐκ
3297 3904 3413 3986 ἔχω
3489 3916 3866 3986 προσαγαγεῖν

2189 3989 2543 4064 τιμιώτερον.
2579 3989 2682 4045 Καὶ
2716 3987 2837 4046 οῖδα
2895 3993 2993 4064 μὲν
3043 3994 3128 4050 ὃτι
3186 3997 3276 4050 καὶ
3335 4000 3576 4070 μακαρία
3622 3997 3874 4078 ἀκούσῃ,

2193 4074 2264 4131 δι’
2323 4079 2380 4131 ὅθ
2420 4077 2557 4132 κατά
2607 4080 2676 4134 τὰ
2741 4079 2848 4153 ἐμὰ
2909 4083 3188 4157 βαστάσεις
3248 4083 3561 4160 εὐαγγέλια,
3613 4087 3706 4142 καὶ
3763 4074 3878 4162 μέ-

2191 4163 2566 4240 γαλοπρεπῶς
2600 4167 2772 4243 μέχρι
2828 4171 3031 4232 παντὸς
3091 4172 3384 4248 ὑμνηθήσῃ
3419 4176 3566 4250 παρᾶ
3595 4175 3876 4252 πολλοῖς,

2191 4254 2328 4318 καθὰ
2379 4251 2650 4325 δήπουθεν
2693 4256 2786 4312 σὺν
2841 4259 3074 4333 Θαύματι
3133 4261 3258 4335 περὶ
3313 4268 3409 4317 σοῦ
3460 4265 3528 4318 τὰ
3573 4251 3876 4340 παράδοξα

428 4360 463 4399 a
491 4343 798 4416 prophetis
827 4359 962 4398 cum
981 4344 1374 4400 admiratione
1390 4345 1673 4416 praedicta
1701 4346 2083 4402 fuerunt.Sed

2207 4345 2628 4418 προκεκήρυκται
2657 4352 2776 4410 τοῖς
2829 4351 3162 4425 προφήταις.
3207 4349 3360 4408 Ἀλλ’
3420 4349 3544 4408 οὔτε
3595 4375 3680 4418 τις
3739 4362 3867 4414 τῶν

426 4451 618 4507 neque
652 4451 682 4489 e
705 4433 1004 4489 veteribus
1022 4434 1320 4504 quispiam
1351 4451 1504 4502 eam,
1524 4453 1655 4506 quae
1693 4437 1800 4491 tibi
1823 4435 2078 4504 obvenit,

2207 4429 2361 4486 τάλαι
2388 4434 2489 4502 τήν
2538 4435 2868 4510 γιγνομένην
2901 4433 3152 4492 διέσωσεν
3209 4438 3505 4512 εύωημίαν,
3556 4440 3684 4500 οὔτε
3739 4451 3868 4503 τῶν

427 4525 685 4580 faustam
743 4521 1230 4578 acclamationem
1286 4525 1624 4590 reservavit,
1679 4541 1874 4595 neque
1929 4543 2079 4596 pras-

2207 4520 2538 4594 παρόντωνῆ
2570 4522 2870 4595 ἐσομένων,
2907 4525 2982 4588 ὡς
3041 4530 3286 4602 προσῆκέ
3343 4551 3450 4603 σοι,
3505 4533 3700 4610 φθάσει
3759 4537 3872 4592 ’τὸν

429 4614 686 4670 sentium
743 4619 845 4670 aut
899 4612 1236 4670 futurorum
1294 4613 1509 4684 aliquis
1565 4613 1670 4668 tibi
1715 4631 1822 4686 pro
1856 4615 2080 4670 meritis

2207 4613 2402 4685 ιρότον·
2443 4613 2543 4682 ἔτι,
2575 4616 2666 4671 καὶ
2697 4613 2812 4671 οὐδ’
2870 4617 2916 4671 εἰ
2975 4625 3128 4688 πᾶσι,
3186 4627 3305 4684 τοῖς
3343 4643 3402 4679 τε
3449 4621 3588 4692 οὖσι,
3629 4628 3740 4701 πρό
3799 4650 3883 4686 τε

428 4701 672 4772 plausus
711 4701 896 4770 dabit,
947 4700 1068 4756 imo
1127 4717 1322 4772 neque
1357 4701 1404 4756 si
1436 4701 1509 4756 ad
1539 4701 1650 4756 hoc
1675 4701 2082 4774 praestandum

2207 4701 2336 4769 ›ὗσι,
2361 4706 2481 4765 τοῖς
2495 4703 2544 4756 τ’
2575 4701 2875 4776 ἐσομένοις,
2898 4703 3030 4780 ὑπὲρ
3052 4707 3249 4762 τούτου
3280 4707 3552 4774 συνελθεῖν
3579 4700 3884 4790 ἐγεγόνει,

433 4805 640 4845 omnes
670 4791 845 4846 simul
875 4791 1188 4847 convenire
1221 4791 1610 4864 contingeret,
1670 4797 1960 4864 quotquot
1987 4791 2081 4846 vel

2207 4789 2278 4844 ;6v
2307 4789 2489 4846 εἰκότα
2521 4787 2581 4846 ἄν
2613 4790 2782 4866 ὕμνον
2818 4791 3082 4870 ἐξεγένετο
3113 4794 3327 4868 πλέξαι.

433 4885 572 4935 sunt
599 4879 688 4934 vel
717 4879 957 4936 fuerunt
993 4881 1086 4936 vel
1116 4888 1311 4950 erunt,
1363 4884 1422 4936 te
1455 4887 1653 4937 tamen
1687 4881 1899 4955 dignus
1923 4883 2078 4937 necti

433 4968 694 5038 hymnus
724 4974 945 5039 posset.

502 5057 698 5114 Gaude
728 5058 908 5130 igitur
937 5064 1177 5131 propter
1205 5062 1329 5116 haec
1353 5063 1625 5130 omnia,o
1659 5063 1921 5118 scientias
1949 5078 2080 5132 pro-

429 5146 694 5203 funditas
722 5164 790 5202 ac
821 5147 1127 5218 sapientia:
1153 5149 1487 5220 altitudo,et
1523 5152 1830 5224 opulentia
1857 5150 2076 5224 gaudii,

516 5273 566 5310 ⁸³
599 5275 736 5330 Luc.
770 5291 811 5343 ι,
844 5276 935 5330 28.

2261 5065 2423 5135 Καῖρε
2450 5059 2645 5117 λοιπὸν
2691 5059 2782 5118 διὰ
2826 5069 3018 5136 ταῦτα,
3076 5063 3122 5120 ὦ
3193 5065 3359 5141 βάθος
3417 5065 3695 5144 γνώσεως,
3754 5078 3881 5135 καὶ

2189 5151 2383 5228 σοφίας
2412 5151 2575 5225 ὕψος,
2605 5153 2694 5207 καί
2742 5160 2919 5230 χαρᾶς
2972 5154 3242 5226 πλοῦτος,
3300 5158 3390 5212 καὶ
3452 5159 3703 5236 χαρίτων
3753 5170 3892 5228 θά-

1774 5406 1921 5465 Ant.
1956 5402 2256 5464 Ballerini
2296 5409 2484 5464 notae.

507 5535 615 5606 (95)
642 5533 965 5606 Imaginem
981 5533 2078 5605 habesluculentissimam,cujusmodi

2189 5535 2591 5613 conditionem
2625 5553 2640 5613 _:
2675 5538 3068 5613 inter‘omnes
3091 5540 3315 5597 scilicet
3341 5558 3507 5599 coeno
3530 5548 3889 5613 sordentes

434 5605 614 5662 fuerit
655 5605 916 5662 conditio
947 5605 1199 5677 Virginis
1229 5606 1304 5662 ad
1356 5606 1718 5676 reliquorum
1769 5608 2079 5662 hominum

2190 5609 2315 5663 sola
2348 5609 2740 5665 mundissima
2769 5610 3021 5666 refulsit.
