4104 6300
333 341 398 404 89
1169 341 1436 403 SERMO
1479 342 1560 402 IN
1605 338 2312 402 ANNUNTIATIONEM
2358 340 2429 398 B.
2476 337 2550 399 V.
2599 336 2911 398 MAlll/E.
3675 333 3756 394 90

344 474 522 544 λασσα,
589 477 686 530 καὶ
752 474 1054 545 θαυμάτων
1096 472 1340 548 μέγεθος,
1389 471 1482 528 καὶ
1521 472 1762 543 πέλαγος
1791 468 1992 527 καλλο-

2114 478 2171 528 et
2199 473 2521 545 gratiarum
2547 477 2799 537 mare,et
2829 471 3251 527 miraculorum
3300 469 3664 542 magnitudo,
3701 474 3757 524 et

359 573 463 636 νῇς,
507 564 602 618 καὶ
667 561 998 637 μυστηρίων
1057 562 1323 636 θησαυρός
1391 564 1403 618 ί
1459 563 1519 620 Ὀ
1574 561 1770 636 Κύριος
1861 561 1996 634 μετὰ

370 658 464 709 σοῦ.
517 653 618 716 Τίς
683 651 790 707 οὐκ
858 657 923 706 ἇν
988 649 1284 727 ἐκπλαγείη
1335 651 1398 706 τὸ
1423 652 1605 706 καινὸν
1636 657 1735 720 τῆς
1768 657 1866 722 σῆς
1901 672 1997 724 με·

371 744 756 818 γαλειότητος;
819 745 990 802 Ποῖος
1054 745 1178 794 νοῦν
1229 745 1346 801 τοῖς
1406 737 1731 814 παραδόξοις
1781 739 1995 800 τούτοις

370 832 508 902 ἀξίως
546 830 1018 907 ἒμφιλοχωρήσει
1075 825 1348 902 θεάμασι;
1408 827 1545 884 Ποία
1597 826 1810 884 διάνοια
1858 830 1995 902 πρὸς

373 922 486 995 ὕψος
538 919 991 994 ἁμιλληθήσεται
1046 923 1152 972 τῶν
1211 923 1298 972 νῦν
1371 916 1507 992 ὓπερ
1563 922 1740 973 πᾶσαν
1798 925 1997 988 πτῆσιν

374 1010 595 1084 αἰθερῖως
626 1007 959 1073 διαθεόντων
995 1027 1009 1076 ;
1037 1007 1128 1068 Τίς
1159 1005 1453 1082 λογισμὸς,
1483 1011 1599 1069 τοῖς
1659 1006 1996 1084 ἀπορρήτοις

369 1099 568 1160 τούτοις
599 1096 984 1172 ἐμπετασθεὶς,
1031 1101 1108 1166 τῷ
1137 1097 1306 1167 ἱκανῷ
1359 1103 1458 1165 τῆς
1521 1098 1772 1169 μυήσεως
1827 1117 1996 1152 κατα-

369 1184 468 1258 ϐὰς,
527 1189 964 1261 σεμνυθήσεταιε
1027 1185 1166 1240 Ποία
1221 1185 1465 1263 γλῶσσα,
1553 1190 1745 1264 φωνῶν
1835 1184 1995 1256 ἂνθη,

365 1280 631 1353 χρυσαυγῆ
688 1276 784 1330 τὸν
842 1275 1101 1354 φθόγγον,
1152 1275 1241 1330 καὶ
1301 1273 1623 1348 πολυτερπῆ
1682 1277 1784 1344 τήν
1833 1273 1998 1348 λέξιν,

365 1369 731 1440 προσήκουσαν
788 1365 1198 1437 ἀπανθισαμένη
1263 1369 1382 1426 τοῖς
1448 1367 1709 1438 παροῦσιν
1774 1365 1996 1441 ἱστουρ-

361 1457 472 1534 γίαν
501 1456 745 1534 ἐξυφανεῖ
768 1475 783 1524 ;

420 1631 478 1686 Ὁ
509 1629 707 1702 Κύριος
757 1629 891 1700 μετά
947 1629 1070 1696 006,
1129 1626 1190 1680 οὐ
1247 1627 1484 1700 καθάπερ
1549 1625 1713 1698 μόνον
1772 1625 1824 1680 ἐν
1878 1632 1997 1688 τοῖς

357 1718 568 1782 λοιποῖς
597 1717 859 1788 κτίσμασι
899 1714 1161 1794 συνοχεὺς
1192 1712 1289 1785 ὢν,
1348 1713 1463 1770 οὐδ’
1513 1714 1692 1790 ὥσπερ
1753 1720 1996 1782 Μωυσεῖ,

2111 562 2435 617 venustatis
2448 562 2690 634 pelagus
2712 567 2770 616 et
2786 561 3206 633 mysteriorum
3228 560 3748 623 thesaurus,Domi-

2111 666 2214 704 nus
2245 651 2584 714 lecum.Quis
2608 666 2728 704 non
2749 649 3124 721 Obstupescat
3152 648 3604 720 magniﬁcentiae
3639 653 3750 702 tum

2112 739 2431 794 novitatem
2450 740 2876 811 (96)‘?Qumnam
2899 755 3068 794 mens
3080 755 3188 810 par
3200 755 3326 794 esse
3340 744 3518 808 queat
3539 743 3601 791 ut
3617 753 3754 792 con-

2113 828 2473 900 templandis
2504 829 2864 899 portentosis
2897 829 3056 883 hisce
3088 827 3441 898 spectaculis
3473 827 3754 880 immore-

2113 924 2209 972 tur
2227 918 2254 972 ?
2273 918 2412 984 Quis
2434 917 2773 979 intellectus
2794 917 3095 988 poteritad
3109 915 3522 971 celsitudinem
3547 931 3753 970 eorum

2113 1024 2242 1062 sese
2264 1008 2645 1078 erigere,qua:
2669 1023 2844 1078 supra
2873 1023 3110 1061 omnem
3141 1006 3465 1060 cmlestium
3495 1004 3750 1059 volatum

2114 1097 2628 1162 excurrunt?Quae
2651 1097 2948 1166 cogitatio,
2977 1112 3112 1151 cum
3153 1095 3227 1150 ad
3260 1095 3584 1150 ineffabilia
3629 1095 3757 1148 haac

2112 1185 2903 1253 assurrexerit,descendens
2933 1185 3171 1256 gloriari
3199 1185 3554 1257 possit,satis
3585 1201 3645 1240 se
3682 1185 3756 1238 iis

2113 1273 2412 1345 mysteriis
2443 1274 2795 1328 instructam
2829 1288 2959 1327 esse
2979 1273 3007 1326 '2
3029 1273 3166 1337 Quae
3197 1273 3397 1344 lingua
3427 1271 3604 1327 ﬂores
3634 1271 3754 1326 col-

2113 1360 2303 1433 ligcns
2328 1377 2825 1432 vocum,auroque
2857 1362 3147 1415 nitentem
3171 1359 3757 1424 sermonem,suavis-

2116 1451 2446 1520 simamque
2477 1450 2822 1519 dictionem,
2857 1449 3214 1522 condignum
3247 1449 3359 1505 hoc
3403 1454 3752 1523 argumento

2117 1557 2262 1613 opus
2294 1546 2574 1596 contexat
2591 1541 2618 1596 ‘2

2187 1633 2446 1686 Dominus
2467 1636 2791 1697 tecum,non
2824 1631 2995 1686 medo
3012 1637 3074 1686 ut
3097 1631 3158 1687 in
3187 1632 3438 1704 reliquis
3469 1633 3756 1688 creaturis

2117 1719 2317 1776 omnia
2347 1720 2662 1776 continens
2680 1737 2748 1774 ac
2779 1737 3208 1793 regens,neque
3234 1721 3424 1775 solum
3444 1721 3596 1776 sicut
3620 1738 3754 1777 cum

353 1809 436 1864 καὶ
466 1807 653 1878 Ἠλίᾳ.
686 1805 778 1861 καὶ
809 1810 925 1867 τοῖς
960 1803 1158 1869 ἄλλοις
1199 1811 1361 1874 συνῆν
1423 1805 1624 1879 ἀγίοις,
1687 1803 1992 1881 μεγαλουρ-

2113 1813 2306 1882 Moyse
2327 1817 2452 1866 erat
2485 1817 2542 1866 et
2569 1827 2704 1865 cum
2736 1810 3144 1880 Elia,cumque
3175 1809 3308 1866 aliis
3340 1811 3560 1866 sanctis
3591 1811 3754 1880 viris,

354 1901 457 1974 γῶν
508 1895 728 1966 οἶκήσει
791 1894 928 1967 μετά
984 1898 1078 1948 σοῦ
1167 1895 1434 1968 θαύματα⁶
1519 1891 1644 1950 οὐδὲ
1725 1900 1818 1949 νῦν
1900 1896 1998 1968 μὶν

355 1985 499 2041 οἶκόν
559 2005 619 2040 σε
684 1983 1082 2057 προσευρηκὼς
1133 1983 1308 2055 ἑαυτῷ
1366 1981 1696 2057 λαμπρυνεῖ,
1767 1985 1865 2054 τήν
1953 1981 1998 2038 δ’

353 2074 668 2147 οἰκονομίαν
726 2070 916 2128 ἔπειτα
999 2069 1313 2142 τετελεκὼς,
1397 2072 1497 2127 οὐκ
1569 2071 1713 2128 ἐσαεὶ
1805 2078 2000 2152 φωτιεῖ

353 2165 484 2238 μετᾶ
513 2167 612 2218 006
659 2162 728 2217 τά
788 2162 1081 2235 σύμπαντα
1133 2158 1445 2236 δᾳδουχῶν·
1504 2158 1650 2216 ἀλλὰ
1709 2161 1842 2234 μετὰ
1900 2166 1996 2216 σοῦ

349 2257 376 2310 ὃ
429 2253 631 2329 Κύριος
691 2253 836 2322 ξενον
901 2247 1043 2319 δῆτα
1098 2250 1322 2326 τρόπον,
1383 2252 1444 2305 οὗ
1507 2253 1648 2325 μήτε
1707 2249 1995 2328 ὀφθαλμὸς

346 2341 560 2419 ᾔσθετο,
591 2343 679 2397 καὶ
712 2347 818 2414 οἴῳ
859 2338 1025 2414 οὖραν
1064 2339 1162 2396 οὐκ
1215 2340 1447 2416 ἀνέῳγεν
1507 2342 1644 2412 ὦτα,
1703 2339 1848 2396 ἀλλὰ
1903 2341 1995 2396 καὶ

347 2429 650 2492 ἀναϐάσεως
689 2431 927 2502 κρείττω
979 2429 1317 2504 ἀνθρωπείας
1382 2427 1631 2506 καρδίας.
1695 2430 1842 2484 Μετά
1897 2433 1994 2483 σοῦ

342 2522 462 2596 γὰρ,
507 2519 598 2575 διὰ
660 2521 765 2588 τήν
834 2518 1271 2591 ἐξαστράπτουσα
1331 2513 1475 2595 ὤραν
1540 2525 1640 2588 τῆς
1699 2519 1844 2580 θείας
1895 2540 1991 2574 σου

349 2615 559 2684 ψυχῆς,
613 2611 706 2671 τὰς
762 2615 868 2679 τῆς
923 2607 1165 2684 ἀρρήτου
1219 2615 1406 2677 θεϊκῆς
1463 2607 1674 2685 φύσεως
1731 2614 1847 2669 τοῖς
1901 2609 1997 2664 ἀν-

353 2701 590 2772 θρώποις
636 2698 855 2760 ἀκτῖνας
941 2695 1262 2772 ἐπιλάμψειο
1351 2694 1440 2752 διὰ
1505 2697 1568 2752 τὸ
1635 2694 1994 2772 φαιδρότατον

357 2786 564 2850 κάλλος
591 2795 686 2856 τῆς
723 2795 818 2858 τῆς
840 2787 1068 2862 ἀρετῆς,
1099 2789 1199 2856 τήν
1231 2789 1354 2858 σὴν,
1403 2787 1469 2857 ἦν
1524 2786 1799 2862 ἠγάπησε,
1855 2809 1988 2862 μορ-

352 2879 452 2946 σῆν
563 2882 800 2953 φανεῖται
906 2873 1407 2950 περιϐαλλόμενος·
1500 2875 1590 2930 καὶ
1673 2878 1791 2937 τοῖς
1875 2881 1991 2938 σοῖς

340 2965 644 3041 ἀκράντοις
691 2963 922 3038 αἶ’μασιν
955 2963 1198 3034 ὲνωθείς,
1257 2961 1303 3018 ὣ
1348 2961 1655 3038 μυστηρίου
1711 2964 1911 3038 ξενουί
1962 2966 1992 3020 ὅ

329 3055 432 3110 οὐκ
461 3055 555 3125 ἦν,
617 3054 679 3109 ἐκ
736 3058 835 3109 006
889 3051 982 3108 διὰ
1049 3049 1107 3106 δὲ
1161 3056 1463 3128 γενήσεται,
1492 3056 1592 3124 τήν
1627 3055 1725 3124 σήν
1765 3074 1825 3110 τε
1851 3051 1986 3126 ὅλην

325 3144 504 3224 φέρων
558 3143 769 3211 εἰκόνα,
827 3139 928 3197 τιιῦ
983 3161 1044 3197 τε
1099 3142 1227 3204 Θεὸς
1285 3145 1418 3198 εἶναι
1479 3143 1554 3214 μή
1607 3140 1986 3216 ἐπιστάμενος.

326 3237 630 3298 Κάντεῦθεν
681 3233 883 3295 Θεϊκῶς
944 3252 1004 3286 τε
1059 3232 1151 3287 καὶ
1211 3231 1644 3307 μεγαλοπρεπῶς
1701 3231 1989 3310 ἀντιφιλο-

327 3323 696 3398 τιμοῦμενος,
721 3323 856 3397 ὅπερ
909 3320 1055 3377 ἐστίν
1105 3323 1132 3375 6
1191 3321 1540 3398 Δημιουργὸς
1593 3322 1767 3398 φύσει,
1829 3322 1991 3378 τοῦτό

330 3432 413 3466 σοι
477 3411 672 3486 χάριτι
762 3413 1147 3485 καινοπρεπῶς
1227 3409 1648 3488 ἀντιχαριεῖται,
1743 3409 1831 3462 καὶ
1912 3409 1991 3472 εἷς

325 3501 534 3562 αἶῶνας
601 3497 743 3574 μετά
803 3502 922 3568 006,
1002 3495 1078 3552 δι’
1147 3499 1220 3552 ὧν
1289 3519 1376 3553 σοι
1461 3498 1878 3569 κεκοινώνηκεν,
1936 3498 1990 3553 ἐν

321 3595 446 3653 τοῖς
490 3595 595 3644 τοῦ
675 3588 914 3664 ἀοράτου
975 3589 1187 3662 [ἰατρὸς
1251 3593 1403 3662 μενεῖ
1457 3585 1692 3650 κόλποις
1749 3589 1993 3643 ἀναπαυ-

327 3679 530 3751 όμενος
543 3721 556 3734 .

405 3768 476 3822 Σὺ
506 3766 600 3822 καὶ
637 3762 785 3842 γάλα
815 3760 1139 3842 παραδόξως
1200 3765 1442 3839 βλῦσεις,
1499 3764 1614 3821 ἐπεὶ
1669 3765 1759 3822 καὶ
1818 3766 1994 3822 πάντα

335 3856 631 3928 θαυμάτων
676 3852 829 3930 γέμει
856 3856 925 3910 τὰ
973 3856 1064 3921 σά,
1123 3857 1157 3923 ἡ
1217 3853 1292 3917 εἷς
1351 3855 1672 3929 ἀνθρώπους
1733 3853 1988 3928 πρόοδος,

334 3955 371 4012 ή
401 3949 499 3998 τοῦ
526 3944 707 3999 τόπου
739 3938 1026 4016 διατριϐὴ,
1057 3945 1091 4011 ἡ
1136 3943 1182 3997 εἰ
1227 3941 1393 4014 τήνδε
1457 3945 1556 4012 τήν
1612 3942 1835 4013 ἡλικίαν
1895 3941 1989 3998 αὕ-

333 4033 486 4102 ξησις
521 4037 599 4106 μὴ
660 4038 781 4088 κατ’
853 4033 1181 4108 ἀνθρώπους
1239 4033 1622 4109 χορηγηθεῖσά
1675 4054 1782 4104 σοι,
1843 4034 1870 4088 ὁ
1904 4033 1992 4090 νῦν

340 4123 654 4199 ἀπόρρητος
711 4122 1024 4195 ἀσπασμὸς,
1103 4123 1132 4176 6
1219 4123 1353 4194 μετά
1441 4127 1634 4178 τοῦτον
1723 4124 1991 4197 ἑψόμενος

337 4212 520 4272 γαινὸς
595 4210 783 4274 τόκος·
861 4211 955 4266 καὶ
1009 4213 1092 4281 τῷ
1149 4208 1382 4287 γάλακτι
1433 4217 1670 4281 ποτιεῖς,
1729 4212 1788 4272 ’ὀς
1856 4209 1992 4266 ἅπαν

340 4295 578 4364 εὐδοκίας
637 4299 957 4373 ἐμπίπλησι
1023 4304 1190 4369 ζῶον,
1247 4297 1555 4376 ἐλευθερίαν
1629 4301 1776 4376 χειρὶ
1858 4322 1988 4376 συγ-

343 4396 558 4458 γωρῶν·
622 4389 709 4444 σαὶ
769 4395 956 4466 χεῖρες
1015 4385 1282 4458 οἷ’σουσιν,
1339 4389 1401 4444 o6
1487 4389 1577 4445 καὶ
1665 4390 1723 4444 σε
1805 4395 1990 4466 χεῖρες

343 4470 646 4547 διὲπλαςαν,
681 4480 876 4554 ὁρατὸν
908 4499 972 4534 τε
1005 4476 1214 4550 κόσμον
1267 4478 1532 4548 ὑπέστησε
1587 4478 1679 4533 ναὶ
1733 4477 1986 4552 ἀόρατον,

2108 1899 2192 1954 sic
2251 1905 2444 1954 tecum
2485 1899 2775 1954 habitabit
2832 1899 3129 1954 mirabilia
3185 1915 3438 1970 operans
3483 1916 3496 1961 ;
3557 1915 3750 1970 neque

2106 1994 2421 2060 postquam
2453 1995 2532 2056 te,
2563 1994 2762 2060 aptam
2814 1987 2930 2042 sibi
2985 1987 3229 2042 domum
3288 1988 3613 2055 inventam,
3675 1987 3749 2043 ad

2106 2082 2339 2149 tempus
2367 2077 2768 2143 illustraverit,
2822 2078 3086 2149 perfecta
3141 2077 3280 2132 dein
3335 2077 3666 2133 wconomia
3716 2094 3751 2132 a

2107 2167 2394 2222 creaturis
2425 2167 2703 2222 omnibus
2727 2173 2923 2222 tecum
2981 2167 3389 2222 illuminandis
3445 2167 3698 2222 cessabit
3733 2183 3746 2235 ;

2106 2257 2209 2311 sed
2239 2259 2504 2312 Dominus
2533 2264 2710 2312 tecum
2741 2273 2892 2312 nova
2945 2274 3188 2329 prorsus
3253 2257 3510 2326 ratione,
3569 2274 3749 2330 quam

2104 2362 2298 2416 neque
2329 2345 2534 2402 oculus
2563 2345 2726 2415 vidit,
2753 2363 2945 2417 neque
2977 2346 3138 2401 auris
3192 2347 3437 2410 audivit,
3497 2363 3748 2418 quaeque

2102 2433 2345 2490 humani
2360 2435 2553 2490 cordis
2567 2435 2918 2490 ascensione
2947 2435 3260 2490 sublimior
3275 2434 3748 2490 exsistit.Tecum

2103 2524 2531 2596 enim,propter
2561 2523 2940 2596 eilulgentem
2971 2523 3182 2579 divinaa
3213 2524 3424 2579 animm
3456 2531 3570 2580 tum
3614 2541 3744 2594 spe-

2102 2612 2252 2666 ciem
2286 2613 2604 2667 ineil‘abilis
2635 2613 2850 2667 divinas
2908 2618 3139 2667 natura:
3172 2612 3369 2668 radios
3400 2612 3743 2667 hominibus

2102 2701 2407 2766 ell‘undet;
2442 2707 2683 2772 propter
2738 2701 3284 2772 splendidissimam
3341 2701 3574 2756 virtutis
3629 2707 3742 2756 tua)

2099 2789 2630 2862 pulchritudinem,
2665 2795 2765 2847 tua
2794 2790 3004 2858 forma,
3037 2806 3215 2860 quam
3274 2789 3587 2858 adamavit,
3617 2789 3744 2844 cir-

2099 2878 2414 2934 cumdatus
2459 2879 2812 2950 apparebit;
2860 2884 2918 2933 et
2974 2895 3111 2932 cum
3184 2877 3568 2933 immaculato
3647 2882 3746 2933 tuo

2103 2968 2391 3038 sanguine
2423 2972 2615 3022 semet
2643 2966 3031 3040 conjungens,
3064 2967 3122 3038 (o
3154 2965 3490 3022 inauditum
3523 2972 3746 3039 myste-

2097 3058 2256 3112 rium
2287 3055 2300 3110 Ξ
2335 3057 2351 3128 )
2385 3056 2537 3128 quod
2574 3072 2696 3112 non
2728 3061 2875 3124 erat,
2906 3072 2978 3111 ex
3011 3061 3064 3110 te
3096 3060 3339 3128 prOpter
3371 3061 3446 3124 te,
3475 3061 3533 3110 et
3565 3061 3748 3112 totam

2109 3153 2268 3204 tuam
2299 3164 2510 3220 gerens
2539 3148 2882 3220 imaginem,
2905 3165 2973 3203 ac
3003 3147 3435 3220 propemodum
3467 3164 3527 3203 se
3562 3149 3748 3203 Deum

2107 3254 2237 3292 esse
2269 3237 2509 3304 oblitus,
2545 3238 2664 3293 fiet.
2698 3239 2767 3292 Et
2797 3237 3010 3292 exinde
3041 3237 3239 3293 divina
3268 3255 3512 3308 prorsus
3544 3237 3746 3309 splen-

2101 3326 2359 3397 didaque
2391 3326 2621 3382 ratione
2654 3332 2848 3382 tecum
2876 3327 3290 3382 muniﬁcentia
3320 3326 3744 3397 certans,quod

2099 3415 2223 3486 ipse
2255 3416 2498 3472 Creator
2527 3422 2617 3472 est
2653 3421 2885 3484 natura,
2926 3417 3038 3472 hoc
3071 3417 3175 3471 tibi
3225 3433 3297 3472 ex
3354 3416 3542 3489 gratia
3588 3433 3665 3471 no
3687 3432 3750 3471 vo

2103 3505 2362 3573 quodam
2394 3505 2569 3560 modo
2601 3506 2857 3560 vicissim
2888 3505 3228 3577 elargietur,
3263 3511 3320 3559 et
3358 3511 3601 3577 propter
3656 3521 3746 3573 ea,

2099 3611 2230 3664 qua:
2265 3599 2460 3649 tecum
2491 3595 2668 3649 habet
2725 3594 3091 3658 communia,
3122 3594 3184 3648 in
3244 3593 3380 3648 sinu
3435 3593 3746 3648 invisibilis

2100 3683 2292 3753 Patris
2323 3683 2638 3752 quiescens
2669 3683 2730 3737 in
2763 3683 2980 3738 saacula
3002 3688 3201 3738 tecum
3229 3681 3512 3738 manebit.

2172 3772 2280 3826 Lac
2311 3787 2547 3842 quoque
2579 3776 2641 3824 tu
2672 3771 3026 3826 mirabiliter
3055 3771 3744 3842 eﬁundes,"quandoqui-

2098 3861 2234 3915 dem
2261 3867 2362 3915 tua
2394 3861 2590 3916 omnia
2611 3860 2916 3915 miraculis
2938 3860 3114 3930 plena
3135 3865 3424 3929 sunt,tum
3443 3859 3744 3930 ingressus

2098 3951 2159 4004 in
2191 3951 2500 4006 hominum
2525 3949 2726 4017 vitam,
2761 3955 2884 4003 tum
2917 3947 3088 4004 sedes
3118 3947 3580 4002 conversationis
3605 3951 3740 4018 tua),

2099 4043 2222 4093 tum
2254 4037 2327 4093 ad
2360 4037 2512 4093 hanc
2542 4043 2778 4093 wtatcm
2807 4037 3108 4109 provectio
3140 4051 3261 4091 non
3311 4035 3574 4090 humano
3634 4035 3741 4090 tibi

2097 4144 2263 4183 more
2293 4132 2656 4199 comparata,
2691 4132 2815 4181 tum
2855 4124 3176 4181 inetiabilis
3207 4124 3333 4181 haac
3356 4124 3656 4191 salutatio,
3681 4131 3740 4180 et

2099 4218 2200 4288 qui
2231 4221 2436 4288 postea
2466 4216 2862 4287 subsequetur
2890 4221 3095 4288 partus
3125 4232 3138 4282 ;
3200 4221 3258 4270 et
3313 4215 3464 4271 lacte
3505 4215 3738 4286 potabis

2099 4323 2255 4374 eum,
2290 4307 2391 4377 qui
2430 4305 2660 4361 liberali
2693 4321 2873 4360 manu
2903 4305 3191 4373 tribuens,
3223 4305 3414 4376 implet
3442 4321 3599 4360 omne
3620 4307 3741 4359 ani-

2097 4397 2209 4450 mal
2240 4395 2668 4450 benedictione‘3
2701 4411 2713 4460 ;
2756 4410 2970 4450 manus
3001 4400 3114 4449 tua)
3164 4393 3335 4448 illum
3391 4393 3734 4464 portabunt,

2098 4485 2268 4556 cujus
2301 4501 2510 4540 manus
2543 4489 2598 4539 te
2629 4500 2866 4555 quoque
2895 4481 3589 4554 plasmaverunt,quique
3609 4480 3736 4535 solo

347 4561 571 4640 ἐννόημα
601 4539 792 4641 μόνον·
833 4567 968 4624 ἀλλ’
999 4566 1048 4622 εί
1121 4567 1254 4638 μετᾶ
1310 4569 1464 4622 0066
1522 4571 1748 4642 Κύριος,
1803 4567 1856 4622 τί
1906 4565 1987 4623 δεῖ

2107 4573 2314 4628 mentis
2339 4591 2458 4628 sum
2491 4577 2638 4628 nutu
2669 4571 2958 4626 visibilem
2989 4571 3212 4642 pariter
3239 4574 3416 4638 atque
3465 4567 3735 4621 invisibi-

343 4652 522 4712 πολλὰ
573 4657 803 4734 λέγεινς
869 4653 1160 4730 Παράδοξα
1241 4655 1479 4726 πάντῶς,
1565 4656 1656 4711 καί
1744 4652 1985 4718 διανοίας

337 4742 638 4824 ὑψηλότερα
666 4749 850 4817 πάσης
882 4745 980 4801 καὶ
1011 4743 1178 4814 ἥλιος
1206 4739 1416 4818 ὄψεται,
1461 4745 1553 4802 καὶ
1602 4747 1858 4817 κροτήσει
1920 4746 1987 4801 τὰ

329 4833 526 4910 πέρατα
553 4836 642 4894 διά
667 4839 744 4894 σὲ.
792 4838 981 4910 Χαῖρε
1038 4833 1240 4902 τοίνυν,
1295 4836 1745 4910 κεχαριτωμένη,
1801 4840 1981 4910 χαιῖρε³

393 4968 612 5028 6³Ρεειι.
644 4985 833 5037 cxuv,
873 4968 965 5022 16.

2091 4663 2211 4716 lem
2243 4661 2533 4716 mundum
2563 4678 2594 4716 e
2626 4660 2809 4715 nihilo
2842 4659 3062 4715 eduxit.
3096 4659 3332 4726 Verum,
3358 4656 3406 4710 si
3453 4655 3739 4710 Dominus

2095 4755 2314 4817 tecum,
2339 4751 2480 4821 quid
2512 4750 2684 4821 plura
2711 4766 2858 4820 opus
2883 4753 2972 4802 est
2997 4746 3151 4802 fari?
3203 4745 3382 4800 Plane
3442 4744 3736 4800 mirabilia

2096 4839 2370 4909 etquovis
2388 4839 2696 4894 intellectu
2712 4836 3058 4893 sublimiora
3079 4834 3167 4890 sol
3189 4834 3742 4905 videbit,ctpropter

1694 5123 1839 5183 Ant.
1873 5122 2168 5185 Ballerini
2201 5129 2388 5184 notae.

369 5295 481 5367 (96)
512 5291 670 5351 Nihil
701 5303 860 5367 sane
909 5281 1295 5367 frequentius
1343 5283 1500 5354 apud
1555 5288 1782 5338 veteres
1841 5284 1986 5339 scri-

286 5353 494 5439 pt6res
515 5363 808 5426 recurrit,
836 5370 1032 5438 quam
1065 5358 1132 5407 ut
1167 5353 1431 5439 Deipara,
1465 5372 1575 5439 ceu
1596 5371 1790 5439 novprp
1816 5372 1987 5439 opus,

279 5425 432 5496 ἦρι-α
462 5425 974 5507 magniﬁcentia,
1013 5440 1220 5478 novum
1253 5433 1582 5507 portentum.
1619 5425 1984 5507 celebretur.

271 5518 349 5569 At
371 5530 508 5569 vero
531 5496 684 5582 quid
711 5508 780 5560 in
807 5517 878 5556 re
907 5513 1057 5582 ζιουξῑ
1079 5496 1401 5582 Quaerimus
1428 5497 1586 5569 quod
1602 5496 1987 5582 deterrimum

274 5567 370 5643 est
406 5567 781 5643 ldainiticae
829 5567 1193 5628 vetustatis?
1243 5568 1392 5633 QUid
1440 5567 1650 5642 urgeat
1693 5568 1988 5640 quispiam

2099 5299 2479 5339 communem
2501 5283 2778 5340 humanae
2801 5289 3030 5340 naturae
3053 5284 3736 5352 ordinem,communes-

2099 5372 2212 5426 que
2244 5353 2588 5426 Adamiticw
2621 5357 2822 5426 stirpis
2851 5355 3030 5425 leges,
3063 5357 3299 5426 quando
3345 5356 3595 5426 constot,
3628 5367 3737 5404 no-

2097 5423 2224 5480 uum
2254 5425 2473 5480 idcirco
2507 5423 2813 5496 przedicari
2847 5423 3016 5497 opus.
3049 5423 3207 5497 quod
3238 5423 3593 5481 acommuni
3642 5435 3738 5473 or-

2098 5497 2234 5551 dine
2268 5501 2683 5568 consuetisque
2717 5496 2948 5568 legibus
2979 5496 3230 5552 discedit
3257 5497 3284 5550 ‘i
