4104 6300
383 289 420 349 9
431 293 456 350 ι
1545 281 1842 356 ISIDORl
1884 285 2652 350 THESSALONIGENSIS
3708 287 3789 349 92

380 425 436 476 te
468 419 712 490 plausus
743 415 1018 472 attollent
1051 417 1199 472 ﬁnes
1233 421 1424 472 terrae.
1461 417 1577 472 Ave
1606 417 1806 490 igitur,
1838 422 2027 490 gratia

2145 419 2516 495 εὐλογημένη,
2549 421 2648 488 τῆς
2685 419 2820 492 μετὰ
2849 418 2978 472 Θεὸν
3013 415 3246 496 φέρουσα
3297 414 3432 472 κατὰ
3487 417 3666 486 πάσης
3723 417 3792 470 τὰ

374 510 566 581 plena,
599 524 721 575 ave,
777 507 1074 571 benedicta,
1108 524 1238 578 qum
1296 511 1568 562 naturam
1627 524 1867 564 omnem
1909 510 2026 565 Deo

382 598 730 654 inferiorem
762 613 1080 669 exsuperas
1109 597 1240 668 (97).

454 688 596 742 XIV.
659 687 786 750 Quae
839 703 960 740 cum
1025 684 1264 752 vidisset,
1323 685 1516 757 inquit
1565 687 1631 758 5‘,
1683 690 1907 744 turbata
1951 695 2028 744 est

385 778 444 830 in
469 759 712 830 sermone
742 776 878 844 ejus,
913 781 965 830 et
995 775 1274 843 cogitabat
1319 776 1502 845 qualis
1545 784 1676 833 esset
1721 778 1828 834 ista
1883 779 2028 833 salu-

385 868 546 920 tatio.
581 865 886 938 Perspexit
943 863 1406 920 sublimissimus
1473 867 1808 938 purissima:
1866 868 2026 924 illius

384 955 720 1010 intellectus
779 953 920 1024 quid
953 953 1184 1008 differat
1217 955 1373 1008 inter
1403 957 1588 1010 Deum
1625 961 1682 1010 et
1712 957 2024 1026 homines;

384 1049 510 1099 tum
539 1060 697 1112 vero,
724 1049 1015 1114 quantum
1049 1061 1120 1099 ex
1153 1044 1520 1115 benignitate
1555 1061 1659 1100 sua
1693 1062 1822 1100 sese
1873 1047 2026 1100 Deus

387 1134 455 1188 de
467 1134 819 1200 mitteret,ac
853 1133 1120 1205 mysterii
1145 1133 1573 1188 sublimitatem
1605 1135 2028 1206 obstupescens

383 1222 950 1278 considerabat.Prze
970 1223 1182 1294 gaudio
1197 1229 1393 1278 autem
1419 1223 1732 1278 exsultavit
1753 1224 2026 1296 religiose

385 1330 504 1368 non
525 1329 658 1366 vero
690 1311 1054 1379 formidavit,
1085 1329 1281 1382 neque
1315 1319 1632 1382 commota,
1666 1331 1859 1384 neque
1882 1331 2028 1386 pra:-

384 1410 476 1458 ter
498 1401 742 1457 modum
769 1400 968 1456 animo
1001 1401 1352 1456 conturbata
1381 1407 1489 1456 est.
1515 1405 1652 1457 Erat
1681 1403 1838 1457 enim
1868 1420 2029 1474 pror-

385 1509 485 1547 sus
510 1489 1198 1562 perspicacissima,adeo
1221 1495 1342 1562 ut,q
1355 1492 1442 1544 uis
1465 1491 2026 1559 adventasset,tacil-

384 1583 526 1636 lime
550 1597 724 1634 nosse
747 1584 948 1654 posset
974 1581 1042 1633 Et
1073 1597 1212 1634 sane
1237 1580 1530 1651 illud,cum
1564 1583 2029 1651 vidisset,turbata

383 1677 481 1736 est,
533 1670 688 1724 hunc
739 1669 884 1722 mihi
935 1685 1175 1723 sensum
1239 1670 1492 1740 exhibet,
1544 1672 1712 1741 quasi
1764 1672 2022 1728 diceret:

383 1761 526 1812 Cum
585 1757 952 1829 pervidisset,
1005 1774 1071 1812 ac
1130 1763 1326 1814 mente
1375 1759 1655 1814 divinitus
1687 1760 2025 1816 collustrata

383 1848 803 1920 perspexisset,
865 1847 1198 1918 cujusmodi
1261 1850 1336 1902 sit
1393 1849 1494 1903 Dei
1545 1851 1911 1920 magnitudo,
1973 1857 2028 1906 et

386 1943 608 2009 quanta
637 1937 948 1991 hominum
980 1936 1255 2008 abjectio,
1287 1939 1460 1993 corde
1488 1940 1747 2011 gaudens
1780 1941 2031 1996 exsulta-

382 2029 814 2100 bat,Deumque
837 2045 1086 2084 cernens
1109 2034 1419 2102 tantopere
1443 2048 1570 2086 sese
1593 2031 2026 2102 demittentem,

387 2119 460 2174 ad
488 2119 685 2173 divina
719 2119 842 2173 haec
870 2123 1146 2190 portenta
1202 2120 1653 2191 obstupescebat
1681 2121 2029 2193 plaudebat-

391 2224 526 2280 que.
560 2207 847 2273 Quocirca
876 2207 1053 2262 etiam
1073 2208 1368 2280 cogitabat
1398 2209 1590 2281 qualis
1613 2215 1768 2265 esset
1807 2209 2032 2268 saluta-

391 2299 495 2366 tio,
528 2313 708 2368 quam
739 2313 972 2369 magna,
1011 2302 1068 2350 et
1096 2297 1424 2368 quamlibet
1480 2297 1754 2354 humanm
1812 2301 2030 2356 mentis

386 2387 506 2442 vim
528 2385 840 2442 excedens.
891 2387 1036 2441 Nam
1089 2388 1432 2454 commoveri,
1482 2387 1640 2459 quod
1689 2388 1846 2444 idem
1878 2389 2032 2449 valet

387 2493 456 2532 ac
471 2475 882 2546 perturbari,in
905 2475 1086 2530 sacris
1118 2475 1332 2531 litteris
1364 2477 1540 2532 etiam
1557 2479 1836 2547 gaudendi
1857 2479 2032 2550 signi-

384 2567 722 2623 ficationem
744 2565 1098 2633 babet,sicut
1119 2581 1254 2621 cum
1279 2565 1496 2620 dicitur
1514 2565 1595 2621 65:
1622 2569 2031 2622 Commoveatur

383 2673 538 2712 mare
566 2663 618 2710 et
651 2655 942 2726 plenitudo
973 2655 1126 2724 ejus;
1155 2655 1475 2725 gaudebunt
1497 2659 1677 2727 campi
1735 2665 1788 2712 et
1845 2659 2030 2720 omnia

385 2761 514 2817 quae
545 2748 605 2801 in
637 2748 712 2800 eis
740 2753 886 2801 sunt.
921 2747 991 2800 Et
1019 2745 1130 2800 hoc
1161 2746 1338 2818 igitur
1366 2745 1492 2801 loco
1525 2765 1632 2818 per
1659 2747 1806 2805 illud
1834 2750 2028 2804 turba-

391 2841 444 2890 ta
473 2840 572 2900 est,
605 2835 783 2891 simul
816 2834 1148 2889 ostenditur
1179 2840 1236 2888 et
1293 2835 1629 2904 exsultatio,
1691 2841 1749 2891 et
1796 2837 2029 2894 ferven-

391 2923 655 2978 tissimus
699 2922 1057 2978 admiranda
1103 2924 1262 2981 illius
1312 2925 1526 2991 animm
1585 2925 1844 3000 impetus
1903 2933 2028 2982 tum

383 3018 626 3084 propter
667 3017 990 3082 stuporem,
1025 3017 1148 3066 tum
1182 3019 1424 3082 propter
1478 3013 1752 3085 plausum
1807 3014 1881 3068 ad
1929 3015 2030 3072 illa

385 3101 486 3154 Dei
548 3104 840 3170 portenta,
902 3115 1022 3152 una
1083 3104 1281 3152 tamen
1331 3116 1466 3154 cum
1491 3117 1580 3167 eo,
1611 3101 1711 3174 qui
1771 3103 2027 3158 maxime

2137 511 2432 583 νικητήρια
2460 507 2694 588 φύσεως,

2233 694 2332 750 IA'.
2417 692 2485 748 Ἡ
2546 688 2602 745 δὲ
2686 687 2898 759 ἰδοῦσα,
2957 687 3091 761 φησὶ
3149 685 3480 763 διεταράχθη
3561 686 3646 742 ἐπὶ
3707 690 3790 759 τῷ

2137 779 2291 855 λόγῳ
2320 779 2508 845 αὐτοῦ,
2541 779 2630 834 καὶ
2686 777 3017 854 διελογίζετο
3074 779 3318 840 ποταπὸς
3378 776 3459 848 εῗίη
3518 777 3546 830 ὁ
3611 775 3790 832 ἀσπα-

2138 870 2274 942 σμὸς
2307 871 2488 931 οὗτος.
2520 865 2766 924 Ἀπεῖδεν
2819 869 2846 922 ὁ
2901 875 3002 937 τῆς
3062 867 3340 943 Πανάγνου
3395 870 3518 928 νοῦς
3577 865 3789 939 ὑψηλό-

2135 981 2292 1020 τατος
2325 964 2456 1014 Θεοῦ
2505 960 2596 1014 καὶ
2644 959 2947 1034 ἀνθρώπων
3006 957 3069 1012 τὸ
3130 954 3408 1034 διάφορον·
3470 956 3584 1012 εἶτα
3641 957 3783 1036 πρὸς

2136 1052 2236 1120 την
2263 1049 2518 1119 τοιαύτην
2581 1041 3004 1122 σογκατάὸασιν,
3036 1047 3164 1118 δση,
3207 1047 3296 1100 xui
3343 1045 3404 1100 τὸ
3466 1046 3766 1122 μυστήριον

2138 1138 2408 1213 ἐξεπλάγη
2478 1141 2839 1193 κατανοοῦσα.
2899 1137 3001 1192 Καὶ
3059 1136 3145 1215 ὑφ’
3203 1133 3409 1204 ἡδονῆς
3468 1133 3782 1210 ἐσκίρτησεν

2137 1224 2406 1299 εὐλαϐῶς,
2439 1226 2565 1283 ἀλλ’
2598 1227 2698 1281 οὐκ
2729 1223 3022 1282 ἐδειλίασεν
3054 1222 3178 1280 οὐδὲ
3211 1222 3482 1293 διεσείσθη
3544 1223 3634 1277 καὶ
3683 1225 3790 1293 τήν

2137 1321 2324 1394 ψυχὴν
2383 1315 2668 1396 ἀνώγοιλος
2725 1315 2931 1395 γέγονε.
2993 1317 3140 1372 Πάνυ
3197 1316 3298 1391 γὰρ
3355 1316 3420 1384 ἦν
3453 1309 3786 1370 διαϐατικω-

2135 1407 2293 1476 τάτη,
2337 1406 2462 1460 ὥσθ’
2489 1405 2636 1467 ὅστις
2671 1406 2698 1459 ὁ
2731 1403 3077 1480 προσελθὼν,
3113 1404 3306 1467 θᾶττον
3357 1401 3504 1478 ἔχειν
3560 1401 3787 1459 εἶ’δέναι.

2138 1497 2215 1554 Τὸ
2243 1497 2344 1574 γὰρ
2377 1493 2564 1550 ἰδοῦσα
2610 1494 2970 1568 διεταρέχθη,
3034 1495 3198 1550 τοὺτὸ
3263 1515 3358 1566 μοι
3419 1497 3562 1548 νοεῖν
3628 1489 3800 1548 δίδω-

2138 1607 2242 1658 σιν,
2275 1581 2826 1660 οἳονεὶᾶποδλὲψασα
2882 1584 2971 1638 καὶ
3031 1581 3289 1658 λογισμῷ
3345 1583 3596 1662 θεόφρονι
3661 1604 3793 1639 συν-

2138 1671 2539 1750 διασκεψαμένη
2601 1673 2650 1728 τί
2711 1675 2804 1747 μὲν
2862 1677 2997 1727 Θεοῦ
3029 1671 3276 1747 μέγεθος,
3307 1692 3359 1725 τι
3395 1670 3451 1725 δῖε
3484 1671 3790 1745 ἀνθρώπων

2137 1763 2400 1832 οὐθένεια,
2435 1761 2706 1818 ἐπάλλετο
2739 1761 3012 1840 χαίρουσα
3068 1761 3168 1830 τήν
3227 1757 3471 1836 καρδίαν’
3529 1761 3666 1836 πρὸς
3721 1763 3790 1815 τα

2137 1853 2252 1906 θεῖά
2281 1873 2340 1907 τε
2398 1847 2746 1926 ἐξεθαμϐεἶτο
2803 1849 2894 1904 καὶ
2971 1849 3176 1923 ἐκρότει
3253 1848 3542 1921 θαυμάσια,
3628 1848 3792 1918 τηλι-

2137 1942 2341 2013 καύτην
2395 1945 2528 1996 Θεοῦ
2603 1935 2997 2016 σογκατάδασιν
3066 1937 3358 1994 ἀκούουσα.
3431 1939 3528 1994 Δια

2138 2031 2228 2086 καὶ
2259 2030 2502 2092 ποταπὸς
2532 2027 2592 2084 ἄν
2623 2028 2733 2099 εἶή,
2785 2029 2858 2092 ὡς
2891 2029 3061 2104 μὲγας
3095 2028 3122 2082 ὃ
3172 2027 3478 2100 ἀσπασμὸς,
3509 2027 3600 2082 xui
3632 2027 3785 2084 κάτω

2137 2123 2304 2187 τιθεῖς
2337 2121 2674 2194 ἀνθρώπειον
2707 2117 3046 2195 διελογίζετο
3084 2122 3229 2177 νοῦν.
3289 2121 3446 2175 Ἐστι
3481 2119 3581 2196 γὰρ
3641 2119 3793 2194 παρὰ

2140 2217 2208 2287 τῇ
2269 2210 2385 2282 θείᾳ
2442 2212 2630 2286 Γραφῇ
2687 2210 2749 2264 τὸ
2807 2207 3146 2276 σαλεύεσθαι,
3206 2206 3236 2262 ὅ
3291 2207 3482 2262 ταῦτὸν
3564 2205 3792 2263 δύναται

2137 2306 2217 2374 τῷ
2262 2301 2640 2376 ταράσσεσθαι,
2690 2299 2780 2354 καὶ
2839 2302 3015 2372 χαρᾶς
3073 2296 3278 2353 ἔννοιαν
3335 2298 3651 2374 ὑποφαῖνον,
3714 2299 3797 2362 ὡς

2139 2391 2224 2458 τὸ,
2287 2387 2621 2458 Σαλεύθήτω
2685 2390 2721 2456 ἡ
2781 2386 3022 2442 θάλασσα
3079 2387 3170 2440 καὶ
3225 2387 3288 2442 τὸ
3347 2385 3631 2461 πλήρωμα
3688 2387 3794 2442 αὐ-

2138 2485 2258 2548 τῆς·
2351 2479 2653 2552 χαρήσεται
2735 2475 2802 2530 τὰ
2901 2473 3064 2529 πεδία
3142 2475 3233 2528 καὶ
3321 2475 3495 2530 πάντα
3576 2475 3645 2530 τα
3739 2475 3795 2530 ἐν

2141 2567 2344 2632 αὐτοῖς.
2407 2567 2688 2629 Κάνταῦθα
2739 2567 2920 2619 τοίνυν
2969 2563 3074 2618 ἀπό
3145 2585 3208 2642 γε
3265 2569 3362 2618 τοῦ
3450 2561 3788 2640 διεταράχθη

2141 2657 2232 2712 xui
2299 2659 2333 2726 ἡ
2393 2653 2741 2732 ἀγαλλίασις,
2791 2652 2882 2708 καὶ
2940 2654 3002 2709 τὸ
3059 2659 3159 2723 τῆς
3220 2651 3518 2726 Θαυμασίοις
3578 2652 3793 2724 ἐκείνης

2141 2751 2326 2822 ψυχῆς
2371 2745 2703 2820 θερμότατον
2760 2741 3074 2821 ἕμιραίνεται
3135 2739 3346 2815 ἕξαλμα
3393 2743 3528 2816 πρὸς
3586 2737 3798 2814 ἔκπλη-

2142 2835 2219 2908 ξίν
2249 2856 2306 2890 τε
2357 2833 2446 2890 καὶ
2505 2828 2698 2911 κρότον
2753 2837 2861 2887 τῶν
2913 2837 3011 2888 τοῦ
3072 2835 3204 2887 Θεοῦ
3235 2831 3526 2906 τεραστίων
3561 2832 3695 2906 μετά
3733 2854 3800 2908 γε

2143 2925 2572 3000 εὖπρεπεστᾶτου
2605 2926 2701 2978 τοῦ
2733 2916 2926 2998 φόϐου.
2987 2921 3046 2977 Ei
3105 2921 3210 2995 γὰρ
3251 2919 3644 2995 ἄπαρσὶμιλλος
3691 2924 3798 2993 τὴν

2143 3015 2349 3088 ἁγνείαν
2383 3016 2418 3084 ἡ
2451 3013 2782 3084 Πάνσεμνος,
2843 3011 2934 3066 καὶ
2991 3008 3156 3084 ἑαυτῇ
3209 3007 3372 3086 μηδὲν
3430 3010 3574 3085 εἶχεν
3627 3011 3672 3082 ᾧ
3731 3009 3796 3067 ἄν

2137 3103 2386 3176 συνὸρῴη
2451 3101 2526 3174 μὴ
2585 3099 2676 3154 καὶ
2717 3100 2930 3162 ἱκανῶς
2979 3095 3128 3172 ἔχειν
3205 3099 3342 3170 πρὸς
3401 3101 3534 3152 Θεοῦ
3586 3097 3799 3176 σςρόδρα

3619 1943 3794 1994 ταῦτα

386 3187 770 3257 congruebat,
805 3187 1096 3241 reverenti
1138 3193 1300 3242 metu
1330 3188 1467 3260 (98).
1524 3189 1645 3246 Etsi
1701 3191 1860 3246 enim
1921 3192 2024 3248 illa

2145 3189 2434 3272 ριλεῖσθαυ
2465 3189 2592 3246 ἀλλ’
2626 3189 2906 3264 ἂνθρωπος
2935 3188 3024 3260 ἦν,
3053 3189 3111 3250 ’ὸς
3142 3183 3267 3264 ἔχει
3321 3187 3457 3262 πρὸς
3525 3189 3654 3243 Θεὸν
3717 3190 3799 3254 ὡς

384 3277 782 3346 undequaque
803 3281 1005 3330 sancta
1021 3276 1467 3348 incomparabili
1484 3279 1739 3348 puritate
1759 3279 2026 3352 fulgeret,

389 3371 448 3420 et
475 3363 626 3420 nihil
660 3363 718 3417 in
751 3381 810 3418 se
835 3364 1098 3429 haberet,
1134 3365 1290 3436 quod
1329 3365 1418 3420 vel
1445 3367 1596 3422 Deus
1637 3368 1760 3440 ipse
1793 3371 2030 3444 conspi-

391 3457 552 3512 ciens
583 3472 691 3528 pro
723 3453 934 3508 merito
960 3454 1341 3510 vehementer
1370 3473 1490 3510 non
1550 3457 1856 3514 adamaret
1891 3477 1904 3527 ;
1941 3467 2032 3516 ast

389 3546 568 3620 homo
604 3550 748 3612 erat,
781 3545 880 3615 qui
915 3561 1130 3616 nempe
1163 3543 1236 3600 ad
1268 3547 1450 3600 Deum
1487 3563 1547 3601 se
1579 3547 1778 3616 habet,
1813 3549 1898 3604 uti
1957 3551 2030 3609 ad

387 3639 695 3693 vertiatem
727 3637 1126 3705 mendacium,
1163 3638 1662 3708 quemadmodum
1687 3641 1864 3696 etiam
1896 3661 2031 3716 pro-

387 3728 567 3798 pheta
593 3727 654 3781 in
685 3725 902 3782 mentis
937 3742 1180 3782 excessu
1232 3729 1638 3797 pronuntiavit
1668 3731 1800 3800 (99).
1829 3732 2030 3787 Merito

389 3816 568 3888 igitur
597 3831 666 3870 ea
696 3815 766 3870 de
798 3830 975 3870 causa
999 3831 1124 3870 rem
1145 3815 1321 3887 plane
1352 3816 1679 3872 inauditam
1711 3819 2032 3876 arbitraba-

389 3912 504 3975 tur,
538 3905 696 3976 quod
728 3909 1238 3976 venter,angustos
1271 3905 1492 3966 habens
1525 3906 1692 3975 lines,
1727 3907 1895 3964 illum
1931 3911 2030 3980 qui

386 3996 717 4051 immensus
747 4000 833 4050 est
893 4000 952 4056 et
1011 3994 1302 4060 inﬁnitus,
1364 3997 1715 4062 contineret,
1771 4005 1830 4052 et
1885 3999 2033 4054 citra

384 4099 561 4138 omne
594 4083 947 4138 miraculum
979 4099 1106 4136 csse
1139 4083 1402 4152 putabat,
1437 4083 1595 4153 quod
1655 4086 1840 4143 factor
1895 4104 2030 4156 cum

382 4173 613 4228 factura
645 4187 750 4225 sua
771 4185 981 4224 novam
1014 4171 1172 4229 illam
1206 4174 1695 4234 communionem
1729 4176 1928 4231 iniret.
1964 4178 2034 4230 Et

387 4260 630 4332 quidem
653 4276 788 4321 cum
821 4276 1034 4330 corpus
1061 4261 1651 4334 consideraret,quod
1675 4265 1922 4318 exhisce
1949 4265 2032 4320 in-

384 4351 541 4408 timis
573 4355 682 4420 est,
714 4355 770 4405 et
797 4366 827 4406 e
859 4349 984 4404 luto
1033 4357 1427 4421 compactum,
1461 4357 1637 4424 atque
1699 4371 1728 4408 e
1785 4359 2030 4424 parente

453 4487 638 4544 “Luc.
672 4505 710 4554 1,
780 4489 869 4540 29.
945 4485 993 4520 ⁶⁵
1021 4484 1176 4540 Psal.
1211 4501 1337 4553 xcv,
1371 4487 1458 4538 11.

2139 3281 2276 3356 πρὸς
2333 3278 2592 3351 ἀληθειαν
2648 3275 2869 3353 ψεῦδος.
2937 3277 3074 3341 γαθά
3131 3297 3237 3332 που
3298 3275 3389 3332 καὶ
3467 3282 3792 3353 προφητικὴ

2141 3367 2436 3444 διορίζεται
2486 3367 2753 3431 ἔκστασις.
2845 3367 2924 3421 Δι’
2983 3366 3152 3421 ἐκεῖνο
3229 3367 3411 3421 τοίνυν
3463 3367 3789 3423 καινότατον

2141 3458 2392 3520 ἐπιεικῶς
2451 3458 2615 3530 ᾤετο,
2697 3457 2790 3511 τὸν
2868 3455 3228 3532 ὑπεράπειρον
3285 3455 3537 3531 γαστέρα,
3606 3457 3791 3534 βραχὺ

2141 3548 2306 3624 πὲρας
2367 3543 2622 3622 ἔχουσαν,
2701 3543 2934 3621 ἐνεγκεῖν
3013 3544 3102 3599 καὶ
3155 3542 3428 3612 θαύματος
3483 3543 3620 3619 πέρα
3681 3543 3795 3601 διεο

2138 3643 2340 3703 νοεῖτο,
2400 3637 2498 3705 τὴν
2585 3637 2775 3704 καινὴν
2837 3633 2928 3688 σὺν
2987 3637 3065 3705 τῷ
3133 3635 3439 3708 τεχνήματι
3498 3635 3794 3691 κοινωνίαν

2139 3730 2235 3782 τοῦ
2271 3724 2546 3783 [lli/ramo.
2577 3727 2722 3786 ’Ἑως
2758 3723 2851 3796 μὲν
2887 3723 2978 3776 οὖν
3012 3723 3166 3799 πρὸς·
3199 3722 3262 3776 τὸ
3311 3727 3488 3797 σῶμα,
3538 3723 3620 3778 ὅτι
3681 3726 3792 3780 τῶν

2139 3816 2312 3888 κάτω,
2344 3815 2560 3870 καὶτοῦ
2617 3810 2824 3884 πηλοῦ,
2866 3811 2956 3866 xui
3017 3817 3116 3866 τοῦ
3172 3807 3516 3888 παραϐάντος
3571 3811 3797 3870 ἐσκόπει

2141 3905 2384 3978 γέννημα
2415 3903 2620 3958 ἐκείνου
2651 3904 2874 3979 πατρὸς,
2937 3897 3170 3980 φοϐερὸν
3219 3900 3436 3974 ἐνόμιζε
3485 3903 3583 3972 την
3645 3904 3797 3978 ὑψη-

2141 3991 2534 4070 λὴναγγελίαν
2571 3991 2799 4062 ἐκείνην,
2849 3991 2942 4046 καὶ
2999 3991 3066 4060 ἦν
3125 3989 3230 4060 ὅλη
3293 3985 3536 4063 θάμϐους
3595 3995 3800 4065 μεστὴ,

2140 4083 2292 4144 ὃπως
2324 4081 2384 4136 ἐκ
2414 4078 2620 4150 πηλοῦ,
2654 4083 2744 4134 καὶ
2777 4080 2886 4134 οἷον
2949 4081 2984 4148 ἡ
3045 4083 3252 4144 πτῶσις
3300 4079 3519 4150 κατέαξε
3579 4085 3796 4152 σκεῦος,

2143 4167 2244 4242 ἄρα
2299 4173 2572 4240 τοιοῦτον,
2631 4170 2722 4224 τὸν
2781 4169 3077 4245 ἀχώρητον
3135 4165 3287 4222 ἔνδον
3367 4171 3638 4244 χωρήσει·
3702 4172 3798 4225 καὶ

2139 4261 2205 4328 ἦν
2265 4260 2476 4320 πάντως
2535 4261 2597 4314 τὸ
2664 4257 3068 4336 διαλογίζεσθαι
3125 4256 3231 4312 ἀπὸ
3293 4279 3356 4332 γε
3409 4264 3508 4327 τῆς
3584 4257 3797 4323 ἐννοίας

2141 4348 2371 4419 ἐκείνης’
2425 4351 2553 4406 Ὅτε
2605 4345 2660 4403 δὲ
2715 4348 2852 4424 πρὸς
2909 4347 3008 4416 τήν
3069 4346 3260 4410 ἑαυτῆς
3335 4347 3544 4421 ψυχήν,
3636 4347 3793 4411 ὅπως

1699 4586 1840 4646 Ant.
1886 4584 2182 4648 Ballerini
2228 4591 2416 4648 notm.

449 4723 558 4794 (97)
606 4724 740 4777 Haec
796 4737 929 4777 cum
979 4719 1286 4794 superiori
1348 4724 1686 4790 congruunt
1736 4721 2032 4780 sententia
2065 4730 2108 4794 D
2139 4721 2387 4794 vicerit:
2427 4718 2718 4794 ejusmodi
2741 4734 2888 4794 ergo
2919 4717 3168 4794 gratiam
3204 4721 3478 4794 angelica
3509 4723 3798 4784 salutatio

379 4792 589 4864 (ειη)ζὲ
637 4794 747 4862 10),
781 4811 897 4864 qua
926 4792 1096 4864 Virgo
1130 4793 1384 4864 Deipara
1411 4795 1595 4861 prima
1618 4798 1746 4864 post
1787 4795 2029 4858 Primum.

380 4863 730 4920 celebratur.
769 4863 1073 4932 Aptissima
1107 4880 1247 4917 vero
1271 4863 1478 4916 eadem
1513 4863 1644 4916 cum
1672 4864 2031 4918 salutatione

383 4936 702 5000 sociantur,
731 4951 855 5006 qua,
871 4935 940 4988 ab
961 4935 1163 5006 angelo
1192 4935 1490 4988 celebrata
1521 4939 1609 4988 est
1629 4937 1815 5004 gratia
1839 4937 2030 5006 plena.

385 5009 732 5075 Quanquam
765 5005 924 5058 enim
957 5005 1327 5059 dit‘titemium
1364 5023 1482 5060 non
1535 5007 1628 5071 sit,
1663 5005 2032 5061 naturalibus

382 5093 621 5148 quoque
653 5077 1072 5148 donissanctm
1107 5076 1360 5148 Virginis
1395 5077 1658 5131 animam
1694 5079 1912 5146 mirum
1973 5077 2034 5130 in

382 5145 628 5205 modum
660 5145 1008 5201 excelluisse
1037 5147 1358 5208 ;atdi\'inis
1384 5149 1638 5202 maxime
1670 5149 2036 5204 eharismati-

376 5221 488 5274 bus
520 5217 907 5272 tribuendqu
940 5217 1114 5288 plane
1147 5223 1236 5270 est
1267 5220 1424 5288 quod
1459 5237 1572 5288 prta
1597 5221 1812 5274 creatis
1844 5219 2034 5274 omni-

380 5292 492 5346 bus
525 5289 768 5360 propius
801 5289 1608 5362 ad,licumpccesseritllinc
1641 5309 1814 5362 porro
1834 5292 2034 5362 digno-

376 5359 542 5417 scere
578 5359 736 5427 licet,
801 5359 1138 5430 cujusmodi
1173 5376 1242 5413 ex
1274 5369 1473 5416 mente
1507 5359 1814 5416 doctorum
1858 5359 2038 5418 fuerit

376 5436 576 5502 gratia!
603 5433 892 5500 plenitudo
927 5448 1056 5503 qua)
1089 5431 1159 5485 de
1195 5431 1426 5502 Virgine
1471 5433 1846 5502 praedicatur.
1881 5432 2035 5487 Talis

383 5507 542 5560 enim
561 5503 942 5575 intelligenda
957 5519 1090 5558 cum
1107 5504 1328 5571 sit,qua
1343 5511 1746 5558 creaturarum
1766 5505 2036 5558 omnium

383 5575 950 5632 excellentissimam
985 5589 1284 5646 quamque
1315 5575 1566 5644 gratiam
1598 5575 1789 5630 Mariae
1851 5575 2040 5646 gratia

2142 4793 2432 4861 enuntiat,
2461 4789 2584 4862 qua
2614 4789 2806 4864 Maria}
2834 4789 3121 4864 sanctitas
3145 4789 3438 4855 tribuatur
3462 4811 3584 4850 non
3617 4799 3797 4864 modo

2143 4863 2469 4939 originalis,
2490 4861 2575 4939 ne
2609 4861 2942 4939 deterioris,
2995 4878 3171 4939 quam
3217 4863 3486 4939 caelestes
3519 4861 3792 4939 spiritus,

2142 4931 2499 4990 conditionis
2522 4934 2719 5006 fuerit,
2753 4932 2856 5006 sed
2887 4931 2948 4985 in
3003 4931 3132 5006 ipsa
3189 4934 3415 5006 origine
3475 4931 3795 4999 sanctitate

2142 5007 2410 5078 qualibet
2441 5004 3116 5078 angelicaeminentior.

2214 5079 2326 5150 (98)
2363 5078 2493 5129 Haec
2526 5075 2802 5150 subtilius
2827 5075 3185 5150 fo_rle__quam
3245 5078 3442 5150 verius
3492 5079 3797 5150 disputata

2143 5145 2500 5201 videbuntur
2527 5163 2540 5212 ;
2571 5153 2629 5199 at
2659 5147 2850 5200 elucet
2879 5145 2939 5199 in
2973 5145 3066 5209 iis,
3086 5152 3200 5200 tam
3232 5149 3571 5204 sublimiter
3591 5145 3801 5212 Patres

2147 5219 2216 5272 de
2275 5219 2378 5272 Dei
2437 5220 2615 5272 Matre
2675 5218 2956 5282 sensisse,
3015 5222 3081 5270 ut
3139 5219 3292 5285 quod
3351 5221 3802 5282 nobilissimum

2147 5291 2416 5366 omnium
2449 5289 2766 5348 videretur,
2799 5289 2856 5342 id
2882 5287 2958 5366 de
2987 5287 3089 5343 illa
3121 5291 3445 5346 tenendum
3477 5311 3546 5348 ac
3581 5289 3800 5366 prandi.

2145 5361 2400 5416 candum
2433 5377 2621 5429 usque
2653 5364 2984 5414 censerent.

2223 5432 2336 5503 (99)
2368 5432 2614 5485 Videtur
2643 5438 2846 5486 auctor
2889 5447 3010 5503 prze
3061 5431 3248 5488 oculis
3306 5433 3589 5492 habuisse
3648 5439 3796 5495 illud

2195 5503 2364 5556 salmi
2394 5519 2520 5566 cxv,
2553 5506 2612 5556 11
2639 5517 2651 5556 :
2679 5506 2792 5572 Ego
2822 5502 2947 5556 dixi
2996 5505 3057 5558 in
3109 5520 3325 5560 excessu
3391 5523 3510 5561 meo
3534 5526 3552 5562 :
3615 5511 3803 5568 Omnis

2192 5590 2310 5630 omo
2340 5576 2598 5632 mendax.
