4104 6300
437 325 514 389 95
1596 326 1878 387 lSlDORI
1921 325 2697 394 THESSALONICENSIS
3761 345 3842 407 96

435 459 620 528 illius,
667 475 784 530 quo
833 460 986 514 Deus
1039 458 1111 514 ab
1161 458 1501 514 hominibus
1545 458 1742 522 distat.
1788 459 2061 515 intervall

2200 475 2522 554 λογίσασθαι
2579 486 2714 537 Θεοῦ
2770 483 2904 558 πρὸς
2949 485 3283 558 ἀνθρώπους
3329 487 3393 542 τὸ
3449 489 3635 562 μέσον,
3689 491 3759 560 ἦν
3788 489 3843 546 δὲ

437 550 606 604 nulla
636 565 776 604 sane
807 549 1082 603 humanae
1113 547 1331 602 mentis
1364 548 1414 601 vi
1449 564 1552 619 pro
1582 547 1869 621 dignitate
1901 549 2083 605 dime-

433 639 640 708 tiendi,
688 640 860 710 Virgo
905 655 1036 709 quae
1079 637 1283 709 utique
1333 637 1508 693 homo
1559 645 1706 706 erat,
1739 639 1797 694 id
1830 639 1986 710 quod
2019 641 2082 696 in

436 728 718 800 mysterio
751 727 1114 782 horrendum
1163 732 1273 794 est,
1323 727 1748 793 consideraret,
1789 733 1847 782 et
1876 745 2082 784 rursus

436 817 762 888 angelicam
793 815 961 872 audit
998 832 1238 871 vocem:
1286 818 1360 871 Ne
1408 818 1616 884 timeas,
1669 819 1896 882 Maria;
1928 821 2080 874 inve-

433 909 566 962 nisti
595 906 740 961 enim
765 908 1006 976 gratiam
1045 907 1196 976 apud
1243 905 1410 960 Deum
1433 904 1500 960 σε.
1551 907 1713 962 Nunc
1748 906 1988 962 demum
2019 908 2080 962 in

431 995 780 1050 memoriam
814 994 1069 1048 Gabrieli
1127 995 1278 1050 redit
1329 1011 1550 1049 nomen
1583 995 1858 1066 Virginis.
1892 997 2082 1068 Depo—

431 1089 632 1140 suerat
661 1083 821 1138 enim
853 1083 1008 1154 quod
1038 1083 1306 1156 gestabat
1333 1083 1529 1155 gaudii
1561 1084 1794 1154 pondus
1820 1103 1834 1151 ;
1868 1101 1934 1140 ac
1966 1085 2082 1140 vel-

429 1172 516 1226 uti
547 1188 614 1226 eo
647 1171 912 1242 deposito
961 1171 1194 1226 facilius
1243 1171 1494 1226 halitum
1542 1171 1803 1233 duceret,
1837 1171 2081 1228 liberius

426 1277 556 1316 eam
589 1259 946 1330 alloquitur;
979 1265 1039 1314 et
1084 1261 1160 1314 Ne
1217 1262 1426 1326 timeas,
1477 1261 1695 1332 inquit,
1727 1263 1928 1332 Maria,
1972 1279 2077 1316 suo

426 1349 591 1406 illam
623 1348 848 1404 scilicet
875 1365 1034 1404 nunc
1063 1351 1304 1404 nomine
1335 1351 1720 1422 compellans.

497 1440 895 1496 Tremendum
943 1455 1084 1494 sane
1136 1440 1504 1510 mysterium,
1559 1446 1617 1496 et
1665 1439 2075 1497 admirationis

427 1529 712 1600 plenum!
777 1531 892 1584 Nec
923 1529 985 1583 in
1019 1529 1248 1584 naturis
1297 1530 1510 1584 creatis
1539 1531 1798 1602 reperire
1831 1537 1940 1598 est,
1973 1533 2074 1602 qui

427 1619 499 1672 de
533 1619 657 1686 illo,
691 1619 774 1672 uti
806 1635 912 1690 par
943 1622 1050 1687 est,
1076 1617 1372 1690 judicium
1405 1619 1559 1673 ferre
1593 1623 1788 1690 queat.
1823 1621 1904 1674 Tu
1937 1637 2072 1675 vero

427 1707 573 1777 sola,
607 1707 820 1778 inquit,
853 1724 886 1762 ο
919 1709 1114 1774 Μανία,
1143 1725 1210 1762 ne
1237 1710 1444 1764 timeas.
1470 1710 1650 1764 Porro
1680 1711 2072 1766 reverentiam

425 1795 591 1851 illam
627 1797 876 1868 Virginis
897 1802 1138 1868 stupore
1159 1797 1486 1869 plenam,et
1507 1799 1752 1854 mistum
1783 1799 2069 1871 obsequio

423 1882 792 1953 plausum,ac
810 1884 1174 1939 venerationi
1193 1885 1572 1956 conjunctam
1595 1885 2070 1955 exsultationem,

424 1989 583 2028 nunc
639 1971 872 2027 Gabriel
931 1975 1176 2027 timorem
1231 1979 1417 2040 vocat,
1475 1974 1978 2044 quemadmodum
2019 1982 2078 2032 et

423 2061 603 2115 David
643 2061 828 2116 dixit:
879 2063 1168 2116 Emsultate
1215 2063 1266 2116 ei
1317 2079 1440 2118 cum
1497 2069 1728 2118 tremore
1757 2062 1822 2118 θθ.
1883 2066 1962 2120 Ne
1997 2071 2071 2134 te,

421 2149 637 2220 inquit,
696 2149 979 2221 percellat
1035 2151 1328 2208 immensa
1383 2153 1466 2207 rei
1524 2154 1846 2225 granditas,
1879 2172 2072 2226 neque

425 2243 598 2308 putes
631 2243 686 2294 te
735 2238 808 2294 ad
859 2244 1035 2294 tantae
1092 2241 1548 2312 magnificentius
1605 2261 1752 2316 opus
1783 2245 2070 2318 imparem

425 2327 670 2382 omnino
703 2341 870 2394 esse;
921 2343 1136 2398 neque,
1169 2331 1438 2400 mysterii
1485 2348 1736 2388 cernens
1766 2333 2072 2392 celsitudi-

425 2431 586 2482 nem,
619 2421 861 2486 stupore
892 2432 959 2472 ac
989 2423 1155 2472 metu
1183 2418 1473 2487 vincaris;
1521 2438 1714 2493 neque
1759 2429 2073 2496 propterea

427 2503 584 2576 quod
616 2503 794 2560 homo
827 2505 927 2575 sis,
961 2506 1397 2563 formidandam
1449 2509 1555 2564 tibi
1595 2528 1829 2584 quoque
1861 2514 1947 2569 vel
1979 2516 2072 2569 in-

423 2591 772 2664 possibilem
801 2609 927 2648 esse
961 2594 1140 2650 ducas
1171 2595 1323 2652 hanc
1353 2597 1786 2656 salutationem.
1813 2603 1882 2656 Et
1902 2603 2068 2660 valde

423 2681 667 2753 quidem
699 2689 1101 2740 consentanea
1158 2691 1314 2755 sunt,
1367 2704 1499 2759 quas
1547 2690 1746 2745 animo
1779 2691 1977 2762 volvis,
2010 2699 2070 2749 et

419 2771 706 2843 praecelsa
737 2777 934 2828 mente
983 2777 1085 2829 tua
1127 2791 1504 2847 nequaquam
1547 2779 1806 2852 indigna.
1841 2782 2066 2837 Nedum

421 2859 581 2914 enim
613 2861 797 2915 Deum
830 2861 1004 2917 homo
1037 2861 1193 2918 ferre
1215 2864 1654 2938 valeat,suaque
1677 2869 1862 2940 ipsius
1889 2887 2064 2926 carne

417 2947 589 3004 illum
621 2949 1084 3020 circumvestire,
1135 2953 1236 3022 qui
1297 2959 1385 3008 est
1435 2958 1666 3012 amictus
1695 2957 1898 3013 lumine
1924 2962 2067 3015 sicut

415 3039 821 3104 vestimento“,
846 3038 949 3092 sed
981 3055 1054 3094 ne
1086 3039 1386 3096 modicum
1413 3043 1652 3112 quidem
1685 3063 1869 3116 prope
1898 3065 2064 3103 acce-

419 3124 558 3180 dere
591 3125 664 3179 ad
713 3125 882 3180 illum
932 3131 1146 3197 potest,
1205 3129 1299 3182 cui
1357 3131 1578 3186 adstant
1608 3134 1789 3189 millia
1826 3136 2062 3192 millium

415 3214 784 3286 angelorum,
844 3221 896 3269 et
951 3216 1124 3271 decies
1170 3217 1368 3273 millies
1417 3227 1644 3276 centena
1684 3223 1862 3279 millia
1890 3225 2060 3281 mini—

413 3309 595 3358 strant
621 3303 689 3370 7',
722 3308 779 3357 et
806 3321 837 3358 e
863 3311 1185 3375 conspectu
1229 3305 1457 3362 virtutis
1501 3309 1628 3380 ejus
1657 3311 1903 3369 horrent
1931 3332 2060 3371 om-

415 3393 517 3448 nia
546 3397 606 3446 et
635 3395 1120 3450 contremiscunt.
1163 3397 1244 3452 Tu
1295 3415 1452 3466 vero,
1486 3401 1782 3470 quomodo
1813 3404 2060 3476 eloquar

416 3481 642 3549 nescio,
674 3497 792 3536 non
826 3483 1003 3538 homo
1035 3500 1119 3552 es,
1153 3502 1273 3541 non
1316 3488 1580 3560 angelus,
1613 3491 1716 3546 sed
1747 3493 1866 3549 alia
1894 3512 2056 3566 quai-

414 3570 550 3626 dam
581 3575 792 3626 natura
820 3571 1154 3639 sublimior,
1186 3579 1244 3629 et
1274 3576 1589 3647 ejusmodi,
1624 3581 1718 3636 cui
1749 3588 1881 3653 post
1911 3584 2054 3640 divi-

414 3676 555 3716 nam
586 3665 860 3716 naturam
900 3661 1051 3716 nihil
1080 3663 1171 3718 vel
1202 3666 1396 3735 quoad
1425 3665 1684 3738 aliquam
1715 3673 2055 3730 similitudi-

411 3768 549 3806 nem
604 3753 934 3823 comparari
979 3759 1158 3823 queat
1205 3757 1302 3827 (3).
1349 3757 1671 3829 Propterea
1721 3763 1821 3818 tibi
1862 3765 1987 3833 uni,
2021 3784 2055 3822 o

407 3842 608 3911 Maria,
640 3841 836 3896 nuntii
885 3843 1004 3896 mei
1047 3843 1333 3901 celsitudo
1377 3845 1752 3907 formidanda
1790 3869 1910 3908 non
1942 3861 2052 3910 est.

409 3934 609 4004 Neque
641 3933 988 3989 omnimoda
1015 3937 1248 3992 virtutis
1295 3944 1410 3993 tum
1451 3942 1680 4010 puritas
1709 3949 1828 4000 tam
1859 3946 2054 4003 divino

409 4020 605 4090 impar
635 4026 721 4075 est
753 4021 962 4076 nuntio
989 4038 1002 4075 :
1053 4039 1248 4093 neque
1281 4025 1668 4084 admirandus
1693 4031 1908 4088 animai
1937 4039 2054 4091 tua)

410 4107 692 4178 splendor
721 4108 814 4175 iis,
862 4125 993 4178 quae
1040 4111 1414 4180 nuntiantur,
1446 4115 1831 4176 admittendis
1859 4123 2056 4178 minus

412 4195 719 4267 congruit:
755 4212 948 4268 neque
996 4197 1504 4268 pulchritudinem
1546 4210 1706 4262 tuam
1739 4226 1868 4268 sese
1897 4213 2059 4270 indi-

479 4294 527 4331 ⁸⁸
555 4296 690 4353 Luc.
723 4313 762 4365 ι,
795 4297 884 4352 30.
960 4295 1007 4332 σθ
1035 4297 1184 4356 Psal.
1217 4317 1274 4369 ιι,
1308 4303 1394 4358 11.
1471 4302 1518 4340 7°
1547 4305 1697 4363 Psal.
1729 4326 1844 4377 cm,
1877 4315 1930 4370 2.

2192 565 2497 643 ἄνθρωπος,
2554 570 2690 645 πρὸς
2746 573 2809 627 τὸ
2861 569 3092 650 φοϐερὸν
3145 573 3362 650 ἐπείπερ
3416 575 3558 652 ἐώρα
3615 583 3712 634 τοῦ
3747 603 3848 654 μυ-

2195 658 2446 731 στηρίου,
2501 657 2804 735 ἀγγελικῆς
2863 661 3046 718 ἀκούει
3104 663 3363 738 γλώττης
3420 667 3508 721 καὶ
3540 665 3718 731 αὖθις·
3757 673 3840 740 Mi,

2193 741 2387 824 φοϐοῦ,
2445 749 2698 823 Μαριάμ·
2759 749 2910 826 εὗρες
2964 753 3065 827 γάρ
3124 753 3288 831 χάριν
3351 755 3493 828 παρᾶ
3557 761 3640 828 τῷ
3703 765 3845 833 Θεῷ.

2193 835 2304 890 Νῦν
2334 842 2433 904 τῆς
2483 835 2801 912 ἐπωνυμίας
2853 839 2930 903 εἷς
2989 843 3215 914 μνήμην
3249 843 3278 898 ὁ
3310 838 3554 918 Γαϐριὴλ
3600 841 3847 922 ἔρχεται.

2192 923 2452 988 Ἀπέθετο
2517 926 2618 1000 γάρ
2688 926 2746 982 ὃν
2815 928 3000 1004 ἀνεῖχε
3066 931 3262 1007 φόρτον
3321 939 3420 1001 τῆς
3488 939 3688 1010 χαράς,
3755 937 3848 992 καὶ

2192 1012 2371 1090 ὥσπερ
2439 1016 2656 1096 κούφως
2761 1019 2896 1092 μετὰ
2989 1022 3089 1090 τήν
3154 1023 3434 1078 κατάθεσιν
3501 1022 3844 1098 διαπνεύσας,

2189 1101 2510 1180 ἐλευθερίως
2604 1106 2959 1180 προσομιλεῖ·
3060 1109 3174 1181 καὶ,
3245 1112 3337 1181 Μή
3415 1107 3612 1190 φοϐοῦ,
3685 1114 3843 1188 φησί,

2191 1193 2443 1268 Μαριὰμ,
2485 1193 2613 1250 αὐτὸ
2646 1194 2712 1266 δὴ
2739 1197 2802 1252 τὸ
2833 1196 3010 1271 ὐνομα
3039 1202 3132 1253 νῦν
3164 1202 3494 1273 προσειπών.

2257 1457 2499 1537 Φοϐερὸν
2537 1463 2632 1537 μὲν
2691 1465 2782 1520 οὖν
2841 1467 2904 1521 τὸ
2956 1469 3258 1544 μυστήριον
3317 1469 3556 1538 πάντως,
3589 1471 3678 1526 καὶ
3713 1471 3840 1527 θαύ-

2185 1571 2356 1624 ματος
2387 1551 2618 1627 πλῆρες·
2687 1555 2779 1609 καὶ
2845 1554 2945 1610 οὐκ
3009 1553 3152 1612 ἔστιν
3217 1555 3270 1612 ἒν
3336 1563 3528 1632 κτιστῇ
3563 1561 3841 1634 φ·5σει,δς

2183 1640 2266 1707 ἅν,
2335 1641 2409 1702 ὡς
2477 1649 2743 1717 προσῆκε,
2813 1641 3107 1721 λογίσαιτο
3167 1647 3289 1720 περὶ
3351 1647 3539 1706 αὐτοῦ.
3609 1648 3685 1704 Σὺ
3759 1648 3839 1720 δὲ,

2181 1729 2335 1806 φησὶ,
2373 1731 2536 1803 μόνη.
2597 1731 2844 1807 Μαριάμ,
2914 1735 2988 1806 μή
3051 1729 3248 1812 φοϐοῦ.
3279 1735 3350 1790 Τὸ
3407 1737 3544 1810 πρὸς
3575 1731 3841 1810 ἕκπλτςξιν

2181 1814 2428 1890 εὐλαϐὲς,
2485 1820 2577 1876 τόν
2635 1843 2693 1878 τε
2751 1831 3096 1899 σεμνοπρεπῆ
3151 1833 3253 1895 τῆς
3311 1828 3582 1900 Παρθένου
3613 1828 3839 1903 κρότον,

2178 1909 2268 1962 καὶ
2325 1910 2425 1976 τήν
2491 1910 2608 1983 μετ’
2661 1909 2846 1974 αἰδοῖος
2903 1911 3254 1988 ἀγαλλίασιν,
3315 1910 3484 1992 φόϐον
3527 1912 3840 1990 ὁΓαϐριὴλ

2176 1995 2402 2052 ἐνταῦθα
2458 1997 2638 2068 καλεῖ,
2699 2001 2774 2064 ὡς
2829 2001 2919 2056 καὶ
2979 1997 3166 2068 Δαϐἰδ,
3226 2001 3614 2078 Ἀγαλλιᾶοθε,
3663 2006 3838 2074 εἶπεν,

2175 2084 2322 2157 αὐτῷ
2379 2086 2432 2140 ἐν
2487 2089 2702 2163 τρόμῳ.
2764 2091 2856 2154 Μή
2915 2088 3006 2144 οὖν
3057 2090 3286 2161 ξενίζου,
3346 2093 3634 2171 φησὶ,τὴν
3667 2094 3844 2170 ὑπερ-

2175 2169 2373 2246 ϐολήν·
2473 2174 2616 2248 μηδὲ
2679 2179 2872 2250 νόμιζε
2935 2179 3071 2253 πρὸς
3149 2179 3488 2252 τηλικαύτην
3555 2179 3842 2248 ἀδυνάτως

2173 2261 2320 2339 ἔχειν
2357 2265 2780 2343 μεγαλειότηταο
2837 2265 3000 2340 μηδὲ,
3048 2270 3149 2337 τῆς
3200 2267 3429 2338 τελετῆς
3469 2269 3733 2348 ἀφορῶσα
3771 2275 3838 2329 τὸ

2175 2349 2425 2428 μέγεθος,
2483 2355 2663 2424 ἢττων
2720 2355 3034 2427 ἐκπλήξεως
3087 2357 3240 2434 γίνου
3296 2360 3384 2414 καὶ
3446 2357 3642 2436 φόϐου·
3701 2359 3838 2434 μηδ’

2169 2441 2254 2496 ὃτι
2286 2439 2600 2518 ἄνθρωπος,
2632 2440 2722 2498 διὰ
2750 2440 2913 2500 τοῦτό
2957 2466 3041 2500 σοι
3091 2445 3181 2500 καὶ
3226 2442 3455 2524 φοϐερὸν
3485 2449 3520 2520 ἢ
3555 2446 3824 2506 ἀδύνατον

2170 2528 2292 2584 ο”ου
2324 2532 2418 2587 τὸν
2459 2533 2768 2606 ἀσπασμόν.
2811 2535 2957 2590 Ηάνυ
2993 2536 3088 2608 μὶν
3136 2535 3228 2590 οὖν
3273 2536 3342 2592 τά
3382 2537 3565 2593 εἰκότα
3610 2538 3836 2616 λογίζῃ,

2169 2619 2389 2690 καὶτῆς
2447 2629 2548 2692 σῆς
2609 2621 2832 2696 ὑψηλῆς
2888 2623 3009 2697 ἄξια
3065 2623 3326 2690 διανοίας.
3358 2628 3690 2705 ’Ἄνθρωπος
3725 2632 3826 2704 μέν

2169 2709 2274 2784 γάρ
2337 2710 2414 2782 μὴ
2455 2711 2540 2765 ’ὁτι
2590 2731 2652 2784 γε
2704 2713 2833 2768 Θεὸν
2884 2713 3140 2788 ἐνεγκεῖν,
3199 2717 3290 2770 καὶ
3347 2715 3422 2779 ὠς
3475 2721 3690 2792 χιτῶνα
3719 2721 3825 2790 τήν

2169 2797 2364 2854 ἑαυτοῦ
2431 2799 2604 2875 σάρκα
2672 2796 2991 2872 περιϐαλεῖν
3073 2803 3166 2858 τὸν
3247 2799 3698 2880 ἀναϐαλλόμενον
3763 2811 3831 2866 τὸ

2167 2891 2284 2964 φῶς
2329 2887 2405 2950 ὡς
2459 2887 2698 2962 ἱμάτιον,
2747 2889 2874 2945 ἀλλ’
2923 2889 3048 2946 οὐδὲ
3094 2895 3428 2969 καταμικρὸν
3483 2893 3693 2970 ἐγγίσαι
3735 2895 3840 2952 δύ-

2165 2995 2344 3045 ναται,
2413 2975 2459 3048 ᾧ
2525 2977 2880 3054 παρίστανται
2968 2979 3150 3055 χίλιαι
3233 2981 3488 3061 χιλιάδες
3551 2983 3831 3061 ἀγγέλων,

2165 3064 2259 3119 καὶ
2320 3065 2509 3141 μύριαι
2572 3064 2829 3142 μυριάδες
2885 3067 3290 3146 λειτουργοῦσι,
3347 3071 3437 3127 καὶ
3497 3073 3602 3128 άπὸ
3659 3095 3833 3150 προσ-

2091 3197 2134 3264 C
2174 3152 2329 3209 ώπςυ
2356 3161 2456 3224 τῆς
2498 3152 2777 3229 δυνόμεως
2822 3157 2990 3214 αὐτοῦ
3035 3161 3211 3215 πάντα
3250 3161 3462 3239 φρίσσει
3492 3162 3584 3217 καὶ
3613 3163 3834 3238 τρέμει.

2179 3241 2234 3264 επ·
2287 3239 2332 3264 tu
2457 3243 2470 3262 ν
2596 3242 2648 3264 15
2790 3251 2817 3262 ς-
2913 3247 2934 3264 η
3064 3247 3088 3264 ν
3295 3250 3308 3264 9
3391 3249 3416 3264 ν
3457 3261 3467 3264 Α
3771 3256 3787 3264 ι

2174 3241 2251 3296 Σὺ
2283 3239 2360 3310 δὲ,
2414 3243 2516 3299 οὐκ
2567 3242 2686 3300 οἶδα
2742 3251 2860 3308 πῶς
2913 3247 2974 3302 ἂν
3035 3247 3192 3318 εἷ’πω,
3253 3250 3352 3306 οὐκ
3381 3249 3687 3326 ἄνθρωπος,
3723 3256 3838 3311 οὐκ

2170 3329 2422 3406 ἄγγελος,
2477 3331 2624 3389 ἀλλά
2667 3355 2750 3398 τις
2803 3334 2992 3410 ὑψηλὴ
3043 3337 3198 3416 φύσις
3240 3336 3413 3410 ἑτέρα,
3443 3341 3533 3395 καὶ
3564 3341 3651 3396 οἵα
3685 3343 3838 3415 μηδὲ

2168 3421 2305 3494 πρὸς
2371 3421 2722 3498 παράδειγμα
2791 3425 2928 3498 μετά
2986 3427 3088 3496 τὴν
3158 3426 3299 3492 θείαν
3368 3425 3828 3502 παραϐάλλεσθαι

2167 3507 2344 3585 φύσιν.
2381 3510 2480 3565 Διά
2534 3511 2695 3566 τοῦτό
2749 3534 2837 3568 σοι
2898 3515 3062 3588 μόνῃ,
3114 3515 3368 3590 Μαριὰμ,
3401 3517 3462 3572 οὐ
3493 3513 3724 3596 φοϐερὸν
3757 3523 3829 3579 τὸ

2165 3601 2265 3663 τῆς
2301 3597 2440 3672 ἐμῆς
2467 3598 2721 3674 ἀγγελίας
2771 3602 2928 3676 ὕψος,
2979 3602 3123 3678 Οὐχὶ
3177 3605 3240 3659 τὸ
3279 3607 3544 3682 πάναγνον
3591 3609 3689 3677 τῆς
3720 3618 3835 3680 σῆς

2167 3686 2360 3762 ἀρετῆς
2391 3689 2528 3764 πρὸς
2585 3688 2914 3760 τηλικοῦτον
2977 3691 3352 3764 ἀνεπιτήδειον
3407 3697 3650 3770 μήνυμαο
3683 3699 3826 3776 οὐχὶ

2163 3776 2225 3831 τὸ
2258 3775 2516 3851 λαμπρὸν
2545 3783 2647 3846 τῆς
2679 3779 2831 3848 ξένης
2863 3800 2959 3834 σου
2990 3783 3176 3856 ψυχῆς
3203 3783 3302 3851 τῆν
3334 3779 3617 3858 ὑποδοχὴν
3663 3775 3832 3843 ἆπωί-

2164 3864 2338 3919 θεῐται
2382 3868 2490 3918 τῶν
2541 3864 2892 3942 εὐαγγελίων·
2953 3869 3016 3924 οὐ
3073 3869 3136 3924 τὸ
3195 3870 3284 3925 σὸν
3337 3869 3558 3938 κάλλος
3601 3874 3828 3946 ἀνάξιον

2165 3952 2194 4006 ό
2251 3951 2592 4027 δήμιουργὸς
2648 3955 2840 4010 ἑαυτοῦ
2900 3957 3158 4027 θεσπίζει’
3218 3959 3283 4014 οὐ
3341 3959 3404 4014 τὸ
3444 3957 3670 4038 φαιδρὸν
3716 3973 3834 4035 τῆς

2167 4041 2264 4108 σῆς
2331 4037 2560 4114 ἀγλαῒας
2641 4041 2984 4118 παρέδραμεν
3061 4047 3089 4100 ὁ
3155 4045 3557 4118 παντὲπόπτηςο
3628 4049 3690 4106 οὐ
3759 4054 3832 4109 τὸ

2167 4123 2516 4201 διάλαμπρον
2573 4135 2676 4198 τῆς
2735 4133 2833 4200 σῆς
2881 4133 3256 4208 καθαρότητος
3295 4135 3752 4210 ἀπροσπέλαστον
3795 4144 3833 4198 ὁ

2164 4215 2420 4286 Ηλάστης
2477 4217 2654 4292 ἑαυτῷ
2705 4221 3019 4300 ψηφίζεται.
3077 4223 3166 4290 Mi)
3226 4219 3400 4300 φοϐοῦ
3448 4223 3670 4302 λοιπὸν,
3701 4234 3840 4287 Μα-

2007 4312 2053 4349 ⁷¹
2085 4321 2230 4374 Dan.
2265 4336 2358 4387 vn,
2395 4323 2480 4374 10.

1718 4417 1862 4474 Ant.
1911 4416 2206 4481 Ballerini
2251 4431 2440 4486 notas.

471 4507 546 4580 (3)
579 4511 654 4604 Inl
677 4510 993 4604 Drientlalis
1023 4513 1300 4604 Ecclesia;
1329 4515 1512 4604 sacris
1535 4515 1895 4604 oili‘ciisinron'
1916 4539 2049 4580 raro
2085 4529 2128 4593 Β
2161 4545 2282 4584 suae
2313 4532 2640 4588 eminentia
2691 4535 2946 4604 quaedam
2989 4541 3194 4591 natura
3246 4537 3534 4592 sublimior
3561 4538 3834 4599 dicenda

401 4581 657 4635 occurrit
684 4581 821 4708 Squa
852 4583 923 4638 de
965 4601 1026 4638 re
1076 4583 1138 4638 in
1187 4587 1668 4656 Commentario),
1700 4596 1767 4644 ut
1796 4592 2048 4664 Deipara

401 4651 491 4704 vel
525 4655 678 4708 Anne
707 4656 744 4708 ἱ.
778 4654 866 4708 vel
927 4655 1244 4708 Cherubini.
1300 4655 1386 4708 vel
1438 4658 1740 4708 Seram/Lini
1784 4669 2048 4708 ιρτινρςινίε

400 4651 491 4704 vel
525 4651 744 4728 angeli,
778 4654 866 4728 vel
927 4655 1244 4728 Cherubini,
1300 4651 1740 4728 verliserapl'i'ini
1784 4651 2051 4722 terrestris

401 4723 644 4798 nomine
674 4725 1035 4797 designetur.
1080 4725 1249 4798 Quod
1277 4727 1540 4798 quidem,
1570 4723 1640 4784 iit
1669 4735 2049 4794 manifestum

401 4797 508 4868 est,
542 4809 662 4847 non
713 4811 780 4849 eo
830 4803 1077 4868 spectat,
1127 4804 1195 4852 ut
1242 4797 1602 4856 beatissima)
1633 4803 1736 4858 Dei
1769 4806 2048 4864 Genitrici

397 4862 672 4943 humanae
699 4862 922 4943 naturae
945 4871 1159 4943 veritas
1184 4870 1527 4943 denegetur,
1553 4889 1686 4930 cum
1711 4891 1742 4930 e
1767 4862 2047 4936 conversio

397 4932 510 5015 8‘3...
533 4935 732 5015 Patres
763 4937 1146 5015 ad_tuendam
1193 4932 1475 5015 adversus
1505 4932 2046 5015 phantasiastarum

397 5002 613 5078 deliria
636 5005 950 5064 dominicas
983 5011 1409 5068 incarnationis
1451 5002 1757 5072 veritatem
1789 5002 2044 5078 έίιίῖίίίᾱέ

397 5075 648 5146 Virginis
679 5093 914 5148 quoque
948 5082 1150 5136 matris
1179 5101 1376 5140 veram
1407 5091 1683 5143 naturam
1720 5075 2041 5148 humanam

395 5149 890 5228 propugnandam
1055 5163 1394 5224 assumant;
1421 5157 1524 5212 sed
1546 5166 1612 5214 ut
1633 5163 1878 5216 remotis
1902 5180 1936 5218 a
1956 5181 2046 5218 ve-

395 5216 633 5304 rissima
665 5220 928 5304 humana
955 5221 1116 5304 illius
1149 5216 1456 5304 naturaiis
1487 5231 1786 5300 omnibus,
1819 5216 2042 5304 quaeri—Ii

394 5288 652 5370 dedecus
681 5291 916 5371 cedant,
949 5295 1243 5371 ejusmodi
1291 5297 1374 5371 illi
1407 5309 1707 5356 asseratur
1737 5288 2039 5371 nobilitas,

392 5360 564 5446 cujus
594 5363 782 5446 gratia
821 5360 1072 5446 angelus
1123 5367 1213 5446 vel
1257 5369 1584 5446 cherubim,
1635 5377 1830 5443 potius
1863 5360 2041 5446 quam

392 5431 617 5510 homo,—
651 5435 836 5489 videri
893 5431 1088 5506 queat.
1135 5441 1322 5510 Atqui
1381 5431 1654 5498 eamdem
1695 5446 1768 5501 ob
1801 5431 2040 5504 causam

391 5503 604 5589 merito
636 5513 842 5589 auctor
862 5503 1036 5589 negat
1065 5508 1150 5589 vel
1173 5503 1398 5589 angelis
1422 5513 1658 5568 Mariam
1679 5533 2039 5589 comparan-

392 5573 527 5652 dam
559 5592 712 5652 esse,
757 5579 814 5632 Si
849 5573 1008 5634 enim
1065 5573 1378 5652 (quodvex
1435 5586 1730 5642 sententia
1769 5573 2038 5644 omnium

387 5647 631 5703 Patrum
657 5649 814 5706 idem
833 5657 1038 5708 auctor
1058 5647 1358 5725 afﬁrmat),
1387 5654 1555 5727 Virgo
1578 5672 1684 5726 pro
1709 5659 2039 5717 nobilitatis

2158 4606 2266 4664 est,
2295 4606 2384 4657 cui
2409 4610 2532 4679 post
2562 4605 2810 4679 divinam
2835 4612 3113 4679 naturam
3159 4608 3304 4662 nihil
3347 4611 3432 4663 vel
3475 4612 3665 4679 quoad
3693 4615 3832 4668 exi-

2161 4689 2327 4753 guam
2395 4676 2644 4753 aliquam
2715 4676 3521 4753 similitudinem“comparari
3592 4685 3834 4753 possit;

2161 4743 2369 4800 eodem
2404 4743 2577 4828 plane
2614 4747 2760 4813 iure,
2795 4764 2910 4818 quo
2953 4743 3530 4828 h_o.niinibus,._etiam
3589 4743 3834 4828 angelis

2157 4818 2590 4872 accensendam
2643 4833 2771 4872 esse
2831 4818 3161 4886 negabitur,
3211 4828 3276 4876 ut
3327 4821 3521 4878 locum
3557 4818 3834 4883 soli'sibi

2161 4888 2467 4963 proprium
2499 4889 2786 4944 creaturis
2831 4890 3108 4963 omnibus
3153 4894 3444 4963 superior,
3475 4897 3578 4949 uni
3613 4905 3839 4956 autem

2155 4955 2560 5032 Deo‘inferior,
2587 4965 2796 5013 servet.
2819 4961 2963 5015 Cum
2981 4977 3116 5016 vero
3139 4955 3442 5032 ejusmodi
3462 4965 3642 5022 homo
3665 4955 3837 5028 adeo

2154 5027 2532 5106 ab‘bumanaa
2583 5035 2812 5106 natura)
2863 5032 3085 5106 vilitate
3138 5027 3310 5106 longe
3342 5035 3630 5106 discedat,
3665 5047 3731 5094 ut
3761 5027 3848 5098 et

2154 5097 2540 5154 nobilissima)
2571 5101 2838 5156 caalestes
2871 5103 3126 5160 Virtutes
3155 5097 3534 5163 ad'eamdem
3572 5097 3847 5168 compa;

2153 5174 2297 5246 rata:
2328 5171 2608 5246 vilescere
2640 5172 3073 5246 dicendas-sint,
3097 5175 3370 5246 quisnam
3390 5178 3548 5232 serio
3571 5187 3633 5236 et
3661 5171 3846 5240 illud

2153 5239 2575 5323 disputandum
2603 5249 2864 5323 censeat,
2890 5261 2965 5300 an
2996 5239 3135 5323 vitio
3166 5247 3291 5323 illo,
3325 5249 3490 5323 quod
3506 5239 3842 5323 Aabjectani

2152 5317 2410 5396 naturam
2433 5320 2690 5396 nostram
2707 5320 3014 5396 tantopere
3029 5317 3102 5372 ab
3101 5316 3408 5396 jectiorem
3418 5316 3843 5396 'vi_lior"emque

2153 5382 2854 5466 gﬁecit,‘_gloriosissima
2875 5382 3413 5466 'Virgo_'exstiterit
3449 5382 3768 5466 deturpata
3801 5382 3846 5455 εξ

2150 5452 2488 5538 Praesertim
2522 5473 2654 5511 vero
2686 5457 2843 5528 quod
2876 5457 2925 5512 si
2957 5452 3102 5528 quid
3133 5476 3409 5538 expresse
3429 5462 3514 5538 _de
3550 5452 3834 5538 Virginis

2151 5523 2507 5604 excellentia
2535 5543 2673 5604 mox
2703 5523 2909 5584 auctor
2937 5523 3384 5604 commemorat,
3425 5533 3487 5588 in
3537 5523 3842 5604 puritatis

2149 5593 2356 5650 laudes
2381 5598 2742 5670 effundatur,
2774 5616 2972 5670 quam
3021 5601 3317 5658 horrendo
3369 5593 3668 5664 incarhati
3699 5593 3838 5668 Βεέῖ

2147 5668 2432 5737 mysterio
2462 5685 2666 5740 parem
2697 5668 2994 5727 affirmare
3024 5688 3148 5728 non
3177 5673 3428 5730 dubitat.
