4104 6300
231 359 296 416 97
1140 356 1409 418 SEBMO
1453 356 1543 417 IN
1585 353 2179 418 ANNUNTIONEM
2225 355 2294 414 B.
2344 354 2415 414 V.
2464 356 2768 416 MARL/E.
3600 360 3679 421 98

253 487 378 560 ριάμο
429 489 607 563 εὗρες
661 490 789 564 γὰρ
842 487 1002 567 χάριν
1051 489 1196 563 ποιρᾶ
1247 492 1326 561 τῷ
1383 492 1518 560 Θεῷ.
1570 486 1840 553 Δικαστήσ
1890 486 1918 539 6

2039 502 2208 558 gnam
2238 492 2470 543 creator
2501 493 2740 544 censet:
2775 506 2971 561 neque
3000 493 3324 547 venustatis
3351 497 3464 548 tua:
3496 494 3681 566 fulgo-

255 575 361 637 Θεὸς
386 576 603 647 γίνεται
662 581 789 633 τῶν
846 581 969 631 σῶν⁶
1023 578 1114 631 καὶ
1173 576 1286 631 ἐπεὶ
1340 576 1441 630 οὐκ
1487 577 1638 649 εἶχεν
1685 574 1916 651 ἀντιχα-

265 683 330 738 ριν
353 665 489 736 ἀξίαν
528 667 729 741 εὑρεῖν
781 665 964 738 ἑτέραν
993 669 1098 721 τῶν
1138 669 1417 739 τροπαῖων
1470 671 1572 734 τῆς
1621 669 1719 733 σῆς
1770 661 1918 735 λαμ-

271 752 503 825 πηδόνος,
569 755 781 810 ἑαυτὸν
836 756 864 809 6
917 755 1191 826 Δεσπότης
1240 752 1477 809 ἔπαθλὸν
1533 773 1618 808 σοι
1665 749 1916 829 παρέχει·

273 841 335 902 06
357 845 454 920 γαρ
495 845 856 921 παρατρέχει
906 846 1031 906 τοὺς
1076 842 1319 914 ἀθλητάς
1357 844 1385 898 6
1424 841 1743 912 ἀθλοθέτης
1796 836 1921 895 οὐδὲ

282 934 414 1009 τέρας
444 939 554 989 τῶν
583 933 861 1007 καμάτων
896 931 1106 988 ἐλάττω
1155 929 1397 987 δίδωσινο
1456 927 1579 986 οὐδὲ
1626 929 1920 1006 στεφάνους

288 1022 450 1079 πλὲλει
511 1026 625 1078 τῶν
688 1021 876 1077 ἄθλων
937 1019 1285 1083 ἀποδέοντας,
1348 1025 1456 1075 Σοῦ
1517 1018 1575 1074 δὲ
1640 1020 1779 1092 μήτε
1841 1016 1924 1072 ἐν·

292 1115 487 1177 εστῶτα,
546 1112 692 1182 μήτε
741 1107 1041 1182 μέλλοντα,
1104 1111 1240 1181 μήτε
1281 1107 1508 1182 ὕψωμα,
1551 1108 1692 1178 μήτε
1734 1105 1921 1179 βάθος,

293 1202 410 1273 μήτε
440 1199 647 1273 κόσμος
690 1198 861 1268 ἆπας,
908 1199 1047 1271 μήτε
1102 1218 1185 1260 τις
1236 1197 1391 1271 ἑτέρα
1447 1195 1643 1264 κτίσις,
1701 1192 1920 1267 ἐπείπερ

284 1288 370 1342 οὐκ
392 1288 455 1356 ἦν
488 1286 842 1364 ἀντὶῥροπος,
885 1288 951 1355 ἧς
988 1286 1159 1358 μόνης
1193 1285 1313 1354 ἀξία
1345 1285 1410 1357 εἶ,
1458 1283 1664 1353 ταύτης
1713 1280 1780 1351 δὴ
1828 1281 1922 1336 καὶ

279 1379 550 1452 τυγχάνεις
592 1382 692 1445 τῆς
749 1369 1018 1447 ἀμοιϐῆς.
1059 1376 1122 1432 ἸΙ
1177 1371 1234 1429 δὲ
1282 1373 1448 1443 ἐστιν,
1503 1373 1547 1428 ὥ
1595 1374 1697 1441 τῆς
1750 1370 1924 1447 ἀρῥή-

278 1487 371 1521 του
408 1486 500 1520 σου
554 1462 736 1534 δόξης,
796 1463 1093 1531 Πάναγνεί
1164 1462 1248 1518 ὅτι
1324 1460 1469 1517 Ἰδοὺ
1540 1458 1803 1534 συλλήψῃ
1869 1458 1921 1514 ἐν

276 1554 485 1631 γαστρὶ,
559 1554 648 1608 καὶ
719 1553 844 1627 τέξῃ
929 1553 1067 1621 υἱὸν,
1143 1552 1233 1607 καὶ
1308 1550 1557 1613 καλέσεις
1626 1551 1686 1605 τὸ
1746 1549 1923 1622 ὄνομα

504 1645 736 1714 Ἰησοῦν.
815 1643 991 1704 Οὗτος
1083 1638 1229 1697 ἔσται
1329 1638 1522 1717 μέγας,
1619 1640 1708 1694 καὶ
1801 1639 1925 1700 Υἱὸς

1225 1730 1389 1787 δώσει
1485 1733 1632 1803 αύτῷ
1725 1728 1926 1803 Κύριος

272 1827 298 1880 6
338 1825 463 1887 Θεὸς
510 1824 602 1878 τὸν
667 1823 864 1896 θρόνον
931 1817 1096 1876 Δαϐἲδ
1162 1826 1259 1876 τοῦ
1321 1821 1525 1895 πατρὸς
1586 1819 1772 1873 αὐτοῦθ
1833 1817 1921 1871 καὶ

273 1911 711 1990 βασιλεύσειέπῖ
756 1912 849 1966 τὸν
907 1912 1059 1966 οἷκον
1115 1905 1312 1966 Ἰακὼϐ
1373 1908 1451 1971 εἰς
1508 1909 1635 1971 τοὺς
1696 1907 1918 1976 αἰῶνας,

268 2004 500 2072 καὶτῆς
559 1999 839 2077 βασιλείας
898 1999 1067 2054 αύτοῦ
1142 1999 1244 2054 οὐκ
1300 1993 1450 2053 ἔσται
1525 1995 1705 2059 τέλος.
1769 1995 1920 2064 Αὕτη

263 2098 370 2148 τῶν
408 2090 775 2167 φαεινοτάτων
832 2087 1066 2143 ὰγτίνων
1114 2095 1214 2158 τῆς
1269 2094 1368 2157 σῆς
1417 2090 1607 2161 ψυχῆς
1638 2089 1672 2155 ἡ
1707 2082 1924 2140 ἀντίδο-

267 2201 367 2243 σις’
437 2182 572 2251 αὕτη
645 2201 731 2234 σοι
803 2185 906 2248 τῆς
979 2177 1372 2253 ὑπερουρανίου
1436 2177 1527 2232 καὶ
1593 2179 1926 2251 θεοπρεποῦς

270 2265 576 2330 ἀναϐάσεως
650 2270 687 2336 ἡ
763 2267 1073 2344 ἀντίχαρις
1152 2267 1314 2321 τοῦτὸ
1357 2286 1441 2320 σοι
1484 2265 1849 2338 προεικόνιζεν
1889 2267 1923 2334 ἡ

270 2360 320 2414 ἐν
361 2365 479 2421 τοῖς
517 2353 745 2419 ἀϐάτοις
808 2350 1090 2431 διατριϐὴ,
1148 2354 1230 2410 ὅτι
1286 2359 1367 2427 τῷ
1423 2354 1577 2428 μόνῳ
1629 2374 1925 2429 προσεντυ-

277 2454 392 2523 χεῖν
452 2442 640 2519 ἀϐάτῳ
704 2445 795 2499 καὶ
854 2446 1150 2518 ξενοτερπῆ
1205 2445 1446 2520 καθάπερ
1507 2442 1752 2517 λειμῶνα
1825 2444 1924 2512 τήν

274 2539 370 2606 σήν
413 2534 649 2609 ἔμελλες
697 2535 1130 2608 παρασκευάσειν
1192 2531 1426 2608 γαστέρα
1485 2532 1622 2606 πρὸς
1685 2531 1924 2603 οἳκησιν,

268 2626 359 2681 καὶ
418 2624 580 2698 βατὸν
632 2624 728 2696 μὲν
796 2622 1027 2698 οὐρανὸν
1095 2626 1212 2685 τοῖς
1277 2623 1427 2676 κάτω
1482 2623 1923 2694 καινοτομήσειν.

280 2717 366 2775 οἷς
414 2713 473 2767 6‘s
513 2715 588 2785 μὴ
621 2713 835 2788 κλῆρος
890 2713 919 2766 ὁ
978 2716 1136 2787 χοῦς,
1196 2712 1377 2767 καινὸν
1435 2712 1730 2787 περίπατον
1789 2711 1928 2765 ὓπο-

283 2802 543 2876 στρώσειν
574 2804 666 2870 τὴν
706 2805 836 2876 γῆν.
880 2800 1061 2857 Τοῦτό
1103 2821 1186 2855 σοι
1244 2801 1335 2855 καὶ
1392 2804 1427 2870 ἡ
1489 2801 1742 2873 οὐράνιος
1799 2799 1931 2853 ὑπέ-

279 2911 455 2970 γραφε
491 2892 684 2968 τρονξρὴ,
746 2888 822 2944 'iv‘
884 2889 937 2963 ἐξ
1001 2888 1340 2965 ὑψηλοτέρας
1396 2887 1610 2959 διαίτης
1669 2890 1929 2963 παραθεῖ-

266 3004 352 3037 ναι
384 2979 598 3036 δεῖπνον
633 2982 958 3055 εύπορήσῃς
988 2983 1067 3051 τῷ
1097 2980 1424 3054 Ὑπερτάτῳ.

719 1553 844 1627 τέξῃ
929 1553 1067 1621 υἱὸν,
1143 1552 1233 1607 καὶ

815 1643 991 1704 Οὗτος

270 1718 521 1808 νΥψίστου
594 1736 958 1805 κληθήσεται’
1059 1734 1148 1787 καὶ

271 1644 430 1700 αὐτοῦ
504 1645 736 1700 Ἰησοῦν.
815 1643 991 1700 Οὗτος
1083 1638 1229 1697 ἔσται

2030 593 2155 632 rem
2186 577 2235 631 is
2265 578 2657 649 praeterit,qui
2678 581 2878 634 omnia
2898 582 3186 652 conspicit
3212 599 3224 636 :
3258 599 3449 655 neque
3481 584 3677 638 minus

2026 665 2289 736 dignum,
2324 682 2501 736 quam
2534 673 2598 721 ut
2628 668 2752 739 ipse
2785 669 3026 740 ambiat,
3058 671 3334 741 puritatis
3366 678 3480 727 tuae
3521 674 3678 728 nito-

2026 770 2153 807 rem
2186 753 2434 823 judicat.
2504 759 2583 811 Ne
2631 759 2820 811 timeas
2880 774 3035 830 ergo,
3084 775 3113 813 ο
3158 762 3360 827 Maria,
3420 763 3682 817 invenisti

2028 843 2175 898 enim
2205 847 2445 913 gratiam
2478 848 2631 916 apud
2660 848 2848 903 Deum.
2888 850 2966 903 De
3000 849 3177 905 rebus
3228 850 3342 905 tuis
3385 850 3680 921 judicium

2028 932 2183 987 ferre
2218 934 2344 1004 jam
2378 935 2479 989 Dei
2532 935 2632 1000 fit;
2688 942 2746 991 et
2794 936 3277 1008 quandoquidem
3326 938 3500 994 aliam
3547 958 3677 1012 qum

2030 1022 2268 1092 tropmis
2302 1021 2640 1093 splendoris
2673 1025 2755 1078 tui
2788 1030 2923 1095 apte
2954 1026 3362 1096 responderet,
3405 1045 3680 1084 remune-

2031 1111 2323 1166 rationem
2351 1112 2616 1167 invenire
2650 1113 2875 1168 nullam
2905 1115 3117 1185 potuit,
3153 1132 3214 1170 se
3246 1116 3439 1186 ipsum
3484 1119 3685 1172 Domi—

2032 1216 2144 1255 nus
2176 1200 2282 1254 tibi
2316 1202 2627 1272 praamium
2662 1202 2905 1274 praebet.
2938 1205 3139 1275 Neque
3173 1206 3333 1260 enim
3379 1206 3477 1277 qui
3532 1224 3684 1277 prm-

2031 1290 2151 1344 mia
2182 1290 2487 1344 constituit
2520 1292 2886 1361 certaminis,
2931 1293 3232 1366 negligere
3265 1301 3562 1350 certantes
3584 1312 3683 1366 po-

2034 1382 2183 1444 test;
2217 1394 2410 1448 neqne
2441 1379 2686 1449 praemia
2734 1379 2837 1435 ille
2898 1380 3136 1451 diribet,
3192 1399 3324 1453 quas
3378 1383 3682 1438 laboribus

2033 1468 2152 1522 sint
2181 1468 2411 1524 minora
2436 1485 2448 1534 ;
2470 1487 2665 1541 neque
2688 1487 2938 1527 coronas
2958 1474 3162 1540 nectit,
3192 1490 3323 1544 quae
3337 1475 3682 1531 certaminis

2032 1557 2325 1613 rationem
2357 1557 2516 1613 haud
2561 1566 2891 1630 exazquent.
2928 1562 3068 1626 Quis
3098 1579 3233 1618 vero
3286 1580 3481 1634 neque
3532 1582 3680 1636 prm-

2034 1646 2246 1712 sentia,
2279 1662 2473 1717 neque
2506 1647 2726 1714 futura,
2759 1666 2951 1719 neque
2994 1650 3261 1721 altitudo,
3312 1670 3505 1723 neque
3546 1672 3683 1724 pro~

2032 1732 2309 1801 fundum,
2340 1751 2535 1805 neque
2568 1736 2827 1791 mundus
2860 1742 3035 1807 totus,
3063 1756 3255 1810 neque
3279 1741 3396 1796 alia
3415 1749 3687 1798 creatura

2039 1839 2266 1879 merces
2300 1829 2389 1878 est
2438 1824 2554 1879 tuis
2612 1825 2843 1881 meritis
2886 1827 3273 1897 respondens,
3326 1830 3502 1895 hanc,
3553 1848 3683 1901 qua:

2032 1911 2159 1966 sola
2189 1912 2366 1983 digna
2415 1916 2471 1968 te
2525 1917 2634 1977 est,
2682 1916 3228 1971 remunerationem
3285 1919 3534 1974 sortiris.
3586 1922 3685 1973 Est

2034 2006 2232 2056 autem
2264 2003 2319 2073 (ο
2352 2002 2716 2057 ineffabilem
2750 2010 2934 2072 tuam,
2967 2006 3289 2077 purissima
3318 2007 3513 2079 Virgo,
3565 2008 3685 2081 glo-

2034 2091 2209 2163 riam)
2251 2091 2348 2145 illa
2402 2107 2545 2146 vox:
2596 2094 2725 2147 Ecce
2773 2094 3046 2165 concipias
3086 2097 3143 2150 in
3182 2103 3359 2163 utero,
3405 2108 3456 2153 et
3495 2098 3686 2169 paries

2036 2181 2232 2248 ﬁlium,
2266 2187 2315 2233 et
2346 2181 2563 2235 vocabis
2593 2198 2787 2236 nomen
2830 2185 2946 2253 ejus
3003 2186 3205 2240 Jcsum.
3256 2187 3364 2241 Hic
3414 2186 3521 2242 erit
3567 2204 3687 2242 ma-

2035 2282 2193 2336 gnus-
2226 2274 2279 2321 et
2304 2266 2480 2322 Filius
2514 2269 2786 2324 Altissimi
2828 2272 3134 2343 vocabitur,
3188 2280 3240 2328 et
3286 2275 3442 2329 dabit
3491 2277 3542 2330 ei
3590 2277 3690 2329 Do-

2034 2358 2216 2410 minus
2246 2357 2386 2411 Deus
2415 2357 2593 2412 sedem
2618 2359 2797 2413 David
2819 2360 3005 2430 patris
3034 2364 3172 2433 ejus,
3225 2368 3278 2417 et
3322 2365 3577 2433 regnabit
3628 2366 3689 2419 in

2036 2445 2195 2500 domo
2223 2446 2390 2500 Jacob
2420 2448 2479 2500 in
2506 2452 2788 2515 wternum,
2823 2456 2871 2503 et
2902 2451 3061 2519 regni
3084 2452 3199 2522 ejus
3220 2468 3330 2506 non
3350 2455 3453 2508 erit
3473 2456 3598 2524 ﬁnis
3618 2454 3684 2497 "~

2040 2535 2173 2589 Haec
2204 2534 2703 2606 splendidissimis
2734 2537 2947 2592 animm
2981 2545 3094 2593 tum
3140 2540 3323 2596 radiis
3372 2543 3686 2598 retributio

2037 2623 2307 2678 redditur
2336 2640 2348 2689 ;
2378 2624 2504 2679 haec
2536 2624 2641 2678 tibi
2664 2626 2853 2697 gratia
2882 2644 2987 2698 pro
3008 2645 3257 2684 ascensu
3288 2630 3465 2685 cmlos
3489 2648 3690 2703 super-

2039 2711 2365 2783 grediente,
2398 2712 2702 2783 Deumque
2736 2714 2848 2768 sibi
2880 2714 3222 2772 demerente
3245 2719 3689 2789 rependitur.ld

2040 2799 2145 2853 tibi
2196 2800 2589 2870 prmsignabat
2640 2806 2741 2855 tua
2788 2802 2892 2856 illa
2940 2803 3004 2857 in
3052 2805 3234 2859 sacris
3282 2806 3689 2875 penetralibus

2041 2889 2429 2944 commoratio
2461 2889 2557 2959 (4),
2590 2889 2715 2944 fore
2746 2890 2991 2960 scilicet,
3022 2898 3089 2946 ut
3119 2893 3193 2947 ad
3220 2909 3376 2961 eum,
3400 2894 3501 2965 qui
3524 2895 3688 2951 solus

2042 2982 2132 3031 est
2163 2976 2523 3045 inaccessus,
2555 2978 2889 3047 accederes,
2922 2985 3099 3051 atque
3130 2980 3216 3034 illi
3251 2982 3324 3037 ad
3356 2982 3692 3038 inhabitan-

259 3074 422 3143 dam,
456 3090 565 3129 ceu
597 3079 835 3145 pratum
869 3069 1171 3126 insolitam
1200 3070 1481 3126 acdolens
1509 3070 1878 3136 suavitatem,
1912 3068 2112 3123 sinum
2156 3072 2318 3121 tuum
2363 3066 2702 3139 adornares,
2757 3073 2813 3123 et
2866 3085 3013 3125 novo
3062 3077 3336 3142 portento
3388 3073 3688 3128 terrestri-

258 3162 372 3218 bus
403 3162 653 3233 quidem
685 3160 904 3217 coalum
933 3174 1176 3213 accessu
1207 3159 1377 3214 facile
1433 3158 1737 3227 redderes,
1792 3157 1863 3212 iis
1922 3173 2079 3224 vero,
2121 3172 2372 3225 quorum
2423 3172 2550 3211 sors
2592 3155 2934 3212 nullatenus
2995 3164 3265 3215 terrenus
3330 3166 3419 3217 est
3469 3161 3689 3234 pulvis,

259 3268 481 3307 novum
513 3249 935 3305 ambulacrum
968 3253 1185 3303 terram
1232 3248 1662 3303 substerneres.
1714 3247 1776 3301 Id
1830 3246 1936 3301 tibi
1986 3250 2045 3299 et
2094 3245 2349 3299 cuslestis
2400 3244 2497 3299 illa
2545 3244 2916 3301 adumbravit
2966 3247 3269 3320 alimonia,
3319 3256 3383 3304 ut
3429 3268 3460 3305 e
3514 3251 3692 3306 subli.

266 3340 559 3395 mioribus
591 3339 849 3410 dapibus
881 3337 1185 3408 c0piosam
1219 3337 1516 3392 Altissimo
1550 3352 1773 3391 coenam
1811 3351 2017 3407 posses
2048 3350 2369 3405 apponere.

332 3430 428 3483 η’.
490 3427 632 3484 Εἶπε
690 3424 748 3480 δῖε
808 3424 1045 3499 Μαριὰμ
1100 3425 1238 3499 πρὸς

262 3510 410 3570 ἔσται
489 3537 584 3589 μοι
650 3520 842 3584 τοῦτο,
905 3513 1024 3568 ἐπεὶ
1082 3511 1250 3589 ἄνδρα
1309 3514 1369 3568 οὐ
1429 3514 1726 3588 γινώσκω;
1781 3511 1928 3567 Σύλ-

267 3603 441 3678 ληψιν
525 3604 781 3678 μηνύεις,
859 3602 976 3657 οἷὸν
1051 3600 1393 3678 εὐαγγελίζῃ,
1452 3599 1721 3678 Υαϐριήλ·
1764 3606 1930 3659 ταῦτα

269 3691 324 3747 δὲ
354 3694 563 3768 τρόπος
595 3690 742 3748 οἶδεν
775 3691 1094 3764 οἶκονομεῖν
1146 3687 1352 3767 ἔτερος,
1394 3689 1456 3746 οὗ
1510 3693 1725 3753 πάντως
1775 3688 1930 3767 ὂίγευ-

271 3802 394 3843 στος
425 3781 559 3857 ἐγώ.
597 3786 719 3842 Πῶς
756 3780 849 3835 οὖν
881 3776 1033 3835 ἔσται
1069 3801 1168 3852 μοι
1196 3781 1259 3835 τὸ
1311 3780 1400 3834 σὸν
1454 3779 1818 3855 εὐαγγέλιον;
1868 3778 1934 3835 Ei

272 3871 377 3945 γαρ
405 3873 493 3926 καὶ
531 3873 675 3949 μέγα
701 3872 766 3927 τὸ
815 3870 1229 3945 τεχθησόμενον
1278 3870 1369 3924 καὶ
1417 3869 1722 3947 παράδοξον
1778 3867 1932 3944 διαγ-

273 3959 510 4032 γέλλεις,
542 3961 668 4016 ἀλλ’
721 3959 1027 4028 ἀκολουθίᾳ
1092 3963 1290 4038 φυσικῇ
1341 3980 1445 4014 τινι
1506 3963 1673 4032 μικρᾷ
1720 3959 1809 4013 καὶ
1843 3960 1932 4012 ἀν-

275 4057 546 4125 θρωπικῇ,
576 4054 689 4105 τῶν
770 4048 1068 4121 θαυμάτων
1146 4042 1393 4125 ἔγνωμεν
1467 4049 1670 4124 ’ὅσαπερ
1745 4047 1798 4103 ἐν
1860 4050 1932 4124 γῇ

280 4136 354 4198 εἷς
423 4134 579 4216 δεῧρο
647 4134 1179 4213 τερατουργηοέντα,
1239 4138 1716 4211 κεκαινοτόμηται.
1775 4137 1935 4195 Οὕτω

280 4227 369 4281 καὶ
401 4234 657 4298 Μωϋσῆς,
700 4226 975 4291 θαλατταν
1026 4227 1261 4298 τέμνων,
1313 4224 1508 4298 ἐδεήθη
1563 4220 1786 4299 ῥάϐδου·
1846 4226 1937 4280 καὶ

279 4315 470 4381 Ἠλίας
500 4317 688 4373 ἐλαίου
734 4317 825 4371 καὶ
880 4313 1122 4392 βραχέος
1177 4314 1435 4391 ἀλεύρου,
1483 4317 1585 4383 τήν
1635 4317 1939 4389 Σαρεφθίαν

282 4400 514 4461 ἐπιπολῦ
589 4404 921 4484 διατρένρων·
1001 4403 1095 4458 καὶ
1168 4409 1248 4476 τῷ
1324 4400 1529 4475 Τωϐἡτ
1577 4403 1827 4484 Ῥαφαήλ
1870 4402 1939 4459 δι’

282 4487 301 4507 ι
395 4495 409 4511 ι
830 4496 843 4512 ι
955 4493 969 4508 ς
1029 4487 1081 4509 ’β
1330 4491 1354 4510 ᾗ
1393 4493 1406 4509 \
1543 4498 1564 4508 ν
1672 4493 1684 4512 ἳ
1766 4497 1789 4508 υ
1922 4493 1937 4512 \

284 4494 473 4569 ιχθυος
512 4492 729 4566 διέθηκε
783 4516 886 4562 την
944 4490 1263 4566 αναολεψιν·
1327 4510 1416 4547 οια
1469 4513 1569 4547 του
1628 4513 1793 4547 αυτου
1848 4512 1939 4547 και

283 4576 515 4653 δαίμονα
545 4584 820 4655 ἀπήλασε.
864 4582 970 4639 Καὶ
1017 4581 1079 4635 οὐ
1133 4579 1279 4657 λέγω
1342 4577 1562 4657 ῥάϐδον,
1600 4582 1635 4650 ἢ
1680 4582 1861 4656 ἲχοὺν,
1902 4584 1936 4652 ἢ

280 4686 333 4721 τι
371 4676 479 4725 τῶν
537 4672 751 4728 λοιπῶν
814 4671 994 4726 ἐκεῖνα
1051 4667 1341 4745 διενεργεῖν
1393 4671 1459 4724 τὰ
1510 4671 1756 4745 Λαμπρά.
1812 4670 1940 4727 ἀλλ’

1319 3425 1410 3480 τὸν
1470 3423 1728 3501 ἃγγελον·
1799 3427 1924 3483 Πῶς

2108 3424 2273 3477 XVII.
2310 3424 2461 3477 Dixit
2492 3430 2673 3478 autem
2711 3426 2892 3479 Maria
2933 3427 3007 3480 ad
3053 3427 3310 3497 angelum
3348 3445 3361 3483 :
3407 3430 3691 3494 Quomodo

2039 3515 2145 3568 erit
2201 3512 2343 3567 mihi
2392 3512 2560 3579 istud,
2611 3529 2875 3582 quoniam
2928 3517 3107 3570 virum
3155 3533 3264 3571 non
3311 3534 3569 3589 cognosco
3611 3517 3685 3574 7?

2039 3602 2370 3671 Conceptus
2400 3601 2766 3656 mentionem
2797 3603 2962 3671 facis,
3005 3620 3038 3658 ο
3071 3605 3326 3670 Gabriel,
3376 3623 3443 3661 ac
3493 3607 3682 3661 illium

2042 3689 2189 3744 mihi
2219 3689 2537 3743 annuntias
2564 3705 2577 3754 ;
2610 3706 2814 3745 verum
2846 3691 2973 3745 Ῑιωο
3001 3692 3201 3762 aliam,
3234 3694 3319 3747 uti
3346 3699 3527 3765 patet,
3554 3695 3685 3748 vitaa

2044 3778 2358 3842 rationem,
2392 3777 2689 3847 aliamque
2731 3779 3011 3849 subsequi
3071 3781 3265 3836 solent
3303 3782 3696 3854 dispensatio-

2048 3883 2205 3935 nem,
2242 3867 2413 3937 cujus
2444 3880 2549 3935 ego
2580 3867 2756 3935 plane
2785 3883 2914 3921 sum
2935 3869 3154 3923 nescia.
3182 3870 3487 3933 Quomodo
3515 3870 3695 3942 igitur

2049 3959 2350 4031 continget
2381 3956 2441 4012 id
2472 3957 2643 4026 mihi,
2676 3958 2835 4030 quod
2868 3960 3185 4016 denuntias
3206 3961 3234 4016 ‘2
3281 3963 3400 4017 Etsi
3446 3963 3607 4019 enim
3637 3968 3696 4018 et

2049 4064 2330 4121 magnum
2364 4052 2422 4102 et
2443 4046 2793 4104 admirabile
2832 4050 3106 4122 praedicis
3136 4051 3281 4121 fore,
3314 4052 3474 4124 quod
3493 4070 3696 4110 nasce-

2048 4143 2143 4193 tur
2168 4155 2181 4206 ;
2216 4140 2278 4192 at
2306 4141 2574 4207 quoquot
2602 4137 2909 4210 hucusque
2941 4141 3002 4195 in
3035 4146 3192 4196 terra
3221 4142 3579 4199 mirabiliter
3596 4160 3695 4216 pa-

2049 4232 2202 4282 trata
2230 4226 2504 4281 novimus
2536 4226 2841 4297 miracula,
2876 4230 3131 4287 naturali
3162 4232 3440 4302 quadam,
3464 4232 3698 4305 simpli-

2053 4318 2216 4385 ciori,
2249 4318 2629 4387 humanaque
2659 4322 3009 4387 mconomia,
3047 4324 3256 4379 etl‘ecta
3299 4324 3404 4380 illa
3432 4325 3693 4380 fuerunt.

2053 4408 2145 4463 Sic
2186 4413 2244 4462 et
2274 4408 2517 4477 Moyses,
2548 4411 2613 4460 ut
2643 4424 2803 4464 mare
2836 4411 3143 4479 divideret,
3198 4413 3361 4485 virga
3408 4431 3555 4484 opus
3593 4414 3701 4467 ha-

2054 4497 2219 4562 buit;
2256 4502 2312 4551 et
2344 4496 2500 4550 Elius
2532 4496 2685 4565 oleo,
2720 4499 3069 4571 modicaque
3098 4502 3352 4572 indignit
3394 4501 3606 4568 farina,
3638 4505 3704 4554 ut

2052 4584 2455 4657 Sarephthiam
2473 4584 2660 4639 aleret
2679 4588 2955 4658 :Raphael
2973 4606 3209 4659 quoque
3232 4605 3341 4659 ope
3355 4589 3705 4659 illiuspiscis

2055 4676 2246 4730 visum
2274 4673 2468 4727 Tobiae
2499 4674 2782 4743 restituit,
2816 4692 2883 4731 ac
2915 4678 3130 4731 virtute
3162 4677 3348 4748 ipsius
3366 4677 3700 4733 dmmonem

276 4757 364 4813 ’ὁτι
441 4764 566 4824 Θεὸς
637 4758 1105 4837 παραδοξοποιῶν
1185 4756 1439 4829 διετέλει,
1483 4759 1787 4834 χρωμένων
1824 4766 1928 4815 τοῖς

2057 4762 2299 4835 expulit.
2334 4761 2500 4824 Quod
2534 4763 2776 4831 quidem
2808 4781 2928 4821 non
2962 4765 3093 4819 ideo
3125 4765 3398 4835 dixerim,
3422 4768 3591 4839 quasi
3624 4768 3699 4824 ad

275 4847 501 4914 εἰωθόσι
535 4857 643 4907 τῶν
682 4850 1013 4925 ἀνθρώπων.
1075 4852 1161 4910 Ὠς
1214 4842 1363 4903 ἔσται
1424 4849 1520 4921 μὲν
1584 4849 1683 4903 οὖν
1746 4870 1790 4903 τι
1846 4850 1934 4904 καὶ

274 4936 289 4955 τ
341 4943 355 4958 ρ
403 4940 418 4957 ν
507 4943 519 4960 ο
714 4947 741 4958 ο
1050 4935 1068 4967 ι
1287 4942 1315 4954 ~
1539 4938 1628 4968 τ’,ι

270 4957 337 4992 επ
398 4960 544 5014 εμοί,
605 4950 745 4999 Θεου
809 4938 1191 5017 βουλομενου,
1248 4959 1358 4993 των
1411 4939 1765 5013 ἀπορρητων,
1821 4937 1936 4993 δια-

263 5041 480 5089 πιστεῖν
517 5037 615 5092 οὐκ
655 5035 795 5112 ἔχω’
831 5031 1120 5103 σύλληψις
1166 5028 1220 5086 δὲ
1245 5030 1336 5086 καὶ
1379 5032 1517 5101 υἱὸς,
1551 5032 1635 5093 οἷς
1686 5029 1753 5100 δὴ
1799 5053 1938 5087 που.

266 5133 357 5185 θεν
430 5130 719 5205 κέχρησαι,
798 5125 1124 5200 ἀνθρώπεια
1200 5119 1417 5196 ῥήματα
1490 5122 1582 5176 καὶ
1656 5122 1943 5177 κοινωνίαν

341 5250 391 5287 τι
428 5255 553 5312 an.
589 5275 625 5325 ι,
654 5255 853 5311 31—33.
934 5249 983 5287 τ’
1014 5245 1160 5303 ibid.
1194 5249 1281 5305 3t.

2046 4856 2296 4926 virgam,
2330 4849 2421 4903 vel
2469 4850 2714 4920 piscem,
2774 4853 2860 4907 vel
2910 4853 2985 4908 ad
3041 4854 3203 4909 aliud
3263 4856 3558 4929 quispiam
3608 4859 3700 4914 his

2051 4944 2270 5009 simile,
2304 4939 2389 4993 vis
2421 4939 2735 4995 referenda
2794 4942 2870 4996 sit
2917 4949 3190 5013 porlenta
3237 4945 3341 5001 illa
3386 4947 3702 5019 splendida

2051 5031 2335 5108 operandi
2364 5050 2377 5100 ;
2412 5026 2516 5084 sed
2547 5029 2686 5097 quia
2716 5031 2869 5085 Deus
2894 5033 3158 5105 prodigia
3179 5036 3700 5106 operabatur,dum

2053 5132 2256 5181 tamen
2286 5122 2560 5177 homines
2591 5120 2889 5174 consuetis
2937 5122 3315 5178 adminiculis
3365 5129 3690 5180 uterentur.

1632 5350 1775 5409 Ant.
1824 5347 2115 5409 Ballerini
2163 5354 2348 5408 notae.

336 5490 423 5567 (4)
456 5496 581 5551 Haec
614 5500 673 5551 et
699 5509 839 5567 quin
870 5486 1052 5567 dein“
1072 5482 1528 5567 sequunturma'd
1553 5498 1622 5567 ea
1651 5487 1942 5567 spectant,

252 5554 349 5616 uti
378 5554 563 5637 patet,
595 5554 735 5640 qua;
761 5566 830 5620 in
865 5560 965 5617 SS.
1009 5558 1253 5612 Patrum
1275 5554 1540 5610 hemiliis
1564 5554 1635 5609 de
1659 5554 1943 5643 mysterio

2056 5483 2311 5553 Virginis
2340 5482 2400 5537 in
2433 5480 3037 5553 templumgadductse,
3072 5485 3130 5536 et
3162 5481 3275 5535 Deo
3298 5497 3332 5535 a
3352 5476 3695 5552 parentibus

2055 5552 2269 5609 oblatas
2300 5552 2699 5609 communiter
2726 5552 2998 5623 legimus.
