4104 6300
456 413 532 473 99
1601 395 1894 468 lSIDORl
1938 396 2710 468 THESSALONICENSIS

3707 409 3806 474 100

456 547 653 616 itaque
680 561 801 600 non
842 534 1047 598 dubito
1101 541 1360 612 quidem,
1411 540 1473 594 in
1521 556 1615 593 me
1665 556 1922 610 quoque,
1982 531 2059 594 De

2221 531 2238 551 4
2283 533 2304 553 κ
2351 537 2364 554 ι
2471 534 2486 553 ἡ
2542 537 2562 556 θ
2621 539 2633 558 ρ
3104 545 3127 555 υ
3247 544 3270 554 -σ
3478 539 3500 554 δ’

2213 557 2404 612 ανορος
2434 559 2495 592 το
2539 537 2839 602 ακολουθον
2879 537 3144 610 ἐπιζητει.
3190 543 3310 602 Dte:
3353 542 3437 596 οὗν
3476 553 3606 597 ecta.
3646 543 3724 616 μοὶ
3751 545 3805 598 τὸ

451 635 706 698 volente,
735 631 1036 687 ineffabile
1094 617 1329 700 aliquod
1389 627 1714 700 perfectum
1766 628 1836 682 iri
1888 635 2100 699 myste-

452 725 655 790 rium;
691 739 893 778 verum
945 720 1250 791 conceptio
1301 723 1358 774 et
1417 715 1570 772 lilius
1615 715 1832 788 quibus
1893 718 2097 789 utique

2214 629 2458 700 μήνυμα,
2540 629 2614 699 μή
2697 627 2865 699 μέσου
2941 627 3393 708 παραληφθέντος
3477 630 3685 704 ἐκείνου,
3753 632 3804 686 σύ

2210 738 2306 790 μοι
2341 713 2616 787 δήλωσον,
2651 718 2915 794 ἆγνοούσῃ
2945 719 3035 773 τὸν
3067 719 3294 794 τρόπον.

448 817 686 872 vocibus
718 815 842 886 ipse
875 829 1018 868 usus
1068 828 1148 876 es,
1201 809 1460 864 humana
1509 813 1648 862 sunt
1695 824 1894 879 opera,
1956 811 2014 862 et
2065 807 2170 861 viri
2215 809 2638 864 commercium
2699 815 3131 883 consequenter
3183 812 3436 884 exigunt.
3489 815 3606 877 Qua
3653 812 3807 884 igitur

447 910 699 976 ratione,
731 905 892 961 hisce
921 899 1132 958 mediis
1163 916 1283 955 non
1314 893 1614 964 adhibitis,
1648 897 1710 951 in
1742 913 1833 952 me
1863 899 2061 952 futura
2091 897 2229 964 sint,
2264 915 2393 968 quae
2425 896 2593 967 dicis,
2625 897 2748 970 ipse
2782 899 2948 966 mihi,
2982 917 3112 970 qua:
3156 900 3332 972 plane
3373 901 3428 955 id
3480 919 3596 956 non
3638 901 3802 970 video,

447 998 540 1054 fac
572 997 882 1052 edisseras.

521 1087 718 1141 XVIII.
759 1087 828 1140 Et
869 1083 1198 1153 respondens
1243 1074 1469 1147 angelus
1518 1077 1663 1131 dicit
1707 1077 1798 1130 ei:
1851 1075 2090 1146 Spiritus

443 1183 662 1232 sanctus
691 1176 1030 1245 superveniet
1064 1171 1120 1225 in
1156 1177 1225 1237 te,
1259 1175 1310 1223 et
1358 1171 1532 1221 virtus
1585 1165 1860 1221 Altissimi
1906 1166 2088 1219 obum-

448 1267 626 1320 brabit
658 1265 760 1319 tibi
784 1282 796 1330 ;
823 1263 1052 1332 ideoque
1083 1267 1133 1314 et
1167 1259 1316 1329 quod
1345 1263 1599 1313 nascetur
1641 1273 1708 1308 ac
1739 1262 1788 1309 te
1817 1261 2083 1320 sanctum,

438 1355 727 1410 vocabitur
758 1353 932 1407 Filius
963 1351 1062 1404 Dei
1091 1347 1159 1404 ⁷⁴.
1188 1348 1491 1418 Congrum,
1527 1345 1741 1416 inquit,
1770 1361 1946 1399 voces
1979 1339 2080 1398 de-

437 1448 599 1510 sunt,
632 1441 847 1512 quibus
880 1438 1230 1509 mysterlum
1272 1435 1604 1506 explicem;
1660 1437 1719 1488 et
1766 1439 2082 1505 propterea

437 1533 529 1586 vel
561 1532 622 1586 in
651 1532 746 1596 iis,
781 1547 910 1600 quae
943 1527 1344 1583 conditionem
1380 1522 1701 1579 humanam
1761 1521 2074 1588 excedunt,

435 1639 608 1678 voces
622 1639 694 1676 ex
713 1619 989 1674 humanis
1012 1617 1353 1688 desumptas
1374 1611 1903 1686 usurpo.Alioquin
1918 1611 2075 1666 haud

435 1713 826 1784 incongruum
860 1715 969 1774 est,
1002 1713 1066 1762 ut
1097 1722 1264 1762 voces
1299 1695 1591 1777 ejusmodi
1625 1703 1695 1757 de
1757 1699 1856 1756 illo
1903 1717 2074 1756 usur-

431 1808 668 1875 pentur,
693 1801 790 1871 qui
817 1817 934 1870 pra;
959 1796 1244 1852 ineffabili
1270 1812 1376 1850 sua
1398 1795 1458 1848 in
1483 1792 1758 1848 homines
1783 1791 2070 1847 charitate

426 1893 603 1948 homo
637 1897 694 1947 et
723 1889 1009 1962 appellari
1041 1895 1098 1944 et
1131 1886 1258 1942 ﬁeri
1292 1884 1564 1956 dignatus
1591 1889 1698 1939 est.

499 1984 646 2037 Vere
669 1981 848 2054 igitur
867 1978 1190 2048 concipies,
1223 1980 1276 2030 et
1304 1976 1386 2045 (in
1415 1991 1529 2046 quo
1562 1989 1825 2045 praesens
1856 1977 2073 2043 myste-

427 2073 584 2127 rium
605 2071 845 2140 residet)
877 2084 1010 2124 vere
1043 2067 1147 2121 tibi
1182 2065 1340 2120 lilius
1372 2065 1502 2119 erit.
1531 2063 1733 2117 Modus
1755 2066 1974 2127 autem,
1998 2061 2071 2116 de

431 2177 547 2230 quo
570 2159 808 2228 quan-is,
837 2158 934 2212 hic
957 2162 1045 2211 est
1070 2173 1082 2212 :
1107 2158 1350 2226 Spiritus
1387 2157 1601 2209 sanctus
1645 2153 1986 2222 superveniet
2013 2153 2071 2204 in

429 2255 516 2315 te;
571 2249 799 2318 ideoque
844 2253 896 2301 et
941 2247 1087 2317 quod
1127 2252 1378 2301 nascetur
1431 2249 1702 2306 sanctum,
1747 2240 1854 2295 etsi
1914 2239 2070 2294 ﬁlius

425 2343 582 2405 tuus,
616 2343 819 2392 tamen
838 2337 1016 2392 etiam
1037 2337 1135 2392 Dei
1163 2337 1338 2390 Filius
1365 2333 1675 2387 vocabitur.
1699 2331 1850 2384 Audi
1871 2329 2066 2400 igitur,

420 2429 543 2498 ﬁlia
571 2427 734 2498 (nam
770 2432 826 2482 te
875 2442 1108 2480 mecum
1159 2428 1218 2478 et
1263 2423 1551 2495 propheta
1598 2425 1800 2476 exorat
1828 2417 1896 2486 75,
1939 2419 2066 2490 jam

423 2517 565 2571 olim
597 2517 776 2571 dubio
809 2513 1014 2587 procul
1044 2516 1154 2570 hoc
1197 2514 1458 2580 edoctus,
1513 2509 1670 2582 quod
1717 2526 1877 2564 nunc
1907 2524 1940 2563 a
1970 2525 2064 2562 me

423 2606 494 2661 de
518 2608 626 2662 hoc
649 2607 930 2678 mysterio
953 2603 1231 2676 scitaris),
1263 2610 1314 2658 et
1346 2602 1555 2658 inclina
1585 2617 1775 2655 aurem
1807 2607 1979 2664 tuam,
2013 2605 2064 2652 et

420 2696 736 2752 obliviscere
766 2697 1028 2752 humana
1055 2693 1510 2751 ratiocinatione
1543 2707 1611 2747 ea
1671 2688 2060 2762 perpendere,

423 2803 554 2856 qua:
574 2787 902 2842 humanum
923 2785 1190 2841 ordinem
1217 2781 1869 2855 prmtergrediuntur,et
1883 2775 2062 2832 simul

414 2876 758 2933 obliviscere
771 2892 1140 2947 quaecunque
1163 2873 1238 2929 ad
1255 2879 1565 2945 paternam
1591 2876 1748 2926 tuam
1774 2875 1831 2924 et
1851 2885 2061 2941 cogna-

411 2969 532 3022 tam
562 2967 670 3022 tibi
702 2967 944 3022 domum
969 2966 1290 3038 pertinent,
1323 2965 1458 3034 quia
1488 2962 1802 3030 concupivit
1831 2977 1930 3014 rea:
1960 2959 2058 3013 dc-

411 3072 587 3111 corem
618 3063 794 3122 tuum,
855 3062 913 3110 et
964 3060 1206 3126 propter
1255 3059 1310 3108 te
1363 3068 1548 3123 genus
1603 3052 1930 3105 humanum
1981 3049 2054 3103 ab

411 3143 622 3199 acerba
652 3145 951 3199 sententia
981 3144 1120 3197 olim
1148 3141 1380 3213 prolata
1409 3140 1622 3194 liberat
1650 3140 1750 3208 (5),
1778 3143 1836 3192 et
1856 3154 2055 3208 super-

409 3232 770 3290 naturalium
801 3232 1124 3303 gratiarum
1157 3230 1445 3301 fulgorem
1477 3245 1583 3299 per
1612 3242 1819 3281 omnes
1840 3225 2048 3280 mundi

2183 3227 2420 3302 τυγγενής
2493 3247 2610 3298 σου,
2686 3227 2776 3281 καὶ

2159 3317 2317 3391 γήρει
2391 3313 2578 3385 αὐτῆςο
2655 3317 2746 3370 καὶ

2160 3409 2228 3478 τῇ
2285 3403 2598 3478 καλουμένῃ
2660 3403 2862 3478 στείρᾳο

2156 3497 2235 3562 τῷ
2279 3497 2394 3564 Θεῷ
2447 3499 2552 3547 πᾶν
2611 3492 2782 3570 ῥῆμα.
2847 3495 2936 3562 Μὴ
2996 3495 3202 3565 τοίνυν,
3257 3493 3576 3570 ἐπιδημίαν
3635 3497 3691 3553 ἐν
3751 3503 3845 3556 σοὶ

2159 3585 2292 3636 Θεοῦ
2323 3582 2631 3654 πυθομένη,
2662 3581 2725 3636 τὸ
2761 3587 2876 3646 πῶς
2907 3579 3172 3653 ἐπιζήτει.

410 3323 558 3377 fines
608 3322 896 3376 hodierna
949 3321 1044 3374 die
1083 3319 1380 3374 diffundit.
1432 3320 1499 3372 Et
1555 3333 1690 3382 ecce,
1737 3315 1896 3386 quod
1947 3315 2050 3370 tibi

406 3417 755 3484 argumento
787 3411 864 3465 sit
894 3427 1030 3466 vera
1059 3425 1188 3465 esse
1219 3426 1350 3480 quin
1382 3408 1614 3480 loquor,
1649 3407 1829 3462 etiam
1859 3407 2049 3461 Eliso-

410 3501 531 3555 beth
562 3507 799 3570 cognata
830 3508 927 3555 tua
955 3508 1006 3555 et
1037 3503 1156 3570 ipsa
1186 3497 1433 3568 concepit
1460 3499 1636 3567 ﬁlium
1687 3499 1742 3550 in
1781 3501 2053 3552 senectute

404 3605 542 3658 sua;
575 3596 627 3646 et
665 3591 756 3646 hic
788 3593 980 3646 mensis
1007 3596 1190 3645 sextus
1217 3594 1292 3644 est
1322 3588 1429 3654 illi,
1463 3601 1592 3658 qum
1632 3591 1857 3642 vocatur
1896 3587 2052 3640 steri-

2162 3136 2342 3200 πίστις
2385 3158 2468 3192 σοι
2506 3143 2612 3193 τῶν
2674 3137 2818 3211 ἐμῶν
2879 3137 3161 3216 ῥημάτων,
3237 3141 3326 3194 καὶ

2277 1075 2364 1132 IH‘
2456 1081 2493 1129 Κ
2539 1075 2552 1114 ξ
2633 1076 2696 1108 ς.-
2733 1098 2743 1108 .
2773 1097 2794 1110 ⁸
2864 1075 2903 1106 με
3014 1077 3030 1094 ο
3127 1075 3154 1093 ν
3478 1077 3500 1097 ν
3543 1099 3558 1108 _
3707 1079 3719 1097 ν
3763 1079 3808 1107 υ,

2373 1118 2385 1131 .
2502 1097 2554 1130 α.
2622 1084 2938 1152 αιιοκριθεις
3007 1095 3034 1130 ο
3120 1077 3370 1154 αγγελος,
3452 1099 3589 1133 ειπεν
3665 1099 3789 1150 αυτῃ

2203 1159 2423 1236 Πνεῦμα
2484 1164 2638 1238 ἅγιον
2702 1163 3044 1220 ἐπελεύσεται
3114 1165 3199 1220 ἐπὶ
3281 1168 3358 1240 σὲ,
3443 1167 3523 1222 καὶ
3607 1164 3812 1238 δύναμις

2198 1252 2452 1326 Ὑψίστου
2511 1250 2809 1310 ἐπισκιάσει
2877 1275 2981 1310 σοι’
3046 1253 3130 1310 8ιὸ
3206 1255 3295 1311 καὶ
3371 1257 3430 1312 τὸ
3501 1256 3811 1334 γεννώμενον

2199 1341 2378 1414 ἅγιον,
2411 1343 2748 1414 κληθήσεται
2781 1344 2909 1409 Υἱὸς
2949 1349 3102 1404 Θεοῦ.
3135 1347 3251 1402 Οὐκ
3313 1343 3450 1421 ἔχω,
3500 1345 3650 1421 campi,
3699 1365 3813 1399 κατ-

2194 1427 2480 1502 αλλήλους
2515 1430 2697 1488 δοῦναι
2726 1433 2805 1506 τῷ
2842 1435 3128 1507 μυστηρίῳ
3171 1433 3371 1512 φωνάς’
3411 1436 3501 1490 καὶ
3543 1433 3627 1490 διὰ
3670 1437 3812 1488 τοῦτο

2191 1527 2308 1576 τοῖς
2339 1521 2388 1596 ἐξ
2441 1523 2737 1598 ἀνθρώπιον
2783 1527 2837 1579 ἓν
2895 1531 3012 1588 τοῖς
3067 1526 3198 1600 ὑπὲρ
3246 1523 3524 1602 ἃνθρωπον
3585 1528 3810 1602 χρῶμαι’

2187 1609 2414 1674 ’Ἄλλως
2443 1633 2502 1666 τε
2545 1613 2634 1667 καὶ
2690 1613 2912 1676 ἀπεικὸς
2954 1612 3108 1668 οὐδὲν
3162 1620 3272 1669 τῶν
3327 1616 3589 1671 τοιούτων
3641 1634 3816 1668 κοινω-

2187 1706 2295 1756 νεῖν
2350 1700 2654 1776 ὀνομάτων,
2717 1702 2778 1765 ὅς
2839 1703 2968 1776 ὑπὲρ
3054 1703 3327 1781 ἀφράστου
3426 1703 3813 1784 φιλανθρωπίας

2187 1785 2474 1865 ἅνθρωπος
2549 1791 2638 1846 καὶ
2714 1790 2988 1862 κληθῆναι
3062 1793 3388 1866 κατηξίωσε,
3431 1793 3520 1850 καὶ
3560 1791 3817 1870 γὲνὲσθκι.

2257 1977 2546 2052 Σύλληψις
2580 1979 2672 2032 οὖν
2708 1975 2776 2033 ἀλ
2791 1980 2943 2050 ηθῆς,
2977 1979 3065 2034 καὶ
3099 1981 3188 2042 σός
3220 1979 3360 2036 ἐστιν
3420 1983 3539 2044 υἱὸς
3589 1980 3820 2051 ἀληθῶς,

2180 2067 2244 2122 τὸ
2283 2069 2454 2142 παρὸν
2521 2071 2842 2142 μυστήριον.
2901 2070 2958 2122 ⁴Ὀ
3124 2070 3350 2144 τρόπος,
3422 2075 3640 2146 Πνεῦμα
3685 2067 3822 2146 ἅγιον

2181 2155 2522 2212 ἐπελεύσεται
2583 2157 2672 2212 ἐπὶ
2730 2159 2806 2223 σέ,
2877 2155 2960 2212 διὸ
3007 2157 3204 2214 καὶτὸ
3258 2161 3600 2236 γεννώμενον
3661 2159 3827 2235 ἅγιον,

2181 2245 2347 2300 εἶκαὶ
2386 2245 2500 2314 σὸς,
2552 2247 2666 2308 υἱὸς
2741 2244 2886 2302 ἀλλὰ
2923 2247 3010 2302 καὶ
3089 2249 3210 2311 Υἱὸς
3252 2254 3390 2304 Θεοῦ
3476 2248 3824 2320 κληθήσεται.

2178 2337 2445 2390 λΑκουσον
2519 2333 2719 2401 τοίνυν,
2797 2335 3045 2410 θύγατερ,
3125 2337 3240 2409 μετ’
3317 2333 3461 2408 ἐμοῦ
3509 2337 3568 2392 σὶ
3640 2335 3727 2390 καὶ
3798 2334 3824 2387 ὁ

2177 2424 2466 2498 προφήτης
2542 2421 2703 2494 ἀξιοῖ,
2778 2425 2877 2492 τήν
2951 2425 3048 2491 σὴν
3122 2424 3256 2496 πρὸς
3296 2423 3398 2497 ἐμὲ
3455 2425 3583 2498 περὶ
3642 2424 3828 2482 τούτου

2183 2513 2409 2580 ζήτησιν
2450 2512 2666 2574 πάντως
2742 2513 3106 2587 προμύηθεὶς,
3181 2513 3267 2567 καὶ
3346 2513 3546 2570 κλῖνον
3625 2515 3688 2568 τὸ
3738 2511 3824 2570 οἷς

2179 2621 2295 2668 σου,
2371 2602 2462 2656 καὶ
2537 2599 2798 2657 ἐπιλάθου
2875 2600 2971 2656 τοῦ
3045 2603 3162 2657 κατ’
3234 2601 3524 2678 ἂνθρωπον
3597 2603 3665 2658 τὰ
3707 2601 3831 2675 ὑπὲρ

2175 2687 2458 2765 ἄνθρωπον
2537 2689 2975 2767 συλλογίζεσθαι,
3051 2691 3142 2746 καὶ
3219 2690 3318 2746 ὅσα
3395 2701 3501 2763 τῆς
3561 2694 3832 2770 πατρικῆς

2170 2777 2284 2834 ἐστι
2360 2787 2458 2848 σῆς
2534 2779 2624 2834 καί
2699 2782 2984 2858 συγγενοῦς
3061 2781 3258 2850 οἰκίας,
3337 2783 3426 2838 ὅτι
3482 2785 3511 2838 ὁ
3573 2779 3830 2858 βασιλεὺς

2167 2873 2264 2924 τοῦ
2315 2874 2410 2923 σοῦ
2469 2867 2712 2932 κάλλους
2771 2869 3102 2942 ἐπεθύμησε,
3165 2872 3252 2925 καὶ
3317 2868 3409 2926 διὰ
3462 2873 3523 2927 σὲ
3572 2873 3636 2928 τὸ
3684 2869 3836 2948 γένος

2166 2967 2266 3030 τῆς
2299 2962 2421 3035 πρὶν
2457 2958 2721 3032 ὀδυνηρᾶς
2773 2956 2889 3016 λύει
2940 2963 3146 3039 ψήφου,
3211 2960 3301 3015 καὶ
3361 2963 3670 3042 ὑπερφυεῖς
3727 2963 3824 3030 σνῖ·

2167 3069 2330 3124 μερον
2407 3049 2707 3122 ἐπιλάμπει
2783 3055 2900 3110 τοῖς
2975 3049 3164 3124 πέρασι
3207 3051 3470 3128 χάριτας,
3553 3049 3696 3108 Ἰδοὺ
3746 3047 3826 3120 8t,

3417 3138 3722 3199 Ἐλισάϐετ
3796 3141 3830 3207 ἡ

2871 3228 3008 3296 αὐτή
3107 3227 3472 3308 συνειληφνῖα
3563 3231 3681 3285 υἱὸν
3781 3227 3830 3282 ἐν

2823 3317 2982 3379 οὗτος
3049 3318 3158 3390 μὴν
3226 3311 3381 3382 ἕκτος
3457 3319 3614 3376 ἐστὶν
3695 3319 3833 3392 αὐτῇ

2943 3404 3028 3460 ὅτι
3104 3406 3202 3461 οὐκ
3285 3405 3630 3481 ἀδυνατήσει
3689 3405 3836 3482 παρᾶ

407 3679 496 3747 tis,
523 3683 657 3750 quia
685 3697 797 3736 non
827 3683 932 3736 erit
962 3679 1298 3750 impossibile
1328 3677 1479 3748 apud
1508 3679 1676 3731 Deum
1707 3691 1862 3731 omne
1890 3675 2110 3730 verbum
2143 3671 2207 3727 ⁷⁵.
2269 3674 2350 3728 Ne
2399 3673 2595 3745 igitur,
2645 3672 2743 3727 Dei
2787 3673 3034 3728 audiens
3083 3674 3144 3730 in
3195 3681 3250 3732 te
3300 3677 3671 3750 adventum,
3719 3693 3850 3736 mo-

405 3767 548 3823 dum
580 3770 876 3840 exquiras.

473 3867 616 3922 XlX.
653 3868 810 3922 Dixit
867 3875 1051 3925 autem
1097 3869 1320 3923 Maria:
1366 3868 1503 3921 Ecce
1553 3863 1761 3920 ancilla
1809 3861 2053 3929 Domini,

404 3962 500 4029 ﬁat
528 3959 668 4013 mihi
685 3961 978 4015 secundum
1004 3960 1224 4015 verbum
1257 3966 1409 4014 tuum
1431 3955 1493 4014 7".
1520 3958 1674 4027 Euge
1707 3953 2054 4025 prmclaram

403 4049 856 4118 responsionem
883 4050 894 4103 !
929 4051 1083 4119 Euge
1115 4048 1556 4119 prmclariorem
1609 4045 2049 4114 cogitationem,

405 4153 538 4206 qua)
571 4137 644 4192 ad
675 4137 958 4192 miracula
989 4137 1219 4192 edenda
1253 4136 1378 4205 jam
1429 4134 1830 4206 prmordinata
1879 4137 2054 4187 antea

401 4223 638 4278 fuerat!
671 4225 894 4292 Qualis,
931 4226 1142 4296 inquit,
1193 4226 1391 4280 futura
1439 4230 1598 4280 esset
1642 4220 2051 4293 conceptionis

408 4312 582 4383 ratio,
616 4313 980 4382 sciscitabar,
1013 4331 1147 4369 cum
1177 4316 1286 4369 hoc
1319 4316 1534 4386 ipsum,
1577 4313 1886 4384 conceptio
1935 4311 2048 4365 sci-

409 4402 567 4468 licet,
600 4404 842 4460 auribus
869 4405 1017 4461 meis
1038 4405 1360 4459 insonaret.
1387 4405 1532 4458 Cum
1559 4420 1692 4458 vero
1713 4402 1783 4456 de
1799 4401 2051 4473 Spiritus

407 4493 596 4549 sancti
629 4493 884 4550 adventu
913 4493 1260 4562 audiverim,
1313 4492 1465 4546 nihil
1515 4490 1770 4560 amplius
1820 4489 2046 4544 dubito.

405 4583 842 4655 Obsequentem
867 4587 996 4657 jam
1025 4583 1207 4639 habes
1233 4600 1247 4649 ;
1283 4600 1315 4637 a
1347 4581 1562 4636 tenella
1592 4579 1751 4634 enim
1791 4583 1962 4634 aetate
1989 4579 2050 4633 in

405 4672 589 4728 Deum
637 4674 984 4730 ferebantur
1027 4672 1322 4729 desideria
1371 4686 1522 4738 mea,
1573 4686 1640 4724 ac
1690 4667 1841 4723 nihil
1888 4667 2052 4722 aliud

402 4767 619 4830 praeter
648 4765 834 4820 Deum
877 4765 1079 4820 animo
1129 4780 1262 4818 meo
1309 4759 1778 4824 observabatur;
1828 4758 2050 4830 Deique

400 4849 689 4907 voluntati
710 4853 1004 4910 deservire
1015 4853 1246 4926 jamdiu
1269 4857 1432 4908 certa
1453 4849 1879 4906 deliberatione
1901 4866 2052 4920 prm-

402 4939 736 4997 stitueram.
769 4943 1074 5013 Tanquam
1107 4943 1286 5016 igitur
1343 4940 1577 4998 Domini
1624 4938 1862 5008 ancilla,
1915 4954 2051 4994 ecce

2237 3859 2337 3914 16"
2407 3859 2545 3913 Εἶπε
2603 3856 2659 3913 δέ
2728 3861 2976 3934 Μαριάμ·
3049 3857 3190 3918 Ἰδοὺ
3249 3864 3283 3932 ἡ
3345 3860 3540 3939 δούλη
3607 3865 3850 3942 Κυρίου,

2163 3945 2377 4022 γένοιτό
2414 3968 2506 4019 μοι
2537 3949 2674 4002 κατᾶ
2702 3948 2763 4002 τὸ
2797 3947 2950 4022 ῥῆμά
2982 3971 3098 4007 σου.
3131 3949 3265 4026 Εὖγε
3302 3959 3408 4022 τῆς
3463 3957 3852 4033 ἀποκρίσεως,

2165 4036 2423 4110 ὑπέρευ-[ε
2454 4043 2552 4105 τῆς
2585 4031 2844 4107 διανοίας,
2885 4040 2919 4107 ἢ
2952 4037 3020 4093 ei
3045 4039 3328 4112 θαυμαστᾶ
3370 4031 3857 4122 προηυτρέπιστο

2159 4125 2395 4180 τίκτεινὲ
2432 4127 2552 4184 Πῶς
2585 4121 2752 4195 ἔσται,
2785 4127 2973 4197 φησὶν,
3015 4127 3043 4181 ὁ
3074 4127 3275 4203 τρόπος
3323 4136 3433 4199 τῆς
3494 4135 3855 4209 συΑλήψεως

2163 4213 2414 4286 ἐζήτουν,
2467 4217 2629 4268 τοῦτο
2684 4212 2836 4281 αὐτὸ,
2893 4213 3192 4290 σύλληψιν,
3243 4215 3651 4295 ἐνηχονμένη⁸
3696 4222 3860 4281 Ἐπεὶ

2163 4301 2220 4358 δὲ
2253 4302 2566 4376 ΙΙνεύματος
2642 4303 2801 4378 ἁγίου
2878 4303 3159 4359 ἐπέλευσιν
3201 4306 3441 4379 ἀκήκοα,
3491 4313 3610 4367 οὐκ
3653 4313 3866 4386 ἀμφι--

2163 4388 2381 4459 ϐάλλω,
2455 4392 2787 4465 Ιιειθομένην
2839 4387 3009 4468 ἔχεις,
3061 4393 3119 4448 ἐκ
3171 4395 3290 4449 νέου
3339 4399 3483 4454 Θεὸν
3539 4404 3864 4472 ποθοῦσαν,

2160 4482 2248 4538 καὶ
2281 4486 2412 4536 Θεοῦ
2444 4479 2591 4551 πλὴν
2652 4479 2792 4536 ἄλλο
2847 4481 3248 4559 φανταζομένην
3301 4483 3517 4557 μηδέν’
3575 4494 3679 4548 καὶ
3736 4491 3869 4546 δου-

2163 4569 2374 4626 λεύσειν
2433 4573 2565 4624 Θεοῦ
2629 4568 2944 4643 βουλήματι
3001 4569 3174 4626 πάλαι
3253 4572 3704 4651 προελομένην.
3770 4583 3870 4642 Ὦς

2163 4659 2334 4732 δούλη
2365 4660 2540 4717 τοίνυν
2591 4660 2817 4735 Κυρίου,
2869 4658 2990 4716 ἰδοὺ
3043 4662 3340 4737 προθύμως
3393 4665 3742 4726 ὑποπίπτει)
3793 4675 3878 4742 τῷ

2163 4751 2454 4826 ἀσπασμῷ·
2511 4749 2724 4826 γένοιτό
2783 4771 2876 4824 μοι
2940 4750 3133 4806 λοιπὸν
3191 4751 3254 4806 τὸ
3313 4753 3403 4810 σὸν
3480 4759 3872 4836 εὐαγγέλιον,

2162 4839 2380 4917 ἄγγελε⁸
2423 4838 2729 4898 Ἀδυνατεῖν
2779 4841 2881 4916 γὰρ
2929 4841 3074 4915 παρὰ
3130 4846 3208 4913 τῷ
3262 4846 3378 4916 Θεῷ
3439 4847 3674 4922 μηδὲν,
3724 4873 3879 4926 συμ-

2164 4929 2469 5008 φθέγγομαι
2499 4929 2588 4984 καὶ
2628 4928 2786 5000 αὐτή.

404 5028 822 5084 salutationem
851 5036 1123 5103 prompto
1174 5032 1373 5088 animo
1423 5029 1785 5102 amplector:
1835 5027 1940 5082 fiat
1989 5027 2113 5097 jam
2159 5023 2328 5090 mihi,
2361 5040 2394 5078 ο
2425 5021 2655 5093 angele,
2701 5021 2859 5092 quod
2910 5021 3218 5079 nuntiasti.
3273 5024 3439 5080 Nihil
3500 5032 3697 5090 enim
3747 5031 3884 5090 Deo

400 5117 768 5189 impossibile
799 5135 929 5175 esse
961 5123 1018 5174 et
1045 5120 1172 5191 ipsa
1201 5127 1396 5176 tecum
1425 5119 1750 5192 proclamo,

473 5217 519 5252 7‘
547 5217 682 5273 Luc.
715 5233 756 5286 ῐ,
789 5219 878 5275 35.
911 5217 1104 5272 Codex
1127 5219 1348 5273 omittit
1377 5236 1546 5274 voces
1578 5217 1636 5272 ἐκ
1663 5219 1780 5272 σοῦ.

1858 5215 1905 5250 ⁷⁵
1935 5213 2090 5270 Psal.
2115 5213 2266 5267 πρὶν.
2303 5213 2388 5275 tl,
2425 5211 2511 5264 l2.

2589 5207 2634 5244 ⁷⁸
2665 5209 2801 5268 Luc.
2835 5227 2874 5280 1,
2908 5212 2996 5280 36,
3031 5213 3118 5269 37,
3195 5209 3240 5247 ⁷⁷
3270 5212 3416 5270 ibid.
3456 5217 3569 5274 38-

1736 5321 1884 5378 Ant.
1931 5312 2225 5376 liallerini
2268 5315 2456 5370 nota}.

475 5425 550 5496 (ὅ)
581 5426 727 5480 Ecce
760 5425 864 5479 tibi
899 5424 1216 5489 sententia,
1248 5423 1558 5478 tritissima
1589 5425 1686 5480 illa
1717 5424 1957 5496 quidem
1986 5422 2051 5496 in

403 5493 821 5552 ecclesiastica)
849 5497 1186 5552 traditionis
1218 5496 1643 5559 monumentis,
1679 5493 1943 5550 at‘simul
1969 5493 2052 5547 di-

401 5568 729 5624 sertissime
764 5586 796 5624 a
825 5573 1028 5623 reatus
1060 5567 1120 5622 in
1150 5584 1335 5640 genus
1363 5568 1692 5622 humanum
1745 5564 2052 5640 propagati

397 5641 814 5721 communione
845 5640 1142 5721 Virginem
1159 5638 1404 5721 beatam
1425 5639 1864 5721 oximens._Non
1889 5638 2050 5721 enim

395 5710 623 5783 patitur
651 5713 738 5768 rei
765 5709 998 5784 natura,
1030 5718 1096 5768 ut
1133 5713 1315 5769 veteri
1373 5716 1540 5769 reatu
1594 5709 1946 5768 sordescens
1994 5711 2053 5762 et

2162 5415 2558 5491 exsecratiopi
2583 5415 2849 5491 _obr_1_oxia
2879 5435 3013 5473 cum
3045 5418 3294 5488 reliquis
3325 5421 3429 5491 illa
3494 5439 3885 5489 censeatur

2161 5491 2332 5575 cujus
2361 5486 2870 5575 pulchritudinem
2902 5507 3002 5544 rex
3034 5476 3287 5575 caelestis
3311 5482 3456 5549 cum

2161 5560 2720 5633 hementissimgad
2739 5577 3116 5616 communem
3141 5562 3306 5618 illam
3327 5566 3606 5627 sordem
3623 5560 3915 5633 abluen-

2161 5633 2319 5718 dam,
2354 5637 2412 5686 et
2457 5630 2734 5687 acerbam
2783 5634 3139 5689 sententiam
3185 5635 3564 5698 solvendam
3626 5630 3918 5718 ροὶιῇᾖδ-

2159 5711 2380 5762 veatur.
