4104 6300
385 333 500 394 103

1557 322 1857 386 ISlDORI
1900 319 2628 382 THESALONICENSIS

3627 317 3722 380 104

387 485 519 524 eam
552 465 739 523 oculis
769 465 1081 522 manifeste
1109 477 1372 534 unquam
1395 457 2014 530 subjecisset,profectt

2151 454 2178 508 ὁ
2209 454 2500 528 θησαυρὸς,
2534 454 2591 507 ὅν
2647 450 2698 506 ἐν
2758 453 3100 526 ὀστρακίνοις
3157 449 3356 526 ἔχομεν
3407 451 3606 520 σκεύεσι,
3631 457 3726 514 τοῖς

386 559 686 612 incassum
719 572 828 610 vox
873 555 1070 609 divina
1127 551 1398 608 excidere
1455 550 1578 604 visa
1627 552 1802 603 esset.
1847 545 2033 616 Hujus

2142 541 2489 617 ἆρχεγόνοις,
2521 539 2688 616 φημὶ,
2723 537 3004 614 δέρμασιν.

385 647 564 720 igitur
597 645 851 717 Virginis
879 643 1066 715 gratia
1095 642 1171 713 (8)
1203 641 1378 694 homo
1410 637 1655 705 audivit,
1687 635 1762 691 ad
1802 634 2144 706 prmcelsam
2179 633 2344 688 illam
2379 630 2828 686 similitudinem
2862 647 2924 686 se
2955 637 3392 702 perventurum.
3443 632 3546 687 Iste
3571 631 3722 704 igitur

378 740 469 790 est
500 735 834 799 thesaurus,
877 747 1054 802 quem
1078 731 1140 784 in
1172 728 1324 784 vasis
1350 726 1653 792 ﬁctilibus,
1687 723 1947 796 pellibus
1981 723 2225 794 inquam
2265 720 2650 792 primigeniis,
2679 721 2988 776 habemus.

450 823 619 878 XXII.
655 822 766 878 Sed
797 822 1042 892 insuper
1071 823 1130 873 et
1158 818 1230 873 ab
1279 817 1451 871 initio
1511 813 1779 886 ejusdem
1837 812 2024 885 gratia

379 912 706 984 plasmatus
737 917 826 966 est
855 911 1053 976 homo,
1091 913 1149 962 et
1177 905 1402 962 extensi
1455 909 1592 959 sunt
1626 902 1778 970 cmli,
1807 907 1865 956 et
1893 918 2032 973 pro—

379 1001 557 1057 ducta
587 1005 675 1056 est
697 1006 853 1055 terra
883 1015 1018 1053 cum
1050 997 1124 1051 iis
1156 994 1459 1060 omnibus,
1489 1007 1857 1063 quaecunque
1893 995 2032 1045 sunt

376 1096 620 1162 prOpter
648 1089 952 1144 hominem
981 1084 1240 1141 condita.
1266 1085 1408 1138 Cum
1437 1082 1596 1136 enim
1631 1082 1806 1148 Deus,
1841 1095 2026 1150 quan-

379 1177 696 1248 doquidem
711 1176 1016 1247 lapsurum
1041 1172 1226 1226 Adam
1249 1187 1369 1224 non
1387 1167 2026 1241 ignorabat,nunquam

378 1286 515 1325 eum
547 1275 851 1324 creaturus
873 1266 1100 1330 fuisset,
1135 1263 1252 1318 nisi
1283 1261 1462 1316 simul
1492 1258 1758 1330 ejusdem
1789 1274 2026 1330 repara-

374 1359 602 1414 tionem
631 1355 1093 1429 praeordinasset
1115 1371 1128 1418 ;
1153 1353 1280 1406 haac
1310 1355 1506 1406 autem
1541 1348 1771 1404 medela
1799 1347 1874 1402 ab
1923 1346 2028 1401 illa

373 1464 618 1519 prorsus
648 1443 1030 1500 immaculata
1043 1441 1430 1514 penderet/9);
1446 1438 1621 1510 plane
1644 1437 2023 1509 perspicuum

2213 810 2336 866 KB'.
2395 810 2516 864 Ἔτι
2573 805 2630 862 δὲ
2685 808 2776 861 καὶ
2829 805 2916 862 διὰ
2971 807 3172 878 ταύτην
3240 805 3507 882 ἅνθρωπος
3558 805 3731 861 ἄνωθεν
3963 824 3972 879 ι

2139 896 2469 967 πέπλασται,
2501 897 2593 950 καὶ
2624 894 2846 969 οὐρανὸς
2877 895 3155 968 ἥπλωται,
3215 897 3301 952 καὶ
3359 904 3448 970 γῆ,
3475 898 3558 952 καὶ
3583 897 3730 951 πάντα

2140 984 2241 1040 ὅσα
2270 985 2473 1056 ὓπὲστη
2535 983 2624 1040 διὰ
2678 987 2771 1040 τὸν
2828 983 3127 1060 ἄνθρωπον.
3179 987 3244 1042 Εἰ
3290 988 3392 1060 γὰρ
3422 988 3497 1042 ὅτι
3524 991 3733 1041 πεσεῖται

2142 1072 2237 1144 μὲν
2270 1069 2467 1144 Ἀδὰμ,
2510 1071 2610 1126 οὐκ
2665 1072 2851 1146 ἠγνόει
2917 1073 3069 1138 Θεὸς,
3119 1077 3217 1128 τοῦ
3275 1071 3332 1128 δὲ
3383 1074 3732 1150 προορισθῆναι

2135 1161 2236 1229 τήν
2295 1158 2700 1235 ἐπαρνόρθωσιν
2783 1158 2914 1240 δίχα
2999 1161 3184 1216 οὔποτ’
3241 1161 3302 1216 ἄν
3359 1165 3666 1236 παρήγαγεν,
3703 1163 3736 1229 ἡ

2136 1249 2410 1324 πάναγνος
2441 1246 2498 1304 δὲ
2525 1257 2626 1318 τῆς
2664 1249 2901 1324 ἰατρείας
2933 1249 3207 1313 ὑπόθεσις·
3243 1247 3470 1319 εὔδηλον
3524 1249 3600 1304 ὅτι
3649 1249 3735 1304 κά-

2133 1343 2310 1400 κεῖνος
2345 1335 2414 1392 δι’
2443 1337 2632 1409 αὐτὴν,
2662 1338 2752 1393 καὶ
2785 1339 2832 1393 εἳ
2885 1359 2939 1394 τι
2995 1336 3067 1393 δι’
3122 1340 3281 1394 αὐτὸν
3340 1340 3441 1413 πρὸ
3484 1339 3638 1394 αὐτοῦ
3662 1336 3739 1392 καὶ

2136 1431 2253 1504 μετ’
2281 1425 2462 1485 αὐτόν.

377 1543 488 1605 est,
521 1535 698 1590 etiam
731 1533 1035 1588 hominem
1065 1536 1310 1602 propter
1337 1529 1526 1600 ipsam
1559 1533 1821 1584 creatum
1857 1542 2006 1594 esse,
2043 1523 2163 1578 imo
2196 1526 2255 1578 et
2307 1521 2597 1593 quidquid
2629 1526 2875 1594 propter
2905 1537 3062 1590 eum,
3095 1526 3230 1576 ante
3263 1521 3474 1594 ipsum,
3532 1525 3586 1577 et
3631 1524 3744 1592 post

375 1625 594 1696 ipsum,
627 1625 848 1680 factum
878 1623 1008 1678 fuit.

447 1713 780 1769 Praesertim
814 1728 947 1767 vero
979 1728 1112 1767 cum
1170 1714 1470 1782 oporteret
1525 1713 1602 1776 ut
1647 1707 1948 1763 hominem
1988 1722 2021 1760 a
2053 1707 2096 1773 Β

377 1803 617 1858 miseria
662 1819 780 1857 non
829 1801 980 1856 alius
1029 1816 1209 1871 quam
1266 1799 1444 1854 homo
1499 1795 1767 1868 ejusdem
1794 1801 2020 1850 natura:

370 1891 671 1960 liberaret,
697 1890 828 1946 etis
869 1889 1108 1960 quidem
1161 1893 1404 1960 propter
1457 1885 1688 1941 virtutis
1745 1885 2020 1940 eminen-

372 1981 516 2036 tiam
549 1981 822 2047 idoneus,
853 1979 954 2049 qui
1005 1979 1123 2032 Deo
1181 1975 1518 2048 coeperanti
1575 1977 1736 2046 (nam
1789 1973 2022 2045 gravior

370 2068 570 2139 lapsus
600 2068 812 2135 fuerat,
848 2083 1027 2137 quam
1086 2071 1153 2121 ut
1209 2067 1387 2120 homo
1445 2063 1558 2119 sibi
1615 2063 1726 2118 soli
1779 2061 2019 2116 relictus

372 2156 742 2211 liberationis
773 2155 1128 2210 beneﬁcium
1158 2154 1422 2226 praebere
1453 2152 1674 2224 posset)
1697 2151 2019 2206 associare-

377 2251 476 2300 tur
506 2262 692 2316 ;opus
722 2244 983 2315 profecto
1013 2243 1126 2298 fuit
1154 2247 1219 2296 ut
1248 2259 1432 2297 novus
1461 2243 1570 2313 (10)
1619 2257 1686 2296 ac
1732 2258 1914 2312 prope
1945 2240 2018 2294 ad

372 2335 559 2389 Deum
590 2333 878 2388 accedens
903 2334 1080 2388 homo
1113 2330 1596 2401 conderetur,qui
1629 2347 1842 2402 nempe
1856 2329 2021 2384 adhi-

371 2422 514 2478 bere
545 2422 900 2478 medicinam
933 2427 1150 2493 posset.

447 2512 550 2566 Hic
581 2528 716 2566 vero
744 2511 921 2582 plane
962 2510 1074 2565 fuit
1133 2509 1628 2581 stupendissimus
1680 2509 1779 2566 ille
1818 2510 2016 2577 homo,

373 2600 544 2671 Virgo
577 2599 724 2665 haec,
752 2599 1016 2670 inquam,
1049 2600 1212 2654 omni
1236 2599 1407 2654 laude
1440 2599 1806 2670 dignissima,
1841 2615 2019 2670 quam

369 2706 512 2746 sane
546 2694 632 2744 tot
663 2690 960 2760 tantisque
991 2689 1342 2760 prmstandis
1371 2705 1571 2759 parem
1603 2689 1728 2744 fore
1769 2687 2021 2744 sollicita

370 2779 522 2833 Deus
555 2778 680 2850 ipse
711 2794 853 2833 cura
882 2777 1156 2849 praedixit
1187 2777 1318 2850 (11),
1353 2793 1602 2848 eamque
1657 2777 1798 2832 fecit
1828 2777 2022 2832 homi-

369 2883 505 2922 nem
527 2867 599 2922 ad
631 2865 1085 2922 similitudinem
1116 2883 1305 2935 suam,
1335 2867 1435 2938 qui
1467 2867 1657 2922 instar
1685 2866 1808 2932 Dei,
1842 2865 2021 2921 simul

371 2972 507 3010 cum
539 2957 658 3010 Deo
693 2971 1250 3027 operans,magnam
1277 2956 1429 3010 hanc
1459 2961 1812 3019 creaturam,
1837 2954 2022 3008 homi-

375 3061 516 3099 nem
560 3044 827 3114 inquam,
889 3043 1116 3098 salvare
1146 3049 1365 3114 posset.
1423 3045 1612 3113 Atque
1652 3043 1798 3098 adeo
1833 3059 1901 3096 ex
1930 3042 2022 3096 his
2064 3067 2104 3134 α

373 3132 551 3186 etiam
584 3131 804 3186 inferre
835 3131 992 3198 licet,
1025 3131 1290 3186 futurum
1316 3131 1497 3186 fuisse
1530 3136 1930 3201 nunquam,ut
1951 3131 2024 3186 ab

366 3220 536 3274 initio
559 3220 759 3275 divina
787 3220 1024 3276 bonitas
1055 3224 1244 3274 semet
1269 3220 1618 3285 effunderet,
1643 3227 1744 3274 aut
1773 3226 1838 3275 ut
1857 3237 2021 3278 crea-

363 3314 500 3365 tura
521 3309 626 3364 illa
660 3315 966 3364 enarraret
997 3308 1250 3380 gloriam
1285 3308 1408 3378 Dei,
1460 3309 1574 3363 nisi
1623 3311 1788 3380 prius
1837 3310 2021 3366 oculis

365 3398 595 3468 opificis
641 3397 838 3470 fulgor
899 3414 929 3453 e
980 3397 1354 3468 plenitudine
1414 3399 1735 3470 gratiarum
1770 3399 2019 3471 Virginis

364 3487 632 3543 emicans
657 3487 972 3542 illuxisset.
1005 3487 1206 3558 Neque
1257 3487 1414 3542 enim
1466 3489 1616 3543 Deus
1648 3488 1706 3542 id
1738 3494 2014 3558 creasset,

365 3575 523 3646 quod
543 3575 616 3631 ad
667 3575 757 3630 sui
806 3574 1252 3646 perfectionem,
1295 3580 1583 3646 quantum
1636 3577 1765 3632 ﬁeri
1796 3584 2013 3648 posset,

360 3665 697 3738 pertingere
728 3680 850 3720 non
896 3663 1195 3720 valuisset.
1239 3665 1382 3719 Cum
1432 3683 1607 3737 porro
1658 3682 1832 3721 nemo
1861 3667 2014 3723 alius

361 3758 464 3809 aut
507 3754 812 3810 hominem
859 3753 1130 3817 erexerit,
1190 3759 1289 3808 aut
1347 3753 1724 3826 incorporeas
1770 3757 2012 3828 spiritus

359 3843 794 3916 splendidiores
852 3843 1134 3911 effecerit,
1195 3849 1297 3898 aut
1354 3844 1530 3899 aliam
1599 3846 1926 3916 quamlibet
1979 3863 2009 3902 e

363 3931 648 3987 creaturis
679 3931 752 3986 ad
809 3929 1161 3986 nobiliorem
1211 3930 1612 3986 conditionem
1645 3931 2008 4003 perduxerit,

2197 1698 2422 1762 ’Ἄλλως
2453 1720 2510 1754 τε
2537 1699 2628 1754 καὶ
2660 1698 2774 1756 ἐπεὶ
2805 1699 2896 1754 τὸν
2957 1699 3239 1774 ἄνθρωπον
3302 1698 3458 1756 λῦσαι
3499 1705 3596 1768 τῆς
3635 1694 3746 1751 δυσ-

2129 1788 2364 1867 πραγίας
2395 1789 2646 1866 ὁμοφυής
2677 1787 2960 1863 ἅνθρωπος
2987 1787 3115 1856 ἔδει,
3163 1790 3254 1844 καὶ
3311 1791 3431 1852 οἶος
3485 1788 3544 1844 ἄν
3587 1786 3750 1846 ἱκανὸς

2130 1879 2214 1950 εἳη
2275 1877 2364 1932 διὰ
2419 1879 2482 1932 τὸ
2527 1887 2630 1947 τῆς
2683 1879 2878 1953 ἀρετῆς
2939 1873 3284 1953 ὑπερϐάλλον
3339 1879 3430 1933 καὶ
3495 1877 3752 1950 συμμάχῳ

2131 1969 2443 2042 χρήσασθαι
2475 1973 2612 2040 Θεῷ’
2651 1974 2832 2040 μεῖζον
2886 1968 2991 2042 γὰρ
3049 1969 3115 2036 ἦν
3143 1969 3205 2022 τὸ
3243 1974 3512 2041 πταῖσμα,
3545 1967 3577 2035 ἤ
3631 1963 3758 2019 ὥστε

2127 2057 2416 2128 ἄνθρωπον
2467 2058 2633 2130 μόνον
2691 2055 2987 2126 δυνηθῆναι
3044 2059 3144 2127 τήν
3203 2055 3511 2132 ἐλευθερίαν
3567 2053 3755 2128 εὓεργε-

2125 2154 2308 2216 τῆσαι·
2369 2148 2554 2203 καινὸν
2603 2145 2706 2222 ἄρα
2761 2148 2932 2226 ἐχρῆν
2992 2147 3275 2223 ἄνθρωπον
3356 2146 3762 2214 διαπλασθῆναι,

2123 2238 2211 2294 καὶ
2232 2237 2375 2292 πολὺ
2405 2238 2540 2312 πρὸς
2570 2239 2698 2292 Θεὸν
2734 2239 3019 2316 φθάνοντα,
3049 2237 3108 2298 ’ὸς
3137 2237 3196 2292 ἂν
3231 2239 3357 2313 εἶχε
3387 2238 3452 2293 τὸ
3493 2237 3766 2316 φάρμακον

2125 2324 2410 2383 ἐπιθεῖναι.

2200 2505 2304 2560 Καὶ
2343 2507 2408 2574 ἦν
2428 2505 2646 2567 πάντως
2705 2507 2734 2560 ὸ
2789 2505 3100 2568 καινότατος
3155 2505 3466 2578 ἅνθρωπος,
3525 2507 3563 2575 νὴ
3607 2503 3770 2560 πολο-

2127 2595 2364 2667 ύμνητος
2420 2591 2532 2664 ἣδε,
2621 2594 2754 2669 ὑπὲρ
2837 2595 2925 2664 ἧς,
3012 2597 3094 2650 ὅτι
3163 2599 3403 2650 τοσαῦτα
3461 2593 3776 2666 δυνήσεσθαι

2125 2680 2350 2756 ἔμελλε,
2382 2683 2470 2738 καὶ
2529 2687 2645 2756 Θεῷ
2701 2690 2982 2758 προειπεῖν
3038 2682 3296 2757 ἐμέλησε,
3340 2685 3436 2740 καὶ
3493 2681 3778 2752 πεποιηγέ-

2121 2792 2206 2826 ναι
2261 2771 2398 2827 κατᾶ
2449 2773 2548 2841 τήν
2604 2774 2794 2829 ἑαυτοῦ
2853 2773 3120 2846 ὁμοίωσιν
3204 2773 3522 2846 ἄνθρωπον,
3581 2773 3641 2836 ὅς
3697 2773 3782 2826 οἷα

2125 2862 2254 2925 Θεὸς
2287 2864 2651 2938 συμπράττων
2686 2868 2825 2935 Θεῷ,
2855 2863 2916 2918 τὸ
2951 2864 3090 2938 μέγα
3139 2863 3198 2917 ’ἂν
3231 2861 3499 2936 δυνηθείη
3559 2863 3784 2935 πλάσμα.

2126 2955 2322 3020 σῶσαι,
2376 2953 2470 3006 τὸν
2554 2951 2858 3027 ἄνθρωπον.
2945 2955 3105 3007 ’Ὠστε
3187 2947 3356 3022 ἔξεστι
3446 2955 3538 3008 καὶ
3625 2956 3788 3006 ταῦτα

2131 3039 2397 3115 συνάγειν,
2484 3042 2558 3103 ὡς
2645 3041 2745 3096 οὐκ
2825 3041 2887 3095 ’ἅν
2945 3040 3182 3116 ἐξαρχῆς
3240 3042 3304 3096 τὸ
3387 3048 3538 3107 θεῖον
3597 3039 3786 3117 ἀγαθὸν

2133 3127 2328 3203 ἐχύθη,
2363 3127 2488 3186 οὐδὲ
2544 3137 2732 3186 τιτῶν
2775 3128 3282 3206 δημιουργημάτων
3342 3135 3488 3189 Θεοῦ
3549 3130 3792 3207 διηγεῖτο

2132 3215 2312 3291 δόξαν,
2347 3219 2392 3274 εἰ
2427 3221 2503 3292 μή
2533 3224 2642 3274 τῶν
2699 3221 2942 3295 χαρίτων
3004 3221 3172 3289 αὐτῆς
3230 3225 3264 3290 ἠ
3324 3221 3557 3293 πληθὺς
3615 3221 3666 3276 ἐν
3725 3221 3792 3292 τῇ

2131 3305 2512 3384 δημιουργικῆ
2569 3307 2978 3384 προδιέλαμψεν
3039 3309 3235 3380 ἐννοίᾳ.
3297 3311 3450 3368 Οὔτε
3511 3311 3620 3386 γᾶρ
3679 3307 3798 3364 ἃνὸ

2128 3396 2256 3458 Θεὸς
2285 3402 2446 3452 τοῦτο
2506 3399 2818 3468 ὑπὲστησεν,
2856 3399 2886 3453 ὅ
2945 3400 3020 3471 μὴ
3081 3399 3200 3474 εἶχε
3254 3401 3500 3456 καθόσον
3565 3401 3688 3454 οἷόν
3740 3417 3798 3453 τε

2125 3487 2318 3542 ἑαυτοῦ
2345 3487 2444 3555 τήν
2479 3485 2769 3561 βελτίωσιν
2819 3489 3037 3560 φθάσαι.
3097 3487 3317 3562 Ἐτέρου
3381 3487 3446 3545 δὲ
3509 3491 3660 3563 μήτε
3711 3483 3800 3542 καῖ

2125 3575 2406 3652 ἄνθρωπον
2449 3575 2928 3651 ἐπανωρθωκότος,
2985 3577 3074 3632 καὶ
3132 3577 3474 3650 ἀσωμάτους
3535 3579 3800 3652 λαμπρο-

2085 3109 2105 3132 J

2120 3666 2314 3740 τέρους
2372 3665 2764 3742 ἐργασαμένου,
2795 3667 2884 3722 καὶ
2917 3667 2946 3721 ὅ
2975 3689 3026 3722 τι
3083 3673 3190 3722 τῶν
3247 3667 3476 3725 λοιπῶν
3512 3669 3596 3734 ε’ἱς
3652 3690 3720 3746 γε
3746 3668 3809 3724 τὸ

2121 3752 2474 3834 φαιδρότερον
2558 3753 2908 3830 διαθεμένου,
2993 3753 3142 3826 πλὴν
3229 3763 3330 3826 τῆς
3431 3759 3808 3833 ὗμνουμένης

2121 3844 2423 3920 ὑπερφυοῦς
2455 3846 2545 3898 καὶ
2592 3845 2739 3908 θείας
2787 3848 2997 3919 ψυχῆς,
3055 3845 3217 3922 σαφὲς
3266 3846 3504 3910 πάντως
3565 3847 3660 3904 ὅτι
3718 3844 3814 3901 καὶ

2119 3929 2456 4008 δημιουργὸς
2489 3933 2514 3987 ὁ
2548 3935 2678 3994 Θεὸς
2737 3931 2806 3988 δι’
2861 3933 3032 4004 αὐτῆς
3087 3934 3509 4010 πεφανέρωται,
3572 3937 3670 3993 καὶ
3717 3936 3817 3992 ὅσα

1685 4063 1830 4119 Ant.
1878 4059 2176 4120 Ballerini
2219 4067 2406 4122 notae.

432 4191 508 4262 (8)
537 4190 702 4258 Vide,
754 4206 928 4262 quam
989 4189 1322 4262 luculenter
1377 4191 1493 4247 alia
1549 4191 1721 4248 nobis
1777 4194 2006 4250 ratione

361 4260 731 4335 proponatur
759 4260 966 4335 eadem
989 4261 1259 4335 doctrina
1285 4262 1358 4335 de
1389 4263 1733 4319 omnimoda
1754 4266 2007 4335 Virginis

359 4332 432 4388 ab
461 4332 618 4388 omni
655 4332 874 4406 peccati
907 4349 1070 4406 naevo
1107 4333 1501 4406 immunitatet
1565 4335 1772 4406 Hujus,
1814 4332 2010 4406 inquit

2188 4195 2266 4264 (9)
2317 4196 2490 4262 Deus,
2547 4197 2746 4274 inquit
2797 4202 3020 4274 auctor,
3103 4198 3426 4274 hominem
3530 4201 3824 4274 quamvis

2117 4265 2424 4391 lagsurum
2468 4265 2702 4328 creavit.
2737 4269 2876 4338 quia
2933 4265 3133 4340 lapsus
3191 4270 3380 4340 hujus
3450 4265 3822 4330 remedium

2117 4337 2165 4391 vi
2215 4337 2348 4391 itin
2383 4337 2615 4391 Vimine
2674 4339 2772 4391 illa
2827 4356 3044 4391 prorsus
3101 4340 3513 4391 immaculata-
3555 4349 3630 4391 At
3681 4360 3822 4391 mm

2113 4339 2348 4392 viditin
2383 4339 2615 4409 Virgine
2674 4339 2772 4394 illa
2825 4339 3044 4408 prorsus
3101 4339 3513 4399 immaculata.
3551 4349 3632 4400 At
3681 4360 3825 4399 vero

359 4413 579 4482 auctor.
622 4403 870 4482 Virginis
918 4402 1102 4482 gratia
1144 4404 1315 4482 _Deus
1362 4404 1531 4482 illud,
1559 4402 1961 4482 pronuntiarit
1993 4425 2006 4461 :
2045 4411 2084 4473 D
2115 4409 2222 4462 etsi
2256 4409 2420 4479 lapso
2453 4402 2678 4482 lfomini
2713 4402 2918 4465 auctor
2947 4428 3067 4465 non
3098 4421 3445 4482 opponeret
3497 4417 3832 4482 Virginem

356 4477 648 4533 Faciamus
687 4477 958 4528 hominem
1013 4477 1086 4528 ad
1132 4475 1426 4542 imaginem
1485 4481 1535 4528 et
1581 4477 2004 4532 similitudinem

357 4556 620 4604 nostram.
645 4549 899 4604 Curnam
925 4563 1056 4601 vero
1080 4545 1106 4599 ‘2
1135 4545 1300 4612 Quia,
1334 4544 1547 4614 inquit,
1579 4563 1770 4617 neque
1794 4549 2001 4615 Adam,

355 4636 549 4690 neque
583 4619 732 4675 alius
755 4619 1046 4690 quispiam
1083 4632 1309 4690 eorum,
1344 4617 1442 4686 qui
1477 4617 1548 4670 ab
1579 4617 1684 4672 illo
1711 4619 2006 4675 duxerunt

362 4688 672 4764 originem,
703 4692 811 4745 hac
839 4688 1028 4764 unica
1048 4688 1281 4764 Virgine
1313 4694 1604 4764 _ex_cepta,
1630 4691 2004 4764 excellentia:

354 4757 516 4815 illius
538 4776 877 4817 mensuram
899 4757 1170 4833 perfecte
1185 4757 1544 4833 implevit.Et
1562 4760 1746 4833 Adam
1762 4763 2002 4833 quidem

351 4847 694 4912 mensuram
709 4830 1090 4912 perfec’teiiop
1108 4830 1682 4912 implevit,q__uia.simi
1694 4830 1998 4912 litudinem

362 4907 690 4972 acceptam,
713 4901 786 4974 ut
817 4903 1011 4972 inquit
1040 4901 1368 4972 Cyprianus
1397 4901 1495 4974 (De
1537 4903 1674 4958 bono
1709 4907 2002 4974 patientiae

360 4989 492 5044 pag.
527 4974 653 5036 248,
689 4973 828 5026 edit.
853 4974 1038 5038 Paris,
1065 4976 1248 5044 17726,)
1278 4973 1505 5042 peccato
1528 4973 1824 5043 perdidit;
1855 4994 1992 5032 cum

357 5043 584 5099 Adamo
600 5059 736 5098 vero
761 5059 883 5115 eam
901 5043 1255 5115 perdiderun
1268 5049 1610 5115 t,quot.quot
1627 5044 1782 5100 illius
1801 5054 1998 5103 reatus

358 5115 704 5196 participes
741 5114 1112 5170 exstiterunt.
1153 5114 1298 5196 _Sola
1339 5114 1496 5196 ergo
1531 5117 1780 5196 D_eipara
1809 5117 1998 5196 _illius

359 5184 740 5260 perfectionis
772 5200 1067 5260 summam
1098 5184 1308 5255 adepta
1339 5184 1448 5260 est,
1485 5187 1625 5260 quia
1640 5184 1712 5242 _et
1741 5189 1864 5244 sola
1895 5207 1997 5260 pa-

357 5255 513 5311 terni
548 5274 758 5328 expers
788 5256 911 5328 vitii
943 5255 1168 5328 fuit,_et
1203 5255 1517 5310 naturalem
1544 5259 1718 5328 illam,
1749 5266 1817 5316 ut
1862 5255 1995 5316 cum

357 5344 572 5400 magno
607 5325 798 5383 Leone
830 5327 1022 5400 dicam
1075 5325 1294 5400 (sermo
1327 5329 1413 5379 11.
1437 5329 1524 5400 ίΒε
1548 5325 1754 5400 ῨῙεῙυὴ.
1797 5331 1996 5388 decimi

355 5397 559 5479 _men'sis
605 5400 648 5462 Ι,
711 5415 834 5479 cap.
897 5397 1201 5479 i),_‘nostlri
1255 5399 1470 5464 generis
1501 5397 1994 5479 Odiynitatemsic

354 5471 646 5542 integram
708 5468 1044 5542 custodiyit,
1101 5474 1168 5542 ut
1215 5468 1560 5542 semperiin
1601 5486 1669 5526 ea
1723 5477 1886 5542 quasi
1933 5477 1992 5530 in

351 5539 592 5669 gantiam
623 5542 844 5613 speculo
892 5541 1094 5596 divine
1135 5539 1497 5609 benignitatis
1523 5543 1705 5608 forma
1730 5539 1989 5616 _resplen-

391 5631 480 5669 ere

391 5620 505 5670 cret

2107 4457 2336 4549 prorsa;
2356 4481 2786 4557 immaculatum,
2818 4498 3014 4536 nonne
3037 4457 3193 4557 satisl
3219 4499 3325 4552 per
3359 4503 3437 4539 se
3474 4457 3588 4544 res
3613 4457 3837 4557 loqui-

2115 4561 2227 4613 tur,
2289 4567 2438 4628 eam,
2501 4568 2632 4622 quae
2691 4551 2888 4628 lapsus
2922 4553 3150 4608 medela
3181 4551 3290 4628 est,
3347 4557 3504 4628 ipso
3543 4560 3614 4614 in
3651 4551 3834 4628 lapsu

2113 4623 2340 4702 censeri
2372 4639 2489 4677 non
2520 4624 2882 4702 posse_?llznc
2903 4641 3036 4678 vero
3070 4641 3137 4702 eo
3169 4623 3842 4702 diligedtiusperpen-

2113 4692 2567 4770 dendacenseo,
2601 4693 2738 4770 quia
2769 4696 3238 4770 cumpassimin
3272 4692 3552 4770 scriptis
3570 4692 3839 4758 SS.‘Pa-

2113 4767 2266 4843 trum
2292 4765 2464 4843 juxta
2493 4771 2670 4834 atque
2688 4765 2749 4818 in
2774 4766 2954 4820 sacris
2967 4766 3238 4843 Ecclesia}
3269 4765 3520 4826 ofﬁciis
3543 4773 3842 4843 ejusmo-

2112 4833 2169 4913 di
2203 4830 2511 4913 sententia)
2541 4830 2872 4913 recurrant,
2904 4838 3098 4913 palam
3157 4844 3454 4908 apertum
3505 4830 3638 4913 est,
3676 4845 3851 4900 hanc

2111 4905 2442 4986 doctrinam
2472 4907 2700 4962 ratione
2731 4905 2935 4986 utique
2963 4905 3352 4986 aliquatenus
3392 4905 3848 4986 implicita,at

2110 4977 2574 5050 vulgatissimam
2605 4977 2931 5050 semper‘in
2963 4977 3224 5035 Ecclesia
3252 4980 3491 5040 fuisse.

2179 5048 2292 5118 (10)
2350 5049 2514 5111 Vide,
2574 5065 2690 5104 non
2736 5048 3008 5107 _veterem
3083 5051 3407 5108 hominem
3494 5057 3573 5112 in
3642 5057 3856 5113 Adam

2105 5117 2356 5188 lapsum,
2418 5119 2520 5200 sed
2557 5137 2757 5200 novum
2815 5121 3190 5200 condendum
3247 5121 3488 5194 fuisse,
3530 5131 3654 5200 qui
3721 5132 3854 5184 Deo

2107 5195 2525 5264 cooperaretur
2554 5191 2626 5245 ad
2683 5192 2914 5264 lapsum
2948 5194 3274 5264 humanum
3306 5191 3574 5264 genus-
3597 5200 3862 5257 salvan-

2104 5260 2268 5345 dturn.
2300 5260 3216 5345 lteratam.ergdprofessionem
3265 5260 3491 5324 habes
3565 5273 3858 5345 originis

2103 5331 2297 5386 Mariae
2329 5332 2401 5386 ab
2433 5333 2596 5387 omni
2629 5331 2936 5390 vetus—tatis
2967 5336 3108 5390 vitio
3141 5335 3393 5392 alienae.

2171 5402 2283 5472 (11)
2299 5405 2563 5474 Agnosce
2580 5405 2707 5459 etin
2725 5406 2887 5462 hisce
2908 5408 3104 5461 verbis
3121 5423 3557 5469 communem
3573 5415 3871 5472 Patrum

2102 5475 2750 5556 sententiam.Virginis
2780 5479 3046 5603 Deiparaa
3075 5477 3385 5550 magnalia
3426 5483 3687 5541 divino
3717 5489 3870 5558 Spi-

2102 5548 2220 5601 ritu
2249 5545 2547 5602 revelante
2580 5563 2640 5602 in
2671 5549 2858 5603 sacris
2932 5549 3122 5603 itteris
3151 5550 3335 5603 fuisse
3389 5558 3866 5603 Drmsiannta-

2098 5547 2220 5601 ritu
2249 5545 2547 5602 revelante
2580 5546 2640 5602 in
2671 5549 2858 5604 sacris
2889 5545 3122 5605 Litteris
3151 5545 3335 5605 fuisse
3389 5545 3868 5630 praesignata.
