4104 6300
223 424 313 488 103
1083 421 1343 484 SERMO
1387 420 1468 482 IN
1512 418 1844 483 ANNUNTI

2029 416 2221 485 )NEM
2265 417 2336 485 Β.
2385 425 2464 488 V.
2513 418 2805 487 ΜΑΒῙιΕ.
3533 418 3650 486 106

230 564 310 627 τῆς
369 558 769 632 ᾱγαῦὖτητος
829 556 959 627 ἡμῖν
1029 554 1232 611 ἐκείνου
1309 552 1750 631 διαζωγρχφοῦσι
1823 574 1850 609 τ

2029 562 2404 630 irazterquam
2463 559 2662 616 anima
2718 560 2821 615 illa
2876 575 3007 631 quas
3059 563 3117 615 et
3145 558 3402 615 naturali
3437 557 3650 616 ordine

242 645 474 723 πέλιγος,
1994 647 2358 705 eminentior
2384 652 2442 705 et
2470 649 2667 705 divina
2695 648 2906 705 merito
2938 647 3274 705 celebratur
3302 648 3419 721 (12)
3454 665 3468 714 ;
3522 664 3651 704 ma-

249 737 610 795 nifestissime
644 740 913 804 constat,
948 736 1055 807 ipsi
1085 735 1313 807 deberi,
1364 736 1523 808 quod
1562 740 1622 791 et
1670 736 1822 791 Deus
1881 737 2223 808 apparuerit
2274 742 2526 807 creator,
2575 744 2633 795 et
2689 738 2890 795 omnia
2941 737 3348 793 exsistentiam
3406 752 3651 809 recepe-

250 828 359 896 rint,
393 833 706 899 quotquot
741 827 1027 882 bonitatis
1056 828 1186 899 ejus
1216 826 1460 899 pelagus
1492 824 1942 898 expressissima
1973 826 2230 901 imagine
2263 829 2564 885 exhibent.

310 917 414 971 Kl".
447 916 558 972 Καὶ
594 913 661 969 οἷ)
694 918 797 969 τοῦ
829 910 1171 991 δημιουργοῦ
1213 911 1395 990 Λόγου
1448 913 1620 987 μόνου
1683 914 1892 987 μήτηρ,

2081 918 2280 971 ΧΧΙΙΙ.
2306 920 2504 990 Neque
2533 935 2669 975 vero
2703 918 2877 974 Verbi
2899 917 3184 975 creatoris
3229 915 3361 972 ideo
3418 919 3649 972 tantum

264 1000 380 1058 διότι
429 1009 626 1059 τοῦτον
686 999 887 1073 ἔτεκεν,
954 1001 1099 1059 ἀλλᾶ
1147 1004 1236 1058 καὶ
1304 1010 1406 1072 τῆς
1493 999 1885 1077 δημιουργικῆς

2029 1011 2199 1061 nater
2255 1013 2363 1074 est,
2396 1008 2555 1079 quod
2608 1007 2883 1064 eumdem
2930 1006 3274 1081 pepererit;
3324 1004 3428 1061 sed
3481 1004 3650 1077 quasi

269 1092 577 1170 ἆγαθότητος
636 1092 837 1147 ὡσανεὶ
909 1094 1096 1167 μήτηρ
1172 1090 1405 1162 ἐκείνου,
1468 1091 1544 1154 ὡς
1643 1091 1890 1154 ὑπόθεσις

2028 1101 2201 1152 nater
2251 1103 2341 1153 est
2389 1098 2637 1171 insuper
2693 1098 2996 1154 creatricis
3054 1096 3339 1153 bonitatis
3380 1093 3649 1167 ejusdem

270 1183 344 1237 καὶ
403 1181 546 1237 αἰτία
600 1185 703 1236 τοῦ
767 1182 870 1250 τήν
938 1181 1271 1257 ἀγαθουργὸι
1341 1187 1572 1255 φανῆναι
1640 1176 1891 1253 δύναμιν.

2030 1182 2204 1255 Verbi,
2239 1187 2458 1259 quippe
2490 1204 2621 1258 quas
2665 1186 2925 1243 conditio
2975 1190 3035 1242 et
3089 1202 3272 1242 causa
3330 1182 3651 1240 exstiterit.

265 1272 353 1328 Καὶ
414 1270 463 1326 εἴ
515 1270 828 1344 τολμηρὸν,
896 1267 1259 1344 συμπλάστης
1330 1268 1391 1324 ἄν
1448 1266 1532 1340 εἴη
1593 1275 1711 1343 Θεῷ
1801 1269 1886 1326 καῖ

2029 1291 2113 1329 :ur
2125 1274 2307 1330 virtus
2321 1276 2449 1347 ejus
2468 1276 2622 1331 bono
2631 1293 2761 1332 rum
2775 1275 3039 1333 effectrix
3060 1272 3650 1332 fueritmanifestata.

260 1361 353 1437 πρὸ
376 1366 477 1429 τῆς
508 1359 584 1422 εἰς
623 1366 730 1435 γῆν
762 1362 796 1429 ἡ
844 1359 1081 1435 μακαρία
1129 1354 1391 1433 προόδου,
1449 1358 1539 1413 καὶ
1608 1380 1881 1433 συμπαρα·

2030 1364 2097 1429 Et,
2132 1364 2178 1418 si
2209 1364 2351 1436 quid
2381 1365 2664 1422 audacius
2697 1366 2898 1437 eloqui
2919 1366 3006 1422 fas
3028 1370 3136 1436 est,
3161 1362 3339 1420 simul
3368 1379 3502 1419 cum
3533 1362 3651 1418 Deo

257 1448 455 1527 γιυγευς
512 1455 621 1505 τῶν
679 1449 756 1512 εἶς
809 1452 975 1505 τοῦτο
1026 1448 1271 1511 κάλλους
1315 1450 1608 1525 ὁρωμένων
1683 1471 1742 1506 τι
1805 1470 1875 1505 κα

2031 1454 2473 1511 :oncreatricem
2504 1454 2594 1511 vel
2626 1460 2761 1512 ante
2793 1472 2967 1512 suum
3001 1455 3062 1510 in
3096 1453 3300 1511 orbem
3360 1458 3652 1509 terrarum

256 1539 501 1615 ἀοράτων
566 1537 901 1613 κτισμάτων,
960 1540 1034 1600 ὡς
1092 1537 1199 1613 ἄρα
1277 1538 1367 1593 καὶ
1443 1544 1685 1617 φανεῖσα,
1757 1561 1877 1613 συμ·

2030 1542 2414 1612 [dventum,et
2442 1550 2779 1601 creaturam
2810 1562 3011 1602 rerum
3033 1550 3159 1601 tum
3184 1542 3505 1600 visibilium
3527 1546 3651 1599 tum

247 1629 536 1699 ποικιλτὴς
572 1630 660 1685 καὶ
708 1625 1156 1706 συγκαλλοποιὸς
1212 1632 1314 1685 τοῦ
1363 1627 1859 1707 προσυνεξυφανθὲν

2036 1632 2401 1689 nvisibilium
2424 1634 2497 1689 ad
2515 1634 2668 1690 hanc
2691 1634 3199 1707 pulchritudinem
3226 1648 3361 1689 cum
3384 1633 3513 1706 ipso
3538 1633 3654 1688 Deo

250 1740 336 1781 τος
359 1718 714 1794 παγκοσμίου
741 1716 1031 1793 γεγένηται
1053 1716 1288 1774 πέπλου.
1350 1717 1455 1774 Καὶ
1487 1715 1547 1772 οὗ
1623 1717 1690 1771 τὰ
1746 1736 1871 1790 παρι

2034 1722 2444 1778 )erductricem
2478 1723 2711 1779 beatam
2743 1724 2908 1780 illam
2957 1723 3230 1792 dixerim,
3262 1720 3655 1794 quemadmo-

252 1810 374 1864 ὄντα
407 1808 575 1882 μόνον
626 1801 758 1882 ἔσχε
812 1809 916 1877 τήν
976 1806 1180 1884 γένεσιν
1238 1803 1308 1861 δι’
1366 1805 1560 1878 αὐτὴν,
1616 1803 1765 1861 ἀλλὰ
1809 1827 1873 1860 κα

2034 1812 2155 1867 lum
2186 1811 2392 1883 utique
2423 1818 2481 1869 et
2510 1818 2646 1884 post
2674 1813 2990 1869 adventum
3023 1828 3195 1868 suum
3244 1811 3401 1866 hanc
3454 1826 3655 1866 rerum

251 1901 344 1953 ὅσα
370 1902 480 1953 τῶν
527 1896 801 1971 μενόντων
861 1896 1132 1952 εἷσὲπειτα
1187 1895 1436 1971 λαμηρά,
1494 1896 1711 1950 κάκεῖνα
1766 1893 1865 1949 ταό

2030 1901 2478 1971 iniversitatem,
2512 1919 2619 1958 ceu
2648 1902 2891 1976 peplum
2913 1903 3042 1976 jam
3082 1906 3258 1957 antea
3286 1904 3651 1969 contextum,

250 2010 346 2060 της
399 1988 757 2063 κατόρθωμα.
822 1987 974 2043 Ἐπεὶ
1029 1987 1246 2043 κάκεῖνα
1304 1986 1375 2042 δι’
1421 1988 1589 2059 ἡμᾶς,
1624 1987 1787 2059 ἡμεῖς
1821 1981 1871 2041 δὲ

2034 2008 2131 2047 ina
2142 2008 2277 2047 cum
2291 1993 2409 2048 Deo
2423 2009 2573 2049 nova
2586 1998 3076 2049 ornamentorum
3093 1992 3249 2053 varie
3259 1995 3374 2047 tate
3386 2003 3655 2062 novaque

250 2080 321 2142 ὡς
375 2077 668 2149 δέδεικται,
738 2076 807 2133 δι’
856 2077 1050 2148 αὐτήν·
1116 2075 1330 2152 μᾶλλον
1365 2074 1423 2132 δὲ
1461 2080 1569 2133 τῶν
1628 2074 1868 2149 ἐσομὲνω

2034 2081 2173 2135 ιιλχίι
2201 2083 2660 2138 venustate.lmo
2684 2098 2818 2138 vero
2837 2099 2956 2138 non
2985 2099 3054 2138 ea
3086 2078 3655 2151 tantummodo,qute

248 2174 379 2244 ἡμῖν
409 2170 472 2226 τὸ
501 2168 871 2243 τερπνότατον
935 2171 1034 2223 τοῦ
1082 2171 1171 2223 νῦν
1237 2165 1376 2241 αὐτῇ
1440 2164 1768 2239 μηνυθέντος
1814 2163 1868 2220 εὖ

2032 2186 2171 2224 tunc
2186 2171 2503 2237 exstant,in
2518 2172 2768 2244 gratiam
2786 2171 2974 2243 ipsius
2990 2170 3330 2227 habuerunt
3351 2174 3418 2225 ut
3433 2172 3653 2238 essent,

245 2259 506 2334 αγγελὶου
534 2260 598 2314 τὸ
629 2257 923 2333 πέρας.οὗ
974 2257 1027 2310 τί
1085 2253 1142 2312 ἄν
1212 2256 1427 2331 γένοιτο
1486 2255 1866 2333 φοινερώιιεροιΙ

2035 2276 2209 2314 'erum
2227 2266 2286 2314 et
2314 2276 2687 2332 quaecunque
2719 2262 2778 2316 in
2802 2266 3103 2332 posterum
3124 2257 3437 2333 splendida
3455 2257 3656 2314 futura

245 2352 325 2406 ὅτι
353 2351 443 2406 καὶ
472 2351 540 2405 τὰ
574 2346 857 2422 μέλλοντα
889 2348 1113 2423 χρηστᾶ
1145 2344 1215 2402 δι’
1249 2347 1421 2416 αὐτὴν
1461 2367 1475 2417 ;

2037 2354 2172 2417 .unt,
2204 2348 2265 2403 in
2292 2348 2599 2406 beneficiis
2632 2352 2763 2423 ejus
2793 2357 2933 2407 sunt
2960 2348 3344 2406 recensenda.
3369 2351 3514 2405 Nam
3545 2348 3658 2404 ista

247 2458 476 2513 quoque
509 2444 754 2512 propter
783 2455 916 2504 nos,
944 2453 1054 2493 nos
1080 2455 1232 2503 vero,
1262 2443 1330 2493 ut
1352 2438 1480 2508 jam
1510 2442 1818 2492 ostensum
1843 2441 1951 2503 est,
1983 2443 2224 2511 propter
2247 2440 2433 2511 ipsam
2465 2458 2669 2497 sumus
2698 2458 2720 2495 ,ο
2752 2458 2855 2496 seu
2885 2441 3097 2497 melius
3122 2440 3373 2496 dixerim
3423 2439 3653 2496 futuro-

244 2548 374 2585 rum
406 2530 677 2585 omnium
709 2528 1310 2601 summajucunditas
1334 2527 1459 2599 jam
1483 2532 1711 2599 prostat
1759 2526 1932 2582 nobis
1963 2528 2025 2582 in
2057 2528 2218 2583 exitu
2244 2528 2405 2584 illius
2438 2531 2653 2600 nuntii,
2687 2529 2847 2602 quod
2877 2530 2952 2586 ad
2982 2531 3171 2602 ipsam
3194 2546 3353 2585 nunc
3381 2528 3659 2600 perlatim

248 2628 354 2676 est.
387 2620 537 2686 Quid
568 2620 726 2675 enim
758 2620 874 2675 hoc
903 2618 1301 2688 manifestius,
1334 2634 1512 2689 quam
1535 2617 1693 2689 quod
1713 2616 2010 2686 universa,
2044 2632 2174 2686 quae
2224 2616 2424 2673 futura
2479 2623 2617 2673 sunt
2674 2618 2848 2687 bona,
2905 2623 3149 2690 propter
3204 2617 3395 2690 ipsam
3460 2615 3662 2671 futura

250 2715 392 2765 sunt
410 2709 441 2763 ‘2

328 2796 445 2850 KX.
500 2796 666 2852 Τοῦτο
718 2797 782 2851 τὸ
846 2797 1080 2871 μήνυμα
1135 2796 1227 2851 καὶ
1295 2794 1456 2851 τέκνα
1521 2796 1671 2868 ἡμᾶς
1763 2796 1897 2849 Θεοῦ

2079 2809 2277 2867 XXIV.
2307 2812 2424 2867 Hoc
2455 2812 2730 2868 nuntium
2761 2813 2975 2879 etl‘ecit,
3033 2815 3101 2866 ut
3125 2810 3235 2882 ﬁlii
3288 2825 3522 2883 quoque
3559 2809 3654 2865 Dei

264 2883 358 2938 καὶ
421 2882 630 2938 ἀκούειν
694 2886 779 2941 καὶ
874 2886 1012 2941 εἶναι
1087 2885 1497 2959 παρεσκεύασεν.
1564 2885 1723 2941 Ὅσοι
1796 2883 1885 2957 γὰρ

2044 2909 2065 2957 ι
2094 2905 2445 2957 nominemur
2472 2909 2523 2957 et
2573 2905 2741 2959 simus
2769 2901 2837 2959 ⁸⁷.
2890 2903 3171 2971 Quotquot
3207 2903 3385 2965 .enim,
3447 2898 3665 2970 inquit,

254 2968 481 3045 ἔλαϐον,
568 2976 742 3051 φησῖν,
828 2975 1018 3045 αὐτὸν,
1124 2970 1321 3031 ἔδωκεν
1389 2975 1576 3039 αὐτοῖς
1659 2971 1875 3046 ἐξουσία

2035 2998 2331 3062 'eceperunt
2359 3007 2501 3059 eum,
2531 2992 2685 3047 dedit
2712 2994 2787 3048 eis
2818 2968 3145 3063 potestatem
3176 2991 3318 3060 ﬁlios
3375 2988 3477 3045 Dei
3509 2968 3656 3059 fieri,

242 3065 407 3122 τέκνα
482 3069 616 3120 Θεοῦ
685 3067 958 3142 γενέσθαι,
1049 3070 1167 3127 τοῖς
1239 3064 1585 3120 πιστεύουσιν
1665 3062 1741 3124 εἰς
1839 3082 1863 3115 τ

2043 3082 2100 3136 ιίε
2124 3082 2225 3150 qui
2253 3081 2484 3136 credunt
2514 3082 2573 3136 in
2603 3061 2971 3152 nomine‘cjus
2998 3078 3066 3137 ⁸⁸.
3101 3081 3173 3135 Ει
3219 3078 3395 3135 sicuti
3451 3094 3563 3133 non
3594 3093 3664 3133 ea:

244 3152 419 3229 ὄνομα
497 3152 686 3208 αὐτοῦ.
767 3154 864 3209 Καὶ
939 3153 1173 3229 καοέπερ
1248 3152 1348 3209 οὐκ
1432 3151 1494 3209 ἔκ
1593 3151 1865 3225 θελήματα

2030 3170 2295 3226 :oluntale
2324 3169 2531 3237 carnis,
2561 3187 2735 3241 neque
2766 3187 2835 3226 ea:
2878 3151 3170 3226 ivoluntate
3219 3168 3331 3224 viri
3380 3167 3455 3223 ad
3497 3167 3651 3224 hanc

244 3247 465 3318 σαρκὸς,
531 3239 663 3298 οὐδὲ
748 3241 809 3298 ἐκ
901 3240 1216 3315 θελήματος
1260 3239 1454 3319 ἂνδρὸς
1532 3242 1560 3297 ὁ
1616 3240 1865 3315 ἇσπασμὸ

2038 3262 2201 3319 n'atia
2226 3257 2521 3331 plenam89
2551 3239 2744 3316 delata
2774 3264 2863 3316 est
2894 3258 3170 3316 salutatio
3206 3275 3220 3327 ;
3254 3258 3339 3314 sic
3370 3262 3428 3314 et
3453 3261 3659 3313 nostra

243 3331 446 3402 ἒπῆλοε
481 3336 554 3407 τῇ
587 3330 1207 3408 κεχαριτωμένῃ,οῧτω
1262 3332 1352 3387 καὶ
1414 3333 1550 3405 ⁵ἡμῖν
1606 3327 1677 3386 δι’
1734 3328 1864 3398 αὗτῆ

2036 3366 2122 3405 )er
2150 3349 2339 3420 ipsam
2372 3348 2956 3423 regeneratio,nulla
2984 3348 3229 3404 omnino
3286 3347 3340 3403 ei
3397 3345 3657 3403 admista

247 3424 280 3491 ἦ
336 3422 654 3483 ἂνάπλασις
730 3428 1000 3498 σαρκικῆς
1054 3419 1283 3496 ἄμικτος
1354 3425 1690 3497 θεουργεῖται
1749 3420 1868 3495 ῥῖζη

2043 3419 2239 3493 :arnali
2273 3419 2493 3508 radice,
2528 3438 2809 3493 divinitus
2843 3437 3118 3493 efﬁcitur.
3152 3438 3223 3491 Et
3277 3434 3664 3507 quemadmo-

252 3512 488 3584 ἀπάσης.
552 3513 661 3569 Καὶ
725 3512 963 3586 καθάπερ
1050 3511 1142 3567 τὸν
1224 3511 1492 3586 ἡμέτερον
1579 3510 1873 3586 προγονικὸ

2046 3526 2158 3582 lum
2192 3542 2226 3582 a
2255 3528 2448 3599 primo
2475 3531 2721 3599 parente
2744 3531 3053 3597 acceptum
3092 3524 3509 3580 indumentum
3558 3539 3667 3578 no-

258 3601 493 3673 χιτῶνα,
529 3602 596 3657 οὗ
628 3602 719 3656 καὶ
749 3602 888 3671 αὖτῆ
927 3600 1206 3676 μετὲσχεν,
1234 3599 1364 3656 ὅλον
1418 3604 1535 3674 Θεῷ
1589 3600 1879 3674 καθιέρωσε

2042 3621 2231 3683 ιινιιω,
2264 3616 2422 3686 quod
2452 3616 2581 3688 ipsa
2611 3632 2849 3687 quoque
2882 3614 3192 3671 nobiscum
3249 3612 3457 3668 habuit
3502 3627 3663 3666 com-

252 3696 340 3750 τὸν
377 3695 498 3751 ἴσον
529 3694 754 3771 τρόπον,
786 3696 844 3749 ὅν
908 3695 938 3750 ὁ
990 3695 1110 3749 καθ’
1165 3696 1311 3768 ἡμᾶς
1368 3690 1646 3748 ἐκόκλωσε
1699 3690 1873 3748 κόλπο

2041 3720 2224 3771 nune,
2247 3709 2434 3760 totum
2464 3704 2584 3760 Deo
2607 3704 3010 3770 consecravit;
3034 3703 3162 3775 pari
3191 3702 3422 3757 ratione
3454 3701 3662 3768 Deum,

256 3786 405 3854 Θεὸν,
432 3791 557 3849 τοῖς
604 3784 903 3862 ὁμορυὲσιν
965 3781 1189 3838 ἔσπευσε
1249 3780 1595 3856 μεταδοῦναι,
1649 3781 1734 3837 ὅτι
1784 3778 1877 3837 τοῦ

2045 3809 2200 3863 luem
2232 3792 2397 3847 sinus
2427 3792 2723 3847 humanus
2755 3790 3061 3863 amplexus
3080 3789 3585 3861 fuerat,quoniam
3605 3786 3666 3843 in

258 3893 347 3927 τον
378 3870 577 3930 ἔλαϐεν
609 3874 662 3929 ἐν
697 3874 881 3948 ἑαυτῇ.
927 3872 1036 3930 Καὶ
1093 3874 1156 3943 ἦν
1220 3873 1311 3946 μὲν
1363 3870 1619 3946 οὐδαμῶς
1676 3870 1879 3927 ἆκόλου

2046 3882 2344 3954 .emetipsa
2365 3898 2501 3937 eum
2525 3886 2853 3953 receperat,
2886 3885 3113 3936 naturae
3145 3896 3266 3935 sum
3294 3877 3667 3934 consortibus

263 3966 377 4027 θον,
409 3962 552 4020 διότι
585 3961 761 4038 δέρμα
788 3965 975 4019 κοινὸν
1019 3956 1276 4036 ἔσχομεν,
1334 3959 1422 4017 διά
1475 3966 1637 4019 τοῦτο
1687 3960 1776 4016 καὶ
1836 3958 1881 4013 ὦ

2047 3972 2380 4044 iarticipare
2414 3970 2744 4026 studuit.Et
2772 3985 3145 4041 consequens
3175 3966 3438 4040 profecto
3469 3964 3668 4021 nulla-

261 4046 564 4122 ἑπλοῦτησε
620 4056 963 4127 οεουργικών
1048 4046 1421 4122 λαμπηδόνων
1505 4046 1700 4118 ἐπίσης
1776 4046 1882 4102 αὖτέ

2044 4078 2197 4117 enus
2230 4067 2376 4129 erat,
2409 4066 2473 4115 ut
2502 4060 2642 4131 quia
2666 4059 2849 4115 vellus
2882 4075 3017 4115 cum
3040 4059 3172 4130 ipsa
3214 4071 3531 4113 commune
3563 4070 3665 4126 ge-

260 4146 559 4207 κοινωνεῖν,
608 4141 645 4211 ἢ
691 4138 885 4216 ὀλίγου
952 4135 1065 4193 δεῖν
1111 4139 1245 4211 πρὸς
1297 4137 1457 4208 αὐτή.
1516 4135 1673 4193 ³Λλλ¹
1731 4135 1876 4190 ὣσπε

2047 4153 2323 4221 'ebamns,
2347 4152 2565 4207 idcirco
2598 4150 2935 4223 splendoris
2988 4166 3224 4221 quoque
3273 4147 3493 4216 deiﬁci,
3552 4162 3668 4218 quo

260 4224 361 4280 τῶν
420 4229 650 4303 ὑψηλῶν
706 4227 863 4285 οὔεὶν
921 4229 1017 4297 ἧν,
1077 4228 1105 4282 ὁ
1170 4229 1268 4298 τήν
1343 4226 1632 4300 ἐπιθυμίαν
1702 4225 1879 4296 ἐκείνη

2050 4243 2385 4313 ocupletata
2415 4258 2483 4297 ea
2513 4247 2795 4312 est,aeque
2810 4240 3018 4312 acipsa
3039 4238 3357 4312 participes
3379 4252 3668 4306 essemus,

269 4313 573 4389 ἒνέπλησεν,
630 4318 733 4381 ἕως
781 4320 843 4375 ἄν
909 4318 1004 4373 καὶ
1072 4317 1199 4372 Θεὸν
1277 4316 1437 4372 αὐτὸν
1504 4315 1764 4391 καταπίῃ,
1822 4337 1890 4371 κα

2049 4338 2129 4388 tut
2156 4330 2454 4386 modicum
2488 4329 2630 4401 quid
2660 4328 2733 4385 ab
2764 4330 2893 4401 ipsa
2917 4328 3519 4384 distaremus.Verun1
3553 4324 3670 4378 sic-

283 4410 441 4461 τοῦτο
478 4404 642 4464 Δαιδὶὸ
695 4409 821 4484 περὶ
876 4407 1050 4477 αὐτῆς
1106 4404 1462 4483 ἐναργέστατα
1519 4406 1904 4482 προεκρότηιτε1

2048 4422 2112 4476 ιιὶ
2144 4420 2291 4476 nihil
2323 4418 2414 4475 vel
2463 4381 2621 4473 inter
2671 4381 2954 4473 sublimia
3010 4433 3260 4488 quaeque
3319 4413 3450 4482 fuit,
3512 4409 3669 4481 quod

285 4493 726 4580 Χορτασοήσομαι
781 4499 835 4554 ἰν
895 4500 980 4569 τῷ
1039 4494 1263 4573 ὀφθῆναι
1327 4516 1443 4569 μοι,
1498 4496 1736 4574 φάσκων,
1818 4496 1906 4565 τήν

2049 4509 2391 4566 lesiderium
2449 4508 2609 4563 illius
2662 4507 2899 4580 explere
2966 4510 3188 4578 posset,
3255 4503 3444 4558 donec
3485 4501 3670 4554 Deum

274 4578 431 4656 δόξαν
513 4612 626 4665 σου,
721 4589 960 4645 ἐνταῦθα
1017 4584 1187 4658 μόνην
1258 4585 1489 4660 εὑροῦσα
1573 4586 1758 4641 στάσιν
1817 4591 1895 4655 τῆι

2054 4616 2225 4671 psum
2256 4598 2460 4666 ebibit,
2494 4597 2672 4669 idque
2713 4578 2784 4651 de
2820 4597 2950 4668 ipsa
3007 4592 3186 4650 David
3234 4588 3673 4648 evidentissime

263 4670 586 4755 Baga-'15,,
642 4682 899 4758 ἀγαθῶν·
962 4674 1144 4736 οὕτως
1200 4672 1357 4730 οὐδὲν
1404 4680 1482 4748 τῷ
1538 4673 1762 4751 πελάγει
1817 4678 1884 4745 τῆ

2055 4670 2177 4745 ἶὶίῐῐι
2198 4688 2485 4760 plaudens
2516 4686 2887 4759 praedixerat,
2920 4684 3201 4756 inquiens
3227 4700 3240 4738 :
3271 4680 3524 4750 Satabor,
3554 4695 3676 4735 cum

247 4770 387 4844 πρός
445 4774 503 4830 τὸ
561 4775 722 4850 γένος
782 4767 1016 4843 ἀγάπης
1076 4769 1176 4832 τῆς
1212 4763 1486 4840 πανάγνου
1541 4764 1868 4840 προσίσταται

2052 4779 2358 4850 tpparuerit
2389 4776 2577 4850 gloria
2608 4782 2705 4830 tua
2726 4774 2791 4843 9°,
2824 4779 2884 4829 et
2913 4773 2993 4827 ibi
3025 4771 3219 4828 solum
3250 4770 3545 4826 bonorum
3577 4768 3673 4824 siti

229 4861 308 4933 μὴ
342 4867 463 4919 τῶν
488 4849 626 4921 ἲσών
662 4860 886 4929 ἐθέλειν
911 4854 1058 4927 αὑτῇ
1104 4849 1425 4926 μεταδοῦναι
1466 4853 1557 4907 καὶ
1605 4856 1743 4928 ἡμῖν
1786 4852 1850 4908 λα

2059 4849 2425 4921 enimentum
2457 4864 2684 4919 invenit
2713 4878 2727 4930 ;
2752 4863 2835 4918 sic
2867 4860 3011 4917 illud
3043 4860 3264 4916 amoris
3293 4858 3678 4933 pelagus,quo

225 4956 522 5027 ροτιςτων.
2034 4954 2355 5028 purissima
2386 4953 2490 5009 illa
2518 4952 2849 5007 humanum
2879 4967 3064 5023 genus
3094 4951 3498 5023 prosequitur,
3532 4963 3676 5003 nus-

2036 5044 2196 5117 piam
2254 5044 2503 5110 sistitur,
2564 5040 2885 5112 quominus
2944 5038 3187 5096 eosdem
3243 5037 3593 5113 splendores
3624 5038 3687 5090 et

2039 5134 2151 5190 sibi
2180 5139 2240 5189 et
2269 5133 2441 5189 nobis
2472 5145 2825 5188 communes
2859 5145 2959 5185 ese
2990 5128 3149 5185 velit.

299 5289 353 5326 ‘7
388 5292 568 5351 Joan.
597 5308 680 5363 ιιι,
717 5291 771 5347 1.
852 5286 902 5323 ⁸⁸
932 5284 1106 5340 Joan.
1135 5296 1172 5352 ι,
1208 5284 1292 5337 12.
1368 5280 1416 5317 ⁸³
1445 5280 1589 5337 ibid.
1624 5282 1711 5337 I3.
1787 5277 1835 5315 9°
1864 5279 1920 5333 P1

666 5334 680 5363 ,
717 5291 771 5347 1.
852 5286 902 5323 ⁸⁸
932 5284 1106 5340 Joan.
1135 5296 1172 5352 ι,
1208 5284 1292 5337 12.
1368 5280 1416 5317 ⁸³
1445 5280 1589 5337 ibid.
1624 5282 1711 5337 I3.
1787 5277 1835 5315 9°
1864 5276 2019 5333 Psal.
2052 5293 2166 5347 xvr,
2200 5280 2285 5332 15.

1616 5439 1765 5497 Ant.
1798 5432 2097 5495 Ballerini
2128 5436 2318 5493 notas.

344 5601 471 5670 (t2)
521 5604 661 5661 Ecce
716 5603 850 5671 tibi,
942 5594 1309 5671 beatissima:
1372 5594 1635 5667 Deiparaa
1692 5592 1940 5671 animam
2048 5591 2179 5671 ipsa
2217 5589 2423 5671 erigat.
2473 5589 2781 5671 Patiturne
2840 5584 3219 5671 rei.natura,
3274 5590 3356 5671 ut.
3396 5571 3690 5671 ejtlfgggj

276 5643 1021 5739 Ψλῖιῖίυηιένιῖἕωῖθέόνὰἰλὲ
1042 5643 1456 5724 eminentiorem
1477 5643 1551 5723 55
1567 5680 1750 5739 prope
1781 5664 1943 5739 _dixe-
2050 5643 2621 5739 ingma'iﬁéjhg’dém
2643 5643 2853 5732 lapsus
2878 5643 3217 5714 miserrimo
3246 5660 3407 5711 statu
3424 5643 3691 5703 'condita

275 5736 398 5795 πίω
442 5745 678 5804 divinam
695 5749 948 5804 Creator
962 5738 1263 5808 condit,ut
1282 5733 1612 5812 collapsum
1633 5733 1942 5793 hominem
2053 5734 2432 5791 existimetur
2459 5733 2487 5791 ?

599 5867 860 5932 Puaot.
910 5862 1028 5925 Gn.
1075 5855 1381 5921 CXXXIX.
3333 5840 3372 5897 Α
