4104 6300
432 420 546 485 107

1594 412 1884 478 ISIDURl
1925 411 2694 481 THESSALONICENSIS

3689 426 3790 488 {08

502 556 674 615 XXV.
701 558 916 613 Verum
945 558 1012 612 ut
1040 555 1187 628 ipsa,
1221 550 1650 627 propemodum
1696 551 1884 607 instar
1911 548 2079 606 Crea-

2264 553 2382 610 KE’.
2426 553 2584 610 Ἀλλ’
2645 553 2715 608 ’ἐν’
2764 572 2839 614 ως
2904 550 3029 628 περὶ
3088 557 3288 630 μικροῦ
3337 555 3426 612 και
3481 557 3796 634 Δημιουργὸς

433 649 582 705 toris
613 654 789 720 atque
822 646 1056 702 Domini
1088 645 1248 712 boni,
1273 642 1534 700 Creatori
1565 659 1634 700 ac
1665 641 1807 698 Filio
1839 658 1946 698 suo
2002 640 2081 696 si-

433 738 592 796 milis
623 742 929 811 appareat,
959 736 1218 792 maxima
1247 751 1496 807 quaeque
1527 733 1684 788 bona
1707 732 1891 788 effuse
1945 749 2080 788 cum

437 829 570 886 aliis
601 827 1020 884 communicat.
1053 825 1328 892 Quinimo
1379 841 1496 896 quo
1538 821 1812 878 ostendat
1839 828 2083 895 propter

437 935 546 974 nos
573 918 636 973 in
667 918 821 972 hanc
846 917 1025 972 vitam
1059 932 1120 971 se
1151 914 1555 986 editamjesse,
1579 919 1645 967 ut
1673 913 1844 968 nobis
1893 929 1926 966 a
1964 913 2081 967 Deo

437 1009 727 1082 sejunctis
775 1024 1018 1064 manum
1052 1007 1334 1079 porrigat,
1363 1021 1590 1074 nosque
1653 1005 1772 1058 Deo
1831 1001 2082 1074 conjun-

433 1104 531 1172 gat
559 1097 968 1171 (l3),benigno
1008 1095 1208 1154 animo
1252 1111 1358 1167 per
1386 1094 1600 1149 Filium
1633 1109 1807 1148 suum
1855 1109 1962 1147 nos
2019 1091 2081 1146 in

433 1193 664 1260 partem
695 1194 864 1244 vocat
893 1186 1132 1242 unionis
1163 1201 1297 1240 cum
1329 1183 1472 1252 illo;
1504 1188 1570 1239 ut
1599 1181 1758 1255 quod
1805 1181 1914 1252 ipsi
1973 1180 2086 1236 fuit

433 1279 590 1334 Deus
624 1276 1174 1350 per'_admirandam
1199 1275 1362 1331 illam
1393 1275 1843 1347 conceptionem
1863 1273 2083 1343 (ipsum

437 1368 600 1424 enim
630 1365 1067 1440 quodammodo
1109 1364 1453 1437 absorptum
1479 1381 1546 1420 ac
1573 1364 1682 1419 sibi
1717 1367 2084 1436 coagmenta-

435 1465 564 1515 tum
597 1457 1010 1532 portavit),hoc
1041 1455 1234 1527 ipsum
1267 1459 1323 1511 et
1352 1453 1629 1526 nos'jcum
1661 1455 1778 1510 Deo
1813 1452 2084 1524 experia-

437 1567 576 1606 mur
605 1565 712 1621 per
744 1547 1145 1619 sumptionem
1169 1545 1571 1616 carnis,quam
1593 1543 1935 1616 unigenilus
1957 1543 2088 1614 ejus

444 1637 630 1694 Filius
663 1654 734 1694 ex
763 1637 891 1709 ipsa
938 1637 1278 1708 assumpsit.
1329 1633 1561 1689 Etenim
1609 1634 1714 1698 Qui
1766 1632 2086 1701 manducat,

437 1727 658 1800 inquit,
717 1743 893 1782 meam
944 1743 1162 1782 carnem
1215 1732 1268 1780 et
1327 1725 1465 1780 bibit
1515 1739 1694 1778 meum
1739 1723 2086 1792 sanguinem,

440 1819 499 1873 in
529 1833 614 1873 me
641 1824 842 1882 manet,
871 1823 924 1872 et
955 1833 1050 1887 ego
1083 1818 1140 1872 in
1171 1831 1232 1871 eo
1261 1814 1328 1871 οι.
1362 1815 1449 1881 Ει,
1472 1812 1594 1871 Nisi
1623 1809 2090 1868 manducaveritis

2190 638 2278 694 καὶ
2338 637 2616 713 Δεσπότης
2677 640 2907 716 ἀγαθὸς,
2965 643 3102 699 κατὰ
3149 642 3242 698 τὸν
3304 641 3547 716 Πλάστην
3574 643 3658 700 καὶ
3690 645 3799 702 Υἲὸν

2189 727 2382 799 αὐτῆς,
2441 727 2818 810 ἀναδειχοεὶη,
2885 731 3100 788 πάντων
3184 732 3428 811 ἀφθόνως
3503 729 3797 807 μεταδίδωσι

2189 822 2296 874 τῶν
2362 819 2654 896 μεγίστων.
2715 819 2942 878 Μᾶλλον
2995 819 3053 878 δὲ
3106 820 3197 878 ἶσα
3254 818 3400 898 δείξῃ
3455 821 3534 878 δτι
3563 819 3628 878 δι’
3670 825 3802 896 ἡμᾶς

2191 916 2267 977 εἷς
2307 916 2399 972 τὸν
2435 917 2553 991 βίὸν
2581 917 2734 988 ἧκεν,
2773 917 2849 980 ὡς
2910 917 2969 974 ἂν
3024 921 3163 994 ἡμῖν
3215 920 3379 995 χεῖρα
3425 919 3634 996 ὀρέξασα
3679 941 3802 994 συμο

2193 1005 2366 1080 πλὲξῃ
2417 1010 2532 1078 Θεῷ
2595 1005 2791 1062 ἐκεῖθεν
2852 1005 3120 1083 διαστᾶσι,
3207 1009 3502 1084 προθύμως
3557 1005 3642 1064 διὰ
3713 1013 3802 1066 τοῦ

2193 1089 2334 1148 ἰδίου
2363 1093 2530 1148 τόκου
2568 1094 2870 1159 κοινωνοὺς
2906 1094 3068 1152 καλεῖ
3111 1103 3213 1168 τῆς
3261 1097 3398 1173 πρὸς
3452 1101 3633 1154 τοῦτον
3688 1095 3806 1154 ἰνώ-

2194 1205 2350 1255 σεως,
2415 1184 2484 1240 ’ἐν’
2541 1184 2673 1262 ὅπερ
2731 1185 2874 1262 αὐτῇ
2934 1186 3122 1264 γέγονε
3171 1187 3304 1253 Θεὸς
3360 1184 3446 1243 ὂιᾶ
3515 1193 3610 1259 τῆς
3671 1188 3808 1260 ξένης

2195 1271 2408 1345 ἐκείνης
2436 1271 2791 1350 συλλήψεως,
2822 1274 3025 1354 ἢνεγκε
3053 1276 3157 1353 γὰρ
3202 1275 3364 1332 αὐτὸν
3425 1276 3615 1332 ὡσανεὶ
3667 1297 3813 1332 κατα-

2193 1368 2394 1420 πιοῦσα
2449 1365 2541 1420 καὶ
2598 1366 2751 1439 αὐτῷ
2799 1372 3126 1444 συμφυεῖσα,
3191 1366 3354 1424 τοῦτο
3393 1367 3481 1423 καὶ
3545 1369 3700 1441 ἡμεῖς
3727 1365 3812 1422 πά-

2196 1454 2384 1528 θοιμεν
2405 1455 2542 1530 πρὸς
2574 1455 2706 1510 Θεὸν
2741 1451 2830 1511 διὰ
2860 1462 2961 1527 τῆς
3006 1461 3115 1512 τῶν
3178 1461 3389 1532 σαρκῶν
3448 1457 3816 1531 μεταλήψιως,

2197 1543 2271 1598 ὧν
2307 1545 2336 1600 ὁ
2376 1545 2689 1620 Μονογενὴς
2719 1543 2889 1615 αὐτῆς
2953 1545 3080 1620 παρ’
3137 1544 3304 1616 αὐτῆς
3361 1541 3739 1622 προσελάϐετο.
3765 1545 3814 1599 ’0

2196 1633 2428 1710 τρώγων
2509 1654 2614 1707 μου
2643 1634 2770 1709 γὰρ,
2845 1635 3004 1712 φησὶ,
3063 1635 3164 1705 τήν
3229 1635 3400 1712 σάρκα
3485 1634 3575 1692 καὶ
3665 1635 3820 1691 πίνων

2203 1742 2308 1795 μου
2373 1722 2436 1776 τὸ
2514 1721 2655 1795 αἷμα
2683 1719 2736 1778 ἐν
2803 1719 2931 1796 ἐμοὶ
3000 1723 3171 1797 μένει,
3205 1725 3366 1800 πᾶγὼ
3424 1725 3474 1781 ἐν
3538 1724 3699 1798 αὐτῷ’
3741 1743 3820 1778 και

2199 1810 2324 1866 Ἐὰν
2393 1811 2468 1884 μή
2525 1809 2730 1891 φάγητε
2782 1811 2883 1880 τήν
2937 1812 3106 1888 σάρκα
3158 1815 3256 1868 τοῦ
3348 1813 3484 1869 rio?)
3567 1812 3662 1870 τοῦ
3738 1810 3824 1868 ἆν-

445 1923 664 1963 carnem
719 1905 853 1962 Filii
911 1906 1148 1961 hominis
1202 1912 1254 1961 et
1297 1905 1544 1960 biberitis
1593 1904 1712 1974 ejus
1739 1901 2079 1972 sanguinem,

2201 1901 2445 1971 09am»,
2503 1899 2594 1955 καὶ
2660 1899 2821 1972 πίητε
2885 1901 3053 1956 αὐτοῦ
3129 1901 3194 1958 τὸ
3280 1903 3448 1976 αἷμα,
3521 1905 3624 1958 οὐκ
3687 1896 3827 1976 ἔχετε

443 2015 557 2054 non
589 1997 856 2053 habebitis
881 1998 1051 2051 vitam
1081 1994 1317 2066 ἱηξυοὺὶε
1337 1993 1404 2048 θ’.
1440 1995 1600 2049 Hanc
1657 2009 1832 2064 porro
1868 1991 2091 2048 suavis-

449 2087 683 2148 simam.
716 2085 966 2157 vitmque
1013 2084 1372 2156 largitricem
1398 2099 1626 2138 cumam
1660 2082 1770 2137 iste
1800 2097 1937 2136 vere
1995 2097 2093 2136 su-

447 2174 814 2246 percmlestis
845 2174 1022 2229 homo
1057 2173 1522 2246 (nempe_\'irgo)
1554 2172 1616 2226 in
1645 2171 1781 2226 sinu
1813 2187 1918 2226 suo
1953 2175 2090 2225 tan-

444 2281 625 2336 quam
659 2264 720 2319 in
751 2263 934 2319 fertili
966 2269 1127 2320 terra
1156 2261 1436 2332 excoluit,
1471 2267 1648 2333 atque
1681 2261 1762 2329 id,
1819 2259 1979 2332 quod
2028 2260 2092 2315 in

443 2370 668 2410 canam
701 2358 964 2409 nostram
996 2353 1256 2420 cederet,
1313 2352 1634 2424 apparavit.
1695 2355 1886 2423 Atque
1944 2349 2092 2406 adeo

445 2459 582 2498 cum
615 2441 884 2514 ejusdem
915 2441 1098 2497 Filius
1129 2445 1187 2496 et
1211 2441 1284 2496 ad
1302 2441 1454 2496 hanc
1477 2456 1747 2496 mensam
1779 2457 1887 2495 nos
1918 2444 2094 2496 attra-

439 2532 550 2599 hit,
584 2536 642 2588 et
672 2531 1049 2603 de:carnibus
1082 2531 1204 2586 suis
1235 2531 1474 2603 copiose
1514 2548 1622 2586 nos
1678 2531 1890 2603 pascit,
1951 2546 2093 2585 nos-

448 2638 562 2694 que
586 2637 840 2678 cernens
873 2637 972 2677 eas
1003 2620 1386 2692 degustantes
1411 2619 1664 2686 laetatur,
1697 2619 1825 2675 harc
1857 2636 2092 2691 quoque

443 2717 690 2785 accepta
746 2710 1063 2768 referenda
1093 2716 1230 2767 sunt
1263 2711 1429 2766 Matri
1464 2726 1478 2777 ;
1511 2710 1796 2782 quoniam
1854 2715 1912 2766 et
1966 2709 2096 2782 ipsa

440 2808 726 2874 tanquam
757 2801 984 2858 fructus
1015 2800 1325 2857 hominum
1356 2799 1490 2856 ideo
1521 2799 1804 2866 effloruit,
1837 2804 1904 2854 ut
1961 2815 2094 2855 car-

436 2889 816 2964 niumjpsius
848 2891 1003 2946 Deus
1033 2891 1202 2946 fieret
1249 2890 1566 2962 particeps,
1591 2894 1649 2944 et
1704 2888 1912 2944 matris
1971 2904 2093 2944 sua)

440 2985 720 3054 cognatos
752 2996 823 3035 ex
853 2979 1066 3035 iisdem
1121 2979 1354 3036 alteret.
1389 2981 1588 3050 Neque
1619 2979 1800 3046 enim,
1834 2978 1948 3034 nisi
1981 2977 2094 3034 hoc

436 3070 704 3127 futurum
737 3069 992 3136 esset,in
1021 3085 1120 3124 vas
1151 3069 1310 3124 istud
1328 3084 1758 3141 superomnem
1785 3067 2094 3123 materiam

2213 1990 2360 2059 ζωὴν
2425 1988 2476 2044 ἐν
2533 1995 2770 2054 εαυτοῖς.
2799 1991 2904 2047 Τὸν
2963 1985 3022 2046 δὶ
3058 1988 3282 2062 ἣδιστον
3337 1994 3432 2048 καὶ
3491 1992 3832 2067 ζωοπάροχον

2201 2083 2394 2135 τοῦτον
2458 2075 2674 2135 δεῖπνον
2743 2080 2772 2135 ὁ
2824 2080 3213 2156 ὑπερουρᾶνιος
3276 2077 3450 2146 ὄντως
3512 2082 3830 2159 ἰγεώργησεν

2203 2166 2488 2237 ἅνθρωπος
2519 2169 2698 2238 οὗτος,
2740 2167 2832 2224 καὶ
2875 2171 3023 2225 τοῦθ’
3052 2169 3083 2226 8
3139 2191 3192 2226 τι
3252 2167 3473 2236 δεῖπνος
3531 2174 3664 2244 ἡμῖν
3701 2167 3834 2247 1st—

2201 2259 2320 2313 σθαι
2359 2258 2772 2334 παρεσκεύασεν.
2842 2260 2994 2314 Ὦσο’
3060 2260 3185 2315 ὅταν
3244 2261 3272 2316 ὁ
3333 2261 3546 2332 ταύτης
3583 2260 3703 2324 Υἱὸς
3752 2256 3836 2313 καὶ

2201 2346 2338 2418 πρὸς
2365 2343 2529 2418 τήνδε
2561 2348 2712 2423 ἡμᾶς
2735 2343 2874 2424 ἕλκῃ
2903 2349 3004 2418 τὴν
3052 2349 3344 2426 τράπεζαν,
3417 2351 3510 2407 καὶ
3567 2355 3673 2407 τῶν
3722 2349 3834 2404 ina-

2207 2439 2304 2492 τοῦ
2339 2439 2479 2511 μήτε
2543 2434 2796 2514 φεῐδηται
2855 2442 3089 2515 σαρκῶν,
3139 2439 3232 2494 καὶ
3295 2438 3474 2516 χαίρῃ
3527 2437 3840 2518 γενομὲνους

2202 2526 2378 2602 ὁρῶν,
2407 2524 2498 2582 καὶ
2528 2531 2596 2601 τῇ
2625 2526 2814 2602 Μητρὶ
2861 2530 3030 2583 ταῦτα
3088 2523 3294 2596 δοτέον,
3355 2528 3446 2585 ὅτι
3502 2528 3708 2604 καρπὸς
3763 2525 3846 2581 ἆν-

2204 2615 2440 2690 ορώπων
2476 2616 2892 2692 ὲεηνοουργήοη
2945 2615 3036 2672 καὶ
3093 2616 3256 2688 αὕτη,
3309 2615 3404 2674 ’ἱνα
3463 2623 3574 2675 τῶν
3615 2619 3710 2693 μὶν
3773 2613 3860 2672 αὖ·

2199 2711 2300 2775 τῆς
2354 2706 2669 2780 κοινωνήσῃ
2733 2705 2863 2768 Θεὸς
2923 2709 3156 2782 σαρκῶν,
3217 2708 3396 2782 θρὲψῇ
3455 2707 3513 2764 δὲ
3557 2708 3776 2770 ταύταις
3797 2703 3858 2762 τὸ

2201 2794 2454 2870 συγγενὲς
2527 2800 2630 2864 τῆς
2708 2794 2942 2869 μητρὸς.
3019 2792 3160 2853 Οὔτε
3234 2795 3364 2870 γὰρ,
3445 2797 3496 2853 ει
3576 2799 3654 2873 μὴ
3712 2799 3863 2854 τοῦτο

2201 2879 2426 2960 ἔμελλε,
2486 2887 2549 2941 τὸ
2610 2885 2744 2961 ὑπὲρ
2801 2891 2975 2941 πᾶσαν
3018 2884 3159 2958 ὕλην
3209 2889 3674 2968 περιφανέστατον
3711 2891 3862 2944 τοῦτο

2202 2980 2393 3040 σκεῦος
2425 2977 2620 3052 χοϊκὸς
2649 2974 2707 3031 ἄν
2733 2973 3051 3033 διεικὸνισεν
3083 2974 3330 3055 ἀνδριὰς,
3390 2979 3526 3037 οὔτε
3581 2981 3676 3037 τὸν
3741 2980 3868 3055 χοῦν

2205 3064 2538 3134 ὑπελθοῦσα,
2595 3063 2714 3121 ἐπεὶ
2774 3065 2910 3140 μέγα
2964 3067 3027 3122 τὸ
3087 3065 3266 3128 ἐοικὸς
3325 3069 3460 3148 εἶχε
3529 3069 3673 3145 πρὸς
3723 3066 3869 3136 Θεὸν,

440 3177 508 3232 sp
542 3157 1003 3215 endidissimum
1064 3157 1498 3212 conformatum
1561 3173 1827 3229 unquam
1886 3156 2079 3214 fuisse?

2211 3154 2388 3212 ἄλλου
2425 3175 2522 3210 του
2553 3153 2614 3210 ἃν
2645 3154 2712 3224 ἦν
2740 3153 3017 3233 ἐφιεμένῃ,
3049 3156 3083 3226 ἢ
3113 3156 3142 3212 ὃ
3171 3157 3260 3212 καὶ
3288 3145 3428 3222 Θεὸς
3458 3157 3674 3216 ἐπόθει.

437 3249 782 3322 pulvereum
833 3245 1219 3302 simulacrum
1262 3247 1412 3320 (14);
1467 3263 1660 3317 neque
1711 3251 2026 3319 postquam
2073 3249 2136 3304 in
2187 3255 2404 3305 terram
2453 3247 2690 3304 advenit
2729 3247 3212 3319 quandoquidem
3246 3253 3368 3306 tam
3403 3266 3758 3324 expressam
3799 3245 3867 3304 ad

445 3342 660 3398 Deum.
691 3335 1144 3392 similitudinem
1175 3353 1294 3408 pra:
1328 3352 1390 3390 se
1417 3335 1666 3405 ferabat,
1699 3335 1860 3392 aliud
1889 3337 2194 3410 quidpiam
2227 3355 2406 3410 quam
2437 3335 2594 3409 quod
2624 3335 2997 3409 discupiebat
3024 3337 3196 3404 Deus,
3223 3345 3518 3412 exoptare
3554 3339 3868 3414 potuisset.

509 3430 656 3485 Cum
685 3443 860 3498 porro
891 3425 1038 3498 ligni
1069 3425 1401 3496 degustatio
1435 3425 1494 3480 id
1527 3425 1868 3494 exstitisset,
1927 3427 2087 3498 quod

447 3518 754 3574 hominem
776 3532 809 3572 a
839 3521 971 3585 Deo,
1002 3516 1150 3589 proh
1181 3515 1388 3572 dolor!
1421 3515 1880 3584 abalienaverat,
1912 3517 2086 3590 Virgo

437 3615 642 3667 autem
671 3625 838 3665 suam
871 3607 1058 3680 ipsius
1105 3623 1346 3663 carnem
1397 3607 1471 3662 ad
1531 3606 2085 3663 reconciliationem

440 3699 698 3756 divinam
730 3697 1009 3754 idoneum
1034 3697 1128 3766 iis,
1162 3697 1263 3768 qui
1295 3713 1366 3751 ex
1397 3712 1466 3753 ea
1495 3697 1744 3753 vicissim
1776 3697 2085 3770 degustas-

438 3790 995 3862 sent,pharmacum
1029 3787 1141 3860 (15)
1165 3787 1289 3842 fore
1321 3785 1686 3860 pchpiceret
1710 3786 1892 3860 (quod
1937 3804 2080 3844 sane

435 3878 826 3952 pharmacum
859 3879 1166 3952 (egrotanti
1222 3896 1342 3950 prae
1402 3893 1603 3936 amore
1654 3894 1758 3934 suo
1807 3878 2082 3950 cupiebat

435 3969 691 4042 gratuito
717 3968 1002 4040 prmbere)
1041 3968 1136 4035 ;id
1168 3969 1362 4040 ipsum
1382 3986 1518 4024 vero
1551 3973 1609 4024 et
1637 3970 1792 4024 Deus
1843 3974 2076 4040 gratum

431 4057 769 4124 haberet,se
800 4057 999 4130 ipsum
1030 4056 1274 4125 scilicet,
1297 4057 1490 4128 quoad
1525 4057 1651 4114 fieri
1682 4056 2076 4130 posset,lapso

430 4145 658 4200 homini
691 4145 1040 4200 alimentum
1072 4161 1369 4216 apponere
1401 4163 1416 4213 ;
1449 4163 1571 4201 non
1621 4151 1822 4217 posset
1877 4152 2076 4202 autem

433 4232 610 4287 homo
645 4232 928 4288 remediis
957 4233 1098 4300 illis,
1147 4250 1254 4305 per
1309 4251 1440 4306 qua:
1498 4236 1559 4290 in
1617 4237 1770 4290 viam
1829 4235 2072 4305 rediret,

421 4321 642 4394 juvari,
701 4321 845 4376 dum
905 4321 1158 4393 sejuncti
1217 4322 1468 4379 invicem
1541 4323 1882 4393 manebant,
1969 4324 2072 4380 sed

425 4415 747 4482 utrumque
778 4409 938 4465 uniri
969 4415 1362 4482 oporteret,ut
1385 4412 1557 4466 etiam
1579 4417 1822 4484 propter
1843 4417 2069 4468 naturas

2271 3423 2376 3484 Καὶ
2416 3425 2531 3480 ἐπεὶ
2561 3421 2726 3494 ξύλου
2787 3423 2884 3496 μὲν
2951 3423 3018 3494 ἦν
3074 3427 3280 3502 γεῦσις,
3341 3432 3379 3497 ῆ
3441 3433 3586 3484 Θεοῦ
3627 3427 3722 3482 τὸν
3782 3425 3868 3480 ἄν·

2197 3518 2438 3592 Θρωπον,
2494 3514 2640 3588 φεῦὲ
2701 3510 3100 3589 ἠλλοτρὶωσεν,
3160 3513 3304 3590 ἐώρα
3353 3511 3418 3572 δί
3478 3519 3586 3588 τὴν
3678 3514 3872 3586 ἑαυτῆς

2197 3606 2367 3682 σάρκα
2424 3604 2706 3679 φάρμακον
2767 3603 2953 3658 ἱκανὸν
3018 3602 3478 3681 ἀντιγευσαμένῳ
3531 3607 3678 3684 πρὸς
3729 3603 3870 3662 οεῖον

2195 3693 2494 3764 οἷκείωσιν,
2553 3693 2584 3748 ’ὀ
2639 3693 2730 3748 καὶ
2788 3698 3089 3768 παρασχεῖν
3170 3698 3248 3766 τῷ
3305 3701 3574 3753 νοσοῦντι
3665 3698 3876 3770 προῖκα

2191 3785 2398 3863 ἠγάπα,
2448 3783 2511 3838 τὸ
2569 3777 2616 3836 δ’
2673 3781 2926 3837 αὐτὸκαὶ
2978 3782 3106 3846 Θεὸς
3137 3780 3335 3861 ἐσῖλει,
3364 3789 3632 3867 τροφὴν,
3678 3786 3725 3842 εἰ
3758 3782 3876 3842 οἷόν

2184 3895 2264 3943 τε,
2296 3873 2480 3929 ἑαυτὸν
2511 3871 2831 3947 παραθεῖναι
2873 3875 2953 3944 τῷ
3008 3871 3344 3942 πεπτωκότι,
3422 3873 3564 3933 ἀλλ’
3619 3873 3864 3950 ἒκατέρῳ

2189 3963 2285 4037 μὶν
2340 3961 2554 4036 ἆμιγῶς
2613 3959 2713 4016 οὐκ
2764 3959 2834 4029 ἧν
2891 3957 3174 4036 ἄνορῶπον
3232 3965 3569 4040 χρήσασθαι
3634 3969 3748 4022 τῶν
3815 3959 3875 4018 δυ

2185 4057 2379 4122 νατῶν,
2439 4051 2578 4106 ὥστε
2634 4047 2966 4120 ἐπανελθεῖν,
3025 4045 3132 4105 ἔδει
3200 4048 3258 4106 δὲ
3311 4053 3621 4121 συνελθεῖν
3689 4052 3872 4134 ἀμφό-

2183 4161 2330 4218 τερα,
2378 4139 2453 4202 ὡς
2500 4138 2564 4194 ἄν
2623 4139 2712 4194 καὶ
2765 4137 2854 4193 διὰ
2910 4139 2972 4194 τὸ
3024 4139 3273 4216 συγγενὲς
3321 4139 3668 4220 εὔχρηστον
3796 4145 3875 4214 τῷ

2182 4227 2464 4306 χρωμένῳ
2523 4228 2588 4284 τὸ
2661 4227 2968 4307 φάρμακον,
3043 4227 3135 4283 καὶ
3207 4233 3377 4286 τοῦτο
3444 4235 3684 4297 παντως
3773 4231 3874 4288 οὗκ

2181 4318 2452 4396 ἀγνοοῦσα
2511 4319 2547 4388 ἡ
2604 4316 3003 4391 ὖπεράμωμος,
3062 4321 3198 4372 Θεοῦ
3259 4317 3318 4373 ἂν
3396 4318 3597 4380 ἐδεῖτο
3647 4321 3881 4399 κεράσαι

2177 4408 2276 4476 τὴν
2338 4406 2596 4482 ἴατρείαν,
2655 4404 2927 4479 Δεομένην
2979 4401 3037 4460 δὲ
3093 4403 3341 4483 παριδεῖν
3413 4411 3488 4467 οὐ
3567 4417 3740 4484 Θεοῦ,
3793 4412 3877 4466 ’ὁτι

425 4499 842 4573 cognationem
885 4498 1122 4555 medela
1146 4500 1412 4572 apprime
1442 4500 1710 4571 proflcua
1765 4503 2072 4561 utentibus

2198 4518 2236 4553 ξε
2270 4501 2458 4572 τυχεῖν
2480 4495 2546 4565 ἦν
2589 4493 2728 4567 ἀξία,
2757 4493 2953 4550 τούτου
2979 4515 3037 4550 τε
3061 4492 3168 4571 ἤρα
3198 4496 3354 4560 Θεός.
3395 4502 3513 4558 Διά
3583 4505 3764 4560 τοῦτο
3817 4499 3882 4558 τὸ

424 4591 598 4646 fieret
625 4589 782 4660 ;h€ec
799 4589 1003 4646 omnia
1017 4605 1151 4645 cum
1173 4588 1417 4644 minime
1441 4587 1603 4645 illam
1629 4607 1750 4661 prae
1772 4591 2066 4649 universis

493 4713 539 4754 δι
571 4717 740 4774 Joan.
773 4733 850 4787 vr,
882 4718 970 4775 56.
1047 4715 1094 4751 ⁸³
1125 4714 1269 4772 ibid.

2175 4582 2480 4662 παράδοξον
2512 4583 2849 4659 ᾠκονομήοη
2899 4586 3222 4659 μυστήριον·
3287 4585 3386 4644 καὶ
3443 4595 3695 4669 σαρκῶν
3745 4591 3882 4648 Θεοῦ

1736 4825 1878 4890 Ant.
1925 4825 2221 4890 Ballerini
2259 4830 2446 4889 nota.

495 4949 607 5025 (l3)
641 4952 698 5008 Si
732 4953 912 5036 Maria
942 4953 1072 5010 ideo
1106 4953 1266 5012 edita
1297 4960 1387 5036 est
1417 4954 1477 5014 in
1506 4954 1724 5036 lucem,
1777 4965 1844 5016 ut
1871 4961 2064 5036 _lapso

421 5023 684 5108 humano
715 5025 914 5108 generi
939 5043 1178 5108 manum
1205 5029 1467 5100 porrigat
1491 5047 1505 5096 ;
1529 5047 1665 5108 ergo
1687 5023 1844 5108 inter
1871 5023 2066 5104 lap‘sos

419 5099 551 5222 ipsa
581 5110 700 5149 non
734 5101 844 5150 est:
880 5113 1049 5152 secus
1069 5099 1230 5154 enim
1255 5117 1376 5156 una
1389 5117 1524 5156 cum
1551 5102 1794 5172 reliquis
1819 5099 2062 5162 manum

419 5168 435 5222 i
467 5169 580 5222 lam
613 5171 1104 5222 norrectam.aua
1134 5172 1543 5222 eriaeretur-et
1572 5173 1701 5222 insn
1728 5181 2062 5222 exsnentng.

419 5169 580 5248 illam
613 5171 967 5248 porrectam,
985 5184 1117 5248 qua
1134 5172 1543 5248 erig_eretur,et
1564 5169 1701 5248 ipsa
1728 5181 2062 5245 exspectas-

417 5236 757 5316 set.Deinde
777 5236 1079 5316 sejunct'os
1104 5236 1376 5316 homines
1405 5236 1531 5314 ipsa
1561 5236 1620 5298 in
1645 5236 1872 5316 partem
1897 5252 2062 5302 vocat

415 5309 854 5389 coniunctionis
884 5326 1018 5389 cum
1045 5309 1504 5389 Deo.Nu_nquam
1537 5309 1696 5389 ergo!
1727 5333 1862 5372 cum
1913 5318 2056 5375 reli-

417 5380 552 5451 quis
581 5378 1032 5451 disjunctaipsa
1061 5381 1170 5437 fuit
1199 5399 1233 5438 a
1265 5378 1400 5438 Deb.
1437 5378 1740 5449 Quomodo
1772 5389 1932 5444 enim
1964 5406 2058 5445 co-

454 5456 636 5532 natos.
654 5467 790 5506 suos
821 5451 895 5507 ad
927 5454 1110 5532 Deum
1162 5461 1444 5532 vocasset,
1477 5456 1545 5532 si
1583 5464 1640 5512 et
1669 5459 1798 5517 ipsa
1848 5466 1977 5517 erat
2023 5478 2058 5518 a

464 5519 896 5600 e_o_ali_ena,nec
924 5525 1112 5579 vocari
1138 5525 1257 5600 nisi
1282 5519 1581 5600 cum'al‘iis
1611 5532 1948 5600 potuisset?

481 5592 592 5665 (14)
625 5594 778 5663 Ηωο,
814 5596 898 5650 ιιιὶ
927 5597 1190 5668 patet,ad
1211 5598 1406 5654 Mariae
1454 5592 1910 5668 plasmationem
1959 5620 2051 5660 re-

481 5615 592 5665 μιιι)
625 5615 778 5663 nmo,
814 5615 898 5650 uu
927 5615 1190 5668 putet,aa
1211 5615 1406 5654 marite
1498 5615 1910 5658 Iasmauonem
1959 5620 2051 5660 re-

407 5663 681 5724 feruntur
707 5683 722 5738 ;
751 5682 888 5743 ergo
919 5667 992 5723 ab
1023 5667 1151 5742 ipsa
1180 5669 1270 5726 sui
1319 5615 1661 5731 conditione
1695 5675 1861 5750 Virgo
1915 5675 2053 5732 Dei-

2174 4977 2319 5034 para
2335 4975 2435 5014 vas
2466 4957 2576 5013 fuit
2607 4954 3117 5034 nitentissimum,
3141 4961 3320 5033 atque
3340 4960 3418 5020 in
3453 4969 3678 5027 terras
3704 4966 3893 5028 adve-

2175 5029 2740 5114 niensnon‘terreni
2769 5029 2912 5114 Adaa
2943 5029 3288 5114 imaginem,
3321 5036 3478 5114 sed“
3505 5055 3890 5114 expressam

2175 5104 2276 5228 De}:
2309 5099 2784 5228 stimilitudinem,
2809 5107 2876 5158 ut
2900 5118 3035 5158 mox
3055 5099 3262 5160 auctor
3281 5099 3694 5186 subdit,prm
3725 5131 3794 5172 se
3813 5115 3898 5169 fe-

2175 5192 2233 5228 re
2281 5190 2313 5228 a
2349 5215 2361 5228 .

2171 5179 2361 5231 rebat.

2242 5242 2728 5324 (15).I§fon_minus
2762 5243 3131 5324 luculentum
3161 5247 3300 5304 huic
3323 5247 3552 5311 habes
3592 5257 3896 5316 testimo-

2169 5317 2336 5397 nium
2361 5315 2614 5440 Virginis
2629 5315 3026 5373 immanitatis
3044 5337 3078 5374 a
3093 5324 3420 5377 communi
3437 5331 3760 5386 omnium
3774 5346 3904 5386 cor-

2169 5393 2442 5440 ruptione
2521 5402 2614 5440 am
2640 5403 2900 5440 auonam
2935 5395 3105 5440 nacto
3137 5399 3346 5440 sancta
3397 5397 3713 5440 Vix-ninia
3747 5416 3893 5440 (-an

2166 5387 2442 5472 ruptione
2469 5387 2614 5472 Nam
2640 5395 3105 5472 quonam‘pacto
3137 5399 3346 5472 sancta:
3397 5397 3714 5470 Virginis
3747 5416 3893 5456 caro

2164 5456 2550 5535 pharmacum
2576 5456 2780 5513 haberi
2803 5476 2870 5535 ac
2893 5456 3010 5535 dici
3031 5468 3231 5535 posset
3269 5456 3612 5528 adversus
3634 5456 3902 5535 vitium.

2164 5547 2280 5612 quo
2304 5533 2546 5612 prOpter
2589 5544 2757 5612 esum
2801 5531 2944 5612 ligni
2976 5531 3441 5612 _inﬂciebantur
3468 5541 3822 5612 homines,
3848 5531 3900 5600 si

2160 5599 2370 5659 eodem
2393 5599 2565 5675 plane
2595 5601 2803 5658 morbo
2825 5599 3094 5678 ejusdem
3126 5621 3261 5662 caro
3292 5599 3638 5688 corrupta
3669 5599 3903 5676 ιὸῖέιίι

4018 1094 4035 1190 l

4016 5530 4022 5604 ἱ

4014 5683 4019 5794 l

4012 5799 4017 5883 1

4012 5919 4015 6020 ¹

4012 6047 4013 6091 ι
