4104 6300
327 353 413 414 lilii
1122 350 1394 414 SERMO
1435 349 1511 412 IN
1556 346 2277 412 ANNUNTIATIONEM
2321 348 2393 410 B.
2438 346 2510 410 ν.
2558 349 2865 414 MANE.

332 484 653 554 κοινωνοῦμεν
711 475 1028 555 ἄνθρωποι,
1103 476 1166 543 ἃς

337 593 449 648 γηπε,
474 571 552 625 καῖ
581 571 674 625 τὸν
710 574 967 638 Σωτῆπα
998 567 1257 627 ἐνέδυσεν.

3593 354 3713 418 HO

1241 483 1276 550 ἡ
1336 480 1611 556 πάναγνος
1675 479 1952 556 ἐξιστοῦρ-

2067 481 2509 539 immaculatam
2542 486 2937 558 praeterirent,
2970 488 3155 543 Deum
3188 487 3464 561 precibus
3495 504 3711 544 exora-

1682 592 1686 599 '
2054 571 2176 642 bat,
2210 578 2275 628 ut
2304 573 2459 630 hanc
2501 575 2862 632 medicinam
2911 576 3208 633 misceret.
3242 577 3345 633 Dei
3377 594 3554 650 porro
3587 594 3711 635 non

340 667 739 735 eratrogautem
773 660 1111 733 despicere,
1146 666 1275 718 tum
1316 662 1459 734 quia
1497 662 1675 735 digna
1732 665 1860 717 erat
1916 678 2045 734 quas
2098 662 2245 717 votis
2305 680 2428 719 non
2458 663 2867 735 frustraretur,
2901 670 3027 721 tum
3059 666 3200 738 quia
3230 665 3292 721 id
3320 666 3517 738 ipsum
3550 668 3705 725 Deus

337 752 557 808 ardenter
605 750 951 823 exoptabat.
1006 750 1229 807 Idcirco
1278 751 1697 835 admirandum
1750 750 1894 807 illud
1940 757 2247 824 peractum
2301 759 2391 809 est
2439 755 2832 827 mysterium’;
2882 760 2942 810 et
2984 756 3410 828 participamus
3436 756 3712 814 homines

329 840 429 897 illas
453 841 544 897 Dei
576 856 813 906 carnes,
849 856 1001 911 quas
1032 841 1353 911 purissima
1382 840 1483 897 illa
1516 841 1849 910 contexuit,
1883 845 1942 897 et
1972 842 2189 913 quibus
2221 842 2417 899 induit
2445 844 2828 902 Salvatorem.

382 928 660 1001 Κζ.’()ἶμαι
705 924 788 1000 δε,
819 927 913 982 καὶ
974 924 1122 982 δυοῖν
1176 929 1390 994 τούτοιν
1444 924 1597 984 ἕνεκα
1652 928 1950 1004 ἀνθρώπων

328 1016 489 1089 ἤκουσε
548 1022 679 1080 παῖς
750 1019 787 1086 ἠ
855 1016 950 1072 τὸν
1012 1015 1368 1092 ὖπερώνυμον
1421 1020 1687 1090 κυήσασα,
1744 1018 1836 1073 ἳνα
1892 1041 1952 1075 τε

330 1113 422 1181 Θεῷ
446 1109 746 1182 κοινωνήσῃ
779 1105 873 1162 καὶ
923 1112 1025 1177 τῆς
1074 1105 1162 1162 ἐπὶ
1214 1115 1318 1185 γῆς
1351 1104 1536 1181 δόξης,
1578 1105 1706 1179 δόξα
1737 1108 1839 1184 γὰρ
1871 1113 1950 1181 τῷ

327 1196 532 1272 Δεσπὸτῃ
577 1197 669 1252 καὶ
732 1196 869 1270 ἅπερ
927 1198 1064 1269 ἡμῖν
1117 1196 1365 1268 ταπεινὰ,
1424 1196 1513 1251 καὶ
1571 1196 1763 1252 λοιπὸν
1796 1196 1948 1259 ’ὁπως

325 1291 423 1347 τοῖς
472 1286 771 1361 ἀνθρώποις
819 1283 1041 1361 γένηται
1100 1282 1294 1354 δῆλον,
1354 1287 1523 1362 μέχρι
1584 1285 1730 1350 τίνος
1777 1286 1942 1356 ὁπη-

328 1376 412 1440 λὸς
458 1375 747 1446 ἀναπτῆναι
807 1370 1049 1429 δύναται.
1110 1372 1247 1431 Οὔτε
1330 1374 1434 1451 γὰρ
1503 1379 1638 1448 Θεῷ,
1696 1374 1788 1430 καὶ
1844 1381 1944 1445 τῆς

328 1466 602 1541 ὑπεράγνου
656 1460 812 1540 δίχα,
870 1461 1080 1537 ἄπορον
1133 1463 1202 1533 ἦν
1260 1464 1297 1535 ἡ
1350 1464 1661 1540 τοῦγένους
1695 1464 1944 1539 βοήθεια,

322 1551 544 1610 καῖοὐδέ
570 1575 650 1616 τις
700 1553 881 1609 εἷλκεν
934 1553 1139 1631 ἀνάγκη
1201 1554 1279 1627 μὴ
1337 1552 1397 1609 ἂν
1452 1551 1640 1619 ἄλλως
1670 1554 1815 1628 ἔχειν
1844 1556 1944 1625 τὴν

319 1646 562 1720 πάναγνον
642 1641 894 1719 δαψιλῶς
951 1643 1331 1722 ἐμφορηθῆναι
1422 1649 1530 1699 τῶν
1626 1644 1802 1716 θείων,
1870 1645 1946 1718 μὴ

318 1739 569 1809 τυχοῦσαν
629 1736 738 1788 τῶν
796 1731 970 1787 κάτω.
1026 1733 1127 1787 Ἦν
1181 1730 1285 1807 γὰρ
1339 1731 1429 1787 καὶ
1485 1736 1646 1788 τοῦτο
1704 1733 1945 1808 Θεῷ

2134 932 2319 989 XXVI.
2385 935 2564 990 Porro
2623 937 2804 992 etiam
2864 935 3086 1009 duplici
3136 936 3249 994 hac
3313 936 3385 994 de
3417 953 3616 1009 causa,
3646 943 3716 995 ut

2060 1022 2301 1093 quidem
2332 1023 2606 1093 arbitror,
2633 1025 2758 1081 filia
2789 1025 3103 1082 hominum
3126 1042 3195 1082 ea
3225 1031 3429 1083 vocata
3459 1033 3707 1099 estquae

2061 1112 2231 1168 illum
2266 1114 2367 1185 qui
2409 1119 2499 1170 est
2544 1131 2721 1187 super
2768 1131 2946 1171 omne
2993 1132 3215 1173 nomen
3267 1118 3517 1189 peperit,
3550 1117 3714 1173 vide-

2060 1201 2204 1257 licet
2240 1207 2366 1258 tum
2421 1209 2489 1259 ut
2543 1220 2922 1261 communem
2980 1221 3116 1262 cum
3147 1206 3267 1261 Deo
3299 1206 3545 1261 haberet
3573 1221 3705 1261 eam

2064 1287 2313 1360 gloriam
2347 1306 2476 1361 quae
2498 1289 2637 1346 huic
2659 1308 2693 1347 a
2712 1292 2966 1348 terrenis
2998 1291 3299 1358 tribuitur,
3333 1308 3472 1349 nam
3502 1297 3707 1348 nostra

2065 1394 2301 1449 quoque
2334 1378 2661 1436 minimain
2683 1380 2932 1454 gloriam
2962 1382 3065 1437 Dei
3095 1381 3350 1449 cedunt;
3374 1388 3499 1438 tum
3531 1382 3711 1438 etiam

2064 1471 2131 1521 ut
2150 1467 2488 1523 hominibus
2512 1470 2891 1526 manifestum
2915 1470 3101 1536 fieret,
3135 1488 3447 1544 quousque
3477 1470 3715 1528 evolare

2062 1572 2297 1611 cwnum
2330 1563 2600 1613 nostrum
2632 1564 2829 1630 queat.
2878 1561 3078 1632 Neque
3111 1561 3272 1616 enim
3304 1562 3556 1617 arduum
3590 1566 3706 1617 Deo

2058 1645 2472 1715 fuisset,etiam
2503 1647 2748 1702 absente
2780 1648 2886 1704 illa
2914 1666 3036 1720 prae
3068 1650 3229 1704 omni
3260 1651 3516 1723 puritate
3541 1666 3713 1722 pura,

2058 1732 2321 1790 humano
2351 1735 2553 1808 generi
2606 1753 2781 1808 opem
2838 1737 3158 1810 porrigere,
3202 1755 3270 1794 ac
3300 1739 3463 1795 nulla
3491 1739 3716 1811 pariter

320 1820 440 1895 διον,
496 1823 702 1886 ἄνωθεν
754 1819 1027 1896 μετρῆσαι
1085 1823 1152 1893 τῇ
1204 1818 1464 1897 Παρθένῳ
1512 1823 1612 1889 τήν
1658 1820 1869 1897 τέρψιν,
1902 1821 1947 1877 εἰ

2067 1823 2306 1896 cogebat
2336 1825 2679 1896 necessitas,
2709 1830 2774 1881 ut
2796 1843 2917 1881 non
2942 1826 3116 1881 aliter
3143 1826 3468 1899 purissima
3498 1827 3601 1882 illa
3634 1826 3720 1881 di-

317 1913 394 1969 κσί
443 1912 517 1984 μή
575 1918 686 1986 γῆς
741 1908 918 1981 ἐκείνη
982 1929 1045 1987 γε
1102 1906 1325 1981 ἐδεήθη,
1366 1908 1435 1978 ἤν
1488 1912 1523 1977 ἡ
1582 1911 1710 1985 παρ’
1759 1912 1955 1981 ἑαυτῆς

317 1997 607 2075 λαμπηδὼν
666 2004 785 2062 τοῖς
863 1997 1061 2059 eam;
1133 2004 1419 2068 συνῆπτεν.
1488 1998 1557 2056 Εἴ
1614 1996 1672 2053 δὲ
1725 1998 1817 2054 καὶ
1877 2000 1953 2072 μὴ

317 2090 570 2165 γνώριμος
605 2088 939 2163 ἀνθρώποις,
998 2086 1131 2142 οἳων
1193 2086 1261 2156 ἧν
1322 2086 1445 2159 ἀξία
1494 2089 1530 2158 ἡ
1584 2087 1842 2163 μακαρία,
1874 2086 1959 2142 ἐν-

318 2177 426 2235 θάδε
451 2180 768 2247 καθίστατο,
827 2174 955 2233 οὐδὲ
1011 2176 1160 2251 ποιρᾶ
1212 2180 1375 2232 τοῦτο
1430 2183 1534 2247 τῆς
1566 2176 1956 2249 προσηκούσης

317 2267 369 2322 ἂν
415 2268 752 2343 ἀπετύγχανε
805 2263 969 2335 δόξης
1027 2264 1080 2319 ὲν
1132 2264 1367 2340 οὐρανῷ.
1424 2263 1586 2323 Ἀλλ’
1631 2262 1728 2320 ’ίνα
1774 2265 1954 2321 τοίνυν

313 2356 384 2412 ὅτι
445 2358 568 2420 Θεὸς
627 2357 683 2412 ἐν
741 2355 1005 2429 ὑψηλοῖς,
1064 2355 1152 2409 καὶ
1199 2360 1317 2419 τοῖς
1371 2354 1588 2430 γηῖνοις
1657 2351 1957 2429 δοξάζεται,

316 2451 458 2502 τοῦτο
518 2445 741 2515 κακείνη
808 2444 1036 2522 γένηται
1113 2442 1303 2518 ἐκείνῳ
1377 2442 1659 2500 ’καταπολῦ
1725 2443 1955 2514 ἐοικυῖα,

300 2537 396 2591 ’καὶ
438 2534 665 2608 μηδενὸς
716 2534 781 2589 ἂν
836 2535 1145 2611 ἀμοιροῦσα
1202 2535 1336 2609 πρὸς
1394 2531 1549 2605 δόξαν
1594 2532 1857 2609 τυγχάνῃ,
1892 2534 1955 2589 οὗ

321 2624 404 2678 καὶ
430 2625 571 2690 Θεὸς,
626 2624 718 2680 καὶ
772 2624 927 2686 ὅπως
987 2620 1265 2700 ἄνθρωποι
1324 2624 1401 2696 μὴ
1459 2627 1738 2694 τοσοῦτον,
1769 2623 1958 2698 ’ὀπαρν

310 2714 521 2781 ὶαυτῶν,
574 2713 701 2770 ὦσιν
754 2714 904 2791 ὕψος
965 2714 1327 2789 ἠγνοηκότες,
1378 2711 1467 2769 διὰ
1514 2717 1682 2769 ταῦτα
1726 2713 1819 2769 καὶ
1850 2720 1957 2789 γῆν

392 2804 402 2819 ι
714 2804 727 2825 ρ
854 2805 867 2823 ρ
916 2800 941 2821 κ
983 2804 1005 2831 ν
1335 2808 1361 2819 -ν
1442 2802 1455 2821 ς
1585 2803 1598 2824 ν
1650 2810 1675 2821 -ι
1821 2802 1834 2823 ν

314 2802 560 2874 ἐπατησεν
710 2824 1095 2881 υπερενοοςος,
1152 2803 1241 2858 καὶ
1294 2825 1373 2876 τῳ
1438 2804 1488 2875 εξ
1540 2824 1711 2874 αυτης
1741 2800 1957 2877 ἐλυτρῳ

311 2886 663 2967 περιεϐλῆθη.

2062 1913 2215 1968 vinis
2267 1913 2617 1969 muneribus
2670 1915 2908 1988 copiose
2966 1915 3393 1984 cumularetur,
3454 1932 3633 1987 quam
3666 1916 3715 1971 si

2064 2018 2270 2057 eorum
2302 2020 2433 2075 quas
2483 2004 2557 2059 ad
2603 2008 2819 2060 terram
2871 2006 3175 2077 pertinent
3211 2005 3508 2078 particeps
3541 2005 3723 2060 exsti-

2066 2092 2253 2146 tisset.
2286 2094 2354 2147 Et
2383 2092 2495 2148 hoc
2526 2093 2687 2148 enim
2727 2094 2845 2148 Deo
2876 2092 3047 2149 facile
3080 2100 3228 2164 erat,
3262 2094 3517 2167 Virgini,
3539 2110 3719 2166 quam

2066 2196 2207 2235 suus
2226 2179 2507 2251 splendor
2525 2182 2648 2254 jam
2665 2180 3001 2237 coelestibus
3022 2182 3377 2251 associabat,
3395 2199 3717 2255 congruam

2066 2285 2096 2324 e
2128 2270 2402 2339 supernis
2446 2271 2887 2341 jucunditatem
2927 2271 3244 2343 impertiri,
3285 2272 3399 2327 nisi
3451 2278 3510 2327 et
3559 2277 3720 2328 terra

2063 2357 2193 2429 ipsa
2226 2357 2594 2431 indiguisset.
2629 2360 2748 2415 Etsi
2778 2377 2955 2431 porro
2987 2360 3422 2433 incompertum
3456 2361 3717 2416 homini-

2062 2445 2175 2502 bus
2204 2450 2652 2520 permansisset,
2677 2449 2895 2520 quibus
2917 2449 3039 2505 illic
3071 2450 3398 2506 honoribus
3421 2451 3595 2506 beata
3619 2449 3720 2506 illa

2064 2535 2240 2607 digna
2270 2537 2609 2605 haberetur,
2642 2555 2762 2593 non
2812 2538 3031 2594 idcirco
3084 2544 3283 2595 tamen
3316 2545 3717 2595 consentanea

2066 2626 2178 2680 sibi
2210 2625 2399 2698 gloria
2428 2627 2489 2682 in
2520 2628 2684 2683 ccelis
2715 2627 2989 2684 fraudata
3016 2628 3245 2684 fuisset.
3277 2631 3487 2684 Verum
3522 2628 3718 2684 enim-

2065 2731 2201 2769 vero
2254 2719 2339 2781 ut,
2374 2716 2879 2786 quemadmodum
2924 2718 3081 2772 Deus
3130 2717 3191 2771 in
3244 2717 3517 2789 supernis
3557 2722 3617 2771 et
3658 2717 3719 2772 in

2066 2803 2447 2859 terrestribus
2489 2803 2877 2876 glorificatur,
2925 2804 2986 2859 id
3032 2804 3230 2876 ipsum
3261 2805 3482 2877 Virgini
3512 2810 3721 2878 utpote

2066 2894 2184 2949 Deo
2217 2892 2539 2949 simillima:
2570 2894 2960 2968 contingeret,
2992 2910 3138 2951 neve
3170 2911 3383 2967 expers
3415 2896 3542 2951 haec
3571 2895 3727 2952 foret

299 2985 546 3059 alicujus
589 2986 816 3060 glorias,
868 3001 990 3059 qua
1039 2987 1192 3042 Deus
1235 2987 1583 3057 honoratur,
1631 2990 1755 3042 tum
1807 2985 1984 3041 etiam
2035 2989 2102 3040 ut
2149 2983 2490 3040 hominibus
2536 2991 2656 3041 tam
2704 2985 3057 3059 prmcelsum
3103 2986 3214 3042 hoc
3245 3002 3420 3043 suum
3449 2986 3714 3060 ipsorum

297 3077 471 3133 decus
520 3094 643 3133 non
692 3077 936 3150 penitus
985 3075 1216 3147 lateret,
1265 3082 1582 3150 propterea
1624 3076 2051 3148 gloriosissima
2087 3074 2202 3131 illa
2243 3075 2421 3131 etiam
2454 3081 2673 3133 terram
2705 3076 2859 3134 hanc
2887 3075 3152 3146 calcavit,
3187 3082 3245 3133 et
3274 3082 3513 3134 terreno
3539 3075 3717 3133 indu-

294 3171 492 3222 mento
534 3172 629 3223 est
656 3166 1124 3223 circumvestita.

356 3264 473 3322 ΚΖ.
532 3263 640 3319 Καὶ
702 3260 794 3317 διὰ
850 3266 1041 3332 τοῦτο,
1122 3260 1422 3339 Μεγαλεῖα,
1482 3263 1668 3339 φησὶν,
1726 3260 1950 3334 ἐποίησὲ

2135 3254 2355 3312 XXVII.
2393 3255 2460 3311 Et
2508 3256 2749 3327 idcirco,
2789 3258 2947 3326 fecit,
2979 3257 3197 3329 inquit,
3224 3257 3368 3313 mihi
3395 3272 3596 3327 magna
3626 3259 3726 3328 qui

296 3372 384 3424 μοι
438 3352 468 3407 ὁ
530 3349 780 3414 δυνατός.
845 3354 1037 3409 Ταῦτα
1089 3347 1148 3406 δὲ
1222 3351 1460 3428 ἐναργῶς
1510 3352 1653 3427 εἶχε,
1709 3353 1800 3407 καὶ
1857 3350 1957 3406 οὐκ

287 3438 455 3497 ἐδεῖτο
485 3442 790 3512 ποιηθῆναι
850 3441 914 3497 τὸ
969 3442 1220 3518 γεγονός’
1281 3440 1411 3497 ἀλλ’
1444 3439 1777 3519 ἑφανὲρωσε,
1808 3444 1953 3516 σαφῆ

285 3536 411 3586 πᾶσι
469 3530 797 3603 κατέστησε,
860 3527 1032 3600 δηλοῖ
1084 3531 1148 3586 τὸ
1203 3529 1445 3602 ἐποίησε.
1498 3531 1595 3586 Καὶ
1657 3528 1727 3585 δι’
1781 3530 1955 3586 αῗτίαν

285 3619 415 3682 ἴσως
474 3622 746 3692 τοιαῦτην
799 3620 828 3675 ὁ
889 3614 1162 3695 Γαϐριήλ,
1219 3619 1355 3676 κατὰ
1406 3621 1509 3690 τὴν
1569 3625 1668 3690 τῆς
1727 3617 1953 3695 γλώτης

284 3705 585 3782 διαιονίαν,
647 3713 838 3785 Χαῖρε,
897 3707 1168 3788 ἒρώνησε,
1226 3710 1670 3789 κεχαριτωμένη,
1720 3709 1809 3763 καὶ
1867 3708 1952 3765 εὖ·

285 3796 598 3876 λογημένη,
653 3797 731 3854 ’ἶν’
787 3801 962 3871 ἡμᾶς,
1020 3818 1079 3853 τε
1137 3795 1320 3874 διδάξῃ
1378 3799 1518 3861 οἵαις
1576 3795 1659 3853 δεῖ
1715 3797 1951 3874 χρῆσθαι

284 3894 490 3963 φωναῖς
551 3888 692 3965 πρὸς
752 3887 946 3958 αὐτὴν,
1005 3886 1096 3942 καὶ
1154 3889 1291 3957 οἷον,
1354 3887 1489 3962 αὐτῇ
1538 3887 1601 3942 τὸ
1635 3887 1954 3965 μεγαλεῖον,

284 3976 634 4054 ἀνάγραπτον
701 3981 775 4053 τῇ
864 3972 1155 4053 ὲξαγγελίᾳ
1234 3976 1400 4053 ταύτῃ
1466 3976 1717 4052 προθείη.
1789 3973 1956 4033 Ἠδύ-

284 4084 416 4120 νατο
446 4068 554 4143 γὰρ
607 4068 699 4123 καὶ
755 4071 883 4129 ταῖς
943 4063 1247 4141 ἆγλώττοις
1301 4064 1400 4121 τοῦ
1455 4069 1546 4120 νοῦ
1603 4064 1825 4128 λαλιαῖς
1855 4065 1954 4132 τήν

286 4149 636 4231 λειτουργίαν
714 4155 1113 4229 οἷκονομήσειν
1188 4152 1416 4225 ἐκείνην,
1481 4153 1570 4209 καὶ
1644 4159 1724 4227 τῷ
1805 4152 1954 4226 αὺτῷ

290 4243 597 4314 χρωμένης
642 4242 864 4318 ὀργάνῳ
911 4246 1023 4297 τῶν
1064 4239 1334 4317 λαμπρῶν
1379 4248 1480 4311 τῆς
1524 4240 1799 4317 Παρθένου
1831 4239 1952 4299 δια-

289 4328 507 4384 κτόσειν
539 4331 830 4405 ῥημάτων.
893 4329 1001 4388 Καὶ
1060 4328 1169 4404 ε’ἒγε
1227 4331 1303 4403 μή
1364 4330 1565 4404 τρόπος
1614 4331 1683 4401 ἦν
1744 4329 1950 4407 ἓτερος,

294 4414 460 4481 οὗτος
489 4417 703 4493 δὲ,⁹ἰνα,
733 4423 797 4478 τὸ
834 4421 1092 4478 ταπεινὸν
1152 4420 1181 4475 ὁ
1238 4420 1513 4491 Δεσπότης
1572 4417 1954 4495 ἀναϐαλλόμε-

289 4524 401 4575 νος,
440 4511 521 4582 μὴ
552 4509 759 4589 σφόδρα
789 4508 1026 4586 ὑψηλῶς
1073 4508 1164 4565 καὶ
1214 4511 1289 4585 μὴ
1322 4508 1693 4582 καταλληλως
1725 4508 1954 4567 διασαλ-

289 4593 431 4701 ξξσῃ
500 4603 579 4672 τῷ
648 4602 955 4677 πράγματι,
1032 4599 1124 4654 καὶ
1200 4596 1409 4670 ἄλλως,
1486 4598 1570 4656 δτι
1636 4600 1728 4655 καὶ
1803 4601 2031 4701 ἡμᾶςῡ

291 4678 408 4737 ἔδει
479 4691 719 4759 μυεῖσθαι
772 4691 841 4746 τὰ
894 4690 991 4745 τὸν
1053 4688 1395 4768 ὑπερήφανον
1450 4688 1785 4763 πλήττοντα,
1826 4689 1956 4766 ὑπὲρ

288 4768 369 4823 ὧν
406 4774 449 4843 ἡ
488 4777 761 4854 οἰκονομία
788 4779 882 4835 καὶ
912 4778 1171 4849 τοιαύτη.

366 5040 518 5102 KH'.
574 5052 717 5104 Πᾶσα
764 5046 827 5106 ἂν
875 5046 971 5106 καὶ
1034 5049 1070 5116 ἡ
1135 5044 1394 5122 ἆγγελική
1457 5043 1844 5119 διακόσμησις,
1878 5045 1961 5101 οἳ·

294 5145 423 5196 μαι,
463 5133 679 5209 οὗρανός
706 5159 763 5195 τε
793 5138 885 5195 καὶ
926 5135 1119 5207 ἣλιος,
1175 5135 1267 5190 καὶ
1319 5138 1392 5211 γῆ
1450 5135 1537 5190 καῖ
1575 5135 1838 5204 θάλασςα,
1872 5134 1963 5189 καὶ

292 5219 449 5276 πᾶσα
493 5225 607 5283 τότε
660 5231 692 5300 ἡ
739 5230 943 5295 κτίσις,
1009 5219 1207 5280 ἕκαστα
1265 5224 1400 5298 μετὰ
1434 5222 1687 5299 γλώττης
1717 5223 1966 5280 ἀναπλα-

283 5307 510 5396 ςοεντα,
555 5318 615 5374 τὸ
664 5320 838 5396 Χαῖρε
887 5316 962 5392 τῇ
1024 5311 1281 5387 Παρθένῳ
1331 5309 1659 5385 συνεξεϐόων
1725 5318 1807 5386 τῷ
1862 5321 1965 5369 Γα-

271 5390 493 5484 βριὴλο
518 5410 605 5465 καὶ
658 5390 1068 5484 καθᾶπερτίπὶ
1127 5407 1325 5481 χοροῦ,
1384 5404 1445 5459 τὸ
1507 5402 1817 5479 μελῴδημα
1850 5401 1966 5460 δια-

270 5483 567 5571 δεχόμενοι
614 5505 711 5559 τοῦ
763 5483 1199 5578 πρωτοστάτου,
1254 5493 1323 5551 τὰ
1378 5491 1514 5550 αὖτά
1573 5491 1634 5550 ἃν
1693 5491 1968 5558 πολλάκις

358 5659 417 5700 ⁸³
447 5666 581 5730 an.
610 5688 647 5748 ι,
678 5675 771 5736 49.

2059 3354 2254 3418 potens
2285 3355 2360 3403 est
2386 3346 2453 3403 ⁸³.
2516 3349 2650 3404 Haec
2706 3365 2884 3421 porro
2941 3348 3239 3422 magnalia
3286 3348 3510 3421 absque
3542 3347 3723 3404 dubio

2064 3436 2168 3494 illa
2189 3438 2319 3510 jam
2354 3438 2718 3511 possidebat,
2749 3455 2861 3495 nec
2913 3456 3062 3512 opus
3093 3455 3236 3495 sane
3282 3445 3410 3495 erat
3445 3445 3512 3495 ut
3545 3438 3717 3494 fieret

2064 3528 2225 3599 quod
2253 3527 2477 3583 factum
2508 3529 2741 3597 fuerat;
2801 3534 2861 3584 at
2916 3528 3072 3584 vocis
3103 3527 3288 3595 illius,
3320 3529 3477 3596 fecit,
3511 3543 3724 3583 sensus

2064 3622 2173 3684 est,
2205 3620 2607 3687 manifestavit,
2656 3623 2715 3672 et
2762 3619 3011 3673 omnibus
3054 3619 3351 3689 perspicua
3381 3618 3582 3688 effecit.
3616 3618 3721 3671 At-

2063 3723 2179 3778 que
2224 3706 2433 3762 eadem
2481 3706 2732 3761 fortasse
2781 3706 2853 3761 de
2909 3723 3088 3762 causa
3117 3706 3350 3763 Gabriel
3381 3706 3655 3762 minister
3686 3723 3719 3762 ο

2060 3796 2276 3870 linguas
2308 3814 2450 3852 usus
2481 3796 2851 3865 exclamavit,
2881 3798 3019 3865 Ave,
3051 3797 3238 3867 gratia
3259 3797 3452 3868 plena,
3484 3800 3535 3852 et
3567 3797 3722 3851 bene-

2062 3886 2233 3955 dicta,
2266 3891 2331 3942 ut
2361 3885 2589 3941 scilicet
2618 3902 2727 3941 nos
2756 3884 2998 3941 doceret
3049 3884 3265 3957 quibus
3315 3901 3445 3941 eam
3475 3883 3721 3940 vocibus

2062 3975 2418 4048 compellare
2450 3980 2740 4048 Oporteat,
2774 3980 2956 4046 utque
2991 3990 3096 4030 suo
3129 3973 3268 4029 huic
3290 3974 3500 4030 nuntio
3533 3972 3718 4029 veluti

2061 4066 2413 4140 inscriptum
2472 4071 2850 4139 proponeret,
2911 4070 3133 4137 quanta
3206 4065 3431 4138 Virgini
3492 4066 3717 4121 inesset

2063 4156 2430 4214 excellentia.
2461 4158 2698 4212 Poterat
2727 4156 2885 4212 enim
2908 4155 3160 4228 spiritali
3193 4155 3321 4211 sine
3349 4154 3594 4211 vocibus
3626 4155 3713 4210 lo-

2062 4245 2298 4301 cutione
2347 4245 2745 4302 ministerium
2799 4245 2948 4301 illud
3007 4245 3192 4314 obire,
3227 4250 3286 4300 et
3315 4244 3577 4318 virginis,
3611 4243 3712 4299 in-

2062 4340 2391 4391 strumento
2436 4336 2592 4391 vocis
2648 4334 2892 4402 utentis,
2926 4334 3147 4390 eximia
3175 4334 3353 4390 verba
3383 4333 3711 4406 percipere.

2061 4424 2410 4497 Quanquam
2451 4442 2570 4481 non
2628 4424 2780 4480 alius
2838 4423 3139 4496 quispiam
3198 4422 3301 4478 sed
3346 4421 3444 4476 hic
3503 4418 3716 4474 modus

2062 4512 2326 4585 decebat,
2362 4531 2437 4570 ne
2468 4514 2777 4581 Dominus,
2828 4513 2969 4568 dum
3020 4517 3286 4567 nostram
3318 4507 3719 4563 humilitatem

2063 4602 2370 4671 induebat,
2421 4604 2652 4658 ratione
2700 4601 2880 4657 nimis
2925 4599 3188 4665 sublimi,
3222 4604 3280 4653 et
3310 4614 3481 4654 secus
3527 4612 3595 4653 ac
3625 4612 3722 4652 res

2062 4709 2168 4765 per
2218 4709 2280 4748 se
2330 4693 2609 4766 exigeret,
2662 4693 2882 4748 factum
2936 4690 3117 4746 veluti
3171 4688 3311 4746 tuba
3361 4687 3721 4745 annuntiare

2063 4780 2401 4848 videretur;
2431 4781 2760 4853 praesertim
2787 4795 2920 4835 vero
2943 4778 3102 4849 quod
3124 4784 3182 4834 et
3211 4794 3342 4845 nos,
3364 4794 3471 4851 pro
3503 4776 3720 4850 quibus

2065 4870 2179 4925 hoc
2210 4870 2561 4943 mysterium
2588 4868 3000 4942 peragebatur.
3024 4866 3227 4923 doceri
3257 4866 3567 4941 oportebat
3595 4865 3724 4937 qui-

2066 4958 2322 5015 busnam
2356 4957 2538 5014 armis
2567 4957 2909 5013 vulneretur
2939 4956 3249 5028 superbus.

2137 5051 2383 5106 XXVIII.
2420 5050 2635 5105 Omnes
2666 5049 2888 5121 itaque,
2925 5053 2991 5104 ut
3034 5049 3314 5118 arbitror,
3347 5044 3595 5120 angelici
3626 5060 3728 5099 or-

2066 5137 2258 5209 dines,
2292 5139 2626 5211 ceelumque
2658 5144 2716 5194 et
2748 5138 2858 5196 sol.
2892 5144 2953 5195 et
2982 5144 3161 5207 terra,
3196 5144 3255 5194 et
3284 5140 3537 5201 mare,et
3568 5150 3729 5204 qum-

2074 5228 2160 5284 vis
2210 5229 2328 5285 alia
2378 5234 2668 5297 creatura,
2721 5228 2889 5300 quasi
2934 5228 3182 5301 singula)
3232 5242 3439 5282 rursus
3471 5222 3729 5279 conditas

2075 5318 2279 5390 lingua
2326 5334 2431 5374 sua
2475 5319 2803 5389 instructae,
2852 5334 2975 5374 una
3014 5333 3225 5373 omnes
3272 5332 3407 5370 cum
3438 5309 3727 5376 Gabriele,

2076 5410 2212 5475 Ave,
2259 5408 2485 5480 Virgini
2543 5408 2987 5477 acclamabant;
3038 5423 3104 5463 ac
3136 5404 3315 5462 veluti
3346 5403 3523 5459 choro
3548 5399 3729 5463 facto,

2080 5496 2400 5555 melodiam
2432 5515 2462 5556 e
2495 5498 2749 5573 chorago
2794 5497 3176 5571 excipientes,
3210 5493 3367 5549 idem
3422 5487 3636 5561 saepius
3667 5484 3730 5537 in
