4104 6300
431 387 541 448 111

1575 384 1862 447 ISlDORl
1907 381 2010 443 ΤΗ
2022 373 2703 440 ESSALONICENSIS
3684 384 3784 445 112

432 534 642 592 gyrum
688 519 1035 591 repetebant
1081 524 1141 574 et
1186 518 1364 574 simul
1413 535 1546 575 cum
1589 519 1753 575 chori
1807 513 2049 589 principi

2186 508 2278 564 καὶ
2345 506 2650 562 ἀνείλιττον
2724 507 2817 562 καὶ
2890 505 3185 581 ἀνύμνουν,
3251 511 3340 566 καὶ
3417 513 3786 591 συνεφθέγγοντο

426 608 796 665 accinebant.
857 609 1039 664 Tanta
1095 608 1317 664 scilicet
1373 608 1706 680 purissima:
1751 607 1915 662 illius
1944 620 2069 660 ma-

425 698 766 770 gniﬁcentia
795 703 939 762 erat,
974 702 1032 753 et
1060 698 1170 753 hoc
1200 704 1370 770 pacto
1401 715 1436 754 a
1463 698 1750 754 creaturis
1777 694 2069 752 universis

425 787 723 858 Virginem
755 785 994 841 salutari
1027 786 1353 858 oportebat.
1389 785 1554 850 Quod
1603 786 1651 840 si
1700 801 1818 840 non
1845 783 2066 854 lingua,

422 881 664 947 prOpter
693 891 822 930 eam
855 891 1032 946 quam
1059 875 1320 930 diximus
1342 876 1655 939 rationem,
1681 878 1742 928 at
1761 878 1918 928 certe
1949 872 2066 926 fac-

420 965 498 1020 tis
527 965 807 1039 gaudium
856 982 1028 1022 suum
1077 972 1289 1022 cuncta
1335 965 1885 1029 manifestaverunt,
1929 976 2065 1016 eum

419 1055 494 1111 ad
523 1055 982 1127 splendidiorem
1015 1055 1418 1111 conditionem
1451 1069 1581 1109 sese
1620 1056 1894 1124 provecta
1922 1065 2065 1122 per-

418 1152 768 1212 senserunt;
801 1152 976 1217 atque
1008 1147 1092 1201 ita
1119 1151 1526 1202 creaturarum
1561 1141 1918 1199 universitas
1949 1138 2068 1194 cla-

413 1235 540 1291 rius
569 1235 748 1290 etiam
779 1251 959 1306 quam
982 1251 1088 1307 per
1109 1234 1327 1306 linguae
1358 1231 1756 1288 ministerium
1786 1227 2067 1284 laudatis-

416 1323 581 1378 sima:
611 1322 773 1378 illius
795 1322 1093 1394 magnalia
1114 1321 1450 1378 celebravit.
1483 1319 1649 1387 Quod
1679 1318 1838 1373 enim
1870 1331 2064 1387 neque

415 1416 699 1467 creaturas
739 1427 988 1482 qumque
1035 1417 1370 1478 terrestres,
1419 1425 1614 1480 neque
1663 1407 1816 1472 alia),
1850 1407 1897 1461 si
1931 1420 2062 1477 quas

417 1499 731 1556 exstabant
771 1505 1078 1568 creaturzn,
1127 1504 1420 1570 poterant,
1477 1503 1596 1553 tam
1627 1512 1810 1569 prope
1838 1494 2063 1550 scilicet

416 1587 492 1644 ad
521 1589 707 1643 Deum
737 1587 1040 1655 accedere,
1068 1595 1134 1644 ut
1164 1589 1289 1644 haec
1320 1588 1560 1660 quidem
1591 1592 1780 1643 semet
1815 1588 1931 1642 Deo
1964 1602 2061 1640 se-

415 1675 552 1732 dem
582 1681 964 1748 supponeret,
994 1676 1098 1732 illa
1127 1693 1260 1732 vero
1291 1681 1562 1746 stratum,
1597 1681 1655 1731 et
1684 1675 1803 1731 alia
1836 1673 2058 1741 cibum,

411 1763 528 1821 alia
557 1771 784 1837 potum,
817 1770 876 1820 et
903 1765 1086 1820 alium
1133 1765 1251 1822 alia
1295 1782 1469 1822 usum
1509 1764 1822 1836 praeberet,
1855 1767 1914 1817 et
1942 1761 2060 1818 alia

2184 604 2263 670 τῷ
2293 599 2583 677 χοροὶρχῳ.
2616 599 2890 656 Τοσοῦτον
2947 599 3050 675 γὰρ
3105 599 3168 654 τὸ
3219 607 3320 672 τῆς
3363 603 3608 680 πανᾶγνου
3641 625 3785 682 μιγαο

2186 689 2358 760 λεῖον,
2418 694 2514 744 καῖ
2551 685 2695 744 οὕτω
2744 693 2892 744 πᾶσα
2947 691 2982 759 ἡ
3039 689 3212 750 κτίσις
3267 698 3568 767 προσειπεῖν
3613 691 3790 770 ὤφειλε

2181 779 2252 854 τῇ
2308 780 2582 854 Παρθένῳ.
2645 776 2801 836 Ἀλλ’
2862 777 2908 833 εἰ
2965 779 3043 852 μή
3101 777 3348 856 γλώττῃ,
3409 778 3477 836 δι’
3518 783 3570 837 ὃν
3601 781 3789 855 εἴρηται

2181 867 2366 944 λόγον,
2424 869 2708 944 πράγμασι
2768 864 2826 922 δὲ
2881 864 3164 938 ἐδήλωσαν
3219 871 3320 940 τήν
3378 873 3564 948 χαρᾶν,
3619 871 3680 928 δι’
3727 871 3793 928 ὤν

2180 953 2410 1031 ᾔσθοντο
2457 957 2593 1033 πρὸς
2649 957 2711 1013 τὸ
2771 953 3124 1036 φαιδρότερον
3185 957 3388 1015 ἑαυτῶν
3429 957 3789 1033 μεταποιηθέν·

2178 1063 2309 1102 των·
2378 1047 2469 1103 καὶ
2537 1045 2710 1109 οὕτως
2775 1048 2810 1116 ἡ
2881 1043 3218 1124 δημιουργία
3280 1055 3423 1106 πᾶσα
3455 1051 3521 1108 τά
3557 1050 3796 1128 μεγαλεῖα

2177 1143 2280 1206 τῆς
2342 1135 2698 1210 πανυμνητου
2763 1133 3024 1214 γλώσσης
3105 1139 3425 1214 τρανότερον
3490 1137 3792 1216 διικήρυξεν.

2177 1226 2247 1283 ’Ὀ
2277 1225 2383 1302 γὰρ
2437 1224 2536 1281 οὐκ
2592 1224 2652 1280 ἂν
2715 1225 2837 1300 εἶχε
2887 1229 2995 1280 τῶν
3055 1223 3142 1280 ἐπὶ
3189 1233 3290 1302 γῆς
3343 1223 3716 1300 ἓκαστον,οὖό’
3745 1226 3797 1284 ἃν

2177 1311 2230 1368 εἷ’
2265 1335 2318 1369 τι
2347 1312 2438 1368 καὶ
2468 1311 2732 1389 ἐγεγόνει,
2788 1309 2948 1390 ἐγγὺς
3007 1311 3153 1369 οὕτω
3205 1319 3340 1371 Θεοῦ
3385 1317 3643 1392 γενεσθαι,
3674 1317 3796 1373 ὥστε

2176 1399 2208 1456 6'
2240 1421 2337 1475 μιν
2393 1402 2552 1458 ἑαυτὸ
2609 1398 2870 1476 καθέδραν
2931 1402 3208 1458 ὑποθεῖναι
3266 1408 3404 1478 Θεῷ,
3435 1403 3465 1461 ὅ
3494 1401 3549 1461 δὲ
3601 1404 3796 1476 κλίνην,

2173 1490 2265 1545 καὶ
2319 1491 2530 1568 τροφήν
2589 1487 2756 1560 ἄλλο,
2815 1489 2973 1546 ποσὶν
3035 1487 3092 1546 δὲ
3147 1487 3329 1568 ἕτερον
3386 1490 3560 1566 ἄλλην
3587 1515 3643 1550 τε
3671 1492 3794 1550 ἄλλο

2173 1587 2376 1654 χρῆσιν
2406 1580 2496 1634 καὶ
2558 1577 2701 1636 ἄλλο
2749 1578 3006 1655 γλώττης
3057 1581 3270 1638 ἀκούειν
3301 1583 3482 1652 θεῖκὴν
3516 1581 3796 1660 διηχούσης

2173 1665 2460 1744 ἒνὲργειαν,
2533 1666 2820 1744 ἄνθρωπος
2895 1664 2951 1724 δὶ
3035 1667 3126 1724 καὶ
3205 1668 3386 1746 λόγων
3448 1672 3538 1727 καὶ
3605 1669 3797 1742 διαίτης

2172 1761 2499 1825 κοινωνῆσαι
2592 1763 2730 1832 Θεῷ,
2827 1759 2918 1815 καὶ
2993 1759 3140 1816 οὕτω
3239 1761 3414 1818 πάντα
3509 1761 3587 1838 τῷ
3678 1764 3800 1836 imp

408 1851 673 1925 linguam
697 1852 911 1909 divinis
933 1853 1192 1909 motibus
1214 1859 1596 1908 resonantem
1620 1850 2049 1916 audiret,homo

2171 1845 2592 1935 λαμπρυνθῆσαι
2633 1849 2910 1924 ἁγιασμῷ,
2947 1848 3145 1906 τούτου
3212 1849 3382 1927 ῥᾷστα
3435 1852 3528 1908 καὶ
3593 1853 3798 1909 ὁτουοῦν

412 1957 548 1996 vero
597 1947 656 1996 et
697 1958 1000 1998 sermones
1053 1947 1112 1997 et
1157 1957 1535 1997 communem
1585 1940 1717 1995 vita:
1764 1939 2058 1993 rationem

409 2046 546 2085 cum
580 2031 696 2085 Deo
726 2030 991 2100 haberet,
1024 2036 1084 2084 et
1127 2031 1210 2086 sic
1249 2031 1449 2086 omnia
1479 2046 1629 2084 nova
1660 2028 1770 2084 hac
1799 2027 2060 2083 sanctifi-

411 2119 642 2174 catione
665 2119 1124 2174 nobilitarentur
1144 2136 1157 2187 ;
1180 2121 1306 2174 hanc
1328 2119 1528 2175 omnia
1549 2117 1824 2173 facillime
1849 2122 1908 2171 et
1927 2115 2059 2171 abs-

415 2223 530 2280 que
577 2207 698 2263 ullo
750 2208 951 2264 labore
993 2226 1102 2280 per
1147 2209 1525 2280 purissimam
1579 2207 1744 2262 illam
1777 2205 2061 2276 consequi

413 2301 754 2368 potuerunt.
787 2299 1134 2370 Quanquam
1185 2299 1344 2353 enim
1392 2314 1586 2368 neque
1633 2296 1748 2352 alio
1780 2295 2062 2352 translata

416 2385 660 2454 fuerint,
699 2403 892 2458 neque
925 2403 959 2442 a
1005 2393 1287 2443 consueto
1320 2403 1523 2443 earum
1555 2391 1711 2442 statu
1740 2385 2059 2452 distractus,

2168 1934 2301 2017 δίχα
2339 1936 2508 1994 πόνου
2571 1943 2758 2014 τυχεῖν
2825 1935 2912 1993 διὰ
2975 1945 3076 2010 τῆς
3142 1941 3418 2015 πανάγνου
3481 1939 3802 2014 δεδύνηνται.

2167 2029 2320 2097 Μήτι
2367 2027 2472 2102 γὰρ
2538 2025 2768 2100 ἒτέρωσε
2799 2028 3200 2102 μεταστάντων,
3272 2031 3418 2104 μήτε
3466 2035 3574 2088 τῶι
3627 2029 3806 2086 εἰωθόο

2167 2136 2275 2170 των
2329 2114 2779 2191 διαζευχθέντων,
2844 2117 2974 2189 μήθ’
3031 2117 3198 2192 ὲτὲρῳ
3254 2120 3632 2196 συντυχόντων
3662 2119 3807 2191 ἀήθει

2165 2203 2322 2277 τόπῳ
2369 2203 2404 2274 ἢ
2457 2205 2669 2281 τρόπῳ,
2727 2202 2876 2260 ἀλλά
2929 2205 3146 2262 πάντων
3206 2205 3288 2286 ἐφ’
3343 2208 3679 2266 ἃπασικατά
3702 2207 3812 2285 χώο

2169 2312 2266 2368 ραν
2328 2293 2616 2366 μενόντωνθ
2677 2294 2792 2366 μετ’
2849 2292 3024 2349 αὐτῶν
3083 2296 3119 2365 ἡ
3173 2294 3572 2370 πολυύμνητος
3638 2295 3808 2353 καινόν

2166 2402 2288 2436 τινα
2315 2381 2518 2457 τρόπον
2550 2383 2818 2453 ἒνωοῆναι
2845 2383 2938 2438 τὸν
2963 2382 3200 2456 Κτίστην
3232 2385 3530 2458 πεποίηκε.

420 2500 617 2556 neque
650 2491 752 2540 aut
779 2484 972 2540 locum
1004 2485 1190 2541 alium
1239 2491 1342 2541 aut
1387 2485 1565 2540 aliam
1617 2501 1680 2540 se
1729 2481 1987 2538 habendi
2034 2481 2326 2537 rationem
2359 2483 2580 2538 sortitm
2613 2482 2753 2552 sint,
2779 2483 2882 2538 sed
2912 2499 3120 2539 omnes
3145 2484 3206 2539 in
3235 2501 3342 2541 sua
3377 2487 3518 2544 sede
3549 2501 3816 2561 perman-

415 2574 637 2640 serint;
671 2573 775 2630 illa
806 2579 1005 2630 tamen
1035 2575 1194 2630 omni
1225 2574 1398 2630 laude
1429 2573 1779 2648 dignissima
1807 2573 1979 2645 Virgo
2014 2587 2162 2626 novo
2191 2570 2448 2642 quodam
2477 2571 2654 2628 modo
2687 2571 2902 2642 effecit,
2934 2577 3002 2628 ut
3028 2574 3269 2630 Creator
3297 2591 3439 2632 cum
3467 2577 3544 2633 iis
3575 2578 3819 2650 conjun-

410 2667 668 2735 geretur.

477 2753 668 2808 ΧΧΙΛ.
703 2752 835 2809 Haec
868 2770 1044 2826 porro
1074 2759 1205 2810 sunt
1239 2753 1545 2810 hodierna:
1571 2752 1966 2808 solenmitatis
1997 2755 2058 2806 et

404 2840 628 2897 donum
661 2849 718 2898 et
761 2843 1008 2900 fructus.
1051 2844 1349 2900 Hodierna
1391 2844 1518 2899 haec
1564 2841 1843 2898 salutatio
1873 2858 2055 2896 novo-

402 2947 535 2986 rum
593 2932 1020 2989 miraculorum
1079 2933 1344 2989 effectrix
1401 2933 1646 2988 exstitit.
1681 2931 1784 2986 Hic
1827 2930 2056 2986 faustus

405 3022 692 3077 Gabrielis
721 3024 969 3079 nuntius
1026 3023 1280 3079 alterum
1337 3024 1534 3094 priore
1591 3020 2054 3094 splendidiorem

404 3108 593 3164 solem
623 3110 804 3165 rebus
833 3111 1112 3168 omnibus
1164 3111 1303 3166 fecit
1332 3110 1700 3166 illucescere.
1735 3110 1868 3164 Hmc
1898 3123 2057 3162 com-

405 3196 668 3269 pellatio,
715 3203 1058 3253 terrestrem
1106 3197 1448 3253 discindens
1495 3197 1844 3264 tuniculam,
1877 3196 2055 3252 indu-

2235 2749 2354 2805 ΚΘ³⁸
2387 2751 2565 2805 Ταῦτα
2619 2745 2676 2804 δὶ
2731 2755 2834 2820 τῆς
2892 2751 3171 2824 παρούσης
3229 2748 3414 2827 δῶρον
3463 2754 3559 2811 καὶ
3591 2753 3826 2832 γέννημα

2161 2837 2538 2915 πανηγύρεως.
2593 2840 2656 2896 Ὀ
2706 2843 2800 2894 νῦν
2859 2839 3146 2912 ἀσπασμὸς
3194 2845 3301 2896 τῶν
3360 2850 3570 2900 καινῶν
3636 2844 3820 2920 γέγονε

2163 2927 2452 3000 θαυμάτων
2489 2924 2852 3003 δημιουργός.
2915 2928 2995 2986 Τὸ
3051 2932 3150 2984 τοῦ
3206 2924 3467 3004 Γαϐριὴλ
3511 2933 3824 3010 εὖαγγὲλιον

2159 3014 2321 3086 ἣλιον
2387 3013 2580 3086 ἄλλον,
2645 3016 2736 3072 τὸν
2822 3016 3090 3092 προτέρου
3177 3015 3599 3096 λαμπρότερον,
3669 3027 3823 3077 πᾶσιν

2162 3101 2474 3178 ἐπιλάμψαι
2503 3103 2822 3176 πεποίηκεν.
2884 3106 3038 3176 Αὕτη
3098 3107 3133 3176 ἡ
3187 3107 3544 3182 προσλαλιᾶ,
3574 3111 3668 3167 τὸν
3699 3113 3828 3186 χοῖ-

2159 3193 2253 3248 κὸν
2357 3191 2688 3268 διαῤῥήξασα
2761 3193 3111 3274 χιτωνίσκον,
3184 3198 3520 3274 θεουργικὸν
3627 3197 3828 3274 ἔνδυμα

406 3291 609 3342 mento
639 3285 923 3342 divinitus
953 3286 1254 3342 elaborato
1285 3286 1548 3341 homines
1578 3284 2049 3340 circumvestivit.

2168 3279 2488 3360 περιέϐαλλε
2516 3283 2645 3348 τοὺς
2709 3285 3052 3361 ἀνθρώπους.
3126 3288 3303 3344 Τοῦτο
3382 3292 3449 3348 τὸ
3527 3292 3828 3370 πρόσρημα

406 3375 542 3430 Haec
571 3375 852 3431 allocutio
885 3382 976 3431 est
1002 3381 1265 3432 veterum
1304 3376 1685 3448 mnigmatum
1715 3374 2052 3445 explicatio.

404 3467 465 3518 et
527 3479 812 3520 novarum
870 3465 1114 3520 novella:
1177 3465 1366 3520 aetatis
1433 3465 1754 3536 gratiarum
1825 3462 2056 3518 exsistit

403 3543 706 3625 splendor.
741 3555 873 3610 Haec
902 3554 994 3610 vel
1033 3561 1168 3610 ante
1199 3555 1544 3609 mconomiae
1577 3553 1823 3614 exitum.
1854 3552 2052 3608 Salva-

397 3643 544 3698 toris
575 3643 804 3700 scilicet
824 3645 1340 3710 resurrectionem,
1363 3643 1715 3699 venerandis
1745 3641 1861 3697 illis
1887 3641 2048 3710 viris,

397 3732 498 3802 qui
563 3731 722 3804 apud
781 3733 1004 3789 inferos
1060 3733 1368 3800 sedebant,
1419 3732 1812 3805 jucunditatis
1869 3749 2049 3789 causa

397 3823 625 3879 exstitit
674 3829 733 3879 et
780 3824 1021 3880 laetitiae.
1055 3824 1217 3880 Sicut
1263 3824 1422 3880 enim
1467 3824 1527 3878 in
1561 3829 1719 3879 terra
1769 3822 2048 3896 degentes

393 3911 548 3968 hanc
565 3929 708 3969 sane
725 3913 990 3968 omnium
1003 3913 1500 3984 jucundissimam
1526 3911 2045 3968 annuntiationem

393 4001 854 4073 praacinuerant,
889 4002 974 4058 sic
1003 4001 1161 4058 haud
1208 4001 1384 4074 plane
1416 4002 1627 4073 potuit,
1659 4007 1724 4056 ut
1748 4007 1911 4072 puto,
1943 4017 2044 4055 eos

393 4089 482 4144 vel
526 4089 589 4144 in
637 4090 843 4146 inferis
889 4091 1304 4146 suavissimum
1353 4090 1466 4145 hoc
1510 4091 1786 4146 nuntium
1830 4089 2041 4158 latere,

393 4179 538 4232 Cum
571 4194 704 4232 vero
752 4183 1117 4250 agnoverunt
1174 4179 1245 4234 de
1304 4195 1454 4234 nova
1504 4177 1605 4234 illa
1657 4179 2038 4250 allocutione,

394 4270 571 4337 atque
599 4281 751 4334 eam,
781 4281 914 4320 cum
948 4266 1182 4322 Gabriel
1228 4283 1399 4323 voces
1431 4267 1562 4322 illas
1592 4267 1859 4338 protulit,
1890 4284 2038 4338 quo-

391 4353 710 4410 dammodo
743 4353 1079 4420 audierunt,
1113 4372 1219 4427 par
1267 4371 1409 4411 sane
1442 4362 1588 4422 erat,
1621 4362 1688 4411 ut
1714 4356 2040 4429 gauderent

389 4449 448 4498 et
476 4443 862 4510 exsultarent,
897 4445 1112 4516 quippe
1137 4444 1236 4516 qui
1260 4445 1589 4515 proximam
1622 4446 2039 4516 conspicerent

381 4532 741 4593 libertatem.
774 4535 894 4590 Hoc
921 4533 1198 4590 nuntium
1223 4534 1498 4604 denique,
1522 4550 1595 4588 ne
1617 4533 1790 4605 plura
1819 4534 2032 4605 dicam,

381 4624 670 4680 creaturis
702 4623 980 4680 omnibus
1001 4623 1362 4679 hilaritatem
1393 4622 1746 4679 conciliavit.

2159 3374 2269 3430 τῶν
2308 3374 2436 3449 πρὶν
2506 3375 2600 3448 μὶν
2665 3377 2920 3452 κήρυγμα
2985 3375 3346 3452 αἰνιγμάτων·
3409 3380 3552 3437 νέων
3622 3380 3681 3438 δὲ
3737 3384 3826 3436 νῦν

2161 3462 2402 3538 χαρίτων
2457 3461 2758 3541 ἀγλάϊσμα.
2831 3467 3009 3522 Τοῦτο
3062 3464 3153 3520 καὶ
3209 3467 3317 3541 πρὸ
3384 3474 3492 3526 τοῦ
3547 3469 3830 3546 συμπερά-

2161 3573 2392 3626 σματος,
2443 3552 2592 3629 λέγω
2639 3551 2696 3609 δὲ
2741 3555 2841 3624 τὴν
2889 3558 2986 3610 τοῦ
3039 3561 3302 3631 Σωτῆρος
3356 3557 3688 3630 ἀνάστασιν,
3717 3563 3832 3622 τοῖς

2155 3641 2304 3697 κάτω
2369 3647 2589 3716 σεμνοῖς
2645 3639 2894 3716 ἀνδράσιν
2949 3641 3120 3714 ἡδονὴ
3185 3645 3276 3699 καὶ
3337 3648 3544 3724 χαρίεν
3598 3649 3830 3721 κίνημα.

2154 3729 2243 3793 Ὠς
2273 3731 2378 3806 γὰρ
2435 3729 2524 3787 ἐπὶ
2579 3737 2684 3806 γῆς
2740 3731 2827 3786 οἶα
2887 3733 3162 3810 προφῆται
3215 3736 3387 3792 τοῦτο
3454 3733 3530 3808 δή
3591 3738 3658 3794 τὸ
3703 3736 3839 3792 πάν-

2151 3841 2260 3875 των
2329 3820 2682 3896 χαριέστατον
2773 3817 3083 3897 διάγγελμα
3183 3825 3616 3902 προηγόρευον,
3693 3823 3836 3881 οὕτω

2154 3905 2222 3980 δή
2261 3909 2377 3964 ικαὶ
2432 3911 2487 3964 ἓν
2550 3906 2651 3984 ᾄδῃ
2707 3909 2945 3985 ἀγνοεῖν,
3006 3911 3186 3984 οἶμαι,
3243 3911 3348 3968 οὐκ
3393 3917 3566 3991 εἶχον
3611 3916 3678 3972 τὸ
3718 3933 3842 3990 τερ·

2151 3997 2414 4054 πνότατον
2470 3996 2808 4074 εὐαγγέλιον.
2873 3993 3102 4061 Εἲδότας
3166 3995 3246 4070 δὲ,
3305 4001 3408 4056 καὶ
3471 4010 3582 4073 τῆς
3642 4007 3837 4071 καινῆς

2151 4084 2332 4162 ὥσπερ
2391 4085 2694 4158 ἀκηκοότας
2753 4087 3128 4162 προσρήσεως,
3171 4085 3260 4142 ὅτε
3290 4088 3318 4142 ὁ
3356 4086 3639 4164 Γαϐριὴλ
3695 4090 3843 4170 ἐφώ-

2149 4196 2250 4246 νει,
2305 4175 2519 4251 χαίρειν
2578 4175 2718 4236 εἷκὸς
2776 4173 2865 4230 καὶ
2919 4179 3157 4250 σκιρτᾷν,
3216 4175 3300 4232 ὅτι
3363 4181 3479 4250 τῆν
3517 4179 3839 4257 ἐλευθερίαν

2147 4263 2376 4341 ἤγγικεν
2439 4263 2946 4338 ἰνοπτριζόμένους.
3016 4266 3193 4322 Τοῦτο
3259 4265 3324 4322 τὸ
3417 4273 3690 4345 μήνυμα,
3756 4269 3848 4326 ’ἱνα

2151 4355 2226 4428 μή
2293 4351 2480 4411 πολλά
2546 4351 2716 4431 λέγω,
2784 4351 3012 4431 φαιδρὰν
3082 4353 3470 4432 ἀπειργάσατο
3515 4365 3705 4416 πᾶσαν
3743 4359 3845 4428 τὴν

2143 4443 2338 4502 κτίσιν.

450 4675 899 4770 statim;
918 4675 1262 4786 gestiet;
1278 4675 1665 4783 ’ἐξειεέιῖιὲξέι
1684 4675 1846 4769 "limo
1877 4714 2034 4770 inter

2212 4713 2290 4772 A'.
2324 4710 2751 4788 Παρυπογράιρει
2809 4706 2866 4766 δὲ
2916 4710 2979 4768 τὸ
3046 4711 3208 4791 σαφὲς
3267 4712 3366 4769 καὶ
3437 4717 3479 4788 ἡ
3548 4717 3849 4789 καλλίστη

382 4799 522 4854 anni
553 4805 934 4872 tempestates
955 4801 1376 4875 pulcherrima,
1403 4818 1533 4873 qua)
1558 4801 1734 4858 rebus
1757 4803 2032 4861 omnibus

381 4888 932 4957 praestantissimam
957 4896 1143 4946 status
1171 4892 1566 4946 mutationem
1599 4897 1658 4947 et
1685 4892 1864 4948 veluti
1897 4892 2027 4948 vitae

383 4973 946 5048 redintegrationem
969 4977 1230 5036 beneﬁce
1264 4980 1564 5052 clargitur,
1589 4980 2025 5052 quodammodo

381 5079 596 5134 nempe
627 5064 1008 5132 erubescens,
1043 5068 1090 5122 si
1123 5069 1338 5139 quibus
1367 5076 1563 5142 potest
1591 5071 1848 5136 indiciis,
1877 5070 2025 5126 illud

377 5151 574 5222 gaudii
605 5155 881 5210 nuntium
907 5153 1209 5225 splendide
1231 5157 1653 5214 celebrandum
1685 5177 1804 5214 non
1837 5164 2026 5215 osten-

379 5239 517 5297 dat:
547 5257 614 5297 ac
644 5257 718 5297 ne
749 5242 882 5314 quis
930 5257 1082 5312 eam,
1131 5249 1197 5298 ut
1251 5245 1332 5302 ita
1379 5247 1594 5318 dicam,
1628 5249 2024 5320 improbitatis

373 5327 624 5398 incuset,
657 5331 1011 5388 annuntiare
1059 5333 1368 5404 perspicue
1419 5353 1524 5392 sua
1565 5344 1868 5395 venustate
1898 5346 2023 5396 stu-

369 5417 489 5486 det,
520 5435 678 5476 nunc
709 5419 857 5477 illud
903 5421 1098 5477 redire
1148 5426 1404 5496 tempus,
1435 5441 1550 5495 quo
1583 5429 1867 5484 creaturis
1900 5446 2023 5486 om-

365 5507 540 5563 nibus
570 5508 849 5578 gaudium
881 5510 1122 5568 affulsit.

360 5595 430 5652 Et
460 5613 602 5653 sane
635 5615 795 5656 nunc
833 5599 1078 5667 nubem,
1123 5601 1299 5658 veluti
1355 5605 1640 5676 gramiam
1672 5609 2014 5680 quamdam,

359 5703 390 5748 e
423 5685 606 5748 radiis
639 5689 762 5747 suis
792 5689 880 5748 sol
912 5689 1163 5764 abradit,
1191 5691 1774 5772 splendidioremque
1799 5700 2018 5758 emittit

2139 4807 2249 4860 τῶν
2315 4803 2473 4877 ὡρῶν
2537 4799 2658 4873 ἣδε.
2727 4798 2796 4856 δι’
2836 4799 2912 4856 ὧν
2975 4805 3107 4857 πᾶσι
3167 4801 3486 4878 βελτίστην
3539 4803 3848 4882 μεταϐολὴ

2135 4892 2227 4948 καὶ
2282 4887 2574 4948 ἀναϐίωσιν
2633 4891 2800 4947 οἱονεὶ
2859 4890 3170 4966 χαρίζεται,
3225 4888 3429 4970 ὥσπερ
3494 4894 3854 4972 οἱδουμένη,

2136 4982 2186 5038 et
2211 5003 2272 5058 γε
2321 4983 2397 5055 μή
2458 4979 2733 5056 λαμπρὸν,
2797 4977 2865 5036 δι’
2909 4981 2982 5034 ὧν
3023 4975 3142 5056 ἔχει
3198 4981 3447 5054 φαίνειν,
3483 4988 3559 5042 τδ
3592 4994 3706 5058 τῆς
3741 5007 3854 5063 κα·

2136 5075 2230 5148 ρᾶς
2298 5070 2470 5126 ἐκεῖνο
2541 5072 2766 5144 μήνυμα
2828 5067 3090 5145 ἐπιδείξῃο
3147 5071 3236 5126 καὶ
3290 5069 3380 5135 ὡς
3463 5075 3696 5145 εἰπεῖν,
3762 5078 3862 5132 ἳνα

2135 5161 2212 5234 μή
2256 5179 2339 5220 τις
2387 5157 2785 5233 ἀγνωμοσύνης
2835 5157 3002 5229 αὐτήν
3052 5157 3346 5236 γράψαιτο,
3403 5166 3491 5237 τῇ
3539 5167 3693 5240 παρ’
3723 5165 3862 5221 ἑαυ-

2129 5258 2232 5322 τῆς
2277 5248 2527 5325 καλλονῇ
2587 5245 2802 5305 σπεύδει
2857 5253 3067 5325 τρανῶς
3123 5246 3502 5327 διαγγέλλειν
3561 5255 3652 5322 ὦς
3697 5255 3868 5318 οὗτός

2130 5339 2272 5396 ἐστιν
2340 5340 2368 5394 ὁ
2432 5339 2644 5416 καιρὸς,
2717 5340 2838 5404 καθ’
2911 5338 2970 5396 ὅν
3027 5341 3063 5409 ἦ
3143 5338 3530 5418 παγκόσμιος
3621 5349 3869 5414 ἐπέστη-

2125 5429 2292 5506 χαρά.

2197 5612 2305 5668 Νῦν
2361 5609 2462 5686 γὰρ
2527 5605 2692 5678 ἥλιος
2755 5609 2856 5680 τῆς
2922 5608 3134 5672 ὀκτῖνος
3199 5608 3467 5687 ὡσπερεὶ
3542 5615 3773 5694 λήμην
3805 5614 3875 5672 τδ

2120 5696 2355 5783 νεφῶδες
2411 5697 2646 5772 ἀποξέει,
2703 5699 2794 5755 καὶ
2849 5695 3230 5779 διαυγεστέραν
3256 5696 3496 5776 ἀφίησι
3541 5709 3668 5783 τήν
3707 5705 3881 5787 λαμ..
