4104 6300
314 408 425 470 113

1083 408 1349 472 SERMO
1391 409 1472 471 IN
1516 405 2263 471 ANNUNTIATIONEM
2309 412 2380 470 B.
2427 410 2501 470 ν.
2547 409 2855 472 MARLE.

3566 406 3685 467 114

321 537 529 613 πηδόνα,
580 542 662 598 καὶ
718 542 847 621 ὑπὲρ
904 548 1003 620 γῆν
1060 541 1285 619 ἃρχεται
1342 546 1532 596 πλεῖον
1596 559 1909 616 προσγειτο-

2027 540 2340 614 fulgorem,
2374 560 2442 601 ac
2472 545 2715 617 propius
2736 548 2957 600 terram
2981 557 3216 601 cursum
3244 559 3416 600 suum
3469 542 3680 615 incipit

325 634 442 695 νεῖν,
479 628 624 686 ἃπασι
682 632 916 706 μονονοὺ
977 635 1304 710 προσφωνῶν
1363 633 1461 700 τήν
1510 634 1607 686 τοῦ
1651 629 1774 685 νὲου
1828 629 1918 684 καὶ

322 717 532 794 μεγάλου
575 720 727 778 τοῦδε
787 722 968 799 ιρωτὸς
1016 721 1345 798 ἐπιφάνειαν,
1392 719 1484 774 καὶ
1531 719 1605 782 ὡς
1661 717 1780 793 ἃρτι
1827 717 1917 773 καὶ

310 805 449 869 αὐτὸς
475 811 567 879 τήν
622 811 946 867 ἆνακαίνισιν
997 808 1237 884 δέχεται,
1283 807 1377 864 καὶ
1428 809 1532 864 ὑπὸ
1588 811 1733 863 νῶτα
1786 805 1917 881 κρύ-

312 914 444 951 πτειν
472 905 564 968 τῆς
594 907 694 976 γῆς
727 898 934 977 βραχέα
984 897 1265 976 βούλεται,
1297 899 1395 968 τὴν
1429 898 1638 954 ἀκτῖνα.

364 1070 465 1125 Νῦν
526 1073 764 1150 οὐρανὸς,
833 1075 950 1129 οἷον
1014 1072 1235 1146 ἱμάτιον
1310 1070 1496 1127 ἑαυτὸν
1556 1063 1912 1145 περιϐάλλων

298 1159 487 1229 καινὸν,
543 1164 967 1239 σκυθρωπότητα
1041 1163 1138 1237 μὶν
1223 1158 1554 1236 περιδύεται,
1638 1155 1913 1234 διαύγειαν

299 1242 351 1302 δὲ
376 1247 732 1328 ἀμφιέννυται,
761 1253 856 1310 καὶ
898 1252 1093 1309 ὡσανεί
1130 1273 1251 1308 τινα
1299 1251 1509 1325 κόσμον
1557 1255 1657 1319 τῆς
1710 1247 1913 1310 οἰκείας

296 1332 504 1407 ίσθήτος
549 1344 673 1406 τοὺς
728 1343 959 1418 ἀστέρας
1022 1336 1351 1418 προϐάλλει,
1415 1338 1674 1395 ποικίλου
1719 1357 1779 1392 τε
1822 1335 1912 1391 καὶ

296 1420 559 1502 διαλαμπῆ
618 1432 801 1489 εῖκόνα
852 1433 1075 1509 προθεὶς
1132 1429 1340 1498 ἑαυτὸν,
1398 1430 1486 1492 οἷς
1538 1426 1747 1483 ἔπιπλα
1785 1446 1910 1481 ποι-

297 1511 494 1573 κίλλειν
549 1518 925 1580 ἐσπούδασε-ταν
984 1521 1075 1577 καὶ
1129 1517 1218 1576 νῦν
1267 1516 1484 1594 μᾶλλον
1516 1518 1551 1587 ἤ
1593 1517 1718 1592 πρὶν
1774 1519 1912 1571 Θεοῦ

288 1600 566 1683 διηγεῖσθαι
597 1610 751 1685 δόξαν
778 1614 996 1691 γράφει.

344 1702 443 1753 Νῦν
483 1708 549 1775 γῆ
620 1703 859 1779 βοτάνας
927 1702 1139 1773 ἀνίησιν
1197 1700 1276 1764 εἰς
1349 1698 1559 1765 κάλλος
1616 1701 1760 1771 ξένον
1819 1701 1909 1756 καὶ

281 1786 385 1841 οἷον
441 1789 740 1866 ἀμίμητον,
801 1795 883 1865 τῷ
938 1787 1222 1848 πολυειδεῖ
1272 1794 1383 1847 τῶν
1439 1794 1622 1865 χροῶν
1702 1788 1911 1868 ἰξυφαί-

2029 630 2364 701 instituere,
2397 635 2677 689 omnibus
2704 634 3134 705 propemodum
3183 633 3336 688 elata
3382 648 3520 688 voce
3564 649 3677 687 an-

2027 720 2312 777 nuntians
2342 724 2473 778 novi
2501 724 2679 795 hujus
2708 739 2776 778 ac
2805 722 3003 793 magni
3061 722 3307 777 luminis
3354 726 3574 787 ortum,
3614 727 3674 778 et

2029 811 2324 880 quomodo
2358 813 2484 883 ipse
2516 828 2752 883 quoque
2782 828 2941 867 nunc
2970 812 3304 879 innovetur,
3338 828 3448 867 nec
3469 812 3670 868 radios

2028 916 2167 955 suos
2200 900 2308 955 sub
2340 908 2511 957 terra:
2544 902 2786 957 dorsum
2815 900 3185 973 longioribus
3216 900 3379 955 horis
3409 900 3671 971 patiatur

2028 989 2334 1047 abscondi.

2095 1080 2264 1135 Nunc
2285 1080 2501 1138 omium
2523 1082 2678 1138 velut
2705 1097 2855 1137 novo
2887 1097 2948 1135 se
2972 1079 3320 1135 indumento
3362 1079 3670 1145 amiciens,

2024 1169 2301 1224 tetricam
2334 1168 2580 1240 deponit
2605 1169 2843 1233 faciem,
2876 1168 3357 1238 hilaritatemque
3396 1167 3670 1234 assumit,

2027 1261 2086 1312 et
2115 1258 2433 1327 quemdam
2462 1258 2637 1314 veluti
2670 1275 2790 1313 suae
2811 1256 2989 1312 vestis
3011 1260 3285 1311 ornatum
3314 1255 3513 1311 stellas
3535 1272 3674 1326 pro-

2023 1346 2161 1411 fert,
2194 1363 2323 1403 sese
2363 1349 2643 1404 varietate
2673 1350 2987 1403 venustum
3018 1362 3085 1401 ac
3108 1345 3363 1401 nitidum
3384 1344 3672 1401 exhibens

2022 1435 2084 1489 in
2103 1437 2407 1508 exemplar
2429 1437 2505 1492 iis
2527 1436 2627 1508 qui
2651 1435 3011 1508 supelloctili
3034 1434 3400 1508 variegandas
3423 1432 3669 1506 cperani

2021 1529 2243 1581 navant
2269 1542 2284 1594 ;
2318 1530 2555 1581 etnunc
2579 1527 2763 1597 magis
2781 1542 2960 1597 quam
2990 1529 3168 1581 antea
3197 1540 3260 1580 se
3292 1524 3392 1580 Dei
3413 1523 3666 1597 gloriam

2021 1630 2300 1671 enarrare
2332 1619 2601 1671 testatur.

2090 1704 2444 1760 Nunctellus
2464 1705 2809 1778 graminain
2831 1705 3043 1759 miram
3064 1721 3131 1760 ac
3152 1704 3299 1760 nulli
3322 1704 3666 1760 imitandam

2016 1792 2523 1864 pulchritudinem
2549 1793 2792 1865 profert,
2826 1792 3140 1865 multiplici
3168 1793 3450 1848 varietate
3495 1810 3663 1849 suam

284 1895 446 1947 νουσα,
497 1882 582 1936 καί
644 1886 763 1943 τοῖς
825 1885 1129 1955 ζωγραφεῖν
1184 1878 1529 1955 αἱρουμένοις
1585 1878 1909 1953 ἀνθουργικὰ

2027 1886 2341 1937 contexens
2400 1883 2799 1955 superficiem,
2853 1887 3029 1952 atque
3076 1881 3216 1951 illis,
3266 1883 3368 1952 qui
3426 1883 3667 1953 cupiant

286 1964 521 2038 βάμματα
548 1974 899 2047 χορηγοῦσα,
937 1967 986 2024 δ’
1033 1970 1107 2024 ὧν
1152 1974 1271 2032 τοῖς
1316 1972 1687 2046 ζωγραφικοῖς
1743 1964 1909 2023 ἔνεστι

278 2051 531 2129 πλάσμασι
564 2059 977 2134 διαμιλλᾶσθαι
1008 2060 1145 2135 πρὸς
1183 2061 1282 2130 τὴν
1326 2058 1609 2130 ἀλήθειαν.
1661 2063 1799 2113 Πᾶσι
1850 2076 1910 2113 τε

278 2152 441 2220 φυτοῖς
498 2145 809 2206 ἀναϐιῶναι
869 2149 1314 2223 παρακελεύεται,
1370 2148 1462 2203 καὶ
1530 2148 1593 2204 τὸ
1652 2147 1905 2223 λαμπρὸν

279 2230 486 2307 ἐξυμνεῖν
549 2247 661 2309 τῆς
733 2238 1116 2313 πανηγύρεως.
1193 2237 1383 2309 Χαίρει
1464 2234 1522 2293 δὲ
1586 2242 1704 2299 τοῖς
1778 2238 1906 2310 παρ’

279 2321 447 2396 δαυτῆς
496 2330 681 2387 ἄνθεσι
738 2327 1131 2401 στολιζομένη,
1191 2328 1276 2382 καὶ
1335 2328 1530 2396 ἑαυτὴν
1612 2328 1902 2403 στρωμνὴν

276 2408 560 2490 ῦποτίθησιν
595 2418 845 2488 ἐπιεικῆ,
877 2416 915 2488 ἢ
949 2417 1074 2494 πρὶν
1107 2418 1383 2492 ἀνήμερος
1406 2416 1497 2486 ἦν.

333 2595 428 2650 Νῦν
457 2598 723 2673 θάλασσα,
760 2598 855 2654 οἶα
908 2598 1016 2672 πρὸ
1070 2601 1268 2673 μικροῦ
1322 2597 1590 2672 πολεμία,
1633 2601 1751 2661 τοῖς
1803 2597 1904 2653 κύ-

285 2688 506 2757 [amrin
534 2689 763 2765 γείτονα
822 2687 1105 2744 τύπτουσα
1156 2694 1282 2761 γῆν,
1340 2683 1584 2742 ἀπειλεῖν
1636 2685 1705 2741 τὰ
1755 2682 1904 2741 δεινᾶ

291 2778 595 2849 παυσαμένη,
645 2777 893 2853 γελῶσα,
952 2776 1049 2837 τὰς
1107 2773 1406 2852 διαλλαγὰς
1463 2773 1736 2847 ἐπιζητεῖ,
1824 2776 1900 2838 ὡς

294 2860 397 2933 ἄρτι
440 2874 591 2923 πᾶσιν
642 2867 916 2945 ἐπέδραμε
982 2870 1349 2942 μαρτυροῦσα,
1415 2869 1451 2937 ή
1508 2867 1682 2922 πάντα
1773 2868 1899 2921 νοῦν

285 2950 600 3033 ὑπερέχουσα
628 2958 843 3033 εἰρήνη.
889 2957 1002 3013 Νῦν
1027 2956 1133 3031 ἀὴρ
1161 2955 1327 3026 ἤπιον
1374 2951 1562 3033 διηχεὶ
1622 2955 1722 3024 τὴν
1776 2954 1903 3032 ἀφι-

279 3040 575 3117 λάνθρωπον
645 3050 849 3119 πνοῆν,
927 3046 1020 3103 καὶ
1124 3046 1527 3124 μεγαλόκροτον
1627 3045 1903 3119 ἐκτιναξά-

271 3156 411 3207 μενος
465 3142 735 3217 βρίοντῆν,
785 3138 880 3195 καὶ
930 3135 1099 3193 οἱονεὶ
1143 3140 1414 3202 τιθασσῶς
1460 3135 1745 3209 ἐπιπνέων,
1792 3141 1900 3193 τῶν

268 3222 496 3286 οἷκίσκων
560 3230 765 3291 πάντας
820 3226 915 3283 καὶ
973 3223 1320 3282 καταδύσεων
1375 3224 1706 3300 ἐκκαλεῖται,
1766 3224 1903 3307 ιιίλα

264 3326 533 3393 προσπνεῖν
571 3317 841 3395 ὖπισχνού
849 3338 945 3392 μεν
954 3337 1035 3379 ος.

319 3485 419 3539 Νῦν
492 3479 857 3559 τετραπόδων
939 3480 1036 3554 μὲν
1110 3479 1299 3558 ἀγέλαι
1375 3487 1615 3556 σκιρτᾷ-ι,
1689 3483 1779 3538 καὶ
1828 3484 1901 3555 τῇ

265 3574 413 3646 μητρὶ
470 3576 554 3649 γῇ
624 3572 1008 3646 προσπαίζειν,
1099 3570 1189 3625 καὶ
1253 3568 1516 3632 πωλικῶς
1580 3568 1899 3627 ἐνάλλεσθαι

262 3654 652 3719 διανίστανται.
710 3664 964 3717 Νεοττῶν
1025 3654 1082 3713 δὲ
1134 3657 1262 3737 γένη
1319 3659 1384 3714 τὸ
1448 3661 1643 3732 πτερὸν
1702 3659 1903 3716 ἄπονον

259 3747 489 3828 ἱφαπλοῖ
533 3751 679 3827 πρὸς
730 3749 884 3825 ἀέρα·
944 3749 1036 3805 καὶ
1096 3754 1370 3823 μουσικῶς
1417 3751 1711 3827 κιθαρίζειν
1761 3754 1902 3809 ἑτοι-

266 3844 477 3913 μάζεται
508 3844 581 3898 τὰ
622 3839 1037 3917 ποικιλόφωνα,
1089 3837 1301 3914 χαίρειν
1350 3838 1411 3895 ἑκ
1454 3839 1653 3895 τούτου
1698 3842 1903 3898 πάντα·

261 3925 711 4005 διασημαίνοντα.
770 3928 1026 4002 Καθάπερ
1082 3927 1172 3982 καὶ
1217 3925 1516 4004 ἄνθρωποι,
1567 3926 1635 3984 δι’
1685 3931 1757 3984 ὧν
1811 3936 1903 3985 νῦν

265 4019 349 4091 μὲν
398 4025 507 4078 τοῦ
558 4020 819 4091 σώματος
874 4016 1240 4089 ἀποτιθέμεοα
1301 4020 1410 4072 τῶν
1473 4014 1787 4092 ἐνδυμάτων
1841 4018 1910 4075 τὰ

259 4106 453 4181 πλείω,
516 4107 591 4164 δι’
647 4109 724 4162 ὧν
785 4104 844 4162 δὶ
898 4104 1059 4162 πλεῖν
1104 4106 1195 4160 καὶ
1237 4111 1557 4184 στρατηγεῖν
1600 4107 1907 4183 ἀρχόμεθα,

260 4199 514 4273 καὶπρὸς
546 4194 869 4269 ἀποδημίας
909 4195 1102 4264 ἵεσθαι,
1143 4195 1233 4250 καὶ
1291 4192 1439 4258 ὅλως
1489 4201 1651 4271 χεῖρα
1700 4202 1910 4258 καινοῖς

259 4282 576 4344 ἑπιόἀλλειν
608 4280 815 4361 ἔργοις⁸
850 4284 938 4340 δτι
986 4288 1079 4337 νῦν
1126 4283 1190 4339 τὸ
1251 4283 1389 4358 βαρὺ
1444 4291 1546 4353 τῆς
1599 4287 1913 4357 παλαιότη-

262 4393 377 4444 τος,
425 4373 849 4451 διαγγὲλλομεν,
910 4368 1202 4442 ἀπεξέσθη,
1257 4372 1344 4429 καὶ
1403 4372 1704 4436 ἀνάπλασις
1755 4371 1911 4449 Smp-

265 4462 441 4535 τίσθη,
472 4466 565 4521 καὶ
598 4465 746 4540 χαρὰ
775 4462 1037 4537 ἐξεχύθη,
1072 4457 1142 4515 δι’
1189 4460 1255 4530 ἢν
1305 4458 1480 4526 ἄλλος
1522 4461 1705 4536 ἄλλῳ,
1747 4464 1915 4518 καθά-

265 4572 366 4626 περ
438 4555 606 4629 κήρυξ
677 4550 884 4614 τόπους
958 4546 1136 4620 διιὼν,
1211 4548 1425 4625 χαίρειν
1521 4547 1915 4625 διακελεύεται,

2018 1971 2281 2044 pingere,
2316 1989 2385 2027 ex
2417 1972 2564 2044 ipsis
2607 1971 2854 2027 ﬂoribus
2905 1970 3133 2027 colores
3180 1971 3507 2043 porrigens,
3560 1988 3668 2043 per

2018 2075 2165 2131 quos
2197 2060 2498 2116 elaborata
2528 2061 2823 2133 pictorum
2873 2076 3057 2132 opera
3103 2076 3238 2116 cum
3288 2060 3419 2133 ipsa
3463 2076 3665 2115 rerum

2015 2151 2259 2206 veritate
2290 2157 2514 2206 certare
2546 2156 2785 2223 queant.
2814 2152 2961 2207 Tum
2990 2154 3057 2206 ut
3076 2150 3321 2207 arbores
3346 2167 3555 2206 omnes
3576 2166 3668 2206 re-

2015 2239 2318 2305 viviscant,
2345 2256 2413 2296 ac
2445 2241 2838 2296 solemnitatis
2888 2241 3192 2297 hodierna:
3244 2240 3666 2296 concelebrent

2015 2329 2398 2401 splendorem
2429 2330 2624 2385 edicit.
2661 2330 2947 2385 Laetitiam
2979 2346 3113 2386 vero
3159 2330 3376 2402 prodit,
3411 2330 3535 2385 suis
3566 2345 3661 2384 se-

2013 2418 2328 2490 metipsam
2346 2418 2594 2475 ﬂoribus
2613 2436 2927 2488 exornans,
2954 2435 3204 2491 qumque
3227 2420 3471 2475 horrore
3492 2434 3663 2489 squa-

2013 2508 2194 2575 lebat,
2229 2525 2360 2565 sese
2391 2525 2552 2565 nunc
2581 2515 2831 2565 stratum
2860 2525 3187 2581 congruum
3219 2509 3522 2582 supponit.

2080 2600 2247 2655 Nunc
2277 2614 2461 2667 mare,
2495 2597 2656 2669 quod
2685 2598 2963 2654 ﬂuctibus
3012 2598 3384 2671 adjacentem
3434 2602 3656 2653 terram

2012 2689 2203 2743 instar
2239 2688 2425 2743 hostis
2453 2687 2630 2760 paulo
2688 2692 2824 2742 ante
2875 2686 3146 2755 feriebat,
3195 2687 3392 2759 gravia
3440 2686 3657 2741 minari

2012 2793 2274 2846 cessans,
2307 2792 2374 2832 ac
2415 2776 2639 2843 ridens,
2690 2776 3238 2831 reconciliationem
3293 2775 3526 2846 quaerit,
3574 2776 3661 2831 sic

2012 2866 2352 2924 testimonio
2387 2882 2493 2920 suo
2516 2865 2895 2929 conﬁrmans,
2899 2864 3023 2937 jam
3046 2880 3252 2936 pacem
3275 2864 3443 2919 illam
3464 2866 3659 2920 omni-

2011 2956 2124 3012 bus
2170 2955 2500 3020 advenisse,
2561 2969 2688 3025 quae
2744 2971 2956 3009 omnem
3010 2969 3223 3010 sensum
3269 2961 3561 3024 exsuperat
3589 2953 3656 3011 9‘.

2013 3050 2181 3101 Nunc
2211 3060 2332 3110 aer,
2366 3044 2757 3100 inclementes
2811 3047 3016 3099 ventos
3076 3060 3144 3099 ac
3191 3048 3659 3115 perstrepentem

2015 3135 2300 3191 tonitrum
2334 3133 2636 3206 ablegans,
2663 3133 2880 3189 leniter
2909 3137 3196 3197 susurrat,
3237 3148 3305 3189 ac
3351 3138 3660 3189 mansuete

2016 3224 2285 3296 aspirans
2334 3238 2542 3278 omnes
2601 3222 3038 3293 quodammodo
3088 3225 3359 3278 evocate
3414 3221 3663 3278 domun-

2013 3312 2164 3370 culis
2188 3317 2367 3383 atque
2409 3328 2440 3367 e
2489 3311 2759 3381 latebris,
2802 3311 3069 3383 jucunde
3119 3328 3248 3366 sese
3302 3312 3658 3383 promittens

2010 3401 2430 3473 aspiraturum.

2078 3492 2245 3546 Nunc
2259 3488 2703 3561 quadrupedum
2722 3504 2925 3561 greges
2938 3494 3315 3562 assurgentes
3327 3490 3648 3555 exsultant,

2011 3585 2071 3636 et
2098 3579 2273 3635 matri
2306 3584 2478 3633 terrae
2509 3577 2779 3633 alludunt
2807 3594 2875 3633 ac
2906 3578 3204 3650 pullorum
3251 3595 3417 3634 more
3466 3579 3652 3650 tripu-

2012 3669 2195 3725 diant.
2233 3668 2550 3721 Volucrum
2579 3684 2717 3722 vero
2747 3683 2959 3722 recens
3004 3672 3311 3723 enatarum
3361 3672 3651 3738 quotquot

2013 3763 2153 3813 sunt
2171 3771 2407 3829 genera,
2428 3755 2549 3809 alas
2575 3773 2681 3826 per
2703 3771 2837 3810 aera
2860 3756 2988 3811 sine
3024 3756 3225 3811 labore
3266 3755 3611 3827 expandunt
3634 3773 3649 3823 ;

2016 3851 2074 3901 et
2103 3859 2231 3916 quas
2262 3843 2545 3899 suavitate
2570 3842 2713 3897 varii
2736 3847 2944 3897 cantus
2977 3844 3567 3914 excellunt,jamjam
3591 3860 3654 3899 se

2016 3938 2248 4008 parant,
2280 3938 2347 3987 ut
2376 3932 2642 3986 musicos
2673 3935 2996 3986 concentus
3020 3931 3200 3986 veluti
3244 3931 3317 3986 ad
3364 3932 3657 3987 citharam

2018 4022 2421 4089 modulentur,
2437 4035 2728 4091 suumque
2752 4035 2858 4091 per
2872 4020 2998 4074 haec
3018 4018 3298 4092 gaudium
3319 4036 3436 4076 una
3454 4036 3660 4076 omnes

2023 4112 2379 4183 signiﬁcent.
2411 4110 2526 4164 Nec
2555 4108 2833 4164 dissimili
2865 4108 3097 4164 ratione
3135 4126 3244 4165 nos
3287 4126 3522 4181 quoque
3554 4110 3664 4166 ho-

2022 4201 2214 4256 mines
2247 4216 2354 4270 per
2385 4199 2538 4253 hanc
2586 4200 2727 4254 anni
2777 4204 3190 4270 tempestatem
3240 4199 3379 4255 hinc
3421 4198 3664 4272 quidem

2022 4288 2196 4361 plura
2220 4288 2325 4343 illa
2354 4288 2618 4359 corporis
2648 4288 3000 4343 indumenta
3028 4287 3363 4360 abjicimus,
3398 4288 3536 4345 inde
3558 4305 3667 4345 au-

2025 4383 2146 4433 tem
2179 4382 2238 4432 et
2264 4378 2538 4448 navigare
2570 4381 2629 4431 et
2658 4376 2816 4432 bella
2845 4377 3168 4449 suscipere,
3191 4378 3378 4433 etiter
3407 4377 3667 4449 aggredi,

2028 4473 2084 4522 et
2115 4467 2438 4522 universim
2470 4465 2632 4521 novis
2664 4465 2944 4537 cperibus
2976 4481 3219 4522 manum
3244 4467 3555 4521 admorere
3577 4467 3673 4519 in-

2026 4557 2323 4628 cipimus;
2360 4555 2843 4626 quandoquidem
2879 4572 3037 4609 nunc
3066 4554 3372 4610 vetustatis
3415 4554 3670 4626 pondus,

268 4643 483 4712 καὶτῆς
514 4641 756 4705 ἒνώσεως
783 4638 977 4697 δίδωσι
1027 4639 1118 4694 καὶ
1175 4636 1559 4714 ἆντιλαμόάνει
1611 4644 1679 4697 τα
1729 4658 1909 4698 συναΛ·

2034 4648 2119 4702 uti
2150 4646 2603 4715 annuntiamus,
2635 4645 2934 4701 sublatum
2967 4649 3076 4708 est,
3108 4649 3168 4698 et
3195 4644 3496 4699 renovatio
3546 4660 3676 4715 per-

270 4728 543 4806 λάγματα.

2024 4736 2199 4804 tecta,
2233 4741 2292 4791 et
2321 4736 2602 4791 diffusum
2636 4734 3046 4806 estgaudium,
3067 4738 3308 4805 propter
3328 4732 3487 4805 quod
3516 4733 3671 4791 alius

275 4822 471 4891 alium,
501 4823 677 4880 veluti
720 4839 917 4896 prmco
977 4818 1172 4875 varias
1213 4837 1536 4893 peragrans
1589 4823 1879 4897 regiones,
1927 4825 2182 4897 gaudere
2222 4824 2415 4896 jubet,
2466 4823 2822 4894 foederisque
2876 4826 3054 4893 atque
3102 4822 3378 4878 amicitia)
3429 4823 3679 4896 pignora

279 4913 378 4969 dat
404 4920 460 4969 et
485 4915 740 4972 vicissim
763 4912 1009 4985 accipit.

345 4999 511 5057 Ἀλλὰ
547 5001 714 5059 ταῦτα
773 5002 898 5075 μὲν,
950 4997 1051 5054 ἵνα
1102 4998 1201 5066 τὴν
1262 4998 1646 5065 ἐκκενωθεῖσαν
1697 5000 1912 5072 ἐκείνην

280 5084 555 5161 adimam.
596 5093 664 5149 τὰ
716 5092 929 5169 πέρατα
990 5083 1355 5144 διαλαϐοῦσαν
1424 5094 1601 5165 χαρᾶς
1660 5090 1914 5158 εὐωδίαν,

275 5181 455 5234 τοῦτον
493 5175 604 5258 ἔχει
659 5182 753 5238 τὸν
810 5180 1051 5257 τρόπον·
1108 5176 1198 5232 καὶ
1252 5174 1512 5234 οὐδέποτ’
1570 5177 1632 5235 ἄν
1695 5180 1922 5253 μηνύειν

286 5265 353 5320 τὰ
394 5276 484 5341 τῆς
535 5273 760 5348 χάριτος
822 5263 1090 5345 σύμϐολα
1143 5268 1552 5340 κιτοκνήσαιεν,
1610 5267 1716 5333 ⁴ἕως
1773 5268 1833 5327 ἄν
1883 5272 1920 5341 ἡ

292 5363 545 5437 κενοτάτη
598 5365 690 5423 καὶ
749 5365 948 5440 γήρως
995 5357 1259 5434 κρείττων
1328 5356 1629 5423 ἇνάπλασις
1704 5358 1922 5432 ἐκδέξη-

291 5463 363 5501 ται
409 5450 702 5527 τελευταία,
758 5454 829 5524 ἧς
894 5452 927 5521 ἡ
987 5447 1171 5527 τρυφὴ
1227 5453 1325 5504 τοῦ
1387 5450 1696 5527 μυστηρίου
1766 5446 1927 5506 τοῦδε

297 5538 492 5612 καρπός.

352 5716 652 5799 “Philipp.
683 5740 758 5791 ιν,
791 5725 848 5780 ⁸’1.

2095 5003 2164 5059 Et
2195 5005 2320 5060 haec
2351 5003 2590 5075 quidem
2622 5004 2706 5059 ita
2736 5021 2797 5059 se
2829 5005 3072 5073 habent,
3107 5008 3173 5059 ut
3201 5004 3400 5077 palam
3431 5004 3677 5072 faciant,

2028 5110 2266 5150 suavem
2297 5093 2460 5149 illam
2492 5092 2690 5165 gaudii
2708 5093 3089 5166 fragrantiam
3113 5094 3361 5150 effusam
3377 5095 3506 5166 jam
3528 5108 3678 5170 esse,

2031 5189 2091 5240 et
2141 5183 2215 5240 ad
2260 5188 2431 5238 terra)
2481 5198 2669 5253 usque
2715 5184 2867 5241 ﬁnes
2922 5200 3051 5241 sese
3107 5184 3519 5255 protendisse;
3569 5198 3680 5238 nec

2033 5289 2296 5344 unquam
2320 5273 2436 5327 ista
2450 5272 2682 5329 collataa
2704 5275 2907 5346 gratias
2931 5273 3202 5346 symbola
3221 5291 3257 5329 a
3283 5270 3568 5329 monendi
3600 5272 3683 5326 of-

2037 5363 2170 5418 ﬁcio
2196 5360 2583 5433 pigritabunt,
2617 5378 2927 5435 quousque
2959 5363 3281 5417 novissima
3309 5362 3407 5416 illa
3429 5365 3487 5415 et
3516 5375 3683 5413 sene-

2037 5451 2216 5507 ctutis
2247 5451 2448 5505 nescia
2479 5453 2847 5523 regeneratio
2880 5451 3122 5507 demum
3154 5449 3476 5517 advenerit,
3509 5447 3681 5517 cujus

2038 5539 2239 5596 fruitio
2272 5544 2361 5596 est
2390 5540 2637 5612 hujusce
2673 5540 2940 5614 mysterii
2970 5540 3217 5596 fructus.
