4104 6300
375 386 492 448 115

375 609 537 664 omni
567 607 744 663 laude
775 607 1146 680 dignissima,
1189 622 1506 662 commune
1559 604 1709 660 illud
1757 603 2032 660 omnium

377 697 681 766 delicium,
714 702 773 752 et
803 702 1044 768 propter
1074 713 1223 768 quos
1254 695 1394 751 fecit
1422 694 1508 750 illi
1542 711 1756 767 magna
1789 693 1891 765 qui
1925 709 2033 765 po-

379 793 514 842 tens
543 791 654 850 est,
685 785 858 840 sicuti
890 785 1170 858 gaudium
1213 784 1557 856 recipimus,
1604 783 1688 838 sic
1735 782 1842 845 illi,
1897 798 2029 853 qua:

377 875 633 949 gaudere
685 873 870 940 dedit,
929 874 1114 929 vicem
1172 873 1514 941 reddamus,
1577 889 1698 927 non
1743 871 1918 926 modo
1965 886 2036 926 ea

391 965 621 1020 ratione
653 980 831 1035 quam
862 979 896 1018 a
926 961 1193 1018 Gabriele
1217 961 1409 1017 edocti
1438 978 1664 1028 sumus,
1693 960 1857 1014 illam
1881 975 2036 1014 com-

393 1053 703 1126 pellantes,
720 1052 824 1108 sed
837 1052 1124 1107 interiora
1145 1067 1380 1124 quoque
1398 1057 1601 1105 nostra
1618 1054 2033 1122 expurgantes,

393 1149 453 1199 et
475 1159 650 1201 omne
673 1160 708 1199 a
727 1140 900 1198 nobis
929 1140 1138 1197 vitium
1163 1139 1373 1213 procul
1403 1138 1770 1211 expellentes
1796 1155 1810 1205 ;
1832 1143 1898 1194 ut
1927 1154 2038 1210 pu-

385 1232 600 1289 riﬁcati
623 1248 848 1288 cmuam
863 1231 1162 1304 possimus
1177 1226 2036 1302 gustare,dapes,inquam,illas

388 1339 570 1379 novas
592 1327 653 1376 et
671 1319 1044 1394 purissimas,
1071 1335 1219 1390 quas
1242 1318 1367 1374 huic
1390 1317 1666 1372 salutatio
1686 1316 1838 1372 miro
1861 1315 2036 1372 modo

385 1410 709 1483 apparavit.
730 1409 826 1467 Sic
847 1409 1006 1464 enim
1030 1424 1208 1479 quam
1234 1406 1488 1462 maxime
1507 1405 1722 1478 gaudet
1740 1405 1841 1460 illa
1859 1421 2039 1476 super

390 1513 599 1556 omnes
626 1497 905 1570 gloriosa,
938 1495 988 1551 si
1016 1495 1088 1552 de
1118 1511 1329 1551 mensa
1353 1494 1478 1561 illa,
1510 1493 1583 1549 de
1604 1492 1888 1550 carnibus
1921 1494 2040 1548 sci-

385 1589 528 1647 licet
555 1588 849 1662 unigeniti
881 1587 1011 1644 Filii
1039 1587 1128 1642 sui
1185 1587 1428 1642 satiatos
1473 1603 1585 1642 nos
1633 1585 1845 1641 videat.
1892 1585 2038 1640 Cum

385 1679 548 1736 enim
578 1678 690 1734 hac
719 1677 792 1734 de
825 1692 1007 1733 causa
1035 1674 1357 1748 purissima
1386 1674 1488 1731 illa
1518 1675 1579 1730 in
1611 1681 1830 1730 terram
1870 1673 2038 1730 adve-

388 1771 568 1836 nerit,
622 1773 682 1826 et
737 1785 844 1826 sua
895 1769 1082 1841 ipsius
1139 1783 1356 1824 carnea
1411 1768 1616 1824 tunica
1673 1766 2040 1823 Salvatorem

380 1859 662 1927 induerit,
697 1863 763 1914 ut
791 1857 951 1914 idem
981 1856 1246 1913 Salvator
1293 1856 1590 1930 ejusmodi
1645 1872 1810 1912 coma
1862 1855 2035 1911 nobis

372 1949 564 2017 fleret,
597 1951 657 2004 et
713 1964 822 2020 per
881 1951 1190 2019 cognatam
1241 1944 1414 2002 nobis
1457 1944 1730 2017 ejusdem
1778 1944 2032 2018 Virginis

381 2053 622 2094 carnem
654 2036 728 2092 ad
759 2037 944 2091 Deum
978 2033 1159 2107 (quod
1191 2033 1428 2106 assequi
1459 2033 1587 2089 sine
1631 2033 1883 2106 Deipara
1915 2050 2036 2090 non

377 2132 720 2200 poteramus
751 2131 993 2197 propter
1017 2129 1354 2196 peccatum)
1374 2123 2039 2196 accederemus,gaudet

386 2232 553 2284 sane,
580 2231 717 2270 cum
747 2230 857 2270 nos
887 2214 1098 2269 eadem
1133 2229 1343 2268 mensa
1393 2212 1667 2282 fruimur,
1702 2229 1877 2284 quam
1911 2213 2040 2286 ipsa

388 2303 611 2360 idcirco
641 2303 886 2376 paravit,
916 2307 974 2358 et
1003 2307 1246 2375 propter
1275 2316 1455 2373 quam
1503 2307 1718 2357 cuncta
1747 2301 1851 2357 illa
1901 2303 2038 2357 hor-

1521 378 1814 442 ISlDORI
1857 375 2644 442 THESSALONICENSIS

441 517 643 576 XXXI.
674 519 791 575 Nos
815 521 1037 586 autem,
1070 533 1102 574 e
1131 515 1347 590 quibus
1387 520 1517 572 orta
1564 521 1653 572 est
1701 515 1875 589 Virgo
1921 512 2024 570 illa
2054 523 2109 592 Α

3639 375 3742 440 116

2213 513 2343 572 ΛΚ.
2374 513 2568 588 Ἡμεῖς
2599 511 2679 584 δὲ,
2735 512 2784 584 ἐξ
2825 511 2898 568 ὧν
2949 513 2986 582 ἡ
3037 508 3446 585 πολυύμνῆτος,
3491 509 3548 567 τὸ
3580 509 3738 566 κοινὸν

2137 599 2481 678 ἕντρῦφημα,
2511 605 2602 660 καὶ
2639 605 2776 679 ὗπὶρ
2809 605 2883 660 ὧν
2917 604 2946 659 ὁ
2979 601 3204 666 δυνατὸς
3249 602 3316 658 τὰ
3365 600 3612 680 μεγαλεῖα
3649 599 3746 657 btt-

2139 689 2300 762 πλεξε
2352 695 2467 768 μετ’
2526 694 2717 764 αὐτῆς,
2775 693 3013 768 καθάπερ
3080 689 3370 766 ἐδεξάμεθα
3420 693 3514 762 τῆν
3567 690 3743 770 χαρὰν,

2139 781 2315 844 οὕτως
2343 779 2645 857 ἀντιδῶμεν
2685 783 2748 840 τὸ
2779 782 2989 859 χαίρειν
3021 786 3090 857 τῇ
3142 780 3512 858 παρασχοΰσῃ,
3552 781 3614 835 οὐ
3654 781 3744 850 τὴν

2136 877 2235 928 τοῦ
2304 868 2550 948 Γαϐριὴλ
2613 874 2780 946 μόνον
2841 873 3041 946 μύησιν
3115 875 3566 952 προσφωνοῦντες,
3619 867 3752 925 ἄλλα

2139 962 2229 1017 καὶ
2279 963 2429 1034 ἡμᾶς
2489 961 2683 1024 αὐτοὺς
2735 958 2886 1017 ἔνδον
2945 959 3317 1035 ἐκκοροῦντες,
3365 959 3450 1015 καὶ
3497 959 3755 1034 ὑπερόριον

2140 1051 2310 1107 πάντα
2339 1056 2623 1115 ποιοῦντες
2651 1046 2922 1122 κίϐδηλον
2958 1051 3181 1126 τρόπον,
3215 1051 3292 1112 ὡς
3329 1047 3388 1105 ἄν
3414 1053 3506 1105 τοῦ
3561 1046 3760 1103 δείπνου

2141 1143 2429 1217 γευώμεθα
2473 1144 2750 1215 καθαρῶς,
2805 1148 2907 1212 τῆς
2984 1140 3137 1212 ξένης
3192 1141 3281 1196 καὶ
3342 1137 3601 1214 navi:va
3655 1156 3765 1212 τρυ-

2141 1239 2273 1311 φῆς,
2335 1228 2402 1302 ἤν
2463 1233 2492 1287 ὁ
2552 1230 2842 1305 ἀσπασμὸς
2898 1229 3314 1306 ἐκαινούργησεν
3370 1226 3548 1291 οὗτος.
3622 1227 3766 1286 Οὕτω

2140 1321 2244 1398 γὰρ
2280 1323 2315 1391 ἡ
2385 1317 2742 1397 ὑπερένδοξος
2803 1319 3041 1394 μάλιστα
3097 1319 3303 1398 χαίρει,
3359 1324 3458 1388 τῆς
3513 1314 3764 1394 τρππέζης

2144 1408 2373 1482 ἐκείνης,
2438 1415 2547 1465 τῶν
2615 1414 2714 1465 τοῦ
2775 1411 3101 1484 μονογενοῦς
3163 1408 3334 1477 αὐτῆς
3391 1408 3519 1462 Υίοῦ
3573 1408 3767 1481 σαρκῶν

2143 1498 2594 1577 ἐμφορουμένους
2624 1499 2826 1574 ὁρῶσα.
2869 1497 3021 1555 Ἐπεὶ
3071 1495 3184 1575 γᾶρ
3223 1493 3314 1554 διὰ
3361 1499 3526 1552 τοῦτο
3572 1495 3657 1550 καὶ
3702 1491 3770 1556 είς

2145 1591 2250 1666 γῆν
2307 1587 2473 1658 ἦλθεν
2529 1589 2565 1658 ἠ
2625 1587 2924 1665 Πάναγνος,
2982 1586 3072 1641 καὶ
3136 1586 3230 1642 τὸν
3286 1586 3539 1664 σαρκικὸν
3595 1584 3774 1652 εαυτῆς

2146 1683 2356 1758 χιτῶνα
2419 1699 2511 1734 τον
2579 1684 2812 1752 Σωτῆρα
2881 1675 3156 1753 ἐφόρεσεν,
3215 1676 3288 1731 ’ἐν’
3352 1677 3488 1750 ἡμῖν
3529 1677 3557 1730 ὁ
3596 1673 3776 1746 Σωτὴρ

2144 1769 2308 1821 τοῦτο
2333 1763 2555 1840 γένηται
2601 1761 2838 1833 δεῖπνος,
2884 1763 2977 1818 καὶ
3029 1759 3119 1818 διὰ
3171 1767 3274 1832 τῆς
3322 1764 3611 1839 συγγενοῦς
3659 1761 3782 1832 ἡμῖν

2148 1855 2320 1924 αὐτῆς
2361 1853 2558 1930 σαρκὸς
2584 1857 2702 1927 θεῷ
2727 1851 3143 1926 πλησιάσωμεν,
3175 1849 3238 1906 οῦ
3283 1857 3473 1927 τυχεῖν
3520 1847 3648 1926 δίχα
3693 1855 3785 1918 τῆς

2147 1941 2415 2001 Θεοτόκου
2464 1939 2536 1999 δι’
2586 1943 2855 2018 ἁμαρτίαν
2916 1942 3017 1998 οὐκ
3055 1937 3302 2019 εἴχομεν,
3356 1940 3540 2018 χαίρει
3586 1941 3786 2001 πάντως

2145 2033 2318 2108 ταύτῃ
2373 2036 2680 2110 χρωμένων
2739 2035 2904 2104 ἡμῶν
2950 2037 3020 2108 τῇ
3075 2031 3342 2108 τραπέζῃ,
3405 2033 3476 2104 ἢν
3532 2031 3788 2104 ἡτοίμασε

2149 2120 2240 2178 διὰ
2271 2128 2454 2193 τοῦτο,
2507 2122 2598 2178 καὶ
2647 2119 2716 2177 δι’
2769 2121 2837 2192 ἤν
2889 2121 2956 2177 τὰ
3006 2123 3206 2196 φρικτὰ
3253 2122 3432 2176 πάντα
3471 2119 3644 2177 ἐκεῖνα
3690 2116 3792 2174 ὲτε-

2149 2209 2519 2288 λεσιουργήθη
2556 2214 2853 2286 μυστήρια,
2883 2210 2972 2266 καὶ
3019 2207 3089 2266 δι’
3141 2212 3208 2280 ἧς
3257 2209 3307 2284 ἐξ
3370 2210 3672 2288 ἀνθρώπων
3719 2205 3790 2269 είς

2151 2299 2306 2366 θεοὺς
2335 2306 2416 2374 τῖρ
2445 2299 2609 2374 δώρῳ
2645 2299 3105 2375 μεταποιούμεθα.

391 2393 580 2450 renda
634 2392 918 2465 mysteria
969 2391 1321 2448 mirabditer
1367 2395 1610 2464 peracta
1656 2397 1815 2460 sunt,
1869 2398 1928 2448 et
1969 2409 2077 2465 per
2123 2410 2302 2466 quam
2353 2409 2425 2449 ex
2471 2392 2814 2449 hominibus
2859 2392 2921 2448 in
2969 2391 3112 2448 deos
3159 2391 3350 2464 ipsius
3403 2391 3546 2450 doni
3589 2391 3797 2446 virtute

389 2487 882 2539 trausmutamur.

455 2572 678 2629 XXXII.
704 2574 886 2628 Porro
907 2571 956 2628 si
983 2572 1202 2645 Virgini
1233 2572 1361 2629 haec
1383 2575 1509 2628 erat
1538 2571 1838 2645 gaudendi
1870 2573 2047 2642 ratio,

384 2678 562 2735 grave
595 2659 860 2734 profecto
893 2661 1140 2717 haberet
1167 2659 1273 2718 illa
1301 2662 1490 2735 gratia
1527 2661 1722 2734 plena,
1755 2661 1804 2717 si
1838 2667 2049 2720 contra

386 2750 576 2821 fieret,
609 2750 658 2806 si
692 2766 801 2806 nos
831 2749 1106 2806 videlicet
1133 2751 1340 2824 procul
1366 2767 1398 2808 a
1429 2767 1596 2807 sacra
1613 2767 1822 2808 mensa
1841 2752 2046 2809 sedea-

392 2857 547 2908 mus,
579 2856 714 2896 cum
752 2845 954 2896 tamen
983 2840 1140 2897 fame
1171 2840 1544 2908 laboremus;
1577 2841 1737 2913 quod
1765 2858 1906 2898 saue
1938 2841 2045 2898 ab-

393 2929 673 2986 alienatio
691 2934 782 2986 est
803 2945 838 2985 a
857 2931 998 2997 Deo,
1029 2934 1088 2986 et
1103 2931 1234 2985 vita:
1255 2929 1496 2986 ablatio.
1521 2933 1625 2997 Qut
1649 2931 2039 3003 enim,iuquit,

393 3019 690 3075 manducat
718 3035 896 3075 meam
941 3036 1159 3075 carnem
1211 3026 1264 3074 et
1313 3020 1450 3074 bibit
1487 3036 1666 3076 meum
1716 3023 2040 3089 sanguinem

398 3109 456 3162 in
485 3123 568 3162 me
595 3113 779 3162 manet
808 3114 859 3162 et
889 3123 988 3177 ego
1026 3110 1084 3162 in
1113 3107 1214 3164 illo
1243 3107 1308 3164 ’5.
1339 3109 1447 3162 Et:
1481 3110 1588 3175 Qui
1625 3116 1806 3164 manet
1848 3111 1910 3164 in
1955 3125 2038 3164 me

396 3203 449 3252 et
497 3211 598 3266 ego
654 3198 714 3250 in
769 3213 852 3264 eo,
907 3196 998 3252 hic
1069 3199 1182 3266 fert
1255 3200 1503 3267 fructum
1571 3197 1827 3266 multum,
1903 3200 2038 3270 quia

2229 2573 2351 2632 AB‘.
2407 2571 2473 2629 Ei
2524 2569 2582 2628 δὲ
2637 2572 2700 2628 τὸ
2755 2569 2967 2647 χαίρειν
3025 2569 3250 2638 ἐκεῖθεν,
3313 2569 3548 2648 ἀνιαρὸν
3607 2567 3668 2627 ἄν
3721 2565 3802 2640 εἴη

2157 2659 2472 2718 τοῖδναντίον
2523 2666 2592 2736 τῇ
2643 2657 3088 2736 κεχαριτωμίίνη,
3138 2659 3266 2717 ὅταν
3313 2667 3426 2731 τῆς
3487 2662 3638 2736 ἱερᾶς
3679 2679 3808 2735 τραο

2153 2747 2326 2821 πέζης
2399 2746 2592 2824 ποῤῥω
2680 2746 3058 2821 λιμώττοντας
3149 2747 3470 2824 καθίσωμεν
3571 2745 3815 2816 ἑαυτοὺς,

2153 2838 2286 2916 ὅπερ
2317 2837 2429 2894 ἐστὶ
2463 2841 2599 2894 θεοῦ
2645 2835 3016 2912 ἂλλοτρίωσις
3063 2837 3152 2893 καί
3205 2843 3356 2908 ζωῆς
3408 2839 3706 2914 ἀναίρεσις.
3759 2836 3816 2894 Ὁ

2148 2927 2250 3004 γὰρ
2312 2927 2545 3003 τρώγων
2614 2947 2741 3001 μου,
2801 2925 2956 3006 φησὶ,
3017 2926 3117 2995 τὴν
3199 2924 3398 3002 σάρκα,
3492 2928 3587 2984 καὶ
3656 2925 3820 2982 πίνων

2153 3043 2258 3096 μου
2285 3023 2348 3078 τὸ
2397 3023 2560 3096 αἷμα,
2619 3019 2672 3077 ἐν
2732 3019 2862 3096 ἐμοὶ
2932 3021 3080 3094 μένει
3137 3019 3288 3096 κάγὼ
3347 3020 3406 3078 ἐν
3469 3021 3651 3094 αὐτῷ·
3707 3017 3816 3088 καὶ,

2146 3111 2208 3169 Ὀ
2272 3111 2446 3184 μένων
2513 3109 2565 3167 ἐν
2636 3109 2763 3184 ἐμοὶ
2827 3109 2982 3188 κάγὼ
3049 3109 3102 3166 ἐν
3166 3110 3340 3183 αὐτῷ,
3415 3110 3584 3174 οὗτος
3669 3108 3816 3189 φὲρει

2144 3201 2352 3271 καρπὸν
2397 3199 2595 3268 πολὺν,
2653 3197 2738 3255 ὅτι
2796 3199 2974 3276 χωρῖς
3030 3197 3167 3274 ἐμοῦ
3218 3199 3282 3254 οὐ
3345 3197 3586 3266 δύνασθε
3636 3202 3812 3255 ποιεῖν

392 3286 510 3341 sine
537 3300 622 3339 me
648 3284 796 3339 nihil
818 3285 1045 3354 potestis
1070 3287 1254 3354 facere
1280 3283 1347 3342 9°.
1379 3287 1484 3340 Et:
1510 3287 1573 3341 Si
1592 3289 1714 3356 quis
1740 3288 1800 3341 in
1820 3302 1905 3341 me
1921 3303 2034 3342 non

397 3375 661 3398 ..._..--...'4
716 3374 967 3398 ....'Jl;.l-.-.
993 3377 1140 3398 1....--
1171 3373 1310 3398 -.⁸..-.ι
1339 3375 1544 3398 ..-1-----
1627 3380 1666 3398 ,ι
1713 3382 1910 3398 __-----A
1994 3383 2036 3398 ,ι

2152 3287 2324 3346 οὐδέν’
2370 3288 2482 3360 καὶ,
2551 3289 2674 3345 Ἐὰν
2741 3291 2820 3362 μή
2886 3308 2970 3350 τις
3037 3287 3192 3362 μείνῃ
3250 3286 3301 3342 ἐν
3367 3287 3528 3362 ἐμοὶ,
3597 3282 3818 3356 ἐϐλήθη

396 3375 684 3441 manserit,
714 3374 967 3428 mittetur
988 3377 1140 3442 foras
1167 3373 1310 3430 sicut
1331 3375 1564 3446 palmes,
1617 3380 1668 3432 et
1705 3382 1930 3441 arescet,
1985 3383 2037 3432 et

401 3463 663 3533 colligent
691 3478 832 3531 eum,
865 3469 916 3519 et
944 3465 1005 3518 in
1035 3466 1215 3536 ignem
1250 3464 1492 3532 mittent,
1540 3471 1594 3520 et
1641 3466 1797 3520 ardet
1819 3463 1885 3520 97.
1935 3466 2044 3532 Qui

401 3551 604 3624 itaque
637 3552 850 3608 horum
879 3569 1002 3608 non
1028 3553 1094 3608 ﬁt
1119 3553 1437 3625 particeps,
1468 3553 1564 3610 hic
1594 3554 1833 3626 quidem
1861 3573 1895 3612 a
1926 3557 2042 3612 Deo

401 3641 467 3696 ﬁt
491 3641 762 3707 extorris,
795 3647 873 3710 et,
906 3641 1090 3698 eheu!
1127 3659 1443 3713 porcorum
1491 3644 1885 3700 armentarius
1923 3663 2046 3702 una

402 3747 536 3786 cum
569 3730 857 3788 scelerato
888 3730 1157 3786 daemone
1181 3730 1390 3798 evadit,
1413 3737 1515 3788 aut
1542 3733 1718 3788 etiam
1743 3740 2042 3806 postremo

396 3821 648 3877 materia
675 3820 960 3894 gehenuaa
991 3820 1286 3876 incendiis
1315 3826 1471 3893 apta.
1523 3823 1590 3876 Et
1634 3839 1840 3878 rursus
1871 3839 1884 3878 :
1928 3827 2044 3880 Nisi

395 3914 862 3970 manducaveritis
889 3930 1110 3970 carnem
1137 3913 1274 3970 Filii
1302 3915 1535 3970 hominis
1573 3920 1624 3970 et
1660 3914 1906 3971 biberitis
1927 3919 2044 3989 ejus

392 4003 718 4073 sanguinem
746 4019 859 4059 non
889 4002 1160 4058 habebitis
1183 4005 1357 4058 vitam
1410 4005 1470 4057 in
1514 4005 1663 4059 vobis
1693 4005 1754 4057 ⁸³.
1800 4007 1869 4060 Et
1914 4022 2040 4062 me-

395 4091 510 4146 rito
538 4089 780 4161 quidem
806 4106 820 4156 ;
853 4091 1007 4146 sicut
1025 4091 1186 4146 enim
1205 4092 1305 4161 qui
1326 4098 1610 4148 consueta
1629 4091 1704 4149 ad
1728 4093 2042 4150 vivendum

399 4179 768 4236 adminicula
821 4179 1087 4251 negligit,
1145 4180 1513 4251 corporalem
1571 4198 1806 4253 quoque
1861 4183 2042 4239 vitam

401 4267 652 4335 amittit,
685 4269 813 4339 pari
843 4267 1013 4323 modo
1047 4268 1148 4340 qui
1187 4269 1316 4324 istis
1343 4287 1462 4326 non
1484 4271 2042 4341 pascitur,mortuus

401 4360 511 4425 est,
545 4355 921 4424 miserabilis,
979 4372 1192 4429 expers
1245 4373 1393 4413 vera:
1443 4360 1594 4428 vita),
1645 4367 1704 4416 et
1748 4367 2044 4419 tormenta

399 4445 512 4502 sibi
547 4445 672 4519 ipse
704 4451 877 4519 parat
905 4449 1150 4502 interna.

467 4537 710 4593 XXXIII.
747 4535 1036 4602 Quoniam
1069 4551 1204 4592 vero
1243 4535 1522 4609 gaudium
1554 4537 1789 4594 induxit
1833 4540 2041 4598 eadem

396 4627 524 4683 haec
553 4624 830 4683 salutatio
861 4642 994 4698 quas
1027 4629 1087 4680 et
1114 4642 1332 4682 novum
1363 4631 1600 4698 partum
1658 4627 1899 4696 intulit;
1945 4630 2042 4688 hic

397 4731 533 4771 vero
565 4721 768 4786 partus
794 4716 987 4773 factus
1017 4719 1110 4770 est
1137 4715 1314 4772 nobis
1342 4731 1552 4772 mensa.
1581 4717 1951 4790 suavissima,
1984 4726 2046 4778 et
2073 4688 2120 4754 Β

400 4803 794 4861 indesinentis
825 4805 954 4860 vitm
984 4805 1345 4878 principium
1373 4823 1388 4873 ;
1418 4823 1528 4862 nos
1560 4823 1798 4880 quoque
1827 4810 2042 4881 gaudio

402 4896 632 4946 mentes
662 4897 896 4948 nostras
921 4893 1280 4965 repleamus,
1302 4911 1425 4952 una
1447 4912 1583 4952 cum
1609 4897 1878 4955 Gabricle
1898 4899 2049 4957 illud

401 4977 525 5036 Ave
552 4980 655 5037 Dei
684 4981 856 5037 matri
885 4981 1298 5051 acclamantes,
1339 4989 1517 5056 atque
1573 4987 1709 5056 Ave,
1759 4987 2046 5061 dicentes,

402 5069 592 5141 gratia
613 5067 808 5140 plena,
839 5070 1101 5126 Dominus
1132 5077 1326 5140 tecum,
1359 5073 1641 5130 benedicta
1670 5081 1730 5132 tu
1766 5077 1826 5132 in
1851 5079 2048 5135 mulie-

401 5160 575 5216 ribus.

467 5249 860 5306 Obsecremus
890 5253 1089 5304 autem
1116 5250 1497 5321 purissimam
1524 5254 1710 5323 illam,
1733 5261 1799 5313 ut
1827 5263 1885 5315 et
1915 5259 2050 5316 vivi-

399 5341 575 5396 ﬁcam
607 5339 770 5395 illam
800 5338 977 5411 digne
1006 5337 1432 5410 participemus
1462 5341 1832 5418 alimoniam,
1867 5366 2047 5420 quam

397 5444 662 5502 prwsens
693 5427 865 5484 nobis
909 5426 1188 5500 gaudium
1238 5427 1456 5496 attulit,
1507 5436 1567 5486 et
1615 5434 1783 5506 cujus
1829 5438 2048 5496 virtute

403 5517 577 5574 nobis
607 5516 846 5574 dabitur
873 5515 936 5572 iu
975 5520 1266 5572 aeternum
1315 5517 1589 5590 gaudere.
1641 5523 1888 5596 Propter
1937 5527 2049 5584 hoc

2151 3375 2252 3450 ἔξω
2311 3381 2385 3440 ὡς
2441 3378 2506 3434 τὸ
2561 3378 2783 3453 πλῆμα,
2843 3378 2934 3433 καὶ
3011 3375 3292 3451 ἑξηρᾶνθη,
3375 3379 3476 3434 καὶ
3558 3379 3818 3451 συνάγου-

2154 3490 2238 3524 σιν
2303 3468 2460 3537 αὖτὰ,
2519 3467 2611 3523 καὶ
2665 3467 2742 3532 είς
2797 3467 2860 3523 τὸ
2912 3470 3018 3540 πῦρ
3075 3465 3371 3542 βάλλουσι,
3429 3469 3530 3524 καὶ
3589 3467 3828 3525 καίεται.

2150 3559 2212 3617 Ὁ
2244 3555 2302 3614 δὲ
2341 3559 2417 3631 μή
2449 3557 2654 3612 τούτων
2693 3557 2798 3631 ἄρα
2857 3550 3292 3630 μεταλαμϐάνων
3341 3561 3491 3614 Θεοῦ
3545 3559 3646 3632 μὲν
3694 3557 3836 3631 γίνε-

2151 3669 2238 3703 ται
2283 3646 2520 3722 μακρὰν,
2559 3647 2773 3722 χοίρων
2812 3641 2891 3712 δὲ,
2931 3649 3030 3725 φεῦ
3081 3647 3092 3702 ί
3151 3645 3284 3718 μετᾶ
3343 3652 3455 3703 τοῦ
3517 3647 3836 3721 ἀλάστορος

2152 3736 2476 3814 ἀγελάρχης
2505 3735 2852 3802 καθίσταται,
2884 3735 2918 3805 ἢ
2950 3735 3014 3790 τὸ
3043 3733 3360 3792 τελευταῖον
3418 3738 3669 3818 φεέννης
3702 3735 3838 3806 ὕλη.

2153 3825 2257 3884 Καὶ
2295 3825 2480 3882 πάλιν·
2525 3825 2646 3884 Ἐὰν
2703 3825 2780 3898 μὴ
2844 3825 3058 3904 φάγητε
3115 3825 3215 3893 τῆν
3287 3825 3473 3902 σάρκα
3535 3833 3644 3884 τοῦ
3704 3828 3838 3882 Υἱοῦ

2151 3919 2250 3971 τοῦ
2308 3915 2618 3989 ἀνθρώπου,
2685 3913 2778 3970 καὶ
2836 3911 3002 3984 πίητε
3065 3915 3238 3970 αὐτοῦ
3328 3916 3402 3972 τὸ
3496 3918 3676 3994 αἷμα,
3743 3915 3844 3973 οὐκ

2153 4002 2310 4079 ἔχετε
2367 4004 2516 4073 ζωῆν
2591 4001 2644 4058 ἐν
2704 4003 2941 4064 ἑαυτοῖς.
3003 4002 3262 4066 Εἰκότωςο
3349 4003 3558 4076 ὥσπερ
3642 4006 3751 4083 γὰρ
3810 4005 3840 4062 ὁ

2152 4097 2252 4158 τῆς
2309 4094 2578 4163 συνήθους
2633 4092 2875 4156 ἀποστὰς
2939 4089 3153 4163 διαίτης
3212 4093 3304 4148 καὶ
3370 4102 3488 4166 τῆς
3565 4102 3846 4174 σαρκικῆς

2153 4178 2424 4236 διίσταται
2480 4186 2649 4252 ζωῆς,
2690 4181 2782 4238 τὸν
2839 4179 2956 4238 ἴσον
2996 4183 3198 4257 τρόπον
3255 4181 3287 4238 ὅ
3335 4203 3404 4259 γε
3461 4187 3550 4260 μὴ
3617 4187 3848 4242 κάκεῖνα

2151 4270 2467 4342 σιτούμενος
2497 4271 2712 4346 νεκρὸς,
2764 4268 3015 4341 ἐλεεινὸς,
3069 4276 3214 4340 ζωῆς
3263 4270 3521 4350 ἄμοιρος
3568 4275 3859 4350 ἀληθοῦς,

2149 4358 2240 4414 καί
2282 4359 2532 4434 βασάνων
2565 4358 2744 4434 δαυτῷ
2770 4359 3031 4436 πρόξενος
3063 4360 3321 4420 αἰωνίων.

2221 4551 2340 4606 Al“.
2372 4549 2525 4608 Ἐπεὶ
2577 4547 2636 4606 δὶ
2685 4556 2860 4628 χαρᾶς
2925 4551 3023 4625 μὶν
3081 4553 3343 4625 πρόξενος
3409 4556 3443 4611 ὁ
3509 4563 3618 4614 νῦν
3674 4560 3863 4616 ἄσπα-

2150 4638 2312 4712 σμὸς,
2341 4639 2400 4699 ὅς
2439 4639 2532 4694 καὶ
2585 4638 2678 4694 τὸν
2732 4639 2917 4695 καινὸν
2973 4643 3258 4719 προήγαγε
3301 4643 3514 4718 τόκον,
3572 4645 3756 4713 οὗτος
3810 4644 3874 4705 ab

2149 4728 2392 4802 τράπεζα
2456 4729 2596 4801 ἡμῖν
2670 4725 2895 4800 ἡδίστη,
2961 4731 3053 4785 καὶ
3122 4736 3268 4801 ζωῆς
3335 4731 3631 4805 ἀλήκτου
3711 4737 3872 4795 αἰτία

2154 4815 2409 4889 κατέστη,
2451 4816 2626 4890 χαράς
2653 4818 2748 4888 μὲν
2779 4818 2871 4873 καὶ
2901 4820 3073 4892 ¹ἡμεῖς
3113 4819 3210 4882 τὰς
3261 4823 3571 4899 ἡμετέρας
3629 4825 3880 4902 ivgali)-

2157 4927 2338 4980 σωμεν
2387 4907 2590 4982 ψυχάς·
2642 4912 2835 4984 Χαῖρε,
2882 4912 2952 4982 τῇ
3013 4908 3180 4984 μητρὶ
3226 4909 3324 4966 τοῦ
3369 4917 3566 4987 Cson,
3616 4921 3712 4990 τῷ
3765 4923 3878 4974 Γα-

2157 4992 2330 5086 ϐριὴλ
2361 4991 2893 5086 συμϐφθεγγόμενοι·
2927 4999 3116 5073 Χαῖρε,
3173 4997 3470 5076 λέγοντες,
3527 5025 3882 5086 κεχαριτω.

2161 5085 2320 5177 μένῆ,
2372 5085 2401 5141 ὁ
2462 5085 2657 5162 Κύριος
2717 5087 2853 5160 μετᾶ
2907 5090 3023 5143 σοῦ’
3092 5086 3456 5166 εὐλογημένη
3532 5095 3608 5154 σὺ
3648 5085 3728 5156 γὲν
3780 5121 3889 5177 γυ-

2155 5171 2327 5245 ναιξί.

2230 5266 2522 5336 Δεηθῶμεν
2573 5260 2633 5319 δὶ
2685 5265 2786 5331 τῆς
2845 5265 3140 5344 πανάγνου,
3206 5265 3345 5324 ὥστε
3406 5273 3526 5328 καὶ
3591 5284 3716 5348 τῆς
3777 5283 3896 5349 ζωο

2157 5355 2354 5407 οποιοῦ
2393 5352 2680 5427 τυγχάνειν
2713 5352 2878 5424 ἀξίως
2905 5361 3136 5434 τροφῆς,
3190 5357 3256 5428 ἧν
3286 5359 3320 5428 ἡ
3351 5366 3654 5433 παροῦσα
3709 5365 3898 5438 ἀνῆκε

2159 5440 2549 5532 χαρᾶ,καὶᾷδι’
2604 5441 2672 5513 ἤν
2733 5445 2868 5517 ἡμῖν
2927 5445 3165 5510 αἰωνίως
3213 5447 3276 5503 τὸ
3333 5448 3624 5527 χαίρειν,
3685 5458 3901 5532 xui?“

2161 5526 2218 5586 δὲ
2249 5532 2349 5606 ἂρα
2392 5530 2482 5586 καὶ
2540 5533 2574 5601 ἢ
2633 5531 2987 5608 ὑπερένδοξος
3039 5532 3128 5590 διὰ
3183 5539 3368 5608 τοῦτο,
3434 5526 3553 5598 καὶ
3591 5545 3628 5600 ὁ
3665 5526 3898 5619 ταύτης

475 5698 522 5734 ⁸⁵
549 5700 713 5756 Joan.
743 5713 820 5772 vx,
852 5699 940 5753 57.
1017 5694 1066 5731 εδδ
1093 5696 1258 5753 loan.
1294 5713 1382 5764 xv,
1413 5699 1466 5753 5.
1541 5696 1587 5733 9⁷
1616 5699 1762 5758 Ibid.
1795 5705 1848 5758 6.
1924 5702 1970 5740 θ’
1997 5706 2042 5760 Ι(

2152 5750 2162 5763 .
2197 5725 2270 5778 VI,
2301 5710 2392 5765 53.
