4104 6300
307 339 405 401 121

1237 330 1494 395 SERMO
1535 332 1624 394 IN
1666 331 2229 394 DORMITIONEM
2275 334 2348 394 B.
2392 332 2469 395 Υ.
2516 334 2811 395 MARIIE.

3617 338 3736 402 122

376 468 624 530 Γ“.“Ᾱλλ’
653 466 759 526 ’ἱνα
821 489 883 525 τι
946 466 1138 543 μικρὸν
1195 467 1223 522 ὁ
1280 464 1449 542 λόγος
1491 464 1894 542 προθειωρήσῃ,
1925 466 1962 533 ἡ
1996 478 2011 535 Α

2150 469 2249 525 IIl.
2267 469 2476 525 Verum
2494 472 2562 526 ut
2577 471 2911 528 enarranda
2928 473 3208 545 mysterio
3227 474 3521 532 nonnulla
3536 492 3733 535 sermo

322 564 566 636 πανὶγνος
607 560 855 632 ’ἐπείπερ
912 557 987 621 εἷς
1033 559 1154 633 βίον
1198 556 1350 627 ἧκεν,
1408 552 1495 613 ἵνα
1550 554 1613 610 τὸ
1667 551 1973 629 παράδοξον

332 651 474 706 ὶκεῖνο
522 648 804 724 διαπλέξῃ
871 647 1176 723 τεράστιον,
1231 646 1293 701 τό
1351 666 1414 721 γε
1457 645 1556 713 τήν
1603 640 1868 711 δουλικὴν
1896 646 1976 714 τῷ

336 740 542 815 Δεσπότῃ
602 742 926 813 περιθεῖναι
988 735 1221 813 μορφὴν,
1284 734 1375 789 καὶ
1430 733 1506 796 εἷς
1561 731 1975 802 ἑνωτικωτάτην

334 828 407 884 καὶ
456 828 587 904 ὑπὲρ
636 825 820 902 λόγον
857 825 1069 881 εὔνοιαν
1120 826 1284 897 [forte
1330 822 1565 896 ἓννοιαν]
1597 822 1689 877 τὸν
1718 819 1975 891 Πλαστην

338 920 539 992 συνάψαι
568 921 689 978 τοῖς
722 916 855 989 πρὶν
888 912 1294 985 ἀποκηρύκτοις
1324 912 1415 967 καὶ
1446 911 1740 983 πολεμίοις
1769 909 1978 983 ἀνθρώ-

343 1026 470 1074 ποις,
520 1003 720 1073 ὲαυτὴν
780 1002 1094 1073 ἐξεικόνιζε,
1152 1001 1243 1055 καὶ
1305 1005 1488 1078 σαφῶς
1528 997 1852 1076 διεμόρφου,
1884 997 1980 1053 οἷά

341 1118 414 1160 τις
443 1097 635 1173 ἀγαθὸς
669 1095 987 1173 ζωγράφος,
1032 1095 1167 1169 πρὸς
1213 1093 1315 1160 τὴν
1363 1096 1461 1147 τοῦ
1502 1094 1855 1167 Δημιουργοῦ
1888 1089 1978 1144 καὶ

344 1188 452 1242 Υίοῦ
479 1186 645 1257 αὐτῆς
674 1185 859 1241 εἰκόνα
891 1185 1096 1261 ὁρῶσα.
1126 1185 1328 1257 Ὥσπερ
1372 1182 1475 1259 γὰρ
1526 1183 1554 1236 ὁ
1603 1181 1858 1251 Κτίστης,
1890 1180 1979 1233 τὸν

343 1276 514 1352 χοϊκόν
568 1269 1027 1346 ἀναϐαλλόμενος
1081 1277 1206 1347 παρ’
1266 1271 1433 1340 αὐτῆς
1492 1275 1722 1346 χιτῶνα,
1752 1268 1978 1325 ταπεινὰ

339 1367 542 1420 καὶτοῦ
595 1365 732 1443 χοὸς
788 1364 909 1434 ἄξια
965 1361 1041 1425 εἷς
1097 1368 1202 1437 γῆν
1264 1358 1578 1431 ἐνεδείξατο·
1610 1359 1700 1414 καὶ
1726 1360 1978 1420 τέκτονος

342 1457 439 1533 γὰρ
464 1453 693 1524 ἤκουσεν
735 1453 878 1523 υἱὸς,
909 1454 997 1507 καὶ
1057 1450 1271 1527 λαπρᾶν
1331 1448 1445 1507 οὔτ’
1473 1449 1743 1522 ᾠκείωσεν
1775 1446 1976 1517 οίκίαν,

341 1543 481 1601 ἀλλὰ
532 1543 623 1598 καὶ
682 1543 988 1599 ἀλωπέκων
1041 1542 1360 1615 πενέστερος
1398 1543 1491 1612 (b),
1522 1536 1628 1595 ποῦ
1659 1536 1838 1594 κλῖναι
1879 1535 1982 1591 οὐκ

343 1636 456 1710 εἶχε
509 1633 607 1701 τὴν
662 1630 933 1712 κεφαλήν,
991 1630 1082 1686 καὶ
1128 1627 1297 1686 παῖδα
1350 1630 1489 1704 πρὸς
1536 1626 1831 1704 ὑπουργίαν
1864 1624 1981 1681 οὔτ’

338 1720 568 1798 ἐπρίατο’
625 1710 789 1783 αὐτός
840 1741 901 1776 τε
969 1719 1038 1789 ἦν
1112 1717 1452 1794 ἐξυπηρετῶν
1508 1721 1578 1791 τῇ
1640 1717 1831 1791 μητρὶ,
1888 1710 1981 1769 καὶ

2081 558 2424 630 prmmittat,
2446 559 2929 632 quandoquidem
2953 564 3271 634 purissima
3291 564 3397 621 illa
3415 564 3549 622 ideo
3578 566 3736 623 edita

2083 648 2147 703 in
2188 648 2341 703 hanc
2390 648 2569 704 vitam
2617 649 2832 717 fuerat,
2863 656 2929 706 ut
2959 652 3319 724 stupendum
3353 653 3505 710 illud
3536 655 3737 727 prodi-

2085 737 2248 811 gium
2306 741 2669 804 contexeret,
2726 738 3007 795 videlicet
3054 746 3120 797 ut
3171 741 3488 797 Dominum
3540 742 3738 800 servili

2084 825 2277 882 forma
2306 827 2568 894 vestiret,
2591 828 3046 900 arctissimoque
3078 834 3138 885 et
3168 830 3448 887 ineffabili
3478 830 3738 889 benevo-

2085 913 2285 970 lentiae
2306 916 2539 971 vinculo
2562 918 2900 973 Creatorem
2921 934 3057 973 cum
3079 919 3420 976 hominibus
3436 920 3564 992 jam
3589 921 3733 978 olim

2086 1004 2435 1077 proscriptis
2488 1011 2547 1061 et
2595 1006 2923 1063 etiamnum
2970 1008 3230 1063 inimicis
3271 1007 3733 1081 devinciret(‘l);

2087 1094 2151 1149 in
2197 1094 2521 1167 imaginem
2565 1095 2807 1151 intuens
2857 1097 3152 1153 Creatoris
3199 1113 3267 1153 ac
3298 1098 3407 1154 filii
3437 1098 3549 1168 sui,
3578 1098 3739 1154 velut

2088 1184 2355 1257 egregius
2386 1184 2628 1256 quidam
2679 1186 2922 1255 scultor,
2973 1186 3047 1242 ad
3095 1186 3242 1243 illud
3274 1204 3403 1244 sese
3434 1188 3740 1261 exemplar

2089 1271 2392 1344 efﬁngere,
2417 1288 2666 1343 eamque
2690 1273 2751 1328 in
2783 1290 2845 1329 se
2865 1273 3119 1330 formam
3143 1276 3475 1347 exprimere
3498 1276 3744 1348 diligen-

2091 1364 2180 1415 ter
2232 1360 2553 1433 satagebat.
2607 1362 2677 1416 Et
2732 1379 2876 1419 sane
2934 1363 3439 1435 quemadmodum
3477 1365 3740 1434 Creator,

2091 1454 2388 1505 terrenam
2420 1467 2489 1505 ex
2524 1452 2654 1522 ipsa
2686 1452 2945 1508 tunicam
2976 1452 3240 1524 indutus,
3270 1453 3522 1510 humilia
3550 1458 3741 1509 terre-

2090 1555 2302 1611 naque
2321 1539 2644 1596 conditioni
2667 1547 3066 1599 consentanea
3085 1543 3148 1599 in
3171 1544 3344 1599 terris
3366 1560 3488 1600 non
3504 1544 3736 1611 abnuit;

2090 1649 2229 1688 nam
2279 1638 2338 1687 et
2380 1634 2535 1703 fabri
2577 1634 2725 1703 ﬁlius
2778 1633 2967 1691 audiit
3021 1636 3121 1708 (8),
3178 1635 3541 1708 domumque
3578 1636 3739 1693 haud

2091 1721 2464 1793 splendidam
2479 1722 2898 1794 incoluit;quin
2912 1724 3389 1796 etiam,vulpibus
3401 1726 3738 1798 pauperior,

344 1814 503 1869 πάντα
534 1816 737 1883 ποιῶν,
770 1808 846 1864 ὦν
879 1806 1172 1884 ὀλιγωρεῖν
1220 1806 1320 1863 οὐκ
1366 1806 1427 1878 ἐᾷ
1454 1807 1517 1861 τὸ
1548 1803 1776 1903 φίλτρον
1815 1804 1981 1882 φιλο-

2104 1828 2213 1867 non
2242 1810 2498 1867 habebat
2527 1812 2627 1867 ubi
2666 1812 2988 1869 reclinaret
3030 1818 3208 1885 caput
3228 1814 3305 1886 (9)
3333 1832 3346 1882 ;
3388 1831 3583 1886 neque
3614 1831 3743 1871 ser-

346 1902 577 1979 στόργως
643 1898 895 1956 τοκεῦσιν
955 1896 1414 1971 ὑποτασσόμενον,
1481 1896 1573 1951 καὶ
1656 1893 1735 1951 ἔτι
1791 1897 1983 1963 πένησι

342 1992 548 2063 πένητα,
617 1988 859 2065 Πτωχὸς
918 1984 1024 2063 γὰρ
1080 1983 1195 2059 εἶμι
1254 1982 1386 2058 ἐγὼ,
1435 1984 1523 2038 καὶ
1583 1981 1637 2038 ἐν
1688 1982 1881 2045 κόποις
1927 1979 1987 2036 ἐκ

341 2079 589 2153 νεότητός
648 2096 777 2152 μου·
840 2073 987 2132 οὕτω
1043 2076 1134 2130 καὶ
1209 2076 1246 2144 ἡ
1320 2074 1440 2149 ἱερᾶ
1495 2072 1987 2148 Μητροπάρθενος,

345 2177 437 2226 τῶν
457 2169 598 2225 ’ἰσων
624 2167 801 2243 ἰχνῶν
834 2164 1105 2241 ἐχομένη,
1154 2160 1314 2241 ὄγκον
1362 2184 1421 2219 τε
1467 2162 1746 2240 ἠγάπησεν
1777 2159 1987 2232 οὐδένα,

351 2263 469 2335 μήτε
548 2255 862 2324 παιδίσκας,
954 2256 1096 2327 μήτε
1179 2251 1465 2328 θεραπείαν
1554 2254 1837 2321 ἡντιναοῦν
1905 2247 1990 2305 δε-

348 2351 624 2409 σποινικῶς
702 2346 869 2417 ἑαυτῇ
944 2343 1354 2417 παραστήσασα,
1428 2340 1517 2394 καὶ
1607 2340 1725 2414 βίον
1808 2336 1991 2393 εἷλκεν

354 2437 531 2507 εὐτελῆ
593 2433 859 2503 διαζῶσαι·
924 2432 1088 2504 ἑαυτῇ
1151 2431 1243 2502 μὶν
1313 2427 1458 2484 οἴκοι
1519 2448 1661 2503 μονῃ
1728 2426 1988 2503 χρωμένη

354 2528 528 2596 ἱαυτῆς
586 2522 851 2595 διακόνῳ·
910 2523 976 2590 ἦν
1040 2516 1097 2575 δὲ
1145 2513 1335 2590 ἕωθεν
1394 2515 1568 2573 ἐδεῖτο
1624 2515 1990 2594 παραμυθίας,

356 2618 578 2691 χορηγῶ
605 2617 687 2685 τῷ
743 2610 903 2666 πάντ’
958 2608 1164 2684 ἀρίστῳ
1218 2608 1305 2663 καὶ
1369 2607 1501 2681 ὑπὲρ
1532 2607 1737 2668 πάντας
1774 2607 1992 2680 μαθητῇ

368 2705 651 2774 φιληθὲντι,
706 2704 932 2776 Ἰωάννῃ
992 2705 1071 2773 τῷ
1127 2700 1399 2776 παρθένῳ,
1469 2694 1549 2768 ὅν,
1604 2697 1842 2772 καθάπερ
1899 2698 1997 2766 τῆς

375 2775 652 2870 “avi-pou,
703 2793 792 2848 καὶ
853 2789 1103 2871 χαρίτων
1168 2775 1263 2861 μὶν
1318 2785 1474 2844 ἓνεκα
1530 2785 1743 2858 ἄλλων,
1774 2783 1997 2845 οὐδενος

378 2879 419 2938 δ’
462 2884 620 2952 ἦττον
672 2881 757 2936 καὶ
823 2883 923 2935 τοῦ
981 2876 1226 2939 καλλους
1273 2883 1375 2947 τῆς
1423 2875 1731 2951 παρτενίας,
1791 2874 1910 2928 υἱὸυ
1969 2873 1998 2928 ὁ

368 2970 598 3042 πλάπης
652 2970 839 3026 ἑαυτὸν
899 2966 1345 3041 ἐκαινούργησεν,
1405 2964 1550 3021 οὕτω
1580 2961 1670 3019 διὰ
1715 2963 1780 3019 τὸ
1807 2962 2001 3019 ταυτὸν

355 3070 447 3132 τῆς
476 3059 692 3135 ἁγνείας
722 3059 839 3114 υἱὸν
873 3055 1099 3121 ὑπὲοεον
1128 3059 1194 3129 τῇ
1230 3057 1503 3131 Παρθένῳ.

2094 1901 2298 1958 vulum
2324 1901 2436 1956 sibi
2466 1901 2540 1956 ad
2569 1901 2972 1958 ministerium
2999 1904 3396 1975 comparavit;
3430 1903 3535 1959 sed
3557 1919 3587 1958 e
3610 1920 3752 1959 con‘

2095 2005 2265 2046 verso
2323 1990 2449 2063 ipse
2507 1990 2680 2046 matri
2732 1992 3131 2048 ministerium
3189 1991 3527 2061 exhibebat,
3558 2007 3745 2064 eaque

2098 2079 2299 2136 omnia
2328 2079 2666 2151 prmstabat,
2692 2097 2824 2152 quas
2844 2080 3061 2153 negligi
3086 2098 3206 2138 non
3230 2082 3373 2138 sinit
3402 2081 3505 2137 illa
3534 2081 3745 2153 pietas,

2099 2186 2231 2241 quae
2258 2169 2330 2224 ad
2362 2169 2809 2242 obsequendum
2830 2187 2937 2242 per
2955 2170 3447 2228 ferventissimam
3481 2186 3749 2227 amorem

2099 2257 2467 2330 parentibus,
2499 2258 2689 2330 iisque
2721 2259 2966 2331 insuper
2989 2260 3349 2333 pauperibus
3380 2260 3571 2317 ﬁlium
3601 2275 3747 2332 pau-

2100 2361 2303 2418 perem
2332 2346 2482 2403 solet
2509 2347 2818 2419 impellere
2843 2364 2856 2403 :
2889 2349 3111 2420 Pauper
3137 2352 3284 2405 enim
3326 2349 3521 2422 inquit
3541 2349 3584 2418 ⁸,
3631 2366 3750 2405 sum

2103 2450 2225 2506 ego,
2251 2441 2303 2490 et
2330 2438 2389 2490 in
2421 2435 2701 2492 laboribus
2731 2453 2764 2491 a
2782 2438 3077 2508 juvenlute
3104 2454 3227 2494 mea
3247 2454 3267 2493 :
3302 2438 3385 2493 ita
3415 2443 3472 2493 et
3503 2442 3752 2511 augusta

2103 2523 2213 2579 illa
2251 2525 2432 2579 Mater
2462 2525 2632 2597 Virgo
2690 2524 2901 2581 iisdem
2933 2525 3215 2583 insistens
3244 2526 3527 2599 vestigiis,
3557 2542 3752 2598 neque

2104 2612 2291 2668 ullum
2314 2613 2608 2669 adamavit
2625 2614 3065 2686 fastum.neque
3088 2615 3473 2681 ancillas,nec
3494 2614 3757 2686 aliquem

2105 2704 2409 2769 utcunque
2436 2698 2791 2771 famulatum
2823 2700 2934 2755 sibi
2984 2717 3147 2757 more
3194 2701 3571 2756 dominarum
3603 2700 3756 2755 asci-

2106 2788 2225 2854 vit;
2259 2786 2363 2843 sed
2392 2804 2715 2860 pauperem
2753 2794 3098 2846 constanter
3123 2789 3302 2845 vitam
3336 2789 3627 2856 trahebat,
3661 2805 3757 2845 se-

2108 2876 2362 2948 metipsa
2393 2877 2521 2932 sola
2549 2878 2660 2933 sibi
2689 2878 2911 2935 famula
2948 2884 3122 2934 utens
3172 2878 3330 2935 domi
3356 2902 3369 2947 ;
3401 2879 3463 2933 in
3493 2878 3566 2933 iis
3595 2894 3755 2950 vero,

2110 2982 2240 3036 quae
2271 2967 2639 3023 extrinsecus
2671 2968 2744 3024 ad
2766 2985 2941 3025 usum
2964 2970 3305 3042 quempiam
3339 2969 3451 3025 sibi
3483 2987 3631 3043 opus
3663 2987 3754 3027 es-

2109 3059 2263 3123 sent,
2296 3071 2536 3127 operam
2567 3056 2857 3114 adhibens
2887 3059 3094 3131 optimi
3126 3058 3285 3115 illius
3315 3075 3383 3115 ac
3412 3076 3534 3131 prae
3564 3059 3763 3115 omni-

356 3154 457 3212 bus
486 3151 692 3208 dilecti
745 3147 1051 3220 discipuli,
1101 3146 1366 3206 Joannis.
1418 3146 1682 3216 inquam,
1729 3143 1996 3217 virginis,
2045 3160 2223 3215 quem
2266 3145 2487 3218 Virgini
2522 3147 2710 3203 illium
2745 3153 2986 3222 propter
3015 3148 3303 3205 castitatis
3332 3148 3759 3222 praarogatibus

360 3243 592 3298 Creator
623 3239 965 3301 suffecerat,
998 3234 1173 3307 plane
1207 3234 1413 3290 eadem
1446 3232 1669 3289 scilicet
1697 3231 1925 3286 ratione
1956 3247 2024 3286 ac
2052 3230 2177 3305 ipse
2209 3250 2343 3289 cum
2371 3234 2444 3289 ob
2475 3234 2618 3291 alias
2647 3237 2887 3308 quidem
2920 3238 3167 3294 eximias
3196 3237 3364 3294 dotes
3393 3244 3521 3294 tum
3550 3237 3764 3294 nihilo-

356 3332 542 3386 minus
573 3327 654 3384 ob
687 3324 1045 3399 virginitatis
1075 3323 1332 3379 nitorem
1365 3327 1553 3379 semet
1581 3320 1918 3394 purissimas
1951 3319 2113 3377 illius
2145 3321 2335 3378 {ilium
2365 3339 2513 3379 novo
2540 3332 2812 3397 portento
2841 3328 3135 3384 effecerat.

417 3420 484 3474 A'.
539 3418 683 3486 Ἔζη
750 3413 954 3484 τοίνυν,
1012 3412 1106 3466 τὸν
1181 3414 1306 3465 νοῦν
1362 3407 1745 3488 περιφέρουσα,
1803 3409 1839 3477 ἡ
1897 3411 2005 3463 τῶν

2185 3414 2277 3468 IV.
2307 3414 2398 3470 Sic
2445 3415 2624 3487 igitur
2680 3432 2813 3487 quas
2867 3417 3031 3473 cmlis
3087 3417 3233 3490 ipsis
3288 3415 3622 3485 sublimior,
3657 3432 3762 3473 seu

353 3506 582 3580 οὐρανῶν
640 3500 983 3579 ὑψηλοτέρα,
1045 3497 1258 3573 μᾶλλον
1317 3495 1375 3553 δὲ
1430 3499 1498 3567 ἧς
1550 3499 1702 3567 ἣττω
1736 3495 1876 3570 μηδὲ
1907 3517 2005 3567 μι-

348 3599 457 3671 κρῷ
487 3594 675 3669 μέτρῳ
718 3591 787 3646 τὰ
835 3587 1114 3665 Σεραφὲμ,
1162 3585 1352 3664 πόῤῥιυ
1397 3585 1691 3666 φαντασίας
1721 3585 1812 3640 καὶ
1845 3582 2005 3655 δόξης

352 3687 561 3755 ἇπὶσης
622 3684 808 3753 κενῆς,
869 3681 1003 3754 λιτῇ
1060 3679 1152 3733 καὶ
1209 3682 1443 3756 πενιχρᾷ
1500 3675 1770 3752 χαίρουσα
1801 3673 2003 3751 διαίτῃ.

348 3775 600 3847 Καθάπερ
660 3772 765 3847 γὰρ
822 3767 961 3843 αἱ)τῇ
1019 3768 1146 3843 πρὶν
1201 3764 1261 3822 ἂν
1318 3765 1497 3822 ἐκεῖνα
1545 3764 1739 3840 ἐπιστῇ
1788 3765 1857 3820 τὰ
1906 3785 2005 3839 με·

348 3864 543 3940 γαλεῖα
602 3867 704 3918 τοῦ
762 3859 1018 3927 δυνατοῦ,
1085 3858 1177 3913 καὶ
1255 3853 1501 3932 Γαϐριὴλ
1577 3856 1641 3912 τὸ
1723 3857 1865 3932 μέγα
1914 3853 2004 3910 καὶ

349 3954 560 4029 ὑψηλὸν
622 3950 830 4025 κομίσῃ
895 3948 1275 4027 πρόσφθεγμα,
1343 3943 1496 4002 οὐδέν
1549 3966 1604 4000 τι
1660 3948 1770 4001 τῶν
1802 3942 2003 4022 γηίνων

344 4044 379 4113 ἢ
439 4041 703 4118 λαμπρὸν
762 4036 962 4103 ἐδόκει,
1024 4037 1061 4107 ἢ
1114 4037 1250 4110 πρὸς
1304 4036 1460 4090 ἑαυτὸ
1523 4040 1853 4109 μεταστῆσαι
1903 4033 2004 4104 τήν

350 4130 620 4206 μακαρίαν
656 4127 904 4204 ἴσχυσεν,
955 4123 1086 4204 ἀλλ’
1132 4124 1201 4193 ἦν
1255 4125 1348 4198 μὶν
1381 4123 1632 4179 ἀπάντων
1663 4124 2004 4198 ὑπερορῶσα,

346 4220 573 4295 οὐράνια
622 4216 682 4273 δὲ
730 4216 904 4285 αὐτῆς
961 4213 1279 4287 κατεκράτει
1317 4212 1474 4287 μόνα.
1524 4212 1615 4268 καὶ
1645 4215 1778 4268 Θεοῦ
1807 4212 2009 4287 θερμό-

345 4329 506 4371 τατος
556 4306 715 4382 ἔρως,
776 4306 822 4378 ᾦ
880 4303 973 4358 καὶ
1031 4302 1165 4374 ὑπὲρ
1225 4300 1391 4377 λόγον
1448 4297 1679 4370 ἥνωται*
1734 4298 1878 4356 οὓτω
1915 4301 2007 4356 καὶ

356 4399 489 4468 μετὰ
535 4397 598 4452 τὸ
654 4397 746 4451 τὸν
802 4393 932 4449 Θεὸν
991 4391 1167 4466 Λόγον
1221 4394 1418 4458 τεκεῖν,
1475 4391 1561 4445 καὶ
1612 4389 1675 4444 τὸ
1723 4388 1874 4463 γένος
1930 4390 2008 4452 εἷς

353 4484 602 4559 ὠρανιον
641 4483 800 4556 δόξαν
856 4485 1183 4555 ἀνενεγκεῖν,
1237 4478 1350 4534 ἐκεῖ
1401 4501 1460 4534 τε
1513 4479 1605 4534 τὸν
1661 4478 1830 4549 αὐτῆς
1886 4478 2008 4534 Υίὸν

2110 3504 2326 3560 melius
2356 3504 2629 3571 dixerim,
2662 3523 2793 3577 quae
2824 3506 2997 3580 longe
3027 3506 3335 3578 Seraphim
3369 3504 3762 3578 praecellebat,

2111 3592 2371 3649 alienum
2419 3595 2491 3649 ab
2543 3594 2707 3650 omni
2764 3596 3182 3663 ostentatione,
3215 3600 3274 3650 et
3303 3595 3570 3666 quamvis
3597 3593 3760 3650 inani

2112 3682 2300 3755 gloria
2332 3700 2568 3739 servans
2599 3684 2864 3740 animum
2894 3701 2961 3739 ac
2993 3684 3247 3756 simplici
3293 3685 3577 3755 tenuique
3605 3698 3758 3755 gau-

2113 3772 2258 3827 dens
2301 3772 2433 3826 vitae
2477 3772 2727 3840 ratione,
2757 3772 2882 3827 dies
2931 3788 3070 3827 suos
3100 3771 3327 3844 agebat.
3362 3771 3762 3837 Quemadmo-

2115 3860 2255 3917 dum
2304 3861 2463 3916 enim
2507 3866 2828 3932 antequam
2876 3860 3161 3930 magnalia
3216 3861 3318 3915 illa
3360 3860 3650 3932 potentis3
3696 3861 3763 3917 in

2115 3967 2247 4007 eam
2303 3949 2733 4019 conferrentur,
2790 3950 3137 4022 priusquam
3197 3949 3423 4006 scilicet
3481 3966 3759 4018 magnum

2114 4039 2261 4097 illud
2291 4057 2358 4096 ac
2388 4040 2732 4112 praecelsum
2764 4040 3041 4096 nuntium
3073 4039 3307 4096 Gabriel
3337 4040 3451 4112 ipsi
3482 4038 3759 4109 deferret,

2115 4129 2266 4185 nihil
2296 4130 2356 4184 in
2388 4129 2641 4185 terrenis
2667 4129 2757 4185 vel
2786 4128 3165 4201 splendidum
3196 4128 3283 4184 illi
3316 4129 3640 4200 videbatur,
3668 4129 3761 4186 vel

2115 4217 2348 4275 beatam
2380 4218 2547 4274 illam
2577 4219 2802 4275 valebat
2833 4219 2907 4275 ad
2935 4235 2998 4275 se
3029 4224 3389 4288 convertere,
3424 4219 3528 4275 sed
3552 4224 3765 4276 cuncta

2115 4307 2241 4366 haec
2268 4306 2441 4381 plane
2472 4307 2854 4380 despiciebat,
2888 4308 3131 4380 soloque
3181 4308 3509 4364 caelestium
3560 4326 3762 4365 rerum

2116 4398 2352 4463 affectu,
2384 4397 2919 4469 ardentissimoque
2951 4397 3053 4454 Dei
3086 4414 3310 4463 amore,
3343 4399 3438 4454 cui
3470 4402 3526 4452 et
3555 4397 3765 4453 ineﬂ'a-

2116 4485 2318 4543 biliter
2342 4489 2661 4559 conjuncta
2689 4492 2835 4557 erat,
2868 4487 3217 4555 tenebatur;
3251 4487 3335 4541 sic
3364 4491 3421 4540 et
3450 4490 3764 4557 postquam

351 4575 446 4628 καὶ
501 4575 623 4631 Θεὸν
680 4574 950 4644 ἀνελθεῖν,
1007 4570 1072 4625 οὗ
1136 4565 1407 4643 μηδαμῶς
1474 4569 1706 4624 πώποτε
1767 4568 2009 4643 κεχώρι-

2116 4578 2300 4632 Deum
2324 4577 2577 4632 Verbum
2607 4582 2832 4651 genuit,
2865 4582 2924 4632 et
2950 4577 3025 4633 ad
3056 4576 3354 4632 caelestem
3383 4574 3631 4647 gloriam
3654 4575 3764 4630 hu-

360 4683 503 4734 σται,
530 4671 631 4721 τῶν
658 4665 809 4722 κάτω
838 4661 1111 4738 κρείττων
1158 4656 1424 4734 ἐτύγχανε
1472 4658 1713 4729 πάντων,
1769 4657 1860 4713 καὶ
1897 4662 2005 4713 τῶν

354 4748 630 4829 λυομένων
672 4752 855 4823 οὐδὲν,
918 4749 1003 4828 ἐφ’
1065 4749 1150 4810 οἷς
1208 4745 1486 4823 ἄνθρωποι
1547 4747 1683 4825 μέγα
1726 4751 2007 4825 φρονοῦσι,

345 4841 515 4921 φίλου
540 4845 725 4923 τρόπῳ
753 4846 826 4919 τῇ
859 4838 1131 4915 Παρθένῳ
1158 4836 1425 4912 παρέστη.

408 5003 493 5076 (ὁ)
521 5002 657 5060 Cod.
690 4998 1048 5072 πενέστερον.

2118 4684 2363 4724 manum
2393 4684 2577 4740 genus
2633 4669 2847 4735 evexit,
2904 4682 2972 4721 ac
3024 4665 3181 4721 filius
3239 4665 3367 4736 ejus
3396 4680 3464 4720 ac
3508 4664 3663 4719 Deus
3692 4679 3761 4719 eo

2119 4773 2389 4814 reversus
2433 4762 2542 4825 est,
2573 4756 2732 4812 unde
2788 4754 3132 4811 nullatenus
3188 4752 3509 4826 aliquando
3542 4752 3766 4810 disces-

2122 4852 2299 4918 serat,
2329 4846 2538 4905 inﬁma
2578 4846 2705 4904 haec
2740 4844 2941 4901 omnia
2986 4841 3437 4916 aspernabatur,
3463 4848 3524 4900 et
3553 4842 3705 4900 nihil
3735 4861 3768 4901 e

1726 5146 1873 5206 Ant.
1907 5141 2202 5205 Ballerini
2233 5145 2424 5204 notaa.

388 5354 479 5425 (7‘)
508 5355 564 5410 Si
598 5351 784 5409 Maria
814 5349 1017 5425 Deum
1038 5339 1202 5425 inter
1231 5344 1289 5394 et
1317 5339 1864 5425 humanumgenus
1893 5340 2014 5425 Deo

306 5410 447 5495 ipsi
463 5410 792 5481 'inimicum
822 5435 899 5474 ac
918 5414 1287 5495 semente"!
1311 5410 1628 5495 ωειὲίειξτίκ
1650 5410 2013 5495 ίῑῖίεξτιξεεβίρο

306 5480 389 5550 ιὶι
424 5498 539 5553 hoc
566 5497 650 5551 illi
683 5486 1145 5551 reconciliaret,
1177 5480 1407 5536 distans
1434 5481 1616 5553 igitur
1644 5482 1718 5538 ab
1750 5481 2013 5536 inimicis

309 5574 383 5640 et
420 5551 542 5625 Deo
564 5570 812 5640 accepta
844 5556 1193 5640 exhibetur,
1222 5558 1282 5640 et
1308 5551 1656 5640 quidérnnad
1685 5554 1799 5608 hoc
1819 5559 2016 5640 emorta

312 5624 571 5696 dicitur.
621 5624 807 5710 Αιᾷιιί
850 5624 1184 5710 damnatio
1233 5629 1291 5707 et
1328 5624 1669 5710 inimicitia:
1716 5640 1847 5710 qua?
1877 5624 2016 5710 u'ni-

314 5693 568 5770 versum
614 5693 809 5785 genus
850 5698 1183 5761 hominum
1234 5695 1515 5766 involvat,
1544 5695 1709 5752 nulla
1735 5693 1845 5751 'est
1873 5693 2012 5763 alia,

2123 5352 2299 5407 quam
2332 5351 2466 5408 quae
2493 5349 2528 5388 a
2556 5332 2843 5408 primaer
2856 5331 3020 5408 Adin
3062 5330 3234 5408 lapsu
3264 5324 3771 5408 duxitorigin‘em.

2126 5397 2295 5478 Virgo
2327 5397 2505 5479 igitur
2534 5397 3027 5479 abhwreditaria
3080 5397 3192 5456 hac
3247 5400 3490 5455 miseria
3544 5397 3773 5452 distans

2122 5476 2324 5550 aperte
2356 5476 2783 5550 praesumitur.”
2868 5546 2912 5550 __
3089 5542 3142 5550 η
3267 5548 3275 5550 Α
3318 5544 3335 5550 Δ
3376 5540 3390 5550 _
3445 5541 3456 5550 _
3490 5538 3561 5550 Δ,

2190 5550 2276 5619 (8)
2306 5538 2499 5603 Matth.
2541 5547 2689 5615 XIII,
2722 5549 2828 5619 55):}
2865 5546 3059 5619 Nonne,
3082 5542 3171 5597 hic
3199 5538 3709 5619 estfqbriﬁliusfn

2194 5605 2272 5690 l9),
2300 5622 2429 5675 Luc.
2463 5620 2557 5686 ιχ,
2602 5605 2706 5674 58’;
2749 5616 2989 5690 Vulpes
3015 5618 3217 5690 foveas
3274 5605 3542 5690 Habent...
3597 5605 3769 5659 Filius

2122 5681 2307 5748 autem
2336 5681 2570 5748 hominis
2599 5705 2708 5747 non
2739 5681 2902 5743 habet
2930 5681 3214 5755 ubi’caput
3241 5681 3488 5736 reclinet.
