4104 6300
381 361 500 431 123

383 500 623 560 caducis
677 516 871 574 recns,
922 499 993 561 de
1047 502 1264 579 quibus
1317 508 1627 577 tantopere
1676 503 2029 578 superbiant

384 593 726 665 apparebat.

452 683 699 739 Maxime
743 699 902 752 vero,
954 688 1021 740 ut
1068 700 1172 757 ego
1222 701 1362 740 sane
1408 683 1686 755 arbitror,
1719 688 2033 756 postquam

383 772 902 847 praecelsissimam
954 774 1118 830 illam
1163 780 1340 847 atque
1388 774 1754 831 ineffabilem
1783 776 2035 848 gratiam

387 863 596 918 sortita
649 868 757 933 est,
812 869 878 918 ut
933 865 1159 920 scilicet
1215 866 1401 921 Deum
1452 865 1586 921 sinu
1618 882 1723 921 suo
1754 870 2035 938 gestaret,

387 952 771 1008 vehementer
799 970 866 1009 ac
896 954 1082 1010 multo
1117 955 1301 1028 magis
1332 971 1509 1026 quam
1559 956 1744 1027 prius,
1790 953 2036 1026 purissi-

388 1058 503 1099 ma:
542 1042 700 1098 illius
745 1048 876 1099 vota
922 1043 1365 1116 flagrantissimi
1422 1045 1643 1100 amoris
1675 1045 1807 1116 igne
1841 1044 1913 1099 ad
1940 1060 2037 1098 su-

390 1147 577 1204 perna
606 1138 664 1187 et
692 1132 767 1188 ad
796 1134 978 1189 Deum
1008 1134 1373 1189 ferebantur.
1407 1137 1620 1206 Atque,
1677 1138 1744 1188 ut
1772 1133 2037 1189 tenuisse

389 1220 644 1275 terrenis
676 1221 868 1291 imago
900 1230 1254 1294 praesentem
1275 1239 1400 1278 rem
1430 1222 1674 1279 uberius
1704 1222 2036 1291 confirmet,

390 1310 895 1380 quemadmodum
916 1312 1202 1384 unigeniti
1225 1311 1332 1367 lilii
1356 1318 1545 1367 mater
1564 1312 1857 1384 quaepiam
1881 1310 2039 1367 haud

391 1414 596 1471 parem
645 1399 706 1453 in
764 1399 993 1470 prolem
1043 1401 1322 1456 affectum
1363 1402 1716 1474 experitum,
1750 1401 1869 1456 sive
1903 1414 2040 1456 eum

393 1487 547 1543 hanc
569 1487 695 1561 jam
726 1487 917 1544 oculis
947 1488 1069 1544 suis
1111 1490 1322 1560 cernit,
1356 1489 1475 1545 sive
1524 1507 1656 1546 cum
1704 1490 1853 1545 votis
1884 1505 2037 1555 eam,

394 1586 714 1653 antequam
737 1588 1221 1655 consequeretur,
1244 1582 1713 1656 expetebat,utut
1732 1590 1924 1640 mater
1946 1599 2042 1640 au-

394 1670 521 1726 dire
539 1670 920 1743 cupidissime
940 1677 1198 1744 optaret;
1219 1689 1460 1745 prorsus
1478 1674 1635 1729 enim
1658 1673 2040 1729 manifestum

394 1765 503 1827 est,
536 1759 720 1817 multo
752 1760 1162 1817 amabiliorem
1192 1779 1320 1818 esse
1344 1762 1632 1832 sobolem,
1665 1780 1800 1819 cum
1826 1762 1953 1834 jam
1978 1762 2043 1818 in

392 1847 584 1905 lucem
614 1851 775 1906 venit
806 1856 863 1906 et
903 1852 1308 1923 experimento
1342 1853 1539 1908 suavis
1568 1852 1721 1908 facta
1749 1858 2041 1923 est,quam

1522 366 1814 429 ISIDODI
1857 366 2637 433 THESSALONICENSIS

2057 577 2112 647 Α

3641 368 3746 430 124

2139 504 2436 574 homines,
2472 522 2673 564 amore
2726 505 2852 564 ullo
2897 506 2987 564 vel
3033 505 3240 580 exiguo
3289 503 3521 578 dignum
3550 502 3751 578 Virgini

2211 683 2463 741 Μάλιστα
2493 681 2571 756 δέ,
2630 686 2766 741 κατά
2822 706 2885 760 γε
2940 686 3033 741 τὸν
3091 684 3221 759 ἐμὸν
3281 680 3468 759 λόγον,
3497 683 3580 737 καὶ
3628 682 3758 754 ματᾶ

2138 773 2200 828 τὸ
2230 774 2415 829 παθεῖν
2446 775 2545 843 την
2576 774 2820 852 ὑπερφυᾶ
2849 778 2916 847 (c)
2958 774 3046 829 καὶ
3082 773 3316 850 ἄρρητον
3348 771 3500 847 χάριν
3542 769 3759 841 ἐκείνην,

2138 858 2258 931 ἥδε,
2292 863 2379 919 δτι
2409 863 2537 919 Θεὸν
2567 861 2810 939 ἤνεγκεν,
2871 862 2958 919 ἐπὶ
3021 861 3155 938 μέγα
3215 861 3273 917 ἂν
3331 862 3419 917 καὶ
3463 865 3558 917 τοῦ
3587 861 3763 936 προτε-

2141 972 2239 1027 pou
2298 958 2483 1026 μεῖζον
2538 953 2703 1028 ἤρετο
2775 953 2946 1009 πόθου
3023 955 3058 1022 ἡ
3140 958 3241 1022 τῆς
3322 952 3582 1027 πανάγνου
3639 950 3764 1023 πρὸς

2141 1042 2329 1113 ὑψηλᾶ
2383 1042 2473 1099 καὶ
2529 1044 2619 1099 τὸν
2671 1043 2799 1099 Θεὸν
2879 1043 3283 1117 ἐραττικωτᾶτη
3342 1039 3497 1122 φλόξ.
3557 1039 3650 1096 Καὶ
3700 1037 3767 1093 ἵν’

2139 1129 2298 1186 εἰκὼν
2361 1131 2530 1208 μικρᾶ
2581 1131 2835 1208 χοϊκόοεν
2899 1127 3180 1208 βεϐαιώσῃ
3228 1132 3323 1186 τὸν
3380 1129 3561 1204 λόγον,
3611 1128 3767 1192 καθά-

2139 1240 2239 1297 περ
2321 1242 2407 1285 τις
2492 1226 2830 1301 μονογενοῦς
2892 1224 3079 1297 μήτηρ
3157 1222 3258 1277 οὐκ
3311 1218 3373 1277 ἃν
3432 1219 3547 1275 ἴσον
3596 1219 3773 1273 σώσειε

2140 1310 2367 1391 φίλτρον
2424 1312 2549 1388 περὶ
2601 1313 2693 1368 τὸν
2743 1308 2932 1384 παῖδα,
2993 1312 3083 1367 καὶ
3142 1310 3231 1367 ὅτε
3283 1314 3473 1367 τοῦτον
3526 1306 3652 1377 εἶδε,
3689 1306 3772 1362 καὶ

2142 1399 2220 1457 ὅτ’
2276 1399 2463 1476 ᾐτεῖτο
2517 1403 2624 1475 πρὸ
2675 1405 2773 1457 τοῦ
2829 1406 3040 1481 τυχεῖν,
3088 1400 3135 1456 εί
3182 1401 3274 1456 καὶ
3303 1402 3422 1465 καθ’
3482 1392 3777 1474 ὑπερϐολὴν

2142 1490 2364 1547 ἀκοῦσαὶ
2415 1492 2601 1567 μήτηρ
2652 1490 2856 1559 ἐπόθει,
2906 1491 3081 1563 πάντη
3142 1512 3247 1546 που
3276 1489 3378 1566 γὰρ
3409 1487 3581 1559 δῆλον
3611 1485 3776 1544 ὅτιτὸ

2142 1580 2295 1661 φανὲν
2328 1579 2414 1635 καὶ
2446 1581 2522 1644 εἰς
2574 1586 2763 1657 πεῖραν
2818 1583 2952 1651 ἧκον
3005 1578 3109 1651 ἡδὺ
3165 1583 3265 1637 τοῦ
3315 1581 3489 1655 μήπω
3518 1581 3677 1635 τοῦτο
3699 1595 3779 1650 γε·

2141 1669 2370 1746 γονότος
2396 1668 2818 1746 ἐρασμιώτερον·
2874 1670 3021 1726 οὕτω
3070 1666 3137 1739 δὴ
3191 1668 3281 1724 καὶ
3335 1669 3456 1743 μεθ’
3510 1668 3781 1742 ὑπεροχῆς

2143 1760 2228 1818 ὅτι
2256 1760 2520 1830 πλείστης
2549 1761 2639 1816 καὶ
2670 1761 2793 1837 περί
2842 1763 2940 1829 τῆς
2998 1761 3274 1836 [lavsiva
3307 1757 3627 1834 λογίζεσθαι
3654 1755 3785 1833 χρή.

2144 1851 2209 1908 Et
2238 1851 2339 1929 γὰρ
2383 1854 2551 1906 ταῦτα
2583 1851 2611 1906 6
2642 1849 2821 1921 πηλὸς
2882 1848 3085 1926 ἰσχύει,
3137 1849 3189 1905 τί
3245 1848 3305 1903 ἃν
3366 1847 3547 1910 εἴποις
3579 1844 3665 1901 ἐπὶ
3693 1850 3787 1914 τῆς

394 1954 531 1994 eum
572 1939 840 1995 nondum
899 1946 1036 1996 nata
1089 1942 1315 2008 fuerat;
1374 1941 1632 2013 idipsum
1676 1939 1943 2014 profectu
1974 1956 2043 1996 ac

2160 1940 2372 2015 Βψηλῆς
2417 1937 2627 2011 ἐκείνης
2675 1939 2764 1995 καὶ
2814 1938 2960 2001 θείας
3012 1936 3371 2011 οίκονομίας;
3423 1938 3546 1993 Ἔτι
3589 1932 3666 2002 δὶ,
3695 1952 3789 1989 κα-

394 2042 630 2083 summa
657 2044 790 2084 cum
824 2030 1224 2099 prmcellentia
1268 2030 1446 2086 etiam
1479 2030 1550 2085 de
1593 2029 1913 2102 purissima
1941 2028 2042 2085 illa

397 2119 858 2176 existimandum
909 2126 1015 2177 est.
1068 2122 1128 2179 Si
1178 2122 1338 2177 enim
1383 2127 1656 2178 terrenus
1701 2122 1829 2178 haec
1877 2137 2044 2177 amor

395 2207 751 2281 efﬁcit,quid
770 2211 1070 2267 enimvero
1094 2211 1165 2267 de
1187 2212 1429 2268 sublimi
1456 2212 1559 2267 illa
1578 2228 1645 2268 ac
1666 2210 1861 2267 divina
1891 2226 2042 2267 cnco-

397 2300 602 2357 nomia
632 2298 999 2356 dicendum?
1045 2308 1128 2356 Ac
1175 2316 1377 2356 rursus
1417 2300 1914 2373 quemadmodum
1943 2299 2043 2373 qui

2151 2029 2317 2107 θάπερ
2350 2029 2377 2084 6
2399 2029 2461 2085 τὸ
2488 2034 2630 2094 θεῖον
2662 2033 2823 2085 ποῖον
2846 2032 3031 2093 ποθῶν
3054 2026 3308 2099 λουτρὸν,
3335 2025 3475 2101 μετᾶ
3502 2026 3565 2081 τὸ
3595 2028 3790 2099 τυχεῖν,

2153 2116 2527 2194 διαυγέστερος
2586 2118 2647 2173 ἅν
2693 2116 2779 2190 εἴη
2838 2116 2929 2174 καὶ
2987 2117 3315 2193 θερμότερος
3345 2116 3410 2172 ἐκ
3437 2122 3540 2186 τῆς
3578 2112 3795 2182 τελετῆς

2154 2209 2292 2283 πρὸς
2321 2204 2495 2284 ἔρωτα
2545 2213 2711 2274 θεῖον·
2765 2210 2856 2265 τὸν
2909 2207 3028 2264 ’ἴσον
3079 2206 3281 2285 τρόπον
3311 2206 3403 2263 καὶ
3439 2205 3567 2282 περὶ
3599 2201 3803 2260 ἐκείνων

2155 2294 2215 2353 ἂν
2246 2319 2329 2362 τις
2360 2296 2682 2377 ψηφίσαιτο.

399 2390 669 2447 divinum
700 2394 938 2462 exoptat
965 2389 1284 2457 lavacrum,
1318 2396 1631 2470 postquam
1676 2390 1825 2446 illud
1866 2395 2170 2447 assecutus
2214 2395 2305 2447 est
2343 2395 2452 2460 est,
2504 2389 2758 2447 lucidior
2804 2407 2944 2447 sane
2992 2390 3190 2457 fuerit,
3220 2394 3278 2445 et
3307 2404 3338 2445 e
3374 2391 3656 2461 suscepto
3688 2393 3811 2456 my'

400 2480 583 2537 sterio
615 2478 688 2535 ad
718 2479 820 2535 Dei
847 2495 1111 2536 amorem
1140 2480 1501 2547 ferventior;
1530 2480 1656 2553 pari
1688 2480 1862 2537 modo
1895 2485 1955 2536 et
1983 2479 2054 2536 de
2085 2480 2178 2537 his
2209 2480 2530 2537 decernere
2561 2496 2799 2553 aequum
2828 2482 3029 2536 fuerit.

472 2570 537 2626 V.
571 2569 814 2635 Quando
860 2585 995 2625 vero
1043 2568 1136 2625 his
1184 2575 1242 2626 et
1288 2569 1435 2626 illud
1482 2570 1748 2638 accessit,
1793 2575 1858 2626 ut
1902 2569 2048 2625 divi-

405 2675 521 2715 nus
549 2658 652 2714 ille
683 2663 902 2730 tanque
932 2657 1186 2715 dilectus
1233 2659 1415 2715 Filius
1445 2676 1479 2715 a
1507 2658 1845 2715 veneranda
1873 2659 2049 2715 Geni-

406 2749 551 2805 trice
582 2746 756 2821 longe
787 2747 1040 2818 abesset,
1085 2765 1201 2820 quo
1245 2748 1483 2804 tandem
1531 2765 1709 2805 sensu
1754 2748 2047 2821 ejusmodi

404 2843 658 2894 matrem
679 2837 951 2894 affectam
974 2838 1191 2911 putas?
1217 2840 1399 2895 Nemo
1422 2855 1664 2911 prorsus
1692 2855 1761 2894 ex
1786 2838 2049 2894 homini-

402 2926 534 2997 bus,
566 2943 764 2996 nemo,
798 2927 1063 2999 inquam,
1092 2932 1195 2984 aut
1224 2928 1492 2984 enariare
1512 2928 1726 2996 verbis,
1746 2932 1846 2984 aut
1876 2944 2049 2983 exco-

400 3018 605 3090 gitare,
638 3022 838 3073 mente
869 3017 1143 3088 quiverit,
1194 3023 1416 3089 quanta
1458 3023 1591 3091 post
1637 3017 1954 3073 Salvatoris
1984 3017 2048 3072 in

403 3108 579 3163 caelos
604 3105 1014 3162 ascensionem
1069 3107 1289 3162 amoris
1334 3107 1462 3177 ejus
1509 3106 1595 3162 vis
1624 3106 1805 3162 fuerit
1832 3111 1960 3161 tum
1987 3105 2050 3161 in

403 3196 563 3251 hunc
584 3194 934 3266 ipsum,tum
954 3194 1014 3249 in
1032 3210 1101 3250 ea
1122 3211 1250 3265 qua:
1268 3194 1450 3250 Filius
1466 3195 1593 3265 ipse
1611 3193 2050 3268 diligeret.Quo-

405 3282 567 3340 niam
596 3299 733 3339 vero
764 3288 901 3338 ante
941 3282 1360 3339 admirandum
1401 3287 1635 3354 partum
1667 3298 1839 3338 suum
1870 3299 1905 3339 a
1935 3300 2052 3340 ca:-

406 3373 543 3429 lesti
575 3372 675 3428 illo
707 3372 976 3446 principe
1005 3372 1210 3428 audire
1238 3371 1383 3427 illud
1407 3369 1767 3441 meruerat‘,
1788 3373 2052 3428 Invenisti

408 3465 670 3534 gratiam,
703 3462 920 3518 amoris
948 3462 1174 3518 scilicet
1222 3463 1339 3518 Deo
1372 3461 1534 3533 digni
1564 3477 1632 3518 ac
1660 3461 1915 3529 virtutis,
1945 3478 2053 3518 ceu

409 3551 543 3609 novi
573 3551 733 3608 illius
781 3558 984 3625 partus
1028 3552 1572 3607 remunerationem
1600 3568 1613 3617 ;
1645 3549 1956 3623 oportebat
1983 3551 2055 3607 de

412 3648 646 3709 metere,
678 3646 744 3697 ut
772 3640 1095 3714 purissima
1125 3640 1246 3708 illa,
1280 3656 1410 3712 qua)
1458 3641 1655 3715 prouti
1687 3640 1912 3697 dictum
1944 3644 2054 3709 est,

413 3732 487 3789 ad
515 3733 621 3789 Dei
651 3748 914 3789 amorem
960 3731 1367 3788 sublimiorem
1409 3731 1880 3805 divinioremque
1910 3748 2058 3789 con-

416 3822 745 3892 scenderat,
793 3822 905 3878 alio
959 3838 1195 3895 quoque
1254 3838 1440 3893 eoque
1499 3822 1813 3894 splendido
1846 3821 2058 3878 deinde

413 3929 659 3969 munere
692 3912 1002 3969 ditaretur.
1045 3912 1111 3967 Id
1161 3916 1360 3968 autem
1408 3912 1629 3968 factum
1676 3928 1796 3968 non
1827 3911 2056 3978 fuerat;

415 4010 473 4060 et
501 4004 649 4060 ratio
682 4004 744 4059 in
791 4007 1070 4076 promptu
1128 4007 1237 4071 est,
1296 4004 1435 4074 quia
1464 4018 1680 4074 nempe
1712 4002 1774 4057 in
1803 4002 1913 4058 hac
1944 4001 2061 4057 vita

413 4093 565 4149 nihil
623 4091 868 4148 omnino
919 4092 1181 4163 reperire
1231 4096 1357 4147 erat
1402 4092 1744 4163 prmcelsius
1792 4106 1861 4146 eo
1903 4089 2063 4161 quod

413 4181 539 4252 jam
570 4181 764 4236 fuerat
791 4185 1080 4236 assecuta.
1128 4181 1330 4251 itaque
1380 4196 1513 4235 cum
1564 4179 1739 4247 nihil,
1773 4184 2061 4251 quantum

416 4271 506 4327 fas
538 4270 634 4326 hic
672 4276 847 4337 esset,
881 4270 1270 4326 excellentius
1312 4270 1460 4325 ratio
1510 4269 1934 4342 suppeditaret,
1965 4286 2061 4325 su-

417 4364 656 4434 pererat
683 4359 948 4423 omnino,
980 4364 1045 4413 ut
1087 4374 1222 4414 cum
1255 4358 1434 4415 caelos
1464 4358 1910 4425 conscenderet,
1943 4357 2062 4414 cla-

417 4451 544 4507 rius
593 4466 771 4522 quam
819 4449 1073 4522 cogitare
1124 4446 1321 4515 liceat,
1372 4447 1647 4519 supernis
1686 4446 1909 4520 gratiis,
1944 4446 2063 4502 sui-

419 4558 534 4613 que
566 4540 674 4597 ﬁlii
704 4556 771 4597 ac
805 4540 906 4596 Dei
957 4537 1375 4612 splendoribus
1422 4537 1739 4593 frueretur.
1790 4536 2063 4603 Quando-

420 4631 661 4702 quidem
693 4630 872 4687 etiam
900 4628 1167 4685 Salvator
1186 4643 1402 4684 novum
1427 4625 1744 4699 quemdam
1775 4631 1981 4698 potum
2003 4625 2066 4683 in

417 4727 665 4794 paterno
695 4737 875 4794 regno
906 4734 1287 4776 communem
1321 4733 1454 4774 cum
1489 4715 1799 4789 discipulis
1851 4714 1973 4772 suis
2002 4732 2065 4771 se

2232 2569 2305 2626 E'.
2337 2569 2468 2626 Ὅτε
2524 2566 2583 2625 δὲ
2636 2570 2727 2625 καὶ
2776 2568 2913 2644 πρὸς
2966 2568 3187 2632 τούτοις
3243 2575 3345 2640 τῆς
3404 2568 3560 2643 ἱερᾶς
3609 2564 3807 2633 ἀπέστη

2164 2658 2373 2734 μητρὸς
2403 2658 2432 2713 6
2490 2662 2634 2723 θεῖος
2691 2657 2834 2715 οὕτω
2888 2659 2979 2714 καὶ
3037 2656 3381 2739 φιλούμενος
3412 2663 3573 2724 Παῖς,
3602 2660 3722 2716 πῶς
3750 2650 3811 2706 ’ἀν

2161 2745 2262 2803 οἲει
2321 2743 2616 2803 διακεῖσθαι
2673 2748 2772 2815 τὴν
2826 2747 3084 2818 τοιαύτην
3146 2746 3398 2822 μητέρας
3462 2740 3595 2801 Οὐδ’
3639 2742 3702 2799 ’ἂν
3746 2740 3818 2801 εἷς

2158 2841 2267 2892 τῶν
2300 2837 2568 2904 ἁπάντων,
2629 2833 2811 2898 οὐδεὶς
2869 2834 3092 2907 ἐξειπεῖν
3148 2834 3185 2906 ἢ
3234 2834 3437 2891 ἐννοεῖν
3496 2830 3648 2910 ἔχοι,
3700 2831 3815 2886 οἷον

2159 2923 2337 3003 ἐκείνῃ
2370 2926 2431 2981 τὸ
2461 2925 2690 3000 φίλτρον
2749 2924 2882 2999 μετᾶ
2935 2925 3033 2995 τὴν
3083 2928 3182 2981 τοῦ
3231 2930 3505 3001 Σωτῆρος
3541 2920 3817 2993 ἀνάληψιν

2160 3016 2298 3092 πρὸς
2330 3014 2489 3071 αὑτόν
2519 3035 2599 3083 τε,
2629 3014 2720 3070 καὶ
2753 3015 2887 3091 ἅπερ
2919 3011 3080 3076 αὑτὸς
3128 3012 3325 3095 ἐφίλει.
3363 3012 3532 3072 Ἀλλ’
3572 3011 3691 3068 ἐπεὶ
3718 3009 3820 3085 πρὸ

2161 3108 2259 3161 τοῦ
2287 3101 2599 3180 παραδόξου
2628 3103 2816 3176 τόκου,
2867 3104 3034 3180 Εὗρες
3081 3104 3271 3183 χάριν,
3302 3102 3516 3173 ἤκουσε
3550 3099 3702 3178 παρᾶ
3729 3100 3824 3157 τοῦ

2162 3194 2625 3270 ἀρχιστρατήγου,
2688 3196 2789 3263 τῆς
2869 3197 3201 3267 θεοπρεποῦς
3286 3191 3517 3271 ἀγάπης
3607 3187 3821 3262 δηλαδή

2159 3283 2249 3340 καὶ
2306 3282 2527 3360 ἀρετῆς,
2585 3284 2686 3353 τήν
2739 3286 2834 3339 τοῦ
2889 3286 3078 3339 καινοῦ
3132 3283 3297 3338 τόκου
3357 3280 3668 3339 ἀντίδοσινσ
3720 3273 3826 3336 ἔδει

2160 3371 2356 3430 λοιπὸν
2405 3373 2496 3429 καὶ
2547 3372 2804 3450 λαμπρᾶς
2851 3370 3035 3429 ἔπειτα
3082 3370 3262 3444 ἄλλης
3301 3371 3631 3428 ἀπολαῦσαι
3663 3369 3825 3449 χάρι-

2089 3431 2134 3500 C
2160 3483 2253 3525 τος
2277 3465 2348 3537 τῇ
2378 3431 2649 3538 πανᾶγνῳι,
2682 3431 2812 3536 τὲριξ
2841 3462 2985 3526 θείαν
3018 3431 3260 3538 ἀγάπην
3289 3460 3437 3539 ᾗπερ
3471 3464 3557 3536 (d)
3593 3431 3829 3536 519231.11,

2164 3549 2608 3630 φιλοσόφωτερόν
2701 3572 2761 3606 τε
2850 3550 2941 3607 καὶ
3023 3549 3345 3625 ἒνθεώτερον
3429 3545 3829 3618 ἆναόεϐηκυίᾳ.

2163 3645 2335 3699 Τοῦτο
2367 3639 2423 3697 δὲ
2453 3640 2515 3697 οὗ
2555 3642 2759 3719 γὲγονε’
2814 3640 2878 3696 τὸ
2937 3638 2995 3697 δὲ
3052 3642 3249 3709 αἲτιον,
3282 3640 3359 3703 ὡς
3393 3640 3605 3716 tametsi
3635 3659 3700 3716 γε
3725 3638 3830 3691 τῶν

2165 3731 2417 3787 ἁπάντων
2475 3728 2647 3800 οὑδὶν,
2706 3731 2769 3786 οὗ
2826 3731 3148 3806 τετύχηκεν,
3220 3729 3398 3803 εὑρεῖν
3471 3731 3597 3787 οῖὸν
3659 3748 3718 3783 τε
3773 3724 3838 3794 ἦν

2167 3820 2508 3899 ὑψηλότερον
2540 3818 2592 3877 ἐν
2629 3818 2773 3894 τῷδε
2832 3825 2913 3895 τῷ
2970 3820 3094 3897 βίῳ·
3154 3817 3295 3875 ὥστε
3340 3817 3464 3876 ἐπεὶ
3514 3816 3840 3893 λαμπρότε-

2168 3932 2285 3988 ρον,
2334 3912 2411 3974 ὡς
2459 3910 2580 3980 ἐνῆν
2628 3909 2869 3980 ἐνταῦθα,
2924 3908 3088 3985 λόγος
3139 3906 3319 3971 οὐδεὶς
3370 3913 3699 3987 συγχωρεῖ,
3734 3904 3847 3962 λεί-

2166 4021 2323 4057 πεται
2379 3998 2483 4075 ἅρά
2541 4020 2676 4075 μετα
2728 4001 2827 4069 τὴν
2889 3999 2964 4062 εἷς
3021 3997 3277 4074 οὐρανοὺς
3329 3996 3619 4073 ἐκδημίαν
3651 3994 3845 4074 τρανό-

2165 4109 2323 4166 τερον
2385 4090 2517 4166 ὑπὶρ
2573 4089 2602 4144 6
2658 4089 2750 4144 καὶ
2808 4087 3121 4164 λογίζεσθαι
3172 4083 3369 4157 (ἔξεστι,
3425 4093 3547 4145 τῶν
3598 4086 3850 4169 χαρίτων

2170 4180 2278 4235 ἂνω
2307 4179 2399 4235 καὶ
2448 4174 2823 4250 λαμπηδόνων
2879 4181 2976 4232 τοῦ
3029 4175 3234 4247 ταύτης
3291 4178 3430 4233 Υίοῦ
3493 4177 3853 4254 κατατρυφᾷν

2168 4267 2262 4324 καὶ
2321 4270 2477 4324 Οεοῦ.
2537 4267 2659 4322 Ὅτι
2712 4265 2801 4320 καὶ
2855 4265 2883 4320 6
2944 4264 3142 4340 Σωτὴρ
3198 4268 3429 4335 καινῆςῖ,
3462 4287 3629 4329 τινος
3682 4262 3736 4321 ἐν
3788 4262 3859 4337 τῇ

2170 4359 2410 4434 πατρικῇ
2473 4354 2726 4431 βασιλείᾳ
2780 4360 3115 4424 κοινωνῆσαι
3172 4358 3287 4416 τοῖς
3349 4361 3655 4429 μαθηταῖς
3688 4353 3859 4427 ἐπηγ-

2171 4448 2392 4526 γείλατο
2437 4448 2671 4516 πόσεως,
2716 4448 2817 4516 τὴν
2859 4443 3230 4526 φανερωτέραν
3287 4443 3505 4502 ἐκεῖθεν
3555 4452 3671 4517 τῆς
3722 4440 3863 4519 πρὸς

2173 4539 2302 4595 Θεὸν
2358 4538 2602 4598 ἐνώσεως
2659 4539 2837 4612 γεῦσιν
2882 4536 3094 4605 καινὴν,
3170 4535 3352 4607 οἶμαι,
3427 4536 3608 4591 πόσιν
3677 4531 3868 4601 διαση-

2176 4627 2405 4703 μαίνων,
2461 4629 2528 4696 ἧς
2596 4630 2703 4681 τῶν
2776 4621 3000 4680 δικαίων
3077 4622 3368 4693 πινόντων,
3438 4624 3646 4703 χαίρει
3709 4620 3865 4684 Θεός*

2170 4715 2259 4770 καὶ
2290 4714 2440 4771 τοῦτ’
2490 4710 2642 4782 αὐτὸ,
2688 4711 2788 4781 τὴν
2834 4710 3029 4786 χαρὰν,
3077 4708 3236 4764 πόσιν
3286 4711 3522 4782 ἡγεῖται
3581 4712 3745 4779 Θεὸς,
3777 4707 3867 4763 καὶ

418 4809 762 4865 habiturum
799 4807 1134 4882 promisit“,
1181 4807 1315 4865 novi
1359 4810 1533 4880 potus
1581 4806 1845 4874 nomine,
1875 4809 1943 4861 ut
1971 4821 2050 4861 ar‘

2183 4802 2273 4860 διὰ
2299 4806 2461 4860 τοῦτο
2502 4801 2783 4874 συμπίνειν
2842 4796 3251 4873 ἀνωμολογεῖτο
3307 4803 3438 4863 τοῖς
3493 4800 3731 4875 κήρυξι.
3766 4794 3873 4857 Καὶ

418 4897 631 4967 bitror,
662 4897 1005 4970 signiﬁcans
1036 4896 1468 4971 expressiorem
1492 4894 1629 4951 inde
1660 4900 1897 4969 gustum
1927 4911 2067 4951 con-

416 4985 748 5058 junctionis
778 5002 913 5043 cum
946 4988 1219 5059 Deo,quo
1249 4984 1561 5059 potu,dum
1593 4984 1872 5041 fruuntur
1892 4983 2067 5057 justi,

420 5075 640 5151 gaudet
666 5075 843 5143 Deus,
875 5080 933 5130 et
975 5076 1089 5131 hoc
1135 5076 1351 5148 ipsum,
1385 5091 1599 5148 nempe
1629 5074 1932 5146 gaudium,
1960 5088 2070 5130 ceu

2176 4893 2291 4969 εἲγε
2352 4892 2427 4967 μὴ
2484 4890 2689 4962 καρπὸς
2739 4886 2828 4944 καὶ
2883 4888 3042 4950 οὗτος
3100 4885 3455 4961 ἐταμιεύετο,
3524 4888 3621 4945 ὅτι
3675 4885 3875 4945 καὶτὸ

2176 4982 2303 5058 πρὶν
2369 4975 2803 5055 ὑπερϐάλλεσθαι
2870 4976 3007 5051 πρὸς
3074 4975 3204 5031 Θεὸν
3273 4975 3398 5050 εἶχε
3474 4976 3754 5055 φίλτρον,
3786 4972 3879 5029 καὶ

2179 5067 2259 5127 ἔτι
2328 5069 2465 5144 μετὰ
2527 5073 2629 5138 τῆς
2688 5064 2841 5142 ἁγίας
2907 5062 3122 5136 ἐκείνης
3184 5062 3416 5139 σαρκὸς,
3468 5064 3558 5122 '{v‘
3617 5061 3879 5142 ἀμοιϐῶν

422 5150 628 5240 potum
660 5165 813 5221 Deus
844 5164 1042 5229 habet,
1073 5180 1140 5221 ac
1168 5170 1479 5237 propterea
1515 5180 1578 5220 se
1609 5180 1743 5220 cum
1773 5161 2045 5236 Evangeli

2180 5158 2430 5237 ἆῤῥήτων
2464 5154 2575 5214 ἄνω
2633 5154 2948 5235 ἐμφορηθῇ,
3006 5152 3086 5211 ἔτι
3143 5150 3201 5209 δὲ
3256 5153 3346 5209 καὶ
3381 5150 3615 5221 ἄλλοις
3650 5156 3885 5219 ἐνταῦθα

426 5253 801 5329 prmconibus
846 5253 1171 5309 bibiturum
1215 5253 1620 5325 profitebatur.
1673 5255 1743 5308 Et
1789 5252 2072 5324 quoniam

496 5354 519 5388 ⁴
551 5354 685 5410 Luc.
717 5371 754 5423 ι,
783 5353 872 5410 30.
949 5354 971 5390 ⁵
1000 5352 1179 5409 Marc.
1211 5368 1321 5421 xxv,
1354 5356 1461 5420 25;
1495 5353 1629 5409 Luc.
1663 5370 1798 5422 xm,
1831 5354 1920 5408 30.

2182 5251 2482 5324 παρασχεῖν
2543 5245 2753 5318 ὄνησιν,
2802 5244 3047 5321 ἀπαίρων
3116 5244 3177 5299 ἄν
3231 5243 3260 5300 6
3312 5248 3663 5322 μονογενὴς
3717 5244 3890 5314 αὐτῆς

1777 5517 1926 5578 Ant.
1958 5511 2253 5578 Ballerini
2281 5515 2472 5573 notae.

505 5706 575 5780 (c)
604 5704 693 5762 Ita
719 5701 849 5761 cod.
880 5702 1222 5765 constanter
1250 5713 1356 5773 pro
1388 5695 1656 5775 ὑπερφυῆ.

2260 5694 2341 5768 (d)
2370 5691 2510 5750 Cod.
2541 5688 2705 5768 ἥπερ.
