4104 6300
310 299 397 363 19.3
1279 299 1537 361 SERMO
1579 299 1659 360 IN
1705 295 2260 361 DORMITIONEM
2303 294 2372 355 B.
2420 295 2495 356 V.
2543 294 2842 356 MARIIE.

3650 297 3766 356 126

325 435 430 498 Υἱὸς
491 428 1034 510 ουνανελάμϐανεν,
1093 433 1267 510 οἶμαι,
1325 431 1415 490 καὶ
1472 434 1572 506 τὴν
1625 431 1832 510 μητερα
1863 429 1999 506 πρὸς

2117 447 2286 488 amor
2315 431 2377 487 in
2401 433 2606 501 Deum,
2641 447 2756 503 quo
2794 430 3026 503 pridem
3080 431 3344 499 ardebat,
3406 433 3764 500 etiamnum,

342 523 479 599 ῧοξιος.

349 619 788 675 incrementum
865 621 1116 690 poterat,
1176 621 1244 672 ut
1307 615 1709 672 inetl'abilibus
1757 613 2020 687 praemiis
2062 611 2399 668 cwlestibus
2456 611 2689 667 abunde
2737 611 2911 667 dilari
2989 610 3248 680 deberet,

2119 521 2260 577 dum
2284 527 2488 577 sancta
2519 521 2622 576 illa
2653 537 2829 576 carne
2857 521 3258 588 detinebatur,
3290 523 3500 596 ingens
3530 539 3766 579 sumere

3329 614 3576 684 insuper
3633 629 3768 668 vero

354 710 462 764 aliis
491 726 743 781 quoque
773 707 917 763 heic
943 708 1152 762 aﬂ‘erre
1181 711 1416 778 poterat
1437 705 1753 761 utilitatem
1789 722 1802 771 ;
1829 705 1956 776 jam
1984 701 2099 757 nisi
2132 703 2380 768 fructus,
2414 702 2581 773 isque
2616 706 2834 768 tantus,
2868 701 3205 757 reconditus
3237 702 3468 771 fuisset,
3525 704 3768 759 Matrem

357 817 595 872 quoque,
627 806 698 853 ut
719 799 1007 866 arbitror,
1039 797 1382 868 unigenitus
1426 797 1553 867 ejus
1579 794 1782 862 Filius,
1811 811 1947 849 cum
1979 791 2332 858 discederet,
2367 792 2426 846 in
2450 791 2661 846 cmlum
2693 808 2893 847 secum
2918 792 3274 849 sustulisset.

412 891 528 943 Ὃτι
560 886 639 956 δὲ,
699 889 846 943 καθᾶ
902 889 1243 961 προέφημεν,
1295 882 1386 940 διὰ
1440 887 1533 940 τὸν
1584 883 1708 960 περὶ
1762 887 1831 939 τὰ
1885 888 2005 948 θεῖα

366 983 542 1045 πόῦον,
576 978 773 1046 εὖτελῆ
803 977 898 1032 καὶ
933 976 1261 1056 ἀφιλότιμον
1289 972 1348 1029 ἄν
1381 974 1531 1030 εἷλκε
1564 974 1682 1048 βῖον
1714 974 1748 1040 ἡ
1799 973 2005 1049 ΙΙάναγ-

363 1090 465 1138 νος,
495 1073 765 1123 κατενοεῖν
801 1061 974 1136 ἔξεστι
1003 1065 1095 1120 καὶ
1126 1062 1251 1120 ὧδε.
1287 1065 1375 1126 Ὠς
1432 1063 1477 1119 εἰ
1544 1063 1634 1118 καὶ
1701 1064 1777 1136 μὴ
1836 1059 2000 1132 τηλιο

360 1157 522 1227 χαῦτη
580 1178 642 1234 γε
702 1155 920 1211 οἳκοοεν
974 1153 1260 1229 ἐτύγχανεν
1320 1149 1472 1222 οὖσα,
1518 1153 1594 1214 ὡς
1638 1149 1720 1228 ἄρ’
1753 1148 2002 1226 ἐδείχθη,

357 1248 415 1302 τὸ
439 1253 543 1301 πᾶν
587 1240 867 1321 ὑπερϐἆσα
896 1243 1052 1320 γένος
1116 1245 1184 1316 τῇ
1242 1247 1352 1297 τῶν
1413 1238 1652 1298 ἀστᾶτων
1711 1241 2000 1316 ὑπεροψῖᾳο

359 1333 482 1391 νλλο
537 1336 602 1365 η-
746 1331 841 1368 τῇ
929 1327 956 1352 ν’
1018 1354 1089 1368 ,1
1213 1330 1324 1366 ειν-,ς
1447 1326 1845 1384 εἷ,,ρ,νκς
1945 1329 1968 1370 ὶ

357 1357 389 1390 α.
543 1355 626 1390 ο.ι
679 1355 873 1390 τοδτον
930 1353 1130 1402 ετειιθ,
1182 1353 1244 1387 0.)
1283 1353 1363 1386 ιον
1402 1353 1502 1400 της
1550 1351 1718 1405 σάλος
1749 1351 1870 1404 mea
1905 1351 2000 1402 μεν

357 1429 542 1502 σαφῶς
583 1425 875 1499 θησαυρὸν,
905 1423 970 1478 τὸ
1001 1422 1156 1478 λιτὸν
1185 1419 1242 1477 δὲ
1297 1421 1394 1476 οὐκ
1440 1421 1625 1496 ἠγνόει
1692 1420 1790 1476 τοῦ
1853 1420 2001 1496 βίου,

350 1514 444 1569 καὶ
476 1512 646 1585 ὅπως,
706 1512 819 1584 ἐξὸν
859 1509 1268 1581 διακονηθῆναι,
1323 1507 1641 1580 διακονῆσαι
1674 1508 1873 1577 εἶ’λετο,
1901 1509 2002 1579 τὴν

347 1602 595 1678 ἐσχάτην
655 1623 713 1657 τε
771 1597 921 1677 ἔχειν
977 1601 1140 1672 τάξιν,
1199 1598 1328 1661 τοὺς
1377 1605 1486 1654 τῶν
1546 1597 1828 1672 πρωτείων
1852 1596 1999 1676 ἐφιε-

349 1693 545 1766 μένους
605 1688 875 1760 ἐδίδασκε,
933 1695 1051 1752 πῶς
1111 1686 1172 1745 ἄν
1240 1685 1519 1759 ἀπᾴδοντα
1601 1687 1681 1758 τῷ
1761 1689 1999 1758 ταπεινῷ

347 1779 680 1854 διεπράξατο
742 1777 1025 1854 δεσπότῃ;
1090 1779 1187 1835 Διά
1243 1783 1410 1833 ταῦτα
1463 1775 1645 1832 τοίνυν
1706 1775 1786 1831 ἂεὶ
1832 1776 1898 1832 τὰ
1948 1796 2004 1829 τε

347 1871 523 1943 σεμνὰ
576 1869 671 1923 καὶ
733 1869 805 1923 ὧν
871 1868 1159 1944 ὑπέρτερον
1216 1865 1393 1936 οὐδὲν,
1463 1864 1657 1944 ἐφίλειο
1717 1864 1808 1920 καὶ
1889 1869 1997 1919 τῶν

348 1959 586 2034 ῥεόντων
652 1959 924 2032 ὑπερορᾷν
979 1959 1192 2034 ᾑρεῖτο,
1251 1957 1344 2012 καί
1403 1956 1672 2018 ταπεινῶς
1732 1954 1890 2031 ἄγαν,
1941 1955 2015 2015 ὡς

348 2049 583 2121 εἴρηται,
623 2047 717 2102 καὶ
749 2047 972 2124 ἆόγιιως
1014 2048 1197 2122 βιοῦν.

2189 882 2354 948 Quod
2385 888 2602 950 autem,
2637 884 2790 938 sicut
2819 883 3518 956 prmmissimus,propter
3538 883 3763 940 divina-

2116 989 2248 1027 rum
2301 989 2501 1027 rerum
2555 972 2918 1028 desiderium
2976 989 3298 1045 pauperem
3357 980 3416 1028 et
3463 974 3535 1028 ab
3595 974 3760 1030 omni

2115 1063 2506 1117 ostentatione
2539 1061 2792 1117 alienam
2825 1062 3143 1134 purissima
3165 1063 3266 1119 illa
3289 1063 3465 1119 vitam
3497 1063 3759 1130 duceret,

2113 1150 2199 1205 vel
2230 1168 2299 1206 ex
2330 1152 2438 1206 hoc
2470 1152 2807 1223 perspicere
2828 1152 3337 1224 licet.Quanquam
3364 1154 3520 1209 enim
3553 1158 3762 1226 suopte

2116 1239 2352 1312 ingenio
2387 1255 2453 1294 ac
2503 1245 2714 1312 sponte
2774 1240 2932 1296 hunc
2977 1241 3244 1297 animum
3295 1259 3417 1297 non
3467 1243 3765 1315 gessisset,

2118 1328 2454 1400 cujusmodi
2487 1334 2793 1385 ostensum
2825 1329 3023 1401 palam
3055 1337 3142 1386 est
3201 1331 3252 1385 ei
3280 1329 3563 1399 adfuisse,
3597 1337 3663 1388 ut
3694 1332 3756 1387 in

2115 1433 2318 1472 rerum
2350 1417 2622 1473 labilium
2653 1424 2997 1491 contemptu
3028 1425 3270 1475 cunctos
3300 1419 3476 1492 plane
3511 1421 3772 1477 antecel-

2110 1507 2262 1563 leret
2299 1513 2398 1574 ;at
2427 1526 2562 1564 vero
2594 1510 2878 1580 quoniam
2909 1510 3076 1565 illum
3100 1512 3586 1584 genuerat,cujus
3618 1512 3758 1568 hinc

2115 1598 2357 1670 quidem
2391 1599 2745 1654 immensam
2774 1600 3098 1670 potentiam
3122 1601 3305 1671 probe
3336 1601 3756 1671 noverat,inde

2113 1704 2247 1743 vero
2279 1688 2569 1744 humilem
2610 1705 2732 1743 non
2789 1688 3095 1761 ignorabat
3152 1690 3285 1744 vitm
3342 1691 3657 1759 rationem,
3708 1695 3766 1746 et

2120 1796 2237 1852 quo
2260 1783 2454 1851 pacto,
2488 1796 2621 1835 cum
2655 1779 2946 1834 ministris
2978 1779 3063 1834 uti
3095 1779 3146 1834 ei
3172 1779 3398 1847 liceret,
3425 1781 3766 1836 ministrare

2119 1874 2321 1924 tamen
2365 1869 2570 1924 maluit
2599 1869 2641 1938 δ,
2686 1885 2752 1924 ac
2808 1875 3191 1940 praeceperat,
3253 1873 3318 1924 ut
3375 1869 3764 1925 novissimum

2120 1957 2314 2014 locum
2349 1963 2642 2025 tenerent,
2676 1958 2775 2029 qui
2809 1959 2984 2031 primi
3019 1975 3146 2014 esse
3169 1957 3473 2026 vellent";
3507 1976 3765 2031 quomo-

2127 2048 2199 2103 do
2230 2049 2463 2104 vivendi
2488 2049 2779 2103 rationem
2814 2048 2887 2103 ab
2935 2048 3146 2104 humili
3182 2049 3430 2104 Domino
3463 2049 3767 2106 dissonam

345 2142 569 2196 tectata
598 2156 869 2210 unquam
902 2137 1110 2194 fuisset
1136 2139 1164 2193 ?
1195 2138 1293 2194 His
1324 2139 1526 2211 itaque
1557 2137 1629 2193 de
1660 2137 1851 2193 causis
1883 2137 2035 2192 hanc
2066 2137 2276 2208 ipsam,
2311 2139 2536 2193 honore
2569 2155 2708 2193 sane
2741 2138 2976 2208 dignam
3008 2145 3067 2194 et
3097 2155 3212 2210 qua
3257 2139 3644 2195 excellentius
3676 2147 3768 2196 est

348 2228 524 2295 nihil,
555 2245 866 2299 nunquam
899 2245 1020 2283 non
1052 2227 1258 2282 dilexit
1290 2234 1386 2294 ;et
1417 2227 1774 2283 caducarum
1807 2243 2006 2282 rerum
2036 2233 2466 2300 contemptum,
2499 2228 2583 2283 uti
2630 2227 2852 2283 dictum
2911 2234 3018 2295 est,
3068 2229 3365 2301 vitamque
3426 2229 3593 2286 valde
3650 2231 3764 2288 hu—

350 2320 552 2374 milern
589 2325 647 2374 et
676 2319 930 2374 tumoris
962 2325 1260 2390 expertem
1294 2318 1403 2374 sibi
1434 2318 1630 2389 elegit.

427 2407 486 2476 ζ’.
521 2407 680 2464 Οὕτω
731 2404 790 2461 δὲ
851 2406 928 2470 εἰς
982 2412 1081 2480 γῆν
1129 2401 1554 2480 αἰθεροϐατοόσῃ
1630 2409 1699 2480 τῇ
1763 2405 2008 2480 μακαπίᾳ

355 2491 587 2570 ἅγγελος
629 2492 985 2569 ὑψηλοτάτην
1019 2491 1206 2550 ἄνοδον
1255 2494 1474 2568 μηνύει.
1521 2494 1652 2567 Περὶ
1705 2493 1766 2550 οὗ
1815 2493 2002 2570 λόγος,

361 2585 438 2646 ὡς
469 2581 710 2660 Γαϐριὴλ
739 2586 807 2655 ἦν
878 2586 906 2640 ὁ
939 2589 1106 2653 θεῖος,
1167 2582 1224 2646 ὅς
1250 2581 1316 2654 δὴ
1376 2585 1466 2640 καὶ
1511 2581 1641 2639 τάδε
1687 2588 1999 2660 προσεῖπεν·

367 2675 432 2729 Ὀ
470 2673 696 2745 Κτίστης
725 2681 832 2730 τῶν
867 2675 1144 2743 ἁπάντων,
1177 2674 1267 2728 καὶ
1301 2679 1435 2729 Θεοῦ
1467 2674 1596 2736 Θεὸς
1653 2674 1850 2750 Λόγος,
1910 2672 2000 2729 καὶ

373 2761 496 2822 Υἱὸς
552 2763 659 2833 σὸς,
689 2763 842 2820 καλεῖ
893 2784 972 2835 σε,
1019 2760 1276 2836 ΙΙαρθένε,
1337 2765 1462 2839 παρ’
1529 2762 1725 2835 ἐαυτῷ’
1776 2764 1864 2818 καὶ
1926 2761 2004 2827 εἰς

372 2848 561 2924 τρίτην
606 2853 734 2924 μιτᾶ
790 2855 895 2923 τὴν
963 2850 1124 2926 ἐμὴν,
1173 2852 1219 2906 ὦ
1269 2851 1607 2926 πανύμνητε,
1661 2850 1917 2928 ἀγγελίαν
1973 2851 2001 2905 ὁ

363 2939 578 3014 ὕψηλός
602 2939 946 3013 ὑποδέξεσῦαί
980 2961 1038 2995 σε
1086 2938 1496 3016 ὃιηυτρὲπισται
1556 2942 1763 3018 χώρος.
1822 2943 2000 3016 Χαρᾶς

355 3027 412 3086 δὲ
442 3029 652 3107 πλῆρες
701 3032 793 3087 καὶ
853 3032 918 3086 τὸ
979 3029 1300 3105 εὐαγγέλιον
1365 3030 1538 3101 τουτὶ,
1596 3033 1860 3108 Παναγνε,
1906 3031 1996 3085 καὶ

349 3128 447 3181 τοῦ
476 3124 605 3195 πρίν
665 3143 754 3176 σοι
798 3120 889 3176 δὸν
933 3121 1216 3192 ἀσπασμὸν
1262 3119 1469 3176 ἐκεῖνοι)
1540 3121 1871 3194 μηνύσαντος
1923 3119 1999 3182 εἰς

351 3216 536 3289 τέρψιν
585 3209 769 3267 ἐνδέον
829 3207 1008 3266 οὐδὲν.
1075 3209 1323 3282 Καθάπερ
1392 3212 1494 3287 γαρ
1556 3209 1888 3287 εὖνρροσύνης
1937 3209 2003 3276 ἦν

358 3303 528 3358 ἐκεῖνο
579 3301 645 3356 τὸ
691 3299 994 3375 πρόσρημα
1032 3295 1224 3375 γέμον,
1275 3301 1360 3355 ὅτι
1417 3300 1554 3373 μόνη
1620 3299 1713 3355 τὸν
1763 3298 2009 3370 πλάστην

356 3387 655 3451 teis-rasa:
715 3389 797 3451 σῖς
851 3396 958 3464 γῆν
1009 3389 1274 3460 κανιὸντα,
1334 3388 1477 3444 οὕτω
1537 3388 1626 3444 καὶ
1682 3393 1772 3444 νῦν
1823 3395 2008 3465 χαῖρε,

355 3479 736 3556 εὖλογημένη,
772 3477 856 3532 ὅτι
889 3477 1058 3550 μόνος
1091 3479 1118 3532 ὁ
1148 3479 1363 3533 πάντων
1396 3477 1670 3546 Δεσπότης
1715 3479 1791 3542 εἷς
1841 3478 2006 3554 οὖρα-

353 3571 477 3634 νοὺς
535 3591 594 3624 σε
658 3567 863 3638 δέξεται
925 3568 1194 3624 ἀνιοῦσαν.
1254 3569 1420 3626 Ἔνθα
1476 3566 1744 3640 θυμηδίας
1802 3569 2008 3646 ἀφάτου

353 3658 680 3732 πλησθήσῃ,
768 3659 855 3710 καὶ
938 3658 1266 3720 θεοπθεποῦς
1355 3655 1578 3730 ὁμιλίας
1663 3656 2006 3723 ἀπολαύσεις.

355 3749 475 3804 Θεία
533 3746 593 3803 δὲ
645 3767 703 3801 σε
759 3744 1207 3820 ὑπερλαμπρυνεῖ
1264 3744 1436 3809 ἀΐδιος
1492 3745 1714 3821 ἀγλαΐα,
1774 3747 1863 3802 καὶ
1895 3750 2010 3803 οἷον

357 3843 568 3912 χιτῶνα
628 3837 886 3910 λαμπρὸν
945 3836 1094 3904 ζωήν
1147 3833 1406 3911 ἐνδυοήσῃ
1467 3836 1708 3905 αἰώνιον,
1776 3834 2010 3912 ἅῤῥητόν

361 3923 730 3981 σοιόιὸοὖταν
772 3926 1007 4001 τρυφὴν,
1065 3926 1163 3993 τήν
1220 3924 1295 3985 εἷς
1356 3925 1555 3986 αἰῶνας
1614 3923 1857 3980 ἅπαυστα
1914 3927 2006 3980 σὺν

354 4019 430 4086 τῷ
475 4015 586 4086 ι’ἶῷ
653 4034 750 4068 σου
808 4013 898 4067 καὶ
951 4015 1069 4083 Θεῷ
1126 4010 1464 4088 ἀγαλλίασιν.
1530 4018 1702 4088 Χαῖρε
1793 4010 2008 4088 λοιπὸν,

356 4101 560 4178 ἁγνείας
613 4100 745 4172 ἥλιε
793 4097 1165 4175 διαυγὲατατεο
1226 4102 1411 4177 χαῖρε,
1469 4097 1814 4177 ἀλάϐαστρον
1869 4101 2006 4158 εὐω-

361 4186 478 4255 δίας
503 4193 747 4263 ἀλήπτου
778 4189 1186 4263 πληρεστατον·
1221 4197 1405 4268 χαῖρε,
1467 4191 1792 4264 ζωοπάροχε
1843 4198 2006 4262 κῆπε,

363 4285 458 4347 τῆς
505 4281 791 4346 ἀθανασίας
837 4279 991 4361 φῦων
1032 4282 1294 4356 καρπούς.
1355 4282 1542 4356 Χαῖρε,
1594 4280 1676 4336 ὅτι
1721 4281 1809 4336 καὶ
1863 4283 2005 4336 ἀσω-

373 4369 562 4440 μάτους
587 4370 952 4450 φαιδρότερον
984 4367 1287 4434 ἐκστίλϐεις
1318 4373 1392 4446 (β)
1418 4373 1650 4426 τοιαῦτα
1703 4393 1788 4427 σοι
1843 4371 2006 4444 κομί-

367 4462 540 4528 ζοντας
566 4463 886 4541 εὐαγγέλια,
921 4463 984 4517 οὗ
1022 4483 1119 4534 μοι
1150 4464 1325 4540 σαφὴς
1367 4463 1402 4529 ἡ
1435 4467 1598 4535 πεῖρα
1652 4460 2004 4527 διδάσκαλος.

2186 2409 2276 2466 VI.
2311 2408 2456 2463 Cum
2487 2424 2664 2479 porro
2687 2407 2860 2464 beata
2884 2407 2990 2464 illa
3013 2408 3314 2466 cmlestem
3341 2409 3635 2481 ejusmodi
3681 2409 3762 2466 vi-

2117 2503 2238 2554 tam
2262 2498 2321 2552 in
2357 2502 2512 2553 terra
2537 2497 2797 2568 degeret,
2827 2497 2897 2552 de
2921 2515 3172 2554 ascensu
3204 2499 3331 2569 ejus
3378 2500 3451 2554 ad
3506 2517 3767 2571 superna

2114 2586 2358 2660 angelus
2389 2586 2472 2641 illi
2496 2587 2773 2642 nuntium
2808 2585 3016 2642 defert.
3050 2589 3120 2640 Et
3148 2587 3306 2642 hunc
3349 2587 3591 2658 quidem
3648 2594 3764 2644 tras

2113 2674 2258 2730 ditio
2287 2675 2559 2746 perhibet
2589 2674 2851 2729 divinum
2884 2675 3062 2730 fuisse
3113 2675 3463 2744 Gabrielem,
3515 2677 3615 2746 qui
3663 2677 3754 2732 his

2112 2763 2564 2836 prorsusverbis
2595 2781 2726 2818 eam
2774 2765 2986 2819 affatus
3025 2769 3156 2820 est:
3208 2767 3424 2822 Rerum
3484 2765 3751 2822 omnium

2112 2855 2371 2923 Creator,
2426 2853 2529 2908 Dei
2577 2852 2832 2908 Verbum
2890 2855 3063 2922 Deus,
3093 2857 3151 2908 et
3181 2853 3340 2909 ﬁlius
3392 2858 3548 2922 tuus,
3580 2860 3659 2921 te,
3715 2871 3748 2910 ο

2111 2945 2306 3017 Virgo,
2342 2943 2415 2999 ad
2447 2960 2508 2998 se
2541 2947 2705 2998 vocat
2732 2959 2746 3010 ;
2776 2949 3134 3015 paratusque
3191 2942 3459 2999 sublimis
3515 2948 3605 3000 est
3659 2944 3750 3000 lo-

2111 3051 2234 3101 cus,
2267 3035 2367 3106 qui
2402 3039 2477 3103 te,
2512 3051 2544 3088 o
2576 3033 2746 3090 laude
2773 3035 2935 3089 omni
2966 3034 3514 3107 dignissima,tertio
3546 3035 3617 3090 ab
3643 3036 3754 3093 hac

2115 3141 2248 3180 mea
2278 3125 2568 3198 legatione
2602 3124 2720 3191 die,
2756 3125 3026 3197 excipiat.
3063 3126 3179 3180 Hoc
3210 3131 3408 3181 autem
3453 3127 3752 3196 nuntium,

2117 3232 2150 3270 o
2173 3215 2513 3286 purissima,
2547 3219 2606 3269 et
2633 3215 2826 3287 ipsum
2858 3215 3054 3287 gaudii
3084 3215 3328 3288 plenum
3362 3221 3470 3282 est,
3504 3232 3614 3272 nec
3645 3215 3752 3270 mi-

2114 3320 2226 3358 nus
2255 3303 2474 3358 laetitia)
2505 3303 2675 3358 affert
2704 3321 2770 3359 ac
2801 3303 3150 3375 priusillud,
3185 3304 3342 3376 quod
3375 3305 3480 3360 til‘i
3531 3305 3756 3360 saluta-

2116 3393 2343 3448 tionem
2375 3391 2536 3448 illam
2569 3392 2798 3448 detulit.
2831 3393 2991 3447 Sicut
3016 3394 3174 3448 enim
3215 3393 3586 3450 laetissimum
3645 3393 3757 3448 fuit

2115 3482 2261 3538 illud
2286 3483 2635 3553 alloquium,
2667 3488 2982 3554 prOptcrea
3012 3483 3168 3554 quod
3197 3485 3533 3540 Creatorem
3566 3485 3625 3538 in
3645 3490 3756 3539 ter-

2116 3589 2242 3629 ram
2275 3574 2734 3628 descendentem
2791 3573 2918 3628 sola
2969 3573 3311 3644 portandum
3366 3572 3752 3645 suscipiebas,

2116 3663 2200 3717 ita
2231 3667 2290 3716 et
2318 3679 2476 3717 nunc
2502 3663 2629 3734 jam
2660 3661 2869 3732 gaude,
2906 3679 2938 3716 ο
2993 3660 3321 3729 benedicta,
3345 3663 3626 3732 quoniam
3659 3678 3758 3716 re-

2116 3767 2250 3806 rum
2283 3751 2546 3805 omnium
2579 3751 2862 3805 Dominus
2896 3755 2949 3805 te
2984 3750 3055 3806 ad
3105 3751 3284 3806 cmlos
3333 3749 3756 3806 ascendentem

2117 3838 2280 3894 solus
2311 3837 2582 3908 excipiet.
2599 3837 2684 3890 Ibi
2709 3836 3382 3908 inefTabilijucunditate
3407 3836 3756 3909 repleberis,

2114 3927 2429 3998 divinoque
2445 3927 2741 3981 consortio
2758 3925 3578 4000 perfrueris.Fulgentissima3
3599 3927 3756 3981 enim

2113 4017 2265 4074 lucis
2311 4024 2368 4073 te
2410 4017 2664 4090 plendor
2721 4033 2843 4072 non
2891 4017 3192 4088 periturus
3255 4016 3646 4084 collustrabit,
3699 4020 3759 4072 et

2113 4108 2374 4180 quodam
2407 4107 2575 4178 quasi
2599 4106 2822 4179 fulgido
2856 4105 3206 4163 indumento
3258 4108 3377 4164 vita
3433 4107 3754 4163 circumveo

2113 4197 2310 4253 stieris
2341 4202 2582 4265 mterna,
2625 4213 2754 4269 qua:
2804 4196 3237 4253 inenarrabiles
3265 4196 3368 4252 tibi
3402 4196 3669 4262 delicias,
3701 4201 3759 4253 et

2110 4285 2250 4359 juge
2277 4286 2340 4340 in
2370 4285 2586 4342 sarcula
2616 4303 2750 4341 cum
2778 4285 2900 4341 filio
2928 4291 3027 4342 tuo
3061 4303 3129 4342 ac
3160 4288 3277 4342 Deo
3317 4286 3598 4359 gaudium
3653 4284 3761 4339 tri-

2115 4376 2278 4432 buat.
2310 4378 2429 4430 Ave
2460 4376 2658 4449 igitur,
2693 4377 2779 4432 sol
2835 4376 3110 4448 puritatis
3167 4377 3562 4432 nitentissime
3594 4375 3704 4444 (10)
3739 4389 3754 4442 ;

2113 4483 2239 4533 ave,
2272 4465 2629 4522 alabastrum
2663 4467 2840 4522 odore
2863 4483 3169 4537 nunquam
3201 4465 3512 4521 deficiente
3543 4463 3760 4535 plenis-

358 4549 463 4618 Τῆς
491 4549 543 4607 δὲ
598 4539 834 4618 ἀειςῶου
866 4551 962 4606 καὶ
1029 4539 1343 4620 ἀειθαλοῧς,
1373 4552 1439 4619 ἧς
1485 4550 1668 4624 τεύξῃ,
1727 4549 2001 4628 γλυκότη-

2116 4557 2372 4623 simum;
2405 4571 2528 4627 ave,
2562 4554 2768 4611 hortus
2799 4556 2975 4610 vitam
3005 4554 3370 4628 germinans,
3404 4557 3462 4608 et
3511 4552 3760 4608 immor-

406 4727 431 4762 ⁸
452 4729 649 4790 Matth.
689 4747 790 4797 xx,
813 4729 889 4784 28
922 4743 936 4795 ;
964 4725 1106 4781 Luc.
1138 4741 1278 4794 xm,
1300 4727 1390 4780 27.
1465 4723 1488 4758 "
1519 4725 1721 4783 Matth.
1753 4742 1850 4793 xx,
1880 4728 1970 4780 26.

1697 4906 1842 4966 Ant.
1893 4905 2192 4968 Ballerini
2223 4911 2410 4968 notm.

388 5135 470 5203 (ε)
491 5134 785 5191 Ποτιτίους
804 5125 1170 5203 Stephanus
1225 5125 1515 5203 (Thesaur.
1551 5125 1634 5203 ad_
1663 5125 1725 5182 V.
1757 5116 1992 5203 στίλβω)

310 5194 540 5261 vitiata:
568 5202 817 5262 lectioni
852 5194 1130 5254 tribuere
1164 5195 1370 5268 maluit
1405 5195 1678 5268 exempla
1712 5194 1992 5268 quaedam

316 5278 536 5348 activae
572 5261 1063 5348 significationis
1118 5267 1276 5322 verbi
1313 5261 1633 5348 fence}
1666 5261 1760 5322 hic
1817 5282 1992 5338 porro

315 5345 539 5403 Isidori
572 5338 739 5403 locus
771 5339 1157 5401 contrarium
1190 5339 1436 5395 suadere
1487 5338 1736 5394 videtur.

405 5420 521 5491 {10)
561 5418 952 5491 Advertimus
975 5410 1276 5491 superius,
1327 5411 1471 5491 solis
1502 5408 1807 5491 .typo,“qui
1865 5426 1996 5480 pro-

323 5482 606 5555 prius'est
625 5489 850 5547 Christi
888 5482 1339 5555 Domini,etiam
1363 5482 1658 5555 Virginem
1681 5482 1994 5555 Deiparam

327 5552 687 5618 adumbrari.
713 5561 822 5616 Hic
851 5571 999 5611 vero
1023 5552 1357 5626 explicatur
1384 5552 1863 5626 expressius,qu_o
1881 5552 1996 5626 ista

326 5635 689 5707 comparatio
720 5632 983 5707 spectet.
1012 5622 1296 5682 Videlicet
1315 5622 1474 5682 sicut
1487 5625 1755 5683 Christus
1769 5622 1996 5682 dicitur

2101 5121 3752 5216 ξειέςξείξέίὲτ,εξεΧέιξξςξΡΨ³.εέφξξβρρξξεξιιιςεοέιοξξ-

2099 5196 2306 5264 ritatis,
2339 5196 2509 5268 isque
2539 5197 2957 5252 nitentissimus.
2982 5199 3056 5252 At
3087 5196 3236 5251 οιιιῑί
3253 5196 3555 5253 Christum
3582 5197 3756 5268 fdici-

2102 5284 2234 5341 mus
2264 5268 2442 5341 Solem
2462 5269 2729 5341 justitim,
2757 5269 2876 5341 hoc
2895 5267 3228 5341 significare
3262 5267 3752 5341 volumus,jus_ti-

2103 5340 2246 5394 tiam
2277 5339 2491 5393 Christi
2524 5339 2607 5394 ita
2635 5337 2974 5410 perfectam'
2993 5356 3141 5398 esse.
3173 5346 3239 5394 ut
3260 5339 3407 5393 nihil
3430 5337 3753 5410 perfectius

2103 5410 2424 5484 excogitari
2455 5406 2730 5484 quatha
2776 5413 2955 5484 igitur
3006 5416 3065 5466 et
3111 5406 3479 5484 de__Virgirfe
3524 5406 3749 5484 paritas

2103 5476 2502 5558 niten'tissima
2533 5476 2908 5553 praedicatur,
2937 5498 3053 5558 qua
3083 5480 3233 5558 nihil
3263 5476 3749 5558 purius-concipi

2103 5553 2310 5626 possit,
2327 5569 2394 5607 ac
2406 5551 2721 5626 propterea
2746 5571 2877 5626 quae
2896 5551 3156 5625 cujusvis
3184 5551 3330 5605 naevi
3347 5551 3746 5620 suspicionem

2105 5623 2314 5697 procul
2344 5639 2378 5680 a
2399 5623 2459 5680 se
2492 5623 2748 5698 rejiciat.
