4104 6300
363 410 481 472 127

1522 380 1819 449 ISIDORI
1862 366 2620 440 THESSALONICENSIS

3635 360 3741 420 {28

362 540 613 599 talitatis
644 537 844 594 ferens
876 533 1123 589 fructus.
1158 527 1376 589 Gaude,
1402 522 1684 596 quoniam
1718 522 1776 573 et
1823 529 2044 578 mcor-l

2160 527 2216 570 ος
2274 498 2578 578 σύμϐολον,
2635 498 2847 557 τουτονῖ
2903 520 2986 556 σοι
3045 499 3135 554 τὸν
3199 497 3398 565 θαλλον
3458 495 3629 554 δοῦναι
3658 499 3744 551 τοῦ

364 648 577 708 poreos
632 626 763 684 οωὶί
821 625 995 691 cives,
1051 619 1152 691 qui
1203 616 1308 673 tibi
1367 615 1480 670 hoc
1537 610 1685 669 felix
1733 603 2015 664 nuntium

2128 597 2373 678 φοίνικος
2404 592 2843 668 προστάταγμαι.

369 681 655 786 afferunt,
674 681 1238 787 splendidiori-luce,
1270 708 1445 778 prout
1474 702 1599 774 ipse
1630 714 1788 754 nunc
1820 698 1980 751 certa
2010 686 2373 763 experientia
2404 683 2585 747 disco,
2616 681 2941 755 perfundis.
2966 681 3311 756 Symbolum
3341 696 3509 755 porro
3537 694 3754 751 semper

372 810 619 867 viventis
649 818 1000 876 semperque
1051 797 1315 863 virentis,
1374 809 1492 866 qua
1546 788 1813 863 potieris,
1864 778 2259 858 jucunditatis
2316 776 2471 831 hunc
2528 774 2741 846 palma)
2790 788 3023 829 ramum
3081 771 3186 827 tibi
3238 772 3528 845 porrigere
3568 768 3756 842 jussus

371 916 532 959 sum.

445 991 559 1045 VII.
597 989 731 1043 Haec
761 983 861 1041 ubi
892 981 1052 1038 dicta
1102 990 1322 1051 sponsa
1370 969 1614 1037 audivit,
1666 978 2019 1035 ramumque

376 1083 448 1138 ab
480 1081 830 1148 incorporeo
862 1070 1071 1128 nuntio
1104 1065 1353 1137 accepit,
1406 1061 1567 1117 illico
1600 1073 1749 1114 novo
1808 1052 2022 1126 gaudio

373 1143 689 1232 redundat,
750 1160 1055 1221 suavitatis
1103 1172 1237 1212 rore
1286 1151 1551 1222 undique
1617 1143 2023 1220 perfunditur,

376 1257 647 1315 lmtitiam
677 1243 1279 1325 spirat,jucunditatis
1302 1240 1464 1298 ducit
1487 1237 1741 1294 halitum
1768 1250 1781 1300 ;
1806 1250 1873 1288 ac
1903 1236 2026 1286 tota

378 1322 739 1407 dulcissimae
772 1338 1089 1412 voluptatis
1114 1350 1294 1391 sensu
1336 1334 1628 1401 correpta,
1681 1322 2026 1382 exsultatio—

378 1455 518 1495 nem
548 1450 718 1491 suam
765 1411 1125 1486 omnimodis
1180 1421 1416 1479 indiciis
1469 1417 1728 1474 exterius
1784 1411 2023 1486 promit.

379 1524 596 1593 Quidni
629 1523 792 1578 enim
824 1519 885 1575 id
914 1517 1109 1583 ﬁeret,
1142 1513 1283 1569 dum
1315 1510 1455 1566 talia
1498 1524 1602 1582 per
1658 1503 2020 1575 legationem

385 1589 552 1672 illam
577 1613 631 1668 ei
663 1611 735 1667 ob
796 1606 997 1665 oculos
1046 1600 1553 1677 proponebantur,
1585 1594 1861 1650 videlicet
1916 1589 2031 1647 alia

387 1703 727 1777 quidem,ac
766 1699 931 1767 olim,
962 1695 1277 1757 ratione,at
1309 1706 1428 1746 non
1472 1687 1669 1743 minus
1700 1699 1858 1739 nunc
1888 1697 2029 1753 quo-

390 1812 503 1868 que
531 1790 881 1850 admiranda
902 1785 1162 1845 Creatori
1184 1800 1251 1840 ac
1281 1782 1425 1837 Filio
1458 1796 1564 1834 suo
1610 1780 1770 1833 arcte
1831 1773 2032 1829 adhin-

386 1901 518 1941 rere
550 1888 609 1939 et
638 1879 919 1954 conjungi
949 1887 1439 1944 rursus,eumque
1473 1884 1574 1924 ore
1600 1866 1704 1922 illo
1738 1863 1936 1919 divino
1967 1876 2035 1916 ac

390 1974 498 2030 ﬁlii
528 1950 837 2028 aﬂ‘ectuvet
865 1950 1106 2023 vocibus
1139 1980 1260 2035 prae
1288 1959 1452 2017 omni
1484 1956 1771 2013 suavitate
1816 1950 2034 2007 dulcis-

391 2062 556 2119 simis
586 2077 648 2116 se
679 2064 931 2115 matrem
964 2069 1135 2110 suam
1161 2047 1570 2121 alloquentem
1605 2043 1811 2099 audire
1842 2039 1871 2095 ‘I

464 2150 687 2206 Idcirco
723 2152 780 2201 et
810 2149 1074 2201 montem
1105 2140 1404 2197 Olivarum
1453 2130 1822 2198 conscendit,
1854 2133 1919 2184 ut
1956 2126 2038 2183 ibi

395 2245 455 2297 et
484 2254 689 2311 preces
720 2231 1005 2295 effundat,
1041 2235 1099 2286 et
1127 2228 1345 2302 gratias
1368 2230 1501 2298 agat
1548 2222 1820 2289 Domino,
1879 2215 2039 2290 quod

399 2329 475 2384 ad
505 2343 567 2383 se
597 2326 759 2382 illam
784 2325 912 2396 jam
943 2321 1225 2377 accersat.
1260 2314 1495 2371 Solebat
1524 2312 1683 2367 enim
1714 2311 1775 2366 in
1808 2325 1944 2365 eum
1976 2324 2038 2363 se

399 2422 666 2472 montem
696 2413 982 2484 recipere,
1022 2425 1110 2478 ac,
1143 2405 1306 2461 velut
1336 2403 1474 2460 huic
1530 2416 1768 2474 quoque
1825 2414 2037 2454 sensus

396 2509 718 2573 constaret,
759 2518 895 2558 cum
926 2501 1055 2571 ipso
1101 2493 1320 2551 versari
1372 2498 1430 2548 et
1474 2507 1610 2547 eum
1667 2486 1914 2559 alloqui,
1968 2485 2042 2542 ad

388 2596 710 2671 illumque,
744 2592 807 2647 in
840 2606 957 2662 quo
983 2603 1151 2643 meus
1169 2598 1404 2657 quoque
1434 2582 1601 2637 Jesus
1628 2578 1750 2634 luto
1778 2576 1889 2632 hoc
1915 2592 2044 2631 nos-

395 2691 487 2742 tro
520 2686 575 2755 (ο
595 2664 974 2739 ineffabilem
1006 2675 1362 2734 charitatem
1395 2671 1431 2743 Ξ)
1464 2669 1901 2734 circumtectus,
1925 2664 2043 2718 Deo

398 2793 466 2833 ac
496 2773 658 2831 Patri
689 2787 894 2844 preces
920 2768 1134 2824 offerre
1157 2763 1563 2823 consueverat,
1614 2756 1776 2813 velut
1822 2754 1896 2811 ad
1953 2752 2045 2809 di-

398 2865 538 2925 lecti
563 2863 695 2921 Filii
729 2862 818 2919 sui
853 2865 912 2915 et
936 2856 1167 2915 Domini
1192 2853 1451 2909 amicum
1483 2847 1789 2905 accedere.

477 2955 618 3011 VIII.
648 2949 930 3009 Ascendit
958 2948 1157 3021 igitur,
1191 2948 1257 2999 ut
1283 2940 1460 2998 modo
1493 2938 1716 2994 dictum
1749 2939 1857 3001 est,
1901 2937 1966 2988 ut
1989 2937 2049 2987 et

404 3059 666 3118 congrua
714 3036 1057 3097 discedendi
1115 3032 1309 3090 ofﬁcia
1358 3028 1645 3101 expleret,
1678 3030 1736 3081 et
1772 3022 2047 3097 precibus

407 3136 747 3190 Creatorem
778 3129 1068 3184 exoraret.
1101 3124 1351 3178 Cernere
1383 3134 1520 3191 ergo
1545 3121 1682 3171 tunc
1713 3122 1840 3169 erat
1882 3127 2049 3184 spec-

2202 954 2270 1012 Z'.
2329 952 2552 1011 Τούτων
2613 951 2688 1013 ὡς
2754 949 2985 1021 ἀκήκοεν
3039 952 3074 1021 ἡ
3132 950 3573 1025 Οεόνυμφος,καὶ
3621 947 3757 1023 παρὰ

2131 1046 2227 1098 τοῦ
2258 1043 2551 1116 ἀσωμάτου
2580 1042 2671 1096 τὸν
2704 1037 2905 1095 κλάδον
2936 1037 3152 1114 εἴληφε,
3186 1046 3362 1115 χαρᾶς
3418 1039 3569 1103 εὐθὺς
3624 1036 3759 1109 πλη-

2134 1135 2344 1208 ροῦταιο
2426 1128 2769 1207 γλυκύτητος
2860 1127 3195 1205 περιρῥεῖται
3280 1125 3489 1203 ψεκάδι,

2134 1223 2297 1294 σύνην
2349 1220 2513 1294 ἔπνει,
2577 1219 2854 1296 θυμηδίας
2924 1223 3223 1295 ἀνέπεμπεν
3282 1222 3480 1296 ἆσθμα·
3538 1219 3628 1276 καί
3705 1219 3765 1289 ἦν

2134 1310 2335 1383 ἡδονῆς
2361 1310 2468 1383 ’ὀλη
2516 1310 2778 1389 γέμουσα,
2827 1312 2913 1367 καὶ
2974 1310 3356 1387 ἀγαλλιάσεως
3421 1309 3758 1391 πολλαχόθεν

2138 1400 2402 1459 δεικνῦσα
2431 1403 2498 1457 τὰ
2530 1396 2807 1475 σύμϐολα·
2874 1406 3001 1464 Πῶς
3059 1399 3117 1457 δὲ
3170 1401 3273 1457 οὐκ
3342 1398 3547 1476 ἔμελλε
3603 1404 3772 1473 τοῦτο,

2136 1497 2362 1550 τοιαῦτα
2422 1492 2820 1571 ζωγραφούσης
2876 1499 2945 1562 τῆ
3014 1490 3290 1570 ἆγγελξας,
3346 1492 3551 1570 τρόπον
3604 1488 3772 1567 ἕτερον

2141 1583 2281 1660 ἤπερ
2340 1583 2487 1640 εἷλεν
2547 1584 2575 1639 ὁ
2636 1585 2783 1658 πρὶν,
2837 1581 3138 1660 παράδοξον
3209 1580 3264 1639 δὲ
3324 1582 3415 1640 καὶ
3465 1582 3647 1651 αὐτὸν,
3701 1585 3772 1654 τῷ

3578 1126 3761 1205 suppo-

2143 1680 2476 1748 Δημιουργῳ
2525 1672 2629 1746 ξκαὶ
2706 1671 2874 1738 αὐτῆς
2928 1672 3039 1745 Υἱῷ
3097 1676 3430 1749 προσφῦναι,
3486 1672 3574 1728 καὶ
3629 1669 3769 1735 αὖθις

2142 1761 2433 1833 ὲνωοῆναι,
2493 1762 2585 1816 καὶ
2660 1762 2995 1839 θεοφθὸγγου
3073 1760 3163 1817 καὶ
3228 1762 3414 1832 υἱϊκῆς
3517 1760 3778 1817 αἶ’σθέσθαι

2143 1850 2421 1930 γλώττης,
2480 1850 2615 1925 ὑπὲρ
2673 1851 2808 1906 ἅπαν
2879 1849 2983 1921 ἡδὺ
3058 1850 3395 1924 χαριέστατα
3476 1851 3611 1926 πρὸς
3686 1849 3776 1919 τὴν

2151 1941 2363 2016 μητέρα
2393 1940 2642 2015 ῥεούσης.

2216 2030 2312 2086 Διὰ
2341 2033 2512 2086 ταῦτα
2541 2028 2631 2085 καὶ
2689 2028 2887 2085 ἃνεισιν
2945 2028 3033 2085 ἐπὶ
3084 2030 3149 2085 τὸ
3205 2028 3335 2105 ὄρος
3384 2034 3495 2086 τῶν
3557 2027 3780 2088 Ἐλαιῶν

2146 2118 2321 2196 εὐχήν
2350 2140 2409 2174 τε
2447 2118 2809 2196 ἀπορώσουσα
2869 2118 2948 2191 τῷ
3005 2116 3272 2195 Δεσπότῃ,
3323 2120 3419 2175 καὶ
3476 2121 3637 2196 χάριν
3692 2121 3788 2193 τῇς

2144 2192 2281 2286 πρός
2335 2207 2495 2264 αὐτὸν
2546 2192 2822 2278 κλήσεως.
2875 2206 3073 2272 Εἰώθει
3147 2192 3250 2286 γὰρ
3310 2192 3611 2290 ἀναφοιτᾷν
3658 2192 3788 2283 πρὸς

2146 2297 2320 2353 ἐκεῖνο
2373 2298 2438 2353 τὸ
2469 2292 2615 2372 ὅρος,
2676 2297 2767 2351 καὶ
2823 2296 2897 2358 ὡς
2929 2301 3035 2353 τῶν
3069 2295 3337 2377 ἐμψύχων
3376 2298 3481 2370 ἐνὶ,
3502 2297 3597 2354 καὶ
3626 2317 3792 2375 προσ·

2148 2385 2367 2460 ομιλεῖν
2427 2386 2517 2441 καὶ
2565 2386 3045 2463 προσφθέγγεσοαι,
3122 2387 3210 2441 καὶ
3279 2388 3368 2443 οἷα
3459 2385 3613 2466 φίλῳ
3703 2390 3795 2442 τοῦ

2147 2473 2482 2555 φιλουμένου
2528 2471 2730 2537 Παιδὸς
2780 2474 2873 2529 καὶ
2932 2475 3207 2530 Δεσπότου
3264 2478 3701 2556 προσέρχεσθαι,
3748 2473 3796 2530 ὲν

2148 2565 2194 2636 ᾧ
2224 2564 2315 2618 καὶ
2351 2564 2378 2618 ὁ
2412 2560 2544 2637 ἐμός
2568 2565 2778 2633 Ἰησοῦς
2807 2562 2900 2624 τάς
2950 2562 3117 2637 εὐχὰς
3170 2568 3251 2636 τῷ
3307 2569 3431 2639 Θεῷ
3485 2566 3578 2621 καὶ
3638 2563 3800 2640 Πατρὶ

2148 2658 2435 2729 προςῆγεν,
2500 2649 2545 2706 ὣ
2626 2648 3034 2729 φιλανθρωπίας
3104 2653 3308 2731 ἀφάτου
3377 2656 3391 2711 l
3454 2650 3685 2733 ἔλυτρον
3742 2653 3800 2711 ἐκ

2148 2741 2333 2814 πηλοῦ
2366 2743 2564 2816 φέρων.

2223 2928 2306 2984 Η’.
2336 2932 2538 2982 ’Δνεισι
2567 2931 2881 3003 τοιγαροῦν,
2932 2928 3006 2991 ὡς
3054 2934 3268 3005 εἴρηται
3326 2930 3685 3004 τελευταῖον,
3750 2932 3815 2985 τὰ

2156 3014 2401 3092 ἔξιτήρια
2428 3014 2518 3070 καὶ
2549 3019 2887 3093 προσεροῦσα
2916 3017 3006 3073 καί
3065 3019 3483 3095 προσευξομένη
3547 3026 3628 3095 τῷ
3681 3020 3821 3077 [Uid-

2162 3125 2285 3180 στῃ.
2317 3105 2418 3163 Ἦν
2463 3102 2554 3161 οῦν
2613 3102 2744 3161 ἰδεῖν
2796 3105 2919 3162 τότε
2987 3106 3160 3181 θέαμα
3217 3108 3387 3182 ξένον,
3444 3112 3543 3167 καὶ
3605 3113 3825 3191 φρικτὸν

408 3220 675 3279 taculum
700 3218 919 3273 mirum
953 3214 1100 3282 visu,
1154 3217 1213 3266 et
1284 3206 1650 3264 horrendum
1699 3201 1925 3273 auditu,
1982 3214 2044 3255 ac

2163 3174 2325 3270 ἀκοῇ,
2390 3195 2559 3269 μόνης
2627 3190 2683 3249 δὲ
2728 3192 2875 3265 ἄξιον
2905 3201 3004 3266 τῆς
3056 3174 3342 3273 μακαρίας.
3373 3174 3767 3278 ’Ἀνῂει’γᾶρ,
3798 3198 3826 3253 δ

414 3310 542 3368 sola
572 3309 744 3364 beata
770 3305 870 3361 illa
899 3303 1280 3374 condignum.
1314 3294 1679 3353 Ascendebat
1712 3293 1894 3358 enim,
1927 3307 2055 3362 pro-

411 3400 500 3457 uti
558 3397 703 3465 dixi,
762 3400 827 3450 ut
880 3408 1085 3466 preces
1140 3386 1509 3453 effunderet;
1569 3389 1627 3439 et
1677 3380 1873 3454 quoad
1928 3380 2057 3451 ipsa

417 3486 741 3547 ascendere
772 3481 1070 3555 pergebat,
1096 3478 1325 3551 spissae,
1356 3491 1488 3546 quas
1520 3472 1601 3527 ibi
1625 3475 1813 3540 erant,
1838 3468 2056 3541 plantas

420 3593 593 3635 suum
652 3570 965 3630 servabant
1021 3567 1313 3631 modum;
1370 3578 1481 3618 nec
1539 3560 1697 3617 enim
1752 3557 2057 3630 quidpiam

415 3664 828 3730 ostendebant,
862 3658 1021 3732 quod
1054 3672 1234 3712 sensu
1264 3651 1616 3727 pollentium
1632 3649 1938 3722 prOprium
1960 3647 2056 3712 sit,

416 3762 518 3814 aut
565 3753 723 3827 quod
754 3752 829 3808 ad
878 3746 1228 3805 rationalem
1285 3743 1555 3800 ordinem
1604 3738 1915 3812 pertineat.
1950 3736 2060 3793 Ubi

416 3849 614 3901 autem
647 3841 986 3915 purissima,
1019 3841 1084 3895 ut
1106 3852 1168 3891 se
1198 3833 1541 3898 inclinaret,
1566 3834 1624 3885 et
1656 3844 1867 3883 manus
1929 3842 2057 3882 mo-

415 3934 673 4002 vebat,et
697 3945 891 4003 genua
942 3923 1294 3983 deﬂectebat
1351 3919 1528 3976 humi
1569 3918 1623 3977 (ο
1682 3932 1899 3971 novum
1936 3929 2065 3986 per-

423 4027 655 4079 tentum
689 4020 726 4088 !)
757 4019 973 4090 plantae
1006 4029 1241 4086 quoque
1273 4010 1392 4065 illm
1426 4024 1634 4063 omnes
1665 4010 1840 4077 atque
1890 4003 2063 4059 arbo-

2168 3304 2261 3356 μοι
2321 3282 2553 3360 ε’ἰρηται,
2603 3284 3033 3361 προσευεομένη·
3099 3286 3189 3341 καὶ
3243 3284 3353 3353 ἕως
3419 3290 3522 3362 μὲν
3609 3292 3831 3346 ἀνιοῦσα

2163 3370 2452 3453 ἐτύγχανε,
2482 3374 2576 3428 τὸν
2634 3373 2834 3429 οἰκεῖον
2895 3373 3060 3445 ἔσωζε
3106 3374 3278 3448 νόμον
3333 3380 3431 3434 καὶ
3498 3400 3611 3436 των
3664 3379 3831 3434 ἐκεῖσε

2163 3463 2404 3538 φυτῶνή
2458 3460 2694 3534 πληθύς·
2728 3460 2900 3520 ἐποίει
2955 3465 3057 3541 γὰρ
3116 3462 3267 3521 οὐδὲν
3317 3472 3436 3523 τῶν
3502 3467 3837 3543 αἰσθανομέ-

2162 3573 2291 3623 νων,
2325 3549 2439 3608 ούδ’
2479 3548 2513 3608 ἆ
2536 3556 2616 3625 τῷ
2645 3552 2857 3629 λογικῷ
2885 3554 3331 3631 συγκεκλῆρωται
3407 3556 3734 3633 διακόσμῳ.
3768 3558 3828 3615 Ἦ

2164 3641 2434 3721 πάναγνος
2462 3639 2519 3698 δὲ
2548 3641 2639 3698 ὅτε
2695 3642 2896 3700 κλίνειν
2930 3644 3020 3701 καὶ
3075 3652 3266 3723 χεῖρας
3326 3646 3532 3719 ἐκίνει,
3590 3648 3687 3706 καὶ
3741 3647 3837 3724 γό-

2163 3751 2294 3787 νατα
2353 3730 2719 3805 συνέκαμπτεν
2772 3732 2848 3796 εἷς
2905 3740 3035 3809 γῆν,
3105 3729 3150 3789 ὥ
3209 3736 3398 3793 καινὸν
3476 3740 3720 3814 θαῦμαι
3780 3735 3846 3790 τὰ

2168 3821 2309 3898 φυτὰ
2362 3844 2421 3878 τε
2477 3822 2649 3879 πάντα
2698 3822 2881 3880 ἐπεῖνα
2933 3826 3020 3880 καὶ
3083 3823 3295 3900 δένδρα,
3335 3829 3435 3884 καὶ
3471 3830 3572 3886 οἶα
3602 3833 3734 3888 νοῦν
3755 3826 3846 3907 φέ-

2170 3932 2352 3987 ροντα,
2386 3908 2557 3968 δοῦλα
2579 3916 2650 3987 τῇ
2682 3914 2947 3989 Δεσποίνῃ
2988 3911 3353 3986 συνδιηκόνει,
3391 3916 3599 3996 ὥσπερ
3659 3919 3851 3993 αἰσχυ-

2166 3999 2388 4076 νόμενοι,
2421 4001 2469 4056 εἴ
2501 4002 2576 4075 μή
2607 4021 2671 4075 γε
2713 4002 2977 4079 ὑπερφυὲς
3006 4002 3196 4059 σώσειε
3226 4000 3421 4077 σέϐας,
3487 4010 3590 4064 καὶ
3652 4006 3726 4065 δι’
3778 4008 3854 4062 ὧν

417 4129 535 4179 res,
567 4108 740 4181 quasi
767 4106 858 4162 vel
890 4109 1086 4159 mente
1121 4105 1322 4157 essent
1349 4096 1634 4170 prwditaa,
1660 4095 1849 4150 instar
1877 4091 2044 4148 ancil-

2170 4092 2293 4163 ἐνῆν
2320 4088 2510 4164 δεῖξαι,
2541 4091 2948 4166 κηρύξειεναὸτι
2976 4098 3081 4148 πᾶν
3110 4093 3239 4169 γόνυ
3277 4094 3578 4173 κάμυψειν
3634 4098 3729 4155 καὶ
3787 4099 3856 4170 τῇ

417 4201 616 4257 larum
647 4197 1044 4265 obsequentes
1091 4188 1269 4245 simul
1298 4203 1433 4242 cum
1464 4185 1715 4241 Domina
1751 4200 1813 4239 se
1870 4197 2044 4237 movet

2170 4182 2429 4259 πανάγνῳ
2485 4188 2729 4255 προσῆκε
2776 4178 2865 4236 διὰ
2918 4182 2981 4236 τὸ
3042 4182 3177 4258 μέγα
3232 4184 3322 4238 καὶ
3386 4176 3628 4261 etiam”
3687 4186 3858 4258 αὐτῆς

423 4230 616 4257 [suum
647 4230 1044 4265 uuacquuuvua
1091 4230 1269 4245 ulnuu-
1299 4230 1433 4242 νηί-«ιιι
1464 4230 1715 4241 υν---ιιυ-
1752 4230 1813 4239 υν
1870 4230 1960 4237 -.--
1982 4230 1990 4235 .
2012 4230 2033 4236 ν

423 4289 588 4353 bant,
649 4284 874 4358 pudore
932 4281 1111 4336 veluti
1167 4277 1425 4342 suffusae,
1474 4274 1587 4329 nisi
1648 4288 1871 4329 summa
1935 4288 2044 4327 ean

2178 4230 2427 4259 .-κη-τ
2493 4230 2729 4255 --Γπ-,η
2782 4230 2865 4236 --κ
2930 4230 2978 4236 η
3042 4230 3177 4258 ,κη-
3234 4230 3322 4238 η-.
3389 4230 3417 4239 -
3482 4230 3626 4244 ...υτ
3687 4230 3852 4243 ........

2175 4273 2370 4345 δνομα.
2404 4272 2476 4358 Ἡ-
2502 4270 2694 4344 Λόχμη
2726 4270 2905 4327 τοίνυν
2936 4269 3132 4342 ἐκείνη,
3190 4270 3281 4327 καὶ
3331 4230 3729 4351 συγῖκλίνασα,
3771 4230 3862 4332 καὶ

423 4320 588 4353 υιιιιι,
652 4320 873 4358 γυυυιυ
940 4320 1111 4336 νυιιιυι
1167 4320 1425 4342 "unum",
1474 4320 1587 4329 ...ω
1648 4320 1871 4329 ......-......
1939 4320 2044 4327 ν..--

420 4378 929 4454 prosequerentur
1003 4368 1355 4434 reverentia,
1434 4370 1494 4421 et
1551 4363 1766 4436 quibus
1823 4378 2040 4435 possen

2178 4320 2370 4345 ---Γω
2420 4320 2470 4328 .-
2502 4320 2694 4344 “Mm,
2738 4320 2897 4327 --η--
2938 4320 3132 4342 ---ν-..μ
3192 4320 3281 4327 --ν-
3334 4320 3399 4329 η
3452 4320 3707 4333 mm---
3773 4320 3862 4332 ..--

2176 4359 2374 4416 ὡσανεὶ
2403 4356 2716 4414 τελευταίαν
2750 4356 3068 4435 ἑκδημούσῃ
3130 4360 3229 4428 ιὴν
3283 4320 3866 4444 προύκύνησινλὶφο-

426 4408 920 4453 μινυδσιίυσισυυυι
1003 4408 1355 4434 luvvaunau-u,
1435 4408 1494 4421 ν..
1553 4408 1766 4436 ,νηνκυ
1823 4408 2040 4435 tum"-

426 4468 610 4543 signis
641 4463 1100 4540 proclamarent,
1133 4472 1374 4530 prorsus
1404 4471 1511 4527 par
1535 4470 1686 4519 esse,
1719 4458 1783 4507 ut
1831 4457 2044 4524 propte:

2178 4408 2374 4416 πη.--
2416 4408 2708 4414 --η---ππ
2752 4408 3068 4435 "mut---"
3130 4408 3222 4428 --,-
3290 4408 3576 4435 ..ι--..ητα
3606 4408 3687 4421 ...υ
3728 4408 3761 4421 υ.
3808 4408 3832 4419 ν

2178 4448 2450 4543 σιωμένη,
2508 4447 2847 4522 προπέμπειν
2906 4449 3000 4522 μέν
3052 4446 3247 4504 ἐδόκει·
3298 4453 3538 4509 πενθεῖν
3581 4408 3660 4510 ,δὲ
3756 4408 3868 4509 :lov

426 4573 703 4632 magnum
719 4559 776 4612 et
802 4551 1102 4609 excelsum
1128 4548 1257 4619 ejus
1284 4560 1501 4602 nomen
1526 4557 1700 4597 omne
1719 4557 1874 4615 genu
1893 4540 2044 4596 etian

2176 4536 2266 4592 καὶ
2295 4537 2721 4632 σκυθρωπάζειν,
2755 4536 2829 4597 ὡς
2858 4539 2958 4602 τῆς
2991 4538 3167 4609 ξένης,
3211 4540 3277 4607 ἧς
3340 4539 3662 4613 ἆπήλαυεν
3723 4540 3871 4618 ἁγιό-

421 4626 751 4721 purissimas
775 4642 864 4699 illi
891 4641 1230 4697 flecteretur
1260 4635 1392 4708 (11).
1455 4631 1565 4687 Illa
1600 4646 1736 4702 ergo
1797 4628 1959 4702 sylva
2017 4644 2044 4683 e

2179 4646 2346 4721 τητος
2377 4626 2537 4721 «apd
2551 4646 2612 4721 γε
2638 4631 2736 4696 τῆς
2767 4627 3057 4695 Παρθένου,
3092 4627 3486 4711 χωριζομένη,

430 4683 1220 4721 μυι.ω....ω......νυ-νη---
1261 4683 1392 4708 ,ηρ
1456 4683 1564 4687 -η
1608 4683 1726 4702 ρυ-
1799 4683 1850 4702 η
1949 4683 1954 4684 κ
2062 4683 2066 4684 ν
2236 4683 2248 4697 .
2332 4683 2343 4689 -
2457 4683 2466 4700 .
2694 4683 2734 4696 .-
2852 4683 2859 4695 .
3045 4683 3193 4700 .,._,
3255 4683 3272 4696 .
3472 4683 3485 4687 τ

430 4741 619 4792 semet
648 4734 1043 4796 inclinans,ac
1073 4725 1254 4783 veluti
1284 4728 1651 4797 postremum
1674 4718 2038 4776 adorationis
2064 4717 2415 4791 obsequium
2447 4683 2694 4774 abit'uraa
2740 4721 2941 4772 sancte
2999 4683 3360 4789 persolvens,
3430 4683 3749 4780 ultimum
3783 4723 3871 4779 illi

427 4823 553 4879 vale
585 4823 779 4879 dicere
810 4820 1144 4885 videbatur;
1180 4822 1304 4872 tum
1334 4813 1477 4870 ﬂere
1504 4809 1683 4867 veluti
1716 4826 1783 4866 ac
1813 4807 2175 4878 contristari,
2206 4808 2363 4880 quod
2386 4808 2537 4863 mira
2563 4806 2663 4862 illa
2691 4806 3156 4863 sanctificatione
3183 4808 3558 4883 ,orbaretur,
3597 4831 3732 4888 qua
3776 4829 3887 4886 per

435 4859 553 4879 πυ.ιο
585 4859 779 4879 ww“,
817 4859 1144 4885 "deum...
1183 4859 1304 4872 ......
1335 4859 1476 4870 ..ν-ν
1516 4859 1683 4867 .--_--
1718 4859 1780 4866 η
1818 4859 2175 4878 ---------π--,
2212 4859 2363 4880 γη
3205 4859 3362 4865 πη-

432 4913 686 4986 Virginis
728 4910 1104 4984 praesentiam
1133 4907 1248 4962 frui
1283 4904 1527 4962 solebat.
1780 4968 1781 4973 η
3183 4862 3192 4879 ί
3383 4859 3523 4868 nm
3543 4859 3558 4883 ³

502 5001 595 5058 ΙΧ.
629 5002 775 5057 Cum
807 5004 1011 5056 autum
1037 4994 1413 5069 supplicandi
1453 4993 1636 5049 tinem
1664 4990 1921 5061 fecisset,
1956 4988 2069 5045 do-

431 5108 598 5150 mum
628 5108 689 5147 se
718 5086 1130 5146 laudatissima
1158 5086 1264 5142 illa
1309 5082 1655 5156 recipiebat.
1714 5083 1860 5136 Ecce
1895 5095 2073 5152 porro

435 5186 494 5238 et
519 5180 601 5235 ibi
633 5177 930 5251 quoddam
961 5179 1176 5249 praeter
1203 5189 1431 5229 morem
1476 5187 1716 5228 omnem
1777 5174 2072 5225 eventum.

437 5274 687 5329 Domum
717 5268 939 5325 etenim
986 5271 1211 5322 tremor
1261 5262 1513 5329 invasit;
1574 5267 1633 5318 et
1690 5259 1849 5334 quod
1901 5264 2078 5316 antea

436 5376 614 5435 passa
644 5359 772 5415 haec
800 5370 1111 5428 nunquam
1150 5352 1361 5417 fuerat,
1397 5355 1518 5407 tota
1573 5357 1713 5407 tunc
1771 5349 2075 5406 concutie-

2253 4994 2324 5044 ϐ’.
2359 4983 2516 5044 ’Λλλ’
2555 4982 2671 5041 ἒπεὶ
2701 4982 2868 5060 πέρας
2897 4986 3017 5060 εἶχε
3045 4983 3112 5039 τὲ
3152 4991 3251 5055 τῆς
3307 4984 3528 5064 εὐχῆς,
3596 4989 3805 5049 οἴκαδε
3854 4990 3891 5059 ὴ

2182 5074 2536 5151 πανύμνητος
2593 5072 2834 5148 ἐπανῄει.
2897 5075 3075 5130 Κάκεῖ
3164 5095 3217 5130 τι
3283 5073 3512 5150 γίνεται
3578 5085 3702 5136 τῶν
3794 5079 3896 5137 οὐκ

2184 5164 2481 5230 εἰωθότων.
2515 5163 2723 5226 Κλόνος
2755 5161 2970 5239 καὶγὰρ
3019 5163 3278 5238 περιέσχε
3332 5163 3447 5234 τὴν
3516 5168 3743 5226 οἰκίαν·
3801 5166 3900 5226 καὶ

2187 5254 2217 5311 ὅ
2246 5255 2371 5333 πρὶν
2407 5255 2509 5311 οὐκ
2540 5254 2654 5330 εἶχε
2684 5254 2951 5323 παθοῦσα,
3010 5250 3187 5311 ἅπασα
3243 5251 3368 5308 τότε
3437 5253 3679 5331 ἐσεέθη.
3752 5258 3902 5318 Έκὼ

2184 5345 2420 5419 νομίζω,
2474 5343 2774 5420 στεναγμὸν
2832 5343 2980 5401 τοῦτ’
3027 5343 3093 5413 ἦν
3134 5337 3568 5416 αἷνιττομένης,
3638 5349 3742 5405 καὶ
3784 5347 3896 5405 ἀντ’

1777 5506 1922 5565 Ant.
1968 5499 2268 5565 Ballerini
2311 5475 2499 5562 notas.

506 5654 522 5722 (
539 5650 620 5722 lt)
650 5648 773 5705 Iloc
803 5639 1039 5719 quoque
1070 5642 1288 5700 videsis
1307 5639 1659 5698 translatum
1690 5638 1763 5697 ad
1782 5639 2044 5713 Virgine:

433 5727 699 5791 Matrem,
724 5718 903 5794 quod,
934 5714 1247 5790 Apostolos
1277 5713 1528 5770 docente
1567 5712 1818 5785 (Philipp
1885 5727 1949 5777 ιι,
2002 5709 2044 5782 9λ

2193 5636 2397 5693 datum
2425 5641 2514 5692 est
2541 5636 2769 5694 Christo
2806 5636 3087 5696 Domino:
3117 5636 3186 5691 Ut
3214 5636 3275 5691 in
3304 5639 3564 5695 nomine
3587 5640 3732 5713 ejus
3753 5659 3926 5699 omne

2190 5726 2337 5780 genu
2362 5711 2635 5783 ﬂectatur.
