4104 6300
296 356 387 417 129
1255 345 1523 411 SERMO
1564 347 1650 411 lN
1692 346 1959 411 DORMI'.

2070 350 2252 415 rNEM
2294 354 2371 449 Β.
2417 355 2488 419 v.
2538 355 2836 420 manus.

3599 364 3719 428 130

316 487 539 562 ὸίορμοῦ
590 488 693 543 τὸν
763 481 974 541 κλόνον
1044 485 1306 547 πενθικῶς
1379 480 1692 558 προκρόσηε
1864 479 1958 537 ἅτε

2070 486 2266 544 batur.
2298 488 2433 545 Erat
2464 490 2545 559 id,
2577 498 2644 547 ut
2674 496 2834 565 poto,
2868 492 3175 565 prodeatis
3212 493 3456 564 luctum,
3500 501 3558 552 et
3586 497 3716 556 loco

325 573 382 647 δὴ
404 584 495 645 τῆς
522 574 755 631 πάντων
791 571 1093 648 ἂγιωτὲρας
1122 570 1213 626 καὶ
1272 570 1612 645 ἀσυγκρίτως
1659 567 1968 640 καλλίστης

333 663 699 739 διεπαλμένης
729 661 1015 718 συνοίκου.
1072 661 1238 734 Οἶμαι
1299 655 1356 714 δὲ
1402 659 1492 715 καὶ
1546 658 1644 729 ὡς,
1696 656 1846 734 εἴπερ
1886 659 1963 722 εἷς

333 766 413 836 γῆν
439 756 697 819 πλείονος
732 752 820 811 ἔτι
852 751 1014 827 δόξης
1044 747 1152 809 ἔδει
1181 756 1250 827 τῇ
1281 750 1553 828 πανάγνῳ,
1600 751 1691 807 καὶ
1742 750 1968 826 οὐρανὸς

332 851 399 923 ἂν,
425 846 510 904 καὶ
561 850 662 923 γῆ,
723 844 822 900 καὶ
879 843 1140 913 θάλασσα,
1199 842 1291 898 καὶ
1348 846 1492 897 πᾶσα
1547 842 1736 911 τότεὴ
1770 841 1962 911 κτίσις,

330 938 509 996 ima-ca.
538 946 741 1016 θρῆνον
802 930 1234 1007 ἆναπλεξάμενα,
1294 927 1590 1000 δονηοῆναι
1641 930 1821 1006 εἶχον,
1872 928 1963 984 καὶ

332 1032 498 1106 γοερὸν
560 1028 889 1102 ἀεθοιμῶξαι,
936 1026 1035 1094 τήν
1094 1020 1362 1095 ἐκδημίαν
1422 1017 1806 1099 ὀλοφυρόμενα
1862 1026 1963 1090 τῆς

331 1118 606 1195 Παρθένου·
637 1117 730 1174 καὶ
762 1117 791 1171 ὁ
821 1112 1137 1174 τελευταῖος
1190 1109 1250 1165 ἄν
1288 1106 1462 1165 ἐδόκει
1513 1109 1754 1183 σεισμὸς,
1798 1107 1861 1164 οὗ
1900 1109 1963 1166 τὸ

326 1206 584 1286 φρικῶδες
614 1205 707 1263 καῖ
738 1202 963 1280 νεκροὺς
994 1201 1262 1275 ἀκούομεν
1314 1199 1636 1274 ἆνκψώσειν,
1687 1198 1825 1254 ὥστε
1873 1198 1963 1254 καὶ

322 1267 391 1360 είς
444 1267 637 1375 αἷθέρα
683 1267 1089 1375 νεφελοϐατεῖν,
1149 1267 1224 1353 ὧς
1286 1267 1453 1365 μικρᾶ
1538 1267 1806 1367 διαφέρων
1861 1295 1960 1359 τῆς

318 1385 396 1444 ἐπ’
425 1385 637 1457 ἐκείνην
691 1374 790 1441 τοῦ
851 1384 1057 1458 θρήνου
1103 1380 1405 1450 κυκήσεως.
1436 1379 1557 1436 *Οτι
1605 1374 1664 1433 δὲ
1711 1381 1809 1434 τοῦ
1862 1399 1961 1451 με-

312 1497 495 1556 γιστου
538 1474 632 1531 καὶ
682 1472 745 1530 οὗ
800 1473 941 1549 πρὸς
1001 1467 1155 1543 δόξαν
1187 1467 1636 1544 περιφανέστερον
1667 1463 1838 1538 οόδὶν,
1869 1466 1960 1522 τὸν

310 1553 439 1623 Θεὸν
467 1568 700 1621 τεκοῦσα
728 1561 1021 1637 τετύχηκε,
1068 1558 1236 1634 λόγου
1265 1554 1461 1613 λοιπὸν
1512 1556 1615 1610 οὐκ
1666 1554 1732 1624 ἦν
1785 1553 1956 1626 ἃξιον*

304 1656 554 1714 τοιοῦτόν
584 1676 639 1710 τι
668 1655 834 1732 γῆθεν
881 1651 1019 1708 κατᾶ
1073 1650 1172 1720 τὴν
1223 1647 1370 1703 θείαν
1431 1645 1641 1717 ἐκείνην
1692 1666 1954 1720 κοιμησιν

302 1745 793 1818 καινοτομηθῆναι.

2074 577 2399 648 gemituum
2435 585 2660 637 motum
2693 581 2865 637 illum
2897 581 3139 655 lugubre
3198 600 3266 640 ex
3314 586 3434 642 imo
3484 586 3719 656 cientis,

2075 665 2230 737 quod
2292 668 2519 725 scilicet
2577 669 3053 729 conturbernalis
3106 673 3211 730 illa
3275 691 3402 741 sua,
3464 677 3723 732 sanctior

2072 757 2387 824 universis,
2439 763 2499 814 et
2544 758 2695 815 citra
2743 762 3246 832 comparationem
3297 780 3537 821 omnem
3585 765 3722 838 pul—

2073 843 2371 901 cherrima
2397 848 2510 918 (l2)
2534 848 2661 919 jam
2703 849 3038 907 discessura
3088 857 3263 908 esset.
3316 854 3385 907 Et
3422 853 3719 925 siquidem

2072 931 2284 1004 majori
2319 934 2563 1007 insuper
2591 936 2781 1009 gloria
2810 939 3081 993 exornari
3128 939 3189 994 in
3241 942 3415 995 terris
3468 942 3720 1012 purissi-

2074 1037 2231 1077 mam
2263 1022 2421 1078 illam
2455 1026 2831 1098 oportuisset,
2865 1028 3187 1096 enimvero,
3219 1035 3287 1084 ut
3323 1046 3428 1102 ego
3474 1029 3715 1102 quidem

2073 1110 2347 1181 arbitror,
2369 1120 2426 1169 et
2448 1114 2657 1170 cmlum
2684 1120 2846 1182 tunc,
2871 1121 2929 1172 et
2961 1122 3137 1188 terra,
3162 1124 3219 1174 et
3242 1135 3425 1185 mare,
3458 1125 3517 1175 et
3547 1136 3716 1177 crea-

2073 1205 2218 1257 turae
2251 1219 2483 1271 omnes,
2526 1203 2772 1277 lugubre
2818 1206 2961 1277 quid
3015 1207 3260 1280 singulm
3309 1209 3715 1279 concinentes,

2071 1293 2429 1347 commoveri
2459 1292 2824 1362 debuissent,
2857 1301 2915 1351 et
2953 1296 3209 1370 Virginis
3249 1297 3577 1354 discessum
3630 1299 3719 1357 la-

2067 1384 2405 1436 mentantes
2437 1381 2621 1437 flebili
2652 1398 2791 1439 voce
2824 1385 3215 1456 ingemiscere
3247 1402 3261 1455 ;
3296 1403 3363 1443 ac
3396 1388 3518 1444 visa
3562 1394 3723 1444 esset

2066 1474 2367 1542 postrema
2396 1470 2501 1526 illa
2521 1472 2647 1544 jam
2679 1472 2885 1530 adesse
2916 1477 3256 1547 commotio,
3293 1477 3464 1550 cujus
3507 1478 3718 1535 horro-

2068 1574 2193 1613 rem
2224 1559 2313 1614 vel
2346 1559 2504 1631 ipsos
2540 1565 2805 1617 mortuos
2834 1563 3104 1619 novimus
3148 1570 3507 1632 erecturum,
3538 1572 3605 1623 ut
3651 1568 3714 1625 in

2066 1662 2205 1702 aera
2234 1648 2423 1703 instar
2449 1648 2697 1704 nubium
2729 1650 3105 1720 discurrant;
3154 1670 3363 1725 parum
3409 1656 3555 1712 adeo
3601 1658 3716 1714 ista

2064 1752 2099 1791 a
2128 1735 2363 1809 lugubri
2407 1736 2512 1792 illa
2557 1744 2799 1811 propter
2852 1740 3153 1813 Virginem
3206 1745 3578 1801 conturbatio
3627 1747 3710 1802 vi-

304 1839 540 1895 deretur
571 1834 890 1892 absimilis.
927 1835 1001 1888 At
1041 1830 1324 1904 quoniam
1376 1830 1567 1903 Virgo,
1608 1833 1813 1902 utpote
1860 1827 1962 1883 Dei
2011 1836 2202 1883 mater
2247 1828 2475 1899 effecta,
2526 1829 2706 1885 decus
2765 1831 3034 1887 omnium
3085 1834 3435 1902 maximum,
3489 1841 3547 1891 et
3595 1852 3712 1908 quo

309 1924 685 2000 splendidius
716 1922 867 1979 nihil
900 1920 1170 1978 conferre
1204 1918 1279 1975 ad
1326 1917 1577 1992 gloriam
1624 1922 1840 1990 potest,
1887 1917 2095 1973 sortita
2134 1917 2262 1989 jam
2310 1917 2521 1986 fuerat,
2582 1918 2748 1973 nulla
2792 1920 3133 1992 postulabat
3184 1924 3356 1990 ratio,
3410 1929 3478 1980 ut
3528 1924 3718 1996 quod-

307 2019 457 2091 piam
484 2014 789 2090 ejusmodi
819 2029 1037 2070 novum
1067 2016 1406 2085 portentum
1434 2010 1508 2066 ob
1535 2009 1793 2065 divinam
1822 2007 1986 2064 illam
2017 2008 2437 2066 dormitionem
2469 2027 2498 2066 e
2531 2015 2687 2067 terra
2718 2010 3012 2069 ederetur.

373 2109 428 2165 Γ,
461 2104 623 2164 Ἐπεὶ
658 2100 716 2158 δὲ
747 2105 776 2157 ὁ
806 2102 902 2175 μὶ)
941 2100 1089 2163 οἶκος
1120 2097 1245 2170 ἔστη
1304 2101 1402 2155 τοῦ
1451 2095 1676 2166 κλόνου,
1706 2099 1742 2167 ἡ
1775 2095 1831 2153 δὲ
1864 2116 1959 2170 με-

2139 2099 2213 2154 Χ.
2247 2099 2565 2171 Postquam
2598 2117 2733 2173 ergo
2767 2100 2977 2158 domus
3009 2104 3254 2160 cessavit
3285 2121 3318 2161 a
3358 2111 3543 2175 motu,
3580 2122 3717 2165 cum

309 2196 555 2256 τάπασις
590 2193 779 2273 φωτὸς
811 2189 994 2268 ἔργον,
1026 2188 1116 2245 καὶ
1144 2192 1241 2246 τοῦ
1291 2186 1706 2264 λαμπροτάτου,
1758 2182 1954 2258 ἀνέπτη

313 2290 457 2360 φῶτα
482 2282 685 2353 ἣκιστά
713 2302 778 2357 γε
809 2279 1043 2357 βραχέα,
1074 2282 1309 2334 τοσαῦτα
1356 2274 1434 2346 δὲ,
1484 2275 1584 2332 ὅσα
1623 2276 1815 2354 πλήρη
1863 2276 1955 2332 τὸν

315 2376 453 2430 οἷκον
484 2372 667 2442 φωτὸς
713 2371 803 2426 καὶ
856 2368 1158 2442 ὁλολαμπῆ
1209 2367 1494 2439 πεποίηκε·
1543 2370 1712 2422 Τοῦτο
1762 2363 1818 2420 δὲ
1864 2364 1958 2437 ἦν,

313 2439 698 2540 ἔμοιγέόογεῖ,
727 2463 829 2531 τὴν
859 2462 1157 2530 τηνικαῦτα
1201 2461 1308 2512 τῶν
1365 2454 1612 2531 ἀγγέλων
1661 2452 1958 2528 ἐπιδημίαν

318 2551 740 2630 ὑπορραιτοῦσης,
773 2551 866 2605 ἅτε
898 2545 1261 2619 καταλλήλου
1295 2544 1391 2602 τοῦ
1424 2545 1603 2626 φωτὸς
1631 2540 1806 2615 ὄντος,
1838 2549 1955 2608 τοῖς

319 2644 413 2696 τοῦ
439 2644 571 2695 Θεοῦ
596 2639 968 2715 λειτουργοῖς,
1002 2637 1080 2699 ὡς
1119 2640 1227 2712 πῦρ
1273 2632 1477 2713 φλὲγον
1535 2635 1953 2708 πεποιημὲνοιςο

330 2725 448 2782 οὖὸὶ
474 2727 574 2801 γὰρ
602 2726 739 2806 εἶχεν
796 2723 986 2801 ἓτερον
1040 2724 1391 2799 οἰκειότερον,
1439 2723 1485 2796 ᾧ
1534 2722 1596 2779 ἂν
1649 2723 1776 2786 τοὺς
1831 2722 1957 2786 νόας

331 2816 488 2892 γῆθεν
520 2814 783 2883 ξενίσαιτο*
817 2812 1012 2877 ἄλλως
1040 2814 1086 2877 θ’
1114 2813 1198 2868 δτι
1238 2811 1330 2868 καὶ
1383 2808 1594 2890 σφόδρα
1622 2810 1690 2881 ἦν
1731 2813 1795 2868 τὸ
1843 2814 1959 2891 φῶς

326 2900 518 2959 οᾶεῖον
549 2899 695 2976 αὐτῇ,
725 2902 944 2958 πάντων
981 2901 1116 2976 οὔσῃ
1148 2899 1538 2979 φωνεινοτάτῃ.

316 2994 579 3053 cmlestes
619 2997 862 3069 spiritus
918 2993 1176 3066 hospitio
1226 2993 1569 3066 exciperet;

308 3086 713 3152 lucidissima,
744 3086 848 3140 lux
877 3090 1037 3139 esset
1064 3081 1534 3139 accommodata.

375 3176 495 3233 Εἶτ’
526 3172 873 3248 ἐκκορήσασα
902 3172 967 3227 τὸ
1010 3167 1310 3245 δωμάτιον,
1359 3171 1449 3226 καὶ
1498 3172 1598 3242 τήν
1648 3170 1797 3244 ἱερὰν
1842 3168 1960 3227 κλί-

308 3289 421 3337 νην,
474 3265 559 3345 ἐφ’
656 3265 721 3321 τὸ
770 3263 955 3337 τίμιον
1013 3258 1298 3318 διανέπαυε
1350 3266 1533 3337 σῶμα,
1590 3261 1647 3316 εὗ
1690 3258 1956 3329 διαθεῖσα,

308 3354 476 3412 τᾶλλα
504 3375 567 3411 τι
626 3353 1094 3429 παρασκευάσασα,
1149 3350 1249 3407 ὅσα
1302 3354 1446 3431 ταφῇ
1504 3349 1805 3424 νομίζεται,
1859 3349 1954 3413 τὰς

2069 2188 2354 2243 transitus
2385 2187 2483 2244 ille
2519 2188 2771 2262 Virginis
2814 2190 2889 2247 ad
2937 2208 3117 2264 opera
3166 2192 3316 2249 lucis
3371 2201 3431 2251 et
3473 2197 3715 2268 quidem

2067 2274 2517 2347 fulgentissimze
2551 2283 2865 2349 spectaret,
2916 2281 3115 2336 statim
3166 2282 3405 2355 exiguas
3450 2284 3579 2356 ipsa
3626 2286 3717 2341 fa-

2068 2364 2249 2429 culas,
2286 2381 2503 2437 easque
2554 2372 2639 2422 tot
2686 2368 2979 2434 accendit,
3028 2375 3172 2442 quot
3228 2387 3294 2427 ac
3343 2373 3712 2445 implendam

2068 2451 2200 2509 luce
2223 2453 2746 2528 domum,eamque
2770 2457 3146 2529 splendidam
3172 2460 3434 2532 undique
3455 2463 3715 2519 efﬁcien-

2069 2540 2203 2597 dam
2237 2543 2378 2599 satis
2410 2551 2628 2600 essent.
2662 2546 2774 2600 Per
2798 2545 2925 2602 haec
2956 2553 3175 2613 autem,
3209 2554 3274 2603 ut
3303 2550 3448 2605 mihi
3473 2552 3714 2622 quidem

2067 2630 2317 2699 videtur,
2350 2632 2816 2706 instantemjam
2844 2635 3189 2708 angelorum
3221 2638 3535 2694 adventum
3564 2640 3717 2694 indi-

2067 2719 2256 2790 cabat,
2288 2737 2423 2777 cum
2454 2721 2729 2778 videlicet
2756 2723 2859 2780 Dei
2905 2724 3295 2795 administris,
3346 2728 3566 2800 quippe
3612 2728 3714 2800 qui

2064 2810 2203 2866 facti
2235 2815 2374 2866 sunt
2434 2812 2583 2885 ignis
2630 2829 2812 2868 urens
2841 2813 2883 2880 ⁸,
2934 2813 3031 2870 lux
3080 2815 3334 2871 maxime
3387 2823 3713 2891 congruat;

2067 2917 2205 2957 nam
2260 2901 2411 2957 nihil
2457 2901 2737 2966 habebat,
2787 2902 2968 2974 aliud,
3028 2922 3143 2978 quo
3194 2908 3390 2979 aptius
3433 2908 3494 2964 in
3538 2910 3715 2965 terris

1629 2992 1962 3066 prmsertim
2010 3009 2145 3049 vero
2194 3009 2328 3049 cum
2379 2998 2438 3049 et
2480 2993 2594 3067 ipsi
2646 2994 2895 3068 Virgini,
2943 3002 3147 3069 utpote
3191 3015 3393 3056 rerum
3445 3001 3713 3057 omnium

2139 3173 2363 3230 Deinde
2380 3191 2513 3231 cum
2529 3173 2950 3232 domunculam
2971 3176 3258 3235 verrendo
3272 3185 3713 3254 perpurgasset,

2068 3267 2126 3316 et
2154 3263 2557 3319 venerandum
2602 3262 2771 3319 illum
2816 3264 3124 3338 lectulum,
3183 3268 3244 3323 in
3282 3285 3397 3341 quo
3448 3268 3712 3342 aliquam

2066 3353 2296 3409 solebat
2322 3354 2581 3427 pretioso
2613 3355 2846 3427 corpori
2878 3372 2984 3412 suo
3027 3357 3296 3429 requiem
3349 3359 3510 3427 dare,
3562 3376 3710 3415 con-

310 3444 463 3522 ιρὶλας
503 3443 647 3517 αὐτῇ
700 3443 950 3519 γείτονας
1003 3438 1375 3516 συγκαλεῖται.
1435 3440 1504 3497 Αἱ
1556 3436 1614 3494 δὲ
1670 3440 1805 3509 ἦσαν
1857 3437 1955 3495 δύο

2070 3443 2242 3499 cinne
2274 3443 2684 3516 disposuisset,
2741 3461 2876 3501 cum
2926 3452 2984 3500 et
3029 3446 3167 3517 alia,
3224 3464 3593 3521 qumcunque
3644 3448 3708 3505 in

307 3533 559 3611 πενιχραὶ
591 3534 767 3609 χῆραι
816 3535 925 3586 τῶν
976 3527 1169 3585 ἐνδεῶν
1220 3530 1314 3604 μὲν
1361 3530 1461 3584 ὅσα
1507 3529 1644 3606 πρὸς
1697 3526 1837 3604 βίον,
1881 3528 1957 3591 ὡς

307 3621 360 3679 δὲ
385 3628 454 3697 τῇ
486 3623 708 3679 πάντων
744 3619 947 3677 οἰκεῖαι
1008 3617 1272 3696 βασιλίδι,
1312 3619 1403 3674 καὶ
1448 3622 1556 3673 τῶν
1606 3615 1774 3687 αὐτῆς
1827 3615 1961 3688 κλη-

306 3713 559 3788 ρονόμοι,
593 3711 670 3773 ὡς
701 3708 807 3784 ἄρα
841 3709 979 3782 μετᾶ
1045 3708 1234 3781 μικρὸν
1264 3708 1292 3763 ὁ
1324 3708 1489 3785 λόγος
1535 3704 1797 3778 δηλώσει,
1850 3711 1959 3761 τῶν

307 3802 365 3857 ix
388 3800 641 3877 λιπαρῶν
672 3800 769 3856 καὶ
808 3796 1020 3876 βαθέων
1049 3796 1213 3853 οῗκων
1252 3794 1745 3873 εὐδαιμονέστεραι.
1807 3801 1960 3851 Γνω-

307 3893 435 3967 ρὶζει
493 3892 682 3948 τοῖνυν
744 3888 968 3949 ταύταις
1024 3887 1124 3955 τήν
1206 3884 1490 3957 ἐκδημίαν*
1557 3889 1654 3941 τοῦ
1720 3883 1962 3962 ἀγγέλου

308 3977 469 4049 δηλοῖ
497 3980 565 4035 τὰ
597 3978 844 4052 ῥήματα’
874 3977 940 4033 τὸ
969 3979 1066 4031 τοῦ
1122 3976 1315 4047 ἑαυτῆς
1378 3976 1506 4031 Υἱοῦ
1552 3975 1644 4030 καὶ
1702 3981 1961 4050 Σωτῆρος

305 4068 557 4145 ἀγγέλλει
594 4070 847 4143 μήνυμα·
882 4064 1114 4121 δεῖκνυσι
1147 4065 1356 4121 καὶτὸν
1388 4062 1614 4135 κλαῖον,
1651 4064 1740 4118 καὶ
1772 4061 1973 4140 λόγοις

304 4156 595 4234 ἑξετηρέοις
637 4154 973 4228 διησττᾶζετο
1032 4159 1153 4217 ταῖς
1206 4156 1530 4232 γνωρίμοις·
1588 4153 1679 4209 καὶ
1728 4154 1789 4217 ἅς
1836 4156 1961 4234 εἶχε

307 4241 483 4302 διτταί
516 4248 774 4317 ἐσθῆτας,
834 4250 945 4301 τῶν
998 4247 1192 4324 χηρῶν
1247 4243 1497 4318 ἐνείματο
1551 4241 1793 4319 ἑκατέρᾳ·
1837 4242 1961 4299 οὐδὲ

306 4334 407 4408 γὶρ
458 4338 523 4405 ἦν
587 4337 690 4392 ’ὅσα
746 4355 811 4412 γε
868 4336 946 4398 εἰς
1003 4333 1271 4408 θησαυρὸν
1330 4329 1514 4410 ἓτερον
1588 4336 1659 4409 τῇ
1707 4335 1961 4410 πανάγνῳ

306 4419 342 4490 ἦ
402 4423 643 4490 πλοῦτος
700 4424 990 4504 ὑπερφυῶν
1042 4422 1271 4499 ἀρετῶν,
1328 4421 1419 4478 καὶ
1478 4420 1510 4477 8
1561 4442 1617 4479 τι
1675 4423 1958 4498 ἀναγκαῖον

304 4508 485 4569 εἷλκεν
513 4516 549 4585 ἡ
581 4514 764 4592 χρεία.

2068 3532 2376 3588 funeribus
2406 3534 2517 3588 rite
2558 3533 3014 3603 adhibebantur,
3069 3542 3434 3608 apparasset,
3488 3538 3711 3594 vicinas

2071 3621 2183 3677 sibi
2205 3621 2426 3679 amicas
2448 3628 2745 3679 convocat.
2780 3624 2911 3680 Istae
2941 3641 3119 3696 porro
3150 3624 3281 3680 dum
3307 3630 3477 3681 erant
3507 3627 3714 3699 inopes

2070 3710 2282 3781 vidum,
2301 3727 2591 3783 pauperes
2613 3712 2855 3783 quidem
2878 3712 3035 3784 quod
3055 3713 3129 3769 ad
3154 3714 3287 3768 vita:
3309 3714 3714 3772 conditionem

2072 3798 2304 3867 attinet,
2337 3785 2631 3870 quatenus
2660 3804 2859 3855 autem
2909 3801 3129 3872 reginae
3177 3803 3587 3860 universorum
3637 3804 3718 3861 fa-

2072 3886 2356 3955 miliares,
2391 3893 2448 3943 et
2487 3888 2547 3943 in
2598 3887 2867 3959 ejusdem
2915 3888 3347 3954 haereditatem,
3404 3892 3490 3947 uti
3539 3892 3717 3965 paulo

2070 3982 2205 4049 post
2234 3993 2428 4033 sermo
2461 3977 2783 4047 enarrabit,
2828 3978 3049 4048 ascitas,
3092 3979 3459 4051 quibuslibet
3504 3982 3596 4037 vel
3645 3996 3717 4037 ex

2069 4065 2350 4139 opulenta
2379 4066 2685 4139 nobilique
2717 4066 2894 4124 domo
2920 4068 3161 4127 feminis
3182 4069 3498 4128 feliciores.
3530 4072 3716 4127 Hasce

2069 4155 2251 4228 igitur
2279 4155 2349 4211 de
2381 4155 2649 4213 discessu
2679 4174 2786 4214 suo
2817 4164 3058 4228 monet;
3094 4166 3332 4217 enarrat
3384 4161 3560 4217 verba
3609 4178 3716 4218 an-

2069 4245 2379 4318 geli;Filii
2408 4262 2475 4302 ac
2502 4247 2822 4304 Salvatoris
2886 4249 2976 4304 sui
3026 4251 3301 4307 nuntium
3350 4251 3576 4323 aperit;
3628 4266 3719 4306 ra-

2068 4351 2233 4391 mum
2264 4352 2498 4408 quoque
2532 4336 2647 4392 illis
2704 4337 2985 4408 ostendit,
3035 4345 3096 4394 et
3150 4338 3344 4395 verbis
3389 4335 3720 4396 discedenti

2067 4425 2344 4498 congruis
2402 4425 2832 4483 consuetudine
2891 4426 3003 4483 sibi
3061 4428 3361 4484 devinctas
3417 4434 3719 4499 postremo

2069 4515 2325 4583 salutat;
2359 4518 2485 4571 tum
2519 4515 2713 4586 binas,
2747 4533 2894 4588 quas
2924 4516 3179 4573 habebat
3207 4520 3421 4584 vestes,
3480 4516 3719 4586 utrique

302 4601 494 4659 vidua:
522 4605 840 4662 distribuit.
872 4606 1078 4677 Neque
1112 4603 1270 4659 enim
1300 4602 1633 4675 purissima
1666 4602 1751 4658 illi
1801 4601 1963 4659 aliud
2012 4603 2316 4676 quidpiam
2363 4604 2627 4662 thesauri
2681 4611 2827 4677 erat,
2879 4621 3056 4676 quam
3106 4604 3719 4661 eminentissimarum

299 4694 582 4752 virtutum
612 4705 774 4771 opes,
809 4703 866 4754 et
896 4697 948 4753 si
980 4694 1127 4768 quid
1157 4695 1288 4750 vitae
1317 4710 1461 4750 usus
1493 4694 1829 4750 necessario
1860 4693 2148 4767 exigebat.

455 4790 468 4806 ι
518 4791 529 4809 2
647 4792 661 4809 ς
696 4788 747 4822 «ι
857 4792 870 4809 ι
1081 4788 1094 4805 \
1181 4808 1200 4817 _
1288 4787 1303 4805 ι
1350 4785 1364 4804 τ
1432 4791 1467 4825 o‘
1727 4808 1736 4823 ο
1797 4807 1818 4820 ρ
1896 4785 1918 4820 _r

376 4788 486 4848 1A.
536 4793 664 4848 Επει
692 4809 750 4847 οε
779 4812 993 4847 τουτων
1039 4809 1104 4843 τα
1146 4808 1313 4862 σεμνα
1345 4806 1522 4842 εκειια
1562 4783 1821 4858 διήκουσε
1857 4808 1955 4863 γ)-

2133 4787 2224 4845 ΧΙ.
2260 4787 2367 4844 Ubi
2397 4806 2530 4845 vero
2562 4789 2689 4846 haec
2721 4788 3043 4846 audierunt
3092 4790 3358 4847 honestae
3409 4789 3529 4847 illas
3585 4807 3720 4849 mu-

300 4877 678 4955 ναὶα,γοερῶς
728 4879 1062 4955 ἀνῴμωξαν,
1121 4880 1331 4950 πικρῶς
1392 4875 1452 4931 ἐκ
1502 4877 1701 4952 βάθους
1753 4874 1960 4932 ἐστένα-

306 4962 429 5034 ξαν,
462 4966 697 5043 δακρύων
725 4971 930 5046 ῥύακας
975 4961 1290 5024 ἆπέϐλυσαν
1339 4968 1447 5022 τῶν
1498 4965 1818 5046 ὀφθαλμῶν*
1865 4966 1952 5022 καὶ

376 5085 533 5145 Psal.
562 5105 673 5161 cm,
702 5092 757 5148 4.

370 5452 1205 5538 ([ὶῖρτίθπρραρξξοῦςηςκ..
1394 5521 1432 5538 ..
1560 5522 1596 5538 ,.

362 5521 481 5603 (12)
503 5521 798 5591 Cernis'de
813 5521 1079 5603 'Virgine
1103 5521 1599 5603 Deipara_dicenti_
1632 5522 1722 5579 vel
1744 5525 1956 5603 sponte

285 5607 367 5680 με
380 5596 541 5680 nulla
552 5610 834 5680 poscente
857 5596 1342 5680 caﬁsa_e;cidere
1359 5596 1568 5680 laudes
1584 5596 1959 5680 incomparat

279 5663 439 5729 bilis
471 5663 800 5737 sanctitatis
851 5681 917 5731 et
962 5669 1480 5745 pulchritudinis:
1532 5667 1680 5725 adeo
1734 5663 1959 5723 scilice-

2064 4877 2330 4943 lieres,in
2348 4877 2765 4934 lamentabiles
2786 4877 3041 4950 gemitus
3062 4885 3495 4954 proruperunt;
3519 4897 3725 4938 amara

2067 4984 2137 5023 ex
2168 4967 2286 5023 imo
2317 4966 2613 5024 ducebant
2664 4968 2939 5041 suspiria,
2993 4967 3391 5045 lacrymarum
3433 4971 3723 5044 proﬂuvia

2062 5450 2157 5525 vix
2183 5449 2260 5525 de
2290 5451 2527 5525 Virgine
2559 5452 2741 5525 Maria
2769 5453 3028 5525 cogitare
3060 5452 3221 5525 licet,
3256 5451 3400 5525 quin
3438 5446 3721 5525 _singula-

2061 5522 2320 5589 rissima,
2353 5518 2471 5593 qua
2498 5523 2700 5650 fulget,
2720 5518 3003 5580 sanctitas
3030 5541 3098 5580 ac
3121 5518 3497 5597 pulchritudo
3520 5526 3713 5573 niten-

2064 5593 2297 5650 tissima
2328 5594 2514 5650 menti
2546 5612 2580 5650 ο
2625 5602 2908 5650 versetur.

2064 5598 2297 5652 tissima
2328 5598 2514 5651 menti
2546 5598 2908 5652 obversetur.
