4104 6300
321 393 418 455 133

1551 387 1813 451 SEBMO
1853 387 1935 449 IN
1980 384 2539 451 DORMITIONEM

3621 397 3736 459 134

333 521 487 592 ἓνεκα,
541 523 629 578 καὶ
664 522 745 577 ὧν
803 518 889 585 εἷς
955 519 1053 593 ἐμὲ
1085 518 1385 595 μεγαλείως)
1443 516 1974 597 μεγαλοφωνοτάτου

2107 523 2472 591 percepturus
2496 523 2700 579 esse.A
2718 522 2881 580 luctu
2913 525 3092 598 igitur
3117 544 3186 585 ac
3213 529 3439 587 maestis
3460 528 3740 588 lamentis

344 611 571 675 κώδωνος
599 611 943 687 τρανότερον
978 606 1315 666 διεσάλπισε.

2101 611 2708 681 temperantes,simul
2729 630 2935 670 omnes
2955 616 3435 691 Omnipotentem
3465 619 3740 677 laudibus

354 713 705 781 extollamus,
728 717 864 768 tum
900 710 977 767 ob
1017 711 1134 766 alia
1172 709 1379 778 multa,
1411 715 1538 767 tum
1568 710 1642 767 ob
1672 708 1967 783 magnalia
1997 707 2058 762 in
2087 722 2182 763 me
2213 712 2569 781 perpetrata,
2601 728 2733 783 quae
2762 712 2889 786 ipse
2909 715 3147 773 vocibus
3177 734 3297 790 prae
3330 718 3532 791 quovis
3561 735 3740 785 cano—

350 820 414 860 rae
444 802 593 860 tuba:
622 801 834 858 sonitu
863 799 1220 857 clarioribus
1252 800 1594 857 illustravit.

408 890 486 948 ll‘.
544 892 793 948 Τοιαῦτα
844 894 950 957 τῆς
1008 887 1285 962 [lavi-(von
1362 884 1661 958 διξιούστ,ς,
1718 886 1809 943 καὶ
1866 890 1985 948 ταῖς

355 977 642 1055 γνωρίμοις
700 973 914 1047 ἡδονὴν
973 976 1354 1047 ἐνσταζούσης,
1415 973 1528 1049 ἅτε,
1585 997 1687 1045 της
1731 974 1985 1050 γλώττης

352 1071 669 1140 θεοκινήτως
728 1065 902 1138 αὐτῆς
959 1065 1312 1146 ὑπηχούσης,
1376 1066 1492 1141 ῥεῖν
1552 1087 1613 1123 τε
1657 1063 1837 1137 ἡδέως
1868 1063 1989 1121 δια-

351 1159 695 1231 πλασθεέσης,
747 1158 842 1214 καὶ
898 1162 1023 1222 τοῖς
1075 1156 1502 1233 ἀκροωμένοιςς
1563 1158 1752 1234 χάριεν
1812 1157 1987 1235 ἔμφυ-

347 1249 513 1307 τεύειν
541 1248 769 1322 κίνημα,
802 1244 997 1322 διηχεῖ
1052 1248 1147 1321 μὲν
1204 1247 1430 1320 οὐρανὸς
1486 1245 1763 1325 ἐξαίφνης,
1826 1246 1987 1323 βρον-

344 1340 436 1401 τὰς
465 1333 809 1413 ὲπιϐρὲμων,
857 1338 951 1392 καὶ
1008 1335 1174 1393 οἱονεί
1231 1357 1336 1393 τινι
1390 1335 1687 1411 σημάντρφ
1740 1339 1820 1410 τῷ
1862 1335 1990 1410 παρ’

351 1428 547 1484 ἑαυτοῦ
574 1427 803 1503 πατάγῳ
830 1425 963 1489 τοὺς
994 1425 1061 1482 τὰ
1118 1423 1298 1496 tatam
1353 1430 1422 1501 τῇ
1481 1425 1648 1501 μητρὶ
1701 1428 1800 1481 τοῦ
1854 1428 1988 1481 θεοῦ

350 1518 841 1591 κειτουργησοντας
871 1512 1224 1585 διαναστῆναι
1255 1513 1492 1573 κελεύει.

414 1604 656 1684 Νεφέλαι
710 1601 770 1661 δὲ
819 1603 1172 1680 πολλαχόθεν
1258 1601 1482 1676 διέθεον,
1566 1605 1761 1680 ὄχημα
1842 1602 1988 1678 ξένον

348 1696 541 1758 ἑαυτὰς
575 1692 895 1750 ὑποκλίνειν
924 1689 1252 1749 σπεύδουσαι
1306 1699 1426 1758 τοῖς
1484 1691 1867 1766 διακονησουσι
1920 1696 1990 1767 τῇ

338 1789 493 1860 ταθῇ·
527 1781 882 1842 Ἔνετείλατο
909 1782 1011 1859 γὰρ
1041 1781 1288 1861 νεφέλαις
1323 1781 1680 1859 ὑπεράνωθεν,
1828 1802 1991 1860 φησιν

341 1875 539 1936 ὀθεῖος
572 1870 765 1929 Δαὸίό·
796 1873 890 1929 καὶ
919 1872 1108 1928 πάλιν
1143 1873 1205 1930 ἸΙ
1255 1869 1482 1947 δύναμις
1539 1872 1706 1928 αὐτοῦ
1759 1870 1813 1928 ἐν
1873 1877 1992 1935 ταῖς

2165 885 2308 945 ΧΠΙ.
2340 890 2490 948 Dum
2515 891 2622 949 hos
2638 895 2962 967 purissima
2982 896 3087 954 illa
3129 913 3437 955 sermones
3469 898 3736 968 haberet,

2070 978 2155 1034 'et
2180 981 2580 1040 familiaribus
2619 984 2792 1042 dulce
2830 988 3154 1045 instillaret
3204 990 3492 1059 solamen,
3521 991 3740 1062 quippe

2097 1069 2268 1142 cujus
2298 1071 2499 1145 lingua
2526 1073 2794 1132 divinum
2837 1077 2981 1149 quid
3012 1094 3298 1135 resonans
3329 1084 3388 1135 et
3417 1078 3491 1135 ad
3550 1079 3745 1135 suavi-

2097 1165 2280 1218 tatem
2310 1163 2752 1232 etl‘undendam,
2772 1171 2830 1221 et
2857 1166 2931 1223 ad
2953 1168 3343 1242 ingerendum
3365 1168 3745 1225 audientibus

2090 1251 2490 1323 jucunditatis
2525 1271 2768 1311 sensum
2800 1261 2939 1312 nata
2969 1262 3097 1314 erat
3127 1276 3143 1326 ;
3201 1257 3443 1315 insonat
3500 1263 3744 1329 repente

2099 1339 2333 1409 ccelum,
2360 1342 2699 1399 tonitrubus
2728 1344 3010 1414 fremens,
3041 1363 3109 1403 ac
3140 1346 3368 1420 fragore
3413 1345 3542 1416 suo,
3602 1361 3745 1420 quo-

2102 1428 2239 1489 dam
2271 1431 2449 1487 veluti
2482 1432 2648 1506 signo
2676 1433 2834 1502 dato,
2866 1436 3193 1503 ministros,
3244 1436 3346 1509 qui
3402 1437 3506 1493 Dei
3566 1436 3743 1493 matri

2103 1525 2370 1576 extrema
2397 1522 2754 1594 persolvant,
2778 1524 2952 1596 jubet
2980 1542 3309 1598 assurgere.

2173 1608 2367 1665 Nubes
2390 1625 2526 1666 vero
2545 1627 2576 1666 e
2606 1611 2811 1668 multis
2828 1614 3095 1684 partibus
3116 1620 3741 1678 accurrentes,novum

2102 1714 2384 1755 curruum
2414 1716 2599 1773 genus
2628 1716 2757 1756 sese
2779 1700 3004 1758 funeris
3023 1705 3396 1761 curatoribus
3409 1720 3743 1778 supponere

2100 1788 2520 1859 properabant.
2575 1791 2862 1846 Mandavit
2914 1792 3074 1847 enim
3133 1793 3367 1849 nubibw
3395 1795 3648 1864 desuper,
3682 1797 3748 1849 ut

2102 1881 2167 1931 ut
2186 1877 2383 1948 inquit
2413 1877 2645 1935 divinus
2677 1879 2857 1935 David
2886 1881 2944 1947 ';
2976 1887 3036 1937 et
3063 1897 3268 1938 rursus
3293 1881 3336 1917 ¹⁰
3362 1900 3374 1937 :
3406 1883 3597 1938 Virtus
3627 1883 3751 1952 ejus

341 1961 610 2042 νεφέλαις’
642 1964 746 2032 τήν
796 1961 1117 2032 ἐντεθεῖσαν,
1175 1961 1359 2035 οἶμαι,
1413 1959 1742 2041 προγράφων
1806 1960 1987 2037 ἰσχὺν,

2107 1967 2164 2020 in
2192 1966 2465 2035 nubibus;
2495 1966 2748 2024 inditam
2777 1967 3145 2036 videlicet,ut
3173 1974 3335 2042 puto,
3371 1970 3489 2026 vim
3539 1969 3746 2043 prmsi-

338 2053 373 2124 ἢ
402 2052 528 2118 τοὺς
556 2055 804 2127 κήρυκας
837 2046 1215 2110 διεϐάττασεν.

409 2143 507 2201 ιε’.
541 2139 697 2200 Ἔδει
726 2141 830 2217 γὰρ
861 2144 1150 2212 κινηθῆναι
1214 2162 1283 2197 τα
1338 2141 1469 2211 ἅνω,
1520 2140 1613 2197 καὶ
1670 2141 1908 2213 καθάπερ
1938 2161 1991 2197 τι

341 2236 517 2292 καινὸν
546 2230 906 2303 ὑποδέξεσθαι
968 2229 1240 2304 μέλλοντα
1286 2238 1505 2307 χρῆμα,
1560 2232 1631 2287 τὰ
1688 2231 1784 2307 μὶν
1848 2232 1989 2287 ὑπα-

342 2322 637 2403 νοίγεφθαι,
672 2318 936 2396 είιρύτερα
978 2320 1207 2389 ἑαυτῶν,
1238 2321 1285 2375 εί
1343 2320 1463 2376 οἷόν
1518 2340 1598 2391 τε,
1658 2316 1995 2377 διαπλαττό-

343 2433 491 2486 μενα,
519 2411 591 2467 τὰ
621 2408 670 2466 δ’
704 2410 1043 2486 ὑποχὼρεῖν,
1101 2412 1349 2479 σώζοντα
1402 2411 1505 2479 τήν
1565 2407 1728 2477 αἷδὼ,
1787 2408 1879 2465 καὶ
1925 2410 1993 2466 τὰ

343 2504 433 2575 μὶν
459 2505 568 2557 τῶν
600 2498 907 2573 ἑπομένων,
939 2496 1088 2554 ἄλλα
1119 2496 1177 2553 δὲ
1204 2503 1312 2554 τῶν
1342 2498 1783 2574 προπεμπόντων
1837 2499 1987 2570 τάξιν

346 2592 552 2655 ἑαυτοῖς
583 2587 872 2655 διαθεῖναι’
913 2588 1006 2644 καὶ
1055 2586 1198 2644 οὕτω
1252 2589 1437 2664 θροῦν,
1495 2588 1573 2650 ὡς
1629 2588 1826 2658 εἰπεῖν,
1883 2586 1993 2645 ἄνω

349 2677 780 2744 διακτυπεῖσθαι.

418 2955 731 3030 Θαυμαστὸν
766 2953 827 3012 δὲ
853 2951 1043 3023 οὐδὲν,
1076 2952 1123 3010 εί
1171 2949 1407 3030 θορύϐου
1464 2952 1655 3032 πᾶῥρω
1718 2956 1790 3012 τὰ
1843 2956 1994 3012 κάτω

341 3047 635 3119 τετήρηται
666 3046 758 3102 καὶ
790 3048 1044 3119 σεισμοῦ⁵
1078 3044 1138 3101 Ὀ
1169 3043 1398 3120 οὐρανὸς
1423 3044 1518 3117 μὲν
1547 3044 1674 3121 γὰρ,
1734 3046 1827 3100 οἶα
1878 3066 1994 3101 καί·

336 3137 424 3191 νὸν
481 3134 810 3209 κειμήλιον,
869 3129 1180 3208 παράδοξον
1238 3128 1610 3206 εἰσδεξάμενος
1696 3133 1992 3206 Θησαυρὸν,

333 3224 562 3289 εἰκότως
594 3219 997 3299 διεθορυϐεῐτο,
1039 3221 1130 3277 καὶ
1184 3220 1399 3297 σχολὴν
1449 3220 1600 3297 ἄγειν
1657 3223 1766 3279 οὐκ
1822 3223 1990 3300 εἶχεν,

2099 2054 2409 2126 gnificans,
2442 2073 2575 2128 quae
2600 2057 2898 2131 Evangelii
2929 2074 3235 2129 praecones
3265 2060 3612 2132 asportavit.

2170 2145 2308 2201 XIV.
2342 2147 2412 2201 Et
2438 2162 2546 2218 par
2574 2152 2696 2203 erat
2746 2148 3029 2220 profecto,
3065 2152 3133 2204 ut
3161 2165 3421 2222 superna
3468 2165 3742 2205 commo-

2099 2241 2397 2303 verentur,
2424 2239 2481 2290 et
2511 2240 2715 2308 utpote
2746 2237 3029 2309 quiddam
3069 2254 3313 2311 prorsus
3338 2254 3555 2295 novum
3586 2238 3647 2293 in
3681 2256 3743 2294 se

2101 2329 2469 2397 susceptura,
2494 2325 2612 2381 alia
2635 2326 2876 2398 quidem
2906 2344 2968 2383 se
3022 2327 3191 2400 ipsis,
3224 2328 3273 2384 si
3333 2329 3461 2384 ﬁeri
3520 2333 3744 2401 posset,

2099 2414 2313 2470 latiora
2385 2416 2594 2472 effecta
2647 2415 2828 2472 veluti
2876 2417 3302 2490 panderentur,
3352 2417 3469 2474 alia
3526 2423 3746 2484 autem,

2100 2502 2262 2559 velut
2289 2504 2642 2577 obsequium
2676 2513 3013 2563 reverenter
3062 2507 3421 2577 exhibentia,
3470 2507 3602 2563 loco
3660 2522 3751 2562 ce-

2100 2593 2315 2649 derent
2346 2610 2360 2662 ;
2388 2599 2669 2667 etrursus
2699 2601 2765 2651 ut
2790 2596 2904 2652 ista
2958 2601 3329 2668 postremum
3379 2595 3750 2666 subsequen-

2102 2683 2274 2754 tium,
2307 2682 2424 2740 alia
2450 2700 2586 2739 vero
2616 2684 2875 2756 primum
2904 2684 3301 2756 praeeuntium
3323 2684 3596 2739 ordinem
3634 2681 3748 2737 sibi

2104 2777 2411 2829 sumerent
2436 2790 2450 2841 ;
2482 2778 2659 2845 atque
2689 2774 2772 2829 ita
2799 2773 3064 2845 quidam,
3096 2778 3163 2829 ut
3191 2773 3274 2829 ita
3302 2770 3743 2841 dicam,tumul-

2103 2863 2399 2918 tuentium
2429 2862 2703 2918 fremitus
2734 2863 2796 2917 in
2823 2863 3099 2934 supernis
3125 2866 3498 2935 personaret.
3786 2848 3792 2854 ’

2173 2950 2341 3016 Quod
2372 2968 2506 3007 vero
2531 2950 2813 3006 inferiora
2838 2952 2965 3006 haec
2987 2967 3022 3007 a
3061 2950 3335 3038 tumultu,
3372 2955 3431 3006 et
3487 2965 3749 3006 commo-

2105 3040 2268 3097 tione
2298 3040 2715 3107 abstinuerint,
2761 3040 2848 3096 nil
2880 3041 3100 3097 mirum
3150 3039 3334 3097 videri
3374 3039 3568 3096 debet.
3605 3041 3750 3095 Nam

2104 3130 2313 3187 cretum
2337 3136 2538 3203 utpote
2568 3147 2785 3187 novum
2816 3130 3121 3187 cimelium
3170 3146 3238 3186 ac
3268 3130 3615 3187 thesaurum
3644 3128 3749 3185 ad-

2102 3221 2441 3277 mirandum
2472 3226 2876 3293 excepturum,
2907 3221 3120 3277 merito
3143 3237 3243 3276 sus
3298 3219 3489 3292 deque
3547 3219 3747 3276 turba-

338 3312 513 3390 ὥσπερ
574 3312 812 3389 ἐρεδνῶν
869 3311 1153 3368 ἆνακυκῶν
1212 3311 1425 3382 ἑαυτὸν,
1501 3311 1562 3367 ἄν
1655 3313 1754 3381 τήν
1839 3312 1987 3384 ἀξίαν

2107 3310 2296 3377 batur,
2331 3326 2525 3383 neque
2555 3310 2768 3384 degere
2789 3311 2975 3367 otiose
3006 3316 3258 3384 poterat,
3283 3311 3502 3383 quippe
3519 3325 3653 3366 cum
3684 3324 3746 3363 se

338 3402 549 3474 οἴκησιν
581 3405 656 3475 τῇ
685 3401 952 3476 Δεσποίνῃ
981 3402 1350 3477 παράσχοιτο·
1403 3407 1473 3474 γῆ
1534 3397 1613 3472 δὶ,
1672 3402 1849 3476 οἶμαι,
1911 3401 2000 3462 διὰ

334 3496 490 3548 τοῦτο
549 3488 864 3562 ἆκλόνητος
921 3488 1153 3563 ἔμεινεν,
1214 3487 1300 3545 ὅτι
1355 3509 1415 3545 τε
1470 3486 1606 3561 αὕτη
1663 3490 1756 3546 τὸν
1810 3494 1995 3550 καινὸν

334 3580 525 3652 ἀνῆκεν
588 3579 903 3656 ἄνθρωπον,
970 3579 1071 3649 τήν
1152 3576 1441 3653 Παρθὲνον,
1496 3579 1589 3633 καὶ
1652 3584 1849 3637 τοῦτον
1909 3582 1994 3640 ἐπὶ

337 3671 480 3726 πολὺ
512 3669 775 3742 περιόντα
834 3664 1010 3744 ἔφερε·
1073 3666 1164 3722 καὶ
1214 3666 1282 3736 ἧν
1339 3664 1444 3742 ἄρα
1507 3671 1616 3723 τῶν
1674 3667 1996 3737 ἀκολούθων

344 3758 514 3833 μηδὲν
541 3758 635 3816 ἐπὶ
683 3764 802 3821 τοῖς
851 3757 1124 3826 εἰωθόσιν,
1184 3757 1230 3811 εἰ
1285 3757 1377 3811 καὶ
1451 3755 1641 3821 ἄλλως
1696 3758 1996 3834 παράδοξα,

345 3847 792 3925 διαπράττεσθαι·
817 3847 909 3905 καὶ
955 3845 1040 3902 ὅτι
1099 3865 1198 3920 περ
1257 3845 1373 3901 οὐδ’
1427 3844 1517 3901 ἐπὶ
1580 3848 1785 3923 μακρὸν
1838 3852 1998 3907 κατί-

344 3959 465 4016 χειν
498 3937 709 4012 ἔμελλε
734 3940 839 4008 τὴν
870 3937 1143 4011 πάναγνον
1180 3932 1603 4006 τελευτήσασαν,
1663 3935 1810 3993 ἀλλὰ
1868 3940 1995 3995 θᾶτ-

338 4047 430 4082 τον
458 4033 576 4090 τοῖς
608 4027 721 4082 ἄνω
768 4026 1176 4100 παραπέμψειν,
1223 4021 1319 4079 ’ἱνα
1373 4028 1494 4087 τοῖς
1554 4023 1790 4098 ὑψηκοῖς
1847 4024 1996 4102 λαμ-

338 4122 490 4189 πρῶς
521 4113 991 4191 ἁνθαμιλληοείη,
1022 4111 1271 4169 δεικνῦσα
1300 4114 1418 4169 οἷον
1453 4115 1482 4169 ὁ
1509 4115 1758 4178 ταπεινὸς
1812 4121 2001 4195 χῶρος

338 4203 786 4282 ἂνθρωποπρεπῆ
815 4201 1189 4282 διεμόρφωσεν
1231 4198 1522 4278 ἀνδριάντα
1564 4203 1655 4258 καὶ
1691 4208 1803 4260 τῶν
1833 4205 1999 4283 ούρα-

349 4293 468 4348 θίων
500 4296 817 4371 ὑπέρτερον.

2106 3407 2305 3474 partes
2326 3401 2387 3458 in
2418 3418 2624 3457 omnes
2687 3406 2921 3458 vertens
2958 3403 3310 3473 requireret,
3344 3418 3463 3473 qua
3513 3400 3743 3457 ratione

2108 3491 2459 3565 condignam
2484 3492 2702 3566 reginae
2734 3492 2937 3548 sedem
2967 3492 3279 3563 praeberet.
3315 3497 3386 3546 At
3424 3508 3560 3547 vero
3592 3495 3751 3545 terra

2107 3580 2351 3650 idcirco,
2378 3581 3089 3654 utputo,'imperturbata
3146 3580 3390 3650 mansit,
3425 3585 3552 3634 tum
3607 3580 3751 3650 quia

2106 3686 2323 3725 novum
2352 3671 2510 3725 hunc
2530 3670 3163 3743 hominem,Virginem
3192 3684 3427 3740 nempe.
3461 3668 3591 3737 ipsa
3621 3681 3751 3737 pro-

2106 3759 2345 3827 tulerat,
2375 3764 2501 3814 tum
2525 3759 2664 3830 quia
2692 3759 2852 3815 hunc
2898 3760 3093 3831 ipsum
3144 3758 3378 3830 jamdiu
3435 3772 3618 3827 penes
3679 3770 3747 3810 se

2106 3850 2395 3905 viventem
2424 3847 2720 3903 retinebat
2752 3852 2850 3914 ;et
2878 3852 3345 3903 consentaneum
3375 3845 3580 3915 utique
3611 3843 3743 3911 fuit,

2105 3939 2257 3995 utin
2286 3938 2463 3994 rebus
2494 3935 2605 3992 sibi
2638 3936 2959 4005 consuetis,
2982 3931 3744 4007 ututalioquinstupendis,

2106 4030 2258 4087 nihil
2304 4032 2822 4094 commoveretur;
2872 4032 2998 4082 tum
3057 4026 3235 4082 etiam
3294 4023 3552 4096 denique
3609 4022 3750 4094 quia

2109 4120 2411 4193 Virginem
2443 4117 2814 4174 demortuum
2851 4132 2973 4172 non
3005 4116 3109 4171 diu
3138 4114 3295 4188 apud
3346 4130 3409 4170 se
3450 4117 3754 4169 servatura

2107 4216 2253 4279 erat,
2286 4209 2390 4265 sed
2418 4207 2579 4264 brevi
2600 4207 2675 4263 ad
2703 4222 2951 4279 superos
2982 4205 3492 4274 transmissura,ut
3520 4201 3756 4275 egregia

2109 4298 2488 4356 contentione
2520 4295 2794 4368 supernis
2818 4294 3222 4365 mmularetur,
3254 4310 3323 4349 ac
3351 4308 3526 4365 porro
3548 4297 3753 4347 osten-

346 4382 529 4454 deret,
555 4386 871 4458 qualenam
892 4384 1131 4442 humilis
1150 4384 1247 4440 hic
1275 4383 1440 4442 locus
1468 4384 1831 4443 conditionis
1849 4388 2057 4462 utique
2087 4390 2364 4447 humanm
2396 4394 2455 4444 at
2493 4385 2828 4443 cmlestibus
2863 4385 3149 4457 quibusve
3196 4382 3456 4439 nobilius
3512 4378 3755 4436 simula-

343 4487 507 4530 crum
536 4476 926 4532 etl‘ormasset.

417 4562 652 4620 1Ε’.Διὰ
677 4566 848 4619 ταῦτα
873 4562 1084 4631 τοίνυν,
1143 4560 1218 4625 ὡς
1275 4555 1431 4640 ἔφην,
1491 4561 1721 4639 οὐρανὸς
1786 4561 1987 4624 ἰσείετο

2171 4570 2288 4626 XV.
2320 4569 2405 4626 Ob
2444 4583 2544 4624 eas
2598 4565 2799 4639 igitur,
2860 4579 3008 4636 quas
3065 4562 3208 4631 dixi,
3266 4574 3475 4617 causas
3530 4553 3741 4612 cmlum

343 4651 434 4704 καὶ
466 4646 708 4728 ἐϐρόντα,
738 4653 830 4708 καὶ
869 4649 1004 4715 ὅλος
1035 4651 1105 4721 ἦν
1136 4652 1261 4726 περὶ
1311 4652 1411 4720 τήν
1475 4648 1758 4728 ὑποδοχὴν
1816 4653 1990 4732 ἀσχο-

345 4734 608 4813 λούμενος
662 4748 764 4813 τῆς
823 4740 1116 4818 μακαρίας.
1166 4740 1264 4794 Καὶ
1323 4737 1390 4811 δὴ
1464 4740 1574 4797 τῶν
1660 4742 1985 4818 βροντιαίων

345 4822 567 4886 ἒκεενων
623 4828 788 4911 ¹ἔχων
847 4828 1330 4908 συρρηγνυμένων,
1386 4828 1626 4907 καθάπερ
1706 4831 1760 4886 τί
1854 4834 1990 4892 σάλ-

344 4935 537 4997 πιγγες
589 4922 743 4996 νόμῳ
810 4921 1050 4997 στρατοῦ
1106 4919 1206 4990 τήν
1252 4919 1545 4995 παράταξιν
1629 4918 1986 4997 διυπνίζουσι,

340 5005 434 5062 τὸν
460 5011 572 5067 ’ἶσον
602 5012 807 5089 τρόποι
838 5010 894 5066 οἱ
924 5007 1245 5084 λειτουργοὶ
1275 5014 1376 5078 τῆς
1417 5008 1589 5079 ὁσίας,
1621 5011 1694 5067 ὧν
1751 5013 1819 5068 τὰ
1873 5012 1990 5072 ὦτα

335 5097 431 5154 τὸν
487 5102 671 5177 κρότον
742 5100 1065 5177 ἐγνώρισεν,
1124 5096 1245 5152 οἶον
1301 5094 1530 5168 εὔζωνοι
1604 5102 1988 5173 καταστάντες,

326 5188 417 5244 καὶ
452 5193 680 5269 καθάπερ
731 5191 943 5252 ἳππους
988 5188 1091 5250 τὰς
1141 5183 1369 5266 νεφέλας
1418 5182 1741 5258 ἀναϐάντες,
1803 5188 1988 5261 ἤλαυ-

321 5298 433 5352 νῡν,
492 5281 811 5345 σπεύδοντες
893 5274 1129 5338 ἑαυτοὺς
1209 5276 1459 5349 συντάξαι
1513 5279 1585 5352 τῇ
1642 5278 1776 5358 φίλῃ
1821 5300 1992 5356 παρα-

312 5370 484 5445 τάξει,
530 5374 679 5450 λέγω
728 5369 791 5428 δὶ
842 5372 931 5442 τῷ
980 5365 1202 5441 στρατῷ
1247 5368 1356 5421 τῶν
1430 5364 1709 5444 ἀγγάλων.
1781 5368 1989 5427 Γίνεται

308 5460 496 5520 τοίνυν
529 5466 563 5536 ἠ
595 5462 689 5521 διά
737 5455 991 5539 νεφελῶν
1046 5452 1356 5530 παράδοξος
1411 5452 1593 5527 ἰκείνη
1653 5455 1986 5524 συνέλευσις.

302 5548 524 5613 ’Δλλου
577 5555 685 5635 γὰρ
738 5555 857 5609 τῶν
915 5544 1180 5624 κηρύκων
1238 5539 1500 5623 ἀλλαχοῦ
1550 5550 1653 5617 τῆς
1743 5552 1849 5625 γῆς

370 5683 399 5723 ¹
422 5685 574 5747 Paul.
594 5699 816 5750 mm,
850 5678 950 5737 23.
1030 5673 1086 5712 “
1110 5669 1264 5730 Psal.
1293 5686 1467 5743 um,
1498 5673 1588 5730 35.

2100 4658 2329 4732 magnis
2351 4656 2684 4730 agitabatur
2714 4653 2995 4719 motibus,
3029 4651 3338 4721 ciebatque
3364 4646 3647 4713 tonitrua,
3680 4660 3751 4701 ac

2102 4754 2291 4805 totum
2322 4762 2453 4803 sese
2481 4744 2555 4801 ad
2585 4741 3002 4815 excipiendam
3024 4740 3261 4795 beatam
3292 4736 3453 4794 illam
3483 4734 3749 4791 studiose

2099 4835 2459 4894 conferebat.
2494 4836 2564 4889 Et
2587 4832 2794 4905 utique
2827 4829 3097 4887 excitatis
3128 4828 3245 4885 illis
3267 4828 3600 4884 tonitruum
3620 4823 3749 4879 fra-

2098 4925 2359 5000 goribus,
2386 4940 2505 4979 non
2537 4938 2708 4978 secus
2729 4938 2798 4977 ac
2826 4936 2935 4994 per
2965 4919 3242 4976 tubarum
3261 4918 3567 4991 clangores
3591 4930 3755 4971 exer-

2101 5018 2251 5073 citus
2284 5016 2347 5071 in
2372 5018 2723 5070 consuetum
2764 5025 2976 5083 pugnas
3038 5008 3311 5066 ordinem
3370 5008 3748 5072 convocatur,

2098 5108 2257 5166 haud
2288 5108 2463 5163 aliter
2484 5103 2744 5161 ministri
2772 5106 2994 5158 sanctas
3021 5101 3556 5174 Virginis,quorum
3574 5110 3749 5152 aures

2098 5194 2299 5268 magni
2320 5195 2499 5267 hujus
2521 5190 2846 5249 murmuris
2868 5188 3155 5246 indicium
3179 5179 3749 5262 aguoverunt,veluti

2099 5286 2405 5361 prmcincti
2464 5284 2688 5341 milites
2741 5287 3144 5354 assurgentes,
3176 5296 3244 5335 ac
3290 5275 3540 5333 nebulas
3582 5268 3753 5361 quasi

2101 5356 2286 5449 equos
2312 5373 2808 5440 conscendentes,
2840 5370 3252 5434 accurrebant,
3284 5365 3474 5422 amico
3505 5356 3750 5432 agmini,

2099 5463 2448 5539 angelorum
2474 5461 2701 5519 scilicet
2729 5459 3241 5525 exercitui,semet
3269 5455 3591 5539 adjungere
3611 5460 3749 5517 pro-

2099 5536 2396 5630 perantes.
2434 5552 2558 5625 Ope
2589 5566 2727 5626 ergo
2757 5548 3007 5606 nubium
3042 5541 3427 5603 admirandus
3458 5536 3575 5594 ille
3613 5546 3750 5588 con-
