4104 6300
300 294 374 355 13ῖ
1219 288 1484 351 SERMO
1526 286 1605 349 ΙΝ
1647 285 2232 351 DORMITIONEM
2275 290 2347 349 B.
2393 289 2467 349 V.
2515 288 2822 352 MARLE.

306 423 650 482 1l‘t1‘l8‘3000t9
734 423 795 477 οῖ
897 418 1149 477 πλούσιοι
1233 424 1332 476 τοῦ
1429 420 1588 476 λαοῦ·

319 513 538 570 πλουσίου
588 516 767 592 «ρωνῇ
834 510 901 565 τὸ
957 510 1136 584 περιὸν
1198 509 1330 583 ὑπὲρ
1389 509 1516 571 τοὺς
1582 507 1789 571 ἄλλους
1843 514 1944 578 τῆς

326 603 465 678 ἀρετῆς
500 600 871 663 ὑποφαίνων.

3591 294 3707 354 I38

1690 423 1759 493 τῇ
1852 422 1945 473 τοῦ

2063 420 2258 476 vinam
2278 421 2445 477 illam
2467 427 2526 477 et
2554 422 3165 479 immaculatissimam
3186 423 3449 480 animam
3462 423 3572 496 (13)
3595 424 3709 481 hoc

2055 509 2326 583 perfungi
2361 512 2556 569 ofﬁcio
2589 514 2850 586 aggressi
2883 519 3040 569 sunt.
3074 517 3284 586 Atque,
3325 520 3390 570 ut
3428 515 3575 569 mihi
3624 516 3706 570 vi-

2057 600 2247 666 detur,
2269 601 2421 656 hanc
2440 602 2513 658 ob
2529 619 2768 659 causam
2789 603 2969 659 etiam
2997 604 3228 659 divinus
3259 604 3440 660 David
3469 604 3665 675 inquit
3690 621 3703 659 :

332 695 502 750 Vultum
557 699 725 747 tuum
777 691 1225 761 deprecabuntur
1279 689 1472 745 divites
1511 690 1691 760 plebis
1739 688 1807 757 1‘,
1862 704 1962 743 eos
2013 689 2238 745 scilicet
2285 691 2518 747 divitum
2575 692 2815 748 nomine
2872 692 3212 764 designans,
3274 694 3374 764 qui
3454 693 3705 765 reliquis

327 784 484 839 virtute
513 780 987 837 antecellerent.

371 898 583 972 Ἔμοιγε
614 891 677 949 δὲ
707 891 867 949 δοκεῖ
909 893 984 954 ὡς
1033 889 1157 948 οὐδὲ
1210 899 1310 962 τῆς
1355 892 1503 947 κάτω
1561 888 1620 946 ἄν
1660 896 1769 946 τῶν
1809 891 1942 946 ἀπο-

318 986 490 1040 στόλων
519 987 558 1055 ἡ
588 981 1000 1055 πολυύμνητος
1030 977 1330 1054 ἐπιδημίας
1361 977 1582 1052 ἐδεήθη,
1627 981 1718 1034 καὶ
1766 980 1943 1044 οὕτως

313 1074 542 1149 αἰθερίας,
573 1071 629 1127 εἴ
683 1093 749 1141 γε
814 1072 895 1145 μή
952 1071 1107 1132 οὗτος
1162 1070 1229 1139 ἦν
1259 1071 1288 1124 6
1318 1070 1543 1142 σκοπὸς,
1588 1067 1664 1124 *ἶν’
1717 1068 1801 1124 ὅτι
1851 1069 1939 1124 καὶ

305 1160 554 1237 ἀγγελική
580 1161 723 1236 πρὸς
779 1162 887 1228 τὴν
932 1158 1187 1229 τοιαύτην
1238 1155 1586 1233 λειτουργίαν
1640 1153 1941 1231 συνέδραμε

307 1250 678 1323 διακόσμησις,
714 1245 893 1318 δῆλον
949 1250 1083 1321 ἡμῖν
1130 1248 1367 1322 γὲνηται.
1414 1250 1509 1303 Ἐκ
1551 1246 1654 1321 γὰρ
1702 1251 1799 1301 τοῦ
1846 1266 1940 1322 φα-

293 1344 436 1415 νεροῦ
477 1337 643 1394 τοῦδε
694 1338 784 1392 καὶ
850 1338 997 1392 οὓτω
1040 1333 1349 1411 παραδόξου
1404 1335 1546 1409 μένει
1594 1335 1684 1389 καὶ
1741 1334 1805 1389 τὸ
1861 1336 1937 1407 μὴ

294 1429 560 1505 δρώμενον
634 1420 1038 1504 ἀναμφίϐολον·
1116 1425 1360 1499 καθάπερ
1435 1423 1524 1478 καὶ
1605 1424 1633 1478 ὁ
1712 1425 1938 1497 Σωτὴρ,

294 1516 589 1595 ’Δφέωνταί
663 1537 769 1585 σοι,
851 1520 937 1587 τῷ
1010 1512 1309 1589 παραλύτῳ
1384 1517 1599 1588 πρῶτον
1699 1512 1936 1587 εἴρηκεν,

292 1608 342 1662 αἱ
368 1608 630 1682 ἁμαρτίαι
662 1622 777 1661 σου·
845 1603 1024 1659 ἐκεῖνο
1085 1601 1130 1658 δ’
1180 1597 1363 1659 ἔπειτα
1419 1603 1581 1680 σαφὲς
1634 1601 1933 1677 προτιθεὶς,

288 1697 369 1753 καὶ
398 1699 459 1752 Ἀ
474 1717 591 1771 ραι,
624 1692 950 1771 προσέταξε,
980 1693 1071 1748 τὸν
1102 1687 1426 1770 κράϐϐατον.

352 1972 443 2027 ΙΖ’.
475 1968 631 2026 Ἐπεὶ
665 1964 745 2036 δὲ,
776 1965 837 2020 ὅν
897 1965 1111 2040 ε’ἰρηται
1159 1963 1388 2040 τρόπον,
1447 1964 1498 2017 οἱ
1561 1960 1796 2036 μαθηταὶ
1842 1964 1940 2016 τοῦ

292 2060 559 2115 Δεσπότου
590 2057 684 2111 καὶ
718 2057 746 2110 6
777 2055 978 2116 λοιπὸς
1032 2055 1174 2128 ἱερὸς
1225 2050 1519 2128 σύλλογος,
1570 2053 1629 2107 δν
1678 2052 1878 2128 φθάσας
1911 2051 1939 2104 ὁ

293 2148 446 2223 λόγος
502 2147 819 2222 ἐγνώρισεν,
892 2145 1183 2220 ὑπερφυῶς
1267 2144 1608 2217 παρέστησαν
1681 2144 1750 2214 τῇ
1808 2160 1937 2194 παν-

294 2241 449 2313 άγνῳ,
504 2242 585 2309 τῷ
644 2236 740 2309 μὲν
798 2230 1095 2307 παραδόξῳ
1148 2238 1250 2301 τῆς
1300 2228 1633 2306 συνδρομῆς,
1707 2229 1816 2299 ’ὀπη
1882 2248 1941 2283 τε

298 2324 434 2389 ὅντες
464 2333 564 2396 τῆς
598 2332 704 2402 γῆς
736 2324 868 2399 παρ’
900 2319 1174 2392 ἀλλήλων
1224 2319 1596 2394 μανθάνοντες,
1648 2322 1739 2373 καί
1788 2318 1938 2379 ὅπως

298 2416 479 2492 ἀθρόον
536 2415 611 2476 εἰς
665 2413 866 2468 ταυτὸν
925 2415 997 2485 τῇ
1058 2411 1224 2485 ἀερίῳ
1282 2407 1553 2479 συνῆλθον
1643 2405 1938 2482 διαρπαγῇ,

308 2501 497 2583 σφόδρα
543 2501 920 2576 τεθαυμάκασι
981 2498 1076 2553 σύν
1133 2520 1194 2572 γε
1229 2501 1298 2572 τῇ
1364 2495 1625 2572 μακαρία
1662 2496 1934 2572 Παρθένῳ.

304 2597 402 2652 Καὶ
443 2600 602 2650 τοῦτο
655 2592 713 2650 δὲ
772 2588 945 2648 Δαὸἶδ
1005 2592 1036 2646 6
1096 2590 1358 2665 μακάριος
1416 2588 1812 2664 προεκρὸτησεν
1860 2587 1943 2642 ἐγ-

301 2684 545 2752 θειάζων’
601 2684 697 2745 Τίς
745 2682 799 2738 ἐν
859 2678 1117 2759 νεφέλαις
1188 2679 1514 2750 ίσωθήσεται
1586 2683 1666 2752 τῷ
1722 2676 1940 2751 Κυρίῳ;

367 2951 595 3023 Χάριτας
638 2948 696 3006 δὲ
740 2950 1194 3025 ὁμολογήσαντες
1242 2951 1321 3019 τῷ
1373 2952 1592 3021 Σωτῆρι
1637 2952 1740 3015 τῆς
1784 2943 1939 3008 αἴθε-

2119 897 2300 952 Porro
2333 914 2436 968 ego
2470 898 2709 969 quidem
2750 899 2831 954 sic
2865 898 3079 967 sentio,
3112 897 3260 953 nihil
3310 914 3458 970 opus
3487 897 3697 967 fuisse,

2052 990 2118 1040 ut
2147 987 2651 1057 quemadmodum
2683 988 2924 1043 aetherei
2957 989 3133 1057 cives,
3176 988 3260 1043 sic
3310 993 3370 1042 et
3421 1005 3492 1043 ex
3540 993 3699 1045 terra

2051 1076 2124 1131 ad
2147 1075 2596 1148 obsequendum
2635 1077 2853 1150 Virgini
2887 1078 3051 1133 omni
3082 1078 3309 1133 honore
3332 1077 3696 1149 dignissima

2049 1165 2299 1235 apostoli
2341 1167 2745 1232 convenirent,
2778 1166 2888 1220 nisi
2925 1166 3037 1221 hoc
3084 1171 3415 1238 spectatum
3462 1166 3693 1236 fuisset,

2048 1261 2113 1309 ut
2143 1259 2351 1309 notum
2383 1254 2554 1309 nobis
2586 1255 2775 1324 ﬁeret,
2826 1255 3126 1326 angelicos
3174 1271 3409 1326 quoque
3452 1255 3694 1311 ordines

2049 1342 2123 1398 ad
2143 1344 2255 1397 hoc
2281 1343 2622 1398 obeundum
2643 1360 2860 1399 munus
2887 1345 3282 1400 concurrisse.
3306 1345 3387 1399 Ex
3409 1360 3478 1400 eo
3511 1345 3693 1412 enim,

2049 1433 2207 1503 quod
2239 1433 2618 1489 manifestum
2650 1440 2742 1490 est
2779 1434 3056 1506 idemque
3107 1434 3254 1491 adeo
3309 1436 3691 1509 stupendum,

2049 1522 2284 1577 ﬁrmam
2307 1521 2484 1577 ﬁdem
2516 1522 2896 1593 indipiscitur
2917 1530 2975 1578 et
2999 1524 3167 1592 illud,
3202 1524 3362 1595 quod
3400 1524 3462 1579 in
3491 1525 3695 1581 oculos

2047 1626 2169 1665 non
2191 1610 2474 1676 incurrit;
2510 1610 3013 1681 quemadmodum
3037 1613 3213 1668 etiam
3245 1613 3510 1669 Salvator
3528 1614 3694 1685 prius

1963 1684 2012 1749 B
2045 1699 2193 1754 dixit
2220 1699 2586 1771 paaalytico:
2641 1700 3013 1756 Remittuntur
3062 1702 3162 1756 tibi
3203 1709 3435 1772 peccata
3475 1684 3572 1757 tua
3605 1703 3651 1739 ³³
3678 1719 3692 1769 ;

2050 1793 2108 1843 et
2138 1788 2351 1844 deinde
2400 1789 2568 1855 illud,
2620 1789 2779 1860 quod
2826 1791 3137 1862 perspicue
3181 1791 3555 1860 cernebatur,
3605 1791 3697 1845 in-

2049 1876 2277 1945 dicans,
2310 1878 2630 1949 praecepit:
2666 1878 2812 1933 Tolle
2839 1879 3131 1947 grabatum
3162 1880 3229 1932 ¹³.

2118 1966 2293 2022 XVII.
2354 1968 2674 2038 Postquam
2718 1984 2854 2040 ergo
2905 1967 3182 2039 discipuli
3255 1969 3511 2035 Domini,
3577 1984 3698 2039 qua

2050 2057 2313 2113 diximus
2343 2058 2594 2126 ratione,
2628 2063 2687 2113 et
2715 2058 3002 2129 reliquus,
3029 2074 3205 2128 quem
3237 2059 3298 2113 in
3320 2063 3695 2114 antecessum

2053 2162 2247 2202 sermo
2306 2148 2814 2216 commemoravit,
2862 2164 3030 2203 sacer
3077 2153 3282 2215 coetus,
3365 2148 3582 2203 mirum
3631 2148 3695 2202 in

2050 2234 2291 2290 modum
2325 2252 2524 2291 coram
2555 2237 2787 2308 Virgine
2845 2237 3167 2308 purissima
3210 2236 3587 2306 adstiterunt,
3638 2240 3698 2292 et

2050 2324 2202 2379 alter
2221 2325 2463 2396 quidem
2486 2325 2558 2381 ab
2579 2325 2765 2381 altero
2797 2325 3093 2392 audiebat,
3134 2332 3261 2382 tum
3286 2327 3531 2382 ubinam
3580 2331 3700 2381 ter-

2048 2428 2251 2468 rarum
2280 2419 2635 2483 versaretur,
2670 2420 2793 2470 tum
2826 2416 3124 2487 quomodo
3181 2416 3245 2471 in
3292 2432 3492 2473 aerem
3544 2414 3700 2487 rapti

2049 2504 2418 2559 miroitinere
2436 2505 2498 2559 in
2521 2505 2796 2560 eumdem
2827 2506 3021 2560 locum
3055 2505 3356 2576 extemplo
3397 2505 3702 2561 convenis-

2051 2597 2203 2660 sent,
2234 2593 2617 2647 vehementer
2645 2594 2821 2649 simul
2852 2612 2985 2649 cum
3019 2594 3258 2666 Virgine
3291 2594 3464 2649 beata
3494 2592 3702 2648 obstu-

2050 2687 2326 2754 puerunt.
2360 2684 2541 2737 Porro
2573 2683 2632 2736 id
2663 2700 2897 2754 quoque
2948 2684 3130 2738 David
3184 2683 3353 2739 valde
3396 2682 3699 2738 admirans

2051 2771 2195 2827 olim
2228 2771 2528 2826 cecinerat
2547 2771 2823 2841 inquiens
2846 2788 2859 2825 :
2885 2774 3015 2836 Quis
3044 2774 3103 2826 in
3127 2772 3363 2826 nubibus
3381 2770 3699 2842 aequabitur

2051 2859 2288 2916 Domino
2319 2858 2365 2897 ¹⁴
2384 2860 2411 2914 ?

2125 2947 2351 3002 Deinde
2390 2963 2525 3002 cum
2568 2947 2787 3019 gratias
2844 2948 3129 3004 Salvatori
3175 2949 3454 3005 concordi
3497 2948 3699 3006 animo

306 3040 420 3117 ρίας
472 3038 683 3109 ἐκείνης
732 3040 989 3109 πτήσεως
1032 3034 1257 3092 πολλῶν
1296 3056 1355 3091 τε
1402 3033 1590 3091 ἄλλων
1633 3031 1810 3101 ἕνεκα,
1838 3032 1945 3117 ,καὶ

2063 3036 2496 3108 persolvissent,
2530 3042 2654 3092 tum
2686 3054 2793 3108 pro
2824 3037 2927 3093 illo
2957 3055 3065 3110 per
3083 3038 3307 3095 aathera
3327 3038 3543 3109 volatu,
3571 3043 3700 3096 tum

300 3116 375 3185 ὅτι
435 3130 510 3202 μή
553 3125 948 3201 ἐκδημήσασαν
1010 3126 1111 3195 τήν
1172 3123 1562 3198 πολυύμνητον
1612 3116 1937 3192 κατέλαϐον,

304 3216 437 3274 ἀλλᾶ
478 3218 572 3274 καὶ
634 3214 773 3272 ἰδεῖν
834 3212 916 3271 ἔτι
974 3217 1287 3289 περιοῦσαν,
1345 3214 1434 3267 καὶ
1495 3214 1816 3288 ἁγιασθῆναι
1868 3214 1939 3286 τῇ

303 3305 532 3382 διακονίᾳ
573 3307 894 3378 ἠξιώθησαν
940 3302 1142 3379 ἐκείνῃ,
1192 3306 1415 3360 τοιαῦτα
1465 3303 1941 3381 προσεφθέγγοντο

309 3399 370 3469 τῇ
399 3396 673 3469 Θεοτόκῳ.

361 3577 470 3634 Ill‘.
500 3575 567 3633 Τί
610 3594 724 3644 σοι,
774 3571 1060 3644 Δέσποινα,
1112 3567 1327 3641 ἐπάξιον
1354 3568 1416 3625 ἄν
1447 3571 1482 3639 ἡ
1514 3567 1725 3640 πηλίνη
1774 3588 1946 3643 προσ-

303 3665 533 3736 πλέξειεν
582 3660 833 3738 ἡμετέρα
878 3661 1105 3739 γλῶττα
1142 3680 1157 3730 ;
1210 3664 1374 3716 Ποῖον
1423 3660 1590 3729 αἶνον,
1645 3657 1703 3713 ὅν
1751 3659 1778 3713 ὁ
1824 3662 1944 3722 καθ’

304 3758 444 3828 ἡμᾶς
472 3758 717 3832 γεῶργεῖ
744 3756 895 3824 νοῦς,
950 3756 1076 3813 ταῖς
1124 3754 1240 3810 σαῖς
1286 3746 1656 3825 ἀναλογοῦντα
1700 3745 1946 3820 δώσομεν

301 3845 588 3919 ἆγλαΐαιςς
646 3842 781 3901 Τίνα
834 3842 1033 3917 κρότον
1089 3837 1301 3916 μεγάλα
1357 3836 1785 3907 διασαλπίζοντα
1827 3841 1945 3901 τοῖς

295 3939 406 3996 τοῖς
468 3932 998 4009 μεγαλουργτξμασιν
1051 3930 1247 3991 ἱκανῶς
1312 3927 1573 4002 ἀντηχεῖν
1653 3927 1949 4002 συγχωρή-

300 4039 503 4093 σομενς
565 4020 736 4082 Ποίας
789 4019 1194 4093 εὐπορήσαντες
1250 4015 1520 4095 εὐφημίας
1564 4015 1764 4086 ταύτην
1840 4019 1950 4071 τῶν

302 4114 409 4165 σῶν
441 4109 591 4181 ἀξίαν
623 4108 1080 4186 ἐπιψηφιούμεθα
1110 4102 1478 4180 λαμπηδόνων
1505 4126 1519 4177 ;

367 4290 467 4342 Διὶ
497 4290 574 4359 σὲ,
615 4288 883 4363 Πάναγνε,
942 4283 1168 4360 οὐρανὸν
1224 4284 1253 4338 6
1307 4282 1584 4353 Δεσπότης
1643 4283 1950 4357 παρήγαγε,

2053 3143 2159 3198 pro
2190 3125 2325 3181 aliis
2356 3125 2561 3180 multis
2592 3125 2917 3196 beneﬁciis,
2960 3132 3087 3183 tum
3137 3128 3317 3184 etiam
3361 3130 3517 3201 quod
3566 3129 3698 3183 Vir-

2049 3216 2248 3287 ginem
2281 3231 2525 3287 prorsus
2556 3216 2951 3272 venerandam
2981 3217 3248 3274 nondum
3278 3236 3309 3273 e
3333 3218 3586 3274 terrenis
3615 3217 3702 3273 di-

2050 3322 2314 3378 gressam
2346 3305 2727 3376 reperissent,
2762 3307 2866 3361 sed
2898 3312 2957 3362 et
3002 3308 3200 3364 videre
3251 3308 3444 3364 adhuc
3492 3324 3705 3379 super-

2053 3395 2272 3461 stitem,
2306 3398 2365 3448 et
2392 3394 2726 3450 ministerio
2758 3395 2861 3450 illo
2894 3397 3249 3452 sanctiﬁcari
3297 3397 3459 3469 digni
3505 3396 3695 3453 habiti

2050 3481 2328 3551 fuissent,
2360 3480 2524 3536 hisce
2555 3483 2871 3554 Deiparam
2901 3484 3140 3540 vocibus
3172 3484 3412 3540 allocuti
3434 3488 3591 3538 sunt.

2122 3570 2316 3626 XVIII.
2375 3570 2562 3633 Quam
2616 3571 2745 3641 tibi,
2796 3590 2829 3626 ο
2875 3573 3149 3643 Domina,
3199 3588 3502 3640 coronam,
3564 3587 3699 3641 quas

2055 3656 2345 3728 condigna
2377 3661 2433 3710 te
2460 3657 2558 3725 sit,
2590 3664 2790 3714 texere
2820 3659 2983 3717 lutea
3010 3660 3214 3732 lingua
3244 3666 3448 3716 nostra
3477 3657 3706 3729 queat?

2055 3745 2363 3813 Quodnam
2380 3746 2752 3802 oﬂ‘erendum
2766 3747 2872 3802 tibi
2899 3749 3238 3803 encomium
3256 3750 3513 3805 humana
3531 3762 3703 3802 mens

2056 3843 2261 3895 nostra
2325 3833 2608 3905 elaboret,
2688 3836 2846 3907 quod
2919 3836 3335 3909 splendoribus
3406 3837 3521 3892 tuis
3595 3852 3704 3907 par

2057 3928 2342 3985 exsistat?
2371 3929 2556 3993 Quem
2585 3926 2858 3998 plausum
2880 3928 3069 3983 instar
3096 3926 3253 3982 tubae
3275 3927 3392 3983 alte
3413 3941 3705 3982 resonan-

2058 4023 2180 4074 tem
2238 4016 2696 4090 magniﬁcentiis
2745 4017 2863 4071 tuis
2908 4022 3043 4089 apte
3086 4017 3446 4089 respondere
3500 4033 3705 4073 cense-

2059 4106 2257 4163 bimus
2286 4107 2315 4162 ?
2363 4108 2518 4172 Quas
2577 4106 2904 4178 excogitare
2963 4106 3167 4163 laudes
3241 4107 3591 4179 poterimus,
3640 4111 3707 4162 ut

2062 4195 2406 4268 quampiam
2439 4199 2538 4250 tuo
2570 4210 2892 4266 congruam
2921 4195 3137 4267 fulgori
3160 4195 3553 4253 decernamus
3574 4196 3603 4250 ?

2134 4287 2382 4356 Propter
2413 4288 2489 4351 te,
2523 4301 2556 4339 ο
2587 4283 2929 4356 purissima,
2960 4285 3247 4341 Dominus
3292 4286 3507 4342 cmlum
3555 4300 3707 4339 con-

298 4380 405 4446 γῆν
457 4375 811 4450 ὲθεμελίωσε,
865 4372 1166 4442 θάλασσαν,
1215 4370 1406 4444 ἣλιον,
1453 4372 1616 4446 χάριν
1661 4391 1720 4426 τε
1777 4368 1945 4441 ἂλληη

2063 4373 2233 4440 didit,
2266 4379 2485 4429 terram
2517 4372 2805 4441 fundavit,
2839 4390 3025 4443 mare,
3059 4374 3246 4429 solem
3296 4379 3472 4445 atque
3526 4371 3707 4426 aliam

296 4463 386 4517 mi
446 4467 755 4540 σεμνότητα
817 4464 910 4520 καὶ
966 4462 1177 4535 κόσμον
1238 4462 1520 4532 ὑπέστησε.
1609 4460 1707 4515 Διά
1754 4460 1811 4515 σὶ
1867 4460 1957 4516 καὶ

304 4550 435 4616 δπος
493 4558 623 4629 ἡμῖν
683 4554 950 4611 ἒννοεῖται
1011 4551 1333 4624 διάκοσμος.
1395 4549 1471 4605 Σὺ
1520 4549 1625 4626 γὰρ
1689 4551 1724 4619 ἡ
1781 4570 1957 4624 παρα-

308 4646 524 4719 σχοῦσα
567 4651 695 4701 πᾶσι
750 4645 819 4700 τὸ
874 4641 1118 4718 βέλτιον·
1179 4641 1276 4696 τοῦ
1334 4637 1393 4695 δὲ
1447 4638 1729 4716 βελτίονος
1783 4636 1955 4710 ἕνεκα,

304 4730 402 4782 καὶ
461 4738 558 4788 τοῦ
611 4736 668 4790 εὗ
723 4735 871 4790 εἶναι
957 4735 1171 4810 τυχεῖν,
1224 4731 1261 4799 ἡ
1317 4730 1491 4793 κτίσις
1550 4727 1814 4806 ἐξυφάνθῃ
1881 4732 1959 4802 τῷ

302 4819 547 4895 Ποιητῇ·
603 4821 694 4880 διὰ
750 4824 830 4895 σὲ,
888 4818 1268 4893 πολυ·5μντ,τε,
1324 4818 1418 4874 καὶ
1484 4819 1671 4891 ἡμεῖς,
1745 4817 1836 4873 καὶ
1895 4817 1958 4872 οὐ

304 4913 480 4966 τοῦτο
522 4913 708 4986 μόνον,
751 4912 901 4970 ἀλλὰ
952 4911 1044 4966 καὶ
1099 4910 1194 4966 τὸν
1252 4909 1381 4965 Θεὸν
1434 4904 1677 4985 ἔγνωμεν
1737 4906 1827 4963 διὰ
1882 4910 1962 4980 σέ,

296 4998 397 5052 καὶ
428 5000 643 5075 πλάνης
691 5001 1106 5078 ἀπηλλάγημεν
1154 4999 1242 5055 καὶ
1293 4997 1511 5067 σκότου,
1568 4998 1660 5052 καὶ
1703 5000 1802 5068 τήν
1851 5002 1962 5054 τῶν

304 5081 562 5160 ἇρῤήτων
614 5093 826 5168 ἀγαθῶν
886 5089 1259 5164 περιμένομεν
1343 5093 1561 5157 κτῆσιν¹
1620 5085 1711 5141 καὶ
1778 5085 1823 5141 εἰ
1885 5088 1961 5161 μὴ

303 5175 410 5226 τοῦ
448 5178 610 5254 ζόφου
641 5177 894 5252 λυθῆναι,
924 5177 1017 5236 καὶ
1073 5176 1222 5233 οὕτω
1277 5179 1385 5233 τῶν
1442 5175 1600 5240 θείων
1644 5174 1965 5254 ἐμφορηθῆ-

2068 4463 2393 4537 quamlibet
2450 4468 2843 4532 venustatem,
2905 4469 2965 4519 et
3021 4463 3223 4531 decus,
3305 4469 3365 4517 et
3437 4464 3713 4517 ornatum

2068 4554 2332 4610 creavit:
2383 4559 2625 4626 propter
2672 4559 2726 4609 te
2779 4558 2869 4608 est
2917 4552 3207 4624 quidquid
3250 4551 3479 4607 ordinis
3524 4551 3715 4605 menti

2067 4649 2288 4700 nostras
2342 4644 2710 4699 obversatur.
2759 4645 2842 4697 Tu
2889 4643 3047 4698 enim
3106 4658 3192 4707 es,
3242 4657 3374 4711 quas
3420 4638 3716 4696 universis

2065 4732 2379 4788 meliorem
2438 4736 2656 4786 statum
2725 4731 3130 4802 comparasti:
3211 4746 3351 4785 nam
3429 4732 3717 4785 creaturas

2068 4837 2277 4876 omnes
2307 4824 2373 4875 ut
2400 4819 2463 4874 in
2494 4819 2709 4874 melius
2739 4819 3116 4891 proficerent,
3153 4823 3214 4874 et
3259 4823 3327 4874 ut
3372 4818 3718 4876 felicitatem

2071 4915 2554 4982 assequerentur,
2605 4926 2640 4965 a
2687 4908 3004 4965 Conditore
3051 4908 3354 4982 productae
3414 4913 3599 4967 sunt:
3657 4906 3721 4963 id

2070 5018 2207 5056 vero
2239 5005 2298 5057 et
2327 5017 2436 5056 nos
2468 5004 2710 5073 propter
2751 5004 2828 5066 te,
2862 5018 2894 5055 ο
2927 5000 3276 5075 dignissima
3319 5001 3481 5057 omni
3524 4997 3720 5065 laude,

2072 5092 2374 5147 consecuti
2425 5107 2673 5158 sumus;
2722 5106 2917 5161 neque
2962 5091 3075 5148 hoc
3125 5088 3338 5160 solum,
3390 5089 3495 5147 sed
3540 5089 3723 5143 Deum

2074 5181 2320 5254 insuper
2349 5187 2590 5254 propter
2618 5186 2678 5236 te
2729 5182 3134 5254 cognovimus,
3186 5187 3245 5237 et
3293 5181 3366 5237 ab
3418 5193 3617 5238 errore
3657 5192 3725 5231 ao

397 5299 439 5333 “
468 5305 615 5363 Psal.
648 5324 791 5378 xuv,
827 5309 915 5364 i3.
994 5306 1043 5342 ¹²
1072 5304 1212 5360 Luc.
1245 5319 1298 5372 v,
1326 5303 1417 5358 20;
1496 5301 1541 5336 ¹⁸
1569 5300 1714 5358 ibid.
1747 5304 1836 5375 24,
1912 5300 1945 5338 υ

2064 5304 2139 5361 al.
2174 5322 2440 5372 Lxxxvm,
2476 5310 2529 5360 7.

1658 5421 1805 5479 Ant.
1850 5419 2148 5482 Ballerini
2190 5427 2380 5485 notae.

414 5550 510 5632 (l3)
539 5560 670 5618 Vide
701 5576 998 5619 summam
1028 5558 1203 5632 illam
1231 5554 1552 5632 puritatem
1583 5553 1763 5632 tribui
1794 5556 1993 5612 animae
2026 5556 2301 5629 Virginis,
2335 5555 2484 5615 adeo
2517 5563 2583 5616 ut
2612 5557 2763 5616 nihil
2794 5554 3190 5618 dubitandum
3223 5552 3321 5624 sit,
3361 5569 3440 5613 an
3469 5550 3544 5609 ad
3572 5547 3722 5603 inte-

339 5626 597 5692 Bﬁlatem
622 5633 964 5709 virginalem
995 5632 1154 5689 forte
1185 5626 1311 5684 haec
1341 5626 1679 5685 referantur

643 5757 905 5820 PATROL.
953 5747 1283 5817 CXXXIX.

3375 5740 3412 5797 5
