4104 6300
430 405 546 469 139

1566 400 1853 464 lSIDOltl
1881 350 2194 463 ‘TllESSA
2209 398 2663 462 LONIGENSIS

3719 407 3821 468 “0

431 541 694 597 tenebris
716 541 903 613 erepti
921 557 1148 610 sumus,
1171 547 1230 598 et
1249 537 1741 598 inenarrabilium
1779 537 2070 594 bonorum

2185 556 2272 592 ναι
2303 537 2438 609 ἡμῖν
2469 533 2732 610 ἐξεγένετο
2759 533 2849 591 διὰ
2906 540 3026 605 σοῦ,
3075 537 3216 614 μηγέ
3264 539 3366 607 τήν
3421 539 3601 615 ἀρχὴν
3647 543 3723 614 (ll)
3764 540 3818 598 ἄν

434 632 872 704 possessionem
891 636 1336 703 exspectamus;
1371 636 1430 687 et
1456 647 1648 700 neque
1681 627 2080 701 exoptandum

435 721 610 777 nobis
634 721 863 790 fuisset,
887 727 953 778 ut
979 723 1050 777 ab
1083 723 1252 779 initio
1285 737 1644 788 crearemur,
1671 719 1786 774 nisi
1813 719 2080 774 futurum

435 811 608 867 nobis
636 811 865 879 fuisset,
898 818 964 867 ut
993 829 1100 884 per
1128 818 1183 868 te
1202 813 1274 868 ab
1307 811 1526 866 erroris
1557 810 1951 866 liberaremur
1981 823 2078 864 ca-

429 901 634 974 ligine,
668 907 724 956 et
766 902 850 957 sic
903 902 1142 958 demum
1193 903 1404 958 divinis
1452 900 1804 957 muneribus
1851 899 2076 955 affatim

431 991 762 1047 ditaremur
791 992 922 1063 (14).
957 993 1204 1064 Propter
1232 998 1288 1048 te
1329 995 1670 1064 perpetrata
1716 994 1854 1045 sunt
1900 989 2076 1055 mira,

431 1085 490 1137 et
516 1083 670 1136 Deus
699 1097 822 1138 non
853 1081 1206 1154 dedignatus
1237 1087 1326 1138 est
1356 1086 1575 1138 terram
1623 1080 1779 1135 hanc
1823 1078 2076 1151 pedibus

427 1171 678 1238 calcare,
721 1174 779 1226 et
807 1171 1079 1227 homines
1109 1170 1172 1226 in
1205 1169 1348 1226 ccelo
1383 1167 1768 1226 tabernacula
1817 1167 1930 1224 sibi
1984 1166 2082 1222 de-

426 1261 703 1318 ﬂxerunt.
735 1262 820 1317 Tu
846 1261 1102 1317 feliciter
1147 1259 1223 1317 ad
1275 1262 1459 1316 Deum
1507 1257 1972 1332 properantibus
2019 1261 2079 1313 et

424 1351 839 1408 fulcimentum
869 1367 950 1417 es,
985 1357 1043 1406 et
1069 1349 1294 1418 lumen,
1326 1367 1395 1406 ac
1424 1350 1581 1406 velut
1609 1365 1756 1405 aura
1805 1346 2079 1420 quaedam

433 1441 651 1504 suavis,
683 1457 815 1512 qum
846 1439 1112 1496 laborem
1145 1439 1504 1496 ascendendi
1536 1438 1787 1494 allevat:
1831 1441 1895 1496 tu
1945 1452 2077 1492 eos-

2190 623 2456 698 εὖξάμεθα
2511 625 2755 698 γενέσθαι
2815 625 2940 700 περὶ
2997 626 3156 698 ἡμῶν
3218 626 3403 684 αὐτοῦ.
3459 629 3556 684 Διά
3630 630 3688 684 σὶ
3739 630 3822 704 γέ-

2187 734 2313 788 γονε
2375 714 2443 768 τὰ
2506 711 2804 786 παράδοξα,
2871 715 2962 770 καὶ
3027 717 3160 780 Θεὸς
3241 724 3478 788 πατῆσαι
3569 726 3673 794 γῆν
3736 721 3825 776 οὐκ

2187 801 2488 874 ἀπηξίωσε,
2518 803 2608 858 καὶ
2652 801 2705 858 ἒν
2766 803 2980 879 οὐρανῷ
3037 807 3238 876 σκηνὰς
3280 801 3477 881 ἔπηξαν
3533 807 3821 886 ἅνθρωποι.

2188 889 2260 948 Σὺ
2290 896 2407 954 τοῖς
2465 891 2520 946 εὖ
2574 890 2804 948 πλέουσι
2868 893 3006 968 πρὸς
3060 895 3189 950 Θεὸν
3247 889 3493 970 ἔρεισμα,
3552 899 3820 978 φώτισμα,

2189 981 2307 1036 οἷόν
2363 1003 2446 1044 τις
2497 980 2655 1052 ἡδεῖα
2709 983 2872 1053 πνοὴ,
2931 983 3032 1054 τὴν
3079 981 3274 1040 ἄνοδον
3329 985 3714 1062 εὖμαρίζουσα’
3764 989 3820 1044 σὺ

2186 1074 2303 1132 τοῖς
2359 1069 2590 1144 ἀπόροις
2649 1068 2915 1148 ἒμπόροις
2971 1073 3106 1150 πρὸς
3168 1075 3296 1130 Θεὸν
3350 1070 3712 1150 κυϐερνήτης.
3753 1079 3822 1134 Σὺ

2183 1166 2262 1234 τῷ
2310 1161 2445 1240 γένει
2495 1162 2710 1239 γεέννης
2770 1162 2956 1240 ἔγὲνου
3007 1167 3318 1244 χωρισμὸς,
3363 1170 3456 1224 καὶ
3503 1167 3824 1243 παραδείσου

2187 1247 2356 1314 δόσις.
2393 1254 2492 1308 Διά
2521 1253 2579 1308 σὲ
2624 1252 2841 1322 λοιπὸν,
2889 1251 2947 1310 εἷ’
2987 1277 3040 1312 τι
3089 1261 3288 1332 τρυγᾷν
3335 1255 3564 1324 ἐνταῦθα
3610 1260 3825 1336 πάρεστι

2186 1343 2440 1416 τερπνὸν,
2471 1341 2560 1398 καὶ
2589 1342 2657 1413 ἢν
2689 1343 2718 1398 ὁ
2743 1340 2965 1418 μέλλων
3011 1345 3130 1421 βίος
3171 1344 3410 1423 ἄρῥητον
3455 1349 3592 1422 ἡμῖν
3641 1348 3823 1426 εὐφρο-

2191 1433 2356 1504 σύνην
2387 1435 2624 1510 παρέξει.

431 1531 564 1588 dem
593 1549 698 1604 per
719 1530 887 1588 devia
915 1531 1288 1588 ambulantes
1317 1531 1522 1603 dirigis
1579 1529 1655 1586 ad
1701 1531 1909 1584 Deum.
1954 1529 2036 1584 Tu
2085 1526 2412 1584 humanum
2458 1544 2646 1600 genus
2695 1529 2856 1586 inter
2905 1535 2964 1587 et
3008 1531 3342 1603 gehennam
3403 1534 3721 1605 separatio,
3769 1539 3826 1592 tu

428 1619 692 1692 paradisi
721 1620 951 1694 largitio
983 1620 1278 1676 exstitisti.
1313 1620 1438 1676 Tibi
1469 1619 1724 1690 denique
1755 1616 2136 1675 referendum
2167 1622 2258 1672 est
2286 1621 2616 1690 acceptum,
2649 1618 2940 1691 quidquid
2972 1621 3068 1677 hic
3097 1621 3334 1678 haurire
3355 1621 3551 1680 solatii
3582 1623 3742 1692 licet,
3773 1629 3826 1680 et

431 1709 722 1781 quidquid
752 1709 1070 1765 ineﬂ‘abilis
1099 1709 1320 1765 ltetitiaa
1351 1709 1551 1765 futura
1579 1707 1698 1764 vita
1727 1707 1901 1764 nobis
1940 1704 2250 1779 praebebit.

497 1799 642 1856 XIX.
675 1800 743 1854 Et
773 1799 977 1870 utique
1001 1799 1288 1870 quamdiu
1330 1798 1524 1866 nobis,
1553 1815 1586 1853 ο
1633 1797 1907 1865 Domina,
1939 1811 2070 1852 san-

2253 1793 2354 1851 ΙΘ’.
2389 1792 2547 1851 Ἀλλ’
2571 1791 2677 1859 ἕως
2720 1796 2840 1871 μὶν,
2873 1799 2920 1853 ὦ
2964 1795 3245 1872 Δέσποινα,
3291 1800 3391 1870 τήν
3449 1801 3547 1870 σήν
3593 1801 3827 1878 ἁγιωτά-

427 1889 752 1945 ctissimam
778 1893 939 1945 tuam
967 1888 1221 1946 formam
1241 1887 1482 1956 intueri,
1507 1892 1566 1943 et
1583 1903 1690 1959 per
1710 1888 1840 1942 eam
1864 1884 2078 1941 sancti-

429 1979 620 2048 ﬁcari,
649 1979 888 2050 tuisque
917 1979 1142 2052 perfrui
1172 1979 1377 2051 gratiis
1433 1977 1706 2046 dabatur,
1737 1973 2082 2032 videbamur

431 2068 604 2125 nobis
634 2084 769 2125 cum
799 2067 946 2123 Filio
977 2067 1077 2124 illo
1109 2072 1210 2124 tuo
1241 2084 1309 2124 ac
1332 2067 1626 2124 Salvatore
1655 2069 1858 2122 nostro
1901 2061 2082 2120 simul

433 2157 676 2226 versari,
709 2163 768 2213 et
795 2157 1293 2214 inenarrabilibus
1324 2156 1444 2212 illis
1491 2156 1668 2228 potiri
1717 2151 1970 2211 deliciis.
2021 2152 2080 2209 Si

437 2246 596 2302 enim
625 2246 726 2302 ille
757 2247 830 2302 ad
860 2247 1040 2303 caelos
1069 2247 1514 2303 ascendendum
1544 2245 1655 2302 sibi
1707 2261 1835 2301 esse
1890 2241 2079 2311 duxit,

439 2333 617 2406 idque
646 2336 846 2408 reipsa
891 2337 1106 2404 effecit,
1153 2341 1212 2392 et
1258 2336 1552 2408 sejunctio
1605 2334 1709 2391 illa
1754 2334 2080 2390 humanam

437 2424 567 2496 ejus
623 2425 802 2480 vitam
861 2425 1034 2480 nobis
1089 2425 1269 2481 veluti
1317 2424 1673 2491 adimebat;
1733 2429 1792 2478 at
1845 2421 2080 2477 divinus

433 2514 624 2569 sancti
655 2514 907 2586 Spiritus
937 2513 1243 2584 adventus,
1267 2519 1326 2570 et
1348 2518 1467 2579 tua,
1500 2530 1533 2568 o
1563 2512 1881 2584 purissima
1926 2527 2078 2582 prae-

431 2603 646 2670 sentia,
679 2608 737 2659 et
767 2620 875 2659 nos
906 2603 1062 2659 haud
1103 2603 1214 2660 levi
1259 2601 1702 2674 perfundebant
1745 2600 1979 2668 solatio,
2023 2603 2082 2655 et

433 2692 748 2750 Salvatoris
809 2693 1072 2749 absentis
1137 2693 1336 2749 locum
1393 2691 1768 2764 supplebant.
1827 2689 2077 2746 Maxime

429 2800 564 2838 vero
591 2783 665 2839 iis
697 2800 768 2838 ex
795 2783 1036 2848 nostris,
1061 2783 1280 2854 quibus
1329 2783 1532 2838 datum
1582 2797 1704 2836 non
1752 2779 1968 2847 fuerat,
2011 2781 2078 2834 ut

425 2873 658 2929 Domini
687 2878 932 2944 aspectu
961 2872 1078 2928 frui
1111 2877 1376 2944 possent,
1407 2871 1536 2928 loco
1585 2869 1903 2926 Salvatoris
1948 2871 2076 2923 erat

424 2961 794 3019 lucidissima
817 2963 999 3018 facies
1051 2966 1172 3028 tua,
1221 2963 1283 3017 in
1333 2979 1450 3033 qua
1486 2961 1722 3030 Christi,
1771 2959 1904 3015 Filii
1962 2958 2071 3024 tui,

421 3051 634 3107 faciem
664 3051 1058 3107 intuerentur.
1092 3055 1305 3122 Atque,
1337 3056 1402 3106 ut
1445 3066 1690 3122 prorsus
1721 3049 1936 3112 dicam,
1968 3053 2072 3104 tua

423 3139 626 3194 omnia
645 3139 1113 3194 consolationem
1143 3139 1203 3193 in
1222 3155 1332 3194 nos
1357 3143 1417 3195 et
1434 3138 1896 3211 incomparabile
1917 3138 2070 3192 leva-

425 3231 694 3284 mentum
725 3227 962 3282 abunde
993 3227 1396 3284 eii‘undebant.

499 3315 992 3386 Quandoquidem
1011 3317 1451 3384 vero,Creatore
1467 3317 1551 3372 sic
1569 3316 1822 3387 volente,
1854 3321 2075 3388 postre-

429 3421 528 3460 mo
567 3419 726 3460 nunc
771 3421 880 3460 nos
923 3411 980 3460 et
1022 3404 1342 3475 alloqueris
1387 3410 1446 3460 et
1491 3405 1566 3460 ob
1619 3406 1820 3460 oculos
1869 3404 2073 3476 habes,

430 3493 728 3550 enimvero
757 3493 851 3548 vix
886 3493 1133 3550 ferenda
1161 3493 1476 3564 prmsentia
1497 3493 1624 3550 haec
1645 3493 1815 3550 nobis
1842 3499 2072 3566 parent,

431 3599 644 3654 resque
673 3583 736 3638 in
757 3599 1052 3640 summam
1076 3583 1233 3640 cedit
1252 3582 1674 3641 calamitatem.
1693 3587 1894 3655 Angor
1915 3585 2074 3640 enim

429 3672 489 3728 in
520 3689 629 3728 nos
667 3673 859 3728 instar
897 3671 1119 3728 lancem
1141 3671 1268 3743 jam
1301 3672 1653 3744 intorqucri,
1683 3689 1903 3744 corque
1936 3690 2072 3729 nos-

425 3766 584 3816 trum
613 3761 842 3818 acerbis
873 3759 1098 3816 doloris
1146 3761 1275 3816 telis
1325 3761 1532 3833 impeti
1580 3760 1751 3816 nobis
1803 3762 2070 3818 videtur:

425 3853 726 3926 quoddam
755 3853 937 3910 veluti
959 3853 1303 3910 incendium
1324 3854 1592 3909 videmur
1608 3854 1781 3910 nobis
1803 3871 2071 3924 cernere,

426 3941 584 4014 quod
611 3942 811 3998 minax
833 3943 962 4014 jam
994 3946 1173 4014 caput
1200 3947 1474 3998 nostrum
1497 3941 1774 3998 invadat:
1805 3943 2073 3998 animam

423 4037 692 4088 nostram
721 4031 1163 4088 transverberat
1182 4033 1312 4104 jam
1369 4031 1621 4103 gladius,
1671 4029 1830 4087 haud
1872 4032 2074 4088 minus

426 4119 858 4190 propemodum
915 4136 984 4175 ac
1037 4119 1110 4174 de
1168 4125 1243 4184 te,
1302 4119 1785 4189 honoratissima,
1867 4121 2076 4178 beatus

429 4207 684 4278 Symeon
711 4208 1130 4279 praenuntiavit
1154 4208 1215 4263 ⁸⁵.
1247 4211 1374 4264 Iam
1398 4226 1518 4265 non
1541 4209 1834 4280 ejusmodi
1852 4215 1942 4265 est
1961 4211 2076 4266 ista

433 4295 759 4366 calamitas,
793 4311 972 4366 quam
1003 4295 1156 4352 ferre
1187 4297 1486 4368 possimus
1515 4314 1528 4352 :
1560 4315 1680 4354 non
1712 4315 1784 4354 ea
1821 4300 1950 4370 jam
1987 4305 2075 4356 est

423 4384 734 4456 prtesentis
775 4383 999 4440 doloris
1047 4385 1359 4453 acerbitas,
1409 4387 1504 4442 cui
1543 4402 1714 4442 mens
1761 4404 2072 4446 occurrere

419 4477 760 4528 constanter
781 4471 972 4528 valeat
995 4488 1008 4527 :
1043 4489 1163 4529 non
1184 4473 1325 4528 sinit
1342 4473 1470 4545 jam
1492 4474 1819 4530 immensus
1833 4493 2070 4547 mmror,

2185 1901 2284 1952 την
2361 1883 2576 1960 μορφὴν
2652 1885 2742 1939 καὶ
2817 1884 2945 1961 ὁρᾷν
3023 1885 3274 1961 εἷ’χομεν,
3349 1888 3438 1943 καὶ
3487 1891 3616 1964 παρ’
3663 1889 3824 1960 αὐτῆς

2188 1969 2526 2045 ἀγιάζεσθαι,
2573 1977 2683 2028 τῶν
2743 1978 2850 2029 σῶν
2903 1973 3274 2038 ἀπολαύοντες
3323 1977 3590 2056 χαρίτων,
3643 1977 3826 2052 ἐκείνῳ

2186 2065 2424 2116 συνεῖναι
2481 2061 2572 2117 καὶ
2627 2065 2910 2119 κοινωνεῖν
2956 2063 3278 2139 ἐνομίζομεν
3337 2065 3544 2146 ἀφάτου
3598 2074 3823 2145 τρυφῆς,

2183 2151 2264 2221 τῷ
2295 2153 2372 2222 σῷ
2401 2150 2513 2224 1⁸ἱῷ
2541 2149 2630 2206 καὶ
2678 2155 2919 2226 Σωτῆρι.
2981 2153 3045 2210 El
3093 2153 3198 2230 γὰρ
3249 2153 3410 2218 οὗτος
3456 2153 3828 2233 ἀναληφθῆναι

2187 2236 2298 2295 δεῖν
2343 2240 2500 2312 ᾤετο,
2559 2241 2648 2297 καὶ
2701 2243 2992 2317 πεποίηκε,
3039 2245 3131 2299 καὶ
3162 2245 3191 2299 ὁ
3222 2245 3512 2324 χωρισμὸς
3557 2245 3656 2316 τὴν
3711 2247 3831 2302 καθ’

2185 2330 2332 2401 ἡμᾶς
2364 2329 2519 2386 εἷλκε
2576 2333 2721 2402 ζωὴν
2783 2330 3012 2406 ἐκεῖνος,
3072 2330 3201 2389 ἀλλ’
3246 2335 3281 2402 ἡ
3333 2334 3450 2398 θεία
3503 2339 3602 2390 τοῦ
3647 2339 3830 2410 Παρα-

2183 2416 2394 2489 κλητου
2457 2419 2738 2484 ἔπέλευσις
2804 2422 2895 2476 καὶ
2961 2424 2996 2492 ἡ
3062 2423 3154 2494 σὴ,
3210 2422 3468 2497 πάναγνε,
3534 2425 3823 2499 παρουσία,

2182 2504 2386 2578 ἠδονοιςν
2447 2529 2505 2564 τε
2559 2511 2696 2582 ἡμῖν
2758 2508 3036 2582 ἐνέσταξαν
3089 2512 3154 2566 οὗ
3201 2513 3424 2586 μικρὰν,
3471 2513 3562 2568 καὶ
3611 2513 3676 2568 τὸ
3729 2518 3826 2569 τοῦ

2183 2603 2441 2670 Σωτῆρος
2499 2599 2890 2674 ἀνεπλήρωσαν
2949 2598 3250 2676 ὑστέρημα.
3309 2603 3408 2664 Οἷς
3477 2600 3534 2658 δὲ
3591 2601 3831 2676 μάλιστα

2178 2695 2287 2744 τῶν
2335 2691 2426 2745 σὺν
2482 2693 2619 2765 ἡμῖν
2674 2695 2772 2761 τῆς
2828 2689 3153 2763 δεσποτικῆς
3217 2693 3319 2748 οὐκ
3371 2693 3680 2750 ἀπολαῦσαι
3737 2709 3830 2771 γε-

2177 2778 2400 2856 γένηται
2433 2779 2576 2848 θέας,
2628 2783 2656 2835 ὁ
2715 2778 3174 2856 φωτοειδέστατος
3224 2783 3320 2846 σὸς
3367 2787 3656 2860 χαρακτὴρ
3712 2786 3836 2841 ἀντὶ

2175 2873 2274 2924 τοῦ
2304 2875 2560 2944 Σωτῆρος
2589 2869 2681 2924 καὶ
2727 2869 2794 2938 ἦν
2845 2870 2935 2924 καὶ
2985 2867 3160 2926 ἐδόκει
3207 2872 3300 2926 καὶ
3359 2877 3453 2927 σοῦ
3510 2871 3834 2950 σπλαγχνου

2176 2960 2437 3034 Χριστοῦ.
2507 2960 2637 3028 Καῖ,
2697 2959 2938 3030 καθάπαξ
2997 2959 3190 3028 εἰπεῖν,
3249 2961 3593 3036 παραμυθίας
3661 2959 3831 3038 ἔγεμε

2173 3049 2241 3111 τὰ
2271 3050 2338 3104 σὰ
2368 3049 2505 3126 πρὸς
2533 3051 2682 3123 ἡμᾶς
2714 3051 2806 3104 καὶ
2837 3049 3233 3124 ἀπαραμίλλου
3265 3051 3566 3128 ῥᾳστώνης.

2250 3313 2404 3372 Ἐπεὶ
2446 3312 2502 3370 δὲ
2531 3319 2624 3370 νῦν
2654 3317 2814 3390 ἡμῖν,
2853 3319 2953 3371 τοῦ
3001 3315 3252 3373 Πλάστου
3311 3316 3678 3393 βουλομὲνου,
3729 3321 3828 3377 καὶ

2177 3401 2460 3460 τελευταῖα
2525 3405 2878 3482 προσφθέγγῃ
2936 3405 3028 3460 καὶ
3101 3401 3489 3482 προσϐλέπεις,
3573 3409 3833 3487 ἂφόρητα

2181 3497 2380 3566 μικροῦ
2434 3492 2584 3548 δοκεῖ
2649 3495 2716 3548 τὰ
2781 3494 3044 3569 παρόντα,
3108 3496 3360 3574 συμφορὰ
3446 3495 3673 3570 μεγίστη
3754 3499 3826 3555 τὸ

2176 3586 2406 3657 πρᾶγμα
2429 3581 2742 3646 καθίσταται
2802 3582 2932 3640 Οἶὸν
2978 3605 3032 3638 τι
3081 3580 3211 3659 ’δόρυ
3263 3584 3492 3650 σείεσθαι
3540 3587 3604 3641 τὸ
3647 3587 3835 3651 πάθος

2177 3673 2463 3747 ἠγοῦμεθα
2521 3673 2638 3736 καθ’
2705 3674 2889 3746 ἡμῶν,
2949 3671 3130 3743 λύπης
3195 3671 3331 3747 βέλη
3387 3675 3556 3750 πικρᾶ
3616 3683 3832 3751 χωρεῖν

2177 3763 2312 3816 κατὰ
2365 3769 2465 3830 τῆς
2523 3763 2792 3837 ἡμετέρας
2851 3760 3092 3836 καρδίας·
3153 3762 3226 3824 ὡς
3279 3761 3458 3841 φλόγα
3505 3764 3634 3837 ὁρᾷν
3683 3766 3831 3822 κατὰ

2177 3849 2420 3921 κεφαλῆς
2477 3852 2638 3924 ἡμῶν
2723 3849 3053 3906 ἀπειλοῦσαν
3113 3856 3432 3926 στρατεῦσαι
3497 3853 3835 3927 νομίζομεν

2178 3937 2423 4017 ῥομφαία
2451 3941 2550 4008 τὴν
2583 3940 2852 4013 ἡμετέραν
2882 3937 2990 4010 ἤδη
3037 3938 3313 4018 διέρχεται
3367 3943 3576 4017 ψυχὴν,
3622 3941 3832 4018 σχεδὸν

2178 4027 2286 4103 οὐχ
2313 4031 2476 4098 ἦττον
2504 4031 2570 4096 ἧς
2609 4029 2638 4083 ὁ
2671 4030 2940 4103 μακίριος
2980 4030 3208 4102 Συμεὼν
3261 4029 3515 4104 ἐμήνυσε,
3567 4031 3842 4107 πάντιμε,

2177 4120 2298 4193 περὶ
2333 4121 2449 4174 σοῦ.
2483 4119 2682 4176 Οὐκέτι
2733 4123 2838 4174 τῶν
2886 4119 3118 4176 ἆνεκτῶν
3167 4121 3304 4194 ἡμῖν
3337 4123 3371 4190 ἡ
3401 4121 3630 4192 τοιαύτη
3677 4143 3844 4198 συμ-

2177 4209 2337 4286 φοράθ
2384 4209 2567 4264 οὐκέτι
2623 4213 2731 4264 τῶν
2785 4211 3069 4285 παρόντων
3129 4207 3391 4285 ἀλγεινῶν
3451 4213 3486 4281 ἡ
3545 4209 3840 4288 δριμύτης

2176 4297 2420 4354 ἄσειστον
2480 4297 2540 4368 ἐᾷ
2601 4298 2693 4352 τὸν
2744 4298 3037 4377 λογισμόνο
3100 4299 3283 4356 οὐκέτι
3339 4302 3403 4357 τὸ
3483 4300 3654 4378 βάρος
3719 4311 3840 4376 τῆς

2177 4388 2324 4452 ἀνίας
2367 4389 2442 4463 μή
2499 4392 2816 4444 καταπεσεῖν
2863 4391 3010 4463 ἡμᾶς
3057 4395 3356 4468 συγχωρεῖ,
3405 4391 3494 4446 καὶ
3543 4390 3838 4456 ἀσθενείας

2177 4473 2407 4558 ἔλεγχον
2445 4477 2799 4554 παρασχεῖν.⁶
2825 4483 2947 4540 Πῶς
2991 4479 3094 4554 γὰρ
3144 4479 3234 4535 καὶ
3277 4477 3532 4555 γλῶτταν
3581 4487 3840 4557 σιγῶσαν

413 4565 481 4619 ut
509 4579 631 4620 non
660 4563 860 4620 animo
894 4560 1260 4631 decidamus,
1293 4578 1360 4618 ac
1392 4565 1594 4618 nostra
1611 4563 1808 4634 palam
1834 4583 1896 4622 se
1927 4583 2058 4638 pro-

2178 4569 2298 4643 δρᾷν
2335 4556 2588 4642 Ἵοίσομεν,
2645 4568 2710 4635 ἧς
2744 4566 2772 4620 δ
2801 4563 3006 4641 γλυκὺς
3058 4567 3152 4624 καὶ
3199 4566 3526 4646 μελιρρυτος
3578 4556 3840 4649 φθόγγος

492 4660 539 4698 ³⁵
566 4662 703 4720 Luc.
736 4679 797 4733 ιι,
829 4663 916 4718 35.

1753 4756 1897 4818 Ant.
1945 4758 2247 4823 Ballerini
2287 4763 2477 4821 notae.

484 4875 560 5014 ἑὸ)
591 4876 728 4931 Cod.
760 4879 1063 4952 τηναρχήν.

511 4948 600 5014 14)
629 4949 758 5003 Haec
791 4951 996 5005 eadem
1036 4969 1061 5006 s

461 4948 600 5028 .(l-ft)
629 4949 768 5028 Haec
791 4948 996 5028 eadem
1036 4968 1230 5028 sensa,
1273 4951 1557 5028 nimirum
1607 4953 1764 5022 quod
1790 4962 2054 5028 propter

408 5017 707 5099 Yirginem
732 5021 1040 5099 De_ipa_ram
1059 5023 1298 5099 condita
1328 5023 1454 5099 haec
1475 5017 1675 5099 rerum
1698 5017 2052 5099 universitas

409 5089 619 5169 fuerit,
665 5089 1064 5169 q110d_'ei_clem
1122 5094 1684 5169 Virginidebeatur
1721 5098 2051 5169 _quidquid

407 5159 656 5241 reliquis
683 5159 973 5241 creaturis
1004 5164 1160 5241 inest
1183 5159 1412 5241 décoris
1437 5183 1502 5241 ac
1527 5159 2051 5241 splendoris,quod

411 5230 667 5312 denique
683 5232 876 5312 Marim
893 5239 1205 5312 acceptum
1225 5230 1598 5291 referendum
1625 5239 1719 5304 sit,
1746 5230 1879 5294 tum'
1893 5230 2050 5312 quod

411 5307 623 5382 caetera
653 5305 854 5358 omnia
887 5305 1065 5382 tinem
1095 5323 1265 5360 suum
1297 5314 1709 5382 assequuntur,
1743 5315 1864 5366 tum
1893 5305 2051 5382 quod

410 5373 736 5452 humanum
761 5391 946 5447 genus
977 5376 1038 5430 in
1085 5393 1344 5452 l)!‘ﬂ3(_381)_3
1377 5373 1536 5452 _olim
1580 5373 1926 5452 prolapsum
1966 5401 2052 5439 re-

408 5447 834 5517 staurationem
867 5463 933 5501 ac
957 5463 1121 5517 spem
1147 5447 1354 5502 salutis
1373 5447 1814 5516 invenerintimc
1829 5457 2048 5516 omnia,

405 5515 681 5590 inquam,
708 5518 968 5572 Isidorus
987 5515 1241 5590 liberius
1273 5518 1554 5590 deinceps
1577 5515 1924 5590 prcsecutus
1966 5515 2055 5581 est

408 5588 469 5642 in
501 5588 770 5668 homilia,
803 5606 981 5668 quam
1013 5589 1221 5668 habuit
1250 5592 1307 5668 ip
1343 5588 1595 5668 Deiparai
1618 5595 2050 5668 Natale,quam-

407 5675 524 5733 que
555 5660 847 5733 superius
895 5663 1066 5732 (part.
1111 5677 1152 5730 ι,
1204 5660 1316 5733 col.
1368 5663 1494 5733 600)
1532 5662 1660 5732 jam
1710 5660 2051 5726 dedimus...

404 5731 586 5788 Porro
611 5731 791 5806 (quod
815 5732 876 5788 in
897 5731 1055 5790 notis
1078 5731 1339 5790 liomilia:
1371 5732 1458 5789 illi
1478 5731 1761 5809 subjectis
1782 5741 2057 5798 manifes-

2163 4885 2424 4942 stissime
2454 4883 2841 4958 ostendimus)
2863 4883 3157 4958 ejusmodi
3187 4891 3274 4941 est
3293 4889 3414 4942 tota
3435 4886 3832 4946 hazccecono-

2159 4957 2300 5026 mia,
2333 4963 2400 5012 ut
2439 4956 2641 5029 eidem!
2665 4956 2912 5029 prorsus,
2964 4973 3058 5028 re;
3079 4962 3275 5029 ugnet.
3311 4959 3556 5014 Mariam
3607 4959 3838 5018 eadem

2155 5029 2258 5083 illo
2280 5029 2456 5102 ruina
2477 5027 2815 5102 obvolutam
2835 5027 3192 5102 fuisse,quzn
3216 5029 3479 5102 reliquos
3496 5030 3642 5086 Adae
3660 5031 3838 5088 ﬁlios

2159 5097 2438 5171 perdidit.
2472 5098 2552 5171 Ald
2605 5115 2740 5154 vero
2811 5104 2870 5154 et
2907 5097 3186 5170 prmsénti
3224 5097 3366 5156 loco'
3414 5102 3560 5157 satis
3605 5102 3838 5160 elucet.

2164 5169 2361 5246 Neque
2384 5169 2546 5246 enim
2562 5175 2874 5246 contegtus
2891 5169 3040 5227 ratio
3056 5171 3369 5246 patitur,ut
3388 5172 3557 5245 Virgo
3572 5189 3832 5246 quoque

2154 5241 2228 5315 iis
2245 5241 2504 5315 tenebris
2521 5241 2840 5315 etcaligine
2857 5241 3822 5315 putetur,circumsepta.quarum

2157 5313 2428 5383 depulsio
2451 5330 2556 5384 per
2578 5314 2769 5384 ipsam
2791 5315 3190 5384 exspectanda
3205 5313 3838 5372 eratEt’coni‘irmant

2163 5383 2422 5457 idipsum
2455 5383 2783 5457 Sequentia,
2826 5383 2926 5438 ubi
2963 5385 3133 5457 Virgo
3156 5386 3448 5444 salutatur
3478 5403 3589 5442 ceu
3610 5403 3854 5446 murus

2165 5454 2620 5528 dividensiinter
2647 5456 2976 5511 humanum
3007 5454 3192 5528 genus
3235 5473 3303 5513 ac
3351 5458 3712 5528 gehennam.
3767 5459 3856 5516 Si

2163 5526 2324 5602 enim
2347 5527 2633 5602 universo
2655 5528 2920 5602 humano
2947 5526 3150 5600 generi
3190 5527 3263 5583 ob
3295 5526 3556 5585 veterem
3585 5529 3860 5602 lapsum

2162 5599 2448 5680 gehennae
2497 5598 2736 5654 addicto
2783 5598 3025 5680 Mariam
3079 5602 3572 5680 accenseashqni
3624 5598 3880 5675 posset

2164 5670 2297 5744 ipsa
2326 5670 2484 5728 idem
2509 5687 2698 5744 genus
2729 5687 2764 5727 a
2792 5671 3067 5743 gebenna
3095 5687 3403 5744 separasse
3423 5671 3452 5728 ‘2
