4104 6300
445 379 561 445 143

1588 381 1878 445 lSlDORl
1921 379 2684 444 THESSALONICENSIS

3688 381 3790 441 lu

443 517 700 585 rissima,
733 516 1132 589 potentiaeque
1165 521 1279 574 tuae
1301 517 1430 591 jam
1463 518 1658 586 fuerit,
1692 524 1750 574 et
1781 519 2057 588 tristitiae,
2091 534 2208 589 qua
2239 533 2348 573 nos
2378 517 2690 587 afficimur,
2723 516 3031 588 disjecisse
3079 515 3324 587 nubem,
3354 515 3657 589 gratiasque
3684 521 3796 571 tuas

443 607 764 680 gustandas
795 606 967 662 nobis
1006 607 1290 678 praebere.

518 695 634 750 XX.
669 695 811 750 Cum
843 699 1041 750 autem
1074 696 1366 768 ejusmodi
1399 697 1659 769 alloquia
1689 698 2078 770 lacrymarum

2274 697 2353 754 K’.
2391 695 2513 752 Ἐπὶ
2549 693 2607 750 δὲ
2661 697 2726 750 τὶ
2782 699 3009 750 τοιαῦτα
3062 697 3426 770 προσρήματα
3479 690 3700 769 δακρυων
3747 712 3798 746 τε

447 785 604 841 rivos
637 787 1058 856 exprimerent,
1091 787 1189 856 qui
1225 787 1502 843 intimum
1551 788 1881 860 prodebant
1928 788 2093 843 dolo-

447 890 595 938 rem,
629 891 745 945 quo
779 875 956 930 divini
989 892 1292 947 praecones
1341 877 1504 932 intus
1532 877 1879 945 urebantur,
1923 877 2097 932 beata

445 981 682 1036 quoque
713 964 813 1020 illa
845 966 1015 1036 Virgo
1046 965 1349 1036 paululum
1368 983 1574 1021 eorum
1597 983 1658 1020 se
1679 965 1864 1021 dolori
1887 982 2094 1020 conso-

445 1055 640 1124 ciavit,
680 1054 1084 1126 lacrymasque
1133 1057 1323 1111 oculis
1372 1056 1598 1112 effudit.
1661 1059 1733 1110 At
1789 1056 2090 1111 tristitiam

445 1161 584 1200 mox
632 1145 909 1200 vincens:
978 1147 1102 1199 Non
1171 1145 1587 1216 lacrymarum,
1655 1145 1870 1215 inquit,
1935 1161 2093 1199 nunc

441 1238 676 1304 tempus
703 1239 814 1302 est,
846 1250 879 1288 ο
911 1235 1127 1305 egregii
1161 1234 1420 1288 ministri
1453 1235 1791 1289 communis
1821 1233 2092 1288 omnium

443 1323 700 1391 Domini,
749 1339 870 1378 non
901 1339 1078 1378 causa
1108 1323 1300 1378 luctus
1339 1323 1608 1395 migratio
1640 1340 1771 1378 mea
1803 1328 1891 1378 est
1921 1339 1933 1387 ;
1967 1339 2088 1377 non

441 1427 761 1482 provocare
809 1411 882 1466 ad
930 1411 1185 1481 gemitus
1233 1411 1408 1466 debet
1459 1413 1520 1466 in
1569 1413 1747 1468 cmlos
1796 1413 2088 1480 ascensio,

441 1516 637 1571 neque
685 1517 998 1557 maerorem
1031 1518 1240 1573 parere
1283 1501 1356 1556 ad
1389 1504 1724 1558 Creatorem
1758 1503 2087 1573 Filiumque

441 1605 638 1646 meum
663 1590 968 1662 profectio.
1001 1590 1152 1646 Illud
1181 1607 1365 1646 unum
1397 1591 1718 1647 dolendum
1750 1592 1880 1662 fuit,
1903 1591 2089 1646 Judae-

443 1695 611 1734 orum
643 1678 920 1735 adversus
952 1679 1312 1736 Salvatorem
1359 1680 1594 1736 insania
1626 1697 1639 1736 :
1684 1681 1786 1736 illa
1841 1695 2086 1752 prorsus

439 1768 654 1838 tristia,
686 1785 754 1823 ac
782 1774 998 1840 praeter
1028 1769 1116 1824 fas
1146 1785 1322 1824 omne
1353 1787 1421 1824 ac
1454 1769 1665 1841 legem,
1697 1769 1912 1840 quibus
1944 1768 2080 1824 odio

435 1857 662 1928 percita
691 1863 962 1913 creatura
1012 1858 1074 1912 in
1104 1859 1442 1914 Creatorem
1499 1875 1672 1914 suum
1724 1857 2087 1913 debecchata

443 1950 568 2000 est:
603 1946 702 2002 illa
731 1963 874 2003 sane
903 1947 965 2002 in
995 1948 1349 2002 miserrimis
1397 1947 1694 2003 censenda
1724 1931 2087 2018 (Salvatoris)

2203 786 2445 860 ῥεύματα
2499 784 2924 860 προσεζήντλει,
2981 785 3013 840 ἄ
3039 791 3141 853 τῆς
3172 781 3323 839 ἔνδον
3355 784 3550 862 φλογὸς
3601 779 3800 858 ἄγγελος

2197 877 2264 944 ἦν
2292 879 2402 930 τῶν
2437 875 2809 949 θεοκηρύκων,
2835 873 3146 950 συνήλγησε
3204 875 3298 948 μὶν
3355 872 3443 928 ἐπὶ
3498 872 3673 946 μικρὸν
3723 870 3802 925 καὶ

2198 965 2233 1032 ἡ
2292 963 2556 1038 μακαρία,
2611 962 2700 1018 καὶ
2764 964 2995 1037 δάκρυον
3051 962 3312 1033 ἀπὲςταξε
3365 966 3470 1016 τῶν
3517 957 3800 1040 ὀφθαλμῶν·

2197 1052 2456 1127 κρείττων
2519 1050 2574 1107 δὲ
2627 1054 2889 1128 γενομένη
2977 1055 3073 1106 τοῦ
3151 1051 3377 1120 πάθους,
3443 1051 3516 1108 Οὐ
3567 1047 3805 1124 δακρύων,

2197 1142 2387 1218 φησὶν,
2419 1143 2655 1216 ὁπαρών
2686 1142 2898 1217 καιρὸς,
2934 1141 3129 1217 ἀγαθοὶ
3170 1145 3268 1196 τοῦ
3321 1145 3506 1196 κοινοῦ
3563 1137 3804 1194 Δεσπότου

2198 1228 2462 1286 διακονοισ
2523 1232 2584 1286 οὐ
2639 1231 2864 1292 πένθους
2926 1231 3179 1295 ὑπόθεσις
3235 1233 3269 1296 ἡ
3303 1229 3410 1303 ἐμὴ
3479 1229 3808 1304 ’μεράστασιςο

2198 1323 2262 1377 οὐ
2301 1323 2594 1392 ποιητικὸν
2656 1325 2972 1397 στεναγμῶν
3021 1325 3056 1390 η
3110 1321 3248 1396 πρὸς
3304 1320 3558 1394 οὐρανοὺς
3613 1315 3806 1376 ἄνοδος·

2200 1410 2262 1466 οὗ
2303 1413 2599 1490 κατηφείας
2629 1411 2802 1467 αἶ’τιον
2835 1415 2869 1481 ἡ
2933 1411 3070 1486 πρὸς
3126 1406 3218 1465 τόν
3281 1409 3518 1477 Κτίστην
3571 1408 3656 1463 κσὶ
3713 1407 3814 1460 υἱὸν

2193 1500 2330 1572 ἐμὸν
2356 1501 2734 1579 ἀναχώρησις.
2769 1501 2977 1558 Ἐκεῖνο
3013 1501 3179 1574 μόνον
3206 1503 3314 1554 τῶν
3372 1500 3698 1572 σκυθρωπῶν
3749 1493 3806 1563 ἦν

2194 1591 2229 1658 ἦ
2291 1590 2414 1664 περὶ
2463 1590 2555 1644 τὸν
2617 1591 2850 1660 Σωτῆρα
2905 1589 3162 1664 παροινία
3218 1593 3328 1644 τῶν
3383 1585 3674 1645 Ἰουδαίωνδ
3754 1583 3814 1638 τὰ

2193 1677 2416 1755 ἀλγεινὰ
2443 1679 2638 1750 ἐκεῖνα,
2669 1679 2759 1734 καὶ
2791 1675 2946 1749 δίκης
2989 1675 3090 1749 ἔξω
3137 1679 3227 1734 καὶ
3282 1680 3492 1752 νόμων,
3558 1678 3647 1732 οἷα
3696 1671 3818 1730 κατᾶ

2188 1771 2292 1822 τοῦ
2359 1767 2613 1824 Πλάστου
2695 1768 2758 1822 τὸ
2852 1767 3089 1842 ἀπεχοὲς
3161 1763 3517 1842 ἐξεϐάκχευσε
3590 1763 3818 1837 πλάσμα.

2195 1854 2369 1910 ἐκεῖνο
2423 1860 2530 1911 τῶν
2593 1855 2798 1934 σφόδρα
2847 1857 3107 1932 ἀνιαρῶν,
3163 1859 3198 1925 ἡ
3256 1857 3560 1933 γύμνωσις,
3617 1856 3650 1923 ἡ
3683 1851 3825 1925 στρὲ-

2195 1940 2428 2018 6λωσις,
2487 1947 2541 2000 αἱ
2603 1947 2882 2020 μάστιγες,
2943 1947 2994 2001 οἱ
3052 1944 3382 2020 ἐμπαιγμοὶ,
3439 1945 3530 2000 καὶ
3577 1936 3818 2006 τέλος,ὢ

442 2037 785 2106 denudatio,
836 2044 1084 2105 tortura,
1129 2039 1332 2109 ﬂagra,
1383 2037 1662 2105 ludibria,
1716 2055 1783 2094 ac
1828 2037 2078 2107 denique

2197 2041 2258 2109 γῆ
2292 2034 2382 2088 καὶ
2430 2032 2604 2104 ἢλιεί
2667 2035 2696 2089 ὁ
2735 2033 3190 2096 ἀπευκταιότατος
3245 2033 3496 2096 θάνατος.
3559 2036 3666 2088 Ποῦ
3709 2028 3819 2096 δὶή

446 2143 480 2180 o
513 2131 670 2182 terra
700 2131 758 2180 et
787 2127 914 2181 soIl
951 2144 1109 2182 mors
1159 2127 1428 2182 omnium
1459 2128 1785 2182 teterrima.
1837 2126 2087 2181 Ubinam

454 2233 590 2271 vero
621 2217 842 2289 injuria
872 2218 942 2271 iis
973 2217 1180 2273 illata?
1211 2218 1366 2273 Nihil
1398 2235 1540 2274 sane
1571 2225 1711 2274 tunc
1732 2217 2092 2286 habuerunt,

456 2308 614 2381 quod
668 2315 1093 2378 quererentur;
1145 2313 1204 2364 et
1248 2309 1674 2364 beneficiorum
1723 2307 1992 2364 cumulus
2031 2324 2098 2361 ac

451 2401 923 2470 perpetratorum
938 2397 1346 2455 miraculorum
1361 2401 1488 2454 novi
1499 2405 1586 2455 tas
1599 2399 1860 2455 animum
1874 2413 2100 2460 eorum,

459 2492 594 2542 utut
621 2487 1051 2559 pravissimum,
1083 2488 1155 2544 ad
1185 2489 1665 2546 emendationem
1691 2487 2104 2562 provocabant.

2199 2119 2400 2198 ὕϐριςς
2442 2126 2608 2187 Ἔνθα
2653 2120 2821 2196 μηδὲν
2881 2125 3010 2196 μήτ’
3058 2121 3305 2198 ἐγκαλεῖν
3368 2124 3546 2202 εἶχον·
3596 2121 3683 2176 καὶ
3728 2123 3823 2173 τῶν

2205 2213 2524 2289 εὐεργεσιῶν
2579 2215 2614 2283 ἡ
2668 2211 2906 2284 πληθὺς,
2963 2213 3054 2268 καὶ
3111 2215 3285 2282 ἡτῶν
3317 2213 3566 2288 σημείων
3597 2230 3829 2266 καινοτο-

2214 2305 2334 2376 μία,
2365 2301 2462 2357 κᾶν
2502 2304 2603 2372 τήν
2634 2301 3013 2376 πονηροτάτην
3071 2301 3547 2376 ἐπηνωρθώσαντο
3602 2301 3838 2377 γνώμην.

2215 2391 2288 2446 Γᾶ
2318 2389 2376 2446 δὲ
2409 2392 2525 2464 μετ’
2553 2389 2730 2446 ἐκεῖνα
2756 2391 2845 2446 καὶ
2874 2389 2999 2466 περί
3027 2393 3176 2464 ἡμᾶς
3208 2389 3381 2446 πάντα
3433 2391 3604 2466 χαρὰ,
3659 2386 3845 2458 ἡδονή,

2215 2483 2424 2554 τέρψις,
2457 2481 2641 2554 ἐορτὴ,
2670 2478 2836 2550 λευκή
2869 2500 2954 2542 τις
2985 2481 3184 2554 ἡμέρα.

445 2577 584 2642 Quae
613 2593 790 2648 porro
817 2577 1131 2634 subsecuta
1161 2583 1299 2634 sunt
1327 2580 1507 2634 etiam
1539 2579 1735 2650 quoad
1765 2595 1894 2646 nos,
1926 2575 2130 2632 omnia
2158 2571 2460 2644 gaudium,
2502 2570 2880 2644 voluptatem,
2907 2571 3370 2642 jucunditatem,
3403 2572 3676 2640 lmtitam,
3709 2583 3856 2624 sere-

446 2683 590 2723 num
623 2667 940 2738 quemdam
973 2668 1129 2723 diem
1162 2669 1398 2724 habent.

513 2755 664 2820 Quid
723 2756 930 2811 enim?
985 2759 1196 2812 Annon
1256 2761 1493 2813 sanctos
1553 2755 1794 2828 angelos
1848 2754 2092 2811 cernitis

445 2859 606 2900 nunc
634 2844 1324 2915 alacriteradvenientes,
1351 2852 1410 2902 et
1438 2846 1638 2902 laetum
1663 2846 1806 2917 quid
1827 2843 2090 2914 undique

447 2933 833 3004 explicantes,
853 2951 968 3005 quo
999 2940 1060 2989 et
1087 2934 1555 3004 dulcedinem,et
1575 2934 2093 3006 benignitatem,et

440 3021 746 3076 lenitatem
777 3039 898 3093 praa
930 3027 1118 3078 semet
1145 3023 1365 3091 ferunt,
1413 3025 1626 3094 hisque
1659 3018 1769 3078 nos
1811 3021 2088 3077 suaviter.

443 3109 848 3179 alloquuntur,
891 3117 949 3165 et
999 3112 1206 3184 ingens
1236 3112 1400 3184 quid,
1459 3129 1656 3168 meum
1705 3126 1922 3181 nempe
1951 3110 2090 3164 hinc

444 3195 771 3252 discessum
794 3199 1103 3254 nuntiant?
1127 3203 1339 3255 Annon
1362 3202 1661 3272 justorum
1679 3199 1888 3254 videtis
1919 3214 2088 3253 exer-

2271 2755 2293 2772 ’
2323 2753 2368 2808 ΙΙ
2401 2746 2510 2825 οὺχ
2539 2750 2698 2824 ὁρᾶτε
2739 2753 2831 2803 νῦν
2888 2746 3154 2826 φαιδροὺς
3205 2747 3339 2812 τοὺς
3387 2751 3576 2823 ἱεροῦ)
3626 2765 3855 2822 παραγι-

2197 2839 2456 2912 νομένους
2495 2837 2786 2916 ἀγγέλους,
2828 2837 2919 2893 καὶ
2968 2836 3326 2913 πολλαχόθεν
3372 2841 3441 2895 τὸ
3493 2839 3690 2915 χάριεν
3745 2835 3852 2890 ἐπι-

2201 2927 2600 3004 δεικνυμένους,
2633 2927 2704 2984 δι’
2734 2929 2809 2983 ὧν
2839 2949 2899 2984 τε
2928 2930 2962 2998 ἡ
2993 2927 3269 3003 γλυκύτης
3299 2929 3396 2984 καὶ
3456 2932 3526 2985 τὸ
3587 2925 3852 3003 προσηνὲς

2197 3019 2380 3081 αὐτοῖς
2435 3017 2757 3088 ἐπικάθηται
2815 3017 2906 3073 καὶ
2971 3022 3164 3093 πρᾶον,
3215 3019 3307 3073 καὶ
3361 3015 3436 3074 δι’
3471 3020 3549 3075 ὧν
3575 3021 3714 3091 ἡμῖν
3757 3013 3856 3086 ἡδὺ

2197 3105 2597 3184 προσλαλοῦσι,
2628 3107 2718 3163 καὶ
2749 3108 2892 3182 ἱερὸν
2924 3129 2976 3162 τι
3000 3114 3195 3183 χρῆμα
3252 3110 3354 3178 τήν
3421 3105 3701 3183 ἐκδημίαν
3763 3125 3861 3179 μη-

2195 3197 2412 3252 νύουσιν
2442 3218 2457 3270 ;
2489 3197 2612 3273 Οὐχ
2643 3197 2802 3271 ὁρᾶτε
2831 3197 3082 3272 στρατιὰν
3138 3201 3246 3252 τῶν
3303 3194 3574 3266 δικαίων,
3633 3194 3861 3269 λαμπρὰ

443 3287 970 3358 citum,splendore
988 3288 1483 3352 circumamictos,
1499 3306 1566 3345 ac
1583 3289 1760 3344 veluti
1784 3288 2078 3356 salientes,

2197 3282 2702 3362 περιϐεϐλημένην,
2733 3286 2824 3342 καὶ
2873 3287 2986 3341 οἷον
3045 3290 3380 3361 σκιρτῶσαν,
3444 3285 3858 3364 ἀγαλλομενην,

443 3375 1022 3445 exsultantes,amice
1036 3377 2088 3449 alloquentes,meamquedissolutio-

443 3481 583 3520 nem
605 3466 1056 3538 exspectantes?
1089 3467 1250 3523 Haud
1275 3473 1743 3523 consentaneum
1767 3473 1856 3522 est
1885 3467 2082 3538 igitur,

443 3571 477 3610 a
506 3556 900 3626 prmsentibus
947 3563 1004 3612 et
1049 3559 1274 3630 angelis
1323 3564 1382 3613 et
1425 3559 1648 3614 sanctis
1691 3558 1931 3614 dissona
1977 3573 2080 3613 seu

441 3645 660 3700 sentire
691 3662 797 3700 seu
817 3661 1119 3718 peragere,
1141 3651 1241 3701 aut
1255 3647 1436 3702 flendi
1455 3663 1523 3702 ac
1548 3645 1913 3702 lamentandi
1937 3652 2080 3701 tem-

436 3750 548 3805 pus
577 3749 818 3789 censere
851 3739 989 3790 tunc
1018 3735 1246 3804 adesse,
1280 3753 1508 3807 quanco
1553 3736 1821 3792 caelestes
1870 3751 2078 3791 omnes

433 3822 611 3878 simul
643 3839 776 3879 cum
799 3825 1072 3880 Creatore
1105 3824 1370 3881 laetitiam
1393 3831 1571 3898 agunt
1596 3841 1608 3892 ;
1633 3841 1826 3896 neque
1857 3841 1966 3897 par
1987 3829 2078 3880 est

425 3911 705 3984 lugubres
728 3919 935 3968 cantus
955 3915 1254 3985 persequi,
1280 3914 1516 3985 quando
1537 3914 1756 3970 festum
1778 3931 1911 3968 cum
1933 3929 2070 3986 gau-

428 3999 525 4055 dio
547 3999 965 4056 celebrandum
988 4009 1096 4056 est.
1123 4002 1289 4057 Haud
1319 4019 1556 4074 mquum
1580 4008 1687 4069 est,
1721 4003 1846 4057 haac
1867 4002 2071 4073 quovis

424 4087 635 4158 plausu
656 4094 832 4158 atque
855 4090 1248 4145 exsultatione
1263 4091 2070 4162 splendidioralacrymarum

426 4176 714 4230 effusione
759 4176 1127 4243 obnubilare,
1180 4195 1376 4250 neque
1422 4179 1534 4234 vile
1575 4179 1718 4250 quid
1761 4196 1829 4234 ac
1878 4180 2072 4234 tristia

423 4269 625 4320 mente
674 4265 893 4337 agitare
937 4271 1040 4322 aut
1082 4266 1244 4338 loqui
1298 4269 1586 4341 congruit,
1639 4268 1780 4324 dum
1838 4269 2068 4324 ratione

423 4355 708 4412 ineffabili
743 4362 801 4412 et
831 4374 960 4428 quae
989 4359 1171 4413 Deum
1203 4359 1426 4425 deceat,
1474 4377 1632 4415 nunc
1678 4375 1912 4431 quoque
1940 4359 2068 4432 ipse

422 4448 595 4504 nobis
625 4465 889 4521 prmsens
909 4449 1108 4504 cumin
1127 4467 1374 4506 numero
1393 4451 1706 4522 spirituum
1739 4451 2066 4506 cmlestium

425 4538 689 4594 exercitu
717 4538 960 4594 Creator
979 4537 1164 4602 adest,
1198 4545 1262 4594 ut
1293 4539 1458 4604 mihi,
1492 4544 1551 4594 et
1579 4539 1818 4611 quidem
1849 4541 2064 4598 iterum

2197 3379 2420 3454 θυμήρη
2452 3375 2998 3456 προσφφεγγομένην,
3030 3377 3119 3431 καὶ
3148 3377 3248 3446 τήν
3277 3374 3431 3450 ἐμήν
3494 3375 3870 3452 ἐκδεχομένην

2194 3465 2452 3522 ἀνάλυσιν
2487 3485 2500 3535 ;
2531 3467 2650 3523 Οὐκ
2680 3462 2780 3540 ἄρα
2799 3466 3051 3520 τάναντία
3099 3466 3190 3520 καὶ
3236 3472 3474 3542 φρονεῖν
3533 3467 3633 3522 καὶ
3691 3465 3862 3520 ποιεῖν

2191 3560 2298 3610 τῶν
2345 3556 2662 3632 ἐφεστώτων
2720 3553 2810 3608 καὶ
2872 3551 3112 3630 ἀγγέλων
3170 3553 3259 3608 καὶ
3309 3555 3502 3631 ἁγίων
3568 3561 3867 3631 προσῆκεν,

2191 3645 2253 3698 οὗ
2302 3641 2606 3722 τραγῳδίας
2695 3642 2883 3718 καιρὸν
2958 3644 3198 3698 τίθεσθαι
3256 3644 3352 3698 καὶ
3419 3642 3722 3720 ὀδυρμῶν,
3782 3641 3868 3696 ’ὀτε

2188 3734 2480 3814 συγχαίρει
2545 3739 2626 3807 τῷ
2674 3730 2889 3806 Ηλέστῃ
2955 3733 3022 3788 τὰ
3092 3733 3472 3808 ὑπερκόσμια·
3563 3737 3704 3810 οὐχ,
3791 3731 3878 3786 ὅτε

2185 3823 2572 3900 πανηγυρίζειν
2645 3817 2754 3878 ἔδει
2857 3821 3199 3901 χαρμόσυνα,
3341 3825 3629 3893 πενθικὴν
3729 3817 3876 3893 ᾠδήν

2187 3907 2593 3978 ἀναϐάλλεαθαι
2627 3913 2761 3987 χρή.
2795 3912 2873 3969 Οὐ
2903 3911 2969 3966 τὰ
3023 3911 3226 3985 κρότου
3283 3912 3515 3976 παντὸς
3579 3913 3678 3968 καὶ
3729 3928 3880 3982 σκιρο

2179 4003 2445 4076 τημάτων
2507 3999 2867 4076 λαμπρότερα
2934 4000 3158 4076 ἐκχύσει
3257 4003 3505 4074 θρήνων
3589 4000 3876 4074 ἀμαυροῦν

2182 4090 2347 4166 ἄξιον·
2425 4091 2525 4148 οὐκ
2591 4091 2815 4168 ἀῤῥήτω
2879 4092 3092 4166 τρόπῳ,
3157 4090 3249 4146 καὶ
3273 4091 3392 4166 οἳῳ
3431 4097 3566 4166 Θεῷ
3609 4097 3885 4170 προσῆκε,

2178 4185 2275 4238 τοῦ
2316 4180 2552 4238 Κτίστου
2607 4180 2698 4236 καὶ
2750 4184 2838 4235 νῦν
2892 4181 3030 4253 ἡμῖν
3088 4177 3422 4237 ἐπιστάντος
3496 4183 3628 4255 μεθ’
3684 4182 3884 4254 ὑπερα-

2177 4270 2365 4343 πείρου
2423 4275 2673 4346 στρατιᾶς
2727 4268 3055 4342 νοουμένης,
3113 4269 3188 4331 ὡς
3247 4265 3307 4322 ἄν
3381 4292 3493 4344 μοι
3558 4271 3666 4328 καὶ
3709 4271 3890 4337 αὖθις,

2177 4361 2268 4415 οἷα
2313 4357 2556 4430 δυνατὸς,
2615 4364 2792 4433 χαρᾶς
2861 4357 3121 4434 μεγαλεῖα
3167 4359 3422 4434 ποιήσῃ,
3498 4362 3780 4418 ταπεινόν
3838 4377 3888 4412 τι

2175 4450 2264 4505 καὶ
2302 4453 2480 4505 ταῦτα.
2521 4453 2634 4504 τῶν
2689 4445 2983 4502 ἐπωδύνων
3044 4451 3192 4502 νοοῖν
3251 4444 3288 4516 ἤ
3347 4449 3730 4528 φθέγγεσθαι
3787 4443 3895 4503 δεῖ·

2174 4536 2512 4613 ἀγάλλεσθαι
2539 4535 2596 4592 δὲ
2649 4535 2899 4610 μᾶλλον,
2957 4534 3048 4591 καὶ
3109 4537 3404 4608 μουσικῶς
3437 4539 3770 4612 τερετίζειν
3801 4534 3896 4592 εὖ·

421 4628 615 4698 prouti
633 4633 842 4701 potens
857 4627 1252 4701 est,gaudium
1274 4629 1858 4701 magnificentissime
1872 4632 2065 4686 confe-

2197 4628 2410 4702 ›ρόσυνα
2439 4625 2668 4682 δίκαιονο
2701 4627 2788 4682 ὃτι
2818 4631 2908 4682 καί
2954 4625 3061 4680 ἄπὸ
3089 4630 3187 4680 τοῦ
3235 4629 3331 4680 νῦν
3399 4628 3465 4682 αἱ
3533 4629 3737 4706 γενεαὶ
3800 4628 3905 4681 πὶ·

419 4722 544 4784 rat;
577 4718 694 4773 imo
721 4735 855 4774 vero
887 4719 1183 4775 exsultare
1225 4719 1480 4791 expedit,
1515 4724 1572 4773 et
1619 4719 1769 4775 laetis
1801 4719 2060 4776 modulis

423 4805 655 4861 cantica
708 4809 1090 4878 permiscere,
1152 4809 1635 4881 quandoquidem
1693 4815 1752 4865 et
1801 4828 1870 4866 ea:
1915 4827 2061 4866 nunc

420 4899 797 4963 generationes
845 4915 1026 4954 omnes
1065 4916 1148 4954 me
1194 4900 1406 4956 beatam
1443 4900 1625 4955 dicent
1657 4899 1722 4968 1⁸,
1774 4905 1833 4954 et
1881 4917 2060 4973 ange-

414 4983 609 5039 lorum
641 4985 958 5042 multitudo
1007 5005 1141 5043 cum
1187 4989 1539 5044 sublimibus
1594 4989 1835 5060 hymnis
1883 5007 2060 5046 causa

412 5071 601 5126 nostri
645 5072 850 5143 utique
895 5073 1283 5131 exsultatione
1333 5078 1565 5148 gestiet,
1621 5082 1677 5130 et
1726 5075 2057 5132 humanum

412 5162 541 5233 pari
564 5163 740 5219 modo
757 5179 941 5235 genus
962 5166 1338 5237 congaudens
1351 5168 1584 5223 sonoris
1602 5167 1839 5222 vocibus
1852 5167 2056 5225 laudes

409 5266 573 5307 meas
586 5251 899 5323 praacelsas
921 5252 1258 5309 celebrabit.
1283 5255 1448 5320 Quod
1463 5257 1510 5310 si
1527 5255 1716 5324 vobis,
1741 5274 1774 5311 ο
1793 5257 2053 5314 Creatori

405 5340 1060 5412 conjudices,discessio
1086 5359 1218 5398 mea
1241 5344 1383 5414 quid
1409 5345 1574 5401 triste
1594 5345 1766 5402 modo
1787 5346 2050 5415 videtur;

405 5433 468 5484 at
486 5427 560 5484 ad
581 5428 817 5486 brevem
849 5430 1078 5499 horam,
1113 5433 1329 5504 quippe
1362 5433 1461 5504 qui
1484 5433 1674 5490 adhuc
1706 5434 1821 5507 legi
1853 5437 2054 5492 carnis

403 5517 666 5589 obnoxii,
698 5519 810 5576 hoc
842 5519 1250 5588 sustinebitis;
1283 5521 1460 5594 paulo
1509 5528 1644 5594 post
1672 5540 1826 5594 vero,
1871 5527 2051 5581 etiam

471 5671 517 5710 "
545 5673 664 5733 Luc
692 5691 733 5748 ι,
771 5674 862 5732 48.

2172 4739 2258 4774 σαι
2295 4717 2623 4792 μακαριοῦσι
2659 4736 2749 4790 με,
2779 4717 2866 4770 καὶ
2897 4713 3034 4770 νόων
3072 4715 3168 4788 μὲν
3201 4713 3444 4785 πληθὺς
3485 4720 3598 4774 σὺν
3657 4719 3908 4792 ᾅσμασιν

2174 4807 2411 4882 ὑψηλοῖς
2499 4807 2628 4881 ὑπὲρ
2721 4807 2885 4879 ἡμῶν
2977 4806 3279 4880 σκιρτήσει,
3367 4806 3754 4885 ἀνθρωπίνη
3840 4803 3904 4860 δὶ

2167 4896 2390 4973 γλῶττα
2425 4895 2635 4972 μεγάλα
2683 4895 2894 4969 ὁμοίως
2951 4895 3158 4970 ἠχήσει
3217 4893 3512 4971 ἐγκώμια
3587 4899 3908 4976 χαίρουσα.

2169 4987 2234 5044 Εἴ
2264 4986 2311 5042 δ’
2342 4987 2494 5059 ὑμῖν,
2521 4985 2566 5040 ὦ
2596 4983 2942 5041 συνδικασταὶ
2969 4989 3067 5040 τοῦ
3123 4983 3428 5056 Πλάστου,
3499 4994 3614 5045 νῦν
3671 4986 3911 5063 ἀνιαρὸν

2165 5079 2200 5146 ἡ
2234 5075 2592 5151 ἀναχώρησις
2627 5071 2798 5141 δοκεῖ,
2831 5071 2961 5129 ἀλλ’
2992 5071 3080 5128 ἐπὶ
3133 5073 3341 5148 μικρὸν
3381 5081 3613 5145 τοῦτο,
3684 5079 3770 5142 ὡς
3833 5070 3918 5130 ἔτι

2166 5170 2245 5238 τῷ
2280 5172 2380 5234 τῆς
2409 5165 2606 5238 σαρκὸς
2636 5161 2845 5219 εἷ’κουσι
2876 5160 3051 5238 νόμῳ·
3088 5161 3224 5236 μετᾶ
3271 5162 3499 5241 βραχὺ
3563 5165 3655 5237 δὲ,
3727 5169 3914 5240 μήπω

2165 5256 2374 5322 καὶτῆς
2401 5257 2504 5329 γῆς
2537 5254 2844 5323 ἐκστάντες,
2903 5251 3066 5325 πείρᾳ
3115 5251 3180 5308 τὸ
3237 5256 3350 5320 τῆς
3409 5263 3636 5332 χαρᾶς
3703 5255 3930 5314 εἴσεσθε

2168 5345 2414 5420 μέγεθοςο
2474 5343 2563 5398 καὶ
2617 5343 2715 5411 τήν
2774 5341 3006 5397 ἐντεῦθεν
3073 5339 3447 5418 εὐφροσύνην
3544 5348 3656 5402 καὶ
3692 5345 3924 5402 καλλο-

2161 5435 2283 5502 νὴν,
2339 5433 2431 5488 καὶ
2486 5433 2549 5488 τὸ
2609 5431 2750 5510 μέγα
2815 5437 2915 5502 τῆς
2980 5428 3222 5502 ἀληθοῦς
3279 5427 3550 5504 ἡδονῆς
3628 5435 3934 5510 πὲλαγος,

2162 5522 2406 5599 ἐξυμνεῖν
2461 5521 2572 5602 οὐχ
2629 5520 2735 5578 οἷοί
2784 5542 2844 5577 τε
2909 5516 3111 5586 ἔσεσθε.
3169 5515 3333 5578 ’Δλλ’
3383 5521 3562 5601 ὣρα,
3603 5528 3821 5610 φίλοι,
3860 5527 3933 5599 τῇ
