4104 6300
310 333 402 398 145

1303 334 1576 397 SERMO
1615 334 1690 396 IN
1737 333 2309 399 DORMlTIONEM
2351 339 2423 398 B.
2468 340 2541 400 V.
2586 337 2886 402 MARIE.

3654 334 3769 399 146

317 472 395 522 τοῦ
466 472 879 544 Δημιουργοῦ
959 464 1341 542 λειτουργῆσαι
1418 465 1705 543 ψήφῳ-καὶ
1760 466 1823 521 τὸ
1903 467 1995 539 μὲν

2115 468 2187 524 ab
2214 471 2324 526 hac
2351 476 2507 527 terra
2527 473 2795 528 nondum
2817 473 3058 545 egressi,
3083 471 3537 545 amplitudinem
3560 473 3762 545 gaudii

326 556 437 629 ἐμὸν
493 559 666 630 ὑμεῖς
721 562 906 628 σῶμα
965 554 1054 609 καὶ
1101 552 1421 626 κηδεύσατε,
1478 555 1568 609 καὶ
1625 554 2002 629 συγκαλύψατε

340 647 485 719 τάφῳ·
544 649 576 702 ὁ
639 643 708 701 δὲ
765 646 1039 717 Πλάστης
1068 644 1157 700 καὶ
1218 645 1342 707 Υἱὸς
1385 644 1517 718 ἐμὸς
1550 646 1864 720 θεοπρεπῶς
1895 665 2007 699 πα·-

344 735 632 811 ραλήψεται
670 736 742 791 τὸ
776 740 1026 808 πνεῦμα.

2123 560 2376 630 experiri
2424 562 2742 632 incipietis,
2793 561 3180 633 laetitiamque
3238 579 3305 618 ac
3352 563 3763 633 praestantiam

2120 654 2298 720 atque
2344 650 2703 706 immensum
2753 667 2875 706 non
2924 667 3084 706 vanis
3134 651 3452 723 voluptatis
3497 653 3738 726 pelagus

2119 739 2277 809 quod
2296 740 2508 795 exinde
2527 746 3059 812 consequetur,nec
3073 741 3371 796 celebrare
3391 741 3633 811 quidem
3650 759 3757 814 pro

345 829 535 884 merito
568 834 665 883 sat
698 827 1009 882 valebitis.
1038 826 1149 881 Sed
1202 825 1329 897 jam
1376 826 1523 881 hora
1566 829 1671 895 est,
1706 842 1739 879 ο
1797 824 2017 894 dilecti,
2045 829 2334 883 Creatoris
2389 845 2597 900 parere
2654 830 2980 896 voluntati;
3014 835 3073 884 et
3113 846 3214 883 vos
3272 830 3515 900 quidem
3546 848 3758 903 corpus

353 935 534 974 meum
566 923 626 975 et
655 916 976 984 curabitis,
1009 932 1075 970 ac
1101 915 1376 988 sepulcro
1400 915 1769 980 recondetis;
1801 916 2077 987 spiritum
2108 933 2243 971 vero
2273 917 2513 972 Creator
2542 936 2608 974 ac
2639 919 2820 973 Filius
2848 936 3016 973 meus
3048 918 3327 974 divinitus
3358 919 3631 989 excipiet.

409 1010 532 1063 KA‘.
591 1005 721 1062 Ἐπὶ
781 1004 1008 1065 τούτοις
1072 1003 1332 1081 εὐλογίας
1365 1002 1548 1065 αὐτοῖς
1621 1006 1657 1072 ἡ
1733 1003 1999 1079 πάναγνος

357 1094 671 1170 μεταδίδωσι
702 1097 795 1150 καὶ
826 1097 926 1157 τὰς
960 1094 1138 1170 ψύχᾶς
1185 1094 1261 1156 εἰς
1308 1094 1372 1149 τὸ
1418 1095 1607 1173 χάριεν
1658 1093 1996 1167 μετατίθησιο

354 1188 473 1241 πᾶσί
532 1207 589 1240 τε
642 1184 872 1258 εἰρήνην
948 1182 1238 1259 ἐπεύχεται
1293 1183 1386 1237 καὶ
1440 1184 1508 1237 τὰ
1574 1185 1838 1256 σωτήρια·
1907 1182 1997 1237 καὶ

352 1274 481 1348 μετὰ
522 1278 690 1329 τοῦτο
741 1271 934 1327 λύεται
994 1271 1085 1345 μὶν
1139 1273 1175 1340 ἡ
1233 1272 1465 1346 παναγία
1513 1272 1665 1346 ψυχή
1697 1276 1794 1326 τοῦ
1824 1292 1997 1325 πανα-

340 1364 597 1439 γεστάτου
650 1364 908 1435 σώματος
966 1360 1187 1433 ἐκείνου,
1244 1365 1363 1423 ταῖς
1409 1357 1467 1415 δὲ
1509 1364 1607 1415 τοῦ
1670 1364 1994 1434 μονογενοῦς

337 1452 506 1523 αὐτῆς
535 1454 624 1507 καὶ
649 1450 1091 1524 παντοκράτορος
1122 1448 1378 1505 ἐντίθεται
1410 1451 1622 1529 χερσίν.

404 1542 504 1599 Ἦν
538 1539 628 1596 οὖν
662 1538 795 1596 ἰδεῖν
827 1539 991 1604 εὐθὺς
1030 1540 1096 1594 τὰ
1147 1544 1257 1594 τῶν
1308 1539 1656 1614 θεοκηρύκων
1712 1538 1824 1593 ὦτα
1854 1537 1991 1594 ἐκεί--

314 1654 428 1688 νων
463 1633 654 1705 ὕμνων
704 1629 963 1707 ἀρρήτων
1018 1628 1262 1704 ἀοράτως
1331 1626 1715 1704 πληρούμενα.
1752 1628 1851 1682 Καὶ
1883 1628 1987 1704 γὰρ

316 1725 385 1791 ἦν
446 1722 475 1775 ὀ
540 1721 711 1793 μέσον
770 1719 1013 1793 οὐρανοῦ
1064 1718 1152 1772 καὶ
1212 1723 1319 1792 γῆς
1375 1720 1563 1791 χῶρος
1613 1716 1987 1793 ἀγιοπρεποῦς

318 1812 463 1872 ἅπας
498 1806 792 1885 συλλόγου
846 1806 1057 1883 γέμων,
1107 1806 1161 1862 οἳ
1211 1808 1301 1861 καὶ
1347 1810 1428 1878 τῷ
1478 1800 1721 1880 Δεσπότῃ
1762 1806 1981 1883 φέροντι

312 1901 418 1969 τήν
483 1898 633 1954 Θείαν
709 1895 916 1966 ἐκείνην
974 1897 1157 1970 ψυχὴν
1226 1893 1512 1968 συνῄεσαν,
1571 1895 1689 1968 ἰερά
1741 1893 1977 1968 ᾅσματα,

314 1988 492 2066 λόγου
539 1987 798 2062 κρείττω,
849 1986 941 2041 καὶ
995 1984 1159 2058 μέλος
1198 1984 1508 2060 ἐλέγχοντα
1554 1991 1679 2052 πᾶν,
1711 1987 1779 2057 τῇ
1833 1990 1978 2039 Παν-

308 2080 542 2151 αμώμῳ
598 2078 690 2131 καὶ
752 2076 935 2150 Μητρὶ
1006 2079 1104 2130 τοῦ
1161 2079 1295 2130 Θεοῦ
1352 2075 1534 2150 Λόγου
1591 2071 1977 2147 προσᾲδοντες.

300 2170 594 2232 Ἐντεῦθεν
647 2167 704 2220 αἱ
760 2166 1033 2241 γνώριμοι
1092 2168 1200 2219 τῶν
1252 2162 1507 2236 ᾀσμάτων
1566 2163 1785 2218 ἐκείνων
1820 2164 1978 2219 ἀκοαὶ

298 2256 524 2327 ἡδονὴν
602 2253 889 2330 ἐδέχοντο,
948 2255 1221 2329 ἂγιασμοῦ
1283 2250 1520 2327 πλήρεις
1572 2252 1831 2328 ἐγίνοντο,
1886 2253 1978 2307 καὶ

302 2345 497 2403 οὓκέτ⁷
544 2344 689 2421 ἄγειν
754 2344 909 2418 εἶχον
968 2341 1202 2416 σχολήν
1263 2339 1530 2396 διανίσθαι
1590 2339 1646 2396 δὲ
1700 2341 1795 2404 τὰς
1845 2341 1976 2396 ὲαῦ-

302 2441 420 2490 τῶν
500 2434 682 2509 ψυχάς
760 2433 812 2486 οἱ
888 2429 1192 2486 ἀπόστολοι
1266 2430 1686 2505 παρεσκεύαζον,
1745 2434 1864 2491 τοῖς
1919 2450 1978 2485 τε

300 2522 514 2584 ἆΰλοις
541 2523 781 2586 κάτωθεν
833 2518 1104 2591 συνᾴδειν,
1153 2519 1480 2589 κατάλληλά
1507 2539 1566 2574 τε
1594 2523 1711 2581 τοῖς
1742 2519 1977 2590 νοουμέ⁹

304 2633 461 2678 νοις,
521 2613 594 2674 ὡς
650 2610 903 2677 δυνατὸν,
963 2609 1055 2664 καὶ
1130 2607 1492 2684 προσπλέκειν
1549 2608 1639 2663 καὶ
1700 2607 1976 2682 συμφθεγ-

316 2702 543 2775 γεσθαι,
575 2700 797 2772 μελέτην
821 2699 1081 2754 ἐτίθεντο.

2183 1009 2324 1063 XXI.
2350 1011 2487 1063 Post
2516 1010 2643 1065 haec
2673 1009 3154 1065 benedictionem
3198 1010 3283 1065 eis
3310 1011 3629 1081 purissima
3658 1011 3758 1067 illa

2111 1097 2395 1168 impertit,
2417 1114 2849 1168 maeroremque
2869 1114 3073 1154 eorum
3093 1097 3155 1152 in
3176 1097 3437 1153 Iustitiam
3460 1104 3755 1155 transmu-

2109 1190 2212 1250 tat,
2246 1190 2303 1241 et
2334 1186 2608 1241 omnibus
2636 1203 2844 1258 pacem
2884 1191 3161 1257 precatur
3188 1202 3256 1240 ac
3303 1186 3576 1242 salutem.
3605 1189 3753 1244 Tum

2104 1288 2241 1327 vero
2290 1290 2324 1327 a
2378 1275 2777 1328 sacratissimo
2822 1273 2922 1329 illo
2968 1290 3213 1345 corpore
3263 1273 3511 1329 solvitur
3551 1275 3753 1331 anima

2104 1361 2499 1426 sanctissima,
2527 1368 2701 1433 atque
2733 1362 3022 1434 unigeniti
3076 1368 3133 1417 et
3162 1363 3587 1434 omnipotentis
3619 1364 3748 1436 ejus

2102 1452 2232 1506 Filii
2264 1453 2539 1508 manibus
2571 1455 2881 1524 excipitur.

2172 1542 2337 1597 Ilicet
2364 1559 2502 1615 ergo
2535 1559 2777 1599 cernere
2803 1548 2930 1599 erat
2959 1544 3297 1600 divinorum
3327 1545 3563 1601 illorum
3592 1564 3747 1618 prae-

2099 1647 2314 1686 conum
2359 1648 2531 1687 aures
2578 1633 3079 1687 inenarrabilibus
3131 1634 3405 1689 melodiis
3458 1635 3743 1692 invisibili

2096 1722 2273 1776 modo
2320 1727 2632 1776 recreatas.
2682 1723 2979 1786 Quantum
3027 1722 3187 1777 enim
3229 1723 3441 1778 ccelum
3487 1724 3644 1779 inter
3673 1743 3742 1781 ac

2095 1813 2313 1864 terram
2341 1810 2603 1865 medium
2626 1810 2883 1882 spatium
2906 1811 3239 1882 interjacet,
3263 1816 3450 1866 totum
3482 1812 3740 1884 splendi-

2089 1898 2162 1954 do
2189 1900 2501 1955 tenebatur
2549 1905 2889 1955 sanctorum
2937 1900 3191 1972 agmine,
3225 1901 3327 1971 qui
3376 1901 3555 1956 simul
3593 1918 3731 1958 cum

2086 1988 2334 2043 Domino
2365 1989 2623 2044 divinam
2654 1989 2819 2045 illam
2869 1990 3130 2045 animam
3178 1990 3406 2046 ferente
3441 1991 3728 2047 ascende-

2082 2076 2243 2147 bant,
2279 2082 2337 2132 et
2362 2078 2933 2133 Immaculatissimm
2984 2077 3071 2132 illi
3104 2095 3171 2135 ac
3199 2079 3305 2134 Dei
3360 2079 3529 2134 Verbi
3561 2081 3730 2136 Matri

2085 2182 2251 2221 sacra
2277 2167 2507 2222 cantica
2557 2167 2804 2238 quodvis
2856 2166 3045 2223 melos
3092 2168 3392 2224 vincentia
3438 2184 3506 2224 ac
3536 2170 3728 2226 verbis

2083 2270 2203 2309 non
2227 2256 2549 2325 efferenda,
2574 2255 3055 2313 modulabantur.
3085 2256 3174 2311 Ad
3194 2257 3372 2313 hosce
3389 2274 3564 2329 porro
3587 2276 3727 2315 con-

2082 2350 2292 2401 centus
2335 2346 2578 2401 auribus
2629 2347 3010 2419 excipiendos
3059 2346 3325 2417 admissi,
3351 2347 3729 2418 jucunditate

2083 2435 2619 2505 perfundebantur,
2680 2436 2905 2492 sanctis
2959 2436 3347 2508 replebantur
3431 2438 3728 2508 sensibus,

2082 2542 2275 2596 neque
2297 2528 2553 2598 amplius
2568 2528 2695 2599 jam
2713 2528 2934 2582 inertes
2952 2528 3185 2583 trahere
3203 2544 3401 2584 moras
3420 2534 3725 2600 poterant;

2082 2616 2184 2669 sed
2208 2631 2344 2670 suas
2371 2617 2622 2685 quisque
2646 2616 3052 2686 apostolorum
3077 2616 3308 2671 animas
3331 2616 3591 2672 excitare
3616 2623 3728 2673 sat-

2082 2702 2354 2774 agebant,
2380 2708 2437 2757 et
2466 2704 2537 2757 ab
2570 2703 2662 2757 his
2693 2704 2829 2758 imis
2857 2720 2992 2758 suas
3018 2703 3356 2758 coelestibus
3386 2721 3559 2760 voces
3579 2705 3723 2776 jun-

317 2805 493 2862 gere,
527 2795 582 2844 et
608 2796 772 2860 prout
798 2790 957 2844 vires
988 2786 1226 2857 dabant,
1260 2786 1467 2844 laudes
1511 2787 1605 2855 iis,
1634 2804 1765 2858 quae
1813 2805 1954 2843 aure
1987 2790 2410 2861 percipiebant,
2464 2797 2896 2846 consentaneas
2927 2796 3125 2845 texere
3176 2796 3235 2846 et
3274 2791 3454 2847 simul
3488 2792 3724 2864 hymnis

308 2878 614 2952 plaudere
639 2878 974 2934 studebant.

384 2969 491 3023 Διᾶ
547 2972 711 3023 ταῦτα
765 2966 859 3022 καὶ
913 2966 943 3020 ὁ
1003 2965 1303 3039 θαυμάσιος
1361 2964 1640 3040 Ἰερόθεος,
1685 2967 1821 3021 κατᾶ
1874 2967 1965 3021 τὸν

292 3060 456 3114 θεῖον
526 3057 697 3111 εἰπεῖν
766 3054 1074 3123 Διονύσιον,
1143 3052 1201 3116 ὅς
1267 3054 1403 3129 ἅπερ
1467 3055 1701 3129 ἑώρακεν
1758 3055 1969 3130 ἀπαρά-

288 3168 524 3226 γραπτα
592 3150 882 3220 μαρτυρεῖ,
951 3140 1198 3215 ’ἔκδημος
1253 3143 1472 3218 γὲγονεν
1541 3144 1696 3214 ὅλος,
1759 3144 1968 3215 ἐξιστά-

293 3256 466 3308 μενος
548 3235 771 3303 ἑαυτοῦ,
847 3233 948 3301 τὴν
1023 3231 1156 3305 πρὸς
1227 3232 1293 3286 τὰ
1389 3232 1698 3306 ὑμνούμενα
1768 3253 1966 3287 κοινω-

291 3325 418 3380 νίαν
495 3325 764 3399 πάσχων,
851 3321 946 3377 καὶ
1037 3321 1173 3395 πρὸς
1247 3322 1457 3377 πάντων
1559 3324 1633 3376 ὧν
1735 3323 1966 3392 ἠκούετο

288 3415 387 3469 καὶ
444 3416 690 3488 ἑωρᾶτο,
764 3411 854 3466 καὶ
938 3410 1262 3482 ἐγινώςκετο
1324 3411 1413 3466 καὶ
1472 3410 1571 3466 οὐκ
1629 3411 1966 3484 ἐγινώσκετο,

290 3502 619 3574 θεόληπτος
695 3501 828 3556 εἶναι
904 3499 997 3555 καὶ
1072 3502 1217 3561 θεῖος
1317 3501 1637 3574 κρινόμενος
1726 3500 1967 3573 ὑμνολό-

289 3614 391 3670 γος
552 3597 620 3648 ⁴Ὁ
652 3588 722 3659 δὴ
783 3590 876 3644 καὶ
932 3593 1065 3643 πᾶσι
1122 3586 1307 3644 δοῦναι
1365 3590 1467 3644 οὐκ
1494 3588 1716 3650 ἀπεικὸς
1744 3595 1861 3650 τοῖς
1890 3594 1971 3661 τῷ

301 3685 615 3757 ζωαρχικῷ
666 3678 755 3735 καὶ
802 3675 1054 3751 θεοδόχῳ
1103 3675 1495 3753 συνδραμοῦσιν
1534 3678 1724 3751 ’ἐκείνῳ
1754 3680 1968 3751 σώματι

301 3772 397 3825 καὶ
427 3777 542 3826 τῶν
575 3768 841 3844 οὐρανίων
869 3768 1213 3840 αἰσθομένοις
1244 3765 1554 3841 ὑμνῳδιῶν.

379 3862 503 3918 KB‘.
535 3860 675 3917 Τίνα
726 3858 830 3934 γὰρ
893 3858 970 3928 μὴ
1031 3857 1243 3934 χαίρειν
1303 3857 1391 3911 καὶ
1435 3861 1647 3932 κροτεῖν
1676 3857 1767 3911 καὶ
1798 3877 1970 3930 προσ-

301 3955 489 4022 υμνεῖν
540 3943 604 4002 ἃν
664 3946 853 4015 ἐκίνει,
912 3946 1001 4000 καὶ
1060 3949 1179 4005 τοῖς
1240 3944 1478 4019 ὑψηλοῖς
1527 3948 1714 4000 ποθεῖν
1743 3946 1968 4001 συντάτ-

295 4041 480 4093 τεσθαι
538 4033 847 4109 μελῳδοῖς,
925 4034 1036 4110 εἲγε
1110 4034 1230 4104 ἐνῆν
1308 4034 1638 4110 ἀφίπτασθαι
1685 4038 1784 4098 τῆς
1840 4042 1965 4110 γῆς,

299 4128 372 4182 ὢν
417 4124 692 4195 ἁδιειόὴς
749 4125 891 4192 ἀκοὴ
941 4125 1035 4185 τὰς
1082 4123 1343 4197 ἐμμελεῖς
1394 4124 1604 4186 ἐκείνας
1656 4124 1747 4178 καὶ
1800 4125 1968 4198 ὑπερο

302 4222 459 4295 ξ’)εἷς
489 4213 791 4291 ὑπεδέχετο
821 4211 1165 4289 ἱερουργίας,
1196 4208 1259 4274 ἃς
1291 4209 1582 4287 Χερουϐίμ
1624 4233 1683 4267 τε
1733 4214 1824 4267 καὶ
1875 4220 1970 4268 Σε-

306 4306 505 4385 μοὲμ,
556 4305 647 4360 καὶ
677 4307 713 4373 ἡ
747 4301 1022 4380 ἂγγελικὴ
1071 4306 1218 4357 πᾶσα
1264 4298 1648 4374 διακόσμησις,
1680 4295 1758 4356 ἔτι
1792 4299 1849 4356 δὲ
1876 4301 1965 4356 καὶ

305 4396 342 4463 ἡ
404 4400 511 4449 τῶν
564 4394 937 4470 πρωτοτόκων
994 4389 1260 4461 ἐκκλησία
1334 4392 1472 4446 κατᾶ
1534 4391 1626 4445 τὸν
1699 4392 1964 4466 μακάριον

307 4482 550 4555 Παῦλον,
616 4485 703 4554 εἳη
775 4481 824 4538 δ’
894 4482 954 4537 ἅν
1003 4485 1165 4536 τοῦτο
1223 4485 1578 4556 πατριαρχῶν
1627 4481 1801 4559 ψυχαὶ
1877 4481 1968 4536 καὶ

304 4579 605 4651 προφητῶν
667 4577 813 4647 ὁμοῦ
865 4571 956 4627 καὶ
1017 4569 1242 4625 δικαίων
1298 4575 1405 4625 τῶν
1466 4572 1967 4644 ἀπογεγραμμένων

2151 2970 2434 3038 Quocirca
2460 2975 2517 3025 et
2546 2971 2929 3027 admirandus
2961 2971 3057 3027 ille
3089 2972 3446 3029 Hierotheus
3476 2977 3563 3038 (ut
3589 2991 3722 3031 ver-

2078 3060 2169 3116 bis
2189 3066 2324 3116 utar
2349 3061 2528 3116 divini
2562 3060 2821 3132 Dionysii
2850 3061 2912 3130 ‘7,
2938 3061 3037 3132 qui
3060 3077 3149 3130 ea,
3174 3078 3305 3132 quas
3326 3062 3451 3134 ipse
3472 3063 3721 3135 viderat,

2079 3149 2309 3206 sincere
2356 3151 2630 3221 testatur)
2658 3157 2802 3206 totus
2848 3158 3009 3206 extra
3035 3168 3091 3207 se
3132 3159 3326 3223 raptus
3365 3156 3464 3221 est,
3515 3157 3724 3227 quippe

2079 3242 2177 3310 qui
2229 3241 2303 3294 ad
2358 3257 2441 3308 ea,
2503 3256 2623 3310 qua:
2678 3242 3034 3309 canebantur,
3087 3243 3489 3312 participanda
3535 3246 3724 3312 fuerat

2080 3329 2338 3395 adscitus,
2369 3334 2421 3382 et
2467 3329 2533 3383 ab
2583 3329 2855 3398 omnibus,
2883 3346 2918 3384 a
2966 3331 3164 3399 quibus
3203 3330 3530 3387 audiebatur
3558 3339 3609 3388 et
3636 3335 3722 3387 vi-

2078 3417 2309 3472 debatur
2336 3421 2446 3473 sive
2465 3421 2607 3473 notis
2625 3421 2735 3473 sive
2760 3418 2987 3487 ignotis,
3011 3419 3202 3475 divino
3221 3424 3446 3476 numine
3466 3425 3720 3491 afﬂatus,

2077 3506 2402 3575 diuinusque
2425 3508 2678 3562 laudator
2697 3508 3033 3562 censebatur.
3059 3507 3224 3572 Quod
3246 3508 3486 3579 quidem
3506 3510 3720 3565 merito

2079 3598 2137 3649 et
2161 3593 2232 3647 de
2262 3593 2509 3663 reliquis
2539 3594 2814 3648 omnibus
2864 3594 3321 3649 existimandum
3363 3600 3470 3660 est,
3505 3596 3606 3665 qui
3646 3596 3721 3651 ad

2078 3698 2290 3752 corpus
2342 3681 2510 3747 illud,
2582 3684 2716 3736 vitae
2795 3683 3154 3753 principium
3231 3684 3454 3753 Deique
3511 3700 3717 3755 capax,

2076 3775 2482 3836 accurrerunt,
2515 3775 2575 3824 et
2603 3769 2870 3824 caelestes
2917 3770 3054 3825 illos
3085 3769 3325 3824 audiere
3371 3778 3716 3828 concentus.

2148 3859 2315 3913 XXII.
2350 3860 2420 3912 Et
2448 3874 2591 3913 sane
2623 3858 2757 3928 quis
2788 3874 2909 3913 non
2939 3858 3014 3912 ad
3044 3858 3462 3914 collatandum
3492 3877 3720 3930 permo-

2076 3955 2332 4015 veretur,
2366 3953 2424 4002 et
2452 3948 2526 4002 ad
2571 3946 2998 4018 plaudendum,
3031 3946 3354 4018 laudesque
3395 3949 3716 4020 canendas,

2076 4054 2145 4093 ac
2194 4038 2519 4093 caelestium
2572 4036 2808 4092 illorum
2864 4042 3285 4105 concentuum,
3332 4038 3629 4110 siquidem
3688 4058 3719 4096 e

2076 4132 2235 4182 terra
2264 4127 2494 4183 avolare
2526 4127 2613 4181 fas
2663 4132 2840 4195 esset,
2883 4127 3283 4200 exoptandum
3330 4129 3719 4199 consortium,

2076 4214 2311 4285 quando
2332 4214 2640 4285 per~picue
2670 4214 3014 4270 ferebantur
3039 4215 3114 4270 ad
3136 4232 3341 4271 aurem
3368 4217 3718 4274 suivissimaa

2076 4303 2191 4358 illas
2223 4320 2289 4358 ac
2316 4320 2587 4374 superum
2621 4304 2978 4374 hymnodiaa,
3012 4321 3159 4374 quas
3189 4308 3247 4359 et
3289 4305 3629 4370 Cherubim,
3663 4311 3722 4359 et

2076 4393 2405 4464 Seraphim,
2432 4399 2490 4447 et
2519 4410 2726 4448 omnes
2755 4393 3101 4465 angelorum
3127 4393 3385 4460 ordines,
3408 4409 3641 4449 necnon
3663 4398 3722 4448 et

2067 4482 2503 4553 primitivorum,
2545 4484 2717 4553 juxta
2768 4483 3008 4538 beatum
3059 4482 3306 4537 Paulum
3358 4481 3423 4549 ίδ,
3470 4481 3719 4546 ecclesia,

2075 4574 2289 4627 animas
2321 4573 2569 4640 scilicet,
2593 4580 2657 4628 ut
2686 4579 2849 4644 puto,
2875 4573 3344 4643 patriarcharum
3376 4576 3434 4626 et
3458 4570 3717 4640 prophe-

307 4665 363 4720 ἐν
424 4663 691 4739 οὐρανοῖς,
748 4667 821 4737 τῇ
895 4662 1156 4737 πανάγνῳ
1231 4660 1319 4714 καὶ
1384 4656 1756 4734 θεοειδεστάτῃ
1814 4660 1970 4735 ψυχῇ

2091 4676 2270 4716 :arum
2303 4662 2480 4716 simul
2511 4668 2571 4716 et
2591 4663 2892 4733 justorum
2924 4663 3191 4716 omnium
3214 4662 3277 4717 in
3308 4663 3468 4718 caelis
3494 4664 3718 4722 descri-

300 4753 626 4815 καλλιεπῶς
675 4757 737 4809 τε
794 4752 891 4807 καὶ
949 4747 1314 4827 ἡδυφθόγγως
1370 4745 1594 4822 ἐπῇδον,
1656 4749 1744 4803 καὶ
1805 4743 1968 4821 ἔμελ-

298 4864 431 4912 πον,
486 4844 567 4898 καὶ
630 4842 868 4917 σεμνῶς,
928 4838 1390 4913 τελετουργικῶς,
1449 4836 1702 4912 ἀρρήτως
1755 4836 1967 4916 ἐξύφαι-

296 4952 442 4999 νον;
499 4935 621 4990 Ὅτε
657 4931 751 4987 καὶ
814 4934 916 4985 τοῦ
978 4929 1338 5000 Δημιουργοῦ
1393 4926 1828 5000 προερχομένου,
1872 4928 1966 4983 σὺν

290 5021 482 5095 ἡδονῇ
510 5042 565 5076 τε
588 5021 822 5095 πλείστῃ
884 5018 978 5073 καὶ
1046 5012 1370 5092 ἀγαλλιάσει
1414 5016 1513 5083 τήν
1555 5017 1967 5088 παναμώμητον

287 5119 397 5182 τῆς
430 5109 591 5166 αὐτοῦ
639 5111 868 5183 Μητρὸς
925 5100 1190 5186 φέροντος
1223 5105 1432 5179 ψυχὴν,
1463 5106 1529 5173 ἧς
1560 5099 1676 5158 οὔθ’
1703 5101 1965 5180 ἡδύτερον

370 5234 417 5270 ιτ
452 5233 527 5289 De
555 5232 665 5289 div.
700 5231 936 5289 nomin.
972 5242 1107 5298 cap.
1140 5227 1194 5281 3.
1271 5223 1320 5260 ¹⁸
1348 5225 1520 5280 Hebr.
1555 5241 1655 5295 xu,
1681 5227 1770 5280 23.

2078 4755 2336 4821 ptorum,
2359 4751 2693 4820 purissimae
2716 4750 2802 4804 illi
2822 4766 2890 4804 ac
2912 4751 3027 4804 Deo
3051 4750 3345 4807 similimze
3368 4754 3582 4812 animaa
3605 4757 3718 4829 (18)

2077 4840 2387 4894 concinnis
2416 4855 2485 4893 ac
2516 4839 2685 4894 dulce
2713 4838 3061 4893 sonantibus
3084 4840 3324 4898 vocibus
3349 4845 3644 4903 canebant
3662 4855 3721 4904 ct

2076 4928 2557 4993 modulabantur,
2592 4932 2649 4981 et
2679 4927 2895 4983 decora
2926 4928 3203 4999 quadam,
3237 4939 3461 5001 sancta,
3508 4936 3720 4993 ineffa-

2075 5018 2298 5089 bilique
2336 5018 2565 5072 ratione
2616 5016 2959 5073 harmoniae
3008 5020 3447 5079 contexebant?
3475 5025 3719 5089 Quando

2077 5109 2351 5164 Creatore
2382 5108 2510 5178 ipso
2533 5111 2835 5178 praeeunte
2861 5110 2919 5161 et
2941 5123 3175 5164 summa
3195 5127 3331 5167 cum
3346 5112 3721 5184 jucunditate

1664 5352 1808 5412 Ant.
1842 5351 2141 5414 Ballerini
2170 5358 2359 5414 notae.

357 5493 529 5568 (IXIn
559 5495 733 5551 editis
768 5493 1033 5568 Dionys:
1056 5479 1376 5568 ὕμνολόγος
1405 5481 1743 5568 κριγόμενοςο
1784 5557 1794 5568 1

359 5557 643 5649 ζῖὃηξὶάε
670 5582 856 5649 quam
881 5557 1342 5649 saepiusauctcr
1355 5557 1621 5649 linculcat
1641 5557 1962 5649 maximam

290 5627 474 5694 illam.
492 5627 736 5714 Virginis
761 5653 903 5694 cum
929 5627 1056 5689 D'eo
1080 5627 1560 5694 similitudinem,
1585 5646 1766 5700 quam
1790 5629 1962 5685 modo

2075 5485 2489 5559 quidechumr
2514 5502 2745 5542 summa
2776 5487 3080 5559 conjungit
3100 5487 3378 5557 puritate,
3401 5486 3543 5543 alias
3573 5503 3714 5542 vero

2073 5556 2407 5639 expressius
2438 5557 2687 5639 dixerat,
2712 5559 2774 5612 in
2798 5556 3169 5639 immunitate
3193 5573 3427 5628 quoque
3453 5573 3488 5611 a
3509 5559 3710 5639 quavis

2074 5627 2367 5701 spirituali
2400 5630 2778 5702 corruptione
2809 5646 2877 5686 ac
2906 5629 3037 5685 labe
3069 5644 3198 5685 esse
3229 5627 3654 5701 reponendam.
