4104 6300
270 375 365 437 ιλιι

289 509 470 584 ψυχᾶς,

299 599 489 671 κειμενη
518 597 612 655 καὶ
652 596 748 655 ἐπ’
805 594 978 671 ὤμων
1007 596 1302 675 φερομένη,
1332 601 1734 675 προσεχορήγει
1766 621 1824 656 τε
1853 601 1943 655 καὶ

307 687 601 762 κατηόγαζε.

361 963 472 1019 ΚΝ.
498 961 586 1019 Τὰ
616 958 679 1017 δὲ
718 962 819 1033 ἦν,
880 962 958 1024 ὡς
1012 959 1065 1016 ἐν
1121 960 1287 1017 εἰκόνι
1325 968 1720 1038 σκιαγραφῆσαι
1756 965 1943 1036 μικρᾷ,

309 1051 392 1105 ὅσα
416 1050 539 1125 περὶ
572 1053 673 1114 τῆς
734 1052 1099 1123 πανυμνήτου
1154 1050 1245 1106 καὶ
1304 1051 1356 1106 οἱ
1404 1049 1574 1106 πάλαι
1604 1052 1946 1130 προέγραφον

305 1138 469 1205 τύποι,
527 1140 703 1209 σκηνὴ
752 1139 851 1193 καὶ
902 1134 1157 1206 κιϐωτὸς,
1211 1140 1301 1195 καὶ
1379 1139 1614 1213 τρόπαια
1669 1138 1944 1201 Μωυσέως

301 1228 381 1285 καί
407 1230 605 1302 τέρατα
631 1229 726 1283 καὶ
776 1226 981 1301 τᾶλλα,
1042 1225 1112 1283 δι’
1154 1227 1231 1283 ὧν
1292 1223 1571 1300 Ἑϐραίοις
1626 1227 1716 1283 καὶ
1769 1227 1835 1297 ἦν
1881 1228 1945 1283 τὸ

298 1322 483 1390 σεμνὸν
539 1319 630 1373 καί
690 1314 895 1389 ἐδόκει,
946 1315 1036 1373 καὶ
1117 1317 1215 1373 ὅσα
1271 1322 1571 1394 προφητῶυ
1629 1316 1946 1389 ἐμπνεύσεις

294 1408 736 1483 θεουργικώτατα
795 1404 1216 1462 διεγωδώνισανθ
1276 1407 1395 1462 εἶτα
1449 1405 1539 1461 καὶ
1596 1406 1661 1461 τὰ
1717 1404 1945 1479 λαμπρὰ

287 1497 407 1552 κατ’
461 1496 628 1565 αὐτὴν
683 1497 886 1565 ἐκεῖνα,
963 1495 1111 1561 ’ὁπως
1193 1496 1245 1567 ἐξ
1331 1495 1634 1572 ἀνθρώπων
1716 1493 1947 1568 ὑψηλῶς

284 1586 588 1663 προῆλθεν,
628 1582 830 1649 ἄϐατος
905 1584 965 1641 ὅν
1014 1586 1141 1658 ᾤκει
1193 1587 1386 1659 τόπος,
1439 1583 1590 1649 ὅπως
1652 1586 1942 1661 οὐρανόθεν

277 1676 557 1756 ἔτρέφιτο,
616 1678 737 1738 οἶος
797 1674 1087 1750 ἀσπασμὸς
1145 1674 1202 1731 δν
1261 1672 1503 1746 ἐδέξατο,
1564 1676 1593 1729 ὁ
1667 1674 1943 1751 ὑπερφυὴς

276 1767 369 1824 καὶ
430 1767 711 1845 ἄφραστος
737 1767 899 1828 τόκος
959 1765 1178 1836 ἐκεῖνος,
1253 1766 1317 1821 τὸ
1374 1765 1643 1838 ἡμέτερον
1700 1763 1731 1819 ὅ
1773 1784 1943 1837 παρα-

1208 372 1478 437 SERMO
1519 374 1601 438 IN
1644 373 2200 440 DORMlTiONEM
2248 363 2319 439 Βέ
2363 377 2435 440 γ.
2483 377 2775 442 MARIIE.

568 509 961 583 μουσοοργεῖν
1027 507 1340 582 θεοπρεπῶς
1421 509 1682 580 ὑπεκίνει,
1754 510 1845 566 καὶ
1904 513 1937 581 ἡ

2066 513 2255 570 instar
2274 514 2484 587 plectri
2513 530 2718 571 eorum
2749 515 2979 573 animas
3010 517 3178 589 quasi
3224 519 3474 578 totidem
3520 523 3712 581 citha-

3597 388 3721 452 150

2060 619 2155 659 ras
2185 602 2532 674 pulsans,ad
2566 604 2994 660 modulandum
3009 604 3288 662 divinitus
3309 612 3711 682 permovebat,

2060 697 2238 764 atque
2260 693 2387 765 ipsa
2421 694 2610 766 Virgo,
2644 710 2774 765 quae
2798 695 3059 767 jacebat,
3091 713 3419 771 eorumque
3445 701 3709 760 humeris

2055 782 2414 855 gestabatur,
2465 782 2763 839 mentibus
2803 800 3008 839 eorum
3066 784 3269 843 lumen
3325 789 3710 864 adspergens,

2057 871 2425 944 suggerebat.

2126 960 2309 1015 XXIV.
2349 962 2552 1025 Porro,
2585 965 2653 1015 ut
2691 978 2899 1017 eorum
2943 962 3116 1020 breve
3149 965 3391 1022 schema
3428 968 3709 1026 exhibea-

2055 1065 2210 1115 mus,
2247 1049 2541 1121 ejusmodi
2571 1050 2816 1105 fuerunt
2844 1058 3136 1124 quotquot
3195 1054 3266 1110 de
3296 1056 3711 1117 laudatissima

2054 1137 2293 1211 Virgine
2325 1144 2383 1193 et
2438 1145 2663 1195 veteres
2717 1140 3175 1213 praaﬁgurabant
3231 1145 3374 1215 typi,
3435 1146 3711 1205 videlicet

2056 1228 2530 1295 tabernaculum,
2564 1233 2623 1283 et
2652 1245 2808 1297 arca,
2841 1235 2900 1284 et
2959 1236 3179 1302 tropaaa
3208 1234 3441 1304 Moysis,
3489 1240 3548 1291 et
3575 1254 3705 1308 por-

2056 1322 2239 1385 tenta,
2303 1322 2361 1372 et
2417 1316 2667 1387 reliqua,
2755 1334 3007 1390 quorum
3065 1321 3253 1392 gratia
3324 1323 3706 1383 Hebraeorum

2055 1408 2364 1478 Synagoga
2429 1410 2486 1460 et
2536 1410 2661 1461 erat
2715 1412 2772 1461 et
2846 1409 3167 1479 putabatur
3230 1413 3589 1484 veneranda,
3650 1421 3709 1472 et

2057 1511 2427 1566 quaecunque
2450 1494 2820 1551 divinissima
2850 1496 3033 1553 afﬂati
3084 1499 3388 1571 prophetas
3416 1503 3707 1574 pradica-

2054 1590 2266 1639 verunt
2296 1584 2411 1656 (21)
2444 1600 2456 1638 :
2488 1584 2702 1640 deinde
2729 1591 2786 1641 et
2815 1587 3102 1657 praeclara
3130 1589 3256 1659 illa,
3280 1608 3412 1662 quas
3460 1593 3707 1665 impleta

2055 1674 2120 1728 in
2151 1673 2278 1745 ipsa
2304 1672 2561 1742 fuerant,
2585 1674 2735 1728 ratio
2767 1690 2983 1747 nempe
3009 1678 3293 1748 praecelsa
3319 1679 3455 1753 (22),
3487 1700 3607 1753 qua
3634 1700 3708 1740 ex

2054 1763 2399 1819 hominibus
2431 1769 2559 1819 orta
2586 1764 2799 1834 fuerat,
2835 1766 3176 1823 inaccessus
3225 1771 3476 1843 (templi)
3516 1773 3704 1843 locus,

277 1852 457 1925 δόξως
496 1861 627 1929 παρ’
656 1853 827 1922 αὐτῆς
878 1855 907 1908 ὁ
968 1852 1220 1957 Ῐὶλάστης
1270 1849 1668 1927 περιεϐάλλετο
1716 1848 1939 1926 ἔνδυμα,

2056 1870 2233 1925 quem
2263 1853 2715 1925 inhabitaverat,
2751 1856 3027 1924 caelestis,
3060 1875 3178 1928 quo
3237 1861 3460 1917 nutrita
3486 1861 3702 1931 fuerat,

277 1945 314 2014 ἠ
348 1945 518 2012 καινή
546 1944 599 2016 γ’
632 1942 684 2014 ἐξ
717 1941 885 2010 αὐτῆς
914 1937 1221 1997 ἐκϐλύσασα
1268 1942 1349 2015 τῷ
1408 1946 1745 2018 Δημιουργῷ
1809 1941 1940 2016 τρά-

274 2042 435 2105 πεζα.
475 2034 639 2105 Ἑμοὶ
674 2031 876 2104 δοκεῖν,
938 2034 1064 2109 περὶ
1119 2034 1287 2103 αὐτῆς
1331 2032 1502 2108 μόνης
1538 2033 1629 2088 καὶ
1709 2034 1736 2089 ὁ
1796 2038 1938 2097 οεῖος

270 2125 562 2200 προὲφησε
619 2120 813 2194 Δαϐἰδ,
910 2124 956 2178 εἰ
1016 2125 1102 2179 καὶ
1156 2130 1315 2179 πᾶσιν
1384 2122 1637 2196 ἐπᾴδεται
1690 2127 1802 2195 νῦν,
1855 2125 1938 2194 τὸ,

266 2216 555 2288 Μακάριοι
615 2214 670 2268 οἱ
729 2213 961 2287 ἄμωμοι
1008 2212 1058 2267 ὲν
1123 2211 1257 2286 ὁδῷ,
1345 2213 1398 2269 οἱ
1467 2212 1828 2288 πορευόμενοι
1890 2212 1942 2268 ἐν

259 2306 426 2379 νόμῳ
491 2305 725 2377 Κυρίοο’
786 2303 1043 2378 μακάριοι
1117 2303 1168 2358 οἱ
1226 2302 1606 2378 ἐξερευνώντες
1668 2303 1734 2357 τὰ
1804 2322 1944 2377 μαρ-

256 2394 425 2467 τύρια
486 2392 677 2460 αὐτοῦ,
757 2391 812 2446 ἐν
870 2389 979 2466 ὅλῃ
1038 2389 1237 2466 παρδίᾳ
1312 2391 1706 2463 ἐκζητήσωσιν
1759 2387 1940 2449 αὐτόν.

259 2482 386 2540 Τίνι
444 2484 554 2559 γὰρ
643 2482 707 2537 ἄν
769 2480 1109 2556 οἰκειότερον
1172 2482 1208 2551 ἢ
1268 2485 1337 2556 τῇ
1413 2481 1671 2557 πανάγνῳ
1725 2480 1942 2557 γένοιτο

262 2576 443 2627 ταῦτα
477 2574 622 2640 ;“Ην
653 2571 717 2627 ἄν
780 2570 887 2647 ἄρα
942 2570 1230 2626 καὶτοῦτο
1289 2571 1352 2625 οὐ
1412 2571 1621 2648 φαῦλον
1673 2571 1748 2632 εἰς
1789 2568 1943 2626 α’ίνου

265 2663 607 2734 προσθήκην
654 2665 774 2723 τοῖς
852 2662 1192 2735 θεοκήρυξιν.
1275 2665 1394 2717 Ἔτι
1469 2657 1547 2729 δὲ,
1632 2661 1768 2715 κατὰ
1850 2662 1940 2715 τὸν

274 2750 441 2821 lepos
533 2750 829 2820 Διονύσιον,
912 2751 1015 2820 τήν
1119 2747 1550 2825 ἀπειροδῦν-κμον
1634 2748 1946 2827 ἀγαθότητα

281 2844 397 2907 τῆς
498 2839 781 2914 θεαρχικῆς
894 2837 1152 2911 ἐξύμνουν
1262 2839 1555 2902 ἀσθενείας·
1647 2837 1815 2908 δηλοῖ
1889 2835 1946 2892 δὲ

273 2930 481 2996 τοῦτο,
550 2929 675 3004 ἇπερ
725 2931 754 2984 ὁ
814 2927 952 3002 ἐμὸς
1018 2930 1231 2998 Ἰησοῦς
1289 2926 1361 2985 δι’
1417 2927 1514 3001 ἐμὲ
1568 2929 1637 2984 τά
1688 2925 1946 2983 πάνδεινα

264 3016 461 3074 ἐκεῖνα
540 3018 628 3073 καὶ
742 3014 1188 3093 ὑϐριστικώτατα
1296 3016 1662 3097 ἐφιλοσόφησε
1771 3018 1941 3088 πάθη.

260 3110 520 3167 Τοιαῦτα
547 3108 753 3180 τοίνυν,
801 3108 895 3162 καὶ
958 3108 1034 3168 ὡς
1088 3109 1223 3177 ἡμῖν
1277 3106 1522 3181 ἐξυμνεῖν
1580 3106 1678 3161 οὐκ
1733 3101 1828 3176 ἔνι,
1883 3106 1946 3161 τὸ

256 3199 374 3274 γὰρ
401 3198 581 3253 εἰπεῖν
614 3200 819 3253 ἱκανῶς
851 3203 956 3266 τῆς
1011 3196 1225 3251 ἐκείνων
1283 3193 1453 3252 δεῖται
1514 3202 1722 3274 φώνῆς,
1791 3195 1945 3271 ἱερο-

258 3291 495 3363 πρεπῶς
524 3286 658 3361 ἄγαν
702 3288 755 3341 οἱ
807 3284 1062 3361 λαμπροὶ
1120 3285 1496 3360 νεκροπομποὶ
1528 3282 1941 3360 δοξολογοῦντες

264 3373 497 3450 Bai-ﬁam
521 3377 624 3445 τήν
656 3372 809 3433 ὀδόν.

2054 1944 2240 2012 cibus,
2276 1943 2576 2012 salutatio,
2610 1960 2728 2015 qua
2751 1944 2947 2001 fuerat
3002 1946 3313 2014 honorata,
3347 1956 3701 2021 supernatu-

2043 2033 2187 2088 ralis
2218 2033 2317 2088 ille
2357 2039 2534 2103 atque
2566 2033 2886 2090 ineffabilis
2932 2040 3158 2107 partus,
3200 2037 3551 2107 humanum,
3580 2056 3696 2111 quo

2048 2139 2119 2179 ex
2145 2123 2274 2195 ipsa
2330 2124 2571 2179 Creator
2625 2124 2776 2179 miro
2835 2125 3010 2180 modo
3053 2126 3533 2184 circumamictus
3585 2133 3698 2199 est,

2046 2214 2489 2278 indumentum,
2548 2230 2785 2280 novum,
2854 2215 3012 2285 quod
3055 2215 3126 2271 ab
3180 2217 3309 2289 ipsa
3359 2218 3697 2286 effluxerat,

2048 2305 2309 2360 Creatori
2341 2303 2715 2394 alimentum.
2756 2306 2846 2370 Et,
2879 2310 2945 2360 ut
2975 2305 3120 2360 mihi
3154 2307 3396 2378 quidem
3443 2309 3698 2394 videtur,

2047 2394 2121 2450 de
2159 2395 2290 2465 ipsa
2320 2393 2448 2450 sola
2468 2394 2701 2450 divinus
2739 2394 2919 2450 David
2945 2395 3467 2455 vaticinatusillud
3482 2393 3700 2464 fuerat,

2049 2482 2208 2555 quod
2233 2488 2432 2540 tamen
2465 2482 2537 2538 de
2570 2483 2850 2539 omnibus
2909 2500 3070 2540 nunc
3118 2486 3251 2540 cani
3302 2486 3499 2543 solet:
3546 2490 3705 2545 Beati

2047 2573 2394 2628 immaculati
2422 2573 2481 2626 in
2510 2573 2622 2639 via,
2655 2571 2756 2642 qui
2811 2573 3100 2628 ambulant
3147 2576 3207 2629 in
3257 2576 3373 2644 lege
3431 2576 3655 2632 Domini
3682 2594 3706 2640 ;

2050 2661 2196 2717 beati
2272 2663 2371 2729 qui
2462 2664 2783 2716 scrutantur
2833 2660 3147 2717 testimonia
3228 2664 3365 2731 ejus,
3455 2664 3512 2716 in
3591 2670 3704 2718 toto

2050 2749 2212 2805 corde
2234 2750 2534 2818 exquirunt
2562 2765 2682 2804 eum
2716 2747 2783 2801 3°.
2842 2750 2923 2803 De
2981 2766 3098 2819 quo
3157 2750 3320 2805 enim
3370 2766 3706 2822 congruen-

2049 2839 2189 2907 tius,
2224 2854 2403 2908 quam
2430 2837 2501 2892 de
2524 2837 2843 2909 purissima
2894 2836 3019 2906 illa,
3051 2838 3167 2893 dici
3208 2840 3334 2894 haec
3364 2844 3642 2910 poterant
3669 2841 3698 2897 ?

2050 2929 2122 2982 Et
2150 2927 2288 2982 hinc
2313 2926 2493 2998 igitur
2514 2925 2673 2981 haud
2726 2926 2848 2981 leve
2905 2927 3167 2997 profecto
3207 2927 3490 2984 laudandi
3521 2945 3699 3002 argu-

2050 3021 2322 3074 mentum
2372 3015 2586 3070 divinis
2616 3015 2989 3086 praeconibus
3018 3016 3368 3073 addebatur.
3426 3019 3702 3091 Insuper,

2051 3112 2117 3163 ut
2141 3106 2393 3162 eximius
2430 3105 2627 3176 inquit
2656 3105 2971 3177 Dionysius
2992 3107 3125 3177 (23),
3156 3108 3422 3165 immensa
3445 3112 3700 3180 potentia

2041 3195 2342 3268 praditam
2390 3195 2596 3251 divina:
2628 3193 2973 3265 inﬁrmitatis
3014 3197 3415 3254 collaudabant
3491 3200 3707 3257 bonita-

2052 3292 2207 3350 tem;
2259 3301 2437 3356 quam
2487 3283 2728 3355 quidem
2773 3284 2967 3356 palam
3020 3287 3344 3344 ostendunt
3395 3290 3704 3362 passiones

2051 3375 2165 3431 illas
2189 3376 2382 3447 plenae
2414 3373 2633 3431 doloris
2664 3380 2723 3430 et
2753 3376 3307 3448 contumeliae,quas
3334 3381 3503 3436 Jesus
3535 3398 3705 3439 meus

265 3474 523 3540 propter
551 3483 651 3522 me
681 3465 918 3522 ardenti
944 3463 1141 3520 studio
1168 3465 1504 3537 exquisivit.
1534 3466 1669 3520 Haec
1699 3465 1922 3538 itaque,
1954 3469 2013 3521 et
2040 3482 2111 3521 ea
2132 3464 2386 3529 ratione,
2444 3481 2563 3536 qua
2610 3463 2863 3536 hymnos
2892 3464 3089 3521 dicere
3129 3467 3303 3523 nobis
3350 3485 3475 3524 non
3506 3470 3702 3542 datur,

272 3557 504 3630 quippe
536 3573 674 3627 quae
698 3560 768 3611 ut
795 3560 933 3627 apte
960 3559 1312 3627 promantur
1340 3554 1581 3611 illorum
1613 3554 1725 3611 sibi
1754 3571 1955 3611 vocem
1985 3553 2582 3628 postulant,insignes
2613 3552 2701 3607 illi
2735 3552 3032 3610 demortui
3062 3556 3324 3628 corporis
3352 3558 3703 3617 deductores

268 3644 483 3702 laudes
517 3644 954 3700 decentissima
982 3644 1104 3699 ritu
1132 3643 1504 3701 celebrantes
1523 3645 1676 3700 viam
1698 3644 2081 3717 peragebant.

348 3735 472 3790 ΚΕΖ
518 3729 684 3791 Ἀλλ’
714 3730 817 3786 οὐκ
863 3734 932 3800 ἦν
990 3729 1183 3788 ἀνεκτᾶ
1234 3737 1403 3789 ταῦτα
1457 3736 1537 3804 τῷ
1565 3733 1769 3810 φθόνῳ·
1831 3730 1946 3787 οὐδ’

272 3823 312 3886 ἠ
344 3822 567 3898 πονηρά
597 3821 801 3897 γνώμη
834 3818 1016 3898 φέρειν
1051 3821 1173 3899 εἶχε
1214 3822 1319 3891 τὴν
1367 3821 1527 3896 χύσιν
1570 3826 1668 3877 τοῦ
1715 3821 1941 3898 ἀγαθοῦ’

276 3910 399 3965 οὐδ’
429 3913 593 3980 ὁτῆς
636 3908 830 3972 κακίας
890 3909 1184 3989 ἐφευρετής
1237 3909 1477 3985 ἡσυχίαν
1537 3908 1682 3986 ἄγειν
1733 3911 1942 3988 ἠγάπα,

281 3999 358 4061 ὤς
398 3999 577 4055 ἄλλον
630 3999 785 4073 ἀέρα,
840 3999 934 4054 τὸν
980 3999 1250 4072 άγιασμὸν
1309 4000 1453 4074 ὁρῶν
1511 3996 1942 4079 ἐφαπλοόμενον·

275 4090 368 4144 καὶ
404 4087 495 4144 διά
521 4093 689 4144 τοῦτο
722 4089 787 4144 τὸ
828 4088 1114 4162 πρόθυμον
1170 4093 1240 4164 τῇ
1299 4089 1470 4161 κακίᾳ
1520 4086 1809 4158 διακονεῖν,
1882 4089 1945 4143 τὸ

281 4176 451 4250 δεξιὸν
514 4178 750 4254 ὄργανον
796 4178 1025 4257 φαύλων
1117 4180 1608 4253 συμπερασμάτων,
1663 4176 1726 4234 τὸ
1786 4178 1945 4256 εὐφυ-

278 4272 602 4350 χωρότατον
635 4269 1007 4346 ἐργαστήριον
1062 4268 1153 4324 καὶ
1211 4268 1385 4342 ζάλης
1445 4270 1534 4324 καὶ
1588 4272 1795 4345 μάχης,
1853 4270 1942 4326 καὶ

2125 3731 2288 3787 XXV.
2307 3729 2952 3787 Verumhaudferenda
2975 3732 3101 3789 haec
3129 3733 3256 3790 visa
3286 3740 3425 3791 sunt
3443 3736 3704 3811 invidia;

2054 3842 2248 3897 neque
2303 3824 2657 3879 effusionem
2705 3824 2846 3879 boni
2906 3824 3158 3881 tolerare
3214 3832 3449 3898 poterat
3489 3847 3702 3900 pravus

2054 3915 2335 3980 animus;
2369 3929 2562 3984 neque
2612 3913 2852 3969 malitiae
2910 3913 3104 3969 omnis
3151 3915 3474 3973 architecto
3531 3919 3703 3985 deses

2053 4002 2354 4060 arridebat
2406 4001 2615 4069 otium,
2667 4018 2802 4057 cum
2857 4002 3374 4060 sanctificatricem
3423 4005 3701 4065 virtutem

2052 4100 2336 4165 tanquam
2387 4091 2635 4148 alterum
2686 4108 2885 4147 aerem
2953 4091 3207 4149 diffundi
3264 4102 3584 4166 cerneret;
3644 4104 3704 4155 et

2052 4182 2477 4256 proptereaid,
2512 4181 2670 4253 quod
2710 4185 2844 4253 apte
2891 4182 3163 4253 pravitati
3205 4185 3539 4255 inserviret,
3571 4187 3699 4245 ido-

2056 4289 2236 4329 neum
2270 4270 2677 4343 improborum
2710 4271 3039 4328 facinorum
3062 4272 3549 4349 instrumentum,
3576 4294 3707 4334 am-

284 4355 536 4434 θορύϐων
592 4359 685 4414 καὶ
738 4358 916 4435 φόνων
977 4357 1043 4413 τὸ
1098 4356 1428 4428 τελευταῖον,
1514 4360 1605 4414 τὸν
1680 4358 1949 4434 βάσκανον

2058 4362 2390 4434 piissimam
2421 4366 2477 4416 et
2509 4360 2763 4416 turbinis
2791 4366 2849 4416 et
2877 4378 3088 4434 pugna;
3138 4369 3197 4419 et
3244 4367 3607 4423 tumultuum
3637 4385 3708 4424 ac

287 4448 594 4526 ὀφθαλμὸν,
624 4449 725 4517 τήν
756 4445 1019 4523 καθέδραν
1042 4453 1139 4502 τοῦ
1165 4444 1451 4515 διαϐόλου,
1486 4449 1549 4506 τὸ
1572 4448 1945 4524 πονηρότατον

2056 4452 2312 4523 denique
2344 4451 2596 4506 caedium
2627 4450 2949 4517 ofﬁcinam,
2975 4451 3256 4509 liventem
3288 4455 3547 4523 oculum,
3579 4456 3707 4512 dia-

288 4536 712 4616 δημλοῦργημα,
745 4537 897 4615 λέγω
925 4538 1055 4600 τοὺς
1086 4535 1404 4605 Ἰουδαίους,
1456 4537 1700 4612 ἐκμαίνει
1756 4536 1943 4609 πάλιν,

283 4628 529 4703 καθάπερ
584 4627 721 4682 κατὰ
772 4629 1014 4701 Χριστοῦ
1073 4626 1355 4702 πρότερον,
1388 4625 1533 4683 οὕτω
1562 4627 1651 4683 καὶ
1683 4630 1773 4682 νῦν
1806 4629 1944 4683 κατᾶ

281 4720 384 4773 τοῦ
414 4719 606 4790 νεκροῦ
632 4722 734 4785 τῆς
762 4714 971 4772 ἐκείνου
998 4716 1243 4788 Μητρός.

352 4962 407 4997 ⁸ο
433 4959 586 5018 Psal.
619 4976 813 5031 cxvm,
842 4957 966 5015 1-3.

2055 4540 2174 4596 boli
2207 4540 3073 4613 cathedram,malignissimam
3095 4547 3451 4609 creaturam,
3469 4542 3706 4600 Judaeos

2052 4630 2207 4695 dico,
2240 4629 2742 4700 quemadmodum
2773 4634 2948 4685 antea
2976 4629 3258 4686 adversus
3279 4631 3597 4702 Christum,
3621 4633 3705 4691 sic

2052 4724 2110 4776 et
2137 4735 2297 4775 nunc
2327 4718 2606 4774 adversus
2629 4718 2827 4775 Matris
2859 4718 2987 4789 ejus
3010 4718 3359 4790 cadaver,ad
3377 4720 3701 4780 immanem

2048 4808 2264 4865 iterum
2294 4807 2555 4867 furorem
2584 4806 2792 4881 percit.

1649 5088 1798 5149 Ant.
1831 5084 2130 5150 Ballerini
2157 5092 2347 5150 notae.

334 5219 457 5293 (21)
471 5220 629 5287 Quod
662 5235 805 5294 ergo
823 5216 904 5274 ad
919 5214 1224 5294 Virginem
1247 5218 1559 5294 Deiparam
1580 5219 1940 5291 praesignan-

264 5289 407 5351 dam
442 5289 777 5365 spectarent
804 5292 1116 5365 quotquot
1155 5289 1628 5365 penes‘Judagos
1667 5289 1836 5346 sacra
1884 5294 1943 5365 et

261 5359 599 5424 veneranda
638 5359 1053 5433 habebantur,
1086 5359 1345 5431 itemque
1389 5360 1551 5433 quod
1614 5361 1677 5416 in
1724 5361 1940 5433 veteris

266 5439 599 5495 testamenti
648 5432 979 5510 prodigiis,
1040 5446 1108 5510 ac
1186 5434 1612 5510 prophetarum
1688 5432 1941 5488 oraculis

268 5500 1000 5594 ειίιεωρηειοξιεεικηξειίι
1017 5500 1497 5594 suariam
1515 5503 1694 5594 ,ίξὶεξξ
1711 5510 1944 5594 aposto-

266 5582 403 5647 lica,
429 5574 516 5638 uti
530 5587 715 5647 patet,
751 5574 1046 5636 doctrina
1078 5579 1135 5628 et
1162 5576 1433 5647 exemplo
1464 5574 1796 5647 deducitur.

337 5646 445 5723 (22)
501 5646 736 5713 Videsis
801 5651 977 5723 inter
1006 5646 1347 5723 _praacla_ra’
1375 5646 1631 5720 Virginis
1668 5651 1944 5723 portenta

272 5715 515 5798 primam
546 5740 798 5802 quoque
837 5715 1124 5795 ejusdem
1180 5715 1770 5793 originem'censeri:
1816 5718 1944 5788 pri-

2046 5219 2514 5296 mam,_inquam,
2564 5222 2874 5296 originem;
2911 5237 3115 5296 neque
3167 5223 3327 5280 enim
3384 5222 3702 5296 deiipsius

2046 5291 2358 5347 Nativitate
2389 5291 2686 5363 singulare
2720 5291 3035 5363 quidpiam
3055 5298 3281 5349 veteres
3304 5291 3697 5351 tradiderunt.

2122 5363 2235 5433 (23)
2275 5363 2350 5437 De
2381 5362 2906 5437 Div.lVomin.icap.
2942 5368 2994 5419 3.
3022 5366 3188 5421 Hunc
3209 5367 3480 5437 Dionysii
3502 5365 3698 5437 locum

2050 5433 2134 5488 sic
2191 5432 2468 5507 explanat
2516 5434 2570 5489 S.
2624 5432 2919 5507 Maximus,
2968 5437 3183 5507 Marlyr
3250 5438 3335 5503 (in
3365 5432 3573 5507 Schol.
3623 5436 3699 5491 ad

2051 5502 2450 5630 eumd."loc.)
2513 5521 2526 5559 :
2590 5507 2847 5562 Divinam
2900 5502 3329 5561 imbecillitatem
3386 5502 3702 5575 (ἀσθένειαν)

2051 5575 2139 5629 hic
2167 5580 2322 5630 vocat
2350 5592 2416 5630 vo
2442 5577 2727 5630 untariam
2757 5577 3257 5630 condescensionem
3311 5577 3444 5630 Filii
3468 5576 3572 5629 Dei
3620 5575 3696 5629 ad

2051 5575 2139 5629 hic
2167 5580 2322 5630 vocat
2350 5575 2727 5632 voluntariam
2757 5577 3257 5633 condescensionem
3311 5577 3444 5630 Filii
3468 5576 3572 5629 Dei
3620 5575 3696 5629 ad

2051 5662 2245 5717 corpus
2274 5647 2476 5716 absque
2498 5656 2743 5718 peccato.
