4104 6300
424 375 537 440 151
1568 372 1862 434 ISIDDRI
1904 371 2681 438 THESSALONICENSIS
3681 377 3780 439 {52

499 510 776 568 Fustibus
799 511 998 583 itaque
1055 513 1111 565 et
1165 509 1484 582 lapidibus,
1544 513 1603 564 et
1631 509 1678 565 si
1730 507 1875 580 quid
1917 508 2120 578 aliud;

2263 505 2460 578 Καὶδή
2495 507 2762 584 ῥοπάλοις
2792 509 2883 564 καὶ
2929 509 3109 574 λίθοις
3173 508 3263 564 καὶ
3322 515 3433 574 τοῖς
3481 515 3785 589 προστυχοῦ-

429 601 503 658 ad
533 617 743 657 manus
773 599 1066 669 veniebat,
1085 599 1245 654 velut
1275 601 1456 655 armis
1471 599 1545 655 ad
1561 598 1879 654 vindictam
1902 598 2050 670 aptis

2189 618 2270 652 σιν
2298 596 2522 669 ἃλλοις,
2557 599 2649 654 οἶά
2681 619 2780 674 περ
2812 599 3170 674 ἀμυντηρίοις
3221 601 3566 674 χρησάμενοι,
3596 594 3668 654 ἔτι
3715 600 3793 654 καὶ

428 693 572 761 imo,
603 697 670 747 ut
699 690 974 746 nonnulli
1009 695 1273 760 narrant,
1307 690 1486 745 etiam
1516 689 1728 762 gladiis
1781 688 2049 744 instructi

2189 686 2414 765 ξίφεσιν,
2437 687 2512 751 ὥς
2546 710 2706 763 φασιν
2737 689 2894 757 ἔνιοι,
2963 691 3133 762 ὁμόσε
3165 695 3408 770 χωροῦσι
3453 690 3633 765 θηρίου
3674 709 3793 744 παν-

429 781 708 838 adversus
735 780 870 835 illos
904 780 1056 834 sacri
1090 779 1316 834 funeris
1349 779 1676 844 ministros,
1719 777 2046 850 pretiosissi

2189 776 2306 846 τὸς,
2339 775 2686 852 ἀλογώτερον
2718 778 2854 833 κατὰ
2883 783 2990 835 τῶν
3033 779 3182 854 ἱερᾶς
3240 778 3292 850 ἐξ
3324 779 3534 854 ἀγωγῆς
3561 776 3795 834 διακόνων

424 887 730 942 mumque,
767 869 926 941 quod
959 869 1338 935 efferebatur,
1371 867 2045 934 tabcrnaculum,irratic

2191 861 2406 920 ἐκείνων
2452 867 2541 921 καὶ
2605 871 2702 922 τοῦ
2756 861 3255 941 διαϐασταζομένου
3311 869 3632 942 τιμιωτάτου
3681 869 3797 938 σκή-

423 960 684 1016 nabilius
711 976 888 1031 quam
916 960 1041 1015 fera
1065 958 1555 1030 quaalibet,simul
1585 973 1795 1012 omnes
1826 958 2044 1012 irruun‘

2191 974 2332 1017 νους.
2370 956 2617 1026 Σκηπτοὶ
2685 953 2741 1010 δὲ
2799 955 3001 1011 ἄνωθεν
3060 958 3154 1031 μὲν
3213 957 3273 1012 οὗ
3329 956 3636 1035 κατέφλεξαν
3691 954 3805 1019 τοὺς

425 1052 629 1121 Neque
662 1054 862 1105 tamen
895 1054 997 1105 aut
1027 1065 1058 1103 e
1090 1048 1237 1104 cmlo
1270 1048 1454 1119 ignita
1495 1046 1756 1118 procella
1805 1045 2046 1101 scelesto

2191 1043 2536 1116 ἀλιτηρίους,
2570 1043 2696 1100 οὐδὲ
2729 1046 2981 1120 κεραυνοὶ
3039 1045 3168 1109 τοὺς
3223 1047 3563 1122 παρανόμους
3593 1045 3803 1114 ἐνέπρη-

430 1139 782 1212 absumpsit,
817 1145 918 1196 aut
949 1139 1188 1209 iniquos
1222 1137 1476 1192 fulmina
1501 1136 2051 1202 combusserunt,au

2194 1153 2307 1204 σαν,
2339 1140 2410 1210 γῆ
2441 1131 2499 1188 δὲ
2529 1133 2592 1189 οὐ
2642 1131 2937 1213 διηνοίχθη
2995 1137 3083 1190 καὶ
3131 1135 3353 1192 κατέπιε
3406 1137 3464 1190 τὸ
3518 1133 3801 1206 πάντολμον

425 1229 586 1285 velut
620 1229 764 1284 olim
821 1229 1052 1284 Dathan
1102 1227 1191 1282 illi
1242 1231 1300 1282 et
1350 1227 1572 1281 Abiron
1630 1226 1838 1280 eadem
1903 1225 2046 1295 stirp

2191 1220 2366 1296 γένος,
2409 1223 2485 1286 ὡς
2512 1221 2687 1278 πάλαι
2743 1224 2870 1286 τοὺς
2929 1223 2990 1279 ἐκ
3042 1231 3232 1300 πηγῆς
3275 1232 3374 1294 τῆς
3441 1225 3605 1294 αὐτῆς
3661 1223 3809 1286 Δαθὰν

425 1319 730 1392 prognatis
760 1318 983 1374 factum
1012 1317 1308 1384 novimus,
1341 1315 1656 1372 dehiscens
1688 1315 1862 1370 tellus
1903 1311 2046 1370 auda

2194 1308 2397 1366 ἐκεῖνον
2441 1311 2716 1384 ἀκούομεν
2792 1315 2882 1368 καὶ
2941 1308 3236 1388 Ἀϐειρών·
3299 1313 3442 1370 ἄλλά
3495 1334 3576 1377 τις
3619 1311 3809 1382 ἐνήπτει

427 1408 731 1464 cissimam
761 1406 1106 1479 progeniem
1139 1405 1446 1478 deglutivit
1473 1422 1486 1472 ;
1525 1405 1627 1460 sed
1665 1404 1784 1460 alia
1813 1401 2048 1474 qumdar

2195 1395 2317 1470 δίκη
2377 1406 2492 1462 τοῖς
2539 1399 2850 1474 τολμηταῖς
2892 1401 3067 1478 ἑτέρα,
3122 1405 3157 1474 ἢ
3205 1403 3295 1458 καὶ
3351 1407 3448 1459 τοῦ
3504 1401 3597 1476 ζῇν
3653 1401 3694 1456 εἰ
3736 1399 3812 1454 καὶ

429 1497 685 1554 audaces
711 1495 937 1551 invadit
957 1495 1123 1562 ultio,
1159 1511 1288 1566 quae
1329 1494 1439 1549 etsi
1494 1493 1612 1548 illis
1652 1492 1866 1549 acerba
1895 1496 2050 1548 mort

2196 1491 2272 1561 μή
2367 1493 2580 1564 πικρῶς
2671 1489 2908 1556 ἐκείνους
2988 1491 3328 1570 ἀφήρπασεν,
3404 1490 3546 1548 ἀλλά
3625 1511 3684 1565 γε
3745 1489 3811 1562 μὴ

427 1585 609 1641 vitam
633 1601 754 1640 non
785 1583 1052 1650 abstulit,
1085 1583 1227 1639 satis
1259 1588 1456 1638 tamen
1488 1581 1798 1638 admonuit
1816 1587 1941 1636 tum
1961 1598 2048 1636 eos

2195 1575 2378 1633 ἄδικον
2413 1584 2576 1654 χεῖρα
2630 1586 2796 1635 κινεῖν
2833 1581 2969 1636 κατὰ
3022 1586 3131 1637 τῶν
3183 1581 3452 1638 τοιούτων
3510 1578 3815 1646 ἐπαίδευσεν,

433 1674 536 1746 qui
559 1672 774 1729 eruditi
807 1673 891 1727 sic
919 1676 1081 1738 sunt,
1145 1676 1270 1727 tum
1302 1671 1472 1741 alios,
1529 1671 1746 1742 quibus
1792 1671 1934 1726 tacti
1969 1670 2054 1724 vin

2196 1666 2394 1729 αὐτούς
2445 1689 2504 1724 τε
2573 1667 2704 1732 τοὺς
2767 1670 3056 1743 μαθόντας,
3110 1671 3198 1725 καὶ
3260 1673 3344 1733 οἷς
3401 1670 3466 1726 τὸ
3522 1663 3718 1742 συμϐὰν
3771 1667 3817 1721 οἱ

433 1763 591 1819 dicta
621 1762 841 1818 factum
874 1760 1250 1828 enarrabant,
1274 1777 1348 1816 ne
1377 1761 1724 1816 sceleratam
1751 1776 1993 1815 manum
2023 1759 2054 1813 ί]

2199 1755 2491 1830 πληγέντες
2535 1757 2842 1836 ἐξέφραζον.
2873 1760 2939 1815 Ἡ
2999 1757 3123 1830 δίκη
3175 1757 3232 1816 δὲ
3283 1761 3350 1828 ἦν
3409 1758 3636 1836 ἀορασία
3665 1754 3820 1826 δεινὴ,

436 1868 540 1908 eos
570 1849 939 1922 (discipulos)
969 1855 1297 1906 moverent.
1349 1851 1484 1905 Haec
1532 1853 1730 1905 autem
1784 1849 1929 1904 ultio
1976 1848 2057 1903 fui

2202 1847 2286 1902 καὶ
2315 1849 2543 1922 τεχνικὴ
2573 1846 2877 1924 τύφλωσις,
2935 1847 3067 1926 ὅπερ
3115 1847 3288 1912 ὅντως
3345 1848 3644 1926 ἐτύγχανον
3687 1840 3823 1908 ὄντες

435 1949 605 2000 atrox
626 1943 867 1998 luminis
890 1941 1117 1998 orbatio
1141 1947 1201 1998 et
1227 1943 1548 1998 artiﬁciosa
1589 1941 1844 2008 cmcitas,
1879 1956 2054 2012 quem

2204 1936 2392 1991 ἐκεῖνοι
2419 1938 2554 1992 κατὰ
2601 1937 2814 2012 ψυχὴν,
2872 1938 3022 2014 εἷ’περ
3079 1937 3224 1994 ’ἀλλο
3282 1960 3360 1996 τι.
3424 1939 3524 1996 Καὶ
3579 1940 3616 2008 η
3645 1934 3825 2011 πληγῆ

437 2031 758 2090 admodum
789 2032 1051 2089 caecitate
1099 2032 1282 2088 animi
1313 2049 1558 2103 prorsus
1589 2047 1656 2086 ac
1709 2030 2058 2102 potissimum

2209 2029 2292 2096 τῆς
2327 2029 2422 2100 μὲν
2452 2027 2820 2100 ἀνοσιωτάτης
2886 2028 3079 2104 ἀπάγει
3129 2028 3376 2103 τόλμης,
3434 2034 3532 2085 τοῦ
3588 2026 3644 2084 δὲ
3696 2025 3830 2081 πλα-

435 2121 804 2178 laborabant.
849 2123 966 2177 Ista
1022 2138 1198 2193 porro
1231 2120 1536 2176 calamitas
1577 2137 1611 2174 a
1658 2118 2056 2174 nefandissimi

2210 2118 2382 2171 νᾶσθαι
2413 2116 2504 2172 καὶ
2563 2118 2924 2194 προσκόπτειν
2973 2117 3100 2181 τοὺς
3156 2119 3619 2194 πεπλανημένους
3675 2113 3831 2174 ὅντως

436 2210 678 2283 quidem
708 2227 856 2266 ausu
878 2226 978 2266 eos
1005 2210 1270 2265 continet
1304 2226 1318 2276 ;
1350 2225 1460 2264 nec
1513 2213 1710 2264 tamen
1765 2208 1900 2262 illos
1955 2224 2057 2262 veri

2219 2204 2430 2268 κείνους
2481 2206 2575 2260 καὶ
2633 2209 2860 2280 μιαροὺς
2947 2207 3008 2262 ού
3063 2207 3253 2282 πόρῥω
3318 2207 3672 2284 προτίθησιν·
3723 2201 3840 2260 ἀλλ’

437 2299 720 2372 deceptos
753 2315 819 2355 ac
842 2299 1058 2372 impios
1089 2299 1161 2354 ab
1186 2315 1386 2354 errore
1409 2303 1467 2352 et
1491 2297 1704 2354 acerbo
1723 2297 1856 2352 odio
1869 2297 2058 2353 abstra

2222 2293 2400 2366 Ξθλιοι,
2453 2294 2640 2352 ἄλλων
2689 2296 2872 2360 αὐτοῖς
2931 2295 3274 2373 ἡγουμένων,
3347 2305 3452 2368 τῆς
3502 2297 3843 2371 ἀσυμπαθοῦς

433 2389 527 2445 hit
560 2405 573 2456 ;
607 2389 712 2444 sed
741 2389 966 2456 miseri,
1024 2388 1158 2444 aliis
1217 2404 1318 2442 eos
1368 2385 1818 2450 deducentibus,
1861 2385 2054 2457 justam

2226 2385 2532 2462 κστρατείας
2603 2388 2702 2455 τὴν
2775 2383 2984 2442 δικαίαν
3050 2386 3259 2458 ἐκείνην
3346 2390 3596 2466 μάστιγα
3679 2381 3847 2441 οἳκαδε

433 2477 597 2538 illam
627 2477 874 2532 immitis
905 2477 1185 2533 facinoris
1232 2492 1492 2548 pmnam,
1533 2475 1926 2548 promeritam
1955 2491 2054 2530 ver

1232 2492 1492 2548 pmnam,
1533 2475 1926 2548 promeritam
1955 2491 2088 2530 vere
2197 2475 2444 2556 φέροντες
2463 2475 2835 2553 ἐθησαύριζον.

430 2563 802 2635 thesaurum,
828 2568 1070 2623 domum
1091 2571 1489 2638 reportarunt.

511 2659 708 2714 XXVI.
745 2659 958 2712 Verum
981 2673 1137 2712 unus
1161 2654 1404 2727 quidam
1460 2672 1490 2710 e
1521 2654 1785 2726 profanis
1818 2655 2091 2710 sacerdo-

2271 2668 2378 2738 KC‘.
2412 2669 2508 2730 Εἷς
2541 2665 2598 2723 δέ
2626 2689 2710 2730 τις
2739 2672 2848 2724 τῶν
2899 2663 3154 2744 βεϐήλων
3209 2668 3409 2743 ἱερέων
3470 2673 3574 2726 τοῦ
3634 2685 3856 2744 γριστο·

445 2747 601 2803 tibus
624 2746 890 2820 synedrii
913 2745 1071 2800 illius
1093 2745 1324 2800 Christo
1357 2743 1595 2812 infensi,
1630 2761 1728 2814 qui
1754 2744 2066 2800 calamitati

2236 2758 2386 2832 ,άχου
2418 2753 2694 2832 συνεδρίου
2725 2755 2955 2827 ἐκείνου,
2999 2760 3076 2831 μὴ
3124 2762 3204 2830 τῷ
3240 2759 3348 2832 ἳσῳ
3409 2761 3578 2815 πάθει
3610 2743 3857 2832 πληγεὶς,

446 2836 552 2892 illa
571 2840 764 2892 tactus
791 2851 911 2890 non
937 2835 1148 2902 fuerat,
1185 2833 1300 2890 alio
1323 2849 1500 2904 quam
1531 2833 1814 2906 antiquus
1849 2833 1950 2888 ille
1979 2834 2067 2888 Oz:

2241 2845 2518 2923 φίησιτᾶς
2548 2850 2760 2920 χεῖρας,
2791 2844 2982 2908 ’ἄλλως
3034 2847 3110 2909 ὡς
3169 2847 3323 2918 Ὀξὰν
3377 2853 3414 2905 k
3471 2847 3706 2915 ἐκεῖνος,
3761 2843 3862 2909 ὅλη

452 2924 918 2990 consilio,stulto
942 2939 1185 2995 prorsus
1216 2923 1464 2994 impetu,
1499 2929 1780 2994 tanquam
1812 2923 1914 2993 qui
1943 2922 2073 2978 duc<

2247 2922 2364 3010 ωρᾷ
2417 2938 2486 3007 τῇ
2546 2933 2714 3010 ῥύμῃ,
2771 2934 3012 3010 καθάπερ
3075 2936 3152 3008 μή
3235 2941 3369 2993 νοῦν
3431 2935 3650 3013 ὁδηγὸν
3710 2931 3868 3010 ἔχων,

442 3014 696 3070 rationis
729 3013 953 3067 lumine
1011 3011 1372 3078 destituitur,
1427 3028 1639 3066 manus
1687 3011 1976 3079 immittit,
2028 3027 2063 3066 ι]

2254 3045 2343 3079 σεε
2415 3023 2575 3098 ἀπρὶξ
2659 3018 2968 3099 λαϐόμενος
3021 3026 3386 3101 περιγράψαι,
3473 3011 3572 3082 καί
3633 3026 3712 3088 εἷς
3777 3028 3872 3096 γῆν

450 3101 744 3157 tenaciter
771 3099 1228 3170 apprehendens
1258 3099 1512 3154 retineat
1533 3100 1712 3169 inque
1728 3103 1944 3152 terram
1959 3114 2071 3153 cun

2254 3111 2414 3186 ιίμως
2471 3117 2790 3187 καταγαγεῖν
2845 3113 2946 3180 τήν
3003 3111 3272 3187 πάντιμον
3329 3109 3589 3171 κιϐωτὸν
3651 3111 3875 3182 ἐκείνην,

441 3189 770 3263 ignominia
783 3191 1004 3242 evertat
1019 3203 1217 3243 arcam
1238 3187 1402 3242 illam
1422 3203 1664 3258 prorsus
1676 3186 2062 3241 venerandam

2258 3201 2295 3254 ιὶ
2347 3199 2439 3254 τὸν
2501 3197 2552 3254 ἐν
2599 3199 2740 3274 αὐτῇ
2796 3199 3132 3272 τιμιώτατον
3185 3203 3497 3276 θησαυρὸν,
3559 3203 3655 3258 τὸν
3686 3205 3879 3272 θαυμα-

433 3295 511 3335 ’8,(3
541 3275 1058 3349 pretiosissimum,
1082 3276 1182 3344 qui
1205 3275 1266 3328 in
1298 3291 1367 3330 ea
1383 3274 1702 3343 ferebatur,
1731 3275 2054 3330 thesaurun

2260 3246 2295 3254 ’⁷
2359 3246 2433 3254 ’⁷⁷
2501 3246 2546 3254 ⁷⁷
2600 3246 2740 3274 ’.⁷”ἷ¹
2809 3246 3126 3272 "r'"'"""'
3190 3246 3497 3276 ’Ἷ’“““Τν⁷’
3571 3246 3650 3258 ’ν’
3689 3246 3858 3272 ""'r"'

2260 3289 2438 3364 ιυργὸν
2497 3286 2694 3342 ἐκεῖνον
2748 3285 2896 3362 λέγω
2951 3287 3161 3363 νεκρὸν,
3220 3288 3419 3365 ἐκχέαι
3471 3292 3570 3347 καὶ
3652 3291 3722 3346 τὰ
3777 3286 3881 3342 δει-

441 3365 590 3423 illud
621 3367 865 3436 inquam
884 3363 1282 3435 corpus,unde
1317 3368 1403 3418 tot
1431 3368 1730 3435 portenta,
1764 3363 2006 3434 dejiciat
2035 3381 2062 3420 a

2262 3363 2404 3432 ἰτατα
2458 3372 2750 3453 ἐξυϐρίσαι.
2811 3375 2967 3434 Ἀλλ’
3025 3381 3060 3448 ἡ
3116 3363 3340 3453 ἃμαχος
3430 3389 3542 3452 τῆς
3635 3378 3883 3452 κειμένης

442 3456 590 3512 diris
612 3453 992 3512 contumeliis
1005 3453 1225 3510 afﬁciat
1251 3455 1324 3508 At
1347 3453 1600 3525 Virginis
1614 3453 1872 3526 jacentis
1888 3454 2063 3510 invict

2264 3465 2366 3527 Χὺς
2425 3470 2824 3542 θαυματουργεῖ
2877 3466 3150 3522 κάνταῦθα
3215 3466 3572 3543 παράδοξον.
3634 3468 3885 3540 Καθάπερ

443 3547 626 3601 virtus
663 3545 760 3600 hic
787 3560 1022 3616 quoque
1053 3543 1272 3598 mirum
1295 3542 1417 3598 edit
1446 3543 2064 3614 portentum.Quemac'

2265 3576 2307 3631 ιρ
2334 3559 2434 3610 τοῦ
2462 3557 2784 3626 κινήσαντος
2815 3555 3048 3629 ὀργάνου
3078 3555 3144 3610 τὰ
3200 3555 3338 3631 βέλη
3399 3542 3747 3626 διίστανται,
3805 3554 3886 3614 οἷς

443 3636 686 3693 modum
708 3634 870 3691 enim
890 3651 962 3689 ex
983 3632 1349 3688 vibrantibus
1363 3649 1610 3688 arcuum
1632 3633 1825 3688 nervis
1843 3650 1904 3689 se
1921 3651 2060 3706 pror

2337 3642 2558 3707 ἐπέλθοι
2609 3643 2952 3718 πηγνύμεναο
3013 3643 3187 3706 οὕτως
3250 3645 3309 3700 αἱ
3405 3643 3662 3722 βέϐηλοι
3712 3650 3890 3722 χεῖρες

451 3727 621 3801 piunt
644 3726 888 3798 sagittas,
919 3728 977 3779 et
1016 3740 1132 3796 quo
1169 3723 1300 3778 latas
1329 3723 1570 3792 fuerint,
1598 3723 1827 3779 haerent
1865 3723 2062 3778 infixa:

2273 3740 2408 3788 εἶναι
2465 3735 2607 3806 ὁμοῦ
2659 3753 2718 3787 τε
2771 3727 2999 3811 ἔφθασαν
3057 3733 3194 3789 κατὰ
3251 3739 3354 3790 τοῦ
3418 3738 3588 3810 ἱεροῦ
3659 3736 3894 3808 σκίμπο-

450 3816 609 3872 haud
639 3831 807 3870 secus
838 3815 1087 3886 impurae
1105 3813 1218 3868 illa;
1244 3829 1460 3869 manus
1478 3813 1657 3868 simul
1678 3818 1855 3883 atque
1869 3829 2071 3869 sacrun

2277 3843 2321 3892 ς,
2355 3821 2572 3876 καὶτοῦ
2607 3819 2916 3896 βάλλοντος
2985 3820 3160 3878 οὐκέτ’
3216 3823 3382 3892 ἦσαν,
3451 3823 3598 3881 ἀλλ’
3658 3823 3893 3898 ἔμειναν,

445 3905 733 3962 lectulum
764 3904 1108 3976 attigerunt,
1141 3919 1263 3958 non
1289 3901 1548 3974 amplius
1580 3901 2066 3975 immittentisjar

2309 3915 2406 3966 τοῦ
2458 3909 2737 3983 θαύματος
2799 3911 2811 3966 !
2873 3909 3206 3988 ἒμπαγεῖσαι
3261 3917 3348 3986 τῷ
3409 3913 3731 3988 σκίμποδι·
3812 3911 3895 3966 καὶ

445 3999 638 4062 erant,
662 3993 786 4062 sed,
819 4009 852 4046 ο
883 3991 1220 4063 prodigium
1257 3990 1269 4044 Ι
1323 3991 1542 4045 lectulo
1598 3990 1829 4055 defixae,
1861 3996 1922 4045 et
1971 4008 2066 4046 cor

2278 4006 2324 4063 ῖς
2356 4001 2524 4076 ὁρῶσι
2589 4001 2688 4070 τήν
2743 4003 2844 4066 τῆς
2911 4005 3150 4075 πονηρᾶς
3205 4000 3442 4075 τόλμης
3507 4006 3720 4074 καινὴν
3773 4021 3899 4071 στη-

448 4083 754 4140 tuentibus
779 4099 942 4137 novae
991 4080 1160 4152 impii
1199 4097 1379 4135 ausus
1433 4097 1621 4151 paena:
1661 4080 1948 4136 indicium
1978 4098 2069 4152 pel

2282 4085 2732 4157 τεύουσαιδίκην.
2766 4089 2828 4146 Ὀ
2899 4085 2956 4144 δὲ
3011 4087 3284 4162 πολέμιος
3348 4091 3536 4169 ἃχειρ
3600 4093 3903 4158 ἐδείκνυτο,

449 4175 818 4228 manserunt.
849 4172 1169 4239 Aggressor
1197 4185 1372 4239 porro
1403 4169 2070 4226 scelestisillismultatu

2289 4177 2464 4233 αὐτῶν
2497 4177 2758 4252 ἀγκώνων
2789 4177 2857 4232 τὰ
2913 4175 3072 4233 ’ἀδικα
3134 4177 3270 4253 βέλη
3333 4183 3680 4256 ζημιωθεὶς
3713 4181 3908 4246 ἐκεῖνα,

451 4261 651 4328 armis,
685 4275 755 4314 ex
785 4258 930 4329 ipsis
951 4257 1166 4312 cubitis
1197 4257 1551 4313 cernebatur
1583 4275 1846 4328 mancus,
1879 4259 2072 4314 dolori

2295 4268 2444 4328 ιεινὸς
2526 4271 2623 4322 τοῦ
2693 4267 2918 4337 πάθους,
2977 4266 3166 4330 ’ἅθλιος
3231 4274 3339 4336 τῆς
3418 4277 3762 4352 συμφορᾶς.
3821 4271 3916 4326 Ἦν

455 4366 668 4406 sensus
698 4363 1091 4414 aerumnosas,
1118 4345 1354 4416 jactura
1409 4347 1632 4402 infelix.
1691 4350 1913 4402 Novum
1944 4349 2076 4404 enin

2294 4353 2474 4412 >ἷδεῖν
2505 4353 2677 4430 θέαμα
2714 4357 2918 4426 καινὸν,
2979 4355 3072 4418 τὰς
3137 4357 3230 4429 μὲν
3295 4364 3520 4434 χεῖρας
3563 4345 3915 4436 ’παραδόξως

457 4439 658 4496 videre
687 4441 814 4492 erat
843 4434 1268 4507 spectaculum,
1300 4451 1512 4490 manus
1551 4435 1778 4492 scilicet
1807 4435 2076 4492 admiran

2299 4443 2642 4520 ὶσκίμποδος
2699 4445 3128 4520 ἀπῃωρημὲνας,
3185 4444 3274 4500 καὶ
3337 4450 3574 4524 θερμὸν
3621 4434 3920 4526 ἐκρεούσας

454 4532 596 4588 dum
644 4529 706 4584 in
740 4525 985 4582 modum
1033 4543 1064 4581 e
1117 4523 1336 4580 lectulo
1382 4523 1734 4596 pendentes,
1794 4525 2071 4598 calidoqu

2302 4553 2374 4589 ια’
2427 4535 2522 4590 τὸν
2606 4531 2663 4588 δὲ
2745 4533 2874 4610 πρὶν
2947 4531 3237 4606 τολμητὴν
3313 4533 3550 4592 ἐκεῖνον
3613 4523 3764 4595 κατὰ
3825 4541 3923 4611 γῆς

455 4637 663 4678 cruore
697 4621 1056 4686 manantes;
1091 4629 1228 4670 eum
1285 4630 1442 4678 vero,
1485 4615 1585 4686 qui
1646 4614 1809 4686 prius
1867 4621 2076 4672 stetera

2308 4623 2570 4697 ευματίαν,
2614 4621 2804 4694 α’ίματι
2859 4622 3219 4697 πεφυρμένον,
3282 4621 3616 4702 ἐρῤιμὲνον
3677 4631 3698 4686 ῑ
3746 4627 3929 4700 ὥσπερ

455 4708 667 4776 audax,
698 4707 864 4763 humi
875 4707 1178 4776 jacentem
1211 4703 1502 4771 saucium,
1534 4705 1819 4776 sanguine
1842 4705 2076 4776 inquina

2325 4717 2528 4786 πτῶμα
2584 4708 2830 4786 δακρύων
2882 4711 3054 4784 ἃξιον,
3108 4709 3410 4786 ἄνθρωπον
3481 4715 3638 4794 δίχα
3698 4720 3929 4794 χειρῶν·

453 4804 603 4864 tum,
637 4797 968 4868 projectum
998 4797 1158 4852 velut
1187 4795 1436 4852 cadaver
1465 4797 1786 4869 quodpiam
1827 4799 2074 4872 lacrymi

2320 4802 2379 4862 ἀς
2415 4802 2512 4876 μὶν
2541 4803 2750 4874 ὁρῶντα
2775 4802 2880 4874 πρὸ
2911 4799 3230 4877 ὀφθαλμῶν,
3288 4803 3404 4872 τήν
3480 4803 3550 4863 δὲ
3609 4807 3751 4884 πρὶν
3804 4827 3938 4880 συμ.

459 4884 836 4958 plorandum,
867 4885 1175 4939 hominem
1213 4891 1554 4940 truncatum
1585 4887 1884 4958 manibus,
1917 4895 1976 4944 et
2004 4890 2080 4946 ha

2318 4912 2376 4945 αν
2424 4889 2670 4959 καθάπαξ
2750 4888 3104 4964 ἀπειρηκότα,
3180 4890 3272 4944 καὶ
3345 4897 3517 4964 μήτε
3620 4897 3939 4974 θαρῤοὖντα

457 4973 698 5048 quidem
729 4990 928 5029 coram
959 4973 1146 5028 oculis
1175 4975 1663 5044 aspicientem,de
1698 4979 1888 5048 primo
1911 4985 2078 5034 auten

2325 4987 2452 5050 ἧσαι
2481 4978 2576 5040 τὰς
2607 4983 2819 5054 χεῖρας,
2863 4977 2957 5032 καὶ
2983 4976 3050 5032 αὖ
3101 4983 3168 5053 τῇ
3198 4982 3306 5034 τῶν
3375 4983 3600 5054 μελῶν
3638 4973 3943 5066 συγγενείᾳ

461 5079 667 5121 earum
699 5078 856 5116 nexu
885 5079 1124 5134 prorsus
1153 5063 1593 5134 desperantem,
1627 5071 1685 5120 et
1733 5067 1913 5123 simul
1973 5085 2082 5125 sua

1580 5107 1593 5134 ,
1627 5071 1685 5120 et
1733 5067 1913 5123 simul
1973 5085 2109 5125 suas
2217 5070 2353 5144 πρὸς
2381 5070 2480 5137 τὴν
2510 5066 2719 5139 αῗτησιν
2749 5066 3194 5143 τυραννούμενον.

467 5170 588 5210 non
621 5150 941 5286 audientem
965 5167 1178 5206 manus
1209 5153 1534 5224 requirere,
1568 5154 1868 5228 simulque
1912 5157 2070 5228 ipsas
2119 5159 2464 5234 requirendi
2522 5159 2813 5216 desiderio
2859 5159 2933 5216 ob
2991 5160 3414 5218 membrorum
3487 5168 3950 5243 cognationem

467 5247 736 5286 excrucia
764 5247 886 5286 um.

459 5247 864 5290 excruciatum
875 5271 886 5284 .

531 5324 604 5378 At
634 5320 811 5377 discit
839 5336 946 5392 per
971 5335 1064 5392 ea,
1097 5336 1227 5390 quae
1259 5337 1469 5392 passus
1487 5323 1698 5394 fuerat,
1723 5325 1980 5398 jacentis
1998 5328 2110 5384 vir-

2326 5327 2827 5404 ὶλπὲπιγινωσκει
2884 5325 2954 5384 δι’
3011 5327 3089 5384 ὧν
3160 5329 3416 5388 πέπονθε
3485 5342 3608 5406 τῆς
3672 5336 3947 5414 κειμένης

1851 5478 1976 5538 Ant
2006 5477 2298 5540 Bellerini
2325 5483 2492 5540 notae

547 5609 629 5680 (k)
651 5605 832 5680 Cod.o_
855 5607 954 5658 Ζᾶν
991 5618 1004 5658 :
1039 5603 1196 5680 Όζάν
1227 5609 1562 5680 autempro
1591 5605 1715 5676 Ὀζά
1745 5609 1924 5666 habet
1952 5616 2012 5666 et
2035 5609 2316 5669 edit.Ald.

541 5677 596 5754 (ἰ)
614 5677 704 5736 Ita
726 5677 912 5736 codex
933 5681 1059 5734 tum
1085 5677 1200 5748 hic,
1235 5683 1361 5734 tum
1393 5677 1553 5734 alibi.
