  <div class='ocr_page' id='page_1' title='image "/cluster/home/n/w/nwhite01/storage/ocr_20150623/139/mdp.39015078384214/084.png"; bbox 0 0 4104 6300; ppageno 0'>
   <div class='ocr_carea' id='block_1_1' title="bbox 320 348 429 414">
    <p class='ocr_par' dir='ltr' id='par_1_1' title="bbox 320 348 429 414">
     <span class='ocr_line' id='line_1_1' title="bbox 320 348 429 414; baseline -0.018 0"><span class='ocrx_word' id='word_1_1' title='bbox 320 348 429 414; x_wconf 71' lang='lat'><strong>153</strong></span> 
     </span>
    </p>
   </div>
   <div class='ocr_carea' id='block_1_2' title="bbox 1257 344 2835 411">
    <p class='ocr_par' dir='ltr' id='par_1_2' title="bbox 1257 344 2835 411">
     <span class='ocr_line' id='line_1_2' title="bbox 1257 344 2835 411; baseline 0.003 -5"><span class='ocrx_word' id='word_1_2' title='bbox 1257 344 1508 407; x_wconf 77' lang='lat' dir='ltr'><strong>SERMO</strong></span> <span class='ocrx_word' id='word_1_3' title='bbox 1552 345 1633 407; x_wconf 89' lang='lat' dir='ltr'><strong>IN</strong></span> <span class='ocrx_word' id='word_1_4' title='bbox 1677 346 2243 410; x_wconf 79' lang='lat' dir='ltr'><strong>DORMI’I‘IONEM</strong></span> <span class='ocrx_word' id='word_1_5' title='bbox 2290 349 2359 410; x_wconf 92' lang='lat' dir='ltr'><strong>B.</strong></span> <span class='ocrx_word' id='word_1_6' title='bbox 2407 349 2480 410; x_wconf 86' lang='lat' dir='ltr'><strong>V.</strong></span> <span class='ocrx_word' id='word_1_7' title='bbox 2527 349 2835 411; x_wconf 79' lang='lat' dir='ltr'><strong>MARLE.</strong></span> 
     </span>
    </p>
   </div>
   <div class='ocr_carea' id='block_1_3' title="bbox 3644 352 3761 427">
    <p class='ocr_par' dir='ltr' id='par_1_3' title="bbox 3644 352 3761 427">
     <span class='ocr_line' id='line_1_3' title="bbox 3644 352 3761 427; baseline 0 -11"><span class='ocrx_word' id='word_1_8' title='bbox 3644 352 3761 427; x_wconf 67' lang='grc'><strong>1541·</strong></span> 
     </span>
    </p>
   </div>
   <div class='ocr_carea' id='block_1_4' title="bbox 342 477 2016 559">
    <p class='ocr_par' dir='ltr' id='par_1_4' title="bbox 342 477 1996 557">
     <span class='ocr_line' id='line_1_4' title="bbox 342 477 1996 557; baseline -0.004 -16"><span class='ocrx_word' id='word_1_9' title='bbox 342 487 432 555; x_wconf 67' lang='grc' dir='ltr'>τὴν</span> <span class='ocrx_word' id='word_1_10' title='bbox 459 483 707 557; x_wconf 79' lang='grc' dir='ltr'>δύναμιν.</span> <span class='ocrx_word' id='word_1_11' title='bbox 742 482 1017 557; x_wconf 83' lang='grc' dir='ltr'>Ηρόσεισι</span> <span class='ocrx_word' id='word_1_12' title='bbox 1066 480 1246 537; x_wconf 90' lang='grc' dir='ltr'>τοίνυν</span> <span class='ocrx_word' id='word_1_13' title='bbox 1287 479 1471 549; x_wconf 76' lang='grc' dir='ltr'>ἱκέτης</span> <span class='ocrx_word' id='word_1_14' title='bbox 1519 477 1772 543; x_wconf 54' lang='grc' dir='ltr'>ἐλεεινός</span> <span class='ocrx_word' id='word_1_15' title='bbox 1824 499 1996 555; x_wconf 87' lang='grc' dir='ltr'>προσ-</span> 
     </span>
    </p>
   </div>
   <div class='ocr_carea' id='block_1_5' title="bbox 2111 477 3764 559">
    <p class='ocr_par' dir='ltr' id='par_1_5' title="bbox 2111 485 3764 559">
     <span class='ocr_line' id='line_1_5' title="bbox 2111 485 3764 559; baseline 0.004 -22"><span class='ocrx_word' id='word_1_16' title='bbox 2111 487 2316 539; x_wconf 90' lang='lat' dir='ltr'><strong>tutem.</strong></span> <span class='ocrx_word' id='word_1_17' title='bbox 2367 486 2541 540; x_wconf 84' lang='lat' dir='ltr'><strong>Miser</strong></span> <span class='ocrx_word' id='word_1_18' title='bbox 2570 502 2706 558; x_wconf 85' lang='lat' dir='ltr'><strong>ergo</strong></span> <span class='ocrx_word' id='word_1_19' title='bbox 2743 486 2971 542; x_wconf 82' lang='lat' dir='ltr'><strong>accedit</strong></span> <span class='ocrx_word' id='word_1_20' title='bbox 3021 485 3303 559; x_wconf 86' lang='lat' dir='ltr'><strong>supplex:</strong></span> <span class='ocrx_word' id='word_1_21' title='bbox 3340 492 3529 545; x_wconf 90' lang='lat' dir='ltr'><strong>semet</strong></span> <span class='ocrx_word' id='word_1_22' title='bbox 3559 488 3631 543; x_wconf 89' lang='lat' dir='ltr'><strong>ad</strong></span> <span class='ocrx_word' id='word_1_23' title='bbox 3660 503 3764 559; x_wconf 87' lang='lat' dir='ltr'><strong>pe-</strong></span> 
     </span>
    </p>
   </div>
   <div class='ocr_carea' id='block_1_6' title="bbox 358 564 2002 639">
    <p class='ocr_par' dir='ltr' id='par_1_6' title="bbox 358 564 2002 639">
     <span class='ocr_line' id='line_1_6' title="bbox 358 564 2002 639; baseline -0.006 -7"><span class='ocrx_word' id='word_1_24' title='bbox 358 575 526 632; x_wconf 81' lang='grc' dir='ltr'>πίπτει</span> <span class='ocrx_word' id='word_1_25' title='bbox 576 580 697 636; x_wconf 81' lang='grc' dir='ltr'>τοῖς</span> <span class='ocrx_word' id='word_1_26' title='bbox 757 577 874 628; x_wconf 83' lang='grc' dir='ltr'><strong>τῶν</strong></span> <span class='ocrx_word' id='word_1_27' title='bbox 934 568 1265 627; x_wconf 71' lang='grc' dir='ltr'><strong>ἀποστόλων</strong></span> <span class='ocrx_word' id='word_1_28' title='bbox 1323 568 1502 624; x_wconf 84' lang='grc' dir='ltr'>ποσίν’</span> <span class='ocrx_word' id='word_1_29' title='bbox 1555 564 1851 639; x_wconf 72' lang='grc' dir='ltr'>ἀντιϐολεῖ,</span> <span class='ocrx_word' id='word_1_30' title='bbox 1885 568 2002 623; x_wconf 87' lang='grc' dir='ltr'>δεῖ-</span> 
     </span>
    </p>
   </div>
   <div class='ocr_carea' id='block_1_7' title="bbox 360 657 2005 738">
    <p class='ocr_par' dir='ltr' id='par_1_7' title="bbox 360 657 2005 738">
     <span class='ocr_line' id='line_1_7' title="bbox 360 657 2005 738; baseline -0.005 -17"><span class='ocrx_word' id='word_1_31' title='bbox 360 688 434 722; x_wconf 79' lang='grc' dir='ltr'><strong>ται</strong></span> <span class='ocrx_word' id='word_1_32' title='bbox 489 668 723 738; x_wconf 80' lang='grc' dir='ltr'>θερμῶς,</span> <span class='ocrx_word' id='word_1_33' title='bbox 785 663 981 737; x_wconf 82' lang='grc' dir='ltr'>πηγὰς</span> <span class='ocrx_word' id='word_1_34' title='bbox 1045 657 1293 735; x_wconf 85' lang='grc' dir='ltr'>δακρύων</span> <span class='ocrx_word' id='word_1_35' title='bbox 1347 658 1560 736; x_wconf 83' lang='grc' dir='ltr'>ἀφίησι,</span> <span class='ocrx_word' id='word_1_36' title='bbox 1614 659 1867 733; x_wconf 72' lang='grc' dir='ltr'><strong>κηρύττει</strong></span> <span class='ocrx_word' id='word_1_37' title='bbox 1908 662 2005 713; x_wconf 76' lang='grc' dir='ltr'>τοῦ</span> 
     </span>
    </p>
   </div>
   <div class='ocr_carea' id='block_1_8' title="bbox 359 746 2005 831">
    <p class='ocr_par' dir='ltr' id='par_1_8' title="bbox 359 746 2005 831">
     <span class='ocr_line' id='line_1_8' title="bbox 359 746 2005 831; baseline -0.007 -19"><span class='ocrx_word' id='word_1_38' title='bbox 359 759 582 831; x_wconf 78' lang='grc' dir='ltr'>Χριστοῦ</span> <span class='ocrx_word' id='word_1_39' title='bbox 629 775 736 826; x_wconf 86' lang='grc' dir='ltr'><strong>μου</strong></span> <span class='ocrx_word' id='word_1_40' title='bbox 787 753 891 820; x_wconf 77' lang='grc' dir='ltr'><strong>τήν</strong></span> <span class='ocrx_word' id='word_1_41' title='bbox 946 748 1198 823; x_wconf 84' lang='grc' dir='ltr'>δύναμιν,</span> <span class='ocrx_word' id='word_1_42' title='bbox 1251 746 1457 818; x_wconf 79' lang='grc' dir='ltr'><strong>δοξάζει</strong></span> <span class='ocrx_word' id='word_1_43' title='bbox 1492 748 1559 803; x_wconf 76' lang='grc' dir='ltr'><strong>τά</strong></span> <span class='ocrx_word' id='word_1_44' title='bbox 1608 747 1874 824; x_wconf 83' lang='grc' dir='ltr'>μεγαλεῖα</span> <span class='ocrx_word' id='word_1_45' title='bbox 1903 754 2005 818; x_wconf 81' lang='grc' dir='ltr'>τῆς</span> 
     </span>
    </p>
   </div>
   <div class='ocr_carea' id='block_1_9' title="bbox 351 834 2003 917">
    <p class='ocr_par' dir='ltr' id='par_1_9' title="bbox 351 834 2003 917">
     <span class='ocr_line' id='line_1_9' title="bbox 351 834 2003 917; baseline -0.004 -19"><span class='ocrx_word' id='word_1_46' title='bbox 351 845 548 901; x_wconf 72' lang='grc' dir='ltr'>ἐκείνου</span> <span class='ocrx_word' id='word_1_47' title='bbox 609 843 859 917; x_wconf 64' lang='grc' dir='ltr'>Μητρὸς,</span> <span class='ocrx_word' id='word_1_48' title='bbox 919 838 1139 913; x_wconf 72' lang='grc' dir='ltr'>ἔξαρνος</span> <span class='ocrx_word' id='word_1_49' title='bbox 1188 837 1390 911; x_wconf 87' lang='grc' dir='ltr'>γίνεται</span> <span class='ocrx_word' id='word_1_50' title='bbox 1446 843 1545 906; x_wconf 80' lang='grc' dir='ltr'>τῆς</span> <span class='ocrx_word' id='word_1_51' title='bbox 1606 834 1776 892; x_wconf 85' lang='grc' dir='ltr'>πάλαι</span> <span class='ocrx_word' id='word_1_52' title='bbox 1835 856 2003 891; x_wconf 77' lang='grc' dir='ltr'>κακο-</span> 
     </span>
    </p>
   </div>
   <div class='ocr_carea' id='block_1_10' title="bbox 352 925 2001 1004">
    <p class='ocr_par' dir='ltr' id='par_1_10' title="bbox 352 925 2001 1004">
     <span class='ocr_line' id='line_1_10' title="bbox 352 925 2001 1004; baseline -0.004 -18"><span class='ocrx_word' id='word_1_53' title='bbox 352 933 503 1004; x_wconf 79' lang='grc' dir='ltr'>δόξου</span> <span class='ocrx_word' id='word_1_54' title='bbox 556 930 865 1002; x_wconf 67' lang='grc' dir='ltr'>θρησκείας·</span> <span class='ocrx_word' id='word_1_55' title='bbox 952 927 1043 983; x_wconf 80' lang='grc' dir='ltr'><strong>καὶ</strong></span> <span class='ocrx_word' id='word_1_56' title='bbox 1126 927 1242 982; x_wconf 82' lang='grc' dir='ltr'>ἀντὶ</span> <span class='ocrx_word' id='word_1_57' title='bbox 1296 925 1504 982; x_wconf 87' lang='grc' dir='ltr'>τούτων</span> <span class='ocrx_word' id='word_1_58' title='bbox 1560 925 2001 995; x_wconf 78' lang='grc' dir='ltr'><strong>ἀποκαταστῆναι</strong></span> 
     </span>
    </p>
   </div>
   <div class='ocr_carea' id='block_1_11' title="bbox 354 1014 2004 1095">
    <p class='ocr_par' dir='ltr' id='par_1_11' title="bbox 354 1014 2004 1095">
     <span class='ocr_line' id='line_1_11' title="bbox 354 1014 2004 1095; baseline -0.007 -16"><span class='ocrx_word' id='word_1_59' title='bbox 354 1023 497 1094; x_wconf 72' lang='grc' dir='ltr'>αὐτῷ</span> <span class='ocrx_word' id='word_1_60' title='bbox 541 1022 636 1085; x_wconf 76' lang='grc' dir='ltr'><strong>τάς</strong></span> <span class='ocrx_word' id='word_1_61' title='bbox 690 1024 908 1095; x_wconf 81' lang='grc' dir='ltr'>χεῖρας,</span> <span class='ocrx_word' id='word_1_62' title='bbox 964 1018 1029 1071; x_wconf 86' lang='grc' dir='ltr'>τὸ</span> <span class='ocrx_word' id='word_1_63' title='bbox 1092 1017 1227 1089; x_wconf 72' lang='grc' dir='ltr'>μέγα</span> <span class='ocrx_word' id='word_1_64' title='bbox 1277 1014 1506 1071; x_wconf 82' lang='grc' dir='ltr'>αἰτεῖται</span> <span class='ocrx_word' id='word_1_65' title='bbox 1558 1018 1665 1069; x_wconf 79' lang='grc' dir='ltr'><strong>τῶν</strong></span> <span class='ocrx_word' id='word_1_66' title='bbox 1703 1015 2004 1087; x_wconf 84' lang='grc' dir='ltr'>ἀνθρώπων</span> 
     </span>
    </p>
   </div>
   <div class='ocr_carea' id='block_1_12' title="bbox 353 1101 2001 1187">
    <p class='ocr_par' dir='ltr' id='par_1_12' title="bbox 353 1101 2001 1187">
     <span class='ocr_line' id='line_1_12' title="bbox 353 1101 2001 1187; baseline -0.013 -19"><span class='ocrx_word' id='word_1_67' title='bbox 353 1112 599 1187; x_wconf 81' lang='grc' dir='ltr'>ὄργανον.</span> <span class='ocrx_word' id='word_1_68' title='bbox 647 1109 800 1166; x_wconf 73' lang='grc' dir='ltr'>Ἐπεὶ</span> <span class='ocrx_word' id='word_1_69' title='bbox 861 1105 920 1162; x_wconf 75' lang='grc' dir='ltr'>δὶ</span> <span class='ocrx_word' id='word_1_70' title='bbox 960 1107 1297 1180; x_wconf 69' lang='grc' dir='ltr'>παροφθῆναι</span> <span class='ocrx_word' id='word_1_71' title='bbox 1356 1104 1459 1159; x_wconf 82' lang='grc' dir='ltr'><strong>οὐκ</strong></span> <span class='ocrx_word' id='word_1_72' title='bbox 1506 1104 1572 1173; x_wconf 79' lang='grc' dir='ltr'>ἧν</span> <span class='ocrx_word' id='word_1_73' title='bbox 1630 1105 1729 1172; x_wconf 77' lang='grc' dir='ltr'>τήν</span> <span class='ocrx_word' id='word_1_74' title='bbox 1789 1101 2001 1176; x_wconf 84' lang='grc' dir='ltr'>ὁμολο.</span> 
     </span>
    </p>
   </div>
   <div class='ocr_carea' id='block_1_13' title="bbox 353 1187 2003 1280">
    <p class='ocr_par' dir='ltr' id='par_1_13' title="bbox 353 1187 2003 1280">
     <span class='ocr_line' id='line_1_13' title="bbox 353 1187 2003 1280; baseline -0.005 -23"><span class='ocrx_word' id='word_1_75' title='bbox 353 1202 472 1280; x_wconf 81' lang='grc' dir='ltr'>γίαν</span> <span class='ocrx_word' id='word_1_76' title='bbox 531 1198 867 1278; x_wconf 75' lang='grc' dir='ltr'>εἰσφέροντα,</span> <span class='ocrx_word' id='word_1_77' title='bbox 927 1196 1018 1250; x_wconf 77' lang='grc' dir='ltr'><strong>καὶ</strong></span> <span class='ocrx_word' id='word_1_78' title='bbox 1077 1192 1167 1249; x_wconf 80' lang='grc' dir='ltr'>διὰ</span> <span class='ocrx_word' id='word_1_79' title='bbox 1219 1196 1380 1248; x_wconf 78' lang='grc' dir='ltr'>τοῦτο</span> <span class='ocrx_word' id='word_1_80' title='bbox 1437 1187 1737 1265; x_wconf 83' lang='grc' dir='ltr'>πληγέντα,</span> <span class='ocrx_word' id='word_1_81' title='bbox 1792 1192 1884 1247; x_wconf 84' lang='grc' dir='ltr'>’ἱνα</span> <span class='ocrx_word' id='word_1_82' title='bbox 1912 1194 2003 1249; x_wconf 87' lang='grc' dir='ltr'>τὸν</span> 
     </span>
    </p>
   </div>
   <div class='ocr_carea' id='block_1_14' title="bbox 351 1279 2001 1367">
    <p class='ocr_par' dir='ltr' id='par_1_14' title="bbox 351 1279 2001 1367">
     <span class='ocr_line' id='line_1_14' title="bbox 351 1279 2001 1367; baseline -0.007 -21"><span class='ocrx_word' id='word_1_83' title='bbox 351 1279 726 1367; x_wconf 70' lang='grc' dir='ltr'>σταυρωθέντα</span> <span class='ocrx_word' id='word_1_84' title='bbox 783 1285 1020 1360; x_wconf 77' lang='grc' dir='ltr'>κηρύξῃ,</span> <span class='ocrx_word' id='word_1_85' title='bbox 1087 1283 1348 1359; x_wconf 78' lang='grc' dir='ltr'>τυγχάνει</span> <span class='ocrx_word' id='word_1_86' title='bbox 1411 1288 1512 1352; x_wconf 84' lang='grc' dir='ltr'>τῆς</span> <span class='ocrx_word' id='word_1_87' title='bbox 1573 1279 1809 1353; x_wconf 76' lang='grc' dir='ltr'>δεήσεως</span> <span class='ocrx_word' id='word_1_88' title='bbox 1863 1281 2001 1357; x_wconf 76' lang='grc' dir='ltr'>εὐχῇ</span> 
     </span>
    </p>
   </div>
   <div class='ocr_carea' id='block_1_15' title="bbox 357 1368 2001 1454">
    <p class='ocr_par' dir='ltr' id='par_1_15' title="bbox 357 1368 2001 1454">
     <span class='ocr_line' id='line_1_15' title="bbox 357 1368 2001 1454; baseline -0.007 -19"><span class='ocrx_word' id='word_1_89' title='bbox 357 1381 451 1454; x_wconf 70' lang='grc' dir='ltr'>μὲν</span> <span class='ocrx_word' id='word_1_90' title='bbox 506 1384 613 1434; x_wconf 81' lang='grc' dir='ltr'><strong>τῶν</strong></span> <span class='ocrx_word' id='word_1_91' title='bbox 662 1374 1010 1439; x_wconf 82' lang='grc' dir='ltr'>ἀποστόλων,</span> <span class='ocrx_word' id='word_1_92' title='bbox 1068 1368 1288 1444; x_wconf 85' lang='grc' dir='ltr'>δυνάμει</span> <span class='ocrx_word' id='word_1_93' title='bbox 1347 1368 1406 1426; x_wconf 77' lang='grc' dir='ltr'>δὲ</span> <span class='ocrx_word' id='word_1_94' title='bbox 1462 1373 1559 1440; x_wconf 75' lang='grc' dir='ltr'><strong>τῆς</strong></span> <span class='ocrx_word' id='word_1_95' title='bbox 1615 1369 2001 1448; x_wconf 65' lang='grc' dir='ltr'>ἐκφερομένης·</span> 
     </span>
    </p>
   </div>
   <div class='ocr_carea' id='block_1_16' title="bbox 352 1457 2004 1537">
    <p class='ocr_par' dir='ltr' id='par_1_16' title="bbox 352 1457 2004 1537">
     <span class='ocr_line' id='line_1_16' title="bbox 352 1457 2004 1537; baseline -0.007 -13"><span class='ocrx_word' id='word_1_96' title='bbox 352 1469 444 1524; x_wconf 78' lang='grc' dir='ltr'><strong>καὶ</strong></span> <span class='ocrx_word' id='word_1_97' title='bbox 502 1469 621 1522; x_wconf 79' lang='grc' dir='ltr'>οἷον</span> <span class='ocrx_word' id='word_1_98' title='bbox 674 1469 768 1520; x_wconf 80' lang='grc' dir='ltr'><strong>τοῦ</strong></span> <span class='ocrx_word' id='word_1_99' title='bbox 816 1458 1128 1537; x_wconf 77' lang='grc' dir='ltr'>σκίμποδος</span> <span class='ocrx_word' id='word_1_100' title='bbox 1203 1460 1258 1514; x_wconf 70' lang='grc' dir='ltr'>αἱ</span> <span class='ocrx_word' id='word_1_101' title='bbox 1333 1464 1516 1535; x_wconf 86' lang='grc' dir='ltr'>χεῖρες</span> <span class='ocrx_word' id='word_1_102' title='bbox 1572 1457 2004 1530; x_wconf 84' lang='grc' dir='ltr'>ἐκπετασθεῖσαι,</span> 
     </span>
    </p>
   </div>
   <div class='ocr_carea' id='block_1_17' title="bbox 349 1548 2006 1632">
    <p class='ocr_par' dir='ltr' id='par_1_17' title="bbox 349 1548 2006 1632">
     <span class='ocr_line' id='line_1_17' title="bbox 349 1548 2006 1632; baseline -0.008 -17"><span class='ocrx_word' id='word_1_103' title='bbox 349 1562 431 1631; x_wconf 79' lang='grc' dir='ltr'>τῷ</span> <span class='ocrx_word' id='word_1_104' title='bbox 463 1559 708 1632; x_wconf 73' lang='grc' dir='ltr'>συγγενεῖ</span> <span class='ocrx_word' id='word_1_105' title='bbox 763 1555 866 1623; x_wconf 68' lang='grc' dir='ltr'>τήν</span> <span class='ocrx_word' id='word_1_106' title='bbox 924 1551 1075 1620; x_wconf 80' lang='grc' dir='ltr'>τάξιν</span> <span class='ocrx_word' id='word_1_107' title='bbox 1129 1548 1333 1605; x_wconf 78' lang='grc' dir='ltr'>ἔσωσαν</span> <span class='ocrx_word' id='word_1_108' title='bbox 1389 1549 1626 1622; x_wconf 85' lang='grc' dir='ltr'>σώματι,</span> <span class='ocrx_word' id='word_1_109' title='bbox 1657 1549 1748 1603; x_wconf 83' lang='grc' dir='ltr'>καὶ</span> <span class='ocrx_word' id='word_1_110' title='bbox 1789 1549 2006 1624; x_wconf 70' lang='grc' dir='ltr'>γέγονεν</span> 
     </span>
    </p>
   </div>
   <div class='ocr_carea' id='block_1_18' title="bbox 347 1637 2005 1724">
    <p class='ocr_par' dir='ltr' id='par_1_18' title="bbox 347 1637 2005 1724">
     <span class='ocr_line' id='line_1_18' title="bbox 347 1637 2005 1724; baseline -0.008 -20"><span class='ocrx_word' id='word_1_111' title='bbox 347 1650 536 1724; x_wconf 74' lang='grc' dir='ltr'>ἄρτιος</span> <span class='ocrx_word' id='word_1_112' title='bbox 595 1646 778 1719; x_wconf 71' lang='grc' dir='ltr'>ψυχὴν</span> <span class='ocrx_word' id='word_1_113' title='bbox 838 1642 934 1697; x_wconf 86' lang='grc' dir='ltr'><strong>καὶ</strong></span> <span class='ocrx_word' id='word_1_114' title='bbox 994 1645 1156 1712; x_wconf 77' lang='grc' dir='ltr'>σῶμα</span> <span class='ocrx_word' id='word_1_115' title='bbox 1209 1638 1410 1700; x_wconf 85' lang='grc' dir='ltr'>ἐκεῖνος</span> <span class='ocrx_word' id='word_1_116' title='bbox 1472 1639 1500 1693; x_wconf 98' lang='lat'><strong>6</strong></span> <span class='ocrx_word' id='word_1_117' title='bbox 1558 1637 1864 1713; x_wconf 73' lang='grc' dir='ltr'>ἄνθρωπος,</span> <span class='ocrx_word' id='word_1_118' title='bbox 1914 1638 2005 1693; x_wconf 85' lang='grc' dir='ltr'><strong>καὶ</strong></span> 
     </span>
    </p>
   </div>
   <div class='ocr_carea' id='block_1_19' title="bbox 347 1726 2001 1810">
    <p class='ocr_par' dir='ltr' id='par_1_19' title="bbox 347 1726 2001 1810">
     <span class='ocr_line' id='line_1_19' title="bbox 347 1726 2001 1810; baseline -0.006 -17"><span class='ocrx_word' id='word_1_119' title='bbox 347 1738 495 1793; x_wconf 73' lang='grc' dir='ltr'>οὕτω</span> <span class='ocrx_word' id='word_1_120' title='bbox 555 1734 769 1810; x_wconf 84' lang='grc' dir='ltr'>χαίρων</span> <span class='ocrx_word' id='word_1_121' title='bbox 829 1729 977 1805; x_wconf 76' lang='grc' dir='ltr'>διῄει</span> <span class='ocrx_word' id='word_1_122' title='bbox 1032 1729 1122 1784; x_wconf 76' lang='grc' dir='ltr'><strong>καὶ</strong></span> <span class='ocrx_word' id='word_1_123' title='bbox 1185 1726 1506 1805; x_wconf 82' lang='grc' dir='ltr'>μεγαλύνων</span> <span class='ocrx_word' id='word_1_124' title='bbox 1561 1730 1659 1798; x_wconf 79' lang='grc' dir='ltr'>τὴν</span> <span class='ocrx_word' id='word_1_125' title='bbox 1712 1727 2001 1804; x_wconf 84' lang='grc' dir='ltr'>Πάναγνον.</span> 
     </span>
    </p>
   </div>
   <div class='ocr_carea' id='block_1_20' title="bbox 2113 573 3766 646">
    <p class='ocr_par' dir='ltr' id='par_1_20' title="bbox 2113 573 3766 646">
     <span class='ocr_line' id='line_1_20' title="bbox 2113 573 3766 646; baseline 0.003 -19"><span class='ocrx_word' id='word_1_126' title='bbox 2113 573 2216 627; x_wconf 88' lang='lat' dir='ltr'><strong>des</strong></span> <span class='ocrx_word' id='word_1_127' title='bbox 2245 574 2646 644; x_wconf 80' lang='lat' dir='ltr'><strong>apostolorum</strong></span> <span class='ocrx_word' id='word_1_128' title='bbox 2685 576 3051 646; x_wconf 81' lang='lat' dir='ltr'><strong>prosternit;</strong></span> <span class='ocrx_word' id='word_1_129' title='bbox 3103 584 3326 646; x_wconf 84' lang='lat' dir='ltr'><strong>exorat,</strong></span> <span class='ocrx_word' id='word_1_130' title='bbox 3384 580 3766 633; x_wconf 83' lang='lat' dir='ltr'><strong>vehementer</strong></span> 
     </span>
    </p>
   </div>
   <div class='ocr_carea' id='block_1_21' title="bbox 2113 663 3765 740">
    <p class='ocr_par' dir='ltr' id='par_1_21' title="bbox 2113 663 3765 740">
     <span class='ocr_line' id='line_1_21' title="bbox 2113 663 3765 740; baseline 0.003 -21"><span class='ocrx_word' id='word_1_131' title='bbox 2113 663 2461 735; x_wconf 80' lang='lat' dir='ltr'><strong>obtestatur,</strong></span> <span class='ocrx_word' id='word_1_132' title='bbox 2516 665 2911 736; x_wconf 84' lang='lat' dir='ltr'><strong>lacrymarum</strong></span> <span class='ocrx_word' id='word_1_133' title='bbox 2962 668 3116 723; x_wconf 89' lang='lat' dir='ltr'><strong>rivos</strong></span> <span class='ocrx_word' id='word_1_134' title='bbox 3177 669 3448 737; x_wconf 73' lang='lat' dir='ltr'><strong>effundit,</strong></span> <span class='ocrx_word' id='word_1_135' title='bbox 3482 669 3765 740; x_wconf 64' lang='lat' dir='ltr'><strong>praedicat</strong></span> 
     </span>
    </p>
   </div>
   <div class='ocr_carea' id='block_1_22' title="bbox 2112 755 3760 829">
    <p class='ocr_par' dir='ltr' id='par_1_22' title="bbox 2112 755 3760 829">
     <span class='ocr_line' id='line_1_22' title="bbox 2112 755 3760 829; baseline 0.002 -19"><span class='ocrx_word' id='word_1_136' title='bbox 2112 755 2325 810; x_wconf 82' lang='lat' dir='ltr'><strong>Christi</strong></span> <span class='ocrx_word' id='word_1_137' title='bbox 2360 757 2474 811; x_wconf 91' lang='lat' dir='ltr'><strong>mei</strong></span> <span class='ocrx_word' id='word_1_138' title='bbox 2508 757 2804 825; x_wconf 82' lang='lat' dir='ltr'><strong>virtutem,</strong></span> <span class='ocrx_word' id='word_1_139' title='bbox 2834 757 3130 829; x_wconf 82' lang='lat' dir='ltr'><strong>magnalia</strong></span> <span class='ocrx_word' id='word_1_140' title='bbox 3161 758 3360 812; x_wconf 84' lang='lat' dir='ltr'><strong>Matris</strong></span> <span class='ocrx_word' id='word_1_141' title='bbox 3393 759 3522 829; x_wconf 85' lang='lat' dir='ltr'><strong>ejus</strong></span> <span class='ocrx_word' id='word_1_142' title='bbox 3552 759 3760 825; x_wconf 82' lang='lat' dir='ltr'><strong>effert;</strong></span> 
     </span>
    </p>
   </div>
   <div class='ocr_carea' id='block_1_23' title="bbox 2110 844 3759 917">
    <p class='ocr_par' dir='ltr' id='par_1_23' title="bbox 2110 844 3759 917">
     <span class='ocr_line' id='line_1_23' title="bbox 2110 844 3759 917; baseline 0.003 -20"><span class='ocrx_word' id='word_1_143' title='bbox 2110 844 2395 915; x_wconf 77' lang='lat' dir='ltr'><strong>pristimm</strong></span> <span class='ocrx_word' id='word_1_144' title='bbox 2437 862 2627 916; x_wconf 66' lang='lat' dir='ltr'><strong>pravas</strong></span> <span class='ocrx_word' id='word_1_145' title='bbox 2694 846 3102 917; x_wconf 86' lang='lat' dir='ltr'><strong>superstitioni</strong></span> <span class='ocrx_word' id='word_1_146' title='bbox 3160 848 3437 901; x_wconf 87' lang='lat' dir='ltr'><strong>nuntium</strong></span> <span class='ocrx_word' id='word_1_147' title='bbox 3467 848 3759 915; x_wconf 88' lang='lat' dir='ltr'><strong>remittit;</strong></span> 
     </span>
    </p>
   </div>
   <div class='ocr_carea' id='block_1_24' title="bbox 2110 933 3762 1006">
    <p class='ocr_par' dir='ltr' id='par_1_24' title="bbox 2110 933 3762 1006">
     <span class='ocr_line' id='line_1_24' title="bbox 2110 933 3762 1006; baseline 0.002 -19"><span class='ocrx_word' id='word_1_148' title='bbox 2110 938 2285 1003; x_wconf 89' lang='lat' dir='ltr'><strong>atque</strong></span> <span class='ocrx_word' id='word_1_149' title='bbox 2318 933 2529 987; x_wconf 85' lang='lat' dir='ltr'><strong>horum</strong></span> <span class='ocrx_word' id='word_1_150' title='bbox 2561 934 2748 1004; x_wconf 85' lang='lat' dir='ltr'><strong>gratia</strong></span> <span class='ocrx_word' id='word_1_151' title='bbox 2776 939 2844 988; x_wconf 93' lang='lat' dir='ltr'><strong>ut</strong></span> <span class='ocrx_word' id='word_1_152' title='bbox 2882 934 2995 988; x_wconf 89' lang='lat' dir='ltr'><strong>sibi</strong></span> <span class='ocrx_word' id='word_1_153' title='bbox 3042 950 3272 1000; x_wconf 89' lang='lat' dir='ltr'><strong>manus,</strong></span> <span class='ocrx_word' id='word_1_154' title='bbox 3305 951 3584 1006; x_wconf 83' lang='lat' dir='ltr'><strong>magnum</strong></span> <span class='ocrx_word' id='word_1_155' title='bbox 3612 935 3762 991; x_wconf 88' lang='lat' dir='ltr'><strong>illud</strong></span> 
     </span>
    </p>
   </div>
   <div class='ocr_carea' id='block_1_25' title="bbox 2112 1023 3761 1097">
    <p class='ocr_par' dir='ltr' id='par_1_25' title="bbox 2112 1023 3761 1097">
     <span class='ocr_line' id='line_1_25' title="bbox 2112 1023 3761 1097; baseline 0.002 -20"><span class='ocrx_word' id='word_1_156' title='bbox 2112 1023 2452 1078; x_wconf 89' lang='lat' dir='ltr'><strong>hominibus</strong></span> <span class='ocrx_word' id='word_1_157' title='bbox 2511 1024 2878 1094; x_wconf 69' lang='lat' dir='ltr'><strong>praesidium,</strong></span> <span class='ocrx_word' id='word_1_158' title='bbox 2945 1024 3287 1093; x_wconf 58' lang='lat' dir='ltr'><strong>reddantur,</strong></span> <span class='ocrx_word' id='word_1_159' title='bbox 3355 1025 3524 1079; x_wconf 84' lang='lat' dir='ltr'><strong>enixe</strong></span> <span class='ocrx_word' id='word_1_160' title='bbox 3574 1030 3761 1097; x_wconf 87' lang='lat' dir='ltr'><strong>rogat.</strong></span> 
     </span>
    </p>
   </div>
   <div class='ocr_carea' id='block_1_26' title="bbox 2110 1112 3761 1185">
    <p class='ocr_par' dir='ltr' id='par_1_26' title="bbox 2110 1112 3761 1185">
     <span class='ocr_line' id='line_1_26' title="bbox 2110 1112 3761 1185; baseline 0 -17"><span class='ocrx_word' id='word_1_161' title='bbox 2110 1112 2603 1182; x_wconf 86' lang='lat' dir='ltr'><strong>Quandoquidem</strong></span> <span class='ocrx_word' id='word_1_162' title='bbox 2635 1117 2832 1168; x_wconf 88' lang='lat' dir='ltr'><strong>autem</strong></span> <span class='ocrx_word' id='word_1_163' title='bbox 2863 1112 3281 1185; x_wconf 88' lang='lat' dir='ltr'><strong>despiciendus</strong></span> <span class='ocrx_word' id='word_1_164' title='bbox 3329 1130 3450 1168; x_wconf 90' lang='lat' dir='ltr'><strong>non</strong></span> <span class='ocrx_word' id='word_1_165' title='bbox 3482 1119 3626 1178; x_wconf 88' lang='lat' dir='ltr'><strong>erat,</strong></span> <span class='ocrx_word' id='word_1_166' title='bbox 3660 1115 3761 1185; x_wconf 89' lang='lat' dir='ltr'><strong>qui</strong></span> 
     </span>
    </p>
   </div>
   <div class='ocr_carea' id='block_1_27' title="bbox 2110 1205 3761 1277">
    <p class='ocr_par' dir='ltr' id='par_1_27' title="bbox 2110 1205 3761 1277">
     <span class='ocr_line' id='line_1_27' title="bbox 2110 1205 3761 1277; baseline 0.001 -18"><span class='ocrx_word' id='word_1_167' title='bbox 2110 1205 2547 1260; x_wconf 85' lang='lat' dir='ltr'><strong>confessionem</strong></span> <span class='ocrx_word' id='word_1_168' title='bbox 2579 1205 2884 1272; x_wconf 75' lang='lat' dir='ltr'><strong>offerebat,</strong></span> <span class='ocrx_word' id='word_1_169' title='bbox 2909 1210 2968 1260; x_wconf 93' lang='lat' dir='ltr'><strong>et</strong></span> <span class='ocrx_word' id='word_1_170' title='bbox 2989 1206 3088 1276; x_wconf 89' lang='lat' dir='ltr'><strong>qui</strong></span> <span class='ocrx_word' id='word_1_171' title='bbox 3121 1205 3252 1260; x_wconf 91' lang='lat' dir='ltr'><strong>ideo</strong></span> <span class='ocrx_word' id='word_1_172' title='bbox 3283 1222 3601 1277; x_wconf 85' lang='lat' dir='ltr'><strong>percussus</strong></span> <span class='ocrx_word' id='word_1_173' title='bbox 3630 1205 3761 1261; x_wconf 87' lang='lat' dir='ltr'><strong>fue-</strong></span> 
     </span>
    </p>
   </div>
   <div class='ocr_carea' id='block_1_28' title="bbox 2108 1294 3760 1367">
    <p class='ocr_par' dir='ltr' id='par_1_28' title="bbox 2108 1294 3760 1367">
     <span class='ocr_line' id='line_1_28' title="bbox 2108 1294 3760 1367; baseline 0.001 -19"><span class='ocrx_word' id='word_1_174' title='bbox 2108 1298 2220 1360; x_wconf 88' lang='lat' dir='ltr'><strong>rat,</strong></span> <span class='ocrx_word' id='word_1_175' title='bbox 2254 1299 2318 1347; x_wconf 89' lang='lat' dir='ltr'><strong>ut</strong></span> <span class='ocrx_word' id='word_1_176' title='bbox 2347 1294 2695 1349; x_wconf 84' lang='lat' dir='ltr'><strong>crucifixum</strong></span> <span class='ocrx_word' id='word_1_177' title='bbox 2726 1295 3098 1366; x_wconf 74' lang='lat' dir='ltr'><strong>prmdicaret,</strong></span> <span class='ocrx_word' id='word_1_178' title='bbox 3142 1295 3571 1349; x_wconf 89' lang='lat' dir='ltr'><strong>intercessione</strong></span> <span class='ocrx_word' id='word_1_179' title='bbox 3612 1311 3760 1367; x_wconf 87' lang='lat' dir='ltr'><strong>apo-</strong></span> 
     </span>
    </p>
   </div>
   <div class='ocr_carea' id='block_1_29' title="bbox 2110 1381 3763 1454">
    <p class='ocr_par' dir='ltr' id='par_1_29' title="bbox 2110 1381 3763 1454">
     <span class='ocr_line' id='line_1_29' title="bbox 2110 1381 3763 1454; baseline -0.001 -16"><span class='ocrx_word' id='word_1_180' title='bbox 2110 1381 2416 1447; x_wconf 89' lang='lat' dir='ltr'><strong>stolorum,</strong></span> <span class='ocrx_word' id='word_1_181' title='bbox 2449 1398 2517 1436; x_wconf 90' lang='lat' dir='ltr'><strong>ac</strong></span> <span class='ocrx_word' id='word_1_182' title='bbox 2544 1382 2758 1437; x_wconf 86' lang='lat' dir='ltr'><strong>virtute</strong></span> <span class='ocrx_word' id='word_1_183' title='bbox 2788 1383 3111 1454; x_wconf 65' lang='lat' dir='ltr'><strong>illius,quaa</strong></span> <span class='ocrx_word' id='word_1_184' title='bbox 3143 1384 3520 1451; x_wconf 76' lang='lat' dir='ltr'><strong>efferebatur,</strong></span> <span class='ocrx_word' id='word_1_185' title='bbox 3544 1383 3663 1438; x_wconf 81' lang='lat' dir='ltr'><strong>voti</strong></span> <span class='ocrx_word' id='word_1_186' title='bbox 3696 1383 3763 1438; x_wconf 84' lang='lat' dir='ltr'><strong>fit</strong></span> 
     </span>
    </p>
   </div>
   <div class='ocr_carea' id='block_1_30' title="bbox 2110 1471 3761 1542">
    <p class='ocr_par' dir='ltr' id='par_1_30' title="bbox 2110 1471 3761 1542">
     <span class='ocr_line' id='line_1_30' title="bbox 2110 1471 3761 1542; baseline 0.002 -18"><span class='ocrx_word' id='word_1_187' title='bbox 2110 1486 2353 1541; x_wconf 88' lang='lat' dir='ltr'><strong>compos</strong></span> <span class='ocrx_word' id='word_1_188' title='bbox 2378 1487 2392 1535; x_wconf 93' lang='lat'><strong>;</strong></span> <span class='ocrx_word' id='word_1_189' title='bbox 2425 1486 2492 1525; x_wconf 89' lang='lat' dir='ltr'><strong>ac</strong></span> <span class='ocrx_word' id='word_1_190' title='bbox 2524 1486 2738 1526; x_wconf 89' lang='lat' dir='ltr'><strong>manus</strong></span> <span class='ocrx_word' id='word_1_191' title='bbox 2760 1488 2794 1526; x_wconf 88' lang='lat' dir='ltr'><strong>a</strong></span> <span class='ocrx_word' id='word_1_192' title='bbox 2814 1471 3031 1527; x_wconf 90' lang='lat' dir='ltr'><strong>lectulo</strong></span> <span class='ocrx_word' id='word_1_193' title='bbox 3050 1472 3228 1527; x_wconf 90' lang='lat' dir='ltr'><strong>veluti</strong></span> <span class='ocrx_word' id='word_1_194' title='bbox 3251 1472 3761 1542; x_wconf 84' lang='lat' dir='ltr'><strong>avolantes,suum</strong></span> 
     </span>
    </p>
   </div>
   <div class='ocr_carea' id='block_1_31' title="bbox 2111 1560 3763 1631">
    <p class='ocr_par' dir='ltr' id='par_1_31' title="bbox 2111 1560 3763 1631">
     <span class='ocr_line' id='line_1_31' title="bbox 2111 1560 3763 1631; baseline 0.001 -16"><span class='ocrx_word' id='word_1_195' title='bbox 2111 1563 2359 1631; x_wconf 87' lang='lat' dir='ltr'><strong>cognato</strong></span> <span class='ocrx_word' id='word_1_196' title='bbox 2390 1561 2624 1631; x_wconf 88' lang='lat' dir='ltr'><strong>corpori</strong></span> <span class='ocrx_word' id='word_1_197' title='bbox 2656 1560 2927 1616; x_wconf 88' lang='lat' dir='ltr'><strong>ordinem</strong></span> <span class='ocrx_word' id='word_1_198' title='bbox 2960 1566 3185 1616; x_wconf 84' lang='lat' dir='ltr'><strong>sartum</strong></span> <span class='ocrx_word' id='word_1_199' title='bbox 3229 1566 3453 1616; x_wconf 85' lang='lat' dir='ltr'><strong>tectum</strong></span> <span class='ocrx_word' id='word_1_200' title='bbox 3483 1561 3763 1616; x_wconf 88' lang='lat' dir='ltr'><strong>reddide—</strong></span> 
     </span>
    </p>
   </div>
   <div class='ocr_carea' id='block_1_32' title="bbox 2110 1650 3762 1723">
    <p class='ocr_par' dir='ltr' id='par_1_32' title="bbox 2110 1650 3762 1723">
     <span class='ocr_line' id='line_1_32' title="bbox 2110 1650 3762 1723; baseline 0.002 -20"><span class='ocrx_word' id='word_1_201' title='bbox 2110 1654 2271 1719; x_wconf 91' lang='lat' dir='ltr'><strong>runt,</strong></span> <span class='ocrx_word' id='word_1_202' title='bbox 2302 1650 2620 1720; x_wconf 88' lang='lat' dir='ltr'><strong>animaque</strong></span> <span class='ocrx_word' id='word_1_203' title='bbox 2652 1650 2828 1705; x_wconf 89' lang='lat' dir='ltr'><strong>simul</strong></span> <span class='ocrx_word' id='word_1_204' title='bbox 2880 1651 3056 1707; x_wconf 92' lang='lat' dir='ltr'><strong>homo</strong></span> <span class='ocrx_word' id='word_1_205' title='bbox 3089 1651 3186 1706; x_wconf 90' lang='lat' dir='ltr'><strong>ille</strong></span> <span class='ocrx_word' id='word_1_206' title='bbox 3219 1656 3275 1705; x_wconf 88' lang='lat' dir='ltr'><strong>et</strong></span> <span class='ocrx_word' id='word_1_207' title='bbox 3304 1668 3549 1723; x_wconf 90' lang='lat' dir='ltr'><strong>corpore</strong></span> <span class='ocrx_word' id='word_1_208' title='bbox 3582 1667 3762 1706; x_wconf 90' lang='lat' dir='ltr'><strong>sanus</strong></span> 
     </span>
    </p>
   </div>
   <div class='ocr_carea' id='block_1_33' title="bbox 2114 1738 3764 1811">
    <p class='ocr_par' dir='ltr' id='par_1_33' title="bbox 2114 1738 3764 1811">
     <span class='ocr_line' id='line_1_33' title="bbox 2114 1738 3764 1811; baseline 0.001 -18"><span class='ocrx_word' id='word_1_209' title='bbox 2114 1740 2358 1794; x_wconf 79' lang='lat' dir='ltr'><strong>effectus</strong></span> <span class='ocrx_word' id='word_1_210' title='bbox 2383 1744 2491 1804; x_wconf 90' lang='lat' dir='ltr'><strong>est,</strong></span> <span class='ocrx_word' id='word_1_211' title='bbox 2512 1744 2570 1795; x_wconf 91' lang='lat' dir='ltr'><strong>et</strong></span> <span class='ocrx_word' id='word_1_212' title='bbox 2599 1739 2683 1794; x_wconf 92' lang='lat' dir='ltr'><strong>sic</strong></span> <span class='ocrx_word' id='word_1_213' title='bbox 2712 1738 2976 1811; x_wconf 83' lang='lat' dir='ltr'><strong>gaudens</strong></span> <span class='ocrx_word' id='word_1_214' title='bbox 3004 1740 3131 1795; x_wconf 85' lang='lat' dir='ltr'><strong>ibat</strong></span> <span class='ocrx_word' id='word_1_215' title='bbox 3149 1757 3216 1795; x_wconf 90' lang='lat' dir='ltr'><strong>ac</strong></span> <span class='ocrx_word' id='word_1_216' title='bbox 3238 1740 3619 1811; x_wconf 87' lang='lat' dir='ltr'><strong>purissimam</strong></span> <span class='ocrx_word' id='word_1_217' title='bbox 3644 1757 3764 1795; x_wconf 90' lang='lat' dir='ltr'><strong>ma-</strong></span> 
     </span>
    </p>
   </div>
   <div class='ocr_carea' id='block_1_34' title="bbox 349 1815 2016 1919">
    <p class='ocr_par' dir='ltr' id='par_1_34' title="bbox 349 1815 2003 1898">
     <span class='ocr_line' id='line_1_34' title="bbox 349 1815 2003 1898; baseline -0.008 -15"><span class='ocrx_word' id='word_1_218' title='bbox 349 1830 439 1898; x_wconf 81' lang='grc' dir='ltr'><strong>Τῷ</strong></span> <span class='ocrx_word' id='word_1_219' title='bbox 478 1822 538 1880; x_wconf 75' lang='grc' dir='ltr'><strong>δὲ</strong></span> <span class='ocrx_word' id='word_1_220' title='bbox 597 1821 796 1887; x_wconf 79' lang='grc' dir='ltr'>ἷαθὲντι</span> <span class='ocrx_word' id='word_1_221' title='bbox 834 1819 1016 1891; x_wconf 83' lang='grc' dir='ltr'>τούτῳ</span> <span class='ocrx_word' id='word_1_222' title='bbox 1064 1815 1274 1894; x_wconf 88' lang='grc' dir='ltr'>φύλλον</span> <span class='ocrx_word' id='word_1_223' title='bbox 1321 1815 1715 1893; x_wconf 82' lang='grc' dir='ltr'>ἐγχειρίζουσιν</span> <span class='ocrx_word' id='word_1_224' title='bbox 1766 1818 1816 1871; x_wconf 78' lang='grc' dir='ltr'>οἱ</span> <span class='ocrx_word' id='word_1_225' title='bbox 1866 1815 2003 1871; x_wconf 82' lang='grc' dir='ltr'>ἀπό-</span> 
     </span>
    </p>
   </div>
   <div class='ocr_carea' id='block_1_35' title="bbox 2111 1815 3757 1919">
    <p class='ocr_par' dir='ltr' id='par_1_35' title="bbox 2111 1828 3757 1900">
     <span class='ocr_line' id='line_1_35' title="bbox 2111 1828 3757 1900; baseline -0.001 -17"><span class='ocrx_word' id='word_1_226' title='bbox 2111 1828 2420 1900; x_wconf 82' lang='lat' dir='ltr'><strong>gniﬁcans.</strong></span> <span class='ocrx_word' id='word_1_227' title='bbox 2452 1830 2769 1898; x_wconf 88' lang='lat' dir='ltr'><strong>Postquam</strong></span> <span class='ocrx_word' id='word_1_228' title='bbox 2811 1833 3009 1883; x_wconf 89' lang='lat' dir='ltr'><strong>autem</strong></span> <span class='ocrx_word' id='word_1_229' title='bbox 3039 1828 3276 1884; x_wconf 87' lang='lat' dir='ltr'><strong>sanitati</strong></span> <span class='ocrx_word' id='word_1_230' title='bbox 3309 1829 3618 1884; x_wconf 89' lang='lat' dir='ltr'><strong>restitutus</strong></span> <span class='ocrx_word' id='word_1_231' title='bbox 3650 1833 3757 1897; x_wconf 90' lang='lat' dir='ltr'><strong>est,</strong></span> 
     </span>
    </p>
   </div>
   <div class='ocr_carea' id='block_1_36' title="bbox 350 1903 2000 1983">
    <p class='ocr_par' dir='ltr' id='par_1_36' title="bbox 350 1903 2000 1983">
     <span class='ocr_line' id='line_1_36' title="bbox 350 1903 2000 1983; baseline -0.007 -14"><span class='ocrx_word' id='word_1_232' title='bbox 350 1913 544 1969; x_wconf 87' lang='grc' dir='ltr'>στολοι</span> <span class='ocrx_word' id='word_1_233' title='bbox 574 1916 674 1968; x_wconf 78' lang='grc' dir='ltr'>τοῦ</span> <span class='ocrx_word' id='word_1_234' title='bbox 704 1908 943 1979; x_wconf 76' lang='grc' dir='ltr'>θαλλοῦ,</span> <span class='ocrx_word' id='word_1_235' title='bbox 1002 1906 1062 1962; x_wconf 78' lang='grc' dir='ltr'>ὅν</span> <span class='ocrx_word' id='word_1_236' title='bbox 1119 1909 1188 1980; x_wconf 78' lang='grc' dir='ltr'>τῇ</span> <span class='ocrx_word' id='word_1_237' title='bbox 1247 1904 1504 1980; x_wconf 72' lang='grc' dir='ltr'>Παρθένῳ</span> <span class='ocrx_word' id='word_1_238' title='bbox 1539 1904 1805 1983; x_wconf 72' lang='grc' dir='ltr'>παρέσχεν</span> <span class='ocrx_word' id='word_1_239' title='bbox 1840 1905 1868 1959; x_wconf 90' lang='lat'><strong>6</strong></span> <span class='ocrx_word' id='word_1_240' title='bbox 1900 1903 2000 1980; x_wconf 78' lang='grc' dir='ltr'><strong>ἄγ-</strong></span> 
     </span>
    </p>
   </div>
   <div class='ocr_carea' id='block_1_37' title="bbox 344 1993 1997 2082">
    <p class='ocr_par' dir='ltr' id='par_1_37' title="bbox 344 1993 1997 2082">
     <span class='ocr_line' id='line_1_37' title="bbox 344 1993 1997 2082; baseline -0.006 -23"><span class='ocrx_word' id='word_1_241' title='bbox 344 2003 528 2082; x_wconf 81' lang='grc' dir='ltr'>γελος,</span> <span class='ocrx_word' id='word_1_242' title='bbox 561 2001 652 2057; x_wconf 82' lang='grc' dir='ltr'>καί</span> <span class='ocrx_word' id='word_1_243' title='bbox 708 1999 917 2074; x_wconf 84' lang='grc' dir='ltr'>ἰατρὸν,</span> <span class='ocrx_word' id='word_1_244' title='bbox 976 1999 1350 2072; x_wconf 79' lang='grc' dir='ltr'>χειροτονοῦσι</span> <span class='ocrx_word' id='word_1_245' title='bbox 1407 1998 1514 2050; x_wconf 78' lang='grc' dir='ltr'>τῶν</span> <span class='ocrx_word' id='word_1_246' title='bbox 1542 1993 1997 2073; x_wconf 67' lang='grc' dir='ltr'>ἐκτυφλωθέντων</span> 
     </span>
    </p>
   </div>
   <div class='ocr_carea' id='block_1_38' title="bbox 342 2083 1997 2168">
    <p class='ocr_par' dir='ltr' id='par_1_38' title="bbox 342 2083 1997 2168">
     <span class='ocr_line' id='line_1_38' title="bbox 342 2083 1997 2168; baseline -0.007 -18"><span class='ocrx_word' id='word_1_247' title='bbox 342 2088 611 2168; x_wconf 72' lang='grc' dir='ltr'>Ἑϐραίων</span> <span class='ocrx_word' id='word_1_248' title='bbox 664 2087 883 2144; x_wconf 78' lang='grc' dir='ltr'>ἐκείνων</span> <span class='ocrx_word' id='word_1_249' title='bbox 939 2086 1033 2141; x_wconf 82' lang='grc' dir='ltr'><strong>καὶ</strong></span> <span class='ocrx_word' id='word_1_250' title='bbox 1084 2091 1182 2154; x_wconf 84' lang='grc' dir='ltr'>τῆς</span> <span class='ocrx_word' id='word_1_251' title='bbox 1246 2085 1427 2161; x_wconf 79' lang='grc' dir='ltr'>ὑγιοῦς</span> <span class='ocrx_word' id='word_1_252' title='bbox 1480 2085 1694 2157; x_wconf 80' lang='grc' dir='ltr'>κήρυκα</span> <span class='ocrx_word' id='word_1_253' title='bbox 1743 2083 1997 2145; x_wconf 86' lang='grc' dir='ltr'>πίστεως.</span> 
     </span>
    </p>
   </div>
   <div class='ocr_carea' id='block_1_39' title="bbox 339 2171 2000 2252">
    <p class='ocr_par' dir='ltr' id='par_1_39' title="bbox 339 2171 2000 2252">
     <span class='ocr_line' id='line_1_39' title="bbox 339 2171 2000 2252; baseline -0.007 -14"><span class='ocrx_word' id='word_1_254' title='bbox 339 2184 396 2239; x_wconf 80' lang='grc' dir='ltr'><strong>Ὀ</strong></span> <span class='ocrx_word' id='word_1_255' title='bbox 454 2180 510 2237; x_wconf 75' lang='grc' dir='ltr'>δὲ</span> <span class='ocrx_word' id='word_1_256' title='bbox 572 2180 735 2249; x_wconf 83' lang='grc' dir='ltr'>σώζει</span> <span class='ocrx_word' id='word_1_257' title='bbox 792 2176 886 2232; x_wconf 89' lang='grc' dir='ltr'><strong>καὶ</strong></span> <span class='ocrx_word' id='word_1_258' title='bbox 941 2174 1131 2252; x_wconf 78' lang='grc' dir='ltr'>ἄμφω·</span> <span class='ocrx_word' id='word_1_259' title='bbox 1181 2176 1326 2228; x_wconf 73' lang='grc' dir='ltr'>ἰᾶται</span> <span class='ocrx_word' id='word_1_260' title='bbox 1377 2175 1470 2247; x_wconf 72' lang='grc' dir='ltr'>μὲν</span> <span class='ocrx_word' id='word_1_261' title='bbox 1516 2177 1597 2245; x_wconf 76' lang='grc' dir='ltr'>τῷ</span> <span class='ocrx_word' id='word_1_262' title='bbox 1641 2172 1836 2250; x_wconf 82' lang='grc' dir='ltr'>φύλλῳ</span> <span class='ocrx_word' id='word_1_263' title='bbox 1873 2171 2000 2234; x_wconf 79' lang='grc' dir='ltr'>τοὺς</span> 
     </span>
    </p>
   </div>
   <div class='ocr_carea' id='block_1_40' title="bbox 342 2259 1996 2345">
    <p class='ocr_par' dir='ltr' id='par_1_40' title="bbox 342 2259 1996 2345">
     <span class='ocr_line' id='line_1_40' title="bbox 342 2259 1996 2345; baseline -0.007 -18"><span class='ocrx_word' id='word_1_264' title='bbox 342 2269 665 2345; x_wconf 75' lang='grc' dir='ltr'>πληγέντας,</span> <span class='ocrx_word' id='word_1_265' title='bbox 718 2266 770 2322; x_wconf 72' lang='grc' dir='ltr'>εἴ</span> <span class='ocrx_word' id='word_1_266' title='bbox 817 2264 908 2320; x_wconf 78' lang='grc' dir='ltr'><strong>καὶ</strong></span> <span class='ocrx_word' id='word_1_267' title='bbox 966 2261 1170 2343; x_wconf 82' lang='grc' dir='ltr'>τυφλοὶ</span> <span class='ocrx_word' id='word_1_268' title='bbox 1224 2259 1495 2336; x_wconf 68' lang='grc' dir='ltr'>διέμεινα)</span> <span class='ocrx_word' id='word_1_269' title='bbox 1526 2262 1624 2331; x_wconf 78' lang='grc' dir='ltr'>τὴν</span> <span class='ocrx_word' id='word_1_270' title='bbox 1657 2263 1864 2340; x_wconf 68' lang='grc' dir='ltr'>ψυχήν*</span> <span class='ocrx_word' id='word_1_271' title='bbox 1896 2263 1996 2332; x_wconf 73' lang='grc' dir='ltr'>τήν</span> 
     </span>
    </p>
   </div>
   <div class='ocr_carea' id='block_1_41' title="bbox 343 2349 1427 2431">
    <p class='ocr_par' dir='ltr' id='par_1_41' title="bbox 343 2349 1427 2431">
     <span class='ocr_line' id='line_1_41' title="bbox 343 2349 1427 2431; baseline -0.01 -12"><span class='ocrx_word' id='word_1_272' title='bbox 343 2359 397 2419; x_wconf 68' lang='grc' dir='ltr'>δὲ</span> <span class='ocrx_word' id='word_1_273' title='bbox 421 2360 607 2431; x_wconf 80' lang='grc' dir='ltr'>άληθῆ</span> <span class='ocrx_word' id='word_1_274' title='bbox 641 2354 802 2428; x_wconf 77' lang='grc' dir='ltr'>δόξαν</span> <span class='ocrx_word' id='word_1_275' title='bbox 832 2352 1115 2429; x_wconf 77' lang='grc' dir='ltr'>σεσίγηκεν</span> <span class='ocrx_word' id='word_1_276' title='bbox 1150 2349 1427 2408; x_wconf 71' lang='grc' dir='ltr'>οὐδέποτε.</span> 
     </span>
    </p>
   </div>
   <div class='ocr_carea' id='block_1_42' title="bbox 414 2621 1996 2707">
    <p class='ocr_par' dir='ltr' id='par_1_42' title="bbox 414 2621 1996 2707">
     <span class='ocr_line' id='line_1_42' title="bbox 414 2621 1996 2707; baseline -0.007 -21"><span class='ocrx_word' id='word_1_277' title='bbox 414 2631 530 2686; x_wconf 75' lang='lat' dir='ltr'><strong>KZ.</strong></span> <span class='ocrx_word' id='word_1_278' title='bbox 586 2630 856 2707; x_wconf 83' lang='grc' dir='ltr'>Ἔχαιρον</span> <span class='ocrx_word' id='word_1_279' title='bbox 928 2624 1024 2681; x_wconf 76' lang='grc' dir='ltr'><strong>οὖν</strong></span> <span class='ocrx_word' id='word_1_280' title='bbox 1101 2623 1152 2678; x_wconf 77' lang='grc' dir='ltr'><strong>οἱ</strong></span> <span class='ocrx_word' id='word_1_281' title='bbox 1225 2621 1561 2696; x_wconf 82' lang='grc' dir='ltr'>νεκροπομοὶ</span> <span class='ocrx_word' id='word_1_282' title='bbox 1618 2624 1686 2696; x_wconf 80' lang='grc' dir='ltr'>τῇ</span> <span class='ocrx_word' id='word_1_283' title='bbox 1745 2640 1996 2675; x_wconf 86' lang='grc' dir='ltr'>καινοτο-</span> 
     </span>
    </p>
   </div>
   <div class='ocr_carea' id='block_1_43' title="bbox 364 2709 1993 2791">
    <p class='ocr_par' dir='ltr' id='par_1_43' title="bbox 364 2709 1993 2791">
     <span class='ocr_line' id='line_1_43' title="bbox 364 2709 1993 2791; baseline -0.003 -20"><span class='ocrx_word' id='word_1_284' title='bbox 364 2718 457 2790; x_wconf 70' lang='grc' dir='ltr'><strong>μία</strong></span> <span class='ocrx_word' id='word_1_285' title='bbox 480 2723 576 2772; x_wconf 65' lang='grc' dir='ltr'>τοῖν</span> <span class='ocrx_word' id='word_1_286' title='bbox 627 2717 929 2791; x_wconf 74' lang='grc' dir='ltr'>θαύματος,</span> <span class='ocrx_word' id='word_1_287' title='bbox 980 2715 1074 2770; x_wconf 78' lang='grc' dir='ltr'><strong>καὶ</strong></span> <span class='ocrx_word' id='word_1_288' title='bbox 1133 2717 1249 2774; x_wconf 86' lang='grc' dir='ltr'>τοῖς</span> <span class='ocrx_word' id='word_1_289' title='bbox 1286 2712 1477 2786; x_wconf 77' lang='grc' dir='ltr'>ὕμνοις</span> <span class='ocrx_word' id='word_1_290' title='bbox 1532 2709 1741 2773; x_wconf 81' lang='grc' dir='ltr'>ἄλλους</span> <span class='ocrx_word' id='word_1_291' title='bbox 1772 2710 1993 2786; x_wconf 78' lang='grc' dir='ltr'>ἐπικρο-</span> 
     </span>
    </p>
   </div>
   <div class='ocr_carea' id='block_1_44' title="bbox 358 2800 1990 2885">
    <p class='ocr_par' dir='ltr' id='par_1_44' title="bbox 358 2800 1990 2885">
     <span class='ocr_line' id='line_1_44' title="bbox 358 2800 1990 2885; baseline -0.004 -22"><span class='ocrx_word' id='word_1_292' title='bbox 358 2812 597 2874; x_wconf 78' lang='grc' dir='ltr'>τοῦντες,</span> <span class='ocrx_word' id='word_1_293' title='bbox 650 2805 1002 2885; x_wconf 81' lang='grc' dir='ltr'>φαιδρότεροι</span> <span class='ocrx_word' id='word_1_294' title='bbox 1064 2805 1165 2872; x_wconf 73' lang='grc' dir='ltr'>τὴν</span> <span class='ocrx_word' id='word_1_295' title='bbox 1215 2802 1303 2858; x_wconf 79' lang='grc' dir='ltr'>ἐπὶ</span> <span class='ocrx_word' id='word_1_296' title='bbox 1355 2802 1447 2857; x_wconf 70' lang='grc' dir='ltr'>τὶν</span> <span class='ocrx_word' id='word_1_297' title='bbox 1500 2800 1667 2879; x_wconf 91' lang='grc' dir='ltr'>τάφον</span> <span class='ocrx_word' id='word_1_298' title='bbox 1724 2801 1990 2875; x_wconf 77' lang='grc' dir='ltr'>ἐχώρουν.</span> 
     </span>
    </p>
   </div>
   <div class='ocr_carea' id='block_1_45' title="bbox 354 2890 1992 2973">
    <p class='ocr_par' dir='ltr' id='par_1_45' title="bbox 354 2890 1992 2973">
     <span class='ocr_line' id='line_1_45' title="bbox 354 2890 1992 2973; baseline -0.005 -21"><span class='ocrx_word' id='word_1_299' title='bbox 354 2899 655 2970; x_wconf 72' lang='grc' dir='ltr'>Γεθσημανή</span> <span class='ocrx_word' id='word_1_300' title='bbox 686 2900 981 2973; x_wconf 80' lang='grc' dir='ltr'>τοιγαροῦν</span> <span class='ocrx_word' id='word_1_301' title='bbox 1016 2891 1212 2955; x_wconf 76' lang='grc' dir='ltr'>αὐτοὺς</span> <span class='ocrx_word' id='word_1_302' title='bbox 1255 2890 1604 2970; x_wconf 76' lang='grc' dir='ltr'>ὑποδέχεται,</span> <span class='ocrx_word' id='word_1_303' title='bbox 1647 2890 1736 2944; x_wconf 79' lang='grc' dir='ltr'><strong>καὶ</strong></span> <span class='ocrx_word' id='word_1_304' title='bbox 1766 2892 1793 2945; x_wconf 86' lang='lat'><strong>6</strong></span> <span class='ocrx_word' id='word_1_305' title='bbox 1823 2890 1992 2967; x_wconf 89' lang='grc' dir='ltr'>τάφος</span> 
     </span>
    </p>
   </div>
   <div class='ocr_carea' id='block_1_46' title="bbox 340 2977 1992 3061">
    <p class='ocr_par' dir='ltr' id='par_1_46' title="bbox 340 2977 1992 3061">
     <span class='ocr_line' id='line_1_46' title="bbox 340 2977 1992 3061; baseline -0.005 -19"><span class='ocrx_word' id='word_1_306' title='bbox 340 2988 429 3042; x_wconf 84' lang='grc' dir='ltr'>τὸν</span> <span class='ocrx_word' id='word_1_307' title='bbox 462 2988 599 3061; x_wconf 78' lang='grc' dir='ltr'>ἱερὸν</span> <span class='ocrx_word' id='word_1_308' title='bbox 628 2986 835 3042; x_wconf 82' lang='grc' dir='ltr'>ἐκεῖνον</span> <span class='ocrx_word' id='word_1_309' title='bbox 886 2984 1071 3054; x_wconf 70' lang='grc' dir='ltr'>ἐζήτει</span> <span class='ocrx_word' id='word_1_310' title='bbox 1118 2981 1339 3061; x_wconf 79' lang='grc' dir='ltr'>φόρτον.</span> <span class='ocrx_word' id='word_1_311' title='bbox 1372 2981 1440 3037; x_wconf 74' lang='grc' dir='ltr'><strong>Οἱ</strong></span> <span class='ocrx_word' id='word_1_312' title='bbox 1486 2977 1543 3035; x_wconf 68' lang='grc' dir='ltr'>δὲ</span> <span class='ocrx_word' id='word_1_313' title='bbox 1582 2980 1897 3041; x_wconf 69' lang='grc' dir='ltr'>καταθέντες</span> <span class='ocrx_word' id='word_1_314' title='bbox 1929 2978 1992 3034; x_wconf 89' lang='grc' dir='ltr'>τὸ</span> 
     </span>
    </p>
   </div>
   <div class='ocr_carea' id='block_1_47' title="bbox 340 3065 1994 3152">
    <p class='ocr_par' dir='ltr' id='par_1_47' title="bbox 340 3065 1994 3152">
     <span class='ocr_line' id='line_1_47' title="bbox 340 3065 1994 3152; baseline -0.005 -20"><span class='ocrx_word' id='word_1_315' title='bbox 340 3077 597 3152; x_wconf 81' lang='grc' dir='ltr'>πανάγιον</span> <span class='ocrx_word' id='word_1_316' title='bbox 627 3074 803 3130; x_wconf 79' lang='grc' dir='ltr'>ἐκεῖνο</span> <span class='ocrx_word' id='word_1_317' title='bbox 853 3070 1153 3146; x_wconf 72' lang='grc' dir='ltr'>κειμήλιον</span> <span class='ocrx_word' id='word_1_318' title='bbox 1195 3072 1292 3140; x_wconf 77' lang='grc' dir='ltr'>τὴν</span> <span class='ocrx_word' id='word_1_319' title='bbox 1346 3070 1579 3141; x_wconf 78' lang='grc' dir='ltr'>ὑστάτην</span> <span class='ocrx_word' id='word_1_320' title='bbox 1609 3066 1866 3139; x_wconf 70' lang='grc' dir='ltr'>ἐπᾴδουσι</span> <span class='ocrx_word' id='word_1_321' title='bbox 1899 3065 1994 3123; x_wconf 87' lang='grc' dir='ltr'>δο-</span> 
     </span>
    </p>
   </div>
   <div class='ocr_carea' id='block_1_48' title="bbox 332 3158 1991 3240">
    <p class='ocr_par' dir='ltr' id='par_1_48' title="bbox 332 3158 1991 3240">
     <span class='ocr_line' id='line_1_48' title="bbox 332 3158 1991 3240; baseline -0.007 -19"><span class='ocrx_word' id='word_1_322' title='bbox 332 3165 612 3240; x_wconf 76' lang='grc' dir='ltr'>ξολογίαν.</span> <span class='ocrx_word' id='word_1_323' title='bbox 656 3164 791 3222; x_wconf 77' lang='grc' dir='ltr'>Εἶτα</span> <span class='ocrx_word' id='word_1_324' title='bbox 836 3164 930 3219; x_wconf 84' lang='grc' dir='ltr'>τὸν</span> <span class='ocrx_word' id='word_1_325' title='bbox 984 3158 1226 3231; x_wconf 73' lang='grc' dir='ltr'>ἄσηπτον</span> <span class='ocrx_word' id='word_1_326' title='bbox 1278 3158 1569 3233; x_wconf 85' lang='grc' dir='ltr'>θησαυρὸν,</span> <span class='ocrx_word' id='word_1_327' title='bbox 1600 3158 1662 3213; x_wconf 87' lang='grc' dir='ltr'>τὸ</span> <span class='ocrx_word' id='word_1_328' title='bbox 1694 3160 1991 3228; x_wconf 86' lang='grc' dir='ltr'>θαυμαστι-</span> 
     </span>
    </p>
   </div>
   <div class='ocr_carea' id='block_1_49' title="bbox 2112 1915 3761 1989">
    <p class='ocr_par' dir='ltr' id='par_1_49' title="bbox 2112 1915 3761 1989">
     <span class='ocr_line' id='line_1_49' title="bbox 2112 1915 3761 1989; baseline 0 -17"><span class='ocrx_word' id='word_1_329' title='bbox 2112 1917 2363 1989; x_wconf 90' lang='lat' dir='ltr'><strong>apostoli</strong></span> <span class='ocrx_word' id='word_1_330' title='bbox 2376 1916 2645 1972; x_wconf 84' lang='lat' dir='ltr'><strong>frondem</strong></span> <span class='ocrx_word' id='word_1_331' title='bbox 2665 1917 2716 1972; x_wconf 91' lang='lat' dir='ltr'><strong>ei</strong></span> <span class='ocrx_word' id='word_1_332' title='bbox 2734 1916 3019 1973; x_wconf 88' lang='lat' dir='ltr'><strong>traddunt</strong></span> <span class='ocrx_word' id='word_1_333' title='bbox 3032 1915 3503 1989; x_wconf 88' lang='lat' dir='ltr'><strong>germinis,quod</strong></span> <span class='ocrx_word' id='word_1_334' title='bbox 3519 1916 3761 1987; x_wconf 82' lang='lat' dir='ltr'><strong>angelus</strong></span> 
     </span>
    </p>
   </div>
   <div class='ocr_carea' id='block_1_50' title="bbox 2114 2006 3761 2078">
    <p class='ocr_par' dir='ltr' id='par_1_50' title="bbox 2114 2006 3761 2078">
     <span class='ocr_line' id='line_1_50' title="bbox 2114 2006 3761 2078; baseline -0.001 -18"><span class='ocrx_word' id='word_1_335' title='bbox 2114 2006 2342 2078; x_wconf 76' lang='lat' dir='ltr'><strong>Virgini</strong></span> <span class='ocrx_word' id='word_1_336' title='bbox 2373 2006 2744 2075; x_wconf 80' lang='lat' dir='ltr'><strong>exhibuerat,</strong></span> <span class='ocrx_word' id='word_1_337' title='bbox 2778 2011 2835 2061; x_wconf 91' lang='lat' dir='ltr'><strong>et</strong></span> <span class='ocrx_word' id='word_1_338' title='bbox 2862 2023 2995 2061; x_wconf 88' lang='lat' dir='ltr'><strong>eum</strong></span> <span class='ocrx_word' id='word_1_339' title='bbox 3028 2011 3154 2062; x_wconf 87' lang='lat' dir='ltr'><strong>tum</strong></span> <span class='ocrx_word' id='word_1_340' title='bbox 3202 2006 3502 2061; x_wconf 90' lang='lat' dir='ltr'><strong>medicum</strong></span> <span class='ocrx_word' id='word_1_341' title='bbox 3532 2006 3761 2060; x_wconf 87' lang='lat' dir='ltr'><strong>consti-</strong></span> 
     </span>
    </p>
   </div>
   <div class='ocr_carea' id='block_1_51' title="bbox 2112 2095 3759 2167">
    <p class='ocr_par' dir='ltr' id='par_1_51' title="bbox 2112 2095 3759 2167">
     <span class='ocr_line' id='line_1_51' title="bbox 2112 2095 3759 2167; baseline 0.001 -17"><span class='ocrx_word' id='word_1_342' title='bbox 2112 2101 2289 2152; x_wconf 88' lang='lat' dir='ltr'><strong>tuunt</strong></span> <span class='ocrx_word' id='word_1_343' title='bbox 2318 2096 2558 2151; x_wconf 91' lang='lat' dir='ltr'><strong>illorum</strong></span> <span class='ocrx_word' id='word_1_344' title='bbox 2590 2096 2990 2163; x_wconf 67' lang='lat' dir='ltr'><strong>Hebraeorum,</strong></span> <span class='ocrx_word' id='word_1_345' title='bbox 3024 2096 3240 2167; x_wconf 88' lang='lat' dir='ltr'><strong>quibus</strong></span> <span class='ocrx_word' id='word_1_346' title='bbox 3268 2095 3581 2166; x_wconf 90' lang='lat' dir='ltr'><strong>ademptus</strong></span> <span class='ocrx_word' id='word_1_347' title='bbox 3602 2095 3759 2151; x_wconf 87' lang='lat' dir='ltr'><strong>visus</strong></span> 
     </span>
    </p>
   </div>
   <div class='ocr_carea' id='block_1_52' title="bbox 2110 2185 3760 2259">
    <p class='ocr_par' dir='ltr' id='par_1_52' title="bbox 2110 2185 3760 2259">
     <span class='ocr_line' id='line_1_52' title="bbox 2110 2185 3760 2259; baseline -0.001 -19"><span class='ocrx_word' id='word_1_348' title='bbox 2110 2186 2323 2255; x_wconf 88' lang='lat' dir='ltr'><strong>fuerat,</strong></span> <span class='ocrx_word' id='word_1_349' title='bbox 2383 2191 2509 2241; x_wconf 89' lang='lat' dir='ltr'><strong>tum</strong></span> <span class='ocrx_word' id='word_1_350' title='bbox 2565 2201 2723 2241; x_wconf 64' lang='lat' dir='ltr'><strong>sanas</strong></span> <span class='ocrx_word' id='word_1_351' title='bbox 2783 2185 2920 2240; x_wconf 84' lang='lat' dir='ltr'><strong>ﬁdei</strong></span> <span class='ocrx_word' id='word_1_352' title='bbox 2977 2201 3335 2259; x_wconf 67' lang='lat' dir='ltr'><strong>praeconem.</strong></span> <span class='ocrx_word' id='word_1_353' title='bbox 3394 2186 3526 2255; x_wconf 89' lang='lat' dir='ltr'><strong>Ipse</strong></span> <span class='ocrx_word' id='word_1_354' title='bbox 3584 2200 3760 2256; x_wconf 89' lang='lat' dir='ltr'><strong>porro</strong></span> 
     </span>
    </p>
   </div>
   <div class='ocr_carea' id='block_1_53' title="bbox 2111 2272 3760 2346">
    <p class='ocr_par' dir='ltr' id='par_1_53' title="bbox 2111 2272 3760 2346">
     <span class='ocr_line' id='line_1_53' title="bbox 2111 2272 3760 2346; baseline -0.001 -18"><span class='ocrx_word' id='word_1_355' title='bbox 2111 2278 2430 2345; x_wconf 89' lang='lat' dir='ltr'><strong>utrumque</strong></span> <span class='ocrx_word' id='word_1_356' title='bbox 2461 2290 2525 2330; x_wconf 88' lang='lat' dir='ltr'><strong>re</strong></span> <span class='ocrx_word' id='word_1_357' title='bbox 2556 2274 2686 2345; x_wconf 89' lang='lat' dir='ltr'><strong>ipsa</strong></span> <span class='ocrx_word' id='word_1_358' title='bbox 2711 2278 2993 2346; x_wconf 82' lang='lat' dir='ltr'><strong>praestat:</strong></span> <span class='ocrx_word' id='word_1_359' title='bbox 3028 2278 3088 2328; x_wconf 91' lang='lat' dir='ltr'><strong>et</strong></span> <span class='ocrx_word' id='word_1_360' title='bbox 3115 2273 3343 2329; x_wconf 80' lang='lat' dir='ltr'><strong>frondis</strong></span> <span class='ocrx_word' id='word_1_361' title='bbox 3377 2272 3617 2343; x_wconf 88' lang='lat' dir='ltr'><strong>quidem</strong></span> <span class='ocrx_word' id='word_1_362' title='bbox 3648 2289 3760 2344; x_wconf 90' lang='lat' dir='ltr'><strong>ope</strong></span> 
     </span>
    </p>
   </div>
   <div class='ocr_carea' id='block_1_54' title="bbox 2109 2362 3760 2441">
    <p class='ocr_par' dir='ltr' id='par_1_54' title="bbox 2109 2362 3760 2441">
     <span class='ocr_line' id='line_1_54' title="bbox 2109 2362 3760 2441; baseline 0 -24"><span class='ocrx_word' id='word_1_363' title='bbox 2109 2363 2383 2441; x_wconf 87' lang='lat' dir='ltr'><strong>medetur</strong></span> <span class='ocrx_word' id='word_1_364' title='bbox 2408 2363 2727 2435; x_wconf 90' lang='lat' dir='ltr'><strong>percussis,</strong></span> <span class='ocrx_word' id='word_1_365' title='bbox 2750 2368 3053 2434; x_wconf 88' lang='lat' dir='ltr'><strong>utcunque</strong></span> <span class='ocrx_word' id='word_1_366' title='bbox 3075 2362 3171 2418; x_wconf 91' lang='lat' dir='ltr'><strong>isti</strong></span> <span class='ocrx_word' id='word_1_367' title='bbox 3197 2362 3478 2418; x_wconf 77' lang='lat' dir='ltr'><strong>inanimae</strong></span> <span class='ocrx_word' id='word_1_368' title='bbox 3498 2363 3760 2418; x_wconf 66' lang='lat' dir='ltr'><strong>caecitate</strong></span> 
     </span>
    </p>
   </div>
   <div class='ocr_carea' id='block_1_55' title="bbox 2108 2451 3761 2523">
    <p class='ocr_par' dir='ltr' id='par_1_55' title="bbox 2108 2451 3761 2523">
     <span class='ocr_line' id='line_1_55' title="bbox 2108 2451 3761 2523; baseline -0.001 -16"><span class='ocrx_word' id='word_1_369' title='bbox 2108 2452 2547 2523; x_wconf 87' lang='lat' dir='ltr'><strong>permanserint</strong></span> <span class='ocrx_word' id='word_1_370' title='bbox 2574 2470 2588 2520; x_wconf 91' lang='lat'><strong>;</strong></span> <span class='ocrx_word' id='word_1_371' title='bbox 2620 2468 2818 2508; x_wconf 85' lang='lat' dir='ltr'><strong>veram</strong></span> <span class='ocrx_word' id='word_1_372' title='bbox 2877 2457 3076 2508; x_wconf 89' lang='lat' dir='ltr'><strong>autem</strong></span> <span class='ocrx_word' id='word_1_373' title='bbox 3133 2451 3463 2507; x_wconf 86' lang='lat' dir='ltr'><strong>doctrinam</strong></span> <span class='ocrx_word' id='word_1_374' title='bbox 3493 2466 3761 2521; x_wconf 87' lang='lat' dir='ltr'><strong>nuquam</strong></span> 
     </span>
    </p>
   </div>
   <div class='ocr_carea' id='block_1_56' title="bbox 2109 2541 2617 2614">
    <p class='ocr_par' dir='ltr' id='par_1_56' title="bbox 2109 2541 2617 2614">
     <span class='ocr_line' id='line_1_56' title="bbox 2109 2541 2617 2614; baseline 0 -17"><span class='ocrx_word' id='word_1_375' title='bbox 2109 2541 2346 2598; x_wconf 86' lang='lat' dir='ltr'><strong>silentio</strong></span> <span class='ocrx_word' id='word_1_376' title='bbox 2376 2543 2617 2614; x_wconf 88' lang='lat' dir='ltr'><strong>pressit.</strong></span> 
     </span>
    </p>
   </div>
   <div class='ocr_carea' id='block_1_57' title="bbox 2182 2631 3758 2703">
    <p class='ocr_par' dir='ltr' id='par_1_57' title="bbox 2182 2631 3758 2703">
     <span class='ocr_line' id='line_1_57' title="bbox 2182 2631 3758 2703; baseline -0.001 -18"><span class='ocrx_word' id='word_1_377' title='bbox 2182 2632 2401 2686; x_wconf 83' lang='lat' dir='ltr'><strong>XXVII.</strong></span> <span class='ocrx_word' id='word_1_378' title='bbox 2434 2631 2542 2697; x_wconf 88' lang='lat' dir='ltr'><strong>Qui</strong></span> <span class='ocrx_word' id='word_1_379' title='bbox 2573 2647 2710 2703; x_wconf 89' lang='lat' dir='ltr'><strong>ergo</strong></span> <span class='ocrx_word' id='word_1_380' title='bbox 2742 2631 3116 2687; x_wconf 89' lang='lat' dir='ltr'><strong>deducebant</strong></span> <span class='ocrx_word' id='word_1_381' title='bbox 3164 2631 3430 2699; x_wconf 85' lang='lat' dir='ltr'><strong>cadaver,</strong></span> <span class='ocrx_word' id='word_1_382' title='bbox 3463 2648 3612 2686; x_wconf 90' lang='lat' dir='ltr'><strong>novo</strong></span> <span class='ocrx_word' id='word_1_383' title='bbox 3644 2631 3758 2684; x_wconf 89' lang='lat' dir='ltr'><strong>hoc</strong></span> 
     </span>
    </p>
   </div>
   <div class='ocr_carea' id='block_1_58' title="bbox 2111 2718 3758 2792">
    <p class='ocr_par' dir='ltr' id='par_1_58' title="bbox 2111 2718 3758 2792">
     <span class='ocr_line' id='line_1_58' title="bbox 2111 2718 3758 2792; baseline 0 -19"><span class='ocrx_word' id='word_1_384' title='bbox 2111 2718 2378 2790; x_wconf 86' lang='lat' dir='ltr'><strong>prodigio</strong></span> <span class='ocrx_word' id='word_1_385' title='bbox 2410 2719 2785 2788; x_wconf 61' lang='lat' dir='ltr'><strong>laetabantur,</strong></span> <span class='ocrx_word' id='word_1_386' title='bbox 2818 2725 2994 2790; x_wconf 86' lang='lat' dir='ltr'><strong>atque</strong></span> <span class='ocrx_word' id='word_1_387' title='bbox 3019 2720 3258 2792; x_wconf 87' lang='lat' dir='ltr'><strong>hymnis</strong></span> <span class='ocrx_word' id='word_1_388' title='bbox 3290 2720 3439 2775; x_wconf 87' lang='lat' dir='ltr'><strong>alios</strong></span> <span class='ocrx_word' id='word_1_389' title='bbox 3471 2718 3758 2790; x_wconf 87' lang='lat' dir='ltr'><strong>adjicien-</strong></span> 
     </span>
    </p>
   </div>
   <div class='ocr_carea' id='block_1_59' title="bbox 2109 2807 3762 2879">
    <p class='ocr_par' dir='ltr' id='par_1_59' title="bbox 2109 2807 3762 2879">
     <span class='ocr_line' id='line_1_59' title="bbox 2109 2807 3762 2879; baseline -0.001 -16"><span class='ocrx_word' id='word_1_390' title='bbox 2109 2814 2199 2864; x_wconf 89' lang='lat' dir='ltr'><strong>tes</strong></span> <span class='ocrx_word' id='word_1_391' title='bbox 2228 2807 2507 2879; x_wconf 87' lang='lat' dir='ltr'><strong>hymnos,</strong></span> <span class='ocrx_word' id='word_1_392' title='bbox 2546 2809 2866 2864; x_wconf 88' lang='lat' dir='ltr'><strong>alacriores</strong></span> <span class='ocrx_word' id='word_1_393' title='bbox 2896 2808 3047 2863; x_wconf 89' lang='lat' dir='ltr'><strong>viam</strong></span> <span class='ocrx_word' id='word_1_394' title='bbox 3080 2809 3153 2863; x_wconf 87' lang='lat' dir='ltr'><strong>ad</strong></span> <span class='ocrx_word' id='word_1_395' title='bbox 3206 2807 3543 2879; x_wconf 87' lang='lat' dir='ltr'><strong>sepulcrum</strong></span> <span class='ocrx_word' id='word_1_396' title='bbox 3571 2823 3762 2878; x_wconf 90' lang='lat' dir='ltr'><strong>usque</strong></span> 
     </span>
    </p>
   </div>
   <div class='ocr_carea' id='block_1_60' title="bbox 2108 2898 3766 2979">
    <p class='ocr_par' dir='ltr' id='par_1_60' title="bbox 2108 2898 3766 2979">
     <span class='ocr_line' id='line_1_60' title="bbox 2108 2898 3766 2979; baseline 0 -26"><span class='ocrx_word' id='word_1_397' title='bbox 2108 2898 2556 2970; x_wconf 88' lang='lat' dir='ltr'><strong>percurrebant.</strong></span> <span class='ocrx_word' id='word_1_398' title='bbox 2619 2899 2766 2954; x_wconf 86' lang='lat' dir='ltr'><strong>Hinc</strong></span> <span class='ocrx_word' id='word_1_399' title='bbox 2825 2915 2927 2954; x_wconf 93' lang='lat' dir='ltr'><strong>eos</strong></span> <span class='ocrx_word' id='word_1_400' title='bbox 2975 2898 3196 2970; x_wconf 84' lang='lat' dir='ltr'><strong>excipit</strong></span> <span class='ocrx_word' id='word_1_401' title='bbox 3241 2899 3654 2966; x_wconf 89' lang='lat' dir='ltr'><strong>Gethsemane,</strong></span> <span class='ocrx_word' id='word_1_402' title='bbox 3706 2901 3766 2979; x_wconf 79' lang='lat' dir='ltr'><strong>et</strong></span> 
     </span>
    </p>
   </div>
   <div class='ocr_carea' id='block_1_61' title="bbox 2111 2986 3765 3060">
    <p class='ocr_par' dir='ltr' id='par_1_61' title="bbox 2111 2986 3765 3060">
     <span class='ocr_line' id='line_1_61' title="bbox 2111 2986 3765 3060; baseline -0.001 -17"><span class='ocrx_word' id='word_1_403' title='bbox 2111 2987 2379 3043; x_wconf 90' lang='lat' dir='ltr'><strong>tumulus</strong></span> <span class='ocrx_word' id='word_1_404' title='bbox 2412 3004 2646 3043; x_wconf 88' lang='lat' dir='ltr'><strong>sacrum</strong></span> <span class='ocrx_word' id='word_1_405' title='bbox 2696 2987 2846 3043; x_wconf 92' lang='lat' dir='ltr'><strong>illud</strong></span> <span class='ocrx_word' id='word_1_406' title='bbox 2888 2987 3122 3060; x_wconf 89' lang='lat' dir='ltr'><strong>pondus</strong></span> <span class='ocrx_word' id='word_1_407' title='bbox 3172 2987 3284 3043; x_wconf 90' lang='lat' dir='ltr'><strong>sibi</strong></span> <span class='ocrx_word' id='word_1_408' title='bbox 3333 2986 3635 3060; x_wconf 87' lang='lat' dir='ltr'><strong>poscebat.</strong></span> <span class='ocrx_word' id='word_1_409' title='bbox 3669 2986 3765 3041; x_wconf 78' lang='lat' dir='ltr'><strong>Ilil</strong></span> 
     </span>
    </p>
   </div>
   <div class='ocr_carea' id='block_1_62' title="bbox 2109 3076 3760 3149">
    <p class='ocr_par' dir='ltr' id='par_1_62' title="bbox 2109 3076 3760 3149">
     <span class='ocr_line' id='line_1_62' title="bbox 2109 3076 3760 3149; baseline -0.002 -15"><span class='ocrx_word' id='word_1_410' title='bbox 2109 3083 2309 3134; x_wconf 89' lang='lat' dir='ltr'><strong>autem</strong></span> <span class='ocrx_word' id='word_1_411' title='bbox 2366 3076 2755 3149; x_wconf 87' lang='lat' dir='ltr'><strong>purissimum</strong></span> <span class='ocrx_word' id='word_1_412' title='bbox 2814 3076 2965 3132; x_wconf 90' lang='lat' dir='ltr'><strong>illud</strong></span> <span class='ocrx_word' id='word_1_413' title='bbox 3021 3076 3328 3132; x_wconf 91' lang='lat' dir='ltr'><strong>cimelium</strong></span> <span class='ocrx_word' id='word_1_414' title='bbox 3378 3080 3760 3148; x_wconf 89' lang='lat' dir='ltr'><strong>reponentes,</strong></span> 
     </span>
    </p>
   </div>
   <div class='ocr_carea' id='block_1_63' title="bbox 2106 3165 3761 3239">
    <p class='ocr_par' dir='ltr' id='par_1_63' title="bbox 2106 3165 3761 3239">
     <span class='ocr_line' id='line_1_63' title="bbox 2106 3165 3761 3239; baseline -0.001 -18"><span class='ocrx_word' id='word_1_415' title='bbox 2106 3171 2438 3239; x_wconf 89' lang='lat' dir='ltr'><strong>postremas</strong></span> <span class='ocrx_word' id='word_1_416' title='bbox 2469 3166 2523 3221; x_wconf 89' lang='lat' dir='ltr'><strong>ei</strong></span> <span class='ocrx_word' id='word_1_417' title='bbox 2553 3166 2759 3222; x_wconf 88' lang='lat' dir='ltr'><strong>laudes</strong></span> <span class='ocrx_word' id='word_1_418' title='bbox 2808 3165 3166 3238; x_wconf 89' lang='lat' dir='ltr'><strong>persolvunt.</strong></span> <span class='ocrx_word' id='word_1_419' title='bbox 3217 3165 3441 3221; x_wconf 87' lang='lat' dir='ltr'><strong>Deinde</strong></span> <span class='ocrx_word' id='word_1_420' title='bbox 3490 3165 3761 3221; x_wconf 87' lang='lat' dir='ltr'><strong>incorru-</strong></span> 
     </span>
    </p>
   </div>
   <div class='ocr_carea' id='block_1_64' title="bbox 331 3227 2016 3329">
    <p class='ocr_par' dir='ltr' id='par_1_64' title="bbox 331 3246 1993 3325">
     <span class='ocr_line' id='line_1_64' title="bbox 331 3246 1993 3325; baseline -0.006 -15"><span class='ocrx_word' id='word_1_421' title='bbox 331 3257 422 3311; x_wconf 85' lang='grc' dir='ltr'>κὸν</span> <span class='ocrx_word' id='word_1_422' title='bbox 451 3258 666 3323; x_wconf 75' lang='grc' dir='ltr'>σκεῦος,</span> <span class='ocrx_word' id='word_1_423' title='bbox 717 3253 782 3307; x_wconf 84' lang='grc' dir='ltr'>τὸ</span> <span class='ocrx_word' id='word_1_424' title='bbox 834 3250 1093 3325; x_wconf 79' lang='grc' dir='ltr'>οὐράνιον</span> <span class='ocrx_word' id='word_1_425' title='bbox 1141 3255 1337 3323; x_wconf 80' lang='grc' dir='ltr'>χρῆμα</span> <span class='ocrx_word' id='word_1_426' title='bbox 1405 3247 1508 3302; x_wconf 89' lang='grc' dir='ltr'><strong>ὑπὸ</strong></span> <span class='ocrx_word' id='word_1_427' title='bbox 1563 3253 1667 3321; x_wconf 85' lang='grc' dir='ltr'><strong>γῆν</strong></span> <span class='ocrx_word' id='word_1_428' title='bbox 1720 3246 1993 3322; x_wconf 85' lang='grc' dir='ltr'>κρύπτου-</span> 
     </span>
    </p>
   </div>
   <div class='ocr_carea' id='block_1_65' title="bbox 2111 3227 3757 3329">
    <p class='ocr_par' dir='ltr' id='par_1_65' title="bbox 2111 3227 3757 3329">
     <span class='ocr_line' id='line_1_65' title="bbox 2111 3227 3757 3329; baseline -0.001 -17"><span class='ocrx_word' id='word_1_429' title='bbox 2111 3227 2275 3329; x_wconf 75' lang='lat' dir='ltr'><strong>ptum</strong></span> <span class='ocrx_word' id='word_1_430' title='bbox 2306 3257 2673 3322; x_wconf 85' lang='lat' dir='ltr'><strong>thesaurum,</strong></span> <span class='ocrx_word' id='word_1_431' title='bbox 2707 3227 2826 3312; x_wconf 46' lang='lat' dir='ltr'><strong>vas.</strong></span> <span class='ocrx_word' id='word_1_432' title='bbox 2853 3256 3290 3324; x_wconf 88' lang='lat' dir='ltr'><strong>admirandum,</strong></span> <span class='ocrx_word' id='word_1_433' title='bbox 3324 3256 3561 3312; x_wconf 63' lang='lat' dir='ltr'><strong>caeleste</strong></span> <span class='ocrx_word' id='word_1_434' title='bbox 3589 3255 3757 3323; x_wconf 92' lang='lat' dir='ltr'><strong>illud,</strong></span> 
     </span>
    </p>
   </div>
   <div class='ocr_carea' id='block_1_66' title="bbox 334 3340 1259 3417">
    <p class='ocr_par' dir='ltr' id='par_1_66' title="bbox 334 3340 1259 3417">
     <span class='ocr_line' id='line_1_66' title="bbox 334 3340 1259 3417; baseline -0.008 -18"><span class='ocrx_word' id='word_1_435' title='bbox 334 3367 434 3414; x_wconf 86' lang='grc' dir='ltr'>σιν,</span> <span class='ocrx_word' id='word_1_436' title='bbox 467 3346 497 3400; x_wconf 82' lang='grc' dir='ltr'><strong>δ</strong></span> <span class='ocrx_word' id='word_1_437' title='bbox 526 3345 619 3399; x_wconf 74' lang='grc' dir='ltr'><strong>καὶ</strong></span> <span class='ocrx_word' id='word_1_438' title='bbox 656 3343 908 3417; x_wconf 74' lang='grc' dir='ltr'>οὐρανῶν</span> <span class='ocrx_word' id='word_1_439' title='bbox 942 3340 1259 3415; x_wconf 71' lang='grc' dir='ltr'>ὑπέρτερον.</span> 
     </span>
    </p>
   </div>
   <div class='ocr_carea' id='block_1_67' title="bbox 402 3515 1999 3592">
    <p class='ocr_par' dir='ltr' id='par_1_67' title="bbox 402 3515 1999 3592">
     <span class='ocr_line' id='line_1_67' title="bbox 402 3515 1999 3592; baseline -0.007 -12"><span class='ocrx_word' id='word_1_440' title='bbox 402 3523 558 3583; x_wconf 80' lang='grc' dir='ltr'>Ἐπεέ</span> <span class='ocrx_word' id='word_1_441' title='bbox 621 3520 679 3578; x_wconf 73' lang='grc' dir='ltr'>δὲ</span> <span class='ocrx_word' id='word_1_442' title='bbox 736 3522 915 3577; x_wconf 86' lang='grc' dir='ltr'>πάντα</span> <span class='ocrx_word' id='word_1_443' title='bbox 976 3516 1232 3588; x_wconf 80' lang='grc' dir='ltr'>διήνυστο</span> <span class='ocrx_word' id='word_1_444' title='bbox 1291 3517 1717 3592; x_wconf 83' lang='grc' dir='ltr'>μεγαλπρεπῶς,</span> <span class='ocrx_word' id='word_1_445' title='bbox 1775 3515 1866 3570; x_wconf 76' lang='grc' dir='ltr'><strong>καὶ</strong></span> <span class='ocrx_word' id='word_1_446' title='bbox 1926 3515 1999 3569; x_wconf 85' lang='grc' dir='ltr'><strong>ὡς</strong></span> 
     </span>
    </p>
   </div>
   <div class='ocr_carea' id='block_1_68' title="bbox 333 3606 2002 3691">
    <p class='ocr_par' dir='ltr' id='par_1_68' title="bbox 333 3606 2002 3691">
     <span class='ocr_line' id='line_1_68' title="bbox 333 3606 2002 3691; baseline -0.007 -20"><span class='ocrx_word' id='word_1_447' title='bbox 333 3616 531 3691; x_wconf 71' lang='grc' dir='ltr'>ἀπῄτει</span> <span class='ocrx_word' id='word_1_448' title='bbox 570 3614 640 3670; x_wconf 76' lang='grc' dir='ltr'>τὰ</span> <span class='ocrx_word' id='word_1_449' title='bbox 687 3613 807 3667; x_wconf 86' lang='grc' dir='ltr'>κατ’</span> <span class='ocrx_word' id='word_1_450' title='bbox 852 3610 1048 3679; x_wconf 75' lang='grc' dir='ltr'>αὐτὴν,</span> <span class='ocrx_word' id='word_1_451' title='bbox 1101 3608 1189 3662; x_wconf 78' lang='grc' dir='ltr'>καὶ</span> <span class='ocrx_word' id='word_1_452' title='bbox 1236 3608 1305 3662; x_wconf 82' lang='grc' dir='ltr'><strong>τά</strong></span> <span class='ocrx_word' id='word_1_453' title='bbox 1352 3613 1451 3676; x_wconf 84' lang='grc' dir='ltr'>τῆς</span> <span class='ocrx_word' id='word_1_454' title='bbox 1502 3606 1732 3685; x_wconf 78' lang='grc' dir='ltr'>ἐκφορᾶς</span> <span class='ocrx_word' id='word_1_455' title='bbox 1781 3607 2002 3675; x_wconf 78' lang='grc' dir='ltr'>καὶτῆς</span> 
     </span>
    </p>
   </div>
   <div class='ocr_carea' id='block_1_69' title="bbox 334 3693 2000 3783">
    <p class='ocr_par' dir='ltr' id='par_1_69' title="bbox 334 3693 2000 3783">
     <span class='ocr_line' id='line_1_69' title="bbox 334 3693 2000 3783; baseline -0.006 -24"><span class='ocrx_word' id='word_1_456' title='bbox 334 3712 510 3783; x_wconf 80' lang='grc' dir='ltr'>ταφῆς</span> <span class='ocrx_word' id='word_1_457' title='bbox 543 3702 772 3764; x_wconf 80' lang='grc' dir='ltr'>εἰκότως</span> <span class='ocrx_word' id='word_1_458' title='bbox 829 3697 1127 3779; x_wconf 76' lang='grc' dir='ltr'>ἀφωσίωτο</span> <span class='ocrx_word' id='word_1_459' title='bbox 1182 3700 1252 3770; x_wconf 75' lang='grc' dir='ltr'>τῇ</span> <span class='ocrx_word' id='word_1_460' title='bbox 1308 3695 1519 3783; x_wconf 13' lang='grc' dir='ltr'>Μητρὶ,</span> <span class='ocrx_word' id='word_1_461' title='bbox 1550 3700 1648 3750; x_wconf 77' lang='grc' dir='ltr'>τοῦ</span> <span class='ocrx_word' id='word_1_462' title='bbox 1683 3699 1839 3783; x_wconf 78' lang='grc' dir='ltr'>Θεοῦ,</span> <span class='ocrx_word' id='word_1_463' title='bbox 1871 3693 2000 3767; x_wconf 70' lang='grc' dir='ltr'>ἐμὲ·</span> 
     </span>
    </p>
   </div>
   <div class='ocr_carea' id='block_1_70' title="bbox 344 3782 2000 3865">
    <p class='ocr_par' dir='ltr' id='par_1_70' title="bbox 344 3782 2000 3865">
     <span class='ocr_line' id='line_1_70' title="bbox 344 3782 2000 3865; baseline -0.006 -18"><span class='ocrx_word' id='word_1_464' title='bbox 344 3782 518 3865; x_wconf 70' lang='grc' dir='ltr'>μνητο</span> <span class='ocrx_word' id='word_1_465' title='bbox 552 3794 650 3863; x_wconf 75' lang='grc' dir='ltr'><strong>μὲν</strong></span> <span class='ocrx_word' id='word_1_466' title='bbox 684 3791 738 3845; x_wconf 72' lang='grc' dir='ltr'>οἱ</span> <span class='ocrx_word' id='word_1_467' title='bbox 786 3787 952 3844; x_wconf 74' lang='grc' dir='ltr'>καλοὶ</span> <span class='ocrx_word' id='word_1_468' title='bbox 1012 3791 1121 3841; x_wconf 83' lang='grc' dir='ltr'><strong>τῶν</strong></span> <span class='ocrx_word' id='word_1_469' title='bbox 1179 3783 1449 3860; x_wconf 83' lang='grc' dir='ltr'>λαμπρῶν</span> <span class='ocrx_word' id='word_1_470' title='bbox 1506 3782 1724 3839; x_wconf 86' lang='grc' dir='ltr'>ἐκείνων</span> <span class='ocrx_word' id='word_1_471' title='bbox 1759 3782 2000 3839; x_wconf 86' lang='grc' dir='ltr'>διάκονοι</span> 
     </span>
    </p>
   </div>
   <div class='ocr_carea' id='block_1_71' title="bbox 339 3870 2001 3955">
    <p class='ocr_par' dir='ltr' id='par_1_71' title="bbox 339 3870 2001 3955">
     <span class='ocr_line' id='line_1_71' title="bbox 339 3870 2001 3955; baseline -0.006 -18"><span class='ocrx_word' id='word_1_472' title='bbox 339 3885 428 3938; x_wconf 82' lang='grc' dir='ltr'><strong>καὶ</strong></span> <span class='ocrx_word' id='word_1_473' title='bbox 476 3879 832 3955; x_wconf 79' lang='grc' dir='ltr'>λειτουργίας</span> <span class='ocrx_word' id='word_1_474' title='bbox 882 3874 1066 3945; x_wconf 69' lang='grc' dir='ltr'>ἄλλης</span> <span class='ocrx_word' id='word_1_475' title='bbox 1122 3877 1222 3940; x_wconf 76' lang='grc' dir='ltr'>τῆς</span> <span class='ocrx_word' id='word_1_476' title='bbox 1277 3878 1373 3929; x_wconf 80' lang='grc' dir='ltr'>τοῦ</span> <span class='ocrx_word' id='word_1_477' title='bbox 1408 3873 1807 3949; x_wconf 78' lang='grc' dir='ltr'>κηρύγματος.</span> <span class='ocrx_word' id='word_1_478' title='bbox 1841 3870 2001 3929; x_wconf 86' lang='grc' dir='ltr'>Ἀλλ’</span> 
     </span>
    </p>
   </div>
   <div class='ocr_carea' id='block_1_72' title="bbox 340 3962 1999 4039">
    <p class='ocr_par' dir='ltr' id='par_1_72' title="bbox 340 3962 1999 4039">
     <span class='ocr_line' id='line_1_72' title="bbox 340 3962 1999 4039; baseline -0.007 -11"><span class='ocrx_word' id='word_1_479' title='bbox 340 3970 467 4027; x_wconf 60' lang='grc' dir='ltr'>οὔτε</span> <span class='ocrx_word' id='word_1_480' title='bbox 498 3972 528 4026; x_wconf 90' lang='lat'><strong>6</strong></span> <span class='ocrx_word' id='word_1_481' title='bbox 558 3969 732 4033; x_wconf 82' lang='grc' dir='ltr'>πόθος</span> <span class='ocrx_word' id='word_1_482' title='bbox 787 3968 877 4022; x_wconf 86' lang='grc' dir='ltr'><strong>καὶ</strong></span> <span class='ocrx_word' id='word_1_483' title='bbox 938 3969 1002 4020; x_wconf 87' lang='grc' dir='ltr'>τὸ</span> <span class='ocrx_word' id='word_1_484' title='bbox 1060 3963 1183 4039; x_wconf 83' lang='grc' dir='ltr'>περὶ</span> <span class='ocrx_word' id='word_1_485' title='bbox 1238 3965 1337 4033; x_wconf 77' lang='grc' dir='ltr'>τὴν</span> <span class='ocrx_word' id='word_1_486' title='bbox 1387 3963 1654 4038; x_wconf 89' lang='grc' dir='ltr'>πάναγνον</span> <span class='ocrx_word' id='word_1_487' title='bbox 1695 3962 1999 4031; x_wconf 81' lang='grc' dir='ltr'>ἀποστῆναι</span> 
     </span>
    </p>
   </div>
   <div class='ocr_carea' id='block_1_73' title="bbox 334 4049 1998 4134">
    <p class='ocr_par' dir='ltr' id='par_1_73' title="bbox 334 4049 1998 4134">
     <span class='ocr_line' id='line_1_73' title="bbox 334 4049 1998 4134; baseline -0.006 -20"><span class='ocrx_word' id='word_1_488' title='bbox 334 4059 593 4134; x_wconf 62' lang='grc' dir='ltr'>ἐπέτρεπε</span> <span class='ocrx_word' id='word_1_489' title='bbox 652 4052 838 4126; x_wconf 64' lang='grc' dir='ltr'>σέϐας,</span> <span class='ocrx_word' id='word_1_490' title='bbox 898 4053 990 4110; x_wconf 78' lang='grc' dir='ltr'><strong>καὶ</strong></span> <span class='ocrx_word' id='word_1_491' title='bbox 1050 4052 1193 4128; x_wconf 73' lang='grc' dir='ltr'>ἱεραί</span> <span class='ocrx_word' id='word_1_492' title='bbox 1248 4073 1389 4114; x_wconf 87' lang='grc' dir='ltr'>τινες</span> <span class='ocrx_word' id='word_1_493' title='bbox 1448 4050 1650 4107; x_wconf 75' lang='grc' dir='ltr'>ἄνωθεν</span> <span class='ocrx_word' id='word_1_494' title='bbox 1703 4049 1998 4126; x_wconf 68' lang='grc' dir='ltr'>ὑμνῳδίαις</span> 
     </span>
    </p>
   </div>
   <div class='ocr_carea' id='block_1_74' title="bbox 332 4138 1997 4223">
    <p class='ocr_par' dir='ltr' id='par_1_74' title="bbox 332 4138 1997 4223">
     <span class='ocr_line' id='line_1_74' title="bbox 332 4138 1997 4223; baseline -0.01 -19"><span class='ocrx_word' id='word_1_495' title='bbox 332 4150 424 4203; x_wconf 84' lang='grc' dir='ltr'><strong>καὶ</strong></span> <span class='ocrx_word' id='word_1_496' title='bbox 456 4149 586 4223; x_wconf 68' lang='grc' dir='ltr'>ὑπὲρ</span> <span class='ocrx_word' id='word_1_497' title='bbox 644 4152 747 4216; x_wconf 84' lang='grc' dir='ltr'>τῆς</span> <span class='ocrx_word' id='word_1_498' title='bbox 810 4142 1213 4215; x_wconf 79' lang='grc' dir='ltr'>πολυυμνήτου</span> <span class='ocrx_word' id='word_1_499' title='bbox 1271 4138 1400 4213; x_wconf 79' lang='grc' dir='ltr'>δόξα</span> <span class='ocrx_word' id='word_1_500' title='bbox 1458 4139 1715 4215; x_wconf 83' lang='grc' dir='ltr'>ἀσίγητος</span> <span class='ocrx_word' id='word_1_501' title='bbox 1750 4141 1887 4214; x_wconf 83' lang='grc' dir='ltr'>μετὰ</span> <span class='ocrx_word' id='word_1_502' title='bbox 1916 4163 1997 4197; x_wconf 84' lang='grc' dir='ltr'><strong>τι.</strong></span> 
     </span>
    </p>
   </div>
   <div class='ocr_carea' id='block_1_75' title="bbox 336 4227 1999 4314">
    <p class='ocr_par' dir='ltr' id='par_1_75' title="bbox 336 4227 1999 4314">
     <span class='ocr_line' id='line_1_75' title="bbox 336 4227 1999 4314; baseline -0.004 -23"><span class='ocrx_word' id='word_1_503' title='bbox 336 4258 429 4301; x_wconf 85' lang='grc' dir='ltr'><strong>νος</strong></span> <span class='ocrx_word' id='word_1_504' title='bbox 483 4238 792 4314; x_wconf 75' lang='grc' dir='ltr'>ὑπερφυοῦς</span> <span class='ocrx_word' id='word_1_505' title='bbox 841 4229 1076 4294; x_wconf 76' lang='grc' dir='ltr'>εὐωδίας</span> <span class='ocrx_word' id='word_1_506' title='bbox 1135 4229 1318 4293; x_wconf 74' lang='grc' dir='ltr'>αὐτόθι</span> <span class='ocrx_word' id='word_1_507' title='bbox 1367 4230 1456 4284; x_wconf 88' lang='grc' dir='ltr'><strong>καὶ</strong></span> <span class='ocrx_word' id='word_1_508' title='bbox 1510 4228 1586 4292; x_wconf 82' lang='grc' dir='ltr'>εἷς</span> <span class='ocrx_word' id='word_1_509' title='bbox 1633 4227 1822 4304; x_wconf 83' lang='grc' dir='ltr'>τρίτην</span> <span class='ocrx_word' id='word_1_510' title='bbox 1866 4251 1999 4285; x_wconf 83' lang='grc' dir='ltr'>κατ-</span> 
     </span>
    </p>
   </div>
   <div class='ocr_carea' id='block_1_76' title="bbox 345 4316 1999 4402">
    <p class='ocr_par' dir='ltr' id='par_1_76' title="bbox 345 4316 1999 4402">
     <span class='ocr_line' id='line_1_76' title="bbox 345 4316 1999 4402; baseline 0.006 -37"><span class='ocrx_word' id='word_1_511' title='bbox 345 4332 498 4402; x_wconf 65' lang='grc' dir='ltr'>εῖχον</span> <span class='ocrx_word' id='word_1_512' title='bbox 552 4328 748 4388; x_wconf 71' lang='grc' dir='ltr'><strong>αὐτοὺς</strong></span> <span class='ocrx_word' id='word_1_513' title='bbox 804 4328 996 4395; x_wconf 78' lang='grc' dir='ltr'>μεῖζον</span> <span class='ocrx_word' id='word_1_514' title='bbox 1027 4317 1064 4389; x_wconf 78' lang='grc' dir='ltr'>ἤ</span> <span class='ocrx_word' id='word_1_515' title='bbox 1096 4324 1213 4382; x_wconf 90' lang='grc' dir='ltr'>ταῖς</span> <span class='ocrx_word' id='word_1_516' title='bbox 1266 4326 1506 4394; x_wconf 84' lang='grc' dir='ltr'>σειρῆσιν</span> <span class='ocrx_word' id='word_1_517' title='bbox 1538 4320 1565 4373; x_wconf 90' lang='lat'><strong>6</strong></span> <span class='ocrx_word' id='word_1_518' title='bbox 1603 4321 1771 4392; x_wconf 82' lang='grc' dir='ltr'>μῦθος</span> <span class='ocrx_word' id='word_1_519' title='bbox 1810 4316 1999 4375; x_wconf 88' lang='grc' dir='ltr'>δίδωσι</span> 
     </span>
    </p>
   </div>
   <div class='ocr_carea' id='block_1_77' title="bbox 344 4405 1997 4491">
    <p class='ocr_par' dir='ltr' id='par_1_77' title="bbox 344 4405 1997 4491">
     <span class='ocr_line' id='line_1_77' title="bbox 344 4405 1997 4491; baseline -0.004 -21"><span class='ocrx_word' id='word_1_520' title='bbox 344 4422 452 4471; x_wconf 77' lang='grc' dir='ltr'><strong>τῶν</strong></span> <span class='ocrx_word' id='word_1_521' title='bbox 510 4418 818 4491; x_wconf 85' lang='grc' dir='ltr'>παριόντων</span> <span class='ocrx_word' id='word_1_522' title='bbox 890 4414 1271 4484; x_wconf 77' lang='grc' dir='ltr'>κατακρατεῖν.</span> <span class='ocrx_word' id='word_1_523' title='bbox 1331 4407 1458 4464; x_wconf 87' lang='grc' dir='ltr'>Θεία</span> <span class='ocrx_word' id='word_1_524' title='bbox 1525 4405 1581 4463; x_wconf 76' lang='grc' dir='ltr'><strong>δὲ</strong></span> <span class='ocrx_word' id='word_1_525' title='bbox 1646 4405 1857 4471; x_wconf 72' lang='grc' dir='ltr'>πάντως</span> <span class='ocrx_word' id='word_1_526' title='bbox 1908 4410 1997 4464; x_wconf 83' lang='grc' dir='ltr'><strong>καὶ</strong></span> 
     </span>
    </p>
   </div>
   <div class='ocr_carea' id='block_1_78' title="bbox 347 4496 1998 4576">
    <p class='ocr_par' dir='ltr' id='par_1_78' title="bbox 347 4496 1998 4576">
     <span class='ocr_line' id='line_1_78' title="bbox 347 4496 1998 4576; baseline -0.002 -18"><span class='ocrx_word' id='word_1_527' title='bbox 347 4506 490 4559; x_wconf 68' lang='grc' dir='ltr'>τοῦτ⁹</span> <span class='ocrx_word' id='word_1_528' title='bbox 534 4507 603 4575; x_wconf 80' lang='grc' dir='ltr'>ἧν</span> <span class='ocrx_word' id='word_1_529' title='bbox 652 4501 968 4576; x_wconf 84' lang='grc' dir='ltr'>οἰκονομία,</span> <span class='ocrx_word' id='word_1_530' title='bbox 1025 4498 1117 4553; x_wconf 82' lang='grc' dir='ltr'>’ἰνα</span> <span class='ocrx_word' id='word_1_531' title='bbox 1171 4498 1263 4553; x_wconf 85' lang='grc' dir='ltr'><strong>καὶ</strong></span> <span class='ocrx_word' id='word_1_532' title='bbox 1327 4496 1506 4553; x_wconf 75' lang='grc' dir='ltr'>ἄλλου</span> <span class='ocrx_word' id='word_1_533' title='bbox 1565 4497 1866 4572; x_wconf 86' lang='grc' dir='ltr'>μυστηρίου</span> <span class='ocrx_word' id='word_1_534' title='bbox 1907 4499 1998 4573; x_wconf 82' lang='grc' dir='ltr'><strong>γέ·</strong></span> 
     </span>
    </p>
   </div>
   <div class='ocr_carea' id='block_1_79' title="bbox 2110 3345 3759 3418">
    <p class='ocr_par' dir='ltr' id='par_1_79' title="bbox 2110 3345 3759 3418">
     <span class='ocr_line' id='line_1_79' title="bbox 2110 3345 3759 3418; baseline -0.002 -16"><span class='ocrx_word' id='word_1_535' title='bbox 2110 3346 2269 3418; x_wconf 89' lang='lat' dir='ltr'><strong>quod</strong></span> <span class='ocrx_word' id='word_1_536' title='bbox 2316 3346 2477 3403; x_wconf 66' lang='lat' dir='ltr'><strong>oculis</strong></span> <span class='ocrx_word' id='word_1_537' title='bbox 2516 3346 2661 3418; x_wconf 89' lang='lat' dir='ltr'><strong>ipsis</strong></span> <span class='ocrx_word' id='word_1_538' title='bbox 2713 3351 2803 3402; x_wconf 90' lang='lat' dir='ltr'><strong>est</strong></span> <span class='ocrx_word' id='word_1_539' title='bbox 2852 3346 3188 3414; x_wconf 89' lang='lat' dir='ltr'><strong>sublimius,</strong></span> <span class='ocrx_word' id='word_1_540' title='bbox 3222 3345 3329 3402; x_wconf 90' lang='lat' dir='ltr'><strong>sub</strong></span> <span class='ocrx_word' id='word_1_541' title='bbox 3362 3351 3520 3401; x_wconf 86' lang='lat' dir='ltr'><strong>terra</strong></span> <span class='ocrx_word' id='word_1_542' title='bbox 3547 3361 3759 3399; x_wconf 87' lang='lat' dir='ltr'><strong>recon-</strong></span> 
     </span>
    </p>
   </div>
   <div class='ocr_carea' id='block_1_80' title="bbox 2109 3435 2277 3491">
    <p class='ocr_par' dir='ltr' id='par_1_80' title="bbox 2109 3435 2277 3491">
     <span class='ocr_line' id='line_1_80' title="bbox 2109 3435 2277 3491; baseline -0.006 -1"><span class='ocrx_word' id='word_1_543' title='bbox 2109 3435 2277 3491; x_wconf 70' lang='lat' dir='ltr'><strong>dunL</strong></span> 
     </span>
    </p>
   </div>
   <div class='ocr_carea' id='block_1_81' title="bbox 2178 3523 3760 3595">
    <p class='ocr_par' dir='ltr' id='par_1_81' title="bbox 2178 3523 3760 3595">
     <span class='ocr_line' id='line_1_81' title="bbox 2178 3523 3760 3595; baseline -0.001 -17"><span class='ocrx_word' id='word_1_544' title='bbox 2178 3526 2500 3595; x_wconf 83' lang='lat' dir='ltr'><strong>Postquam</strong></span> <span class='ocrx_word' id='word_1_545' title='bbox 2531 3528 2731 3579; x_wconf 89' lang='lat' dir='ltr'><strong>autem</strong></span> <span class='ocrx_word' id='word_1_546' title='bbox 2764 3523 2966 3579; x_wconf 89' lang='lat' dir='ltr'><strong>omnia</strong></span> <span class='ocrx_word' id='word_1_547' title='bbox 2997 3539 3228 3578; x_wconf 90' lang='lat' dir='ltr'><strong>summo</strong></span> <span class='ocrx_word' id='word_1_548' title='bbox 3261 3540 3397 3578; x_wconf 91' lang='lat' dir='ltr'><strong>cum</strong></span> <span class='ocrx_word' id='word_1_549' title='bbox 3428 3524 3675 3591; x_wconf 89' lang='lat' dir='ltr'><strong>honore,</strong></span> <span class='ocrx_word' id='word_1_550' title='bbox 3703 3526 3760 3577; x_wconf 90' lang='lat' dir='ltr'><strong>et</strong></span> 
     </span>
    </p>
   </div>
   <div class='ocr_carea' id='block_1_82' title="bbox 2108 3611 3756 3685">
    <p class='ocr_par' dir='ltr' id='par_1_82' title="bbox 2108 3611 3756 3685">
     <span class='ocr_line' id='line_1_82' title="bbox 2108 3611 3756 3685; baseline -0.001 -18"><span class='ocrx_word' id='word_1_551' title='bbox 2108 3630 2213 3685; x_wconf 86' lang='lat' dir='ltr'><strong>pro</strong></span> <span class='ocrx_word' id='word_1_552' title='bbox 2245 3613 2406 3668; x_wconf 90' lang='lat' dir='ltr'><strong>illius</strong></span> <span class='ocrx_word' id='word_1_553' title='bbox 2436 3613 2743 3685; x_wconf 81' lang='lat' dir='ltr'><strong>dignitate,</strong></span> <span class='ocrx_word' id='word_1_554' title='bbox 2776 3622 3016 3684; x_wconf 88' lang='lat' dir='ltr'><strong>peracta</strong></span> <span class='ocrx_word' id='word_1_555' title='bbox 3052 3618 3211 3681; x_wconf 90' lang='lat' dir='ltr'><strong>sunt,</strong></span> <span class='ocrx_word' id='word_1_556' title='bbox 3245 3616 3303 3668; x_wconf 91' lang='lat' dir='ltr'><strong>et</strong></span> <span class='ocrx_word' id='word_1_557' title='bbox 3333 3629 3463 3682; x_wconf 81' lang='lat' dir='ltr'><strong>qum</strong></span> <span class='ocrx_word' id='word_1_558' title='bbox 3494 3611 3756 3682; x_wconf 85' lang='lat' dir='ltr'><strong>pertine-</strong></span> 
     </span>
    </p>
   </div>
   <div class='ocr_carea' id='block_1_83' title="bbox 2109 3698 3757 3773">
    <p class='ocr_par' dir='ltr' id='par_1_83' title="bbox 2109 3698 3757 3773">
     <span class='ocr_line' id='line_1_83' title="bbox 2109 3698 3757 3773; baseline -0.002 -16"><span class='ocrx_word' id='word_1_559' title='bbox 2109 3701 2250 3757; x_wconf 87' lang='lat' dir='ltr'><strong>bant</strong></span> <span class='ocrx_word' id='word_1_560' title='bbox 2276 3701 2350 3756; x_wconf 87' lang='lat' dir='ltr'><strong>ad</strong></span> <span class='ocrx_word' id='word_1_561' title='bbox 2378 3702 2558 3756; x_wconf 88' lang='lat' dir='ltr'><strong>funus</strong></span> <span class='ocrx_word' id='word_1_562' title='bbox 2589 3718 2655 3756; x_wconf 89' lang='lat' dir='ltr'><strong>ac</strong></span> <span class='ocrx_word' id='word_1_563' title='bbox 2686 3702 3072 3773; x_wconf 89' lang='lat' dir='ltr'><strong>sepulturam,</strong></span> <span class='ocrx_word' id='word_1_564' title='bbox 3106 3701 3303 3772; x_wconf 88' lang='lat' dir='ltr'><strong>prouti</strong></span> <span class='ocrx_word' id='word_1_565' title='bbox 3334 3700 3436 3755; x_wconf 90' lang='lat' dir='ltr'><strong>Dei</strong></span> <span class='ocrx_word' id='word_1_566' title='bbox 3477 3698 3757 3754; x_wconf 90' lang='lat' dir='ltr'><strong>Genitrici</strong></span> 
     </span>
    </p>
   </div>
   <div class='ocr_carea' id='block_1_84' title="bbox 2108 3788 3756 3860">
    <p class='ocr_par' dir='ltr' id='par_1_84' title="bbox 2108 3788 3756 3860">
     <span class='ocr_line' id='line_1_84' title="bbox 2108 3788 3756 3860; baseline -0.003 -14"><span class='ocrx_word' id='word_1_567' title='bbox 2108 3789 2513 3858; x_wconf 88' lang='lat' dir='ltr'><strong>conveniebat,</strong></span> <span class='ocrx_word' id='word_1_568' title='bbox 2547 3790 2658 3844; x_wconf 89' lang='lat' dir='ltr'><strong>rite</strong></span> <span class='ocrx_word' id='word_1_569' title='bbox 2712 3795 2852 3844; x_wconf 88' lang='lat' dir='ltr'><strong>sunt</strong></span> <span class='ocrx_word' id='word_1_570' title='bbox 2908 3789 3158 3860; x_wconf 87' lang='lat' dir='ltr'><strong>expleta,</strong></span> <span class='ocrx_word' id='word_1_571' title='bbox 3215 3788 3486 3860; x_wconf 72' lang='lat' dir='ltr'><strong>prazclari</strong></span> <span class='ocrx_word' id='word_1_572' title='bbox 3554 3803 3756 3842; x_wconf 87' lang='lat' dir='ltr'><strong>rerum</strong></span> 
     </span>
    </p>
   </div>
   <div class='ocr_carea' id='block_1_85' title="bbox 2108 3874 3757 3946">
    <p class='ocr_par' dir='ltr' id='par_1_85' title="bbox 2108 3874 3757 3946">
     <span class='ocr_line' id='line_1_85' title="bbox 2108 3874 3757 3946; baseline -0.005 -9"><span class='ocrx_word' id='word_1_573' title='bbox 2108 3883 2319 3937; x_wconf 86' lang='lat' dir='ltr'><strong>harum</strong></span> <span class='ocrx_word' id='word_1_574' title='bbox 2350 3878 2675 3935; x_wconf 90' lang='lat' dir='ltr'><strong>illustrium</strong></span> <span class='ocrx_word' id='word_1_575' title='bbox 2722 3877 2983 3931; x_wconf 87' lang='lat' dir='ltr'><strong>ministri</strong></span> <span class='ocrx_word' id='word_1_576' title='bbox 3032 3876 3237 3946; x_wconf 86' lang='lat' dir='ltr'><strong>utique</strong></span> <span class='ocrx_word' id='word_1_577' title='bbox 3270 3875 3343 3931; x_wconf 90' lang='lat' dir='ltr'><strong>ad</strong></span> <span class='ocrx_word' id='word_1_578' title='bbox 3375 3874 3627 3930; x_wconf 90' lang='lat' dir='ltr'><strong>alterum</strong></span> <span class='ocrx_word' id='word_1_579' title='bbox 3654 3891 3757 3929; x_wconf 86' lang='lat' dir='ltr'><strong>eo-</strong></span> 
     </span>
    </p>
   </div>
   <div class='ocr_carea' id='block_1_86' title="bbox 2107 3964 3759 4037">
    <p class='ocr_par' dir='ltr' id='par_1_86' title="bbox 2107 3964 3759 4037">
     <span class='ocr_line' id='line_1_86' title="bbox 2107 3964 3759 4037; baseline -0.004 -12"><span class='ocrx_word' id='word_1_580' title='bbox 2107 3986 2241 4025; x_wconf 90' lang='lat' dir='ltr'><strong>rum</strong></span> <span class='ocrx_word' id='word_1_581' title='bbox 2266 3984 2505 4035; x_wconf 90' lang='lat' dir='ltr'><strong>munus,</strong></span> <span class='ocrx_word' id='word_1_582' title='bbox 2538 3964 2979 4037; x_wconf 78' lang='lat' dir='ltr'><strong>praedicationis</strong></span> <span class='ocrx_word' id='word_1_583' title='bbox 3010 3964 3302 4030; x_wconf 86' lang='lat' dir='ltr'><strong>videlicet,</strong></span> <span class='ocrx_word' id='word_1_584' title='bbox 3317 3964 3583 4019; x_wconf 86' lang='lat' dir='ltr'><strong>animum</strong></span> <span class='ocrx_word' id='word_1_585' title='bbox 3617 3980 3759 4019; x_wconf 91' lang='lat' dir='ltr'><strong>con-</strong></span> 
     </span>
    </p>
   </div>
   <div class='ocr_carea' id='block_1_87' title="bbox 2106 4052 3762 4126">
    <p class='ocr_par' dir='ltr' id='par_1_87' title="bbox 2106 4052 3762 4126">
     <span class='ocr_line' id='line_1_87' title="bbox 2106 4052 3762 4126; baseline -0.003 -13"><span class='ocrx_word' id='word_1_586' title='bbox 2106 4061 2428 4113; x_wconf 85' lang='lat' dir='ltr'><strong>verterunt.</strong></span> <span class='ocrx_word' id='word_1_587' title='bbox 2460 4060 2536 4110; x_wconf 76' lang='lat' dir='ltr'><strong>At</strong></span> <span class='ocrx_word' id='word_1_588' title='bbox 2574 4071 2768 4126; x_wconf 89' lang='lat' dir='ltr'><strong>neque</strong></span> <span class='ocrx_word' id='word_1_589' title='bbox 2819 4071 3005 4121; x_wconf 90' lang='lat' dir='ltr'><strong>amor,</strong></span> <span class='ocrx_word' id='word_1_590' title='bbox 3038 4070 3231 4125; x_wconf 91' lang='lat' dir='ltr'><strong>neque</strong></span> <span class='ocrx_word' id='word_1_591' title='bbox 3263 4052 3593 4109; x_wconf 87' lang='lat' dir='ltr'><strong>reverentia</strong></span> <span class='ocrx_word' id='word_1_592' title='bbox 3623 4068 3762 4124; x_wconf 86' lang='lat' dir='ltr'><strong>erga</strong></span> 
     </span>
    </p>
   </div>
   <div class='ocr_carea' id='block_1_88' title="bbox 2107 4143 3761 4220">
    <p class='ocr_par' dir='ltr' id='par_1_88' title="bbox 2107 4143 3761 4220">
     <span class='ocr_line' id='line_1_88' title="bbox 2107 4143 3761 4220; baseline -0.004 -16"><span class='ocrx_word' id='word_1_593' title='bbox 2107 4147 2488 4220; x_wconf 89' lang='lat' dir='ltr'><strong>purissimam</strong></span> <span class='ocrx_word' id='word_1_594' title='bbox 2510 4145 2669 4201; x_wconf 89' lang='lat' dir='ltr'><strong>illam</strong></span> <span class='ocrx_word' id='word_1_595' title='bbox 2685 4144 3198 4216; x_wconf 85' lang='lat' dir='ltr'><strong>permittebant,ut</strong></span> <span class='ocrx_word' id='word_1_596' title='bbox 3211 4143 3350 4200; x_wconf 88' lang='lat' dir='ltr'><strong>inde</strong></span> <span class='ocrx_word' id='word_1_597' title='bbox 3364 4144 3761 4201; x_wconf 86' lang='lat' dir='ltr'><strong>avellerentur</strong></span> 
     </span>
    </p>
   </div>
   <div class='ocr_carea' id='block_1_89' title="bbox 2108 4232 3757 4304">
    <p class='ocr_par' dir='ltr' id='par_1_89' title="bbox 2108 4232 3757 4304">
     <span class='ocr_line' id='line_1_89' title="bbox 2108 4232 3757 4304; baseline -0.004 -12"><span class='ocrx_word' id='word_1_598' title='bbox 2108 4242 2167 4292; x_wconf 92' lang='lat' dir='ltr'><strong>et</strong></span> <span class='ocrx_word' id='word_1_599' title='bbox 2196 4235 2464 4291; x_wconf 75' lang='lat' dir='ltr'><strong>coelestes</strong></span> <span class='ocrx_word' id='word_1_600' title='bbox 2493 4233 2737 4304; x_wconf 90' lang='lat' dir='ltr'><strong>quidam</strong></span> <span class='ocrx_word' id='word_1_601' title='bbox 2778 4234 2929 4290; x_wconf 88' lang='lat' dir='ltr'><strong>sacri</strong></span> <span class='ocrx_word' id='word_1_602' title='bbox 2954 4238 3300 4301; x_wconf 87' lang='lat' dir='ltr'><strong>concentus,</strong></span> <span class='ocrx_word' id='word_1_603' title='bbox 3330 4249 3397 4289; x_wconf 85' lang='lat' dir='ltr'><strong>ac</strong></span> <span class='ocrx_word' id='word_1_604' title='bbox 3424 4250 3544 4289; x_wconf 90' lang='lat' dir='ltr'><strong>non</strong></span> <span class='ocrx_word' id='word_1_605' title='bbox 3576 4232 3757 4287; x_wconf 86' lang='lat' dir='ltr'><strong>inter-</strong></span> 
     </span>
    </p>
   </div>
   <div class='ocr_carea' id='block_1_90' title="bbox 2106 4322 3758 4396">
    <p class='ocr_par' dir='ltr' id='par_1_90' title="bbox 2106 4322 3758 4396">
     <span class='ocr_line' id='line_1_90' title="bbox 2106 4322 3758 4396; baseline -0.003 -15"><span class='ocrx_word' id='word_1_606' title='bbox 2106 4325 2430 4381; x_wconf 89' lang='lat' dir='ltr'><strong>missalaus</strong></span> <span class='ocrx_word' id='word_1_607' title='bbox 2446 4323 2604 4378; x_wconf 92' lang='lat' dir='ltr'><strong>illius</strong></span> <span class='ocrx_word' id='word_1_608' title='bbox 2624 4323 3025 4378; x_wconf 86' lang='lat' dir='ltr'><strong>omnihonore</strong></span> <span class='ocrx_word' id='word_1_609' title='bbox 3039 4323 3399 4396; x_wconf 74' lang='lat' dir='ltr'><strong>dignissimua</strong></span> <span class='ocrx_word' id='word_1_610' title='bbox 3423 4322 3601 4378; x_wconf 89' lang='lat' dir='ltr'><strong>simul</strong></span> <span class='ocrx_word' id='word_1_611' title='bbox 3622 4338 3758 4377; x_wconf 91' lang='lat' dir='ltr'><strong>cum</strong></span> 
     </span>
    </p>
   </div>
   <div class='ocr_carea' id='block_1_91' title="bbox 2107 4411 3757 4485">
    <p class='ocr_par' dir='ltr' id='par_1_91' title="bbox 2107 4411 3757 4485">
     <span class='ocr_line' id='line_1_91' title="bbox 2107 4411 3757 4485; baseline -0.003 -14"><span class='ocrx_word' id='word_1_612' title='bbox 2107 4416 2276 4471; x_wconf 73' lang='lat' dir='ltr'><strong>mine</strong></span> <span class='ocrx_word' id='word_1_613' title='bbox 2307 4413 2617 4485; x_wconf 85' lang='lat' dir='ltr'><strong>cujusdam</strong></span> <span class='ocrx_word' id='word_1_614' title='bbox 2651 4413 2957 4468; x_wconf 86' lang='lat' dir='ltr'><strong>suavitatis</strong></span> <span class='ocrx_word' id='word_1_615' title='bbox 2996 4412 3340 4485; x_wconf 83' lang='lat' dir='ltr'><strong>fragrantia.</strong></span> <span class='ocrx_word' id='word_1_616' title='bbox 3367 4411 3582 4467; x_wconf 90' lang='lat' dir='ltr'><strong>melius</strong></span> <span class='ocrx_word' id='word_1_617' title='bbox 3614 4427 3757 4466; x_wconf 88' lang='lat' dir='ltr'><strong>sane</strong></span> 
     </span>
    </p>
   </div>
   <div class='ocr_carea' id='block_1_92' title="bbox 2106 4502 3758 4574">
    <p class='ocr_par' dir='ltr' id='par_1_92' title="bbox 2106 4502 3758 4574">
     <span class='ocr_line' id='line_1_92' title="bbox 2106 4502 3758 4574; baseline -0.002 -16"><span class='ocrx_word' id='word_1_618' title='bbox 2106 4520 2174 4559; x_wconf 91' lang='lat' dir='ltr'><strong>ac</strong></span> <span class='ocrx_word' id='word_1_619' title='bbox 2203 4504 2263 4558; x_wconf 90' lang='lat' dir='ltr'><strong>in</strong></span> <span class='ocrx_word' id='word_1_620' title='bbox 2296 4502 2603 4558; x_wconf 89' lang='lat' dir='ltr'><strong>Sirenibus</strong></span> <span class='ocrx_word' id='word_1_621' title='bbox 2633 4502 2750 4557; x_wconf 87' lang='lat' dir='ltr'><strong>vim</strong></span> <span class='ocrx_word' id='word_1_622' title='bbox 2791 4502 3097 4557; x_wconf 88' lang='lat' dir='ltr'><strong>detinendi</strong></span> <span class='ocrx_word' id='word_1_623' title='bbox 3136 4505 3562 4574; x_wconf 66' lang='lat' dir='ltr'><strong>praetereuntes</strong></span> <span class='ocrx_word' id='word_1_624' title='bbox 3593 4516 3758 4555; x_wconf 91' lang='lat' dir='ltr'><strong>com-</strong></span> 
     </span>
    </p>
   </div>
   <div class='ocr_carea' id='block_1_93' title="bbox 347 4586 2016 4664">
    <p class='ocr_par' dir='ltr' id='par_1_93' title="bbox 347 4586 1999 4664">
     <span class='ocr_line' id='line_1_93' title="bbox 347 4586 1999 4664; baseline -0.004 -15"><span class='ocrx_word' id='word_1_625' title='bbox 347 4615 529 4652; x_wconf 80' lang='grc' dir='ltr'>νωνται</span> <span class='ocrx_word' id='word_1_626' title='bbox 560 4596 816 4663; x_wconf 78' lang='grc' dir='ltr'>ἐπόπται,</span> <span class='ocrx_word' id='word_1_627' title='bbox 866 4591 959 4646; x_wconf 77' lang='grc' dir='ltr'><strong>καὶ</strong></span> <span class='ocrx_word' id='word_1_628' title='bbox 1009 4588 1194 4645; x_wconf 85' lang='grc' dir='ltr'>πιστοὶ</span> <span class='ocrx_word' id='word_1_629' title='bbox 1240 4590 1474 4664; x_wconf 74' lang='grc' dir='ltr'>κήρυκες</span> <span class='ocrx_word' id='word_1_630' title='bbox 1522 4591 1619 4642; x_wconf 74' lang='grc' dir='ltr'><strong>τοῦ</strong></span> <span class='ocrx_word' id='word_1_631' title='bbox 1662 4587 1936 4664; x_wconf 71' lang='grc' dir='ltr'>φανέντος,</span> <span class='ocrx_word' id='word_1_632' title='bbox 1969 4586 1999 4643; x_wconf 85' lang='lat'>6&#39;</span> 
     </span>
    </p>
   </div>
   <div class='ocr_carea' id='block_1_94' title="bbox 2111 4586 3757 4664">
    <p class='ocr_par' dir='ltr' id='par_1_94' title="bbox 2111 4588 3757 4659">
     <span class='ocr_line' id='line_1_94' title="bbox 2111 4588 3757 4659; baseline -0.002 -11"><span class='ocrx_word' id='word_1_633' title='bbox 2111 4593 2500 4648; x_wconf 87' lang='lat' dir='ltr'><strong>miniscantur</strong></span> <span class='ocrx_word' id='word_1_634' title='bbox 2530 4592 2766 4657; x_wconf 67' lang='lat' dir='ltr'><strong>fabulae,</strong></span> <span class='ocrx_word' id='word_1_635' title='bbox 2792 4591 2927 4646; x_wconf 89' lang='lat' dir='ltr'><strong>illos</strong></span> <span class='ocrx_word' id='word_1_636' title='bbox 2951 4589 3174 4646; x_wconf 87' lang='lat' dir='ltr'><strong>ibidem</strong></span> <span class='ocrx_word' id='word_1_637' title='bbox 3200 4590 3274 4645; x_wconf 88' lang='lat' dir='ltr'><strong>ad</strong></span> <span class='ocrx_word' id='word_1_638' title='bbox 3297 4588 3538 4643; x_wconf 88' lang='lat' dir='ltr'><strong>tertium</strong></span> <span class='ocrx_word' id='word_1_639' title='bbox 3567 4605 3757 4659; x_wconf 88' lang='lat' dir='ltr'><strong>usque</strong></span> 
     </span>
    </p>
   </div>
   <div class='ocr_carea' id='block_1_95' title="bbox 347 4683 847 4761">
    <p class='ocr_par' dir='ltr' id='par_1_95' title="bbox 347 4683 847 4761">
     <span class='ocr_line' id='line_1_95' title="bbox 347 4683 847 4761; baseline 0.006 -25"><span class='ocrx_word' id='word_1_640' title='bbox 347 4687 436 4737; x_wconf 70' lang='grc' dir='ltr'>νῦν</span> <span class='ocrx_word' id='word_1_641' title='bbox 465 4686 491 4740; x_wconf 84' lang='grc' dir='ltr'><strong>ὁ</strong></span> <span class='ocrx_word' id='word_1_642' title='bbox 518 4685 682 4761; x_wconf 88' lang='grc' dir='ltr'>λόγος</span> <span class='ocrx_word' id='word_1_643' title='bbox 715 4683 847 4757; x_wconf 71' lang='grc' dir='ltr'>ἐρεῖ.</span> 
     </span>
    </p>
   </div>
   <div class='ocr_carea' id='block_1_96' title="bbox 2108 4678 3759 4748">
    <p class='ocr_par' dir='ltr' id='par_1_96' title="bbox 2108 4678 3759 4748">
     <span class='ocr_line' id='line_1_96' title="bbox 2108 4678 3759 4748; baseline -0.001 -13"><span class='ocrx_word' id='word_1_644' title='bbox 2108 4681 2265 4736; x_wconf 91' lang='lat' dir='ltr'><strong>diem</strong></span> <span class='ocrx_word' id='word_1_645' title='bbox 2296 4680 2618 4735; x_wconf 88' lang='lat' dir='ltr'><strong>retinuere.</strong></span> <span class='ocrx_word' id='word_1_646' title='bbox 2655 4681 2868 4734; x_wconf 88' lang='lat' dir='ltr'><strong>Verum</strong></span> <span class='ocrx_word' id='word_1_647' title='bbox 2926 4682 2985 4732; x_wconf 90' lang='lat' dir='ltr'><strong>et</strong></span> <span class='ocrx_word' id='word_1_648' title='bbox 3038 4678 3096 4732; x_wconf 94' lang='lat' dir='ltr'><strong>id</strong></span> <span class='ocrx_word' id='word_1_649' title='bbox 3150 4678 3347 4732; x_wconf 88' lang='lat' dir='ltr'><strong>divino</strong></span> <span class='ocrx_word' id='word_1_650' title='bbox 3396 4692 3638 4748; x_wconf 88' lang='lat' dir='ltr'><strong>prorsus</strong></span> <span class='ocrx_word' id='word_1_651' title='bbox 3669 4682 3759 4733; x_wconf 89' lang='lat' dir='ltr'><strong>est</strong></span> 
     </span>
    </p>
   </div>
   <div class='ocr_carea' id='block_1_97' title="bbox 344 4764 3773 4842">
    <p class='ocr_par' dir='ltr' id='par_1_97' title="bbox 344 4764 3773 4842">
     <span class='ocr_line' id='line_1_97' title="bbox 344 4764 3773 4842; baseline -0.001 -13"><span class='ocrx_word' id='word_1_652' title='bbox 344 4777 580 4833; x_wconf 85' lang='lat' dir='ltr'><strong>numine</strong></span> <span class='ocrx_word' id='word_1_653' title='bbox 600 4777 844 4842; x_wconf 82' lang='lat' dir='ltr'><strong>factum,</strong></span> <span class='ocrx_word' id='word_1_654' title='bbox 878 4776 947 4828; x_wconf 88' lang='lat' dir='ltr'><strong>ut</strong></span> <span class='ocrx_word' id='word_1_655' title='bbox 978 4769 1224 4826; x_wconf 86' lang='lat' dir='ltr'><strong>alterius</strong></span> <span class='ocrx_word' id='word_1_656' title='bbox 1255 4784 1493 4840; x_wconf 87' lang='lat' dir='ltr'><strong>quoque</strong></span> <span class='ocrx_word' id='word_1_657' title='bbox 1522 4769 1789 4840; x_wconf 88' lang='lat' dir='ltr'><strong>mysterii</strong></span> <span class='ocrx_word' id='word_1_658' title='bbox 1823 4774 2187 4841; x_wconf 89' lang='lat' dir='ltr'><strong>spectatores</strong></span> <span class='ocrx_word' id='word_1_659' title='bbox 2213 4768 2540 4840; x_wconf 87' lang='lat' dir='ltr'><strong>ﬁdelesque</strong></span> <span class='ocrx_word' id='word_1_660' title='bbox 2565 4767 2824 4839; x_wconf 85' lang='lat' dir='ltr'><strong>portenti</strong></span> <span class='ocrx_word' id='word_1_661' title='bbox 2852 4766 3014 4822; x_wconf 89' lang='lat' dir='ltr'><strong>illius</strong></span> <span class='ocrx_word' id='word_1_662' title='bbox 3036 4782 3337 4836; x_wconf 70' lang='lat' dir='ltr'><strong>praecones</strong></span> <span class='ocrx_word' id='word_1_663' title='bbox 3357 4764 3574 4835; x_wconf 85' lang='lat' dir='ltr'><strong>forent,</strong></span> <span class='ocrx_word' id='word_1_664' title='bbox 3599 4768 3773 4838; x_wconf 88' lang='lat' dir='ltr'><strong>quod’</strong></span> 
     </span>
    </p>
   </div>
   <div class='ocr_carea' id='block_1_98' title="bbox 345 4858 1246 4921">
    <p class='ocr_par' dir='ltr' id='par_1_98' title="bbox 345 4858 1246 4921">
     <span class='ocr_line' id='line_1_98' title="bbox 345 4858 1246 4921; baseline -0.001 -5"><span class='ocrx_word' id='word_1_665' title='bbox 345 4872 684 4921; x_wconf 87' lang='lat' dir='ltr'><strong>enarratura</strong></span> <span class='ocrx_word' id='word_1_666' title='bbox 715 4879 877 4920; x_wconf 88' lang='lat' dir='ltr'><strong>nunc</strong></span> <span class='ocrx_word' id='word_1_667' title='bbox 910 4858 1103 4915; x_wconf 87' lang='lat' dir='ltr'><strong>oratio</strong></span> <span class='ocrx_word' id='word_1_668' title='bbox 1137 4862 1246 4915; x_wconf 90' lang='lat' dir='ltr'><strong>est.</strong></span> 
     </span>
    </p>
   </div>
   <div class='ocr_carea' id='block_1_99' title="bbox 420 4942 2001 5027">
    <p class='ocr_par' dir='ltr' id='par_1_99' title="bbox 420 4942 2001 5027">
     <span class='ocr_line' id='line_1_99' title="bbox 420 4942 2001 5027; baseline -0.004 -21"><span class='ocrx_word' id='word_1_669' title='bbox 420 4954 541 5010; x_wconf 79' lang='lat' dir='ltr'><strong>KH’.</strong></span> <span class='ocrx_word' id='word_1_670' title='bbox 600 4950 864 5027; x_wconf 78' lang='grc' dir='ltr'>Βραδύνει</span> <span class='ocrx_word' id='word_1_671' title='bbox 920 4967 1007 5009; x_wconf 89' lang='grc' dir='ltr'><strong>τις</strong></span> <span class='ocrx_word' id='word_1_672' title='bbox 1060 4949 1167 5000; x_wconf 82' lang='grc' dir='ltr'><strong>τῶν</strong></span> <span class='ocrx_word' id='word_1_673' title='bbox 1220 4942 1570 5014; x_wconf 76' lang='grc' dir='ltr'>ἀποστόλων,</span> <span class='ocrx_word' id='word_1_674' title='bbox 1620 4944 1711 5000; x_wconf 82' lang='grc' dir='ltr'><strong>καὶ</strong></span> <span class='ocrx_word' id='word_1_675' title='bbox 1769 4945 2001 5019; x_wconf 81' lang='grc' dir='ltr'>ἄμοιρος</span> 
     </span>
    </p>
   </div>
   <div class='ocr_carea' id='block_1_100' title="bbox 352 5031 2003 5115">
    <p class='ocr_par' dir='ltr' id='par_1_100' title="bbox 352 5031 2003 5115">
     <span class='ocr_line' id='line_1_100' title="bbox 352 5031 2003 5115; baseline -0.002 -23"><span class='ocrx_word' id='word_1_676' title='bbox 352 5039 545 5115; x_wconf 80' lang='grc' dir='ltr'>γίνεται</span> <span class='ocrx_word' id='word_1_677' title='bbox 590 5049 690 5112; x_wconf 72' lang='grc' dir='ltr'>τῆς</span> <span class='ocrx_word' id='word_1_678' title='bbox 740 5039 863 5114; x_wconf 81' lang='grc' dir='ltr'>περὶ</span> <span class='ocrx_word' id='word_1_679' title='bbox 922 5038 1029 5106; x_wconf 76' lang='grc' dir='ltr'><strong>τήν</strong></span> <span class='ocrx_word' id='word_1_680' title='bbox 1086 5037 1262 5113; x_wconf 80' lang='grc' dir='ltr'>ταφὴν</span> <span class='ocrx_word' id='word_1_681' title='bbox 1292 5033 1503 5105; x_wconf 77' lang='grc' dir='ltr'>ἐκείνην</span> <span class='ocrx_word' id='word_1_682' title='bbox 1538 5031 1833 5096; x_wconf 75' lang='grc' dir='ltr'>διακονίας.</span> <span class='ocrx_word' id='word_1_683' title='bbox 1871 5035 2003 5091; x_wconf 73' lang='grc' dir='ltr'>Εἶτα</span> 
     </span>
    </p>
   </div>
   <div class='ocr_carea' id='block_1_101' title="bbox 350 5121 1998 5203">
    <p class='ocr_par' dir='ltr' id='par_1_101' title="bbox 350 5121 1998 5203">
     <span class='ocr_line' id='line_1_101' title="bbox 350 5121 1998 5203; baseline -0.002 -21"><span class='ocrx_word' id='word_1_684' title='bbox 350 5130 530 5203; x_wconf 67' lang='grc' dir='ltr'>φθάνει</span> <span class='ocrx_word' id='word_1_685' title='bbox 580 5134 679 5195; x_wconf 79' lang='grc' dir='ltr'>τῆς</span> <span class='ocrx_word' id='word_1_686' title='bbox 770 5127 968 5203; x_wconf 82' lang='grc' dir='ltr'>τρίτης</span> <span class='ocrx_word' id='word_1_687' title='bbox 1055 5121 1346 5194; x_wconf 82' lang='grc' dir='ltr'>ἐπιστάσης</span> <span class='ocrx_word' id='word_1_688' title='bbox 1428 5124 1662 5197; x_wconf 69' lang='grc' dir='ltr'>ἡμέρας·</span> <span class='ocrx_word' id='word_1_689' title='bbox 1744 5122 1998 5197; x_wconf 87' lang='grc' dir='ltr'>μανθάνει</span> 
     </span>
    </p>
   </div>
   <div class='ocr_carea' id='block_1_102' title="bbox 350 5209 2000 5291">
    <p class='ocr_par' dir='ltr' id='par_1_102' title="bbox 350 5209 2000 5291">
     <span class='ocr_line' id='line_1_102' title="bbox 350 5209 2000 5291; baseline -0.001 -24"><span class='ocrx_word' id='word_1_690' title='bbox 350 5216 450 5283; x_wconf 71' lang='grc' dir='ltr'>τὴν</span> <span class='ocrx_word' id='word_1_691' title='bbox 490 5214 720 5291; x_wconf 68' lang='grc' dir='ltr'>διαέριον</span> <span class='ocrx_word' id='word_1_692' title='bbox 778 5219 888 5271; x_wconf 83' lang='grc' dir='ltr'><strong>τῶν</strong></span> <span class='ocrx_word' id='word_1_693' title='bbox 949 5209 1368 5265; x_wconf 87' lang='grc' dir='ltr'>συναποστόλων</span> <span class='ocrx_word' id='word_1_694' title='bbox 1424 5209 1752 5265; x_wconf 71' lang='grc' dir='ltr'>συνέλευσιν·</span> <span class='ocrx_word' id='word_1_695' title='bbox 1789 5215 2000 5284; x_wconf 88' lang='grc' dir='ltr'>μυεῖται</span> 
     </span>
    </p>
   </div>
   <div class='ocr_carea' id='block_1_103' title="bbox 343 5298 2000 5383">
    <p class='ocr_par' dir='ltr' id='par_1_103' title="bbox 343 5298 2000 5383">
     <span class='ocr_line' id='line_1_103' title="bbox 343 5298 2000 5383; baseline -0.002 -24"><span class='ocrx_word' id='word_1_696' title='bbox 343 5306 414 5361; x_wconf 73' lang='grc' dir='ltr'><strong>τά</strong></span> <span class='ocrx_word' id='word_1_697' title='bbox 466 5304 734 5383; x_wconf 75' lang='grc' dir='ltr'>παράδοξα</span> <span class='ocrx_word' id='word_1_698' title='bbox 808 5304 999 5360; x_wconf 75' lang='grc' dir='ltr'>ἐκεῖνα</span> <span class='ocrx_word' id='word_1_699' title='bbox 1072 5299 1164 5354; x_wconf 86' lang='grc' dir='ltr'><strong>καὶ</strong></span> <span class='ocrx_word' id='word_1_700' title='bbox 1235 5300 1530 5376; x_wconf 87' lang='grc' dir='ltr'>πράγματα</span> <span class='ocrx_word' id='word_1_701' title='bbox 1595 5301 1684 5356; x_wconf 77' lang='grc' dir='ltr'><strong>καὶ</strong></span> <span class='ocrx_word' id='word_1_702' title='bbox 1746 5298 2000 5376; x_wconf 76' lang='grc' dir='ltr'>μελῳδή-</span> 
     </span>
    </p>
   </div>
   <div class='ocr_carea' id='block_1_104' title="bbox 347 5384 2002 5469">
    <p class='ocr_par' dir='ltr' id='par_1_104' title="bbox 347 5384 2002 5469">
     <span class='ocr_line' id='line_1_104' title="bbox 347 5384 2002 5469; baseline -0.004 -17"><span class='ocrx_word' id='word_1_703' title='bbox 347 5417 507 5469; x_wconf 81' lang='grc' dir='ltr'>ματα,</span> <span class='ocrx_word' id='word_1_704' title='bbox 561 5398 650 5453; x_wconf 73' lang='grc' dir='ltr'><strong>καὶ</strong></span> <span class='ocrx_word' id='word_1_705' title='bbox 707 5393 892 5451; x_wconf 84' lang='grc' dir='ltr'>πάντα</span> <span class='ocrx_word' id='word_1_706' title='bbox 946 5384 1340 5459; x_wconf 73' lang='grc' dir='ltr'>ἐκδιδάσκεται,</span> <span class='ocrx_word' id='word_1_707' title='bbox 1390 5392 1482 5445; x_wconf 80' lang='grc' dir='ltr'>οἶα</span> <span class='ocrx_word' id='word_1_708' title='bbox 1534 5391 1673 5445; x_wconf 74' lang='grc' dir='ltr'>κατὰ</span> <span class='ocrx_word' id='word_1_709' title='bbox 1714 5392 1813 5460; x_wconf 76' lang='grc' dir='ltr'>τὴν</span> <span class='ocrx_word' id='word_1_710' title='bbox 1855 5389 2002 5464; x_wconf 81' lang='grc' dir='ltr'>ἱερὰν</span> 
     </span>
    </p>
   </div>
   <div class='ocr_carea' id='block_1_105' title="bbox 341 5474 2003 5558">
    <p class='ocr_par' dir='ltr' id='par_1_105' title="bbox 341 5474 2003 5558">
     <span class='ocr_line' id='line_1_105' title="bbox 341 5474 2003 5558; baseline -0.003 -17"><span class='ocrx_word' id='word_1_711' title='bbox 341 5480 491 5558; x_wconf 65' lang='grc' dir='ltr'><strong>ἐξέϐη</strong></span> <span class='ocrx_word' id='word_1_712' title='bbox 543 5485 800 5556; x_wconf 76' lang='grc' dir='ltr'>τελετήν.</span> <span class='ocrx_word' id='word_1_713' title='bbox 860 5481 955 5541; x_wconf 85' lang='grc' dir='ltr'>Ὡς</span> <span class='ocrx_word' id='word_1_714' title='bbox 1018 5474 1076 5532; x_wconf 71' lang='grc' dir='ltr'><strong>δὲ</strong></span> <span class='ocrx_word' id='word_1_715' title='bbox 1131 5478 1356 5554; x_wconf 81' lang='grc' dir='ltr'>ούράνιά</span> <span class='ocrx_word' id='word_1_716' title='bbox 1437 5499 1558 5534; x_wconf 88' lang='grc' dir='ltr'>τινα</span> <span class='ocrx_word' id='word_1_717' title='bbox 1613 5478 1703 5535; x_wconf 85' lang='grc' dir='ltr'><strong>καὶ</strong></span> <span class='ocrx_word' id='word_1_718' title='bbox 1758 5481 2003 5558; x_wconf 76' lang='grc' dir='ltr'>ὑπερφυᾶ</span> 
     </span>
    </p>
   </div>
   <div class='ocr_carea' id='block_1_106' title="bbox 344 5565 1999 5644">
    <p class='ocr_par' dir='ltr' id='par_1_106' title="bbox 344 5565 1999 5644">
     <span class='ocr_line' id='line_1_106' title="bbox 344 5565 1999 5644; baseline -0.004 -14"><span class='ocrx_word' id='word_1_719' title='bbox 344 5572 638 5633; x_wconf 69' lang='grc' dir='ltr'>διακοόσειε</span> <span class='ocrx_word' id='word_1_720' title='bbox 698 5574 772 5629; x_wconf 70' lang='grc' dir='ltr'>τὰ</span> <span class='ocrx_word' id='word_1_721' title='bbox 866 5565 1204 5643; x_wconf 72' lang='grc' dir='ltr'>πραχθέντα,</span> <span class='ocrx_word' id='word_1_722' title='bbox 1260 5565 1619 5640; x_wconf 76' lang='grc' dir='ltr'>ἐκπλήττεται</span> <span class='ocrx_word' id='word_1_723' title='bbox 1725 5570 1843 5644; x_wconf 77' lang='grc' dir='ltr'>μὲν,</span> <span class='ocrx_word' id='word_1_724' title='bbox 1910 5570 1999 5624; x_wconf 79' lang='grc' dir='ltr'><strong>καὶ</strong></span> 
     </span>
    </p>
   </div>
   <div class='ocr_carea' id='block_1_107' title="bbox 343 5653 2002 5739">
    <p class='ocr_par' dir='ltr' id='par_1_107' title="bbox 343 5653 2002 5739">
     <span class='ocr_line' id='line_1_107' title="bbox 343 5653 2002 5739; baseline -0.006 -16"><span class='ocrx_word' id='word_1_725' title='bbox 343 5666 622 5739; x_wconf 65' lang='grc' dir='ltr'>θαυμάζει,</span> <span class='ocrx_word' id='word_1_726' title='bbox 683 5661 855 5739; x_wconf 79' lang='grc' dir='ltr'>ἀλγεῖ</span> <span class='ocrx_word' id='word_1_727' title='bbox 913 5654 999 5729; x_wconf 71' lang='grc' dir='ltr'><strong>δὲ,</strong></span> <span class='ocrx_word' id='word_1_728' title='bbox 1053 5655 1127 5719; x_wconf 80' lang='grc' dir='ltr'>ὥς</span> <span class='ocrx_word' id='word_1_729' title='bbox 1184 5654 1348 5731; x_wconf 78' lang='grc' dir='ltr'>εῗκὸς,</span> <span class='ocrx_word' id='word_1_730' title='bbox 1396 5657 1485 5713; x_wconf 72' lang='grc' dir='ltr'><strong>καί</strong></span> <span class='ocrx_word' id='word_1_731' title='bbox 1542 5653 1787 5733; x_wconf 86' lang='grc' dir='ltr'>λύπηρὸν</span> <span class='ocrx_word' id='word_1_732' title='bbox 1833 5656 2002 5714; x_wconf 78' lang='grc' dir='ltr'>οἲεταί</span> 
     </span>
    </p>
   </div>
   <div class='ocr_carea' id='block_1_108' title="bbox 2170 4943 3757 5017">
    <p class='ocr_par' dir='ltr' id='par_1_108' title="bbox 2170 4943 3757 5017">
     <span class='ocr_line' id='line_1_108' title="bbox 2170 4943 3757 5017; baseline -0.003 -14"><span class='ocrx_word' id='word_1_733' title='bbox 2170 4946 2418 5003; x_wconf 83' lang='lat' dir='ltr'><strong>XXVIII.</strong></span> <span class='ocrx_word' id='word_1_734' title='bbox 2469 4944 2869 5000; x_wconf 89' lang='lat' dir='ltr'><strong>Procrastinat</strong></span> <span class='ocrx_word' id='word_1_735' title='bbox 2916 4943 3316 5017; x_wconf 80' lang='lat' dir='ltr'><strong>apostolorum</strong></span> <span class='ocrx_word' id='word_1_736' title='bbox 3366 4944 3628 5016; x_wconf 90' lang='lat' dir='ltr'><strong>quidam,</strong></span> <span class='ocrx_word' id='word_1_737' title='bbox 3663 4951 3757 5001; x_wconf 88' lang='lat' dir='ltr'><strong>at-</strong></span> 
     </span>
    </p>
   </div>
   <div class='ocr_carea' id='block_1_109' title="bbox 2100 5036 3752 5109">
    <p class='ocr_par' dir='ltr' id='par_1_109' title="bbox 2100 5036 3752 5109">
     <span class='ocr_line' id='line_1_109' title="bbox 2100 5036 3752 5109; baseline -0.002 -15"><span class='ocrx_word' id='word_1_738' title='bbox 2100 5055 2215 5109; x_wconf 91' lang='lat' dir='ltr'><strong>que</strong></span> <span class='ocrx_word' id='word_1_739' title='bbox 2244 5037 2390 5094; x_wconf 89' lang='lat' dir='ltr'><strong>adeo</strong></span> <span class='ocrx_word' id='word_1_740' title='bbox 2420 5052 2625 5092; x_wconf 81' lang='lat' dir='ltr'><strong>exsors</strong></span> <span class='ocrx_word' id='word_1_741' title='bbox 2671 5041 2871 5091; x_wconf 88' lang='lat' dir='ltr'><strong>manet</strong></span> <span class='ocrx_word' id='word_1_742' title='bbox 2917 5036 3147 5092; x_wconf 89' lang='lat' dir='ltr'><strong>funerei</strong></span> <span class='ocrx_word' id='word_1_743' title='bbox 3198 5036 3359 5092; x_wconf 89' lang='lat' dir='ltr'><strong>illius</strong></span> <span class='ocrx_word' id='word_1_744' title='bbox 3408 5037 3752 5098; x_wconf 87' lang='lat' dir='ltr'><strong>ministerii.</strong></span> 
     </span>
    </p>
   </div>
   <div class='ocr_carea' id='block_1_110' title="bbox 2100 5125 3751 5184">
    <p class='ocr_par' dir='ltr' id='par_1_110' title="bbox 2100 5125 3751 5184">
     <span class='ocr_line' id='line_1_110' title="bbox 2100 5125 3751 5184; baseline -0.002 -1"><span class='ocrx_word' id='word_1_745' title='bbox 2100 5128 2489 5184; x_wconf 89' lang='lat' dir='ltr'><strong>Illucescente</strong></span> <span class='ocrx_word' id='word_1_746' title='bbox 2545 5125 2685 5181; x_wconf 89' lang='lat' dir='ltr'><strong>dein</strong></span> <span class='ocrx_word' id='word_1_747' title='bbox 2744 5127 2922 5181; x_wconf 89' lang='lat' dir='ltr'><strong>tertia</strong></span> <span class='ocrx_word' id='word_1_748' title='bbox 2971 5126 3066 5181; x_wconf 89' lang='lat' dir='ltr'><strong>die</strong></span> <span class='ocrx_word' id='word_1_749' title='bbox 3126 5126 3408 5181; x_wconf 86' lang='lat' dir='ltr'><strong>advenit:</strong></span> <span class='ocrx_word' id='word_1_750' title='bbox 3467 5125 3633 5181; x_wconf 90' lang='lat' dir='ltr'><strong>audit</strong></span> <span class='ocrx_word' id='word_1_751' title='bbox 3679 5127 3751 5181; x_wconf 93' lang='lat' dir='ltr'><strong>de</strong></span> 
     </span>
    </p>
   </div>
   <div class='ocr_carea' id='block_1_111' title="bbox 2100 5214 3751 5288">
    <p class='ocr_par' dir='ltr' id='par_1_111' title="bbox 2100 5214 3751 5288">
     <span class='ocr_line' id='line_1_111' title="bbox 2100 5214 3751 5288; baseline -0.003 -15"><span class='ocrx_word' id='word_1_752' title='bbox 2100 5217 2573 5288; x_wconf 89' lang='lat' dir='ltr'><strong>coapostolorum</strong></span> <span class='ocrx_word' id='word_1_753' title='bbox 2603 5231 2710 5287; x_wconf 92' lang='lat' dir='ltr'><strong>per</strong></span> <span class='ocrx_word' id='word_1_754' title='bbox 2759 5216 2985 5271; x_wconf 75' lang='lat' dir='ltr'><strong>aathera</strong></span> <span class='ocrx_word' id='word_1_755' title='bbox 3014 5216 3076 5270; x_wconf 91' lang='lat' dir='ltr'><strong>in</strong></span> <span class='ocrx_word' id='word_1_756' title='bbox 3108 5215 3385 5273; x_wconf 89' lang='lat' dir='ltr'><strong>eumdem</strong></span> <span class='ocrx_word' id='word_1_757' title='bbox 3417 5215 3612 5269; x_wconf 90' lang='lat' dir='ltr'><strong>locum</strong></span> <span class='ocrx_word' id='word_1_758' title='bbox 3646 5214 3751 5269; x_wconf 86' lang='lat' dir='ltr'><strong>ad-</strong></span> 
     </span>
    </p>
   </div>
   <div class='ocr_carea' id='block_1_112' title="bbox 2100 5303 3746 5363">
    <p class='ocr_par' dir='ltr' id='par_1_112' title="bbox 2100 5303 3746 5363">
     <span class='ocr_line' id='line_1_112' title="bbox 2100 5303 3746 5363; baseline -0.003 -2"><span class='ocrx_word' id='word_1_759' title='bbox 2100 5311 2319 5363; x_wconf 89' lang='lat' dir='ltr'><strong>ventu:</strong></span> <span class='ocrx_word' id='word_1_760' title='bbox 2399 5304 2574 5360; x_wconf 89' lang='lat' dir='ltr'><strong>discit</strong></span> <span class='ocrx_word' id='word_1_761' title='bbox 2645 5304 2719 5360; x_wconf 93' lang='lat' dir='ltr'><strong>de</strong></span> <span class='ocrx_word' id='word_1_762' title='bbox 2789 5305 2959 5360; x_wconf 88' lang='lat' dir='ltr'><strong>miris</strong></span> <span class='ocrx_word' id='word_1_763' title='bbox 3030 5305 3147 5360; x_wconf 88' lang='lat' dir='ltr'><strong>illis</strong></span> <span class='ocrx_word' id='word_1_764' title='bbox 3217 5309 3339 5360; x_wconf 90' lang='lat' dir='ltr'><strong>tum</strong></span> <span class='ocrx_word' id='word_1_765' title='bbox 3396 5303 3563 5359; x_wconf 87' lang='lat' dir='ltr'><strong>factis</strong></span> <span class='ocrx_word' id='word_1_766' title='bbox 3620 5306 3746 5356; x_wconf 89' lang='lat' dir='ltr'><strong>tum</strong></span> 
     </span>
    </p>
   </div>
   <div class='ocr_carea' id='block_1_113' title="bbox 2100 5394 3750 5466">
    <p class='ocr_par' dir='ltr' id='par_1_113' title="bbox 2100 5394 3750 5466">
     <span class='ocr_line' id='line_1_113' title="bbox 2100 5394 3750 5466; baseline -0.005 -14"><span class='ocrx_word' id='word_1_767' title='bbox 2100 5395 2505 5465; x_wconf 85' lang='lat' dir='ltr'><strong>concentibus,</strong></span> <span class='ocrx_word' id='word_1_768' title='bbox 2581 5398 2758 5466; x_wconf 88' lang='lat' dir='ltr'><strong>atque</strong></span> <span class='ocrx_word' id='word_1_769' title='bbox 2841 5395 3041 5450; x_wconf 89' lang='lat' dir='ltr'><strong>omnia</strong></span> <span class='ocrx_word' id='word_1_770' title='bbox 3114 5394 3378 5461; x_wconf 91' lang='lat' dir='ltr'><strong>docetur,</strong></span> <span class='ocrx_word' id='word_1_771' title='bbox 3464 5406 3750 5461; x_wconf 61' lang='lat' dir='ltr'><strong>quascun-</strong></span> 
     </span>
    </p>
   </div>
   <div class='ocr_carea' id='block_1_114' title="bbox 2099 5479 3742 5555">
    <p class='ocr_par' dir='ltr' id='par_1_114' title="bbox 2099 5479 3742 5555">
     <span class='ocr_line' id='line_1_114' title="bbox 2099 5479 3742 5555; baseline -0.004 -17"><span class='ocrx_word' id='word_1_772' title='bbox 2099 5500 2214 5555; x_wconf 91' lang='lat' dir='ltr'><strong>que</strong></span> <span class='ocrx_word' id='word_1_773' title='bbox 2245 5485 2305 5537; x_wconf 89' lang='lat' dir='ltr'><strong>in</strong></span> <span class='ocrx_word' id='word_1_774' title='bbox 2363 5498 2531 5538; x_wconf 87' lang='lat' dir='ltr'><strong>sacra</strong></span> <span class='ocrx_word' id='word_1_775' title='bbox 2586 5482 2687 5537; x_wconf 89' lang='lat' dir='ltr'><strong>illa</strong></span> <span class='ocrx_word' id='word_1_776' title='bbox 2734 5498 2952 5555; x_wconf 88' lang='lat' dir='ltr'><strong>pompa</strong></span> <span class='ocrx_word' id='word_1_777' title='bbox 3003 5485 3338 5537; x_wconf 90' lang='lat' dir='ltr'><strong>evenerant.</strong></span> <span class='ocrx_word' id='word_1_778' title='bbox 3390 5479 3495 5533; x_wconf 90' lang='lat' dir='ltr'><strong>Ubi</strong></span> <span class='ocrx_word' id='word_1_779' title='bbox 3545 5481 3742 5532; x_wconf 89' lang='lat' dir='ltr'><strong>autem</strong></span> 
     </span>
    </p>
   </div>
   <div class='ocr_carea' id='block_1_115' title="bbox 2099 5564 3742 5643">
    <p class='ocr_par' dir='ltr' id='par_1_115' title="bbox 2099 5564 3742 5643">
     <span class='ocr_line' id='line_1_115' title="bbox 2099 5564 3742 5643; baseline -0.007 -16"><span class='ocrx_word' id='word_1_780' title='bbox 2099 5571 2357 5627; x_wconf 72' lang='lat' dir='ltr'><strong>caalestia</strong></span> <span class='ocrx_word' id='word_1_781' title='bbox 2388 5571 2661 5643; x_wconf 71' lang='lat' dir='ltr'><strong>qumdam</strong></span> <span class='ocrx_word' id='word_1_782' title='bbox 2692 5588 2757 5627; x_wconf 92' lang='lat' dir='ltr'><strong>ac</strong></span> <span class='ocrx_word' id='word_1_783' title='bbox 2788 5576 3004 5643; x_wconf 62' lang='lat' dir='ltr'><strong>praeter</strong></span> <span class='ocrx_word' id='word_1_784' title='bbox 3028 5575 3253 5625; x_wconf 77' lang='lat' dir='ltr'><strong>naturm</strong></span> <span class='ocrx_word' id='word_1_785' title='bbox 3284 5568 3442 5638; x_wconf 86' lang='lat' dir='ltr'><strong>leges</strong></span> <span class='ocrx_word' id='word_1_786' title='bbox 3463 5564 3615 5618; x_wconf 88' lang='lat' dir='ltr'><strong>mira</strong></span> <span class='ocrx_word' id='word_1_787' title='bbox 3643 5580 3742 5633; x_wconf 87' lang='lat' dir='ltr'><strong>pa-</strong></span> 
     </span>
    </p>
   </div>
   <div class='ocr_carea' id='block_1_116' title="bbox 2100 5651 3738 5734">
    <p class='ocr_par' dir='ltr' id='par_1_116' title="bbox 2100 5651 3738 5734">
     <span class='ocr_line' id='line_1_116' title="bbox 2100 5651 3738 5734; baseline -0.009 -15"><span class='ocrx_word' id='word_1_788' title='bbox 2100 5665 2252 5719; x_wconf 88' lang='lat' dir='ltr'><strong>trata</strong></span> <span class='ocrx_word' id='word_1_789' title='bbox 2281 5659 2524 5734; x_wconf 87' lang='lat' dir='ltr'><strong>audivit,</strong></span> <span class='ocrx_word' id='word_1_790' title='bbox 2557 5660 2903 5734; x_wconf 88' lang='lat' dir='ltr'><strong>percellitur</strong></span> <span class='ocrx_word' id='word_1_791' title='bbox 2940 5660 3064 5733; x_wconf 89' lang='lat' dir='ltr'><strong>ipse</strong></span> <span class='ocrx_word' id='word_1_792' title='bbox 3100 5663 3155 5713; x_wconf 88' lang='lat' dir='ltr'><strong>et</strong></span> <span class='ocrx_word' id='word_1_793' title='bbox 3186 5651 3579 5725; x_wconf 85' lang='lat' dir='ltr'><strong>obstupescit;</strong></span> <span class='ocrx_word' id='word_1_794' title='bbox 3611 5654 3738 5705; x_wconf 87' lang='lat' dir='ltr'><strong>tum</strong></span> 
     </span>
    </p>
   </div>
  </div>
