4104 6300
53 2376 72 2455 i

1552 0 1560 19 θ
1611 0 1626 3 ..
1777 1 1780 3 .
1905 0 1936 6 ,η
2123 0 2128 3 ,
2491 0 2496 2 .

2561 0 2717 21 ξομε-»⁷
2673 0 2686 12 “τ
2693 0 2704 2 “
2726 0 2739 21 ἱ
2748 0 2863 20 ..κ-...ι’
2773 0 3063 19 ﬁ.—
2878 11 2971 20 ..υ-
2978 13 3063 20 ..._.-

495 392 611 452 159
1639 385 1936 450 ISIDURI
1980 382 2762 446 THESSALONICENSIS
3754 387 3858 451 160

496 538 819 596 puerorum
849 523 1000 591 loco,
1031 539 1232 578 ramus
1261 521 1433 578 datus
1462 521 1675 586 fuerat,
1699 526 1764 576 ut
1785 537 1921 576 eum
1948 517 2131 574 Domi-

2253 512 2400 588 γέλῳ
2439 513 2554 568 ἀντὶ
2621 519 2728 569 τῶν
2793 513 3006 570 ἀκάκων
3073 514 3278 587 νηπίων
3347 514 3621 574 έκείνωνὸ
3675 519 3858 584 θαλλὸς

495 629 587 667 nae
619 613 873 676 afferret,
909 629 1128 683 perque
1162 611 1221 666 id
1249 611 1620 667 referendam
1651 611 1722 666 de
1755 615 1944 665 morte
1964 609 2140 663 victo-

497 701 647 756 riam
680 701 1058 772 signiﬁcaret.

569 791 662 845 Sic
693 796 751 845 et
783 791 845 844 in
878 791 1038 845 hisce
1069 790 1382 861 imaginem
1415 789 1600 855 illam,
1646 805 1822 860 quam
1857 787 2136 854 diximus,

497 886 700 936 exacte
732 879 792 934 in
824 897 884 934 se
917 880 1235 951 purissima
1276 880 1542 934 servavit.
1580 881 1649 932 Et
1697 895 1803 949 par
1847 884 1972 932 erat
2001 894 2135 948 pro-

496 969 670 1037 fecto,
703 974 767 1023 ut
788 969 946 1023 bona
1003 971 1184 1024 Mater
1229 969 1289 1023 in
1339 968 1614 1023 omnibus
1664 984 1880 1022 novum
1925 967 2136 1021 Filium

496 1057 850 1123 imitaretur,
885 1059 1178 1128 simulque
1209 1064 1273 1113 ut
1302 1059 1398 1113 hic
1430 1075 1648 1112 novum
1678 1056 1822 1126 quid
1873 1061 1931 1111 et
1959 1055 2030 1110 ab
2063 1055 2138 1110 iis

493 1146 670 1217 plane
702 1147 999 1202 diversum
1040 1147 1229 1212 fieret,
1281 1164 1411 1217 quae
1445 1147 1600 1201 inter
1644 1145 1796 1200 ﬁlios
1853 1150 2134 1200 consueto

494 1242 718 1292 naturaa
737 1237 944 1293 ordine
961 1238 1298 1309 progenitos
1312 1253 1636 1307 eorumque
1651 1241 1925 1308 parentes
1948 1235 2141 1290 solent

495 1327 837 1398 contingere
893 1328 1025 1382 Fert
1055 1327 1214 1381 enim
1263 1331 1487 1381 natura)
1537 1325 1654 1394 lex,
1687 1331 1752 1380 ut
1798 1324 1966 1380 bonis
1999 1323 2138 1379 {iliis

495 1416 702 1488 optimi
729 1421 928 1487 patres
958 1431 1065 1471 ceu
1095 1416 1397 1486 exemplar
1443 1421 1884 1486 proponantur;
1933 1419 1998 1469 ut
2023 1413 2137 1469 sci-

494 1505 636 1560 licet
667 1521 735 1558 ex
767 1505 1050 1560 diuturna
1080 1505 1464 1576 experientia,
1497 1521 1628 1575 qum
1650 1521 1721 1559 ex
1741 1503 1943 1575 elapsa
1964 1507 2134 1558 aetate

496 1593 844 1665 parentibus
905 1593 1170 1660 accessit,
1247 1593 1468 1664 Optima
1542 1609 1792 1665 qumque
1858 1591 2134 1663 colligere

500 1687 740 1753 queant.
776 1684 848 1736 At
869 1683 928 1736 in
959 1699 1108 1737 nova
1137 1682 1238 1738 Dei
1270 1684 1448 1737 Matre
1480 1699 1510 1737 e
1541 1682 1835 1738 contrario
1893 1697 2136 1752 prorsus

497 1787 559 1826 se
594 1788 688 1826 res
717 1771 944 1842 habuit,
979 1776 1036 1826 et
1059 1772 1222 1826 Matri
1258 1788 1442 1826 novus
1466 1771 1594 1842 ejus
1621 1771 1802 1826 Filius
1836 1771 1898 1826 in
1937 1787 2134 1826 exem-

2246 600 2642 678 ἐγκεχείριστο,
2700 602 2791 657 ’ἰνα
2846 607 2914 677 τῇ
2973 605 3237 680 Δεσποίνῃ
3308 607 3544 680 προσάξῃ
3603 609 3716 681 (m),
3776 609 3857 663 καὶ

2243 692 2344 760 τὴν
2373 695 2469 746 τοῦ
2501 692 2728 746 θανάτου
2757 693 2911 763 νίκην
2943 695 3253 770 ὑπογράφῃ.

2313 779 2502 843 Οὕτως
2550 784 2585 851 ἡ
2637 782 2906 859 πάναγνος
2963 779 3205 857 ἀκριϐῶς
3247 783 3513 841 κάνταῦθα
3554 787 3648 856 τὴν
3691 785 3864 858 δηλω-

2245 875 2423 934 θεῖσαν
2460 867 2712 926 διέσωσεν
2769 871 2951 927 εἰκόνα
3007 871 3239 943 ἒκείνην.
3300 872 3450 931 Ἔδει
3479 877 3578 952 γὰρ
3606 880 3673 950 τῇ
3704 877 3866 952 ἅγαθῇ

2243 958 2423 1034 Μητρὶ
2548 957 2627 1037 ἐφ’
2720 957 2888 1013 ἅπασι
2993 960 3084 1014 τὸν
3189 963 3374 1017 καινὸν
3477 962 3866 1037 ἐκμιμήσασθαι

2243 1048 2384 1102 Υίόν·
2449 1049 2633 1103 καινὸν
2673 1045 2730 1102 δέ
2781 1070 2835 1103 τι
2875 1051 2963 1104 καὶ
3012 1050 3363 1128 ἀντίστροφον
3428 1061 3874 1125 καινοτομηθῆναι

2244 1137 2466 1192 ἐνταῦθα
2529 1138 2673 1212 παρά
2739 1159 2804 1212 γε
2858 1139 2924 1194 τὰ
2987 1145 3107 1202 τοῖς
3168 1141 3304 1196 κατᾶ
3362 1148 3524 1220 φῦσιν
3589 1141 3722 1196 υἱέσι
3749 1144 3873 1216 πρὸς

2241 1226 2366 1287 τοὺς
2405 1227 2656 1290 τεκόντας
2691 1225 3015 1302 τελούμενα.
3047 1229 3109 1286 Ὁ
3141 1230 3234 1302 μὲν
3275 1231 3380 1306 γὰρ
3419 1232 3642 1308 φυσικὸς
3674 1252 3878 1309 συγχω-

2245 1319 2325 1389 ρεῖ
2359 1315 2527 1388 νόμος
2584 1321 2702 1378 τοῖς
2747 1317 2971 1392 ἀγαθοῖς
3017 1323 3124 1373 τῶν
3183 1316 3394 1375 παίδων
3421 1319 3726 1394 ἀρχέτυπον
3757 1321 3874 1384 τοὺς

2241 1399 2490 1478 ἀρίστους
2574 1405 2890 1479 προκεῖσθαι
2965 1405 3215 1482 πατέρας
3287 1405 3360 1462 ’ἐν’
3445 1403 3626 1487 ἔχοιεν
3683 1407 3744 1464 έκ
3787 1413 3880 1476 τῆς

2240 1487 2603 1567 πρεσϐυτέρας
2671 1494 2882 1565 πείρας,
2945 1495 3006 1564 ἣν
3073 1495 3101 1549 ὁ
3167 1494 3370 1574 φθάσας
3440 1496 3643 1572 χρόνος
3695 1495 3881 1572 ἐχορή-

2240 1601 2378 1655 γησε
2441 1586 2556 1644 τοῖς
2638 1586 2874 1653 τοκεῦσι,
2964 1583 3249 1661 συλλέγειν
3314 1587 3381 1640 τὰ
3442 1583 3731 1642 κάλλιστα·
3799 1583 3880 1640 ἐπὶ

2243 1667 2300 1726 δὲ
2327 1678 2427 1740 τῆς
2458 1678 2650 1742 καινῆς
2701 1676 2796 1727 τοῦ
2843 1677 2978 1728 Θεοῦ
3029 1675 3250 1749 Μητρὸς
3312 1675 3626 1731 τούναντίου
3674 1676 3876 1750 γέγονεν

2242 1759 2404 1829 ἅπαν,
2474 1761 2561 1815 καὶ
2632 1761 2660 1816 ὂ
2719 1759 2838 1824 νέος
2905 1760 3110 1831 ἐκείνης
3178 1763 3303 1824 Υἱὸς
3351 1763 3430 1826 εἷς
3472 1764 3780 1840 ἀρχέτυπον
3816 1765 3880 1836 τῇ

490 1859 624 1930 plar
671 1865 758 1914 est
809 1860 1166 1932 propositus,
1218 1860 1278 1914 in
1336 1876 1584 1930 eamque
1638 1859 1765 1914 Filii
1814 1859 2131 1931 imaginem

2245 1849 2421 1924 Μητρὶ
2481 1847 2777 1924 προύτέθη,
2834 1851 2925 1906 καὶ
2992 1853 3129 1926 πρὸς
3187 1851 3394 1922 ἐκείνην
3471 1855 3733 1931 ἀφορῶσα
3795 1866 3885 1916 1:05

489 1949 692 2005 oculos
710 1949 1026 2021 purissima
1049 1949 1149 2004 illa
1171 1949 1453 2022 defigens,
1469 1955 1528 2004 et
1553 1950 1782 2005 colores
1805 1955 1864 2005 et
1883 1949 2131 2004 formam

2245 1939 2368 1993 Υἳοῦ
2414 1938 2514 2008 τήν
2574 1938 2756 1994 εἰκόνα
2809 1941 2845 2010 ἠ
2897 1940 3196 2016 Πάναγνος,
3253 1943 3342 1996 καὶ
3373 1942 3572 2012 έαυτὴν
3631 1942 3888 2017 έχρώννυε

491 2043 550 2095 et
577 2039 940 2094 lineamenta
970 2039 1033 2094 in
1073 2040 1453 2110 semetipsam
1490 2038 1902 2095 transferebat.
1935 2041 2134 2108 Neque

489 2145 626 2183 vero
682 2134 898 2200 praeter
954 2129 1247 2184 rationem
1277 2129 1338 2184 id
1387 2128 1607 2184 factum
1639 2133 1746 2183 est.
1793 2128 1924 2183 Alia
1973 2128 2133 2183 enim

491 2215 850 2286 sublimique
881 2217 1110 2272 ratione
1141 2217 1396 2272 Verbum
1427 2219 1669 2272 Creator
1708 2234 1775 2273 ac
1801 2217 2133 2288 purissimas

489 2305 671 2362 Filius
700 2321 834 2360 vere
863 2309 1210 2376 prototypus
1243 2313 1300 2361 et
1329 2306 1536 2376 quavis
1566 2323 1629 2361 re
1660 2306 1778 2362 alia
1833 2307 2136 2377 antiquior

491 2392 854 2461 exsistebat;
903 2391 1156 2464 ideoque
1215 2410 1507 2466 congruus
1571 2394 1918 2450 servabatur
1963 2393 2130 2462 ordo,

487 2487 556 2538 ut
600 2483 662 2536 in
707 2481 1048 2537 inferiorem
1106 2481 1284 2537 decus
1334 2499 1510 2538 omne
1559 2499 1589 2538 e
1642 2483 1948 2554 superiore
1995 2499 2134 2554 pro-

489 2572 719 2628 ﬂueret.

560 2661 778 2718 XXXII.
822 2662 1111 2728 Quoniam
1158 2663 1272 2734 (25)
1328 2668 1526 2720 autem
1587 2663 1658 2719 de
1717 2664 1914 2735 palma
1953 2664 2130 2736 paulo

491 2756 624 2807 ante
656 2751 935 2817 diximus,
977 2768 1220 2808 necesse
1268 2769 1397 2809 esse
1449 2753 1743 2822 existimo,
1791 2759 1850 2808 et
1904 2753 2130 2809 arboris

490 2842 882 2913 preprietates
930 2841 1361 2910 demonstrare,
1413 2848 1472 2898 et
1519 2859 1698 2914 quam
1750 2843 1878 2898 istm
1908 2843 2132 2898 habent

487 2931 943 2988 similitudinem
995 2950 1129 2988 cum
1179 2933 1501 3005 purissima
1560 2933 1886 2989 secundum
1929 2951 2129 2989 meum

480 3021 796 3094 judicium.
857 3023 1148 3086 Quoniam
1219 3023 1267 3078 si
1343 3039 1462 3077 non
1533 3022 1702 3077 valde
1774 3023 2129 3078 conveniens

487 3117 645 3166 esset
683 3112 816 3183 ipsi,
876 3129 995 3166 non
1053 3112 1259 3184 utique
1307 3113 1485 3168 talem
1536 3129 1571 3168 a
1633 3114 1748 3168 Deo
1806 3115 2132 3185 accepisset

484 3215 737 3253 ramum.

2239 2028 2328 2083 καὶ
2378 2025 2675 2106 διεμόρφου
2719 2027 2809 2083 καὶ
2860 2026 3195 2100 διεικόνιζεν.
3251 2029 3410 2086 Ἀλλ’
3463 2031 3566 2087 οὐκ
3604 2025 3706 2102 ἔξω
3737 2028 3890 2106 λόγου

2239 2117 2330 2172 καὶ
2377 2121 2558 2173 τοῦτο.
2606 2119 2704 2174 Ἠν
2763 2117 2865 2195 γὰρ
2916 2120 3030 2174 καθ’
3081 2117 3262 2194 ἕτερον
3313 2121 3404 2175 καὶ
3450 2120 3667 2195 ὑψηλὸν
3697 2118 3888 2194 τρόπον

2238 2207 2596 2282 πρωτότυπον
2640 2207 2812 2268 ὐντως
2877 2206 2967 2262 καὶ
3018 2209 3215 2271 παντὸς
3285 2207 3467 2264 ἄλλου
3537 2204 3895 2284 πρεσϐύτερον

2239 2295 2268 2350 ὁ
2331 2296 2674 2370 Δημιουργὸς
2735 2295 2906 2373 Λόγος
2957 2297 3048 2352 καὶ
3117 2297 3238 2360 Υἱὸς
3285 2305 3388 2368 τῆς
3447 2298 3744 2374 πανάγνου·
3807 2297 3888 2350 καὶ

2239 2381 2326 2440 διὰ
2375 2386 2522 2440 τοῦτ’
2566 2383 2796 2455 ἐσώζετο
2857 2386 2921 2440 τὸ
2963 2385 3130 2456 εἰκὸς,
3175 2391 3274 2442 τοῦ
3320 2386 3625 2452 ἐλάττονος
3685 2386 3791 2443 ἀπό
3838 2405 3896 2462 γε

2235 2477 2334 2530 τοῦ
2359 2471 2664 2550 κρείττονος
2693 2471 2996 2550 δεχομένου
3018 2476 3116 2544 τὴν
3141 2473 3422 2552 εὒλογίαν.

2309 2664 2428 2720 AI".
2489 2663 2639 2719 Ἐπεὶ
2670 2659 2718 2717 δ’
2757 2664 2785 2718 ὁ
2817 2661 2986 2738 λόγος
3033 2664 3156 2738 περὶ
3197 2669 3294 2720 τοῦ
3338 2664 3598 2743 φοίνικος
3635 2667 3827 2742 μικρόν
3847 2685 3897 2719 τι

2237 2753 2438 2829 φθάσας
2481 2749 2780 2822 ἐδήλωσεν,
2840 2753 3129 2828 ἀναγκαῖον
3187 2754 3338 2827 οἶμαι
3370 2756 3473 2818 τάς
3527 2777 3591 2812 τε
3619 2753 3902 2826 ἰδιότητας

2238 2840 2404 2914 δεῖξαι
2451 2847 2548 2897 τοῦ
2613 2839 2856 2917 δένδρου,
2915 2845 3006 2898 καὶ
3064 2843 3149 2899 ὅτι
3205 2845 3465 2922 φέρουσιν
3529 2845 3694 2902 αὗται
3767 2847 3905 2922 πρὸς

2235 2933 2333 3001 τὴν
2363 2931 2666 3007 Πάναγνον,
2717 2932 2854 2988 κατά
2903 2953 2964 3008 γε
3019 2933 3113 2988 τὸν
3162 2931 3296 3007 έμὸν
3354 2931 3561 3012 λόγον.
3626 2937 3785 2994 Ἐπεὶ
3815 2933 3912 2990 οῦκ

2236 3017 2320 3088 ἂν,
2352 3021 2398 3076 εἰ
2433 3022 2509 3094 μή
2564 3017 2772 3096 σφόδρα
2825 3024 3102 3096 προσῆκεν
3159 3022 3322 3097 αὐτῇ,
3376 3029 3647 3080 τοιοῦτον
3684 3023 3908 3103 ε’ἰληφεν

2235 3108 2296 3164 ἐκ
2323 3114 2456 3164 Θεοῦ
2485 3107 2708 3167 κλάδον.

559 3287 764 3344 Palma
793 3289 971 3344 arbor
1006 3307 1216 3362 parum
1269 3291 1508 3362 quidem
1557 3297 1938 3348 conversatur
1990 3309 2125 3348 cum

2307 3289 2367 3346 Ὁ
2397 3287 2570 3364 φοίνιξ
2619 3289 2682 3344 τὸ
2721 3286 2940 3362 δένδρον
2997 3290 3208 3370 βραχέα
3257 3292 3354 3366 μὲν
3409 3295 3488 3366 τῇ
3519 3297 3601 3371 γῇ
3634 3313 3913 3369 προσομι-

488 3381 666 3444 terra,
702 3382 760 3432 et
792 3382 1040 3447 tantum,
1085 3384 1330 3450 qualum
1377 3381 1564 3451 possit
1619 3382 2023 3437 necessarium
2054 3382 2128 3438 ad

489 3483 661 3522 suum
702 3470 920 3521 statum
949 3467 1262 3522 humorem
1319 3468 1638 3524 attrahere.
1691 3471 1900 3525 Tendit
1929 3477 2128 3528 autem

487 3573 745 3625 sursum,
779 3561 1008 3612 erectos
1029 3557 1364 3628 producens
1386 3575 1581 3614 ramos
1606 3575 1619 3624 ;
1645 3565 1702 3614 et
1735 3559 1808 3614 ad
1835 3577 2125 3617 summam

486 3661 588 3700 eos
645 3644 1019 3700 altitudinem
1073 3647 1339 3718 porrigit,
1389 3647 1471 3702 ita
1527 3654 1592 3702 ut
1621 3649 1721 3719 qui
1778 3649 2018 3718 videret,
2054 3651 2128 3707 ad

487 3734 699 3790 coelum
727 3735 1035 3806 pervenire
1081 3735 1356 3790 arborem
1407 3737 1662 3809 cogitare
1711 3737 1953 3794 diceret.
1999 3742 2129 3797 Haec

487 3839 622 3878 vero
655 3823 966 3879 manifeste
990 3824 1258 3896 effigiant
1286 3841 1520 3882 summe
1553 3826 1913 3883 laudandam
1945 3829 2129 3901 Virgi-

491 3931 647 3970 nem.
680 3915 824 3970 Nam
857 3914 958 3970 illa
989 3932 1225 3986 quoque
1261 3933 1448 3987 pauca
1477 3917 1714 3987 quidem
1758 3919 2129 3975 terrestrium

487 4003 914 4075 participabatf
950 4004 1080 4058 dico
1112 4009 1309 4060 autem
1341 4004 1708 4070 alimentum,
1745 4023 2041 4074 somnum,
2075 4014 2132 4064 et

489 4109 858 4162 quaecunque
889 4098 1027 4147 sunt
1059 4094 1412 4149 necessaria.
1449 4093 1539 4149 Sic
1571 4095 1728 4150 enim
1763 4096 1888 4150 haec
1929 4097 2130 4152 mode-

492 4184 579 4232 ste
611 4178 1022 4248 participabat,
1059 4184 1115 4232 et
1145 4185 1212 4232 ut
1241 4181 1642 4235 necessarium
1675 4188 1764 4236 est
1795 4181 2042 4251 homini,
2071 4188 2134 4238 ut

491 4267 830 4320 ostenderet
861 4267 1016 4335 quod
1050 4283 1117 4320 ex
1137 4269 1478 4322 hominibus
1503 4276 1633 4324 orta
1655 4276 1744 4325 est
1767 4289 1779 4325 :
1815 4272 2133 4342 omniaque

494 4355 608 4410 fert
638 4355 767 4426 ipsa
781 4355 1500 4427 humanmlegisguamvis
1529 4359 1856 4414 secundum
1874 4360 2134 4416 animam

495 4445 646 4501 nihil
678 4461 812 4500 cum
844 4445 1189 4500 hominibus
1239 4463 1552 4501 commune
1607 4453 1732 4502 erat
1780 4448 2133 4519 purissimae.

491 4536 558 4590 ln
589 4535 862 4608 pluribus
891 4541 1110 4602 autem,
1145 4551 1276 4606 quae
1308 4535 1380 4589 ad
1410 4537 1700 4590 rationem
1759 4537 1972 4591 animas
2005 4555 2138 4609 spe-

497 4629 678 4692 ctant,
721 4641 955 4679 sursum
1012 4624 1084 4679 ad
1119 4624 1398 4679 sublimia
1455 4629 1512 4678 et
1541 4625 1616 4679 ad
1670 4624 1883 4680 cmlum
1941 4625 2136 4696 ipsum

491 4714 895 4786 percurrebat,
929 4719 988 4770 et
1018 4715 1186 4786 quasi
1211 4731 1362 4785 equo
1395 4714 1670 4769 celeriter
1698 4713 2038 4770 vehebatur.

566 4806 726 4860 Sicut
765 4806 924 4860 enim
983 4805 1286 4874 animalia,
1320 4823 1450 4876 quae
1501 4805 1610 4860 alis
1667 4805 1917 4876 prmdita
1973 4812 2131 4875 sunt,

495 4892 863 4948 descendunt
893 4893 1135 4964 quidem
1167 4893 1228 4948 in
1263 4900 1504 4964 terram,
1554 4895 1971 4951 necessitatem
2031 4912 2138 4950 na-

508 4985 652 5036 tura:
685 4981 1074 5049 consolantia,
1106 4983 1209 5038 sed
1241 5000 1476 5056 semper
1505 4984 1788 5040 sublimia
1830 4990 1887 5039 et
1935 5001 2134 5040 aerem

498 5068 858 5138 desiderant,
895 5075 1106 5124 etcum
1138 5072 1479 5128 hominibus
1519 5073 1855 5129 conversari
1888 5073 2134 5142 nolunt;

499 5159 583 5214 sic
610 5159 658 5212 si
693 5157 946 5213 habebat
975 5157 1049 5212 ad
1085 5163 1300 5214 terram
1324 5162 1562 5232 quidem
1617 5161 1956 5234 purissima,
1991 5179 2138 5232 quo-

497 5248 657 5303 niam
680 5248 859 5302 homo
881 5253 1008 5302 erat
1032 5263 1046 5312 ;
1073 5253 1315 5318 propter
1338 5249 1692 5306 modestiam
1734 5255 1930 5306 autem
1953 5249 2137 5306 animi

2232 3377 2340 3436 λεῖ·
2387 3379 2476 3434 καὶ
2525 3383 2808 3450 τοσοῦτον,
2856 3377 2979 3435 ὅσον
3036 3381 3136 3449 τὴν
3193 3382 3503 3458 ἀναγκαίαν
3567 3383 3757 3440 ἕλκειν
3831 3383 3916 3437 ἰκ-

2237 3466 2380 3542 μάδα
2432 3467 2568 3542 πρὸς
2645 3467 2828 3522 στάσιν
2901 3470 3001 3538 τὴν
3061 3470 3276 3525 ἑαυτοῦ
3346 3470 3588 3529 σπεύδει
3653 3471 3714 3528 δὲ
3774 3473 3909 3539 ἂνω,

2233 3553 2470 3619 κλάδους
2519 3555 2776 3620 ῒθυτενεῖς
2823 3553 3184 3633 προϐάλλων,
3233 3559 3323 3615 καὶ
3369 3561 3628 3626 τούτους
3681 3562 3775 3618 ἐπὶ
3809 3563 3914 3636 μή·

2233 3667 2416 3702 κιστον
2464 3645 2606 3719 ὕψος
2657 3643 2965 3716 ἀναδιδοὺς,
3010 3647 3084 3710 ὡς
3137 3649 3335 3724 φθάσαι
3397 3651 3504 3706 τὸν
3561 3652 3800 3729 οὐρανὸν
3843 3651 3918 3705 εἶ-

2234 3756 2330 3791 πεν
2376 3731 2436 3790 ἄν
2479 3755 2562 3796 τις
2613 3731 2739 3788 ἷδὼν
2785 3733 3020 3807 μελέτην
3073 3741 3238 3800 θεῖναι
3287 3737 3349 3793 τὸ
3421 3737 3686 3816 δένδρον.
3739 3743 3923 3798 Ταῦτα

2236 3822 2294 3878 δὲ
2336 3827 2518 3902 σαφῶς
2565 3823 2812 3892 εἰκονίζει
2858 3825 2956 3893 τήν
3007 3823 3426 3898 πολυόμνητον.
3497 3831 3754 3900 Κάκείνη
3820 3827 3922 3904 γὰρ

2237 3909 2402 3986 ὀλίγα
2461 3911 2556 3985 μὲν
2601 3915 2709 3966 τῶν
2753 3909 2958 3987 γηΐνων
3008 3909 3300 3968 ἒκοινώνει’
3354 3915 3519 3990 φημὶ
3578 3915 3640 3974 δὲ
3693 3917 3932 3994 τροφήν,

2237 4000 2426 4073 ὕπνον,
2476 4001 2566 4055 καί
2623 3999 2722 4055 ὅσα
2787 4005 2896 4055 τῶν
2941 4001 3264 4076 ἀναγκαίων·
3318 4001 3476 4059 οὕτω
3532 4007 3648 4082 γὰρ
3719 4007 3929 4062 τούτων

2239 4091 2340 4165 ἄρα
2412 4095 2632 4166 μετεῖχε
2699 4088 3014 4169 σωφρόνως,
3063 4089 3152 4144 καὶ
3208 4091 3283 4154 ὡς
3345 4091 3676 4170 ἀναγκαῖον
3738 4095 3940 4172 ἀνθρώ-

2239 4201 2350 4251 πῳ,
2391 4177 2520 4242 ὥσθ’
2567 4178 2650 4233 ὅτι
2697 4199 2756 4232 τε
2803 4177 2852 4248 ἐξ
2899 4178 3200 4254 ἀνθρώπων
3331 4181 3601 4256 πρόοδος
3637 4187 3787 4258 αὐτῇ
3825 4183 3940 4239 δεῖ-

2240 4269 2346 4338 ξαι,
2395 4265 2564 4322 πάντα
2609 4287 2668 4322 τε
2717 4267 2850 4336 αὕτη
2905 4267 3052 4344 φέρει
3097 4271 3194 4322 τοῦ
3235 4269 3599 4343 ἀνθρωπείου
3649 4277 3865 4351 νόμου,
3897 4272 3942 4328 εὶ

2241 4358 2334 4411 καί
2380 4357 2478 4424 τὴν
2527 4355 2754 4430 γνώμην
2817 4357 2954 4430 πρὸς
3022 4357 3342 4431 ἀνθρώπους
3392 4359 3509 4418 οὒκ
3583 4365 3660 4433 ἦν
3716 4387 3774 4420 τι
3827 4385 3944 4418 κοι-

2241 4443 2331 4498 νὸν
2383 4447 2450 4517 τῇ
2500 4443 2766 4520 πανάγνῳ⁶
2817 4443 2886 4498 τὰ
2931 4442 3110 4517 πλείῳ
3161 4442 3218 4500 δὲ
3264 4445 3354 4500 καὶ
3402 4447 3518 4504 ὅσα
3575 4451 3731 4529 πρὸς
3775 4451 3947 4528 λόγον

2241 4529 2388 4586 ἕλκει
2423 4534 2630 4606 ψυχῆς,
2684 4529 2796 4584 ἑίνω
2841 4550 2900 4585 τε
2947 4530 3086 4606 πρὸς
3136 4531 3325 4606 ὑψηλᾶ
3367 4535 3470 4588 καὶ
3525 4537 3678 4612 ὑπὲρ
3715 4540 3952 4614 οὐρανὸν

2171 4610 2212 4674 [)
2245 4619 2404 4676 αὐτὸν
2438 4618 2601 4686 διέθει
2629 4640 2688 4675 τε
2719 4619 2806 4674 καὶ
2838 4617 3104 4676 διίππευε.

2315 4798 2568 4872 Καθάπερ
2618 4799 2724 4872 γὰρ
2769 4801 2880 4852 τῶν
2932 4797 3108 4868 ζώων,
3163 4799 3264 4854 ὅσα
3310 4799 3517 4879 τρέφει
3550 4808 3796 4883 πτερὸν,
3825 4806 3959 4863 κάτ-

2243 4908 2349 4944 εισι
2414 4889 2507 4961 μὲν
2573 4887 2648 4948 εἱς
2719 4893 2846 4962 γῆν,
2895 4887 2992 4956 τὴν
3049 4890 3280 4964 φυσικὴν
3333 4889 3608 4968 ἀνάγκην
3693 4919 3961 4974 παραμυ-

2245 4977 2504 5052 θοῦμενα,
2552 4977 2614 5032 τὸ
2661 4973 2718 5030 δὲ
2774 4977 2909 5050 ὕψος
2961 4976 3043 5031 ἀεὶ
3115 4977 3201 5032 καὶ
3251 4979 3342 5034 τὸν
3411 4981 3566 5058 ἀέρα
3622 4973 3822 5060 ποθεῖ,
3870 4985 3962 5041 καὶ

2243 5072 2360 5128 τοῖς
2408 5066 2716 5142 ἀνθρώποις
2765 5070 3046 5121 κοινωνεῖν
3097 5066 3204 5146 οὐχ
3252 5068 3534 5143 αἱρεῖται·
3600 5076 3798 5141 οὕτως
3849 5078 3968 5154 εἶχε

2244 5157 2378 5230 πρὸς
2411 5163 2513 5231 γῆν
2559 5155 2655 5228 μὲν
2687 5157 2722 5224 ἡ
2755 5155 3042 5232 πάναγνος,
3093 5153 3232 5211 διότι
3280 5157 3624 5235 ἅνθρωπος,
3679 5165 3779 5222 διὰ
3810 5163 3871 5222 δὲ
3903 5153 3967 5220 τὸ

2246 5251 2458 5322 σῶφρον
2513 5251 2613 5316 τῆς
2671 5245 2920 5320 γνώμης,
2979 5245 3115 5322 πρὸς
3195 5245 3452 5322 μετέωρά
3525 5273 3596 5310 τε
3659 5257 3766 5312 καὶ
3829 5261 3973 5322 θεῖα.

1840 5397 1984 5456 Ant.
2031 5393 2328 5458 Ballerini
2361 5400 2549 5454 notua.

565 5557 678 5626 (m)
727 5552 1468 5626 Poster.man.1rpoqa7a'zm.

576 5626 896 5700 (25)7Hujus
917 5625 1266 5700 paragraphi
1300 5625 1626 5700 versionem
1660 5628 1934 5698 praebeo,
1969 5644 2142 5700 quam

501 5697 854 5771 Hippdytus
886 5698 1204 5755 Marracius
1215 5697 1342 5770 jam
1363 5697 1717 5770 vulgaverat.
1749 5697 1950 5772 Neque
1982 5697 2144 5757 enim

2251 5569 2447 5626 operas
2477 5552 2734 5632 pretium
2766 5558 2912 5632 erat,
2943 5552 3082 5632 huic
3127 5553 3474 5632 particulas,
3517 5577 3730 5632 quam
3765 5567 3973 5622 dubiae

2251 5625 2656 5704 prorsustidei
2709 5641 2836 5680 esse
2885 5627 2948 5681 in
2998 5625 3340 5683 Praefatione
3388 5625 3570 5704 dixi;
3630 5636 3978 5698 ulteriores

2254 5695 2424 5756 curas
2454 5695 2756 5757 abhibere.
