  <div class='ocr_page' id='page_1' title='image "/cluster/home/n/w/nwhite01/storage/ocr_20150623/139/mdp.39015078384214/088.png"; bbox 0 0 4104 6300; ppageno 0'>
   <div class='ocr_carea' id='block_1_1' title="bbox 279 368 369 429">
    <p class='ocr_par' dir='ltr' id='par_1_1' title="bbox 279 368 369 429">
     <span class='ocr_line' id='line_1_1' title="bbox 279 368 369 429; baseline -0.022 0"><span class='ocrx_word' id='word_1_1' title='bbox 279 368 369 429; x_wconf 66' lang='lat' dir='ltr'>ibi</span> 
     </span>
    </p>
   </div>
   <div class='ocr_carea' id='block_1_2' title="bbox 1192 359 2777 425">
    <p class='ocr_par' dir='ltr' id='par_1_2' title="bbox 1192 359 2777 425">
     <span class='ocr_line' id='line_1_2' title="bbox 1192 359 2777 425; baseline -0.001 -1"><span class='ocrx_word' id='word_1_2' title='bbox 1192 360 1467 424; x_wconf 87' lang='lat' dir='ltr'>SERMO</span> <span class='ocrx_word' id='word_1_3' title='bbox 1508 361 1583 422; x_wconf 88' lang='grc' dir='ltr'>ΙΝ</span> <span class='ocrx_word' id='word_1_4' title='bbox 1628 359 2189 423; x_wconf 79' lang='lat' dir='ltr'>DOHMITIONEM</span> <span class='ocrx_word' id='word_1_5' title='bbox 2234 364 2304 423; x_wconf 91' lang='lat' dir='ltr'>B.</span> <span class='ocrx_word' id='word_1_6' title='bbox 2351 363 2420 423; x_wconf 85' lang='lat' dir='ltr'>V.</span> <span class='ocrx_word' id='word_1_7' title='bbox 2471 363 2777 425; x_wconf 71' lang='lat' dir='ltr'>MARIAE.</span> 
     </span>
    </p>
   </div>
   <div class='ocr_carea' id='block_1_3' title="bbox 3567 367 3681 427">
    <p class='ocr_par' dir='ltr' id='par_1_3' title="bbox 3567 367 3681 427">
     <span class='ocr_line' id='line_1_3' title="bbox 3567 367 3681 427; baseline -0.018 0"><span class='ocrx_word' id='word_1_8' title='bbox 3567 367 3681 427; x_wconf 75' lang='grc'>162</span> 
     </span>
    </p>
   </div>
   <div class='ocr_carea' id='block_1_4' title="bbox 288 491 1957 577">
    <p class='ocr_par' dir='ltr' id='par_1_4' title="bbox 288 491 1933 572">
     <span class='ocr_line' id='line_1_4' title="bbox 288 491 1933 572; baseline -0.001 -21"><span class='ocrx_word' id='word_1_9' title='bbox 288 497 361 551; x_wconf 80' lang='grc' dir='ltr'>καὶ</span> <span class='ocrx_word' id='word_1_10' title='bbox 388 497 612 572; x_wconf 68' lang='grc' dir='ltr'>καθάπερ</span> <span class='ocrx_word' id='word_1_11' title='bbox 648 498 682 550; x_wconf 84' lang='grc' dir='ltr'><strong>ὁ</strong></span> <span class='ocrx_word' id='word_1_12' title='bbox 724 493 1030 571; x_wconf 74' lang='grc' dir='ltr'>ὀφθαλμὸς</span> <span class='ocrx_word' id='word_1_13' title='bbox 1091 495 1187 570; x_wconf 81' lang='grc' dir='ltr'>ὁρᾷ</span> <span class='ocrx_word' id='word_1_14' title='bbox 1251 494 1344 567; x_wconf 72' lang='grc' dir='ltr'>μὲν</span> <span class='ocrx_word' id='word_1_15' title='bbox 1402 491 1468 549; x_wconf 75' lang='grc' dir='ltr'><strong>τᾶ</strong></span> <span class='ocrx_word' id='word_1_16' title='bbox 1523 494 1710 570; x_wconf 75' lang='grc' dir='ltr'>ὁρατὰ,</span> <span class='ocrx_word' id='word_1_17' title='bbox 1772 495 1933 568; x_wconf 68' lang='grc' dir='ltr'>ψαύει</span> 
     </span>
    </p>
   </div>
   <div class='ocr_carea' id='block_1_5' title="bbox 2054 491 3679 577">
    <p class='ocr_par' dir='ltr' id='par_1_5' title="bbox 2054 496 3679 577">
     <span class='ocr_line' id='line_1_5' title="bbox 2054 496 3679 577; baseline 0.009 -27"><span class='ocrx_word' id='word_1_18' title='bbox 2054 496 2322 553; x_wconf 82' lang='lat' dir='ltr'>sublimia</span> <span class='ocrx_word' id='word_1_19' title='bbox 2380 504 2438 553; x_wconf 93' lang='lat' dir='ltr'>et</span> <span class='ocrx_word' id='word_1_20' title='bbox 2478 498 2674 555; x_wconf 85' lang='lat' dir='ltr'>divma</span> <span class='ocrx_word' id='word_1_21' title='bbox 2730 502 3259 572; x_wconf 81' lang='lat' dir='ltr'>contemplabatur.</span> <span class='ocrx_word' id='word_1_22' title='bbox 3294 507 3363 559; x_wconf 87' lang='lat' dir='ltr'>Et.</span> <span class='ocrx_word' id='word_1_23' title='bbox 3393 510 3679 577; x_wconf 85' lang='lat' dir='ltr'>quemad-</span> 
     </span>
    </p>
   </div>
   <div class='ocr_carea' id='block_1_6' title="bbox 303 580 1916 658">
    <p class='ocr_par' dir='ltr' id='par_1_6' title="bbox 303 580 1916 658">
     <span class='ocr_line' id='line_1_6' title="bbox 303 580 1916 658; baseline -0.001 -18"><span class='ocrx_word' id='word_1_24' title='bbox 303 582 349 641; x_wconf 59' lang='grc' dir='ltr'>δὲ</span> <span class='ocrx_word' id='word_1_25' title='bbox 372 584 564 646; x_wconf 72' lang='grc' dir='ltr'>οὐδενὸς</span> <span class='ocrx_word' id='word_1_26' title='bbox 615 591 738 640; x_wconf 77' lang='grc' dir='ltr'>τῶν</span> <span class='ocrx_word' id='word_1_27' title='bbox 806 583 1107 658; x_wconf 80' lang='grc' dir='ltr'>ὁρῶμένων</span> <span class='ocrx_word' id='word_1_28' title='bbox 1164 585 1198 652; x_wconf 76' lang='grc' dir='ltr'><strong>ἡ</strong></span> <span class='ocrx_word' id='word_1_29' title='bbox 1255 587 1352 637; x_wconf 89' lang='grc' dir='ltr'>τοῦ</span> <span class='ocrx_word' id='word_1_30' title='bbox 1422 580 1708 655; x_wconf 72' lang='grc' dir='ltr'>ὀφθαλμοῦ</span> <span class='ocrx_word' id='word_1_31' title='bbox 1768 583 1916 658; x_wconf 74' lang='grc' dir='ltr'>σὰρξ,</span> 
     </span>
    </p>
   </div>
   <div class='ocr_carea' id='block_1_7' title="bbox 301 672 1919 749">
    <p class='ocr_par' dir='ltr' id='par_1_7' title="bbox 301 672 1919 749">
     <span class='ocr_line' id='line_1_7' title="bbox 301 672 1919 749; baseline -0.002 -19"><span class='ocrx_word' id='word_1_32' title='bbox 301 674 399 730; x_wconf 70' lang='grc' dir='ltr'>οὐδὲ</span> <span class='ocrx_word' id='word_1_33' title='bbox 422 683 512 745; x_wconf 76' lang='grc' dir='ltr'>τῆς</span> <span class='ocrx_word' id='word_1_34' title='bbox 554 674 836 745; x_wconf 68' lang='grc' dir='ltr'>τοιαύτης</span> <span class='ocrx_word' id='word_1_35' title='bbox 901 672 1067 730; x_wconf 82' lang='grc' dir='ltr'>δεῖται</span> <span class='ocrx_word' id='word_1_36' title='bbox 1117 677 1213 730; x_wconf 90' lang='grc' dir='ltr'>τοῦ</span> <span class='ocrx_word' id='word_1_37' title='bbox 1271 673 1419 748; x_wconf 81' lang='grc' dir='ltr'>θίγεν</span> <span class='ocrx_word' id='word_1_38' title='bbox 1476 674 1607 748; x_wconf 86' lang='lat' dir='ltr'>(sic)</span> <span class='ocrx_word' id='word_1_39' title='bbox 1663 673 1919 749; x_wconf 75' lang='grc' dir='ltr'>ἀνάγκης,</span> 
     </span>
    </p>
   </div>
   <div class='ocr_carea' id='block_1_8' title="bbox 296 757 1919 838">
    <p class='ocr_par' dir='ltr' id='par_1_8' title="bbox 296 757 1919 838">
     <span class='ocr_line' id='line_1_8' title="bbox 296 757 1919 838; baseline -0.001 -19"><span class='ocrx_word' id='word_1_40' title='bbox 296 764 481 827; x_wconf 78' lang='grc' dir='ltr'>’ἱνατοῖς</span> <span class='ocrx_word' id='word_1_41' title='bbox 511 764 825 837; x_wconf 80' lang='grc' dir='ltr'>Θεωμένοις</span> <span class='ocrx_word' id='word_1_42' title='bbox 893 757 1251 838; x_wconf 77' lang='grc' dir='ltr'>προσϐάλλῃ,</span> <span class='ocrx_word' id='word_1_43' title='bbox 1310 761 1459 818; x_wconf 79' lang='grc' dir='ltr'>ἂλλᾶ</span> <span class='ocrx_word' id='word_1_44' title='bbox 1515 769 1770 817; x_wconf 86' lang='grc' dir='ltr'>κοινωνεῖ</span> <span class='ocrx_word' id='word_1_45' title='bbox 1826 765 1919 835; x_wconf 83' lang='grc' dir='ltr'>μέν</span> 
     </span>
    </p>
   </div>
   <div class='ocr_carea' id='block_1_9' title="bbox 293 848 1921 928">
    <p class='ocr_par' dir='ltr' id='par_1_9' title="bbox 293 848 1921 928">
     <span class='ocr_line' id='line_1_9' title="bbox 293 848 1921 928; baseline 0 -21"><span class='ocrx_word' id='word_1_46' title='bbox 293 849 458 926; x_wconf 78' lang='grc' dir='ltr'>ήόψις</span> <span class='ocrx_word' id='word_1_47' title='bbox 483 857 581 907; x_wconf 88' lang='grc' dir='ltr'>τοῦ</span> <span class='ocrx_word' id='word_1_48' title='bbox 602 853 1009 928; x_wconf 68' lang='grc' dir='ltr'>προκειμένου,</span> <span class='ocrx_word' id='word_1_49' title='bbox 1046 852 1186 924; x_wconf 86' lang='grc' dir='ltr'>μένει</span> <span class='ocrx_word' id='word_1_50' title='bbox 1218 848 1275 906; x_wconf 73' lang='grc' dir='ltr'>δὲ</span> <span class='ocrx_word' id='word_1_51' title='bbox 1329 853 1364 920; x_wconf 76' lang='grc' dir='ltr'>ἡ</span> <span class='ocrx_word' id='word_1_52' title='bbox 1422 858 1522 921; x_wconf 80' lang='grc' dir='ltr'>τῆς</span> <span class='ocrx_word' id='word_1_53' title='bbox 1579 848 1755 926; x_wconf 75' lang='grc' dir='ltr'>ὄψεως</span> <span class='ocrx_word' id='word_1_54' title='bbox 1814 852 1921 923; x_wconf 80' lang='grc' dir='ltr'>ὕλη</span> 
     </span>
    </p>
   </div>
   <div class='ocr_carea' id='block_1_10' title="bbox 296 940 1927 1021">
    <p class='ocr_par' dir='ltr' id='par_1_10' title="bbox 296 940 1927 1021">
     <span class='ocr_line' id='line_1_10' title="bbox 296 940 1927 1021; baseline 0 -24"><span class='ocrx_word' id='word_1_55' title='bbox 296 943 725 1019; x_wconf 75' lang='grc' dir='ltr'>ἄπαράπαυστος</span> <span class='ocrx_word' id='word_1_56' title='bbox 762 947 882 998; x_wconf 81' lang='grc' dir='ltr'>τῶν</span> <span class='ocrx_word' id='word_1_57' title='bbox 918 941 1273 1021; x_wconf 69' lang='grc' dir='ltr'>φαινομένων·</span> <span class='ocrx_word' id='word_1_58' title='bbox 1306 942 1397 996; x_wconf 85' lang='grc' dir='ltr'>τὸν</span> <span class='ocrx_word' id='word_1_59' title='bbox 1452 941 1612 996; x_wconf 83' lang='grc' dir='ltr'>αὐτὸν</span> <span class='ocrx_word' id='word_1_60' title='bbox 1671 940 1736 1013; x_wconf 76' lang='grc' dir='ltr'>δὴ</span> <span class='ocrx_word' id='word_1_61' title='bbox 1798 941 1927 1016; x_wconf 84' lang='grc' dir='ltr'>τρό-</span> 
     </span>
    </p>
   </div>
   <div class='ocr_carea' id='block_1_11' title="bbox 298 1028 1929 1106">
    <p class='ocr_par' dir='ltr' id='par_1_11' title="bbox 298 1028 1929 1106">
     <span class='ocr_line' id='line_1_11' title="bbox 298 1028 1929 1106; baseline 0 -19"><span class='ocrx_word' id='word_1_62' title='bbox 298 1053 387 1087; x_wconf 78' lang='grc' dir='ltr'>¹πον</span> <span class='ocrx_word' id='word_1_63' title='bbox 419 1033 505 1087; x_wconf 80' lang='grc' dir='ltr'>καὶ</span> <span class='ocrx_word' id='word_1_64' title='bbox 532 1037 880 1089; x_wconf 77' lang='grc' dir='ltr'>κοινωνοῦσα</span> <span class='ocrx_word' id='word_1_65' title='bbox 909 1032 1000 1086; x_wconf 80' lang='grc' dir='ltr'>καὶ</span> <span class='ocrx_word' id='word_1_66' title='bbox 1038 1028 1265 1104; x_wconf 78' lang='grc' dir='ltr'>ἄμικτος</span> <span class='ocrx_word' id='word_1_67' title='bbox 1313 1036 1419 1085; x_wconf 82' lang='grc' dir='ltr'>τῶν</span> <span class='ocrx_word' id='word_1_68' title='bbox 1452 1034 1548 1086; x_wconf 88' lang='grc' dir='ltr'>τοῦ</span> <span class='ocrx_word' id='word_1_69' title='bbox 1605 1032 1743 1106; x_wconf 86' lang='grc' dir='ltr'>χοὸς</span> <span class='ocrx_word' id='word_1_70' title='bbox 1804 1028 1929 1106; x_wconf 83' lang='grc' dir='ltr'>ἔμε·-</span> 
     </span>
    </p>
   </div>
   <div class='ocr_carea' id='block_1_12' title="bbox 295 1124 832 1196">
    <p class='ocr_par' dir='ltr' id='par_1_12' title="bbox 295 1124 832 1196">
     <span class='ocr_line' id='line_1_12' title="bbox 295 1124 832 1196; baseline 0.002 -19"><span class='ocrx_word' id='word_1_71' title='bbox 295 1143 365 1177; x_wconf 88' lang='grc' dir='ltr'>νεν</span> <span class='ocrx_word' id='word_1_72' title='bbox 392 1125 425 1191; x_wconf 83' lang='grc' dir='ltr'>ἡ</span> <span class='ocrx_word' id='word_1_73' title='bbox 459 1124 692 1196; x_wconf 76' lang='grc' dir='ltr'>πανάμω</span> <span class='ocrx_word' id='word_1_74' title='bbox 703 1143 832 1195; x_wconf 81' lang='grc' dir='ltr'>μσς.</span> 
     </span>
    </p>
   </div>
   <div class='ocr_carea' id='block_1_13' title="bbox 357 1208 1929 1289">
    <p class='ocr_par' dir='ltr' id='par_1_13' title="bbox 357 1208 1929 1289">
     <span class='ocr_line' id='line_1_13' title="bbox 357 1208 1929 1289; baseline -0.002 -21"><span class='ocrx_word' id='word_1_75' title='bbox 357 1211 615 1287; x_wconf 71' lang='grc' dir='ltr'>Πρόσεστι</span> <span class='ocrx_word' id='word_1_76' title='bbox 677 1217 758 1284; x_wconf 79' lang='grc' dir='ltr'>τῷ</span> <span class='ocrx_word' id='word_1_77' title='bbox 820 1209 1024 1289; x_wconf 75' lang='grc' dir='ltr'>φοίνικι</span> <span class='ocrx_word' id='word_1_78' title='bbox 1081 1210 1170 1265; x_wconf 80' lang='grc' dir='ltr'>καὶ</span> <span class='ocrx_word' id='word_1_79' title='bbox 1228 1208 1438 1281; x_wconf 80' lang='grc' dir='ltr'>ἰδιότης</span> <span class='ocrx_word' id='word_1_80' title='bbox 1492 1210 1666 1283; x_wconf 80' lang='grc' dir='ltr'>έτὲρα,</span> <span class='ocrx_word' id='word_1_81' title='bbox 1730 1212 1765 1280; x_wconf 80' lang='grc' dir='ltr'>ἡ</span> <span class='ocrx_word' id='word_1_82' title='bbox 1852 1208 1929 1280; x_wconf 75' lang='grc' dir='ltr'>δὲ,</span> 
     </span>
    </p>
   </div>
   <div class='ocr_carea' id='block_1_14' title="bbox 294 1301 1931 1377">
    <p class='ocr_par' dir='ltr' id='par_1_14' title="bbox 294 1301 1931 1377">
     <span class='ocr_line' id='line_1_14' title="bbox 294 1301 1931 1377; baseline -0.002 -19"><span class='ocrx_word' id='word_1_83' title='bbox 294 1304 493 1377; x_wconf 71' lang='grc' dir='ltr'>πρόεισι</span> <span class='ocrx_word' id='word_1_84' title='bbox 526 1305 619 1375; x_wconf 69' lang='grc' dir='ltr'>μὲν</span> <span class='ocrx_word' id='word_1_85' title='bbox 650 1310 754 1372; x_wconf 80' lang='grc' dir='ltr'>τῆς</span> <span class='ocrx_word' id='word_1_86' title='bbox 781 1304 886 1377; x_wconf 69' lang='grc' dir='ltr'>γῆς</span> <span class='ocrx_word' id='word_1_87' title='bbox 918 1302 945 1356; x_wconf 92' lang='lat'>6</span> <span class='ocrx_word' id='word_1_88' title='bbox 978 1301 1168 1375; x_wconf 72' lang='grc' dir='ltr'>φοίνιξ,</span> <span class='ocrx_word' id='word_1_89' title='bbox 1220 1302 1296 1364; x_wconf 81' lang='grc' dir='ltr'>ὡς</span> <span class='ocrx_word' id='word_1_90' title='bbox 1340 1303 1428 1357; x_wconf 80' lang='grc' dir='ltr'>καὶ</span> <span class='ocrx_word' id='word_1_91' title='bbox 1481 1304 1547 1357; x_wconf 78' lang='grc' dir='ltr'>τὰ</span> <span class='ocrx_word' id='word_1_92' title='bbox 1605 1301 1774 1357; x_wconf 74' lang='grc' dir='ltr'>λοιπὰ</span> <span class='ocrx_word' id='word_1_93' title='bbox 1824 1303 1931 1357; x_wconf 82' lang='grc' dir='ltr'>τῶν</span> 
     </span>
    </p>
   </div>
   <div class='ocr_carea' id='block_1_15' title="bbox 306 1391 1936 1468">
    <p class='ocr_par' dir='ltr' id='par_1_15' title="bbox 306 1391 1936 1468">
     <span class='ocr_line' id='line_1_15' title="bbox 306 1391 1936 1468; baseline -0.001 -21"><span class='ocrx_word' id='word_1_94' title='bbox 306 1391 546 1468; x_wconf 79' lang='grc' dir='ltr'>δένδρων,</span> <span class='ocrx_word' id='word_1_95' title='bbox 579 1394 797 1467; x_wconf 71' lang='grc' dir='ltr'>αὐξάνει</span> <span class='ocrx_word' id='word_1_96' title='bbox 834 1391 893 1447; x_wconf 76' lang='grc' dir='ltr'>δὲ</span> <span class='ocrx_word' id='word_1_97' title='bbox 933 1393 996 1447; x_wconf 72' lang='grc' dir='ltr'>οὗ</span> <span class='ocrx_word' id='word_1_98' title='bbox 1054 1393 1170 1447; x_wconf 80' lang='grc' dir='ltr'>κατ’</span> <span class='ocrx_word' id='word_1_99' title='bbox 1227 1393 1423 1448; x_wconf 70' lang='grc' dir='ltr'>ἐκεῖνα·</span> <span class='ocrx_word' id='word_1_100' title='bbox 1481 1394 1610 1455; x_wconf 73' lang='grc' dir='ltr'>τοὺς</span> <span class='ocrx_word' id='word_1_101' title='bbox 1682 1394 1777 1466; x_wconf 69' lang='grc' dir='ltr'>μὲν</span> <span class='ocrx_word' id='word_1_102' title='bbox 1831 1394 1936 1468; x_wconf 80' lang='grc' dir='ltr'>γὰρ</span> 
     </span>
    </p>
   </div>
   <div class='ocr_carea' id='block_1_16' title="bbox 314 1479 1941 1557">
    <p class='ocr_par' dir='ltr' id='par_1_16' title="bbox 314 1479 1941 1557">
     <span class='ocr_line' id='line_1_16' title="bbox 314 1479 1941 1557; baseline 0 -21"><span class='ocrx_word' id='word_1_103' title='bbox 314 1479 541 1543; x_wconf 79' lang='grc' dir='ltr'>κλάδους</span> <span class='ocrx_word' id='word_1_104' title='bbox 571 1482 657 1537; x_wconf 82' lang='grc' dir='ltr'>ἐπὶ</span> <span class='ocrx_word' id='word_1_105' title='bbox 693 1480 831 1556; x_wconf 87' lang='grc' dir='ltr'>μέγα</span> <span class='ocrx_word' id='word_1_106' title='bbox 864 1479 1005 1555; x_wconf 72' lang='grc' dir='ltr'>αἶ’ρει</span> <span class='ocrx_word' id='word_1_107' title='bbox 1039 1488 1234 1553; x_wconf 76' lang='grc' dir='ltr'>μῆκος,</span> <span class='ocrx_word' id='word_1_108' title='bbox 1267 1482 1342 1542; x_wconf 84' lang='grc' dir='ltr'>ὡς</span> <span class='ocrx_word' id='word_1_109' title='bbox 1374 1482 1610 1557; x_wconf 70' lang='grc' dir='ltr'>εἴρηται,</span> <span class='ocrx_word' id='word_1_110' title='bbox 1646 1483 1710 1537; x_wconf 90' lang='grc' dir='ltr'>τὸ</span> <span class='ocrx_word' id='word_1_111' title='bbox 1768 1480 1825 1537; x_wconf 64' lang='grc' dir='ltr'>δὲ</span> <span class='ocrx_word' id='word_1_112' title='bbox 1876 1502 1941 1556; x_wconf 84' lang='grc' dir='ltr'>γε</span> 
     </span>
    </p>
   </div>
   <div class='ocr_carea' id='block_1_17' title="bbox 302 1568 1939 1650">
    <p class='ocr_par' dir='ltr' id='par_1_17' title="bbox 302 1568 1939 1650">
     <span class='ocr_line' id='line_1_17' title="bbox 302 1568 1939 1650; baseline -0.001 -22"><span class='ocrx_word' id='word_1_113' title='bbox 302 1580 396 1643; x_wconf 75' lang='grc' dir='ltr'>τῆς</span> <span class='ocrx_word' id='word_1_114' title='bbox 451 1579 697 1650; x_wconf 70' lang='grc' dir='ltr'>κορυφῇς</span> <span class='ocrx_word' id='word_1_115' title='bbox 749 1572 957 1647; x_wconf 79' lang='grc' dir='ltr'>πάχος,</span> <span class='ocrx_word' id='word_1_116' title='bbox 1015 1570 1136 1626; x_wconf 81' lang='grc' dir='ltr'>ὅσον</span> <span class='ocrx_word' id='word_1_117' title='bbox 1193 1568 1253 1626; x_wconf 78' lang='grc' dir='ltr'>ἂν</span> <span class='ocrx_word' id='word_1_118' title='bbox 1309 1578 1408 1641; x_wconf 78' lang='grc' dir='ltr'>τῆς</span> <span class='ocrx_word' id='word_1_119' title='bbox 1462 1579 1566 1647; x_wconf 81' lang='grc' dir='ltr'>γῆς</span> <span class='ocrx_word' id='word_1_120' title='bbox 1630 1570 1939 1646; x_wconf 71' lang='grc' dir='ltr'>ὕπερκόψας</span> 
     </span>
    </p>
   </div>
   <div class='ocr_carea' id='block_1_18' title="bbox 294 1657 1940 1739">
    <p class='ocr_par' dir='ltr' id='par_1_18' title="bbox 294 1657 1940 1739">
     <span class='ocr_line' id='line_1_18' title="bbox 294 1657 1940 1739; baseline -0.002 -22"><span class='ocrx_word' id='word_1_121' title='bbox 294 1660 429 1738; x_wconf 77' lang='grc' dir='ltr'>ἔχων</span> <span class='ocrx_word' id='word_1_122' title='bbox 458 1662 680 1739; x_wconf 82' lang='grc' dir='ltr'>φανείη,</span> <span class='ocrx_word' id='word_1_123' title='bbox 733 1664 900 1717; x_wconf 90' lang='grc' dir='ltr'>τοῦτο</span> <span class='ocrx_word' id='word_1_124' title='bbox 955 1662 1274 1735; x_wconf 80' lang='grc' dir='ltr'>προσθήκης</span> <span class='ocrx_word' id='word_1_125' title='bbox 1334 1657 1566 1734; x_wconf 69' lang='grc' dir='ltr'>ἄμοιρον</span> <span class='ocrx_word' id='word_1_126' title='bbox 1615 1662 1940 1730; x_wconf 75' lang='grc' dir='ltr'>ἡστινοσοῦν</span> 
     </span>
    </p>
   </div>
   <div class='ocr_carea' id='block_1_19' title="bbox 297 1746 1940 1826">
    <p class='ocr_par' dir='ltr' id='par_1_19' title="bbox 297 1746 1940 1826">
     <span class='ocr_line' id='line_1_19' title="bbox 297 1746 1940 1826; baseline -0.002 -19"><span class='ocrx_word' id='word_1_127' title='bbox 297 1751 431 1826; x_wconf 82' lang='grc' dir='ltr'>μένει</span> <span class='ocrx_word' id='word_1_128' title='bbox 490 1748 813 1825; x_wconf 76' lang='grc' dir='ltr'>διατηρῶνο</span> <span class='ocrx_word' id='word_1_129' title='bbox 864 1750 956 1804; x_wconf 87' lang='grc' dir='ltr'>καὶ</span> <span class='ocrx_word' id='word_1_130' title='bbox 1010 1753 1171 1805; x_wconf 88' lang='grc' dir='ltr'>τοῦτο</span> <span class='ocrx_word' id='word_1_131' title='bbox 1230 1746 1288 1804; x_wconf 71' lang='grc' dir='ltr'>δὲ</span> <span class='ocrx_word' id='word_1_132' title='bbox 1363 1750 1498 1824; x_wconf 89' lang='grc' dir='ltr'>πρὸς</span> <span class='ocrx_word' id='word_1_133' title='bbox 1580 1749 1679 1817; x_wconf 80' lang='grc' dir='ltr'>τήν</span> <span class='ocrx_word' id='word_1_134' title='bbox 1766 1749 1940 1804; x_wconf 80' lang='grc' dir='ltr'>πάνα-</span> 
     </span>
    </p>
   </div>
   <div class='ocr_carea' id='block_1_20' title="bbox 2034 586 3677 663">
    <p class='ocr_par' dir='ltr' id='par_1_20' title="bbox 2034 586 3677 663">
     <span class='ocr_line' id='line_1_20' title="bbox 2034 586 3677 663; baseline 0.007 -23"><span class='ocrx_word' id='word_1_135' title='bbox 2034 586 2282 642; x_wconf 90' lang='lat' dir='ltr'>modum</span> <span class='ocrx_word' id='word_1_136' title='bbox 2317 587 2522 643; x_wconf 85' lang='lat' dir='ltr'>oculus</span> <span class='ocrx_word' id='word_1_137' title='bbox 2546 588 2706 643; x_wconf 83' lang='lat' dir='ltr'>videt</span> <span class='ocrx_word' id='word_1_138' title='bbox 2736 590 2975 660; x_wconf 86' lang='lat' dir='ltr'>quidem</span> <span class='ocrx_word' id='word_1_139' title='bbox 3026 593 3301 663; x_wconf 87' lang='lat' dir='ltr'>visibilia,</span> <span class='ocrx_word' id='word_1_140' title='bbox 3344 595 3493 650; x_wconf 83' lang='lat' dir='ltr'>nihil</span> <span class='ocrx_word' id='word_1_141' title='bbox 3540 615 3677 653; x_wconf 85' lang='lat' dir='ltr'>vero</span> 
     </span>
    </p>
   </div>
   <div class='ocr_carea' id='block_1_21' title="bbox 2033 677 3687 757">
    <p class='ocr_par' dir='ltr' id='par_1_21' title="bbox 2033 677 3687 757">
     <span class='ocr_line' id='line_1_21' title="bbox 2033 677 3687 757; baseline 0.007 -28"><span class='ocrx_word' id='word_1_142' title='bbox 2033 691 2397 747; x_wconf 73' lang='lat' dir='ltr'>eorum,qua3</span> <span class='ocrx_word' id='word_1_143' title='bbox 2429 677 2964 750; x_wconf 84' lang='lat' dir='ltr'>videntur,attingit</span> <span class='ocrx_word' id='word_1_144' title='bbox 2986 682 3136 735; x_wconf 89' lang='lat' dir='ltr'>oculi</span> <span class='ocrx_word' id='word_1_145' title='bbox 3161 700 3317 752; x_wconf 86' lang='lat' dir='ltr'>caro,</span> <span class='ocrx_word' id='word_1_146' title='bbox 3336 701 3443 739; x_wconf 92' lang='lat' dir='ltr'>nec</span> <span class='ocrx_word' id='word_1_147' title='bbox 3475 685 3687 757; x_wconf 86' lang='lat' dir='ltr'>hujus-</span> 
     </span>
    </p>
   </div>
   <div class='ocr_carea' id='block_1_22' title="bbox 2032 764 3678 840">
    <p class='ocr_par' dir='ltr' id='par_1_22' title="bbox 2032 764 3678 840">
     <span class='ocr_line' id='line_1_22' title="bbox 2032 764 3678 840; baseline 0.008 -22"><span class='ocrx_word' id='word_1_148' title='bbox 2032 764 2194 819; x_wconf 88' lang='lat' dir='ltr'>modi</span> <span class='ocrx_word' id='word_1_149' title='bbox 2226 767 2503 838; x_wconf 78' lang='lat' dir='ltr'>tangendi</span> <span class='ocrx_word' id='word_1_150' title='bbox 2538 768 2890 823; x_wconf 81' lang='lat' dir='ltr'>necessitate</span> <span class='ocrx_word' id='word_1_151' title='bbox 2922 768 3005 823; x_wconf 86' lang='lat' dir='ltr'>illi</span> <span class='ocrx_word' id='word_1_152' title='bbox 3032 788 3178 840; x_wconf 89' lang='lat' dir='ltr'>opus</span> <span class='ocrx_word' id='word_1_153' title='bbox 3210 778 3297 827; x_wconf 82' lang='lat' dir='ltr'>est</span> <span class='ocrx_word' id='word_1_154' title='bbox 3343 772 3415 826; x_wconf 90' lang='lat' dir='ltr'>ad</span> <span class='ocrx_word' id='word_1_155' title='bbox 3474 775 3678 831; x_wconf 88' lang='lat' dir='ltr'>viden-</span> 
     </span>
    </p>
   </div>
   <div class='ocr_carea' id='block_1_23' title="bbox 2037 852 3678 930">
    <p class='ocr_par' dir='ltr' id='par_1_23' title="bbox 2037 852 3678 930">
     <span class='ocr_line' id='line_1_23' title="bbox 2037 852 3678 930; baseline 0.007 -23"><span class='ocrx_word' id='word_1_156' title='bbox 2037 852 2177 908; x_wconf 91' lang='lat' dir='ltr'>dum</span> <span class='ocrx_word' id='word_1_157' title='bbox 2212 870 2224 907; x_wconf 92' lang='lat'>:</span> <span class='ocrx_word' id='word_1_158' title='bbox 2261 854 2364 909; x_wconf 88' lang='lat' dir='ltr'>sed</span> <span class='ocrx_word' id='word_1_159' title='bbox 2394 856 2710 926; x_wconf 76' lang='lat' dir='ltr'>participat</span> <span class='ocrx_word' id='word_1_160' title='bbox 2741 856 2981 926; x_wconf 86' lang='lat' dir='ltr'>quidem</span> <span class='ocrx_word' id='word_1_161' title='bbox 3014 859 3170 913; x_wconf 80' lang='lat' dir='ltr'>visus</span> <span class='ocrx_word' id='word_1_162' title='bbox 3195 860 3514 930; x_wconf 87' lang='lat' dir='ltr'>objectum,</span> <span class='ocrx_word' id='word_1_163' title='bbox 3548 880 3678 919; x_wconf 88' lang='lat' dir='ltr'>ma-</span> 
     </span>
    </p>
   </div>
   <div class='ocr_carea' id='block_1_24' title="bbox 2036 943 3681 1023">
    <p class='ocr_par' dir='ltr' id='par_1_24' title="bbox 2036 943 3681 1023">
     <span class='ocr_line' id='line_1_24' title="bbox 2036 943 3681 1023; baseline 0.007 -28"><span class='ocrx_word' id='word_1_164' title='bbox 2036 945 2140 995; x_wconf 93' lang='lat' dir='ltr'>net</span> <span class='ocrx_word' id='word_1_165' title='bbox 2167 947 2365 997; x_wconf 90' lang='lat' dir='ltr'>autem</span> <span class='ocrx_word' id='word_1_166' title='bbox 2397 943 2646 998; x_wconf 85' lang='lat' dir='ltr'>materia</span> <span class='ocrx_word' id='word_1_167' title='bbox 2674 944 2832 998; x_wconf 85' lang='lat' dir='ltr'>visus</span> <span class='ocrx_word' id='word_1_168' title='bbox 2864 944 3087 1016; x_wconf 85' lang='lat' dir='ltr'>absque</span> <span class='ocrx_word' id='word_1_169' title='bbox 3121 964 3187 1001; x_wconf 88' lang='lat' dir='ltr'>co</span> <span class='ocrx_word' id='word_1_170' title='bbox 3220 949 3377 1017; x_wconf 89' lang='lat' dir='ltr'>quod</span> <span class='ocrx_word' id='word_1_171' title='bbox 3428 951 3681 1023; x_wconf 80' lang='lat' dir='ltr'>attingat</span> 
     </span>
    </p>
   </div>
   <div class='ocr_carea' id='block_1_25' title="bbox 2037 1030 3675 1099">
    <p class='ocr_par' dir='ltr' id='par_1_25' title="bbox 2037 1030 3675 1099">
     <span class='ocr_line' id='line_1_25' title="bbox 2037 1030 3675 1099; baseline 0.006 -15"><span class='ocrx_word' id='word_1_172' title='bbox 2037 1046 2134 1085; x_wconf 92' lang='lat' dir='ltr'>res</span> <span class='ocrx_word' id='word_1_173' title='bbox 2162 1030 2470 1099; x_wconf 89' lang='lat' dir='ltr'>visibiles;</span> <span class='ocrx_word' id='word_1_174' title='bbox 2530 1033 2736 1088; x_wconf 90' lang='lat' dir='ltr'>eodem</span> <span class='ocrx_word' id='word_1_175' title='bbox 2784 1034 2959 1088; x_wconf 90' lang='lat' dir='ltr'>modo</span> <span class='ocrx_word' id='word_1_176' title='bbox 3006 1036 3561 1094; x_wconf 86' lang='lat' dir='ltr'>lmmaculatissima</span> <span class='ocrx_word' id='word_1_177' title='bbox 3616 1046 3675 1094; x_wconf 86' lang='lat' dir='ltr'>et</span> 
     </span>
    </p>
   </div>
   <div class='ocr_carea' id='block_1_26' title="bbox 2038 1124 3438 1195">
    <p class='ocr_par' dir='ltr' id='par_1_26' title="bbox 2038 1124 3438 1195">
     <span class='ocr_line' id='line_1_26' title="bbox 2038 1124 3438 1195; baseline 0.006 -19"><span class='ocrx_word' id='word_1_178' title='bbox 2038 1124 2402 1195; x_wconf 86' lang='lat' dir='ltr'>participans</span> <span class='ocrx_word' id='word_1_179' title='bbox 2426 1130 2482 1180; x_wconf 86' lang='lat' dir='ltr'>et</span> <span class='ocrx_word' id='word_1_180' title='bbox 2510 1126 2764 1180; x_wconf 88' lang='lat' dir='ltr'>immista</span> <span class='ocrx_word' id='word_1_181' title='bbox 2794 1143 2828 1180; x_wconf 91' lang='lat' dir='ltr'>a</span> <span class='ocrx_word' id='word_1_182' title='bbox 2858 1128 3108 1182; x_wconf 85' lang='lat' dir='ltr'>terrenis</span> <span class='ocrx_word' id='word_1_183' title='bbox 3139 1129 3438 1186; x_wconf 85' lang='lat' dir='ltr'>manebat.</span> 
     </span>
    </p>
   </div>
   <div class='ocr_carea' id='block_1_27' title="bbox 2112 1214 3678 1287">
    <p class='ocr_par' dir='ltr' id='par_1_27' title="bbox 2112 1214 3678 1287">
     <span class='ocr_line' id='line_1_27' title="bbox 2112 1214 3678 1287; baseline 0.006 -20"><span class='ocrx_word' id='word_1_184' title='bbox 2112 1214 2294 1269; x_wconf 86' lang='lat' dir='ltr'>Adest</span> <span class='ocrx_word' id='word_1_185' title='bbox 2320 1214 2530 1285; x_wconf 67' lang='lat' dir='ltr'>palma:</span> <span class='ocrx_word' id='word_1_186' title='bbox 2564 1222 2620 1269; x_wconf 87' lang='lat' dir='ltr'>et</span> <span class='ocrx_word' id='word_1_187' title='bbox 2649 1216 2765 1271; x_wconf 89' lang='lat' dir='ltr'>alia</span> <span class='ocrx_word' id='word_1_188' title='bbox 2792 1218 3160 1287; x_wconf 87' lang='lat' dir='ltr'>proprietas;</span> <span class='ocrx_word' id='word_1_189' title='bbox 3187 1224 3272 1273; x_wconf 89' lang='lat' dir='ltr'>est</span> <span class='ocrx_word' id='word_1_190' title='bbox 3304 1226 3501 1276; x_wconf 84' lang='lat' dir='ltr'>autem</span> <span class='ocrx_word' id='word_1_191' title='bbox 3533 1221 3678 1277; x_wconf 80' lang='lat' dir='ltr'>haec:</span> 
     </span>
    </p>
   </div>
   <div class='ocr_carea' id='block_1_28' title="bbox 2042 1303 3681 1378">
    <p class='ocr_par' dir='ltr' id='par_1_28' title="bbox 2042 1303 3681 1378">
     <span class='ocr_line' id='line_1_28' title="bbox 2042 1303 3681 1378; baseline 0.005 -22"><span class='ocrx_word' id='word_1_192' title='bbox 2042 1303 2389 1373; x_wconf 87' lang='lat' dir='ltr'>producitur</span> <span class='ocrx_word' id='word_1_193' title='bbox 2419 1305 2657 1374; x_wconf 89' lang='lat' dir='ltr'>quidem</span> <span class='ocrx_word' id='word_1_194' title='bbox 2683 1306 2881 1376; x_wconf 85' lang='lat' dir='ltr'>palma</span> <span class='ocrx_word' id='word_1_195' title='bbox 2904 1307 2973 1360; x_wconf 85' lang='lat' dir='ltr'>de</span> <span class='ocrx_word' id='word_1_196' title='bbox 2997 1310 3681 1378; x_wconf 85' lang='lat' dir='ltr'>terra,quemadmodum</span> 
     </span>
    </p>
   </div>
   <div class='ocr_carea' id='block_1_29' title="bbox 2046 1392 3679 1465">
    <p class='ocr_par' dir='ltr' id='par_1_29' title="bbox 2046 1392 3679 1465">
     <span class='ocr_line' id='line_1_29' title="bbox 2046 1392 3679 1465; baseline 0.006 -21"><span class='ocrx_word' id='word_1_197' title='bbox 2046 1397 2104 1444; x_wconf 89' lang='lat' dir='ltr'>et</span> <span class='ocrx_word' id='word_1_198' title='bbox 2134 1392 2378 1462; x_wconf 62' lang='lat' dir='ltr'>reliquae</span> <span class='ocrx_word' id='word_1_199' title='bbox 2399 1392 2674 1458; x_wconf 84' lang='lat' dir='ltr'>arbores;</span> <span class='ocrx_word' id='word_1_200' title='bbox 2708 1394 2921 1449; x_wconf 85' lang='lat' dir='ltr'>crescit</span> <span class='ocrx_word' id='word_1_201' title='bbox 2950 1400 3149 1449; x_wconf 85' lang='lat' dir='ltr'>autem</span> <span class='ocrx_word' id='word_1_202' title='bbox 3180 1413 3298 1451; x_wconf 90' lang='lat' dir='ltr'>non</span> <span class='ocrx_word' id='word_1_203' title='bbox 3330 1397 3483 1452; x_wconf 90' lang='lat' dir='ltr'>sicut</span> <span class='ocrx_word' id='word_1_204' title='bbox 3511 1399 3630 1453; x_wconf 69' lang='lat' dir='ltr'>illa)</span> <span class='ocrx_word' id='word_1_205' title='bbox 3665 1415 3679 1465; x_wconf 90' lang='lat'><strong>;</strong></span> 
     </span>
    </p>
   </div>
   <div class='ocr_carea' id='block_1_30' title="bbox 2046 1481 3691 1559">
    <p class='ocr_par' dir='ltr' id='par_1_30' title="bbox 2046 1481 3691 1559">
     <span class='ocr_line' id='line_1_30' title="bbox 2046 1481 3691 1559; baseline 0.006 -27"><span class='ocrx_word' id='word_1_206' title='bbox 2046 1496 2184 1533; x_wconf 89' lang='lat' dir='ltr'>nam</span> <span class='ocrx_word' id='word_1_207' title='bbox 2218 1496 2417 1534; x_wconf 74' lang='lat' dir='ltr'>ramos</span> <span class='ocrx_word' id='word_1_208' title='bbox 2447 1481 2686 1550; x_wconf 89' lang='lat' dir='ltr'>quidem</span> <span class='ocrx_word' id='word_1_209' title='bbox 2719 1482 2793 1537; x_wconf 89' lang='lat' dir='ltr'>ad</span> <span class='ocrx_word' id='word_1_210' title='bbox 2822 1499 3096 1555; x_wconf 87' lang='lat' dir='ltr'>magnam</span> <span class='ocrx_word' id='word_1_211' title='bbox 3121 1486 3691 1559; x_wconf 82' lang='lat' dir='ltr'>extollitlongitudi-</span> 
     </span>
    </p>
   </div>
   <div class='ocr_carea' id='block_1_31' title="bbox 2048 1567 3687 1639">
    <p class='ocr_par' dir='ltr' id='par_1_31' title="bbox 2048 1567 3687 1639">
     <span class='ocr_line' id='line_1_31' title="bbox 2048 1567 3687 1639; baseline 0.007 -18"><span class='ocrx_word' id='word_1_212' title='bbox 2048 1584 2208 1634; x_wconf 90' lang='lat' dir='ltr'>nem,</span> <span class='ocrx_word' id='word_1_213' title='bbox 2241 1574 2308 1622; x_wconf 90' lang='lat' dir='ltr'>ut</span> <span class='ocrx_word' id='word_1_214' title='bbox 2338 1567 2557 1623; x_wconf 86' lang='lat' dir='ltr'>dictum</span> <span class='ocrx_word' id='word_1_215' title='bbox 2593 1575 2718 1639; x_wconf 37' lang='lat' dir='ltr'>.est,</span> <span class='ocrx_word' id='word_1_216' title='bbox 2778 1574 3136 1628; x_wconf 89' lang='lat' dir='ltr'>summitatis</span> <span class='ocrx_word' id='word_1_217' title='bbox 3194 1582 3392 1631; x_wconf 89' lang='lat' dir='ltr'>autem</span> <span class='ocrx_word' id='word_1_218' title='bbox 3452 1577 3687 1632; x_wconf 89' lang='lat' dir='ltr'>tramite</span> 
     </span>
    </p>
   </div>
   <div class='ocr_carea' id='block_1_32' title="bbox 2051 1656 3691 1737">
    <p class='ocr_par' dir='ltr' id='par_1_32' title="bbox 2051 1656 3691 1737">
     <span class='ocr_line' id='line_1_32' title="bbox 2051 1656 3691 1737; baseline 0.007 -26"><span class='ocrx_word' id='word_1_219' title='bbox 2051 1656 2403 1727; x_wconf 87' lang='lat' dir='ltr'>crassitiem,</span> <span class='ocrx_word' id='word_1_220' title='bbox 2437 1674 2614 1728; x_wconf 89' lang='lat' dir='ltr'>quam</span> <span class='ocrx_word' id='word_1_221' title='bbox 2651 1664 2786 1714; x_wconf 91' lang='lat' dir='ltr'>tunc</span> <span class='ocrx_word' id='word_1_222' title='bbox 2816 1661 3014 1732; x_wconf 86' lang='lat' dir='ltr'>habet,</span> <span class='ocrx_word' id='word_1_223' title='bbox 3049 1680 3183 1719; x_wconf 90' lang='lat' dir='ltr'>cum</span> <span class='ocrx_word' id='word_1_224' title='bbox 3214 1664 3285 1719; x_wconf 91' lang='lat' dir='ltr'>de</span> <span class='ocrx_word' id='word_1_225' title='bbox 3336 1670 3495 1721; x_wconf 91' lang='lat' dir='ltr'>terra</span> <span class='ocrx_word' id='word_1_226' title='bbox 3552 1684 3691 1737; x_wconf 91' lang='lat' dir='ltr'>pro-</span> 
     </span>
    </p>
   </div>
   <div class='ocr_carea' id='block_1_33' title="bbox 2053 1746 3691 1826">
    <p class='ocr_par' dir='ltr' id='par_1_33' title="bbox 2053 1746 3691 1826">
     <span class='ocr_line' id='line_1_33' title="bbox 2053 1746 3691 1826; baseline 0.007 -26"><span class='ocrx_word' id='word_1_227' title='bbox 2053 1746 2230 1801; x_wconf 90' lang='lat' dir='ltr'>ducta</span> <span class='ocrx_word' id='word_1_228' title='bbox 2285 1748 2646 1817; x_wconf 86' lang='lat' dir='ltr'>apparuerit,</span> <span class='ocrx_word' id='word_1_229' title='bbox 2701 1749 2854 1804; x_wconf 89' lang='lat' dir='ltr'>hanc</span> <span class='ocrx_word' id='word_1_230' title='bbox 2927 1759 3237 1808; x_wconf 84' lang='lat' dir='ltr'>conservat</span> <span class='ocrx_word' id='word_1_231' title='bbox 3282 1755 3691 1826; x_wconf 86' lang='lat' dir='ltr'>cujuscunque</span> 
     </span>
    </p>
   </div>
   <div class='ocr_carea' id='block_1_34' title="bbox 299 1834 1957 1925">
    <p class='ocr_par' dir='ltr' id='par_1_34' title="bbox 299 1834 1943 1917">
     <span class='ocr_line' id='line_1_34' title="bbox 299 1834 1943 1917; baseline -0.002 -21"><span class='ocrx_word' id='word_1_232' title='bbox 299 1863 415 1917; x_wconf 87' lang='grc' dir='ltr'>γνον</span> <span class='ocrx_word' id='word_1_233' title='bbox 446 1844 648 1895; x_wconf 89' lang='grc' dir='ltr'>τοῦτον</span> <span class='ocrx_word' id='word_1_234' title='bbox 686 1840 841 1912; x_wconf 70' lang='grc' dir='ltr'>οἶμαι</span> <span class='ocrx_word' id='word_1_235' title='bbox 902 1839 1253 1916; x_wconf 81' lang='grc' dir='ltr'>σκιαγραφεὶν</span> <span class='ocrx_word' id='word_1_236' title='bbox 1312 1837 1498 1912; x_wconf 90' lang='grc' dir='ltr'>λόγον·</span> <span class='ocrx_word' id='word_1_237' title='bbox 1561 1840 1627 1895; x_wconf 85' lang='grc' dir='ltr'>Ἠ</span> <span class='ocrx_word' id='word_1_238' title='bbox 1674 1834 1943 1913; x_wconf 73' lang='grc' dir='ltr'>Παρθένος</span> 
     </span>
    </p>
   </div>
   <div class='ocr_carea' id='block_1_35' title="bbox 2054 1834 3691 1925">
    <p class='ocr_par' dir='ltr' id='par_1_35' title="bbox 2054 1835 3691 1914">
     <span class='ocr_line' id='line_1_35' title="bbox 2054 1835 3691 1914; baseline 0.005 -23"><span class='ocrx_word' id='word_1_239' title='bbox 2054 1835 2373 1891; x_wconf 86' lang='lat' dir='ltr'>additionis</span> <span class='ocrx_word' id='word_1_240' title='bbox 2400 1842 2734 1909; x_wconf 86' lang='lat' dir='ltr'>expertem;</span> <span class='ocrx_word' id='word_1_241' title='bbox 2767 1845 2826 1894; x_wconf 91' lang='lat' dir='ltr'>et</span> <span class='ocrx_word' id='word_1_242' title='bbox 2856 1840 2965 1895; x_wconf 91' lang='lat' dir='ltr'>hoc</span> <span class='ocrx_word' id='word_1_243' title='bbox 2987 1846 3185 1897; x_wconf 89' lang='lat' dir='ltr'>autem</span> <span class='ocrx_word' id='word_1_244' title='bbox 3206 1842 3280 1897; x_wconf 90' lang='lat' dir='ltr'>ad</span> <span class='ocrx_word' id='word_1_245' title='bbox 3311 1845 3691 1914; x_wconf 89' lang='lat' dir='ltr'>purissimam</span> 
     </span>
    </p>
   </div>
   <div class='ocr_carea' id='block_1_36' title="bbox 296 1925 1943 2005">
    <p class='ocr_par' dir='ltr' id='par_1_36' title="bbox 296 1925 1943 2005">
     <span class='ocr_line' id='line_1_36' title="bbox 296 1925 1943 2005; baseline -0.003 -19"><span class='ocrx_word' id='word_1_246' title='bbox 296 1930 541 2005; x_wconf 75' lang='grc' dir='ltr'>προῆλθε</span> <span class='ocrx_word' id='word_1_247' title='bbox 576 1929 678 2003; x_wconf 74' lang='grc' dir='ltr'>μὲν</span> <span class='ocrx_word' id='word_1_248' title='bbox 706 1932 806 1993; x_wconf 79' lang='grc' dir='ltr'>τῆς</span> <span class='ocrx_word' id='word_1_249' title='bbox 833 1925 976 1990; x_wconf 78' lang='grc' dir='ltr'>ἰδίας</span> <span class='ocrx_word' id='word_1_250' title='bbox 1011 1928 1240 2003; x_wconf 79' lang='grc' dir='ltr'>μητρὸς,</span> <span class='ocrx_word' id='word_1_251' title='bbox 1272 1926 1454 2003; x_wconf 84' lang='grc' dir='ltr'>ὥσπερ</span> <span class='ocrx_word' id='word_1_252' title='bbox 1513 1926 1823 2003; x_wconf 79' lang='grc' dir='ltr'>ἅνθρωπος,</span> <span class='ocrx_word' id='word_1_253' title='bbox 1853 1927 1943 1982; x_wconf 80' lang='grc' dir='ltr'>καὶ</span> 
     </span>
    </p>
   </div>
   <div class='ocr_carea' id='block_1_37' title="bbox 301 2013 1947 2093">
    <p class='ocr_par' dir='ltr' id='par_1_37' title="bbox 301 2013 1947 2093">
     <span class='ocr_line' id='line_1_37' title="bbox 301 2013 1947 2093; baseline -0.004 -17"><span class='ocrx_word' id='word_1_254' title='bbox 301 2019 381 2076; x_wconf 73' lang='grc' dir='ltr'>διὰ</span> <span class='ocrx_word' id='word_1_255' title='bbox 406 2025 578 2075; x_wconf 86' lang='grc' dir='ltr'>τοῦτο</span> <span class='ocrx_word' id='word_1_256' title='bbox 615 2018 680 2073; x_wconf 83' lang='grc' dir='ltr'>τὸ</span> <span class='ocrx_word' id='word_1_257' title='bbox 712 2017 950 2093; x_wconf 80' lang='grc' dir='ltr'>ἀρχαῖον</span> <span class='ocrx_word' id='word_1_258' title='bbox 982 2017 1186 2093; x_wconf 82' lang='grc' dir='ltr'>πάχος,</span> <span class='ocrx_word' id='word_1_259' title='bbox 1219 2016 1364 2092; x_wconf 88' lang='grc' dir='ltr'>λέγω</span> <span class='ocrx_word' id='word_1_260' title='bbox 1395 2013 1451 2072; x_wconf 72' lang='grc' dir='ltr'>δὲ</span> <span class='ocrx_word' id='word_1_261' title='bbox 1479 2019 1578 2086; x_wconf 74' lang='grc' dir='ltr'>τὴν</span> <span class='ocrx_word' id='word_1_262' title='bbox 1611 2018 1947 2091; x_wconf 75' lang='grc' dir='ltr'>προγονικὴν</span> 
     </span>
    </p>
   </div>
   <div class='ocr_carea' id='block_1_38' title="bbox 301 2104 1945 2183">
    <p class='ocr_par' dir='ltr' id='par_1_38' title="bbox 301 2104 1945 2183">
     <span class='ocr_line' id='line_1_38' title="bbox 301 2104 1945 2183; baseline -0.001 -19"><span class='ocrx_word' id='word_1_263' title='bbox 301 2110 586 2183; x_wconf 76' lang='grc' dir='ltr'>ἁμαρτίαν,</span> <span class='ocrx_word' id='word_1_264' title='bbox 625 2108 744 2181; x_wconf 85' lang='grc' dir='ltr'>μέθ’</span> <span class='ocrx_word' id='word_1_265' title='bbox 773 2110 839 2175; x_wconf 71' lang='grc' dir='ltr'>ἧς</span> <span class='ocrx_word' id='word_1_266' title='bbox 871 2106 1156 2182; x_wconf 82' lang='grc' dir='ltr'>ἐγεννήθη.</span> <span class='ocrx_word' id='word_1_267' title='bbox 1212 2107 1340 2175; x_wconf 80' lang='grc' dir='ltr'>ἤντε</span> <span class='ocrx_word' id='word_1_268' title='bbox 1395 2106 1669 2168; x_wconf 79' lang='grc' dir='ltr'>ἀκουσίως</span> <span class='ocrx_word' id='word_1_269' title='bbox 1728 2104 1945 2181; x_wconf 69' lang='grc' dir='ltr'>εἴληφε,</span> 
     </span>
    </p>
   </div>
   <div class='ocr_carea' id='block_1_39' title="bbox 302 2191 1942 2277">
    <p class='ocr_par' dir='ltr' id='par_1_39' title="bbox 302 2191 1942 2277">
     <span class='ocr_line' id='line_1_39' title="bbox 302 2191 1942 2277; baseline -0.002 -23"><span class='ocrx_word' id='word_1_270' title='bbox 302 2198 580 2277; x_wconf 70' lang='grc' dir='ltr'>διαφυγεῖν</span> <span class='ocrx_word' id='word_1_271' title='bbox 668 2218 726 2253; x_wconf 90' lang='grc' dir='ltr'>τε</span> <span class='ocrx_word' id='word_1_272' title='bbox 784 2196 989 2270; x_wconf 78' lang='grc' dir='ltr'>τρόπος</span> <span class='ocrx_word' id='word_1_273' title='bbox 1055 2197 1121 2265; x_wconf 82' lang='grc' dir='ltr'>ἦν</span> <span class='ocrx_word' id='word_1_274' title='bbox 1182 2193 1382 2266; x_wconf 77' lang='grc' dir='ltr'>οὐδεὶς,</span> <span class='ocrx_word' id='word_1_275' title='bbox 1437 2194 1563 2252; x_wconf 66' lang='grc' dir='ltr'>οὐδὲ</span> <span class='ocrx_word' id='word_1_276' title='bbox 1624 2191 1942 2271; x_wconf 73' lang='grc' dir='ltr'>ὑπερϐῆναιο</span> 
     </span>
    </p>
   </div>
   <div class='ocr_carea' id='block_1_40' title="bbox 295 2281 1941 2363">
    <p class='ocr_par' dir='ltr' id='par_1_40' title="bbox 295 2281 1941 2363">
     <span class='ocr_line' id='line_1_40' title="bbox 295 2281 1941 2363; baseline -0.002 -20"><span class='ocrx_word' id='word_1_277' title='bbox 295 2290 408 2363; x_wconf 82' lang='grc' dir='ltr'>περὶ</span> <span class='ocrx_word' id='word_1_278' title='bbox 456 2291 527 2357; x_wconf 76' lang='grc' dir='ltr'>ἧς</span> <span class='ocrx_word' id='word_1_279' title='bbox 581 2286 674 2342; x_wconf 86' lang='grc' dir='ltr'>καὶ</span> <span class='ocrx_word' id='word_1_280' title='bbox 728 2287 757 2340; x_wconf 91' lang='lat'>6</span> <span class='ocrx_word' id='word_1_281' title='bbox 819 2286 969 2347; x_wconf 76' lang='grc' dir='ltr'>θεὶος</span> <span class='ocrx_word' id='word_1_282' title='bbox 1028 2284 1317 2363; x_wconf 84' lang='grc' dir='ltr'>φιλοσοφεῖ</span> <span class='ocrx_word' id='word_1_283' title='bbox 1372 2281 1560 2357; x_wconf 74' lang='grc' dir='ltr'>Δαόἱδ,</span> <span class='ocrx_word' id='word_1_284' title='bbox 1622 2287 1708 2343; x_wconf 88' lang='grc' dir='ltr'>Ἐν</span> <span class='ocrx_word' id='word_1_285' title='bbox 1766 2286 1941 2358; x_wconf 84' lang='grc' dir='ltr'>ἆμαρ-</span> 
     </span>
    </p>
   </div>
   <div class='ocr_carea' id='block_1_41' title="bbox 298 2374 1943 2452">
    <p class='ocr_par' dir='ltr' id='par_1_41' title="bbox 298 2374 1943 2452">
     <span class='ocr_line' id='line_1_41' title="bbox 298 2374 1943 2452; baseline -0.002 -21"><span class='ocrx_word' id='word_1_286' title='bbox 298 2377 450 2441; x_wconf 83' lang='grc' dir='ltr'>τίαις,</span> <span class='ocrx_word' id='word_1_287' title='bbox 505 2376 752 2452; x_wconf 69' lang='grc' dir='ltr'>φάσκων,</span> <span class='ocrx_word' id='word_1_288' title='bbox 816 2374 1070 2444; x_wconf 83' lang='grc' dir='ltr'>έκίσσησέ</span> <span class='ocrx_word' id='word_1_289' title='bbox 1128 2394 1194 2447; x_wconf 86' lang='grc' dir='ltr'>με</span> <span class='ocrx_word' id='word_1_290' title='bbox 1242 2376 1277 2443; x_wconf 84' lang='grc' dir='ltr'>ἡ</span> <span class='ocrx_word' id='word_1_291' title='bbox 1340 2376 1526 2447; x_wconf 77' lang='grc' dir='ltr'>μήτηρ</span> <span class='ocrx_word' id='word_1_292' title='bbox 1584 2395 1707 2448; x_wconf 91' lang='grc' dir='ltr'>μον.</span> <span class='ocrx_word' id='word_1_293' title='bbox 1795 2374 1943 2432; x_wconf 68' lang='grc' dir='ltr'>Ταό-</span> 
     </span>
    </p>
   </div>
   <div class='ocr_carea' id='block_1_42' title="bbox 301 2462 1941 2540">
    <p class='ocr_par' dir='ltr' id='par_1_42' title="bbox 301 2462 1941 2540">
     <span class='ocr_line' id='line_1_42' title="bbox 301 2462 1941 2540; baseline -0.003 -19"><span class='ocrx_word' id='word_1_294' title='bbox 301 2488 391 2536; x_wconf 75' lang='grc' dir='ltr'>ττ,ν</span> <span class='ocrx_word' id='word_1_295' title='bbox 452 2464 595 2535; x_wconf 74' lang='grc' dir='ltr'>δῆτα</span> <span class='ocrx_word' id='word_1_296' title='bbox 652 2463 743 2519; x_wconf 79' lang='grc' dir='ltr'>καὶ</span> <span class='ocrx_word' id='word_1_297' title='bbox 793 2465 967 2535; x_wconf 74' lang='grc' dir='ltr'>μόνην</span> <span class='ocrx_word' id='word_1_298' title='bbox 1030 2464 1155 2532; x_wconf 74' lang='grc' dir='ltr'>ἧκεν</span> <span class='ocrx_word' id='word_1_299' title='bbox 1208 2462 1285 2525; x_wconf 81' lang='grc' dir='ltr'>εἷς</span> <span class='ocrx_word' id='word_1_300' title='bbox 1353 2463 1475 2538; x_wconf 85' lang='grc' dir='ltr'>βίον</span> <span class='ocrx_word' id='word_1_301' title='bbox 1550 2462 1802 2540; x_wconf 83' lang='grc' dir='ltr'>φέρουσα,</span> <span class='ocrx_word' id='word_1_302' title='bbox 1852 2464 1941 2519; x_wconf 86' lang='grc' dir='ltr'>καὶ</span> 
     </span>
    </p>
   </div>
   <div class='ocr_carea' id='block_1_43' title="bbox 305 2548 1940 2629">
    <p class='ocr_par' dir='ltr' id='par_1_43' title="bbox 305 2548 1940 2629">
     <span class='ocr_line' id='line_1_43' title="bbox 305 2548 1940 2629; baseline -0.002 -20"><span class='ocrx_word' id='word_1_303' title='bbox 305 2560 378 2625; x_wconf 80' lang='grc' dir='ltr'>τῷ</span> <span class='ocrx_word' id='word_1_304' title='bbox 406 2555 548 2629; x_wconf 84' lang='grc' dir='ltr'>γένει</span> <span class='ocrx_word' id='word_1_305' title='bbox 577 2552 847 2608; x_wconf 79' lang='grc' dir='ltr'>δεικνῦσα·</span> <span class='ocrx_word' id='word_1_306' title='bbox 900 2560 1223 2626; x_wconf 70' lang='grc' dir='ltr'>παχύτητος</span> <span class='ocrx_word' id='word_1_307' title='bbox 1283 2548 1327 2605; x_wconf 83' lang='grc' dir='ltr'>δ’</span> <span class='ocrx_word' id='word_1_308' title='bbox 1387 2552 1569 2627; x_wconf 72' lang='grc' dir='ltr'>ἑτέρας</span> <span class='ocrx_word' id='word_1_309' title='bbox 1628 2551 1940 2608; x_wconf 75' lang='grc' dir='ltr'>οὑτινοσοῦν</span> 
     </span>
    </p>
   </div>
   <div class='ocr_carea' id='block_1_44' title="bbox 311 2638 1938 2716">
    <p class='ocr_par' dir='ltr' id='par_1_44' title="bbox 311 2638 1938 2716">
     <span class='ocr_line' id='line_1_44' title="bbox 311 2638 1938 2716; baseline -0.001 -19"><span class='ocrx_word' id='word_1_310' title='bbox 311 2640 520 2711; x_wconf 77' lang='grc' dir='ltr'>δηλαδὴ</span> <span class='ocrx_word' id='word_1_311' title='bbox 567 2643 741 2716; x_wconf 72' lang='grc' dir='ltr'>ῥύπου</span> <span class='ocrx_word' id='word_1_312' title='bbox 806 2641 1113 2696; x_wconf 77' lang='grc' dir='ltr'>παντάπασι</span> <span class='ocrx_word' id='word_1_313' title='bbox 1195 2639 1496 2715; x_wconf 72' lang='grc' dir='ltr'>μεμένηκεν</span> <span class='ocrx_word' id='word_1_314' title='bbox 1574 2638 1938 2703; x_wconf 71' lang='grc' dir='ltr'>ἂνεπίδεκτος·</span> 
     </span>
    </p>
   </div>
   <div class='ocr_carea' id='block_1_45' title="bbox 309 2727 1939 2804">
    <p class='ocr_par' dir='ltr' id='par_1_45' title="bbox 309 2727 1939 2804">
     <span class='ocr_line' id='line_1_45' title="bbox 309 2727 1939 2804; baseline -0.001 -21"><span class='ocrx_word' id='word_1_315' title='bbox 309 2730 395 2783; x_wconf 77' lang='grc' dir='ltr'>καὶ</span> <span class='ocrx_word' id='word_1_316' title='bbox 450 2730 513 2783; x_wconf 70' lang='grc' dir='ltr'>οὗ</span> <span class='ocrx_word' id='word_1_317' title='bbox 556 2736 711 2787; x_wconf 86' lang='grc' dir='ltr'>τοῦτο</span> <span class='ocrx_word' id='word_1_318' title='bbox 773 2731 969 2803; x_wconf 88' lang='grc' dir='ltr'>μόνον,</span> <span class='ocrx_word' id='word_1_319' title='bbox 1028 2727 1172 2785; x_wconf 81' lang='grc' dir='ltr'>ἀλλὰ</span> <span class='ocrx_word' id='word_1_320' title='bbox 1219 2729 1308 2785; x_wconf 85' lang='grc' dir='ltr'>καὶ</span> <span class='ocrx_word' id='word_1_321' title='bbox 1337 2732 1429 2785; x_wconf 90' lang='grc' dir='ltr'>τὸν</span> <span class='ocrx_word' id='word_1_322' title='bbox 1459 2734 1709 2804; x_wconf 85' lang='grc' dir='ltr'>πατρῷον</span> <span class='ocrx_word' id='word_1_323' title='bbox 1737 2730 1939 2785; x_wconf 79' lang='grc' dir='ltr'>ἐκεῖνον</span> 
     </span>
    </p>
   </div>
   <div class='ocr_carea' id='block_1_46' title="bbox 317 2816 1940 2896">
    <p class='ocr_par' dir='ltr' id='par_1_46' title="bbox 317 2816 1940 2896">
     <span class='ocr_line' id='line_1_46' title="bbox 317 2816 1940 2896; baseline 0.001 -23"><span class='ocrx_word' id='word_1_324' title='bbox 317 2819 398 2873; x_wconf 82' lang='grc' dir='ltr'>καί</span> <span class='ocrx_word' id='word_1_325' title='bbox 459 2816 689 2894; x_wconf 77' lang='grc' dir='ltr'>ὀλέθριον</span> <span class='ocrx_word' id='word_1_326' title='bbox 738 2822 941 2889; x_wconf 74' lang='grc' dir='ltr'>εαυτῆς</span> <span class='ocrx_word' id='word_1_327' title='bbox 1003 2818 1270 2896; x_wconf 74' lang='grc' dir='ltr'>ἂπέῤῥιψε</span> <span class='ocrx_word' id='word_1_328' title='bbox 1326 2817 1557 2894; x_wconf 76' lang='grc' dir='ltr'>κλῆρον⁶</span> <span class='ocrx_word' id='word_1_329' title='bbox 1607 2821 1726 2884; x_wconf 83' lang='grc' dir='ltr'>καθ’</span> <span class='ocrx_word' id='word_1_330' title='bbox 1785 2819 1814 2874; x_wconf 83' lang='lat'>6&#39;</span> <span class='ocrx_word' id='word_1_331' title='bbox 1873 2817 1940 2889; x_wconf 75' lang='grc' dir='ltr'>δὴ</span> 
     </span>
    </p>
   </div>
   <div class='ocr_carea' id='block_1_47' title="bbox 297 2907 1940 2985">
    <p class='ocr_par' dir='ltr' id='par_1_47' title="bbox 297 2907 1940 2985">
     <span class='ocr_line' id='line_1_47' title="bbox 297 2907 1940 2985; baseline 0 -23"><span class='ocrx_word' id='word_1_332' title='bbox 297 2907 381 2962; x_wconf 73' lang='grc' dir='ltr'>καὶ</span> <span class='ocrx_word' id='word_1_333' title='bbox 426 2911 645 2978; x_wconf 67' lang='grc' dir='ltr'>ταυτησί</span> <span class='ocrx_word' id='word_1_334' title='bbox 703 2909 1050 2985; x_wconf 80' lang='grc' dir='ltr'>περιεγένετο</span> <span class='ocrx_word' id='word_1_335' title='bbox 1097 2915 1196 2977; x_wconf 86' lang='grc' dir='ltr'>τῆς</span> <span class='ocrx_word' id='word_1_336' title='bbox 1276 2908 1503 2971; x_wconf 75' lang='grc' dir='ltr'>εἶκόνος.</span> <span class='ocrx_word' id='word_1_337' title='bbox 1563 2911 1625 2965; x_wconf 79' lang='grc' dir='ltr'><strong>Ὀ</strong></span> <span class='ocrx_word' id='word_1_338' title='bbox 1685 2909 1780 2982; x_wconf 74' lang='grc' dir='ltr'>μὲν</span> <span class='ocrx_word' id='word_1_339' title='bbox 1834 2909 1940 2983; x_wconf 86' lang='grc' dir='ltr'>γὰρ</span> 
     </span>
    </p>
   </div>
   <div class='ocr_carea' id='block_1_48' title="bbox 295 2994 1940 3075">
    <p class='ocr_par' dir='ltr' id='par_1_48' title="bbox 295 2994 1940 3075">
     <span class='ocr_line' id='line_1_48' title="bbox 295 2994 1940 3075; baseline -0.001 -23"><span class='ocrx_word' id='word_1_340' title='bbox 295 2997 461 3074; x_wconf 79' lang='grc' dir='ltr'>φοίνιξ</span> <span class='ocrx_word' id='word_1_341' title='bbox 519 2995 646 3053; x_wconf 71' lang='grc' dir='ltr'>οὗτε</span> <span class='ocrx_word' id='word_1_342' title='bbox 712 2998 741 3054; x_wconf 75' lang='grc' dir='ltr'>ὅ</span> <span class='ocrx_word' id='word_1_343' title='bbox 800 2997 1028 3067; x_wconf 83' lang='grc' dir='ltr'>κυηθεὶς</span> <span class='ocrx_word' id='word_1_344' title='bbox 1106 2994 1273 3067; x_wconf 78' lang='grc' dir='ltr'>ἔδειξε</span> <span class='ocrx_word' id='word_1_345' title='bbox 1327 2998 1448 3072; x_wconf 84' lang='grc' dir='ltr'>περὶ</span> <span class='ocrx_word' id='word_1_346' title='bbox 1517 2998 1616 3067; x_wconf 75' lang='grc' dir='ltr'>τὴν</span> <span class='ocrx_word' id='word_1_347' title='bbox 1675 2998 1940 3075; x_wconf 75' lang='grc' dir='ltr'>κορυφὴν,</span> 
     </span>
    </p>
   </div>
   <div class='ocr_carea' id='block_1_49' title="bbox 293 3080 1940 3163">
    <p class='ocr_par' dir='ltr' id='par_1_49' title="bbox 293 3080 1940 3163">
     <span class='ocr_line' id='line_1_49' title="bbox 293 3080 1940 3163; baseline 0 -22"><span class='ocrx_word' id='word_1_348' title='bbox 293 3088 609 3142; x_wconf 80' lang='grc' dir='ltr'>ἀποτίθεται</span> <span class='ocrx_word' id='word_1_349' title='bbox 639 3087 849 3162; x_wconf 73' lang='grc' dir='ltr'>πάχος,</span> <span class='ocrx_word' id='word_1_350' title='bbox 880 3082 1006 3141; x_wconf 70' lang='grc' dir='ltr'>οὔτε</span> <span class='ocrx_word' id='word_1_351' title='bbox 1036 3086 1201 3159; x_wconf 82' lang='grc' dir='ltr'>οὗπερ</span> <span class='ocrx_word' id='word_1_352' title='bbox 1255 3080 1412 3161; x_wconf 81' lang='grc' dir='ltr'>ἔσχεν</span> <span class='ocrx_word' id='word_1_353' title='bbox 1460 3084 1719 3163; x_wconf 79' lang='grc' dir='ltr'>ἐξαρχῆς,</span> <span class='ocrx_word' id='word_1_354' title='bbox 1783 3082 1940 3142; x_wconf 72' lang='grc' dir='ltr'>ἔλατο</span> 
     </span>
    </p>
   </div>
   <div class='ocr_carea' id='block_1_50' title="bbox 290 3172 1935 3250">
    <p class='ocr_par' dir='ltr' id='par_1_50' title="bbox 290 3172 1935 3250">
     <span class='ocr_line' id='line_1_50' title="bbox 290 3172 1935 3250; baseline -0.001 -20"><span class='ocrx_word' id='word_1_355' title='bbox 290 3197 378 3231; x_wconf 89' lang='grc' dir='ltr'>τον</span> <span class='ocrx_word' id='word_1_356' title='bbox 432 3176 735 3247; x_wconf 80' lang='grc' dir='ltr'>πεποίηκεν</span> <span class='ocrx_word' id='word_1_357' title='bbox 785 3173 1160 3233; x_wconf 77' lang='grc' dir='ltr'>οὐδεπώποτε.</span> <span class='ocrx_word' id='word_1_358' title='bbox 1220 3175 1285 3230; x_wconf 87' lang='grc' dir='ltr'>Ἡ</span> <span class='ocrx_word' id='word_1_359' title='bbox 1338 3172 1398 3230; x_wconf 77' lang='grc' dir='ltr'>δὲ</span> <span class='ocrx_word' id='word_1_360' title='bbox 1485 3174 1745 3250; x_wconf 84' lang='grc' dir='ltr'>μακαρία,</span> <span class='ocrx_word' id='word_1_361' title='bbox 1821 3178 1935 3230; x_wconf 82' lang='grc' dir='ltr'>οἷον</span> 
     </span>
    </p>
   </div>
   <div class='ocr_carea' id='block_1_51' title="bbox 295 3262 1938 3340">
    <p class='ocr_par' dir='ltr' id='par_1_51' title="bbox 295 3262 1938 3340">
     <span class='ocr_line' id='line_1_51' title="bbox 295 3262 1938 3340; baseline 0.001 -22"><span class='ocrx_word' id='word_1_362' title='bbox 295 3265 419 3340; x_wconf 71' lang='grc' dir='ltr'>ὑπὲρ</span> <span class='ocrx_word' id='word_1_363' title='bbox 451 3265 630 3321; x_wconf 70' lang='grc' dir='ltr'>πᾶσαν</span> <span class='ocrx_word' id='word_1_364' title='bbox 678 3286 740 3321; x_wconf 87' lang='grc' dir='ltr'>τε</span> <span class='ocrx_word' id='word_1_365' title='bbox 788 3262 939 3319; x_wconf 77' lang='grc' dir='ltr'>οὖσα</span> <span class='ocrx_word' id='word_1_366' title='bbox 983 3264 1166 3319; x_wconf 81' lang='grc' dir='ltr'>εἱκόνα</span> <span class='ocrx_word' id='word_1_367' title='bbox 1215 3264 1424 3340; x_wconf 83' lang='grc' dir='ltr'>ἀπείρῳ</span> <span class='ocrx_word' id='word_1_368' title='bbox 1479 3285 1539 3319; x_wconf 90' lang='grc' dir='ltr'>τε</span> <span class='ocrx_word' id='word_1_369' title='bbox 1592 3269 1671 3337; x_wconf 81' lang='grc' dir='ltr'>τῷ</span> <span class='ocrx_word' id='word_1_370' title='bbox 1733 3265 1938 3338; x_wconf 81' lang='grc' dir='ltr'>μέτρῳ,</span> 
     </span>
    </p>
   </div>
   <div class='ocr_carea' id='block_1_52' title="bbox 292 3350 1945 3429">
    <p class='ocr_par' dir='ltr' id='par_1_52' title="bbox 292 3350 1945 3429">
     <span class='ocr_line' id='line_1_52' title="bbox 292 3350 1945 3429; baseline 0 -21"><span class='ocrx_word' id='word_1_371' title='bbox 292 3356 375 3408; x_wconf 78' lang='grc' dir='ltr'>καὶ</span> <span class='ocrx_word' id='word_1_372' title='bbox 406 3355 540 3411; x_wconf 78' lang='grc' dir='ltr'>αὐτὸ</span> <span class='ocrx_word' id='word_1_373' title='bbox 577 3350 860 3429; x_wconf 76' lang='grc' dir='ltr'>ὑπερϐἆσα</span> <span class='ocrx_word' id='word_1_374' title='bbox 888 3355 952 3409; x_wconf 87' lang='grc' dir='ltr'>τὸ</span> <span class='ocrx_word' id='word_1_375' title='bbox 1005 3353 1176 3427; x_wconf 81' lang='grc' dir='ltr'>γένος,</span> <span class='ocrx_word' id='word_1_376' title='bbox 1240 3350 1464 3408; x_wconf 79' lang='grc' dir='ltr'>ἔσπευσε</span> <span class='ocrx_word' id='word_1_377' title='bbox 1514 3352 1605 3408; x_wconf 84' lang='grc' dir='ltr'>καὶ</span> <span class='ocrx_word' id='word_1_378' title='bbox 1656 3353 1719 3408; x_wconf 83' lang='grc' dir='ltr'>τὸ</span> <span class='ocrx_word' id='word_1_379' title='bbox 1777 3354 1945 3428; x_wconf 81' lang='grc' dir='ltr'>ἀρχέ-</span> 
     </span>
    </p>
   </div>
   <div class='ocr_carea' id='block_1_53' title="bbox 298 3438 1946 3522">
    <p class='ocr_par' dir='ltr' id='par_1_53' title="bbox 298 3438 1946 3522">
     <span class='ocr_line' id='line_1_53' title="bbox 298 3438 1946 3522; baseline -0.002 -23"><span class='ocrx_word' id='word_1_380' title='bbox 298 3466 449 3520; x_wconf 81' lang='grc' dir='ltr'>γονον</span> <span class='ocrx_word' id='word_1_381' title='bbox 482 3443 692 3519; x_wconf 73' lang='grc' dir='ltr'>πῈὶχος,</span> <span class='ocrx_word' id='word_1_382' title='bbox 742 3443 891 3522; x_wconf 83' lang='grc' dir='ltr'>φημὶ</span> <span class='ocrx_word' id='word_1_383' title='bbox 953 3440 1011 3497; x_wconf 77' lang='grc' dir='ltr'>δὲ</span> <span class='ocrx_word' id='word_1_384' title='bbox 1059 3442 1151 3497; x_wconf 83' lang='grc' dir='ltr'>τὸν</span> <span class='ocrx_word' id='word_1_385' title='bbox 1206 3440 1410 3497; x_wconf 80' lang='grc' dir='ltr'>ἐκεῖνον</span> <span class='ocrx_word' id='word_1_386' title='bbox 1472 3438 1772 3514; x_wconf 82' lang='grc' dir='ltr'>Ἀδαμαῖον</span> <span class='ocrx_word' id='word_1_387' title='bbox 1822 3439 1946 3495; x_wconf 82' lang='grc' dir='ltr'>ὄλι-</span> 
     </span>
    </p>
   </div>
   <div class='ocr_carea' id='block_1_54' title="bbox 297 3527 1948 3605">
    <p class='ocr_par' dir='ltr' id='par_1_54' title="bbox 297 3527 1948 3605">
     <span class='ocr_line' id='line_1_54' title="bbox 297 3527 1948 3605; baseline -0.002 -17"><span class='ocrx_word' id='word_1_388' title='bbox 297 3544 439 3605; x_wconf 77' lang='grc' dir='ltr'>σθον,</span> <span class='ocrx_word' id='word_1_389' title='bbox 490 3530 801 3588; x_wconf 72' lang='grc' dir='ltr'>ἀποϐαλεῖν</span> <span class='ocrx_word' id='word_1_390' title='bbox 861 3552 924 3586; x_wconf 80' lang='grc' dir='ltr'>τε</span> <span class='ocrx_word' id='word_1_391' title='bbox 989 3530 1081 3585; x_wconf 87' lang='grc' dir='ltr'>καὶ</span> <span class='ocrx_word' id='word_1_392' title='bbox 1136 3529 1418 3603; x_wconf 80' lang='grc' dir='ltr'>ἀποξέσαι,</span> <span class='ocrx_word' id='word_1_393' title='bbox 1458 3530 1548 3586; x_wconf 78' lang='grc' dir='ltr'>καὶ</span> <span class='ocrx_word' id='word_1_394' title='bbox 1612 3531 1704 3584; x_wconf 89' lang='grc' dir='ltr'>τὸν</span> <span class='ocrx_word' id='word_1_395' title='bbox 1763 3527 1948 3605; x_wconf 85' lang='grc' dir='ltr'>ἀνδρι-</span> 
     </span>
    </p>
   </div>
   <div class='ocr_carea' id='block_1_55' title="bbox 293 3617 1945 3697">
    <p class='ocr_par' dir='ltr' id='par_1_55' title="bbox 293 3617 1945 3697">
     <span class='ocr_line' id='line_1_55' title="bbox 293 3617 1945 3697; baseline -0.002 -20"><span class='ocrx_word' id='word_1_396' title='bbox 293 3622 437 3694; x_wconf 77' lang='grc' dir='ltr'>άντα,</span> <span class='ocrx_word' id='word_1_397' title='bbox 524 3624 618 3677; x_wconf 80' lang='grc' dir='ltr'>τὸν</span> <span class='ocrx_word' id='word_1_398' title='bbox 702 3617 995 3697; x_wconf 75' lang='grc' dir='ltr'>ἄνθρωπον</span> <span class='ocrx_word' id='word_1_399' title='bbox 1080 3618 1250 3695; x_wconf 84' lang='grc' dir='ltr'>λέγω,</span> <span class='ocrx_word' id='word_1_400' title='bbox 1314 3621 1435 3674; x_wconf 78' lang='grc' dir='ltr'>οἷον</span> <span class='ocrx_word' id='word_1_401' title='bbox 1520 3617 1847 3693; x_wconf 72' lang='grc' dir='ltr'>ἐχάλκευσεν</span> <span class='ocrx_word' id='word_1_402' title='bbox 1916 3619 1945 3673; x_wconf 96' lang='lat'>6</span> 
     </span>
    </p>
   </div>
   <div class='ocr_carea' id='block_1_56' title="bbox 296 3704 1942 3787">
    <p class='ocr_par' dir='ltr' id='par_1_56' title="bbox 296 3704 1942 3787">
     <span class='ocr_line' id='line_1_56' title="bbox 296 3704 1942 3787; baseline -0.003 -21"><span class='ocrx_word' id='word_1_403' title='bbox 296 3712 663 3787; x_wconf 79' lang='grc' dir='ltr'>Δημιουργὸς,</span> <span class='ocrx_word' id='word_1_404' title='bbox 733 3704 1035 3765; x_wconf 76' lang='grc' dir='ltr'>στίλϐοντα</span> <span class='ocrx_word' id='word_1_405' title='bbox 1135 3709 1225 3763; x_wconf 84' lang='grc' dir='ltr'>καὶ</span> <span class='ocrx_word' id='word_1_406' title='bbox 1302 3707 1556 3783; x_wconf 86' lang='grc' dir='ltr'>λαμπρὸν</span> <span class='ocrx_word' id='word_1_407' title='bbox 1648 3709 1942 3784; x_wconf 83' lang='grc' dir='ltr'>ἀποφῆναι·</span> 
     </span>
    </p>
   </div>
   <div class='ocr_carea' id='block_1_57' title="bbox 296 3796 1942 3875">
    <p class='ocr_par' dir='ltr' id='par_1_57' title="bbox 296 3796 1942 3875">
     <span class='ocr_line' id='line_1_57' title="bbox 296 3796 1942 3875; baseline -0.002 -20"><span class='ocrx_word' id='word_1_408' title='bbox 296 3801 381 3855; x_wconf 75' lang='grc' dir='ltr'>καὶ</span> <span class='ocrx_word' id='word_1_409' title='bbox 431 3824 497 3857; x_wconf 88' lang='grc' dir='ltr'>ττ</span> <span class='ocrx_word' id='word_1_410' title='bbox 557 3798 626 3870; x_wconf 77' lang='grc' dir='ltr'>δὴ</span> <span class='ocrx_word' id='word_1_411' title='bbox 685 3802 887 3857; x_wconf 66' lang='grc' dir='ltr'>τούτου</span> <span class='ocrx_word' id='word_1_412' title='bbox 920 3796 1377 3874; x_wconf 76' lang='grc' dir='ltr'>παραδοξότερον,</span> <span class='ocrx_word' id='word_1_413' title='bbox 1412 3800 1496 3853; x_wconf 81' lang='grc' dir='ltr'>ὅτι</span> <span class='ocrx_word' id='word_1_414' title='bbox 1530 3798 1591 3853; x_wconf 81' lang='grc' dir='ltr'>οὐ</span> <span class='ocrx_word' id='word_1_415' title='bbox 1628 3799 1825 3875; x_wconf 77' lang='grc' dir='ltr'>μικρὰν</span> <span class='ocrx_word' id='word_1_416' title='bbox 1857 3796 1942 3853; x_wconf 76' lang='grc' dir='ltr'>εἷ’·-</span> 
     </span>
    </p>
   </div>
   <div class='ocr_carea' id='block_1_58' title="bbox 298 3884 1944 3966">
    <p class='ocr_par' dir='ltr' id='par_1_58' title="bbox 298 3884 1944 3966">
     <span class='ocr_line' id='line_1_58' title="bbox 298 3884 1944 3966; baseline -0.001 -22"><span class='ocrx_word' id='word_1_417' title='bbox 298 3886 416 3945; x_wconf 81' lang='grc' dir='ltr'>λετο</span> <span class='ocrx_word' id='word_1_418' title='bbox 443 3896 600 3966; x_wconf 78' lang='grc' dir='ltr'>σχεῖν</span> <span class='ocrx_word' id='word_1_419' title='bbox 631 3892 918 3965; x_wconf 82' lang='grc' dir='ltr'>κάθαρσιν,</span> <span class='ocrx_word' id='word_1_420' title='bbox 954 3889 1044 3944; x_wconf 84' lang='grc' dir='ltr'>καὶ</span> <span class='ocrx_word' id='word_1_421' title='bbox 1071 3886 1159 3943; x_wconf 67' lang='grc' dir='ltr'>οἵα</span> <span class='ocrx_word' id='word_1_422' title='bbox 1214 3884 1275 3943; x_wconf 75' lang='grc' dir='ltr'>ἄν</span> <span class='ocrx_word' id='word_1_423' title='bbox 1337 3888 1475 3962; x_wconf 78' lang='grc' dir='ltr'>αὐτῇ</span> <span class='ocrx_word' id='word_1_424' title='bbox 1539 3887 1679 3961; x_wconf 75' lang='grc' dir='ltr'>μόνῇ</span> <span class='ocrx_word' id='word_1_425' title='bbox 1736 3888 1944 3963; x_wconf 84' lang='grc' dir='ltr'>γένοιτο</span> 
     </span>
    </p>
   </div>
   <div class='ocr_carea' id='block_1_59' title="bbox 299 3978 1946 4053">
    <p class='ocr_par' dir='ltr' id='par_1_59' title="bbox 299 3978 1946 4053">
     <span class='ocr_line' id='line_1_59' title="bbox 299 3978 1946 4053; baseline -0.001 -20"><span class='ocrx_word' id='word_1_426' title='bbox 530 3979 678 4035; x_wconf 82' lang='grc' dir='ltr'>ἀλλὰ</span> <span class='ocrx_word' id='word_1_427' title='bbox 727 3979 977 4050; x_wconf 69' lang='grc' dir='ltr'>τοσούτῳ</span> <span class='ocrx_word' id='word_1_428' title='bbox 1030 3978 1397 4050; x_wconf 80' lang='grc' dir='ltr'>καθαρότητος</span> <span class='ocrx_word' id='word_1_429' title='bbox 1466 3978 1618 4053; x_wconf 76' lang='grc' dir='ltr'>βάθει</span> <span class='ocrx_word' id='word_1_430' title='bbox 1674 3998 1946 4051; x_wconf 85' lang='grc' dir='ltr'>προσομι-</span> 
     </span>
    </p>
   </div>
   <div class='ocr_carea' id='block_1_60' title="bbox 299 4064 1946 4146">
    <p class='ocr_par' dir='ltr' id='par_1_60' title="bbox 299 4064 1946 4146">
     <span class='ocr_line' id='line_1_60' title="bbox 299 4064 1946 4146; baseline -0.001 -24"><span class='ocrx_word' id='word_1_431' title='bbox 299 4065 459 4137; x_wconf 73' lang='grc' dir='ltr'>λῆσαι</span> <span class='ocrx_word' id='word_1_432' title='bbox 491 4067 881 4146; x_wconf 83' lang='grc' dir='ltr'>διηγωνίσατο,</span> <span class='ocrx_word' id='word_1_433' title='bbox 929 4068 1041 4140; x_wconf 80' lang='grc' dir='ltr'>ὅτῳ</span> <span class='ocrx_word' id='word_1_434' title='bbox 1091 4069 1182 4122; x_wconf 83' lang='grc' dir='ltr'>καὶ</span> <span class='ocrx_word' id='word_1_435' title='bbox 1241 4066 1439 4130; x_wconf 83' lang='grc' dir='ltr'>ἃλλοις</span> <span class='ocrx_word' id='word_1_436' title='bbox 1472 4064 1659 4141; x_wconf 80' lang='grc' dir='ltr'>ἐκχέαι</span> <span class='ocrx_word' id='word_1_437' title='bbox 1720 4065 1946 4136; x_wconf 76' lang='grc' dir='ltr'>δεδύνη-</span> 
     </span>
    </p>
   </div>
   <div class='ocr_carea' id='block_1_61' title="bbox 309 4154 1943 4232">
    <p class='ocr_par' dir='ltr' id='par_1_61' title="bbox 309 4154 1943 4232">
     <span class='ocr_line' id='line_1_61' title="bbox 309 4154 1943 4232; baseline 0 -22"><span class='ocrx_word' id='word_1_438' title='bbox 309 4177 413 4226; x_wconf 89' lang='grc' dir='ltr'>ται,</span> <span class='ocrx_word' id='word_1_439' title='bbox 443 4158 608 4232; x_wconf 68' lang='grc' dir='ltr'>ρόπον</span> <span class='ocrx_word' id='word_1_440' title='bbox 652 4180 714 4215; x_wconf 83' lang='grc' dir='ltr'>τε</span> <span class='ocrx_word' id='word_1_441' title='bbox 770 4156 1083 4214; x_wconf 82' lang='grc' dir='ltr'>ἀποκλῦσαι</span> <span class='ocrx_word' id='word_1_442' title='bbox 1142 4154 1210 4212; x_wconf 87' lang='grc' dir='ltr'>δι’</span> <span class='ocrx_word' id='word_1_443' title='bbox 1268 4157 1434 4212; x_wconf 86' lang='grc' dir='ltr'>αὐτοῦ</span> <span class='ocrx_word' id='word_1_444' title='bbox 1475 4157 1570 4212; x_wconf 81' lang='grc' dir='ltr'>τὸν</span> <span class='ocrx_word' id='word_1_445' title='bbox 1630 4155 1943 4231; x_wconf 70' lang='grc' dir='ltr'>παχύτατον</span> 
     </span>
    </p>
   </div>
   <div class='ocr_carea' id='block_1_62' title="bbox 310 4246 884 4321">
    <p class='ocr_par' dir='ltr' id='par_1_62' title="bbox 310 4246 884 4321">
     <span class='ocr_line' id='line_1_62' title="bbox 310 4246 884 4321; baseline 0.016 -26"><span class='ocrx_word' id='word_1_446' title='bbox 310 4261 366 4296; x_wconf 84' lang='grc' dir='ltr'>τε</span> <span class='ocrx_word' id='word_1_447' title='bbox 388 4246 472 4299; x_wconf 82' lang='grc' dir='ltr'>καὶ</span> <span class='ocrx_word' id='word_1_448' title='bbox 507 4246 884 4321; x_wconf 83' lang='grc' dir='ltr'>μιαρώτατον.</span> 
     </span>
    </p>
   </div>
   <div class='ocr_carea' id='block_1_63' title="bbox 382 4334 1948 4411">
    <p class='ocr_par' dir='ltr' id='par_1_63' title="bbox 382 4334 1948 4411">
     <span class='ocr_line' id='line_1_63' title="bbox 382 4334 1948 4411; baseline 0.001 -23"><span class='ocrx_word' id='word_1_449' title='bbox 382 4336 514 4407; x_wconf 75' lang='grc' dir='ltr'>Πρὸς</span> <span class='ocrx_word' id='word_1_450' title='bbox 540 4337 753 4400; x_wconf 69' lang='grc' dir='ltr'>τούτοις</span> <span class='ocrx_word' id='word_1_451' title='bbox 798 4334 1050 4392; x_wconf 83' lang='grc' dir='ltr'>δέκαὶὸ</span> <span class='ocrx_word' id='word_1_452' title='bbox 1104 4340 1201 4392; x_wconf 90' lang='grc' dir='ltr'>τοῦ</span> <span class='ocrx_word' id='word_1_453' title='bbox 1260 4336 1505 4411; x_wconf 76' lang='grc' dir='ltr'>φοίνικος</span> <span class='ocrx_word' id='word_1_454' title='bbox 1562 4337 1787 4409; x_wconf 81' lang='grc' dir='ltr'>καρπὸς,</span> <span class='ocrx_word' id='word_1_455' title='bbox 1849 4334 1948 4390; x_wconf 79' lang='grc' dir='ltr'>ὅσα</span> 
     </span>
    </p>
   </div>
   <div class='ocr_carea' id='block_1_64' title="bbox 321 4417 1945 4503">
    <p class='ocr_par' dir='ltr' id='par_1_64' title="bbox 321 4417 1945 4503">
     <span class='ocr_line' id='line_1_64' title="bbox 321 4417 1945 4503; baseline 0.002 -29"><span class='ocrx_word' id='word_1_456' title='bbox 321 4417 410 4491; x_wconf 69' lang='grc' dir='ltr'>ὶμέ</span> <span class='ocrx_word' id='word_1_457' title='bbox 454 4426 707 4497; x_wconf 85' lang='grc' dir='ltr'>νομίζειν,</span> <span class='ocrx_word' id='word_1_458' title='bbox 774 4427 867 4480; x_wconf 89' lang='grc' dir='ltr'>τὸν</span> <span class='ocrx_word' id='word_1_459' title='bbox 928 4426 1110 4480; x_wconf 79' lang='grc' dir='ltr'>καινὸν</span> <span class='ocrx_word' id='word_1_460' title='bbox 1170 4430 1446 4503; x_wconf 80' lang='grc' dir='ltr'>ζωγραφεῖ</span> <span class='ocrx_word' id='word_1_461' title='bbox 1491 4432 1593 4494; x_wconf 81' lang='grc' dir='ltr'>τῆς</span> <span class='ocrx_word' id='word_1_462' title='bbox 1660 4423 1945 4499; x_wconf 75' lang='grc' dir='ltr'>παρθενίας</span> 
     </span>
    </p>
   </div>
   <div class='ocr_carea' id='block_1_65' title="bbox 320 4509 1948 4591">
    <p class='ocr_par' dir='ltr' id='par_1_65' title="bbox 320 4509 1948 4591">
     <span class='ocr_line' id='line_1_65' title="bbox 320 4509 1948 4591; baseline 0.004 -29"><span class='ocrx_word' id='word_1_463' title='bbox 320 4509 450 4568; x_wconf 81' lang='grc' dir='ltr'>Υἱόν.</span> <span class='ocrx_word' id='word_1_464' title='bbox 482 4517 719 4591; x_wconf 73' lang='grc' dir='ltr'>Καθάπερ</span> <span class='ocrx_word' id='word_1_465' title='bbox 776 4515 882 4590; x_wconf 65' lang='grc' dir='ltr'>γὰρ</span> <span class='ocrx_word' id='word_1_466' title='bbox 943 4515 973 4567; x_wconf 92' lang='lat'>6</span> <span class='ocrx_word' id='word_1_467' title='bbox 1042 4519 1139 4569; x_wconf 90' lang='grc' dir='ltr'>τοῦ</span> <span class='ocrx_word' id='word_1_468' title='bbox 1200 4511 1420 4590; x_wconf 79' lang='grc' dir='ltr'>δένδρου</span> <span class='ocrx_word' id='word_1_469' title='bbox 1477 4513 1678 4569; x_wconf 77' lang='grc' dir='ltr'>τούτου</span> <span class='ocrx_word' id='word_1_470' title='bbox 1736 4512 1948 4589; x_wconf 88' lang='grc' dir='ltr'>καρπός</span> 
     </span>
    </p>
   </div>
   <div class='ocr_carea' id='block_1_66' title="bbox 1972 3226 2021 3291">
    <p class='ocr_par' dir='ltr' id='par_1_66' title="bbox 1972 3226 2021 3291">
     <span class='ocr_line' id='line_1_66' title="bbox 1972 3226 2021 3291; baseline 0 0"><span class='ocrx_word' id='word_1_471' title='bbox 1972 3226 2021 3291; x_wconf 92' lang='lat' dir='ltr'><strong><em>C</em></strong></span> 
     </span>
    </p>
   </div>
   <div class='ocr_carea' id='block_1_67' title="bbox 2051 1925 3691 2004">
    <p class='ocr_par' dir='ltr' id='par_1_67' title="bbox 2051 1925 3691 2004">
     <span class='ocr_line' id='line_1_67' title="bbox 2051 1925 3691 2004; baseline 0.005 -25"><span class='ocrx_word' id='word_1_472' title='bbox 2051 1925 2204 1980; x_wconf 88' lang='lat' dir='ltr'>hanc</span> <span class='ocrx_word' id='word_1_473' title='bbox 2232 1925 2431 1992; x_wconf 89' lang='lat' dir='ltr'>habet,</span> <span class='ocrx_word' id='word_1_474' title='bbox 2463 1932 2530 1981; x_wconf 91' lang='lat' dir='ltr'>ut</span> <span class='ocrx_word' id='word_1_475' title='bbox 2551 1927 2826 1993; x_wconf 88' lang='lat' dir='ltr'>arbitror,</span> <span class='ocrx_word' id='word_1_476' title='bbox 2859 1930 3149 1985; x_wconf 90' lang='lat' dir='ltr'>rationem</span> <span class='ocrx_word' id='word_1_477' title='bbox 3191 1932 3485 2004; x_wconf 79' lang='lat' dir='ltr'>imaginis.</span> <span class='ocrx_word' id='word_1_478' title='bbox 3545 1934 3691 1988; x_wconf 88' lang='lat' dir='ltr'>Nata</span> 
     </span>
    </p>
   </div>
   <div class='ocr_carea' id='block_1_68' title="bbox 2049 2014 3682 2089">
    <p class='ocr_par' dir='ltr' id='par_1_68' title="bbox 2049 2014 3682 2089">
     <span class='ocr_line' id='line_1_68' title="bbox 2049 2014 3682 2089; baseline 0.006 -22"><span class='ocrx_word' id='word_1_479' title='bbox 2049 2014 2400 2085; x_wconf 86' lang='lat' dir='ltr'>estquidem</span> <span class='ocrx_word' id='word_1_480' title='bbox 2432 2016 2603 2089; x_wconf 88' lang='lat' dir='ltr'>Virgo</span> <span class='ocrx_word' id='word_1_481' title='bbox 2636 2035 2703 2071; x_wconf 81' lang='lat' dir='ltr'>ex</span> <span class='ocrx_word' id='word_1_482' title='bbox 2737 2019 2976 2089; x_wconf 87' lang='lat' dir='ltr'>propria</span> <span class='ocrx_word' id='word_1_483' title='bbox 3006 2025 3215 2088; x_wconf 85' lang='lat' dir='ltr'>matre,</span> <span class='ocrx_word' id='word_1_484' title='bbox 3249 2021 3402 2076; x_wconf 89' lang='lat' dir='ltr'>sicut</span> <span class='ocrx_word' id='word_1_485' title='bbox 3459 2022 3636 2077; x_wconf 89' lang='lat' dir='ltr'>homo</span> <span class='ocrx_word' id='word_1_486' title='bbox 3670 2041 3682 2077; x_wconf 92' lang='lat'>:</span> 
     </span>
    </p>
   </div>
   <div class='ocr_carea' id='block_1_69' title="bbox 2052 2103 3689 2181">
    <p class='ocr_par' dir='ltr' id='par_1_69' title="bbox 2052 2103 3689 2181">
     <span class='ocr_line' id='line_1_69' title="bbox 2052 2103 3689 2181; baseline 0.006 -25"><span class='ocrx_word' id='word_1_487' title='bbox 2052 2108 2110 2157; x_wconf 91' lang='lat' dir='ltr'>et</span> <span class='ocrx_word' id='word_1_488' title='bbox 2138 2103 2270 2159; x_wconf 89' lang='lat' dir='ltr'>ideo</span> <span class='ocrx_word' id='word_1_489' title='bbox 2302 2105 2609 2175; x_wconf 89' lang='lat' dir='ltr'>antiquam</span> <span class='ocrx_word' id='word_1_490' title='bbox 2642 2108 3131 2177; x_wconf 90' lang='lat' dir='ltr'>crassitiem,dico</span> <span class='ocrx_word' id='word_1_491' title='bbox 3159 2116 3357 2165; x_wconf 91' lang='lat' dir='ltr'>autem</span> <span class='ocrx_word' id='word_1_492' title='bbox 3382 2116 3689 2181; x_wconf 87' lang='lat' dir='ltr'>peccatum</span> 
     </span>
    </p>
   </div>
   <div class='ocr_carea' id='block_1_70' title="bbox 2051 2192 3691 2270">
    <p class='ocr_par' dir='ltr' id='par_1_70' title="bbox 2051 2192 3691 2270">
     <span class='ocr_line' id='line_1_70' title="bbox 2051 2192 3691 2270; baseline 0.005 -23"><span class='ocrx_word' id='word_1_493' title='bbox 2051 2192 2358 2261; x_wconf 74' lang='lat' dir='ltr'>originale,</span> <span class='ocrx_word' id='word_1_494' title='bbox 2390 2211 2525 2249; x_wconf 90' lang='lat' dir='ltr'>cum</span> <span class='ocrx_word' id='word_1_495' title='bbox 2550 2212 2664 2266; x_wconf 89' lang='lat' dir='ltr'>quo</span> <span class='ocrx_word' id='word_1_496' title='bbox 2696 2202 2835 2251; x_wconf 91' lang='lat' dir='ltr'>nata</span> <span class='ocrx_word' id='word_1_497' title='bbox 2856 2197 2987 2263; x_wconf 89' lang='lat' dir='ltr'>fuit,</span> <span class='ocrx_word' id='word_1_498' title='bbox 3021 2204 3077 2253; x_wconf 92' lang='lat' dir='ltr'>et</span> <span class='ocrx_word' id='word_1_499' title='bbox 3108 2199 3265 2270; x_wconf 87' lang='lat' dir='ltr'>quod</span> <span class='ocrx_word' id='word_1_500' title='bbox 3296 2199 3477 2255; x_wconf 84' lang='lat' dir='ltr'>invito</span> <span class='ocrx_word' id='word_1_501' title='bbox 3522 2217 3691 2255; x_wconf 90' lang='lat' dir='ltr'>acce-</span> 
     </span>
    </p>
   </div>
   <div class='ocr_carea' id='block_1_71' title="bbox 2051 2283 3688 2362">
    <p class='ocr_par' dir='ltr' id='par_1_71' title="bbox 2051 2283 3688 2362">
     <span class='ocr_line' id='line_1_71' title="bbox 2051 2283 3688 2362; baseline 0.007 -27"><span class='ocrx_word' id='word_1_502' title='bbox 2051 2287 2237 2352; x_wconf 87' lang='lat' dir='ltr'>perat,</span> <span class='ocrx_word' id='word_1_503' title='bbox 2262 2283 2426 2338; x_wconf 90' lang='lat' dir='ltr'>nullo</span> <span class='ocrx_word' id='word_1_504' title='bbox 2456 2285 2630 2340; x_wconf 92' lang='lat' dir='ltr'>modo</span> <span class='ocrx_word' id='word_1_505' title='bbox 2656 2292 2890 2356; x_wconf 87' lang='lat' dir='ltr'>poterat</span> <span class='ocrx_word' id='word_1_506' title='bbox 2920 2288 3135 2344; x_wconf 79' lang='lat' dir='ltr'>evitare</span> <span class='ocrx_word' id='word_1_507' title='bbox 3166 2306 3276 2345; x_wconf 91' lang='lat' dir='ltr'>nec</span> <span class='ocrx_word' id='word_1_508' title='bbox 3324 2290 3688 2362; x_wconf 72' lang='lat' dir='ltr'>transgredi:</span> 
     </span>
    </p>
   </div>
   <div class='ocr_carea' id='block_1_72' title="bbox 2050 2369 3689 2448">
    <p class='ocr_par' dir='ltr' id='par_1_72' title="bbox 2050 2369 3689 2448">
     <span class='ocr_line' id='line_1_72' title="bbox 2050 2369 3689 2448; baseline 0.006 -24"><span class='ocrx_word' id='word_1_509' title='bbox 2050 2369 2125 2424; x_wconf 81' lang='lat' dir='ltr'>de</span> <span class='ocrx_word' id='word_1_510' title='bbox 2156 2388 2273 2441; x_wconf 87' lang='lat' dir='ltr'>qua</span> <span class='ocrx_word' id='word_1_511' title='bbox 2301 2378 2358 2426; x_wconf 89' lang='lat' dir='ltr'>et</span> <span class='ocrx_word' id='word_1_512' title='bbox 2386 2373 2552 2429; x_wconf 88' lang='lat' dir='ltr'>divus</span> <span class='ocrx_word' id='word_1_513' title='bbox 2599 2375 2777 2431; x_wconf 86' lang='lat' dir='ltr'>David</span> <span class='ocrx_word' id='word_1_514' title='bbox 2834 2376 3275 2448; x_wconf 85' lang='lat' dir='ltr'>philosophavit</span> <span class='ocrx_word' id='word_1_515' title='bbox 3323 2379 3569 2434; x_wconf 74' lang='lat' dir='ltr'>dicensf</span> <span class='ocrx_word' id='word_1_516' title='bbox 3628 2380 3689 2434; x_wconf 83' lang='lat' dir='ltr'>In</span> 
     </span>
    </p>
   </div>
   <div class='ocr_carea' id='block_1_73' title="bbox 2041 2463 3688 2537">
    <p class='ocr_par' dir='ltr' id='par_1_73' title="bbox 2041 2463 3688 2537">
     <span class='ocr_line' id='line_1_73' title="bbox 2041 2463 3688 2537; baseline 0.005 -23"><span class='ocrx_word' id='word_1_517' title='bbox 2041 2464 2281 2529; x_wconf 84' lang='lat' dir='ltr'>peccatis</span> <span class='ocrx_word' id='word_1_518' title='bbox 2310 2463 2559 2532; x_wconf 80' lang='lat' dir='ltr'>concepit</span> <span class='ocrx_word' id='word_1_519' title='bbox 2588 2480 2673 2518; x_wconf 90' lang='lat' dir='ltr'>me</span> <span class='ocrx_word' id='word_1_520' title='bbox 2702 2472 2875 2518; x_wconf 82' lang='lat' dir='ltr'>mater</span> <span class='ocrx_word' id='word_1_521' title='bbox 2904 2483 3025 2519; x_wconf 86' lang='lat' dir='ltr'>mea</span> <span class='ocrx_word' id='word_1_522' title='bbox 3055 2466 3121 2521; x_wconf 67' lang='grc' dir='ltr'>εί.</span> <span class='ocrx_word' id='word_1_523' title='bbox 3148 2467 3267 2521; x_wconf 89' lang='lat' dir='ltr'>Hoc</span> <span class='ocrx_word' id='word_1_524' title='bbox 3290 2468 3467 2537; x_wconf 77' lang='lat' dir='ltr'>igitur</span> <span class='ocrx_word' id='word_1_525' title='bbox 3495 2468 3688 2522; x_wconf 90' lang='lat' dir='ltr'>solum</span> 
     </span>
    </p>
   </div>
   <div class='ocr_carea' id='block_1_74' title="bbox 2048 2549 3687 2627">
    <p class='ocr_par' dir='ltr' id='par_1_74' title="bbox 2048 2549 3687 2627">
     <span class='ocr_line' id='line_1_74' title="bbox 2048 2549 3687 2627; baseline 0.004 -24"><span class='ocrx_word' id='word_1_526' title='bbox 2048 2549 2111 2603; x_wconf 91' lang='lat' dir='ltr'>in</span> <span class='ocrx_word' id='word_1_527' title='bbox 2133 2550 2285 2605; x_wconf 88' lang='lat' dir='ltr'>hanc</span> <span class='ocrx_word' id='word_1_528' title='bbox 2308 2551 2482 2606; x_wconf 87' lang='lat' dir='ltr'>vitam</span> <span class='ocrx_word' id='word_1_529' title='bbox 2501 2551 2660 2607; x_wconf 88' lang='lat' dir='ltr'>edita</span> <span class='ocrx_word' id='word_1_530' title='bbox 2678 2553 3159 2621; x_wconf 88' lang='lat' dir='ltr'>tulit,ostendens</span> <span class='ocrx_word' id='word_1_531' title='bbox 3183 2556 3445 2611; x_wconf 90' lang='lat' dir='ltr'>humano</span> <span class='ocrx_word' id='word_1_532' title='bbox 3465 2557 3687 2627; x_wconf 81' lang='lat' dir='ltr'>generi:</span> 
     </span>
    </p>
   </div>
   <div class='ocr_carea' id='block_1_75' title="bbox 2049 2638 3694 2714">
    <p class='ocr_par' dir='ltr' id='par_1_75' title="bbox 2049 2638 3694 2714">
     <span class='ocr_line' id='line_1_75' title="bbox 2049 2638 3694 2714; baseline 0.004 -22"><span class='ocrx_word' id='word_1_533' title='bbox 2049 2638 2289 2693; x_wconf 89' lang='lat' dir='ltr'>alterius</span> <span class='ocrx_word' id='word_1_534' title='bbox 2346 2657 2482 2695; x_wconf 89' lang='lat' dir='ltr'>vero</span> <span class='ocrx_word' id='word_1_535' title='bbox 2541 2642 2851 2710; x_wconf 81' lang='lat' dir='ltr'>crassitiei,</span> <span class='ocrx_word' id='word_1_536' title='bbox 2939 2643 3351 2714; x_wconf 84' lang='lat' dir='ltr'>cujuscunque</span> <span class='ocrx_word' id='word_1_537' title='bbox 3420 2646 3694 2699; x_wconf 84' lang='lat' dir='ltr'>videlicet</span> 
     </span>
    </p>
   </div>
   <div class='ocr_carea' id='block_1_76' title="bbox 2050 2728 3691 2801">
    <p class='ocr_par' dir='ltr' id='par_1_76' title="bbox 2050 2728 3691 2801">
     <span class='ocr_line' id='line_1_76' title="bbox 2050 2728 3691 2801; baseline 0.004 -20"><span class='ocrx_word' id='word_1_538' title='bbox 2050 2728 2486 2799; x_wconf 86' lang='lat' dir='ltr'>inquinamenti</span> <span class='ocrx_word' id='word_1_539' title='bbox 2535 2747 2776 2801; x_wconf 87' lang='lat' dir='ltr'>prorsus</span> <span class='ocrx_word' id='word_1_540' title='bbox 2800 2732 3049 2801; x_wconf 87' lang='lat' dir='ltr'>incapax</span> <span class='ocrx_word' id='word_1_541' title='bbox 3079 2734 3316 2787; x_wconf 89' lang='lat' dir='ltr'>mansit.</span> <span class='ocrx_word' id='word_1_542' title='bbox 3351 2734 3467 2788; x_wconf 83' lang='lat' dir='ltr'>Nec</span> <span class='ocrx_word' id='word_1_543' title='bbox 3499 2734 3691 2789; x_wconf 90' lang='lat' dir='ltr'>solum</span> 
     </span>
    </p>
   </div>
   <div class='ocr_carea' id='block_1_77' title="bbox 2049 2815 3692 2891">
    <p class='ocr_par' dir='ltr' id='par_1_77' title="bbox 2049 2815 3692 2891">
     <span class='ocr_line' id='line_1_77' title="bbox 2049 2815 3692 2891; baseline 0.004 -22"><span class='ocrx_word' id='word_1_544' title='bbox 2049 2815 2180 2880; x_wconf 91' lang='lat' dir='ltr'>hoc,</span> <span class='ocrx_word' id='word_1_545' title='bbox 2216 2815 2320 2871; x_wconf 90' lang='lat' dir='ltr'>sed</span> <span class='ocrx_word' id='word_1_546' title='bbox 2351 2816 2511 2871; x_wconf 90' lang='lat' dir='ltr'>illam</span> <span class='ocrx_word' id='word_1_547' title='bbox 2543 2833 2778 2887; x_wconf 91' lang='lat' dir='ltr'>quoque</span> <span class='ocrx_word' id='word_1_548' title='bbox 2825 2824 3132 2888; x_wconf 86' lang='lat' dir='ltr'>paternam</span> <span class='ocrx_word' id='word_1_549' title='bbox 3182 2825 3241 2873; x_wconf 92' lang='lat' dir='ltr'>et</span> <span class='ocrx_word' id='word_1_550' title='bbox 3296 2821 3692 2891; x_wconf 89' lang='lat' dir='ltr'>perniciosam</span> 
     </span>
    </p>
   </div>
   <div class='ocr_carea' id='block_1_78' title="bbox 2051 2904 3691 2981">
    <p class='ocr_par' dir='ltr' id='par_1_78' title="bbox 2051 2904 3691 2981">
     <span class='ocr_line' id='line_1_78' title="bbox 2051 2904 3691 2981; baseline 0.004 -23"><span class='ocrx_word' id='word_1_551' title='bbox 2051 2909 2271 2958; x_wconf 79' lang='lat' dir='ltr'>sortem</span> <span class='ocrx_word' id='word_1_552' title='bbox 2303 2904 2520 2975; x_wconf 89' lang='lat' dir='ltr'>abjecit</span> <span class='ocrx_word' id='word_1_553' title='bbox 2549 2922 2583 2959; x_wconf 89' lang='lat' dir='ltr'>a</span> <span class='ocrx_word' id='word_1_554' title='bbox 2614 2920 2698 2969; x_wconf 88' lang='lat' dir='ltr'>se,</span> <span class='ocrx_word' id='word_1_555' title='bbox 2741 2906 2893 2960; x_wconf 86' lang='lat' dir='ltr'>sicut</span> <span class='ocrx_word' id='word_1_556' title='bbox 2934 2907 3111 2961; x_wconf 86' lang='lat' dir='ltr'>etiam</span> <span class='ocrx_word' id='word_1_557' title='bbox 3162 2908 3313 2963; x_wconf 90' lang='lat' dir='ltr'>hanc</span> <span class='ocrx_word' id='word_1_558' title='bbox 3372 2908 3691 2981; x_wconf 81' lang='lat' dir='ltr'>imaginem</span> 
     </span>
    </p>
   </div>
   <div class='ocr_carea' id='block_1_79' title="bbox 2051 2993 3690 3069">
    <p class='ocr_par' dir='ltr' id='par_1_79' title="bbox 2051 2993 3690 3069">
     <span class='ocr_line' id='line_1_79' title="bbox 2051 2993 3690 3069; baseline 0.004 -21"><span class='ocrx_word' id='word_1_559' title='bbox 2051 2993 2367 3065; x_wconf 89' lang='lat' dir='ltr'>superavit.</span> <span class='ocrx_word' id='word_1_560' title='bbox 2402 2996 2545 3049; x_wconf 91' lang='lat' dir='ltr'>Nam</span> <span class='ocrx_word' id='word_1_561' title='bbox 2574 2994 2773 3066; x_wconf 90' lang='lat' dir='ltr'>palma</span> <span class='ocrx_word' id='word_1_562' title='bbox 2801 3012 2912 3051; x_wconf 89' lang='lat' dir='ltr'>nec</span> <span class='ocrx_word' id='word_1_563' title='bbox 2942 2995 3130 3066; x_wconf 89' lang='lat' dir='ltr'>illam,</span> <span class='ocrx_word' id='word_1_564' title='bbox 3159 3014 3360 3069; x_wconf 89' lang='lat' dir='ltr'>quam,</span> <span class='ocrx_word' id='word_1_565' title='bbox 3392 3015 3528 3054; x_wconf 91' lang='lat' dir='ltr'>cum</span> <span class='ocrx_word' id='word_1_566' title='bbox 3559 3003 3690 3054; x_wconf 87' lang='lat' dir='ltr'>orta</span> 
     </span>
    </p>
   </div>
   <div class='ocr_carea' id='block_1_80' title="bbox 2050 3084 3692 3163">
    <p class='ocr_par' dir='ltr' id='par_1_80' title="bbox 2050 3084 3692 3163">
     <span class='ocr_line' id='line_1_80' title="bbox 2050 3084 3692 3163; baseline 0.003 -24"><span class='ocrx_word' id='word_1_567' title='bbox 2050 3084 2246 3151; x_wconf 82' lang='lat' dir='ltr'>fuerit,</span> <span class='ocrx_word' id='word_1_568' title='bbox 2321 3086 2668 3141; x_wconf 87' lang='lat' dir='ltr'>monstravit</span> <span class='ocrx_word' id='word_1_569' title='bbox 2743 3088 2901 3143; x_wconf 88' lang='lat' dir='ltr'>circa</span> <span class='ocrx_word' id='word_1_570' title='bbox 2957 3088 3384 3158; x_wconf 87' lang='lat' dir='ltr'>summitatem,</span> <span class='ocrx_word' id='word_1_571' title='bbox 3444 3090 3692 3163; x_wconf 89' lang='lat' dir='ltr'>deponit</span> 
     </span>
    </p>
   </div>
   <div class='ocr_carea' id='block_1_81' title="bbox 2053 3174 3689 3250">
    <p class='ocr_par' dir='ltr' id='par_1_81' title="bbox 2053 3174 3689 3250">
     <span class='ocr_line' id='line_1_81' title="bbox 2053 3174 3689 3250; baseline 0.004 -21"><span class='ocrx_word' id='word_1_572' title='bbox 2053 3174 2406 3242; x_wconf 89' lang='lat' dir='ltr'>crassitiem,</span> <span class='ocrx_word' id='word_1_573' title='bbox 2439 3181 2497 3231; x_wconf 88' lang='lat' dir='ltr'>et</span> <span class='ocrx_word' id='word_1_574' title='bbox 2528 3176 2716 3244; x_wconf 88' lang='lat' dir='ltr'>illam,</span> <span class='ocrx_word' id='word_1_575' title='bbox 2750 3194 2928 3248; x_wconf 88' lang='lat' dir='ltr'>quam</span> <span class='ocrx_word' id='word_1_576' title='bbox 2947 3178 3018 3233; x_wconf 89' lang='lat' dir='ltr'>ab</span> <span class='ocrx_word' id='word_1_577' title='bbox 3052 3179 3220 3234; x_wconf 89' lang='lat' dir='ltr'>initio</span> <span class='ocrx_word' id='word_1_578' title='bbox 3245 3180 3472 3250; x_wconf 87' lang='lat' dir='ltr'>habuit,</span> <span class='ocrx_word' id='word_1_579' title='bbox 3508 3181 3689 3236; x_wconf 89' lang='lat' dir='ltr'>mino-</span> 
     </span>
    </p>
   </div>
   <div class='ocr_carea' id='block_1_82' title="bbox 2058 3265 3690 3342">
    <p class='ocr_par' dir='ltr' id='par_1_82' title="bbox 2058 3265 3690 3342">
     <span class='ocr_line' id='line_1_82' title="bbox 2058 3265 3690 3342; baseline 0.005 -24"><span class='ocrx_word' id='word_1_580' title='bbox 2058 3280 2185 3319; x_wconf 90' lang='lat' dir='ltr'>rem</span> <span class='ocrx_word' id='word_1_581' title='bbox 2244 3265 2383 3319; x_wconf 88' lang='lat' dir='ltr'>fecit</span> <span class='ocrx_word' id='word_1_582' title='bbox 2439 3282 2704 3337; x_wconf 88' lang='lat' dir='ltr'>unquam</span> <span class='ocrx_word' id='word_1_583' title='bbox 2756 3268 2859 3339; x_wconf 88' lang='lat' dir='ltr'>(sc.</span> <span class='ocrx_word' id='word_1_584' title='bbox 2888 3270 3214 3342; x_wconf 86' lang='lat' dir='ltr'>nunquam).</span> <span class='ocrx_word' id='word_1_585' title='bbox 3280 3272 3455 3327; x_wconf 87' lang='lat' dir='ltr'>Beata</span> <span class='ocrx_word' id='word_1_586' title='bbox 3491 3278 3690 3327; x_wconf 87' lang='lat' dir='ltr'>autem</span> 
     </span>
    </p>
   </div>
   <div class='ocr_carea' id='block_1_83' title="bbox 2052 3354 3688 3432">
    <p class='ocr_par' dir='ltr' id='par_1_83' title="bbox 2052 3354 3688 3432">
     <span class='ocr_line' id='line_1_83' title="bbox 2052 3354 3688 3432; baseline 0.006 -26"><span class='ocrx_word' id='word_1_587' title='bbox 2052 3354 2220 3426; x_wconf 85' lang='lat' dir='ltr'>Virgo</span> <span class='ocrx_word' id='word_1_588' title='bbox 2269 3355 2437 3425; x_wconf 90' lang='lat' dir='ltr'>quasi</span> <span class='ocrx_word' id='word_1_589' title='bbox 2494 3372 2674 3426; x_wconf 86' lang='lat' dir='ltr'>supra</span> <span class='ocrx_word' id='word_1_590' title='bbox 2729 3374 2968 3413; x_wconf 90' lang='lat' dir='ltr'>omnem</span> <span class='ocrx_word' id='word_1_591' title='bbox 3025 3361 3313 3415; x_wconf 82' lang='lat' dir='ltr'>exsistens</span> <span class='ocrx_word' id='word_1_592' title='bbox 3367 3361 3688 3432; x_wconf 84' lang='lat' dir='ltr'>imaginem</span> 
     </span>
    </p>
   </div>
   <div class='ocr_carea' id='block_1_84' title="bbox 2048 3443 3689 3521">
    <p class='ocr_par' dir='ltr' id='par_1_84' title="bbox 2048 3443 3689 3521">
     <span class='ocr_line' id='line_1_84' title="bbox 2048 3443 3689 3521; baseline 0.005 -25"><span class='ocrx_word' id='word_1_593' title='bbox 2048 3443 2285 3499; x_wconf 78' lang='lat' dir='ltr'>infinito</span> <span class='ocrx_word' id='word_1_594' title='bbox 2318 3445 2626 3500; x_wconf 88' lang='lat' dir='ltr'>intervallo</span> <span class='ocrx_word' id='word_1_595' title='bbox 2657 3446 2971 3517; x_wconf 89' lang='lat' dir='ltr'>ipsumque</span> <span class='ocrx_word' id='word_1_596' title='bbox 3003 3464 3188 3520; x_wconf 87' lang='lat' dir='ltr'>genus</span> <span class='ocrx_word' id='word_1_597' title='bbox 3218 3466 3526 3521; x_wconf 90' lang='lat' dir='ltr'>superans,</span> <span class='ocrx_word' id='word_1_598' title='bbox 3551 3467 3689 3521; x_wconf 87' lang='lat' dir='ltr'>pro-</span> 
     </span>
    </p>
   </div>
   <div class='ocr_carea' id='block_1_85' title="bbox 2049 3530 3688 3605">
    <p class='ocr_par' dir='ltr' id='par_1_85' title="bbox 2049 3530 3688 3605">
     <span class='ocr_line' id='line_1_85' title="bbox 2049 3530 3688 3605; baseline 0.003 -20"><span class='ocrx_word' id='word_1_599' title='bbox 2049 3530 2271 3602; x_wconf 88' lang='lat' dir='ltr'>peravit</span> <span class='ocrx_word' id='word_1_600' title='bbox 2304 3531 2377 3586; x_wconf 88' lang='lat' dir='ltr'>ad</span> <span class='ocrx_word' id='word_1_601' title='bbox 2408 3531 2575 3586; x_wconf 90' lang='lat' dir='ltr'>illam</span> <span class='ocrx_word' id='word_1_602' title='bbox 2606 3533 2913 3604; x_wconf 89' lang='lat' dir='ltr'>antiquam</span> <span class='ocrx_word' id='word_1_603' title='bbox 2944 3536 3298 3601; x_wconf 90' lang='lat' dir='ltr'>crassitiem,</span> <span class='ocrx_word' id='word_1_604' title='bbox 3330 3536 3562 3605; x_wconf 86' lang='lat' dir='ltr'>Adami,</span> <span class='ocrx_word' id='word_1_605' title='bbox 3599 3538 3688 3590; x_wconf 89' lang='lat' dir='ltr'>in-</span> 
     </span>
    </p>
   </div>
   <div class='ocr_carea' id='block_1_86' title="bbox 2050 3620 3691 3695">
    <p class='ocr_par' dir='ltr' id='par_1_86' title="bbox 2050 3620 3691 3695">
     <span class='ocr_line' id='line_1_86' title="bbox 2050 3620 3691 3695; baseline 0.002 -20"><span class='ocrx_word' id='word_1_606' title='bbox 2050 3637 2248 3691; x_wconf 90' lang='lat' dir='ltr'>quam,</span> <span class='ocrx_word' id='word_1_607' title='bbox 2280 3620 2511 3690; x_wconf 88' lang='lat' dir='ltr'>lapsum</span> <span class='ocrx_word' id='word_1_608' title='bbox 2542 3621 3691 3695; x_wconf 81' lang='lat' dir='ltr'>abjiciendum,statuamque,‘hominem</span> 
     </span>
    </p>
   </div>
   <div class='ocr_carea' id='block_1_87' title="bbox 2054 3710 3691 3783">
    <p class='ocr_par' dir='ltr' id='par_1_87' title="bbox 2054 3710 3691 3783">
     <span class='ocr_line' id='line_1_87' title="bbox 2054 3710 3691 3783; baseline 0.004 -20"><span class='ocrx_word' id='word_1_609' title='bbox 2054 3710 2319 3779; x_wconf 87' lang='lat' dir='ltr'>inquam,</span> <span class='ocrx_word' id='word_1_610' title='bbox 2371 3726 2548 3779; x_wconf 90' lang='lat' dir='ltr'>quem</span> <span class='ocrx_word' id='word_1_611' title='bbox 2606 3710 2812 3781; x_wconf 81' lang='lat' dir='ltr'>Opifex</span> <span class='ocrx_word' id='word_1_612' title='bbox 2865 3712 3188 3781; x_wconf 85' lang='lat' dir='ltr'>fabricavit,</span> <span class='ocrx_word' id='word_1_613' title='bbox 3219 3713 3591 3783; x_wconf 89' lang='lat' dir='ltr'>splendidam</span> <span class='ocrx_word' id='word_1_614' title='bbox 3622 3730 3691 3770; x_wconf 85' lang='lat' dir='ltr'>ac</span> 
     </span>
    </p>
   </div>
   <div class='ocr_carea' id='block_1_88' title="bbox 2053 3797 3689 3870">
    <p class='ocr_par' dir='ltr' id='par_1_88' title="bbox 2053 3797 3689 3870">
     <span class='ocr_line' id='line_1_88' title="bbox 2053 3797 3689 3870; baseline 0.002 -17"><span class='ocrx_word' id='word_1_615' title='bbox 2053 3797 2304 3853; x_wconf 88' lang='lat' dir='ltr'>nitidam</span> <span class='ocrx_word' id='word_1_616' title='bbox 2336 3797 2766 3854; x_wconf 77' lang='lat' dir='ltr'>ostendendam</span> <span class='ocrx_word' id='word_1_617' title='bbox 2800 3817 2812 3866; x_wconf 90' lang='lat'><strong>;</strong></span> <span class='ocrx_word' id='word_1_618' title='bbox 2847 3805 2906 3854; x_wconf 91' lang='lat' dir='ltr'>et</span> <span class='ocrx_word' id='word_1_619' title='bbox 2935 3800 3091 3870; x_wconf 92' lang='lat' dir='ltr'>quod</span> <span class='ocrx_word' id='word_1_620' title='bbox 3131 3800 3540 3855; x_wconf 85' lang='lat' dir='ltr'>admirabilius</span> <span class='ocrx_word' id='word_1_621' title='bbox 3582 3808 3689 3870; x_wconf 89' lang='lat' dir='ltr'>ost,</span> 
     </span>
    </p>
   </div>
   <div class='ocr_carea' id='block_1_89' title="bbox 2054 3886 3696 3959">
    <p class='ocr_par' dir='ltr' id='par_1_89' title="bbox 2054 3886 3696 3959">
     <span class='ocr_line' id='line_1_89' title="bbox 2054 3886 3696 3959; baseline 0.004 -20"><span class='ocrx_word' id='word_1_622' title='bbox 2054 3886 2193 3956; x_wconf 86' lang='lat' dir='ltr'>quia</span> <span class='ocrx_word' id='word_1_623' title='bbox 2222 3903 2342 3942; x_wconf 90' lang='lat' dir='ltr'>non</span> <span class='ocrx_word' id='word_1_624' title='bbox 2382 3903 2619 3957; x_wconf 90' lang='lat' dir='ltr'>parvam</span> <span class='ocrx_word' id='word_1_625' title='bbox 2653 3887 2837 3942; x_wconf 90' lang='lat' dir='ltr'>voluit</span> <span class='ocrx_word' id='word_1_626' title='bbox 2893 3888 3110 3943; x_wconf 89' lang='lat' dir='ltr'>habere</span> <span class='ocrx_word' id='word_1_627' title='bbox 3168 3890 3601 3959; x_wconf 77' lang='lat' dir='ltr'>purgationem,</span> <span class='ocrx_word' id='word_1_628' title='bbox 3635 3896 3696 3945; x_wconf 90' lang='lat' dir='ltr'>et</span> 
     </span>
    </p>
   </div>
   <div class='ocr_carea' id='block_1_90' title="bbox 2055 3976 3697 4049">
    <p class='ocr_par' dir='ltr' id='par_1_90' title="bbox 2055 3976 3697 4049">
     <span class='ocr_line' id='line_1_90' title="bbox 2055 3976 3697 4049; baseline 0.004 -20"><span class='ocrx_word' id='word_1_629' title='bbox 2055 3992 2185 4046; x_wconf 64' lang='lat' dir='ltr'>qua:</span> <span class='ocrx_word' id='word_1_630' title='bbox 2218 3976 2329 4047; x_wconf 90' lang='lat' dir='ltr'>ipsi</span> <span class='ocrx_word' id='word_1_631' title='bbox 2355 3976 2464 4031; x_wconf 90' lang='lat' dir='ltr'>soli</span> <span class='ocrx_word' id='word_1_632' title='bbox 2485 3976 2787 4034; x_wconf 88' lang='lat' dir='ltr'>suftlceret</span> <span class='ocrx_word' id='word_1_633' title='bbox 2816 3998 2831 4044; x_wconf 89' lang='lat'><strong>;</strong></span> <span class='ocrx_word' id='word_1_634' title='bbox 2867 3977 2969 4032; x_wconf 89' lang='lat' dir='ltr'>sed</span> <span class='ocrx_word' id='word_1_635' title='bbox 2990 3994 3126 4033; x_wconf 91' lang='lat' dir='ltr'>cum</span> <span class='ocrx_word' id='word_1_636' title='bbox 3149 3983 3311 4033; x_wconf 85' lang='lat' dir='ltr'>tanta</span> <span class='ocrx_word' id='word_1_637' title='bbox 3332 3977 3697 4049; x_wconf 85' lang='lat' dir='ltr'>profundita-</span> 
     </span>
    </p>
   </div>
   <div class='ocr_carea' id='block_1_91' title="bbox 2056 4067 3693 4140">
    <p class='ocr_par' dir='ltr' id='par_1_91' title="bbox 2056 4067 3693 4140">
     <span class='ocr_line' id='line_1_91' title="bbox 2056 4067 3693 4140; baseline 0.002 -19"><span class='ocrx_word' id='word_1_638' title='bbox 2056 4073 2109 4122; x_wconf 91' lang='lat' dir='ltr'>te</span> <span class='ocrx_word' id='word_1_639' title='bbox 2141 4067 2414 4139; x_wconf 81' lang='lat' dir='ltr'>puritatis</span> <span class='ocrx_word' id='word_1_640' title='bbox 2445 4068 2778 4122; x_wconf 85' lang='lat' dir='ltr'>conversari</span> <span class='ocrx_word' id='word_1_641' title='bbox 2805 4071 3016 4123; x_wconf 88' lang='lat' dir='ltr'>conata</span> <span class='ocrx_word' id='word_1_642' title='bbox 3041 4074 3150 4136; x_wconf 89' lang='lat' dir='ltr'>est,</span> <span class='ocrx_word' id='word_1_643' title='bbox 3181 4072 3247 4123; x_wconf 89' lang='lat' dir='ltr'>ut</span> <span class='ocrx_word' id='word_1_644' title='bbox 3289 4068 3421 4124; x_wconf 89' lang='lat' dir='ltr'>aliis</span> <span class='ocrx_word' id='word_1_645' title='bbox 3456 4085 3693 4140; x_wconf 88' lang='lat' dir='ltr'>quoque</span> 
     </span>
    </p>
   </div>
   <div class='ocr_carea' id='block_1_92' title="bbox 2055 4156 3697 4231">
    <p class='ocr_par' dir='ltr' id='par_1_92' title="bbox 2055 4156 3697 4231">
     <span class='ocr_line' id='line_1_92' title="bbox 2055 4156 3697 4231; baseline 0.001 -18"><span class='ocrx_word' id='word_1_646' title='bbox 2055 4156 2358 4213; x_wconf 81' lang='lat' dir='ltr'>effundere</span> <span class='ocrx_word' id='word_1_647' title='bbox 2391 4156 2997 4228; x_wconf 86' lang='lat' dir='ltr'>potuerit,sordesque</span> <span class='ocrx_word' id='word_1_648' title='bbox 3024 4173 3349 4230; x_wconf 81' lang='lat' dir='ltr'>expurgare</span> <span class='ocrx_word' id='word_1_649' title='bbox 3382 4175 3486 4230; x_wconf 91' lang='lat' dir='ltr'>per</span> <span class='ocrx_word' id='word_1_650' title='bbox 3505 4159 3697 4231; x_wconf 87' lang='lat' dir='ltr'>ipsam</span> 
     </span>
    </p>
   </div>
   <div class='ocr_carea' id='block_1_93' title="bbox 2055 4245 3391 4303">
    <p class='ocr_par' dir='ltr' id='par_1_93' title="bbox 2055 4245 3391 4303">
     <span class='ocr_line' id='line_1_93' title="bbox 2055 4245 3391 4303; baseline 0.001 -1"><span class='ocrx_word' id='word_1_651' title='bbox 2055 4246 2455 4302; x_wconf 89' lang='lat' dir='ltr'>crassissimas</span> <span class='ocrx_word' id='word_1_652' title='bbox 2478 4262 2545 4301; x_wconf 89' lang='lat' dir='ltr'>ac</span> <span class='ocrx_word' id='word_1_653' title='bbox 2576 4245 3052 4303; x_wconf 85' lang='lat' dir='ltr'>scelestissimas.</span> <span class='ocrx_word' id='word_1_654' title='bbox 3384 4271 3391 4277; x_wconf 85' lang='lat'><strong><em>-</em></strong></span> 
     </span>
    </p>
   </div>
   <div class='ocr_carea' id='block_1_94' title="bbox 2127 4338 3693 4413">
    <p class='ocr_par' dir='ltr' id='par_1_94' title="bbox 2127 4338 3693 4413">
     <span class='ocr_line' id='line_1_94' title="bbox 2127 4338 3693 4413; baseline 0.001 -20"><span class='ocrx_word' id='word_1_655' title='bbox 2127 4338 2216 4393; x_wconf 86' lang='lat' dir='ltr'>Ad</span> <span class='ocrx_word' id='word_1_656' title='bbox 2239 4339 2364 4393; x_wconf 77' lang='lat' dir='ltr'>haec</span> <span class='ocrx_word' id='word_1_657' title='bbox 2394 4343 2593 4393; x_wconf 89' lang='lat' dir='ltr'>autem</span> <span class='ocrx_word' id='word_1_658' title='bbox 2625 4338 2856 4394; x_wconf 86' lang='lat' dir='ltr'>fructus</span> <span class='ocrx_word' id='word_1_659' title='bbox 2888 4356 3123 4410; x_wconf 85' lang='lat' dir='ltr'>quoque</span> <span class='ocrx_word' id='word_1_660' title='bbox 3146 4342 3332 4413; x_wconf 89' lang='lat' dir='ltr'>ipsius</span> <span class='ocrx_word' id='word_1_661' title='bbox 3364 4342 3592 4413; x_wconf 67' lang='lat' dir='ltr'>palmae,</span> <span class='ocrx_word' id='word_1_662' title='bbox 3626 4346 3693 4395; x_wconf 92' lang='lat' dir='ltr'>ut</span> 
     </span>
    </p>
   </div>
   <div class='ocr_carea' id='block_1_95' title="bbox 2054 4427 3696 4501">
    <p class='ocr_par' dir='ltr' id='par_1_95' title="bbox 2054 4427 3696 4501">
     <span class='ocr_line' id='line_1_95' title="bbox 2054 4427 3696 4501; baseline 0.001 -19"><span class='ocrx_word' id='word_1_663' title='bbox 2054 4444 2159 4500; x_wconf 83' lang='lat' dir='ltr'>ego</span> <span class='ocrx_word' id='word_1_664' title='bbox 2192 4427 2466 4495; x_wconf 89' lang='lat' dir='ltr'>arbitror,</span> <span class='ocrx_word' id='word_1_665' title='bbox 2499 4443 2715 4482; x_wconf 88' lang='lat' dir='ltr'>novum</span> <span class='ocrx_word' id='word_1_666' title='bbox 2750 4429 3002 4499; x_wconf 83' lang='lat' dir='ltr'>Virginis</span> <span class='ocrx_word' id='word_1_667' title='bbox 3042 4429 3256 4485; x_wconf 89' lang='lat' dir='ltr'>Filium</span> <span class='ocrx_word' id='word_1_668' title='bbox 3280 4430 3507 4501; x_wconf 82' lang='lat' dir='ltr'>ﬁgurat.</span> <span class='ocrx_word' id='word_1_669' title='bbox 3533 4429 3696 4483; x_wconf 83' lang='lat' dir='ltr'>Sicut</span> 
     </span>
    </p>
   </div>
   <div class='ocr_carea' id='block_1_96' title="bbox 2063 4516 3697 4589">
    <p class='ocr_par' dir='ltr' id='par_1_96' title="bbox 2063 4516 3697 4589">
     <span class='ocr_line' id='line_1_96' title="bbox 2063 4516 3697 4589; baseline -0.001 -17"><span class='ocrx_word' id='word_1_670' title='bbox 2063 4518 2223 4572; x_wconf 90' lang='lat' dir='ltr'>enim</span> <span class='ocrx_word' id='word_1_671' title='bbox 2254 4516 2503 4587; x_wconf 85' lang='lat' dir='ltr'>hujusce</span> <span class='ocrx_word' id='word_1_672' title='bbox 2524 4516 2752 4573; x_wconf 87' lang='lat' dir='ltr'>arboris</span> <span class='ocrx_word' id='word_1_673' title='bbox 2781 4519 3008 4573; x_wconf 84' lang='lat' dir='ltr'>fructus</span> <span class='ocrx_word' id='word_1_674' title='bbox 3041 4524 3130 4573; x_wconf 89' lang='lat' dir='ltr'>est</span> <span class='ocrx_word' id='word_1_675' title='bbox 3158 4518 3398 4589; x_wconf 90' lang='lat' dir='ltr'>quidem</span> <span class='ocrx_word' id='word_1_676' title='bbox 3429 4517 3697 4589; x_wconf 87' lang='lat' dir='ltr'>pulchri-</span> 
     </span>
    </p>
   </div>
   <div class='ocr_carea' id='block_1_97' title="bbox 320 4592 1957 4679">
    <p class='ocr_par' dir='ltr' id='par_1_97' title="bbox 320 4592 1945 4677">
     <span class='ocr_line' id='line_1_97' title="bbox 320 4592 1945 4677; baseline 0.003 -25"><span class='ocrx_word' id='word_1_677' title='bbox 320 4592 420 4652; x_wconf 68' lang='grc' dir='ltr'>ἔστι</span> <span class='ocrx_word' id='word_1_678' title='bbox 476 4602 565 4673; x_wconf 75' lang='grc' dir='ltr'>μὲν</span> <span class='ocrx_word' id='word_1_679' title='bbox 616 4605 718 4673; x_wconf 75' lang='grc' dir='ltr'>τὴν</span> <span class='ocrx_word' id='word_1_680' title='bbox 777 4623 837 4659; x_wconf 86' lang='grc' dir='ltr'>τε</span> <span class='ocrx_word' id='word_1_681' title='bbox 896 4600 1045 4677; x_wconf 85' lang='grc' dir='ltr'>ὢραν</span> <span class='ocrx_word' id='word_1_682' title='bbox 1114 4600 1393 4676; x_wconf 83' lang='grc' dir='ltr'>λαμπρὸς,</span> <span class='ocrx_word' id='word_1_683' title='bbox 1452 4601 1545 4657; x_wconf 75' lang='grc' dir='ltr'>καὶ</span> <span class='ocrx_word' id='word_1_684' title='bbox 1593 4604 1691 4671; x_wconf 77' lang='grc' dir='ltr'>τήν</span> <span class='ocrx_word' id='word_1_685' title='bbox 1766 4606 1945 4677; x_wconf 84' lang='grc' dir='ltr'>γεῦσιν</span> 
     </span>
    </p>
   </div>
   <div class='ocr_carea' id='block_1_98' title="bbox 2054 4592 3692 4679">
    <p class='ocr_par' dir='ltr' id='par_1_98' title="bbox 2056 4605 3692 4679">
     <span class='ocr_line' id='line_1_98' title="bbox 2056 4605 3692 4679; baseline -0.001 -17"><span class='ocrx_word' id='word_1_686' title='bbox 2056 4608 2260 4662; x_wconf 88' lang='lat' dir='ltr'>tudine</span> <span class='ocrx_word' id='word_1_687' title='bbox 2294 4607 2660 4678; x_wconf 86' lang='lat' dir='ltr'>splendidus,</span> <span class='ocrx_word' id='word_1_688' title='bbox 2693 4613 2751 4662; x_wconf 89' lang='lat' dir='ltr'>et</span> <span class='ocrx_word' id='word_1_689' title='bbox 2779 4614 2954 4679; x_wconf 84' lang='lat' dir='ltr'>gustu</span> <span class='ocrx_word' id='word_1_690' title='bbox 2984 4607 3173 4663; x_wconf 90' lang='lat' dir='ltr'>dulcis</span> <span class='ocrx_word' id='word_1_691' title='bbox 3196 4607 3328 4679; x_wconf 91' lang='lat' dir='ltr'>plus</span> <span class='ocrx_word' id='word_1_692' title='bbox 3358 4622 3537 4677; x_wconf 87' lang='lat' dir='ltr'>quam</span> <span class='ocrx_word' id='word_1_693' title='bbox 3569 4605 3692 4661; x_wconf 87' lang='lat' dir='ltr'>alii:</span> 
     </span>
    </p>
   </div>
   <div class='ocr_carea' id='block_1_99' title="bbox 321 4683 1954 4766">
    <p class='ocr_par' dir='ltr' id='par_1_99' title="bbox 321 4683 1954 4766">
     <span class='ocr_line' id='line_1_99' title="bbox 321 4683 1954 4766; baseline 0.002 -25"><span class='ocrx_word' id='word_1_694' title='bbox 321 4683 445 4754; x_wconf 60' lang='grc' dir='ltr'>ἠδ’λς</span> <span class='ocrx_word' id='word_1_695' title='bbox 475 4691 601 4766; x_wconf 71' lang='grc' dir='ltr'>ὑπὲρ</span> <span class='ocrx_word' id='word_1_696' title='bbox 629 4692 756 4755; x_wconf 80' lang='grc' dir='ltr'>τοὺς</span> <span class='ocrx_word' id='word_1_697' title='bbox 791 4690 1052 4761; x_wconf 76' lang='grc' dir='ltr'>λοιποὺς,</span> <span class='ocrx_word' id='word_1_698' title='bbox 1086 4690 1114 4746; x_wconf 78' lang='lat'>6&#39;</span> <span class='ocrx_word' id='word_1_699' title='bbox 1163 4688 1221 4745; x_wconf 75' lang='grc' dir='ltr'>δὲ</span> <span class='ocrx_word' id='word_1_700' title='bbox 1271 4687 1422 4746; x_wconf 83' lang='grc' dir='ltr'>ἔνδον</span> <span class='ocrx_word' id='word_1_701' title='bbox 1469 4689 1758 4761; x_wconf 79' lang='grc' dir='ltr'>καλύπτει,</span> <span class='ocrx_word' id='word_1_702' title='bbox 1817 4692 1954 4746; x_wconf 80' lang='grc' dir='ltr'>πάνυ</span> 
     </span>
    </p>
   </div>
   <div class='ocr_carea' id='block_1_100' title="bbox 320 4778 1953 4860">
    <p class='ocr_par' dir='ltr' id='par_1_100' title="bbox 320 4778 1953 4860">
     <span class='ocr_line' id='line_1_100' title="bbox 320 4778 1953 4860; baseline 0.003 -28"><span class='ocrx_word' id='word_1_703' title='bbox 320 4780 659 4855; x_wconf 73' lang='grc' dir='ltr'>πέφυκε(5ἰο)</span> <span class='ocrx_word' id='word_1_704' title='bbox 720 4783 948 4860; x_wconf 63' lang='grc' dir='ltr'>στερρὸν</span> <span class='ocrx_word' id='word_1_705' title='bbox 998 4782 1087 4837; x_wconf 89' lang='grc' dir='ltr'>καὶ</span> <span class='ocrx_word' id='word_1_706' title='bbox 1140 4778 1436 4858; x_wconf 78' lang='grc' dir='ltr'>συντριϐῆς</span> <span class='ocrx_word' id='word_1_707' title='bbox 1500 4779 1701 4856; x_wconf 87' lang='grc' dir='ltr'>σχεδὸν</span> <span class='ocrx_word' id='word_1_708' title='bbox 1756 4781 1953 4837; x_wconf 83' lang='grc' dir='ltr'>ἀνώτε-</span> 
     </span>
    </p>
   </div>
   <div class='ocr_carea' id='block_1_101' title="bbox 327 4873 1953 4951">
    <p class='ocr_par' dir='ltr' id='par_1_101' title="bbox 327 4873 1953 4951">
     <span class='ocr_line' id='line_1_101' title="bbox 327 4873 1953 4951; baseline 0.003 -28"><span class='ocrx_word' id='word_1_709' title='bbox 327 4873 592 4942; x_wconf 67' lang='grc' dir='ltr'>ροοθ.οῧτω</span> <span class='ocrx_word' id='word_1_710' title='bbox 621 4874 687 4947; x_wconf 80' lang='grc' dir='ltr'>δὴ</span> <span class='ocrx_word' id='word_1_711' title='bbox 720 4877 812 4932; x_wconf 84' lang='grc' dir='ltr'>καὶ</span> <span class='ocrx_word' id='word_1_712' title='bbox 845 4877 875 4931; x_wconf 87' lang='lat'>6</span> <span class='ocrx_word' id='word_1_713' title='bbox 929 4873 1062 4948; x_wconf 77' lang='grc' dir='ltr'>ἐμός</span> <span class='ocrx_word' id='word_1_714' title='bbox 1131 4874 1387 4951; x_wconf 86' lang='grc' dir='ltr'>Χριστὸς,</span> <span class='ocrx_word' id='word_1_715' title='bbox 1448 4876 1476 4930; x_wconf 90' lang='grc' dir='ltr'>ὁ</span> <span class='ocrx_word' id='word_1_716' title='bbox 1526 4881 1627 4943; x_wconf 78' lang='grc' dir='ltr'>τῆς</span> <span class='ocrx_word' id='word_1_717' title='bbox 1680 4874 1953 4949; x_wconf 81' lang='grc' dir='ltr'>Παρθένου</span> 
     </span>
    </p>
   </div>
   <div class='ocr_carea' id='block_1_102' title="bbox 319 4962 1952 5041">
    <p class='ocr_par' dir='ltr' id='par_1_102' title="bbox 319 4962 1952 5041">
     <span class='ocr_line' id='line_1_102' title="bbox 319 4962 1952 5041; baseline 0.001 -26"><span class='ocrx_word' id='word_1_718' title='bbox 319 4963 528 5036; x_wconf 67' lang='grc' dir='ltr'>καρπὸς,</span> <span class='ocrx_word' id='word_1_719' title='bbox 555 4967 644 5022; x_wconf 86' lang='grc' dir='ltr'>τὸν</span> <span class='ocrx_word' id='word_1_720' title='bbox 680 4968 778 5041; x_wconf 74' lang='grc' dir='ltr'>μὲν</span> <span class='ocrx_word' id='word_1_721' title='bbox 833 4964 1120 5040; x_wconf 84' lang='grc' dir='ltr'>ὁρώμενον</span> <span class='ocrx_word' id='word_1_722' title='bbox 1183 4962 1389 5039; x_wconf 84' lang='grc' dir='ltr'>γλυκὺς</span> <span class='ocrx_word' id='word_1_723' title='bbox 1446 4962 1536 5019; x_wconf 80' lang='grc' dir='ltr'>καὶ</span> <span class='ocrx_word' id='word_1_724' title='bbox 1595 4962 1819 5037; x_wconf 83' lang='grc' dir='ltr'>ὡραῖος,</span> <span class='ocrx_word' id='word_1_725' title='bbox 1879 4964 1952 5024; x_wconf 85' lang='grc' dir='ltr'>ὡς</span> 
     </span>
    </p>
   </div>
   <div class='ocr_carea' id='block_1_103' title="bbox 316 5044 1954 5128">
    <p class='ocr_par' dir='ltr' id='par_1_103' title="bbox 316 5044 1954 5128">
     <span class='ocr_line' id='line_1_103' title="bbox 316 5044 1954 5128; baseline 0.001 -23"><span class='ocrx_word' id='word_1_726' title='bbox 316 5044 501 5113; x_wconf 70' lang='grc' dir='ltr'>ἥκιστα</span> <span class='ocrx_word' id='word_1_727' title='bbox 552 5076 609 5128; x_wconf 89' lang='grc' dir='ltr'>γε</span> <span class='ocrx_word' id='word_1_728' title='bbox 656 5060 766 5111; x_wconf 79' lang='grc' dir='ltr'>τῶν</span> <span class='ocrx_word' id='word_1_729' title='bbox 826 5052 1085 5109; x_wconf 82' lang='grc' dir='ltr'>ἁπάντων</span> <span class='ocrx_word' id='word_1_730' title='bbox 1139 5049 1335 5123; x_wconf 76' lang='grc' dir='ltr'>οὐδεὶς,</span> <span class='ocrx_word' id='word_1_731' title='bbox 1392 5053 1456 5107; x_wconf 89' lang='grc' dir='ltr'>τὸ</span> <span class='ocrx_word' id='word_1_732' title='bbox 1530 5048 1587 5106; x_wconf 78' lang='grc' dir='ltr'>δὲ</span> <span class='ocrx_word' id='word_1_733' title='bbox 1659 5052 1954 5124; x_wconf 82' lang='grc' dir='ltr'>νοούμενον</span> 
     </span>
    </p>
   </div>
   <div class='ocr_carea' id='block_1_104' title="bbox 314 5135 1951 5220">
    <p class='ocr_par' dir='ltr' id='par_1_104' title="bbox 314 5135 1951 5220">
     <span class='ocr_line' id='line_1_104' title="bbox 314 5135 1951 5220; baseline 0.001 -24"><span class='ocrx_word' id='word_1_734' title='bbox 314 5135 531 5220; x_wconf 72' lang='grc' dir='ltr'>ἶσχυρόῦ</span> <span class='ocrx_word' id='word_1_735' title='bbox 586 5150 784 5211; x_wconf 83' lang='grc' dir='ltr'>παντὸς</span> <span class='ocrx_word' id='word_1_736' title='bbox 858 5143 1313 5219; x_wconf 77' lang='grc' dir='ltr'>ἐπικρατέστερος</span> <span class='ocrx_word' id='word_1_737' title='bbox 1402 5143 1492 5199; x_wconf 84' lang='grc' dir='ltr'>καὶ</span> <span class='ocrx_word' id='word_1_738' title='bbox 1575 5142 1951 5218; x_wconf 68' lang='grc' dir='ltr'>στερρότερος,</span> 
     </span>
    </p>
   </div>
   <div class='ocr_carea' id='block_1_105' title="bbox 304 5228 1955 5308">
    <p class='ocr_par' dir='ltr' id='par_1_105' title="bbox 304 5228 1955 5308">
     <span class='ocr_line' id='line_1_105' title="bbox 304 5228 1955 5308; baseline 0.001 -25"><span class='ocrx_word' id='word_1_739' title='bbox 304 5232 395 5285; x_wconf 76' lang='grc' dir='ltr'>καὶ</span> <span class='ocrx_word' id='word_1_740' title='bbox 449 5234 609 5308; x_wconf 73' lang='grc' dir='ltr'>αὐτὴν</span> <span class='ocrx_word' id='word_1_741' title='bbox 659 5236 931 5293; x_wconf 82' lang='grc' dir='ltr'>πλουτῶν</span> <span class='ocrx_word' id='word_1_742' title='bbox 986 5233 1087 5302; x_wconf 76' lang='grc' dir='ltr'>τὴν</span> <span class='ocrx_word' id='word_1_743' title='bbox 1134 5232 1414 5297; x_wconf 78' lang='grc' dir='ltr'>ἀπάθειαν.</span> <span class='ocrx_word' id='word_1_744' title='bbox 1474 5234 1545 5289; x_wconf 84' lang='lat'>&quot;0</span> <span class='ocrx_word' id='word_1_745' title='bbox 1633 5228 1699 5300; x_wconf 79' lang='grc' dir='ltr'>δὴ</span> <span class='ocrx_word' id='word_1_746' title='bbox 1760 5230 1852 5286; x_wconf 84' lang='grc' dir='ltr'>καὶ</span> <span class='ocrx_word' id='word_1_747' title='bbox 1928 5232 1955 5284; x_wconf 87' lang='grc' dir='ltr'>ὁ</span> 
     </span>
    </p>
   </div>
   <div class='ocr_carea' id='block_1_106' title="bbox 297 5319 1958 5403">
    <p class='ocr_par' dir='ltr' id='par_1_106' title="bbox 297 5319 1958 5403">
     <span class='ocr_line' id='line_1_106' title="bbox 297 5319 1958 5403; baseline -0.005 -20"><span class='ocrx_word' id='word_1_748' title='bbox 297 5327 577 5403; x_wconf 68' lang='grc' dir='ltr'>προφήτης</span> <span class='ocrx_word' id='word_1_749' title='bbox 635 5322 811 5383; x_wconf 79' lang='grc' dir='ltr'>Δαϐἰδ</span> <span class='ocrx_word' id='word_1_750' title='bbox 899 5320 1301 5394; x_wconf 76' lang='grc' dir='ltr'>αἰνιττόμενος,</span> <span class='ocrx_word' id='word_1_751' title='bbox 1369 5322 1550 5395; x_wconf 78' lang='grc' dir='ltr'>οἶμαι,</span> <span class='ocrx_word' id='word_1_752' title='bbox 1607 5319 1826 5383; x_wconf 86' lang='grc' dir='ltr'>Δίκαιος</span> <span class='ocrx_word' id='word_1_753' title='bbox 1884 5320 1958 5381; x_wconf 86' lang='grc' dir='ltr'>ὡς</span> 
     </span>
    </p>
   </div>
   <div class='ocr_carea' id='block_1_107' title="bbox 287 5408 1954 5491">
    <p class='ocr_par' dir='ltr' id='par_1_107' title="bbox 287 5408 1954 5491">
     <span class='ocr_line' id='line_1_107' title="bbox 287 5408 1954 5491; baseline -0.002 -23"><span class='ocrx_word' id='word_1_754' title='bbox 287 5415 483 5491; x_wconf 66' lang='grc' dir='ltr'>φοίνιξ,</span> <span class='ocrx_word' id='word_1_755' title='bbox 541 5418 710 5490; x_wconf 78' lang='grc' dir='ltr'>εἶπεν,</span> <span class='ocrx_word' id='word_1_756' title='bbox 774 5414 1037 5482; x_wconf 78' lang='grc' dir='ltr'>ἀνθήσει,</span> <span class='ocrx_word' id='word_1_757' title='bbox 1101 5408 1308 5467; x_wconf 84' lang='grc' dir='ltr'>δίκαιον</span> <span class='ocrx_word' id='word_1_758' title='bbox 1358 5412 1452 5485; x_wconf 76' lang='grc' dir='ltr'>μὶν</span> <span class='ocrx_word' id='word_1_759' title='bbox 1523 5410 1626 5479; x_wconf 76' lang='grc' dir='ltr'>τὴν</span> <span class='ocrx_word' id='word_1_760' title='bbox 1684 5409 1954 5484; x_wconf 74' lang='grc' dir='ltr'>Παρθένον</span> 
     </span>
    </p>
   </div>
   <div class='ocr_carea' id='block_1_108' title="bbox 276 5495 1960 5587">
    <p class='ocr_par' dir='ltr' id='par_1_108' title="bbox 276 5495 1960 5587">
     <span class='ocr_line' id='line_1_108' title="bbox 276 5495 1960 5587; baseline -0.004 -29"><span class='ocrx_word' id='word_1_761' title='bbox 276 5500 557 5582; x_wconf 73' lang='grc' dir='ltr'>ὀνομάζων</span> <span class='ocrx_word' id='word_1_762' title='bbox 583 5504 839 5587; x_wconf 77' lang='grc' dir='ltr'>ἐξόχως,</span> <span class='ocrx_word' id='word_1_763' title='bbox 882 5501 1050 5565; x_wconf 77' lang='grc' dir='ltr'>ἄνθος</span> <span class='ocrx_word' id='word_1_764' title='bbox 1079 5496 1136 5556; x_wconf 71' lang='grc' dir='ltr'>δὲ</span> <span class='ocrx_word' id='word_1_765' title='bbox 1162 5500 1254 5557; x_wconf 82' lang='grc' dir='ltr'>τὸν</span> <span class='ocrx_word' id='word_1_766' title='bbox 1312 5498 1366 5574; x_wconf 78' lang='grc' dir='ltr'>ἐξ</span> <span class='ocrx_word' id='word_1_767' title='bbox 1419 5501 1611 5571; x_wconf 80' lang='grc' dir='ltr'>αὐτῆς,</span> <span class='ocrx_word' id='word_1_768' title='bbox 1680 5495 1737 5555; x_wconf 79' lang='grc' dir='ltr'>ὅν</span> <span class='ocrx_word' id='word_1_769' title='bbox 1793 5496 1960 5570; x_wconf 81' lang='grc' dir='ltr'>ἔφην,</span> 
     </span>
    </p>
   </div>
   <div class='ocr_carea' id='block_1_109' title="bbox 334 5656 1368 5739">
    <p class='ocr_par' dir='ltr' id='par_1_109' title="bbox 334 5656 1368 5739">
     <span class='ocr_line' id='line_1_109' title="bbox 334 5656 1368 5739; baseline -0.009 -14"><span class='ocrx_word' id='word_1_770' title='bbox 334 5665 381 5704; x_wconf 75' lang='grc'>³⁸</span> <span class='ocrx_word' id='word_1_771' title='bbox 416 5668 571 5726; x_wconf 85' lang='lat' dir='ltr'>Psal.</span> <span class='ocrx_word' id='word_1_772' title='bbox 609 5684 666 5739; x_wconf 84' lang='lat' dir='ltr'>L,</span> <span class='ocrx_word' id='word_1_773' title='bbox 699 5665 757 5721; x_wconf 89' lang='lat'>7.</span> <span class='ocrx_word' id='word_1_774' title='bbox 848 5658 911 5697; x_wconf 65' lang='grc'>³³</span> <span class='ocrx_word' id='word_1_775' title='bbox 939 5656 1102 5715; x_wconf 85' lang='lat' dir='ltr'>Psal.</span> <span class='ocrx_word' id='word_1_776' title='bbox 1134 5674 1248 5716; x_wconf 74' lang='lat' dir='ltr'>xci.</span> <span class='ocrx_word' id='word_1_777' title='bbox 1280 5658 1368 5716; x_wconf 81' lang='lat' dir='ltr'>l3.</span> 
     </span>
    </p>
   </div>
   <div class='ocr_carea' id='block_1_110' title="bbox 2065 4695 3708 4768">
    <p class='ocr_par' dir='ltr' id='par_1_110' title="bbox 2065 4695 3708 4768">
     <span class='ocr_line' id='line_1_110' title="bbox 2065 4695 3708 4768; baseline 0 -17"><span class='ocrx_word' id='word_1_778' title='bbox 2065 4697 2222 4767; x_wconf 91' lang='lat' dir='ltr'>quod</span> <span class='ocrx_word' id='word_1_779' title='bbox 2254 4701 2450 4751; x_wconf 90' lang='lat' dir='ltr'>autem</span> <span class='ocrx_word' id='word_1_780' title='bbox 2482 4696 2643 4751; x_wconf 89' lang='lat' dir='ltr'>intus</span> <span class='ocrx_word' id='word_1_781' title='bbox 2679 4698 2889 4768; x_wconf 90' lang='lat' dir='ltr'>operit,</span> <span class='ocrx_word' id='word_1_782' title='bbox 2951 4695 3123 4751; x_wconf 88' lang='lat' dir='ltr'>valde</span> <span class='ocrx_word' id='word_1_783' title='bbox 3180 4695 3437 4750; x_wconf 88' lang='lat' dir='ltr'>solidum</span> <span class='ocrx_word' id='word_1_784' title='bbox 3488 4700 3595 4762; x_wconf 91' lang='lat' dir='ltr'>est,</span> <span class='ocrx_word' id='word_1_785' title='bbox 3648 4702 3708 4751; x_wconf 89' lang='lat' dir='ltr'>et</span> 
     </span>
    </p>
   </div>
   <div class='ocr_carea' id='block_1_111' title="bbox 2065 4785 3707 4857">
    <p class='ocr_par' dir='ltr' id='par_1_111' title="bbox 2065 4785 3707 4857">
     <span class='ocr_line' id='line_1_111' title="bbox 2065 4785 3707 4857; baseline 0 -17"><span class='ocrx_word' id='word_1_786' title='bbox 2065 4786 2232 4856; x_wconf 88' lang='lat' dir='ltr'>quasi</span> <span class='ocrx_word' id='word_1_787' title='bbox 2264 4785 2639 4857; x_wconf 87' lang='lat' dir='ltr'>infrangibile</span> <span class='ocrx_word' id='word_1_788' title='bbox 2671 4786 2790 4841; x_wconf 90' lang='lat' dir='ltr'>:sic</span> <span class='ocrx_word' id='word_1_789' title='bbox 2822 4786 3002 4841; x_wconf 89' lang='lat' dir='ltr'>etiam</span> <span class='ocrx_word' id='word_1_790' title='bbox 3042 4802 3210 4840; x_wconf 91' lang='lat' dir='ltr'>meus</span> <span class='ocrx_word' id='word_1_791' title='bbox 3264 4786 3551 4853; x_wconf 89' lang='lat' dir='ltr'>Christus,</span> <span class='ocrx_word' id='word_1_792' title='bbox 3582 4785 3707 4841; x_wconf 85' lang='lat' dir='ltr'>Vir-</span> 
     </span>
    </p>
   </div>
   <div class='ocr_carea' id='block_1_112' title="bbox 2062 4874 3699 4947">
    <p class='ocr_par' dir='ltr' id='par_1_112' title="bbox 2062 4874 3699 4947">
     <span class='ocr_line' id='line_1_112' title="bbox 2062 4874 3699 4947; baseline 0.002 -19"><span class='ocrx_word' id='word_1_793' title='bbox 2062 4875 2214 4946; x_wconf 87' lang='lat' dir='ltr'>ginis</span> <span class='ocrx_word' id='word_1_794' title='bbox 2236 4875 2484 4937; x_wconf 87' lang='lat' dir='ltr'>fructus,</span> <span class='ocrx_word' id='word_1_795' title='bbox 2507 4881 2750 4945; x_wconf 87' lang='lat' dir='ltr'>aspectu</span> <span class='ocrx_word' id='word_1_796' title='bbox 2781 4875 3021 4946; x_wconf 89' lang='lat' dir='ltr'>quidem</span> <span class='ocrx_word' id='word_1_797' title='bbox 3044 4874 3232 4930; x_wconf 89' lang='lat' dir='ltr'>dulcis</span> <span class='ocrx_word' id='word_1_798' title='bbox 3281 4881 3340 4930; x_wconf 91' lang='lat' dir='ltr'>et</span> <span class='ocrx_word' id='word_1_799' title='bbox 3370 4876 3699 4947; x_wconf 90' lang='lat' dir='ltr'>speciosus,</span> 
     </span>
    </p>
   </div>
   <div class='ocr_carea' id='block_1_113' title="bbox 2064 4964 3705 5035">
    <p class='ocr_par' dir='ltr' id='par_1_113' title="bbox 2064 4964 3705 5035">
     <span class='ocr_line' id='line_1_113' title="bbox 2064 4964 3705 5035; baseline 0.001 -16"><span class='ocrx_word' id='word_1_800' title='bbox 2064 4971 2128 5020; x_wconf 88' lang='lat' dir='ltr'>ut</span> <span class='ocrx_word' id='word_1_801' title='bbox 2157 4981 2333 5020; x_wconf 91' lang='lat' dir='ltr'>nemo</span> <span class='ocrx_word' id='word_1_802' title='bbox 2365 4964 2633 5019; x_wconf 90' lang='lat' dir='ltr'>omnium</span> <span class='ocrx_word' id='word_1_803' title='bbox 2678 4964 2877 5035; x_wconf 80' lang='lat' dir='ltr'>alius;</span> <span class='ocrx_word' id='word_1_804' title='bbox 2936 4964 3240 5020; x_wconf 88' lang='lat' dir='ltr'>intellectu</span> <span class='ocrx_word' id='word_1_805' title='bbox 3292 4970 3491 5021; x_wconf 89' lang='lat' dir='ltr'>autem</span> <span class='ocrx_word' id='word_1_806' title='bbox 3540 4965 3705 5021; x_wconf 89' lang='lat' dir='ltr'>omni</span> 
     </span>
    </p>
   </div>
   <div class='ocr_carea' id='block_1_114' title="bbox 2063 5053 3704 5127">
    <p class='ocr_par' dir='ltr' id='par_1_114' title="bbox 2063 5053 3704 5127">
     <span class='ocr_line' id='line_1_114' title="bbox 2063 5053 3704 5127; baseline 0 -18"><span class='ocrx_word' id='word_1_807' title='bbox 2063 5057 2214 5111; x_wconf 88' lang='lat' dir='ltr'>forte</span> <span class='ocrx_word' id='word_1_808' title='bbox 2247 5055 2493 5110; x_wconf 91' lang='lat' dir='ltr'>validior</span> <span class='ocrx_word' id='word_1_809' title='bbox 2522 5072 2589 5109; x_wconf 90' lang='lat' dir='ltr'>ac</span> <span class='ocrx_word' id='word_1_810' title='bbox 2620 5054 2885 5121; x_wconf 88' lang='lat' dir='ltr'>solidior,</span> <span class='ocrx_word' id='word_1_811' title='bbox 2920 5060 3028 5119; x_wconf 86' lang='lat' dir='ltr'>est,</span> <span class='ocrx_word' id='word_1_812' title='bbox 3063 5060 3121 5109; x_wconf 93' lang='lat' dir='ltr'>et</span> <span class='ocrx_word' id='word_1_813' title='bbox 3151 5056 3342 5127; x_wconf 89' lang='lat' dir='ltr'>ipsam</span> <span class='ocrx_word' id='word_1_814' title='bbox 3390 5053 3704 5126; x_wconf 86' lang='lat' dir='ltr'>possidens</span> 
     </span>
    </p>
   </div>
   <div class='ocr_carea' id='block_1_115' title="bbox 2064 5144 3707 5217">
    <p class='ocr_par' dir='ltr' id='par_1_115' title="bbox 2064 5144 3707 5217">
     <span class='ocr_line' id='line_1_115' title="bbox 2064 5144 3707 5217; baseline -0.002 -18"><span class='ocrx_word' id='word_1_815' title='bbox 2064 5144 2626 5217; x_wconf 88' lang='lat' dir='ltr'>impassibilitatem.</span> <span class='ocrx_word' id='word_1_816' title='bbox 2686 5145 2852 5208; x_wconf 89' lang='lat' dir='ltr'>Quod</span> <span class='ocrx_word' id='word_1_817' title='bbox 2900 5144 3027 5214; x_wconf 90' lang='lat' dir='ltr'>jam</span> <span class='ocrx_word' id='word_1_818' title='bbox 3085 5151 3143 5199; x_wconf 89' lang='lat' dir='ltr'>et</span> <span class='ocrx_word' id='word_1_819' title='bbox 3200 5144 3377 5199; x_wconf 89' lang='lat' dir='ltr'>David</span> <span class='ocrx_word' id='word_1_820' title='bbox 3418 5144 3707 5215; x_wconf 88' lang='lat' dir='ltr'>pr0pheta</span> 
     </span>
    </p>
   </div>
   <div class='ocr_carea' id='block_1_116' title="bbox 2066 5232 3707 5304">
    <p class='ocr_par' dir='ltr' id='par_1_116' title="bbox 2066 5232 3707 5304">
     <span class='ocr_line' id='line_1_116' title="bbox 2066 5232 3707 5304; baseline 0 -18"><span class='ocrx_word' id='word_1_821' title='bbox 2066 5234 2343 5299; x_wconf 84' lang='lat' dir='ltr'>innuens,</span> <span class='ocrx_word' id='word_1_822' title='bbox 2374 5237 2439 5287; x_wconf 86' lang='lat' dir='ltr'>ut</span> <span class='ocrx_word' id='word_1_823' title='bbox 2470 5249 2575 5302; x_wconf 75' lang='lat' dir='ltr'>ego</span> <span class='ocrx_word' id='word_1_824' title='bbox 2608 5238 2770 5304; x_wconf 87' lang='lat' dir='ltr'>puto,</span> <span class='ocrx_word' id='word_1_825' title='bbox 2802 5233 3185 5300; x_wconf 79' lang='lat' dir='ltr'>Justus,dixit,</span> <span class='ocrx_word' id='word_1_826' title='bbox 3223 5240 3488 5302; x_wconf 81' lang='lat' dir='ltr'>tanquam</span> <span class='ocrx_word' id='word_1_827' title='bbox 3511 5232 3707 5301; x_wconf 82' lang='lat' dir='ltr'>palma</span> 
     </span>
    </p>
   </div>
   <div class='ocr_carea' id='block_1_117' title="bbox 2064 5320 3710 5394">
    <p class='ocr_par' dir='ltr' id='par_1_117' title="bbox 2064 5320 3710 5394">
     <span class='ocr_line' id='line_1_117' title="bbox 2064 5320 3710 5394; baseline -0.002 -17"><span class='ocrx_word' id='word_1_828' title='bbox 2064 5323 2277 5392; x_wconf 83' lang='lat' dir='ltr'>ﬂorebit</span> <span class='ocrx_word' id='word_1_829' title='bbox 2296 5322 2359 5389; x_wconf 75' lang='grc'>²²,</span> <span class='ocrx_word' id='word_1_830' title='bbox 2379 5321 2609 5391; x_wconf 90' lang='lat' dir='ltr'>justum</span> <span class='ocrx_word' id='word_1_831' title='bbox 2632 5323 2871 5394; x_wconf 73' lang='lat' dir='ltr'>egregie</span> <span class='ocrx_word' id='word_1_832' title='bbox 2913 5338 3125 5377; x_wconf 82' lang='lat' dir='ltr'>vocans</span> <span class='ocrx_word' id='word_1_833' title='bbox 3143 5322 3439 5392; x_wconf 82' lang='lat' dir='ltr'>Virginem</span> <span class='ocrx_word' id='word_1_834' title='bbox 3467 5338 3478 5375; x_wconf 95' lang='lat'>:</span> <span class='ocrx_word' id='word_1_835' title='bbox 3501 5320 3710 5374; x_wconf 86' lang='lat' dir='ltr'>ﬂorem</span> 
     </span>
    </p>
   </div>
   <div class='ocr_carea' id='block_1_118' title="bbox 2066 5410 3717 5483">
    <p class='ocr_par' dir='ltr' id='par_1_118' title="bbox 2066 5410 3717 5483">
     <span class='ocr_line' id='line_1_118' title="bbox 2066 5410 3717 5483; baseline -0.004 -17"><span class='ocrx_word' id='word_1_836' title='bbox 2066 5418 2264 5467; x_wconf 89' lang='lat' dir='ltr'>autem</span> <span class='ocrx_word' id='word_1_837' title='bbox 2288 5427 2360 5466; x_wconf 84' lang='lat' dir='ltr'>ex</span> <span class='ocrx_word' id='word_1_838' title='bbox 2390 5412 2520 5483; x_wconf 90' lang='lat' dir='ltr'>ipsa</span> <span class='ocrx_word' id='word_1_839' title='bbox 2550 5418 2848 5482; x_wconf 89' lang='lat' dir='ltr'>natum,ut</span> <span class='ocrx_word' id='word_1_840' title='bbox 2878 5412 3021 5481; x_wconf 82' lang='lat' dir='ltr'>dixi,</span> <span class='ocrx_word' id='word_1_841' title='bbox 3047 5411 3461 5467; x_wconf 87' lang='lat' dir='ltr'>dulcissimum</span> <span class='ocrx_word' id='word_1_842' title='bbox 3491 5410 3717 5475; x_wconf 73' lang='lat' dir='ltr'>Iesum,</span> 
     </span>
    </p>
   </div>
   <div class='ocr_carea' id='block_1_119' title="bbox 2071 5494 3707 5573">
    <p class='ocr_par' dir='ltr' id='par_1_119' title="bbox 2071 5494 3707 5573">
     <span class='ocr_line' id='line_1_119' title="bbox 2071 5494 3707 5573; baseline -0.006 -18"><span class='ocrx_word' id='word_1_843' title='bbox 2071 5500 2223 5555; x_wconf 90' lang='lat' dir='ltr'>sicut</span> <span class='ocrx_word' id='word_1_844' title='bbox 2252 5500 2432 5557; x_wconf 86' lang='lat' dir='ltr'>etiam</span> <span class='ocrx_word' id='word_1_845' title='bbox 2462 5499 2745 5558; x_wconf 88' lang='lat' dir='ltr'>Salomon</span> <span class='ocrx_word' id='word_1_846' title='bbox 2776 5502 2850 5557; x_wconf 89' lang='lat' dir='ltr'>de</span> <span class='ocrx_word' id='word_1_847' title='bbox 2881 5502 3010 5573; x_wconf 89' lang='lat' dir='ltr'>ipso</span> <span class='ocrx_word' id='word_1_848' title='bbox 3054 5499 3306 5556; x_wconf 86' lang='lat' dir='ltr'>Christo.</span> <span class='ocrx_word' id='word_1_849' title='bbox 3331 5499 3461 5569; x_wconf 85' lang='lat' dir='ltr'>Ego,</span> <span class='ocrx_word' id='word_1_850' title='bbox 3493 5494 3707 5562; x_wconf 86' lang='lat' dir='ltr'>inquit,</span> 
     </span>
    </p>
   </div>
  </div>
