4104 6300
409 307 524 366 163

407 533 590 599 intus,
619 545 739 584 non
771 533 859 583 est
900 521 1305 596 impassibilis,
1339 538 1458 577 non
1497 526 1809 592 propterea
1847 536 2043 576 sermo

407 619 645 676 aberrat
677 631 914 686 ;neque
942 613 1101 671 enim
1131 612 1194 667 in
1230 610 1516 666 creaturis
1569 609 1822 665 inveniri
1851 613 2048 680 potest

405 708 619 763 divinis
705 709 764 761 et
844 699 1200 774 impassibili
1264 705 1491 754 naturae
1551 698 1744 769 imago
1802 696 2046 752 omnino

405 795 644 852 similis.

475 1062 684 1120 Adhuc
714 1061 894 1118 etiam
925 1062 984 1114 et
1013 1057 1114 1130 qui
1138 1055 1452 1112 voluerunt
1469 1071 1502 1110 a
1527 1051 1754 1109 mundo
1775 1050 2054 1109 secedere

407 1157 465 1208 et
489 1151 608 1206 alta
658 1146 1091 1222 philosophari,
1147 1146 1448 1215 Deumque
1488 1141 1731 1213 alloqui,
1765 1145 2056 1212 quantum

404 1240 635 1296 homini
665 1244 755 1295 est
781 1235 1088 1310 possibile,
1116 1233 1290 1289 illum
1320 1232 1517 1288 locum
1541 1231 1614 1287 ad
1644 1229 2054 1296 habitandum,

403 1337 469 1387 ut
496 1327 1130 1399 audimus,elegerunt,
1165 1324 1266 1394 qui
1290 1323 1519 1395 palmas
1551 1320 1830 1393 producit
1862 1335 1876 1385 ;
1909 1335 2058 1390 quae

402 1436 535 1476 rum
565 1419 795 1474 fructus
829 1415 1074 1487 quidem
1098 1430 1220 1469 non
1252 1429 1429 1485 parvo
1466 1416 1592 1466 erat
1619 1409 1763 1482 ipsis
1799 1407 2007 1465 solatio
2041 1441 2056 1493 ς

412 1508 565 1564 rami
599 1512 800 1563 autem
831 1521 978 1576 opus
1010 1507 1198 1570 erant,
1231 1501 1388 1572 quod
1419 1517 1601 1556 sacrae
1644 1499 1884 1554 illorum
1918 1514 2057 1553 san-

407 1603 640 1654 ctorum
664 1611 878 1652 manus
909 1592 1309 1665 operabantur
1326 1608 1340 1660 ;
1358 1591 1538 1646 ethoc
1553 1588 1715 1644 valde
1730 1603 2060 1643 consonum

408 1703 539 1742 esse
597 1685 852 1742 arbitror
910 1682 1190 1754 praesenti
1249 1678 1662 1752 speculationi,
1691 1683 1749 1732 et
1778 1693 1898 1732 non
1930 1677 2060 1732 sine

406 1777 635 1832 ratione
695 1791 710 1842 ;
761 1791 871 1829 nec
927 1771 1248 1838 casualem,
1309 1769 1469 1842 quod
1537 1767 1753 1839 aliquis
1809 1767 2054 1835 diceret,

407 1865 796 1921 concederem
826 1878 1080 1934 usquam
1112 1858 1456 1930 hujusmodi
1497 1858 1678 1912 vitam
1711 1859 2053 1912 sanctorum

410 1954 649 2010 illorum
679 1953 941 2009 virorum
985 1967 998 2007 :
1042 1951 1126 2006 sic
1153 1949 1313 2004 enim
1343 1947 1679 2018 intelligere
1709 1960 1953 2017 possum
1983 1942 2055 1998 de

408 2043 558 2099 hoc:
623 2043 906 2114 quoniam
952 2039 1290 2111 purissimus
1352 2035 1594 2109 Virgini,
1652 2039 1720 2089 ut
1773 2033 2055 2100 diximus,

405 2133 602 2205 palma
641 2131 1027 2198 assimilatur,
1059 2129 1240 2201 hujus
1287 2144 1425 2183 vero
1483 2126 1711 2181 fructus
1769 2123 2059 2180 ineffabili

413 2220 873 2291 admirabilique
925 2219 1082 2274 illius
1141 2217 1412 2273 fructui:
1472 2220 1789 2288 propterea
1845 2229 2060 2269 manus

420 2309 663 2382 quidem
695 2314 1038 2365 sanctorum
1062 2307 1274 2379 palma:
1322 2305 1654 2360 tractabant
1700 2319 1936 2371 ramos;
1996 2320 2063 2359 os

424 2416 558 2456 vero
599 2399 760 2453 illius
787 2397 1044 2452 fructum
1076 2395 1366 2458 sumebat.
1399 2400 1465 2449 ut
1488 2394 1641 2450 circa
1673 2409 1805 2464 quae
1837 2409 2061 2448 memo-

418 2489 570 2544 riam
586 2502 890 2557 nunquam
906 2484 1162 2540 dormire
1178 2481 1646 2550 desiderabant,.l
1653 2498 1816 2537 esum
1833 2482 2066 2552 inquam

421 2585 479 2632 et
504 2577 884 2648 purissimam
915 2572 1325 2646 Virginem.Ad
1349 2573 1473 2626 huic
1490 2578 1688 2626 autem
1706 2577 1764 2625 et
1781 2586 2063 2626 manuum

420 2667 768 2722 exercitium
795 2680 1117 2734 mensaque
1147 2666 1542 2732 cooperentur
1564 2678 1577 2728 ;
1599 2660 1882 2731 quoniam
1911 2665 1970 2715 et
1989 2665 2068 2715 te-

415 2755 637 2819 nere,si
662 2754 804 2825 quid
827 2751 1216 2820 aliud,.lesum
1239 2749 1594 2818 volebanl,et
1616 2750 1662 2804 si
1694 2749 1820 2804 fleri
1844 2754 2066 2820 posset,

424 2845 582 2901 hunc
614 2859 853 2916 semper
883 2841 1243 2898 manducare
1264 2845 1442 2910 atque
1464 2839 1837 2910 spirare.Hoc
1867 2844 2066 2893 autem

418 2933 816 2989 ostendebant
852 2948 958 3003 per
988 2947 1077 2999 ea,
1140 2947 1272 3000 quas
1327 2928 1646 2993 faciebant,
1675 2931 1733 2983 et
1763 2927 2068 3000 proprium

426 3039 672 3094 scopum
703 3021 1087 3076 manifestum
1109 3023 1458 3089 posuerunt.
1491 3019 1562 3072 Et
1589 3016 1661 3072 de
1685 3017 1778 3071 his
1826 3015 2068 3086 quidem

428 3112 572 3168 satis
605 3111 828 3165 dictum
851 3114 958 3164 est.

487 3198 730 3254 XXXIV.
754 3202 890 3268 Ipsa
917 3213 1076 3266 vero,
1113 3213 1145 3250 o
1169 3195 1270 3251 Dei
1301 3196 1503 3263 Mater,
1528 3192 1810 3266 splendor
1840 3199 2060 3249 nostrai
2091 3183 2134 3250 C

418 3293 670 3356 naturae,
701 3302 850 3358 opus
883 3301 1098 3340 novum
1151 3300 1219 3339 ac
1251 3283 1756 3354 jucundissimum
1787 3283 1921 3354 (26),
1955 3299 2060 3337 co:-

418 3376 584 3431 lestis
615 3373 886 3438 altitudo,
921 3373 1244 3446 gratiarum
1274 3389 1438 3428 mare
1467 3371 1712 3442 (27),sol
1742 3371 2061 3442 conspicuo

419 3465 535 3520 isto
557 3463 1086 3536 splendidior,arco
1108 3461 1522 3517 sacratissimis
1537 3461 1852 3516 virtutibus
1875 3477 2060 3516 exun-

417 3556 588 3622 dans,
625 3553 1088 3627 pigmentarium
1121 3569 1193 3607 ex
1216 3551 1494 3607 omnibus
1516 3550 1763 3607 floribus
1789 3551 2061 3624 fragrano

421 3643 903 3709 tissimum,salus
929 3659 1081 3708 mea,
1104 3657 1211 3713 per
1242 3657 1419 3712 quam
1452 3646 1511 3696 et
1540 3640 1718 3696 caalos
1764 3641 2062 3698 inhabita-

421 3751 572 3798 mus,
607 3739 665 3789 et
697 3733 1040 3805 paradisum
1074 3731 1578 3802 recuperavimus,
1613 3736 1672 3785 et
1700 3731 1862 3801 (quid
1893 3731 2065 3803 plura

421 3839 766 3879 enumerem
787 3823 814 3876 7
831 3819 1462 3892 incomprehensibilis
1484 3819 1586 3875 Dei
1620 3820 2063 3891 receptaculum

417 3929 484 3968 ac
517 3914 718 3980 Mater,
753 3917 810 3968 et
851 3911 1072 3967 idcirco
1104 3909 1426 3964 visibilium
1457 3910 1726 3964 omnium
1763 3916 1818 3964 et
1861 3910 2066 3965 invisi-

1551 295 1849 358 ISIDORI
1895 293 2664 366 THESSALONICENSIS

403 449 504 516 ﬁas
532 441 715 512 campi
742 444 796 494 et
827 437 1009 492 lilium
1033 433 1264 490 vallium
1293 429 1534 496 23.Quod
1557 430 1604 486 si
1627 430 2056 503 palma,quoad
2085 455 2137 518 Α

2087 1818 2133 1884 Β

3653 301 3764 364 164

2167 430 2500 505 γλυκύτατον
2529 437 2764 506 Ἰησοῦν,
2795 434 2934 498 καθὰ
2987 433 3078 488 καὶ
3135 429 3400 505 Σολομὼν
3451 431 3565 506 περὶ
3618 433 3764 487 αὐτοῦ

2157 515 2426 589 δήπουθεν
2480 513 2578 575 τοῦ
2637 523 2904 596 Χριστοῦ,
2990 517 3161 595 Ἐγὼ,
3249 515 3426 593 φησὶν,
3481 514 3628 579 ἂνοος
3691 522 3770 572 τοῖ

2151 604 2365 678 πεδίου,
2421 609 2512 664 καὶ
2572 608 2753 683 κρίνον
2805 613 2916 664 τῶν
2975 603 3273 663 κοιλάδων.
3331 605 3391 660 El
3447 602 3503 660 δὲ
3567 606 3638 678 μὴ
3709 604 3768 658 τὸ

2153 691 2302 752 ἔνδον
2360 697 2575 767 ἀπαθής
2626 700 2654 754 6
2713 697 2915 776 φοίνιξ,
2975 695 3038 752 οὐ
3096 695 3246 770 παρᾶ
3297 693 3452 750 τοῦτό
3511 714 3599 766 μοι
3637 690 3774 748 δοκεῖ

2161 784 2329 864 λόγον
2392 785 2794 862 διαμαρτάνειν
2856 783 2982 844 οὐδὲ
3039 786 3142 861 γὰρ
3198 784 3338 840 ἐστιν
3395 782 3445 838 ἐν
3497 787 3606 844 τοῖς
3671 802 3775 836 κτι-

2161 881 2310 938 στοῖς
2365 877 2543 933 εἰκόνα
2583 878 2758 954 εὑρεῖν
2809 885 2911 948 τῆς
2963 877 3110 939 θείας
3158 875 3250 932 καὶ
3304 874 3531 936 ἀπαθοῦς
3586 872 3776 952 φύσεως

2161 965 2585 1040 ἀπαράλλακτον
2597 1013 2610 1027 .

2229 1057 2350 1111 Ἔτι
2381 1053 2438 1112 δὶ
2467 1057 2559 1112 καὶ
2591 1058 2678 1120 οἷς
2712 1056 2949 1128 ἐπῆλθεν
2996 1056 3373 1135 ἀπορῥαγῆναι
3426 1055 3650 1130 κόσμου,
3701 1054 3780 1108 καὶ

2165 1143 2354 1218 ὑψηλὰ
2383 1143 2781 1226 φιλοσοφῆσαι,
2821 1147 2912 1202 καὶ
2941 1151 3058 1219 Θεῷ
3112 1150 3497 1220 προσεντυχεῖν
3551 1145 3621 1206 ὡς
3667 1142 3776 1221 ἐφι-

2163 1234 2291 1290 κτὸν
2323 1235 2611 1309 ἀνθρώπῳ,
2637 1235 2720 1291 ὅτι
2750 1236 2974 1306 τπῦτον,
3033 1235 3108 1298 ὡς
3165 1235 3470 1309 ἀκούομεν,
3527 1234 3655 1308 πρὸς
3705 1231 3779 1286 οῗ-

2161 1345 2323 1394 κησιν
2378 1324 2593 1382 εἵλοντο
2649 1327 2742 1381 τὸν
2815 1327 3004 1396 τόπον,
3062 1325 3122 1386 ὅς
3168 1326 3299 1388 τοὺς
3356 1323 3595 1401 φοίνικας
3649 1321 3782 1395 φύει,

2165 1415 2241 1469 ὧν
2301 1416 2332 1470 6
2393 1417 2496 1488 μὶν
2552 1416 2760 1490 καρπὸς
2818 1415 2882 1471 ού
2943 1415 3112 1490 μικρά
3165 1413 3302 1490 πρὸς
3359 1414 3563 1490 τροφὴν
3619 1409 3788 1474 αὐτοῖς

2162 1503 2425 1580 ἐτύγχανε
2479 1507 2820 1582 παραμυθία,
2869 1506 2996 1567 τοὺς
3051 1502 3108 1560 δὲ
3156 1501 3396 1566 κλάδους
3453 1497 3608 1578 ἔργον
3651 1499 3784 1574 εἶχον

2165 1593 2218 1649 αἱ
2253 1593 2392 1670 ἱεραὶ
2449 1599 2558 1651 τῶν
2617 1595 2783 1651 ὁσίων
2841 1594 3058 1651 ἐκείνων
3119 1600 3324 1670 χεῖρεςσ
3356 1591 3495 1648 κατὰ
3550 1587 3688 1646 πολὺ
3711 1586 3792 1643 καὶ

2159 1688 2321 1738 τοῦτο
2382 1681 2626 1756 συνᾴδειν
2684 1685 2846 1758 οἶμαι
2901 1687 2972 1759 τῇ
3024 1681 3275 1759 παρούσῃ
3334 1679 3553 1758 θεωρίᾳ·
3593 1677 3796 1735 καὶούκ

2165 1766 2266 1842 ἔξω
2323 1769 2520 1848 λόγου,
2576 1771 2705 1828 οὐδὲ
2752 1772 3088 1847 αὐτόματον,
3145 1771 3222 1836 ὡς
3279 1769 3342 1826 ἂν
3400 1792 3485 1832 τις
3535 1767 3798 1848 φαίηντῆν

2163 1859 2424 1931 τοιαύτην
2484 1857 2772 1936 διατριϐὴν
2825 1867 2936 1916 τῶν
3017 1861 3192 1937 ἁγίων
3282 1859 3503 1915 ἐκείνων
3581 1853 3794 1930 ἀνδρῶν,

2165 1953 2594 2029 συγχωρήσαιμι
2651 1954 2711 2007 ἄν
2761 1947 2954 2029 ἔγωγε’
3016 1951 3161 2006 οὕτω
3209 1951 3312 2025 γὰρ
3372 1948 3492 2026 ἔχω
3547 1951 3679 2002 νοεῖν
3717 1942 3800 1999 καὶ

2163 2035 2287 2116 περὶ
2343 2043 2560 2097 τούτου·
2620 2043 2696 2106 ὡς
2747 2041 2967 2116 ἐπείπερ
3040 2046 3113 2117 τῇ
3192 2043 3460 2116 πανᾶγνφ
3539 2039 3650 2113 μὶν,
3729 2035 3799 2094 ὡς

2166 2125 2396 2208 ἔφημεν,
2430 2133 2458 2186 6
2489 2132 2660 2210 φοίνιξ
2693 2130 2976 2207 ἀναλογεῖ,
3003 2132 3031 2185 6
3099 2129 3158 2186 δέ
3211 2129 3416 2186 τούτου
3473 2126 3676 2203 καρπὸς
3726 2126 3801 2194 ττι)

2170 2222 2431 2298 ὑπερφυεῖ
2473 2221 2562 2275 καὶ
2619 2217 2908 2295 παραδόξῳ
2965 2219 3175 2291 ἐκείνης
3226 2223 3450 2296 καρπῷο
3521 2215 3612 2272 διὰ
3653 2217 3810 2274 ταῦτα

2172 2316 2359 2386 χεῖρες
2407 2311 2502 2383 μὲν
2535 2313 2641 2365 τῶν
2698 2311 2860 2365 ὁσίων
2888 2307 3128 2371 κλάδους
3191 2307 3639 2384 μετεχειρίζοντο
3693 2322 3814 2377 φοι-

2173 2399 2362 2454 οίκων“
2415 2399 2591 2471 στόμα
2648 2395 2706 2454 δὶ
2766 2399 2857 2453 τὸν
2913 2397 3112 2452 ἐκεῖθεν
3166 2396 3394 2476 ἐδέχετο
3455 2394 3686 2470 καρπὸν,
3736 2389 3822 2443 ἵνα

2177 2487 2301 2562 περὶ
2363 2485 2397 2542 ὀί
2443 2489 2544 2556 τὴν
2607 2489 2828 2560 μνήμην
2889 2483 3164 2541 καθεύδειν
3225 2485 3487 2541 οὐδέποτ’
3573 2480 3819 2547 ἐπόθουν,

2179 2571 2323 2649 λέγω
2377 2571 2434 2628 δὲ
2485 2574 2575 2628 τὸν
2633 2574 2842 2644 Ἰησοῦν
2904 2574 2996 2628 καὶ
3033 2575 3133 2643 τήν
3171 2572 3637 2648 ΙΙάναγνον,πρὸς
3665 2572 3820 2624 ταῦτα

2173 2666 2328 2732 καὶὴ
2386 2669 2494 2718 τῶν
2547 2668 2752 2739 χειρῶν
2811 2663 3032 2738 ἐργασία
3085 2662 3175 2718 καὶ
3231 2665 3266 2732 ἠ
3298 2665 3556 2739 πράπεζα
3586 2654 3821 2732 συνεργοὶ

2174 2753 2434 2827 γένοιντοο
2492 2752 2579 2808 ἐπὶ
2639 2754 2730 2808 καὶ
2787 2754 2996 2824 κρατεῖν
3056 2752 3206 2828 ε’ἶπερ
3293 2775 3348 2809 τι
3435 2754 3532 2808 τὸν
3623 2751 3825 2820 Ἰησοῦν

2177 2838 2500 2911 ἐϐούλοντο,
2531 2841 2644 2915 καὶ,
2677 2843 2723 2896 εἰ
2755 2843 2870 2898 οἷόν
2902 2863 2978 2911 τε,
3032 2847 3228 2898 τοῦτον
3289 2841 3374 2898 ἅεὶ
3420 2847 3686 2904 σιτεῖσθαι
3741 2833 3825 2891 καὶ

2177 2931 2452 2988 ἀναπνεῖν.
2484 2935 2658 2986 Τοῦτο
2680 2928 2736 2986 δὲ
2762 2928 2832 2986 δι’
2862 2932 2939 2985 ὧν
2970 2931 3188 2986 ἐποίουν
3219 2930 3550 3007 ύπὲφαινον,
3573 2930 3664 2985 καὶ
3695 2929 3834 3002 σαφῆ⁹

2178 3020 2269 3074 τὸν
2326 3020 2527 3075 οἰκεῖον
2583 3016 2899 3093 προῦθηκαν
2961 3019 3186 3076 σκοπόθ.
3257 3019 3442 3076 Ἀλλά
3531 3017 3659 3094 περὶ
3745 3013 3832 3088 μὲν

2176 3107 2385 3164 τούτων
2417 3103 2564 3180 ἅλις.

2245 3199 2359 3254 ΔΔ’.
2392 3197 2544 3266 Δί)τή
2574 3195 2652 3266 δι,
2684 3195 2730 3252 ὦ
2761 3201 2894 3253 Θεοῦ
2928 3203 3124 3272 μῆτερ,
3183 3195 3485 3274 ἀγλάϊσμα
3541 3200 3646 3263 τῆς
3697 3196 3832 3266 ἡμε·

2175 3285 2333 3362 τέρας
2446 3285 2676 3358 φύσεως,
2775 3289 3301 3362 καινοπρεπέστατον
3406 3285 3838 3361 δημιούργημα,

2179 3375 2437 3452 οὐράνιον
2495 3375 2653 3450 ὕψος,
2712 3375 2957 3454 χαρίτων
3017 3375 3280 3447 θάλασσα,
3340 3375 3483 3447 ἥλιε
3523 3379 3624 3454 τοῦ
3657 3391 3841 3451 φαινο-

2182 3464 2345 3540 μένου
2395 3462 2766 3541 λαμπρότερε,
2818 3465 3128 3540 ἱερωτιὶτων
3184 3464 3398 3541 ἀρετῶν
3470 3448 3705 3541 πλήρη-ς
3761 3481 3846 3516 κι-

2179 3547 2340 3626 ϐωτὲ,
2395 3552 2592 3608 ἀνοέων
2675 3553 2927 3610 ἁπάντων
2987 3551 3329 3626 εὖωδεστάτη
3420 3557 3747 3631 μυροθτςκη,
3809 3551 3842 3617 ἦ

2176 3641 2284 3717 ἐμὴ
2353 3644 2618 3717 σωτηρία,
2676 3641 2745 3698 δι’
2802 3645 2871 3713 ἧς
2927 3645 3016 3699 καὶ
3075 3645 3343 3719 οὐρανοὺς
3408 3645 3709 3719 οἰκοῦμεν,
3755 3636 3845 3694 καὶ

2176 3729 2498 3806 παράδεισον
2561 3731 2963 3809 ἀπειλήφαμεν,
2996 3732 3048 3786 τί
3103 3731 3186 3788 δεῖ
3214 3731 3410 3790 πολλὰ
3446 3733 3635 3811 λέγειν
3670 3751 3685 3801 ;
3719 3729 3850 3785 Θεοῧ

2173 3826 2272 3876 τοῦ
2330 3822 2628 3896 ἀγωρήτου
2705 3821 2926 3898 δοχεῖον
2982 3823 3072 3877 καὶ
3134 3823 3334 3897 Μήτηρ
3379 3823 3479 3880 καὶ
3546 3819 3640 3878 διὰ
3668 3823 3850 3889 τοῦτο,

2177 3914 2310 3967 Θεοῦ
2360 3908 2531 3980 πλήν,
2591 3911 2885 3986 ὁρωμένων
2944 3912 3192 3967 ἁπάντων
3251 3914 3342 3967 καὶ
3432 3913 3696 3988 ἀοράτων
3765 3907 3854 3964 Δέ-

417 4001 646 4071 bilium,
681 4003 798 4057 Deo
831 3999 1374 4072 excepto,Domina,
1399 3998 1478 4053 sis
1502 3998 1674 4053 nobis
1695 3998 1792 4053 hic
1823 3998 2065 4069 quidem

417 4095 543 4145 tum
583 4091 898 4146 sanctioris
928 4105 1118 4159 usque
1156 4089 1288 4142 vitae
1320 4087 1722 4159 gubernatrix,
1759 4092 1884 4142 tum
1914 4087 2064 4143 veri-

420 4179 555 4233 tatis
588 4177 726 4245 dux,
784 4183 910 4232 tum
958 4175 1388 4248 propugnatrix
1448 4175 1731 4231 adversus
1791 4175 2064 4243 insidias,

425 4281 572 4335 quas
602 4266 880 4320 inimicus
902 4271 1108 4320 contra
1137 4281 1246 4318 nos
1268 4263 1506 4318 molitur
1531 4281 1545 4332 ;
1571 4264 1632 4319 in
1648 4264 1846 4320 futuro
1869 4269 2066 4319 autem

2175 4018 2393 4068 σποινα,
2464 3997 2580 4068 εἴης
2639 4001 2776 4071 ἡμῖν
2836 3997 3059 4055 ἐνταῦθα
3121 4001 3214 4074 μὲν
3267 4001 3364 4056 καὶ
3429 4003 3564 4078 βίου
3627 4013 3856 4073 θεοπρε-

2176 4091 2312 4150 ποῦς
2370 4083 2731 4162 κυϐερνήτης,
2772 4089 2863 4143 καὶ
2923 4088 3185 4161 ἀληθείας
3248 4087 3498 4166 ὁδηγοὺς,
3563 4092 3661 4148 καὶ
3721 4107 3858 4164 προ·

2180 4177 2446 4245 ασπιστής
2502 4183 2602 4246 τῆς
2655 4179 2774 4232 καθ’
2829 4179 2991 4251 ἡμῶν
3047 4182 3144 4233 τοῦ
3201 4179 3496 4253 πολεμίου
3593 4178 3858 4253 μελέτης·

2178 4265 2228 4320 ἐν
2259 4262 2318 4319 δὲ
2346 4269 2422 4338 τῷ
2459 4263 2720 4337 μέλλοντι
2751 4269 2850 4337 τὴν
2908 4272 3012 4322 τῶν
3065 4267 3308 4322 αἷωνίων
3372 4269 3618 4345 ἀγαθῶν
3684 4288 3868 4344 χορη-

420 4354 637 4410 smculo
658 4359 1016 4410 aeternorum
1037 4352 1330 4407 bonorum
1352 4351 1523 4407 nobis
1548 4353 1892 4408 fruitionem
1923 4371 2062 4424 prm-

2175 4357 2371 4430 γήσαις
2441 4353 2764 4414 ἀπόλαυσιν.
2857 4359 2956 4418 Ἥς
3007 4356 3216 4432 γένοιτο
3283 4359 3513 4422 πάντας
3573 4359 3866 4432 ἐπιτυχεῖν

419 4443 582 4500 beas.
609 4443 793 4510 Quam
825 4443 1055 4498 utinam
1115 4457 1505 4512 assequamur
1559 4458 1788 4510 omnes,
1843 4442 2062 4498 media-

2181 4445 2424 4519 μεσιτεία
2451 4451 2552 4515 τῆς
2583 4448 2850 4502 Θεοτὸκου
2880 4446 2970 4502 καὶ
3003 4447 3192 4522 χάριτι
3248 4447 3348 4502 τοῦ
3419 4449 3666 4527 Κυρίου
3709 4445 3873 4521 ἡμῶν

418 4533 566 4589 trice
597 4533 933 4605 Deipara,et
960 4531 1149 4603 gratia
1179 4529 1410 4585 Domini
1443 4529 1628 4584 nostri
1657 4531 1793 4584 Jesu
1824 4530 2062 4602 Christi,

2172 4535 2351 4603 Ἰησοῦ
2405 4536 2664 4610 Χριστοῦ,
2726 4537 2772 4607 ᾧ
2828 4535 3020 4610 πρέπει
3091 4541 3236 4592 πᾶσα
3285 4534 3451 4611 δόξα,
3519 4525 3714 4612 ᾐτιμή,
3777 4525 3866 4589 καί

419 4639 596 4694 quem
617 4622 790 4678 decet
817 4622 1006 4696 gloria
1025 4620 1241 4688 omnis,
1284 4619 1477 4674 honor
1501 4623 1560 4672 et
1608 4617 1873 4674 adoratio
1927 4637 2062 4677 cum

2172 4621 2552 4698 προσκύνησις,
2599 4625 2693 4679 σῦν
2724 4629 2803 4696 τῷ
2860 4623 3084 4701 ἀνάρχῳ
3153 4624 3322 4680 αύτοῦ
3383 4628 3580 4704 Πατρὶ
3643 4625 3739 4683 καὶ
3795 4625 3876 4695 τῷ

419 4718 640 4768 aeterno
673 4713 800 4783 ejus
857 4714 1029 4768 Patre
1071 4716 1129 4766 et
1187 4707 1560 4766 sanctissimo
1615 4724 1684 4764 ac
1732 4708 2062 4770 viviﬁcante

2172 4711 2419 4787 παναγίῳ
2475 4712 2566 4767 καὶ
2625 4718 2882 4787 ζωοποιῷ
2942 4714 3110 4769 αὐτοῦ
3169 4714 3496 4790 Πνεύματι,
3588 4721 3690 4772 νῦν
3778 4710 3871 4769 καὶ

419 4800 688 4870 ejusdem
713 4802 951 4873 Spiritu,
973 4817 1133 4857 nunc
1165 4807 1224 4856 et
1255 4814 1494 4870 semper
1523 4801 1582 4853 et
1612 4798 1674 4852 in
1704 4799 1920 4856 saacula
1951 4818 2058 4857 saa-

2172 4799 2250 4855 ἇιεὶ
2280 4802 2367 4856 καὶ
2403 4802 2481 4863 εἷς
2503 4799 2634 4865 τοὺς
2665 4803 2864 4867 αἰῶνας
2898 4802 3138 4864 αἰώνων.
3179 4805 3388 4877 Ἀμήν.

423 4887 720 4943 culorum.
745 4893 956 4945 Amen.

495 4957 542 4992 ³³
571 4959 736 5016 Cant.
771 4977 830 5030 ιι,
863 4961 914 5017 1.

1763 5037 1912 5096 Ant.
1943 5035 2242 5102 Ballerini
2271 5047 2460 5104 notae.

491 5169 603 5238 (26)
635 5167 1012 5223 Attendenda
1046 5168 1140 5224 hic
1170 5168 1256 5222 vis
1315 5173 1416 5238 est
1448 5169 1662 5223 Grmcm
1719 5167 2061 5231 locutionis.

423 5243 501 5293 Ex
521 5237 634 5294 usu
666 5241 823 5294 enim
853 5241 1093 5294 Patrum
1126 5237 1484 5310 δημιουργὸς,
1513 5240 1613 5310 ubi
1646 5239 1718 5294 de
1749 5241 1868 5296 Deo
1919 5243 2064 5300 dici-

424 5318 540 5377 tlll‘,
595 5317 686 5365 est
739 5312 980 5384 Creator,
1033 5327 1101 5366 ac
1153 5305 1920 5384 ρὺρρίξξῐῖθαδημιούργημα
1991 5316 2063 5373 de

423 5399 600 5456 opere
632 5399 738 5452 per
764 5381 1116 5456 creationera
1138 5399 1166 5434 (ξ
1197 5381 1386 5456 nihilo
1444 5381 1654 5436 educto
1723 5381 2062 5456 uSurpatur.

423 5454 624 5507 Sermo
658 5459 746 5507 est
775 5470 911 5517 ergo
945 5453 1016 5507 de
1057 5453 1310 5524 Virgine,
1367 5457 1658 5522 quatenus
1717 5470 1746 5508 e
1791 5453 2064 5514 manibus

423 5525 523 5594 Dei
551 5525 793 5596 prodiit.
823 5524 1146 5596 Exhibetur
1174 5529 1370 5579 autem
1422 5528 1703 5592 tanquam
1745 5542 1892 5596 opus
1944 5546 2065 5585 non

422 5595 598 5650 modo
627 5613 830 5650 novum
861 5595 964 5652 sed
997 5603 1054 5649 et
1099 5596 1620 5667 splmdigiissimum.
1673 5596 1712 5648 Ε
1761 5595 2064 5656 communi

423 5684 560 5741 ergo
593 5667 802 5724 ordine
825 5663 1206 5724 recedcns'ac
1248 5663 1732 5738 splendidissima
1787 5669 2066 5727 describi-

2175 5178 2721 5253 turiprimaMariw
2755 5179 2940 5253 origo.

2178 5320 2188 5331 .
2248 5249 2361 5321 (27)
2392 5249 2924 5331 Notissimumest,
2948 5249 3539 5331 adsigniﬁrandam
3579 5253 3675 5309 rei
3701 5253 3892 5331 alicu-

2167 5321 2270 5393 jus
2290 5321 2749 5391 amplitudinem
2785 5330 2926 5379 tunc
2947 5321 3219 5380 adhiberi
3243 5327 3507 5393 tropum
3546 5342 3584 5380 e
3611 5327 3768 5380 nari
3789 5323 3892 5393 de-

2176 5392 2584 5467 ductum,cum
2605 5411 2732 5450 rem
2758 5395 3022 5466 qualibet
3052 5392 3691 5467 nieiisui'ainajOi‘em
3718 5392 3903 5467 signi-

2176 5463 2353 5546 ficare
2385 5463 3064 5546 volumus.Sjc'oo{zilatis
3083 5466 3318 5546 pelagus
3335 5463 3572 5546 dicere
3595 5463 3897 5546 solemus,

2174 5538 2242 5588 ut
2295 5536 2658 5593 immensam
2715 5539 2819 5592 Dei
2881 5537 3205 5592 bonitatem
3258 5537 3740 5595 siﬂniflcemns.
3803 5536 3901 5592 Sic

2177 5621 2313 5676 ergo
2339 5607 2543 5676 gratiae
2567 5608 2733 5684 dona
2755 5615 2971 5684 sancta:
2992 5607 3215 5684 Virgini
3249 5607 3489 5666 collata
3538 5609 3904 5684 quamlibet

2175 5692 2520 5736 mensuram
2555 5679 2903 5739 excedentia
2931 5679 3366 5754 prmdicmtur;
