4104 6300
294 351 379 412 165
787 347 1114 410 ΝΙΟΕΤᾹ
1156 347 1576 411 ΜΑΒΟΝΕΛΕ.
1622 382 1699 394 -
1744 352 1847 411 DE
1893 351 1915 410 ἱ

2074 351 2439 412 JESSIONE
2485 352 2607 411 SPI
2619 352 2845 412 BITUS
2890 351 3191 412 SANC'l‘l.
3580 358 3695 416 166

1706 669 1854 709 ANNO
1896 667 2089 710 DOXINI
2126 669 2275 709 MCCI.

801 836 1793 1049 NICETAS
1929 848 3161 1054 MARONEZE

492 1202 2147 1301 THESSALONICENSIS
2255 1205 3435 1301 METROPOLITA

1420 1549 1510 1603 DE
1549 1548 1803 1605 NICETA
1843 1547 2147 1614 EJUSQUE
2186 1549 2514 1605 DIALOGIS

676 1743 1561 1846 MONETUM
1620 1744 1740 1845 σῖ.
1812 1744 3286 1849 HBRGBNRGTHBR

969 1999 1162 2041 THEOL.
1204 2000 1258 2040 IN
1294 2000 1738 2041 WIRCEBURGENSI
1780 2001 2125 2041 LITTERARUM
2165 2002 2547 2043 UNlVERSlTATE
2586 2002 2971 2044 PROFESSOBIS.

331 2304 375 2354 Ι.
405 2298 655 2354 Nicetas
680 2295 821 2358 iste,
855 2293 940 2349 ait
969 2291 1348 2348 doctissimus
1379 2293 1455 2348 Le
1484 2293 1673 2358 Quien
1695 2293 1956 2357 (Orientis
1986 2295 2296 2351 Christiani
2327 2302 2485 2353 tomo
2518 2297 2587 2365 lI,
2636 2313 2692 2367 p.
2727 2298 2839 2370 47),
2874 2298 3024 2354 alius
3056 2299 3300 2356 omnino
3355 2317 3477 2358 non
3526 2308 3614 2359 est
3657 2321 3691 2362 a

270 2388 462 2444 Niceta
492 2381 986 2454 Cbartophylace
1020 2386 1081 2435 et
1110 2383 1396 2437 Maronea;
1446 2384 1743 2454 episcopo,
1784 2384 1882 2453 qui
1924 2383 1997 2438 ad
2046 2385 2632 2441 Thessalonicensem
2691 2386 2893 2441 sedem
2943 2394 3253 2459 provectus
3306 2389 3436 2447 fuit.
3500 2393 3696 2448 Latini

278 2474 560 2549 dogmatis
594 2473 672 2529 de
698 2471 959 2543 Spiritus
982 2471 1168 2526 sancti
1200 2488 1269 2525 ex
1300 2471 1446 2526 Filio
1479 2488 1716 2543 quoque
1750 2472 2126 2544 processione
2151 2479 2412 2529 assertor
2440 2474 2678 2544 quidem
2722 2474 2852 2543 fuit,
2904 2476 3189 2531 insertam
3247 2494 3382 2532 vero
3409 2479 3689 2550 Symbolo

282 2582 477 2620 vocem
510 2564 776 2631 Filioque
808 2576 934 2615 non
964 2559 1269 2632 probabat.
1302 2561 1569 2616 Manuele
1595 2563 1897 2616 Comneno
1924 2562 2282 2633 imperatore
2314 2563 2576 2633 dialogos
2606 2579 2745 2617 suos
2790 2580 2924 2618 cum
2975 2580 3042 2617 eo
3086 2566 3291 2620 habuit
3323 2568 3485 2639 Hugo
3514 2570 3693 2623 Ethe-

287 2655 502 2708 rianus.
533 2651 754 2707 Multas
780 2650 1073 2704 librorum
1104 2650 1234 2720 ejus
1266 2649 1512 2704 lacinias
1548 2651 1770 2721 passim
1802 2652 1923 2705 suis
1954 2651 2017 2704 in
2047 2650 2449 2705 voluminibus
2470 2651 2645 2705 variis
2667 2652 2977 2722 exscripsit
3027 2653 3299 2708 Allatius.
3360 2656 3427 2709 In
3475 2656 3689 2711 biblio-

294 2741 460 2794 theca
485 2743 612 2795 alss.
642 2738 875 2811 Anglia:
905 2738 1063 2791 inter
1081 2737 1320 2792 Joannis
1349 2738 1588 2793 Seldeni
1612 2738 1846 2793 codices
1902 2737 2088 2793 classe
2146 2738 2214 2804 ll,
2267 2755 2326 2792 n.
2388 2742 2422 2791 2
2477 2738 2730 2792 habetur
2761 2739 3026 2806 Prologus
3059 2741 3125 2794 de
3149 2743 3617 2810 peregrinatione
3649 2751 3700 2800 et

298 2829 429 2884 actis
460 2831 517 2883 S.
548 2831 776 2884 Joannis
797 2826 1162 2896 Ecangelislae
1192 2844 1261 2882 ex
1289 2843 1382 2881 ore
1412 2829 1613 2883 Nicetes
1643 2828 2152 2882 Thessalonicensis.
2184 2829 2250 2881 In
2278 2828 2416 2881 lure
2465 2828 2967 2882 Greece-Romano
2999 2834 3244 2900 regestae
3267 2830 3479 2900 jacent
3508 2833 3695 2888 inter-

293 2919 625 2990 rogationes
658 2919 1034 2973 diversorum
1069 2903 1485 2987 episcoporum
1513 2916 1586 2971 ad
1618 2917 1680 2971 D.
1713 2917 1976 2970 Nicetam
2000 2915 2546 2988 Chartopliylacem,
2580 2915 2681 2985 qui
2715 2916 3193 2988 archiepiscopus
3221 2917 3413 2975 factus
3443 2925 3535 2975 est
3569 2938 3694 2977 me-

284 3009 525 3080 tropolis
552 3005 1023 3063 Thessalonicae.
1058 3006 1191 3060 Hinc
1219 3005 1290 3060 de
1318 3005 1523 3060 Niceta
1553 3010 1757 3060 nostro
1792 3005 2168 3076 Lequienius.

346 3107 414 3162 ll.
444 3108 633 3163 Porro
666 3106 905 3161 Nicetas
934 3108 1159 3174 noster,
1188 3120 1366 3174 quem
1395 3104 1589 3175 patria
1618 3102 2013 3174 Mitylenaeum
2044 3104 2224 3159 fuisse
2258 3104 2499 3161 tradunt
2531 3105 2828 3169 nonnulli.
2865 3108 2963 3177 qui
3001 3112 3197 3165 tamen
3234 3110 3364 3166 aliis
3394 3127 3529 3166 eum
3561 3125 3695 3165 cum

274 3196 457 3253 altero
490 3198 700 3252 Niceta
726 3194 1049 3267 posteriori
1084 3193 1212 3265 ejus
1238 3194 1302 3247 in
1332 3193 1845 3248 Thessalonicensi
1877 3193 2013 3248 sede
2045 3211 2387 3250 successore
2446 3196 2599 3267 (vide
2654 3197 2727 3250 Le
2758 3197 2945 3260 Quien
2976 3197 3014 3254 l.
3049 3216 3099 3254 c.
3141 3216 3197 3270 p.
3233 3201 3323 3272 52)
3353 3199 3694 3255 confudisse

269 3286 563 3353 videntur,
598 3285 820 3341 saeculo
844 3283 1126 3339 Ecclesiae
1148 3281 1501 3337 duodecimo
1534 3281 1736 3336 ﬂoruit
1766 3286 1825 3336 et
1854 3282 2010 3336 inter
2039 3282 2156 3336 alia
2186 3299 2290 3337 sex
2344 3282 2415 3338 de
2476 3285 2854 3355 processione
2907 3286 3160 3357 Spiritus
3209 3290 3396 3344 sancti
3429 3289 3693 3361 dialogos

278 3376 630 3447 composuit,
665 3378 724 3429 et
755 3373 997 3443 quidem
1027 3378 1187 3427 certo
1219 3377 1355 3427 ante
1388 3387 1610 3425 annum
1646 3373 1803 3439 £201,
1837 3387 1952 3441 quo
1985 3371 2284 3426 Fabricius
2335 3373 2617 3438 (Biblioth.
2654 3374 2746 3431 Gr.
2776 3374 2885 3429 vol.
2923 3376 3010 3442 Vl,
3045 3394 3101 3447 p.
3136 3379 3239 3431 434
3268 3379 3357 3433 ed.
3383 3385 3495 3434 vet.
3529 3396 3541 3444 ;
3578 3376 3688 3431 vol.

284 3464 388 3533 VII,
422 3482 481 3535 p.
516 3467 623 3518 755
657 3462 752 3518 ed.
788 3460 1045 3531 Harles.)
1083 3477 1184 3515 eos
1214 3464 1487 3514 exaratos
1517 3457 1782 3530 putabat.
1815 3458 1923 3522 Qui
1955 3458 2114 3512 enim
2174 3458 2302 3513 fieri
2351 3465 2601 3530 poterat,
2662 3466 2729 3515 ut
2777 3462 2937 3533 Hugo
2993 3463 3348 3520 Etherianus
3378 3465 3545 3520 libris
3572 3465 3693 3520 suis

280 3552 615 3608 Alexandro
650 3552 725 3607 IlI
758 3567 996 3606 summo
1024 3548 1291 3621 pontiﬁci
1322 3548 1608 3603 dedicatis
1634 3547 1849 3602 Nicetaa
1873 3547 2055 3602 verba
2084 3547 2157 3603 ad
2183 3549 2471 3603 amussim
2502 3551 2724 3605 nostris
2760 3548 3007 3621 dialogis
3058 3568 3321 3609 consona
3376 3554 3688 3625 proferret,

279 3644 326 3695 si
352 3643 567 3713 dialogi
601 3642 716 3713 ipsi
768 3640 945 3713 longe
976 3644 1183 3709 postea
1213 3638 1435 3692 exarati
1490 3636 1747 3693 fuissent
1774 3636 1802 3690 ‘l
1853 3637 1966 3690 Hos
2021 3641 2219 3691 autem
2272 3636 2537 3709 dialogos
2570 3638 2775 3693 laudat
2813 3639 3180 3709 Nicephorus
3212 3641 3557 3707 Blemmida,
3585 3642 3685 3711 qui

286 3738 580 3786 auctorem
612 3735 784 3786 vocat
810 3730 1004 3785 virum
1029 3727 1311 3782 eximium
1344 3731 1402 3780 et
1429 3730 1813 3797 praestantem
1837 3725 2019 3797 (Orat.
2068 3725 2113 3792 Ι,
2156 3741 2213 3778 n.
2275 3728 2306 3778 6
2366 3726 2541 3782 Graec.
2602 3728 2821 3781 orthod.
2859 3733 2898 3781 t.
2959 3730 3002 3792 Ι,
3061 3746 3118 3799 p.
3153 3732 3230 3797 6),
3266 3732 3522 3786 Joannes
3550 3749 3686 3788 vero

284 3817 514 3887 Beccus,
540 3838 677 3875 cum
711 3820 773 3873 in
808 3820 973 3873 hunc
1003 3816 1224 3871 librum
1248 3815 1559 3870 incidisset
1589 3830 1844 3885 eumque
1869 3814 2126 3884 legisset,
2163 3830 2297 3868 mox
2329 3815 2554 3883 ejurato
2593 3816 2909 3870 schismate
2942 3819 3267 3872 Romanam
3330 3820 3506 3874 ﬁdem
3564 3838 3692 3892 par-

284 3911 481 3979 tesque
510 3909 824 3981 amplexus
857 3913 969 3977 est,
1003 3910 1070 3960 ut
1091 3910 1341 3960 testatur
1368 3904 1783 3974 Pachymcres,
1813 3903 1911 3972 qui
1944 3903 2191 3972 insuper
2220 3902 2482 3956 Nicetam
2533 3909 2804 3958 nostrum
2861 3921 2980 3959 aevo
3031 3922 3136 3960 suo
3165 3907 3225 3961 in
3256 3924 3468 3980 magno
3501 3910 3690 3979 pretio

282 3992 463 4051 fuisse
493 4004 553 4052 et
582 3999 643 4051 in
679 3998 903 4068 majore
939 3993 1192 4050 ecclesia
1222 3991 1754 4063 ChartOpliylacem
1781 3995 1986 4046 narrat
2013 3990 2040 4044 ‘l
2069 3992 2225 4059 (Hist.
2248 3990 2285 4044 l.
2319 4008 2393 4055 v1,
2419 4008 2468 4045 c.
2501 3995 2553 4057 6,
2588 3994 2654 4045 28
2691 4013 2705 4059 ;
2746 3993 2784 4049 l.
2817 4010 2909 4062 vn,
2939 4009 2989 4049 c.
3022 3994 3100 4064 9.)
3134 3997 3342 4051 Postea
3363 3997 3425 4051 in
3456 3997 3693 4069 scriptis

293 4085 409 4138 suis
440 4086 707 4156 ejusdem
738 4085 940 4157 operis
975 4083 1343 4138 mentionem
1375 4081 1518 4137 fecit
1546 4080 1705 4135 idem
1735 4080 2094 4152 patriarcha,
2125 4079 2225 4150 qui
2259 4096 2344 4136 or.
2380 4082 2427 4132 ll
2458 4082 2522 4135 de
2552 4082 2761 4151 injusta
2790 4083 3125 4153 depositione
3156 4102 3215 4140 n.
3249 4089 3280 4139 5
3312 4086 3424 4157 (Gr.
3449 4087 3592 4142 ortli.
3620 4088 3695 4157 Il,

289 4186 348 4238 p.
375 4175 461 4243 44)
487 4176 602 4229 ait:
628 4197 657 4225 «
687 4175 922 4229 Nicetas
957 4188 1216 4243 quoque,
1252 4188 1360 4226 sua
1390 4174 1561 4225 astate
1593 4170 1982 4224 archieratica
2010 4168 2558 4224 Thessalonicensis
2590 4173 2987 4242 metropoleos
3018 4178 3232 4229 tenens
3271 4176 3697 4248 gubernacula,

291 4260 638 4332 colloquium
669 4264 852 4319 Graeci
885 4261 1202 4333 Latinique
1236 4260 1634 4326 concinnavit,
1668 4264 1727 4313 et
1750 4258 2011 4330 potiores
2040 4264 2238 4329 partes
2270 4259 2472 4313 Latino
2492 4259 2780 4328 attribuit,
2807 4269 2940 4333 apte
2965 4264 3403 4332 quodammodo
3425 4268 3695 4322 Grmcum

293 4347 576 4409 adducens
605 4354 681 4409 ad
708 4355 997 4410 unionem
1025 4352 1297 4407 hilariter
1325 4348 1790 4422 suscipiendam.
1824 4351 2006 4403 Erant
2037 4349 2354 4419 siquidem,
2390 4355 2559 4405 erant
2591 4356 2649 4405 et
2680 4367 2813 4406 vere
2846 4354 3005 4424 iique
3038 4372 3220 4424 quam
3251 4357 3495 4425 plurimi
3556 4365 3693 4412 ante

302 4452 423 4508 nos,
453 4446 547 4514 qui
576 4447 725 4502 hanc
757 4447 1047 4502 unionem
1078 4441 1616 4515 amplectebantur,
1651 4441 1750 4496 sed
1781 4439 1869 4494 illi
1916 4456 2128 4495 manus
2185 4457 2483 4511 apponere
2537 4457 2658 4495 non
2688 4442 2987 4499 audebant
3017 4447 3090 4500 ob
3122 4463 3192 4501 ea
3220 4446 3370 4515 ipsa,
3407 4463 3538 4515 qum
3561 4464 3694 4515 nos,

313 4542 407 4608 Qui
438 4559 634 4602 manus
664 4546 1075 4618 apposuimus,
1096 4558 1380 4614 perpessa
1410 4556 1636 4597 sumus.
1671 4560 1700 4589 »
1726 4541 1842 4594 Hos
1875 4539 2033 4611 ipsos
2063 4539 2325 4611 dialogos
2357 4545 2415 4595 et
2434 4541 2885 4597 Constantinum
2912 4544 3337 4599 Meliteniotam
3368 4546 3698 4615 respexisse

304 4630 660 4703 crediderim,
684 4636 825 4691 dum
857 4631 1279 4691 animadvertit
1302 4633 1418 4701 (Or.
1468 4630 1520 4684 Il
1572 4631 1650 4684 De
1694 4645 1851 4699 proc.
1904 4630 1999 4699 Sp.
2032 4629 2089 4684 S.
2123 4645 2172 4683 c.
2207 4630 2240 4681 4
2268 4671 2282 4696 ,
2319 4630 2413 4685 Gr.
2446 4630 2591 4683 orth.
2621 4634 2663 4686 t.
2695 4631 2767 4696 11,
2800 4648 2856 4701 p.
2891 4633 3038 4703 912),
3064 4632 3243 4686 etiam
3272 4638 3406 4703 post
3437 4634 3700 4691 schisma

298 4716 493 4785 plures
518 4724 739 4780 Grmcos
767 4723 1115 4779 Latinorum
1138 4718 1398 4791 dogmati
1429 4719 1491 4773 in
1519 4717 1757 4788 scriptis
1791 4717 1915 4771 suis
1947 4733 2076 4772 esse
2104 4717 2475 4789 suﬁ'ragatos,
2498 4718 2648 4772 alios
2679 4726 2903 4789 aperte,
2940 4720 3085 4776 alios
3115 4738 3249 4775 vero
3306 4721 3701 4804 subobscure,

305 4820 527 4881 semper
554 4830 615 4870 se
644 4813 897 4887 tempori
933 4827 1040 4885 pro
1073 4811 1339 4865 humana
1364 4806 1683 4878 fragilitate
1715 4805 2235 4862 accommodantes
2292 4810 2352 4860 et
2407 4806 2515 4861 sub
2570 4807 2765 4878 specie
2806 4807 3020 4881 dialogi
3051 4810 3359 4881 perspicue
3389 4813 3694 4871 veritatem

303 4901 684 4960 enuntiantes.

378 4988 466 5046 Ill.
498 4994 633 5052 Hinc
662 5012 839 5052 nemo
873 4992 1175 5050 morosius
1205 4988 1545 5058 contendet,
1576 4988 1847 5043 Nicetam
1882 4992 2151 5042 nostrum
2206 5001 2328 5041 non
2378 4985 2562 5041 fuisse
2620 4987 2856 5043 Graeciaa
2910 4990 3250 5047 orthodoxa:
3281 4994 3572 5067 theologis
3603 5012 3701 5051 so-

308 5076 590 5140 ciandum.
621 5086 822 5153 Quoad
854 5085 1074 5156 dogma
1105 5082 1299 5154 ipsum
1331 5095 1466 5135 cum
1494 5077 1713 5133 Latinis
1745 5076 2065 5133 concordat
2096 5082 2152 5131 et
2182 5092 2304 5130 non
2335 5075 2656 5147 incongrue
2690 5077 3036 5135 eorumdem
3084 5083 3346 5139 rationes
3404 5087 3648 5156 exponit
3680 5103 3695 5151 ;

294 5168 489 5227 solum
516 5191 748 5231 suorum
780 5175 1001 5233 civium
1032 5176 1220 5239 metu,
1254 5186 1401 5241 quos
1431 5167 1690 5224 suaviter
1722 5167 1964 5222 allicere
1988 5165 2331 5233 conabatur,
2359 5165 2720 5236 prirjudiciis
2751 5184 2819 5222 ea
2840 5167 2901 5223 in
2932 5175 3096 5241 parte
3123 5172 3407 5245 indulget,
3449 5191 3565 5244 qua
3594 5174 3701 5229 ad-

296 5254 567 5319 ditionem
598 5265 878 5338 reprobat
909 5264 975 5319 in
1007 5259 1289 5332 Symbolo
1321 5258 1558 5313 factam.
1586 5256 1952 5312 Inﬁrmiores
1982 5255 2079 5309 hic
2111 5255 2240 5325 ejus
2271 5260 2408 5308 sunt
2438 5253 2719 5321 rationes,
2750 5274 2927 5327 quam
2959 5264 3023 5313 ut
3051 5260 3407 5316 refulatione
3448 5262 3700 5331 longiori

292 5345 477 5421 digna:
507 5357 811 5413 videantur
843 5357 1018 5428 ;jam
1048 5368 1184 5408 eum
1216 5349 1355 5405 inde
1390 5347 1670 5419 carpebat
1698 5346 2015 5402 Bessarion
2048 5345 2317 5400 scribens
2350 5345 2526 5415 (apud
2558 5346 2734 5403 Allat.
2770 5350 2844 5403 De
2872 5352 3191 5415 conscns.,l.
3225 5350 3293 5416 Il,
3328 5370 3377 5408 ο.
3414 5354 3500 5411 28.
3528 5369 3582 5405 n.
3606 5351 3696 5422 Ei):

290 5438 474 5496 Καίτοι
504 5445 532 5498 ὁ
563 5445 971 5513 Θεσσαλονίκης
1000 5440 1166 5500 οὗτος
1216 5440 1295 5509 τῷ
1326 5436 1572 5491 Λατίνων
1613 5432 1929 5509 προσέκειτο
1982 5431 2240 5507 δόγματι·
2299 5431 2361 5484 τὸ
2412 5432 2513 5506 γὰρ
2574 5436 2941 5509 συμπέρασμα
2987 5437 3191 5507 ἀληθὲς
3238 5438 3373 5492 εἶναι
3434 5436 3695 5508 ἐδίδαξεν,

291 5520 522 5604 ἐμάχετο
555 5532 631 5604 δὲ,
659 5539 827 5591 τοῦτο
858 5531 930 5601 δὴ
959 5527 1291 5605 λεγόμενον,
1320 5525 1454 5598 ὑπὲρ
1485 5519 1613 5579 ὄνου
1644 5526 1815 5594 σκιᾶς,
1852 5523 1926 5596 μὴ
1962 5520 2072 5577 δεῖν
2114 5517 2253 5593 μηδὲ
2276 5520 2488 5591 τάληθῆ
2551 5528 2630 5594 τῷ
2690 5520 2969 5597 Συμϐόλῳ
3027 5529 3359 5598 προσθεῖναι.
3396 5528 3448 5597 (‹‹
3498 5528 3699 5588 Quan—

288 5629 464 5685 qaam
494 5622 1043 5684 Thessalonicensis
1071 5620 1185 5675 iste
1218 5618 1565 5674 Latinorum
1597 5614 1857 5687 dogmati
1880 5613 2151 5679 adhaesit,
2180 5610 2628 5669 conclusionem
2660 5616 2821 5670 enim
2853 5633 3048 5671 veram
3081 5632 3210 5670 esse
3265 5614 3528 5678 docebat,
3563 5627 3702 5665 con-

282 5706 556 5776 tendebat
574 5734 730 5793 vero,
760 5721 829 5776 ut
859 5717 926 5775 in
955 5707 1278 5789 proverbio
1310 5710 1420 5780 est,
1452 5704 1525 5762 de
1557 5704 1710 5763 asini
1731 5702 1962 5774 umbra,
1986 5716 2256 5760 asserens
2276 5716 2472 5775 neque
2504 5718 2643 5759 vera
2673 5719 2800 5760 esse
2836 5703 3111 5777 Symbolo
3144 5700 3447 5759 addenda.
3481 5698 3533 5767 ››)
3556 5697 3696 5758 Quae
