4104 6300
405 345 522 406 167
1728 341 2026 406 ΝΙΟΕΊἚ

2126 342 2364 403 [ARON
2377 341 2496 400 EE
3654 345 3747 406 l68

406 477 584 533 verba
604 477 820 550 repetit
847 475 1092 534 Allatius
1121 477 1346 547 (Contra
1363 475 1614 546 Hotting.
1647 493 1704 548 p.
1739 477 1863 543 466,
1898 469 2024 547 467)

2142 491 2178 530 a
2205 491 2340 532 cum
2365 475 2514 530 illis:
2541 477 2772 548 Πρᾶγμα
2807 470 3058 550 μεγάλης
3073 467 3357 536 εὐλαϐείας
3385 493 3437 529 τε
3462 474 3544 529 καὶ
3576 473 3759 552 σοφίας,

409 565 606 640 ὅμοιον
640 563 687 620 εἳ
713 587 797 628 τις
827 563 990 640 ἓλεγε
1022 567 1096 639 μή
1131 563 1238 620 δεῖν
1261 563 1720 640 παρῤησιοέζεσοαι
1753 564 1854 631 τήν
1882 563 2026 634 ἆλτςο

2137 585 2165 620 ν.
2200 588 2227 616 ‹‹
2256 566 2400 621 Rem
2434 580 2660 637 magna:
2691 565 2955 636 profecto
2989 565 3316 620 devolionis
3347 571 3402 620 et
3451 566 3717 637 sapientiae
3745 567 3758 620 t

405 663 488 712 Ac
520 658 569 712 si
603 657 846 724 diceret,
884 673 1004 711 non
1036 663 1307 728 oportere
1341 657 1645 711 veritatem
1677 655 1909 728 publice
1932 655 2264 726 praedicari.
2300 677 2328 704 »
2359 655 2595 710 lnficias
2628 660 2826 709 tamen
2863 654 2947 709 ire
2980 671 3101 710 non
3142 671 3467 726 possumus,
3496 655 3630 710 hanc
3659 655 3764 711 dis-

407 746 782 818 putationem
816 745 1034 801 Graecis
1065 745 1388 801 lectoribus
1417 746 1675 801 maxime
1707 745 2208 801 accommodatam
2241 745 2447 816 reique
2474 744 2586 816 ipsi
2608 744 2816 798 utilem
2848 743 3168 800 admodum
3196 745 3392 800 fuisse.
3425 744 3566 816 Opus
3591 745 3762 816 ipsum

401 835 616 890 merito
648 851 682 890 a
713 835 862 890 Maio
898 840 1138 890 vocatur
1163 851 1310 906 opus
1343 835 1624 907 spissum,
1656 835 1880 906 ingenii
1912 833 2208 902 acumine,
2239 833 2554 889 verborum
2587 833 2776 904 copia,
2803 849 2924 888 non
2957 834 3084 889 sine
3108 841 3408 889 venustate
3437 831 3760 902 redundans,

397 923 460 978 in
486 940 600 994 quo
633 923 969 996 dogmatica
997 924 1123 980 hmo
1151 925 1547 980 controversia
1578 924 1828 980 summis
1859 923 2076 980 viribus
2116 922 2403 978 evolvitur
2457 939 2525 978 ac
2571 921 2908 993 ventilatur,
2966 939 3098 994 quas
3136 922 3504 979 mcumenicis
3547 921 3758 978 demum

393 1011 650 1067 decretis
683 1011 931 1068 deﬁnita
950 1012 1080 1068 fuit.

463 1103 554 1155 ιν.
591 1101 744 1157 Nihil
765 1107 1053 1172 praeterea
1083 1119 1213 1173 quas
1246 1101 1496 1158 Allatius
1525 1101 1753 1174 (Contra
1782 1104 2032 1172 Hotting.
2064 1121 2120 1174 p.
2154 1105 2257 1157 467
2289 1102 2440 1174 seq.)
2473 1119 2544 1157 ex
2581 1101 2814 1174 dialogo
2873 1106 3038 1156 sexto
3069 1100 3418 1174 allegaverat
3445 1116 3617 1171 eaque
3645 1117 3758 1171 qua:

396 1205 467 1243 ex
500 1191 824 1260 Nicephoro
853 1191 1184 1246 Blemmida
1215 1191 1329 1262 (Gr.
1361 1191 1506 1248 orth.
1541 1192 1582 1258 Ι,
1615 1209 1672 1263 p.
1707 1195 1738 1246 6
1771 1209 1873 1262 seq
1903 1195 1922 1260 )
1953 1191 2216 1260 dederat,
2259 1191 2562 1264 vulgatum
2595 1190 2809 1246 exinde
2840 1197 2930 1246 est
2961 1208 2974 1258 ;
3017 1191 3087 1246 de
3119 1199 3359 1247 auctore
3389 1191 3509 1262 ipso
3539 1190 3764 1245 Allatius

397 1278 572 1333 etiam
606 1279 868 1335 Diatriba
900 1279 971 1334 de
1004 1279 1270 1348 Nicetis§
1299 1298 1332 1334 χ
1357 1280 1522 1350 (Maii
1553 1282 1682 1335 Nov.
1719 1280 1850 1335 bibl.
1885 1282 1995 1336 PP.
2033 1287 2074 1335 t.
2099 1281 2192 1350 VI,
2217 1297 2273 1352 p.
2307 1297 2366 1346 ιι,
2400 1298 2456 1352 p.
2495 1283 2558 1334 l2
2583 1283 2734 1350 seq.)
2764 1282 2839 1335 De
2869 1296 3107 1336 consens.
3143 1280 3282 1336 Eccl.
3308 1280 3481 1336 Occid.
3506 1285 3553 1334 et
3576 1280 3762 1334 Orient.

389 1364 430 1420 l.
465 1367 534 1435 ll,
568 1384 622 1422 ο..
660 1370 745 1434 13,
769 1385 828 1422 n.
860 1371 913 1430 5,
947 1386 1004 1440 p.
1036 1371 1160 1436 705,
1188 1369 1269 1423 De
1300 1369 1516 1424 Bubeis
1539 1369 1598 1424 in
1628 1370 1870 1426 Dissert.
1907 1369 1978 1425 de
2009 1369 2468 1441 Theophylacto,
2501 1368 2531 1442 §
2563 1371 2715 1438 19,n.
2739 1371 2806 1422 77
2835 1368 3006 1441 (Opp.
3031 1369 3450 1441 Theophylacti
3485 1368 3764 1425 ed.Venet.

394 1457 553 1522 1754,
589 1461 629 1510 t.
661 1457 704 1525 Ι,
732 1473 791 1527 p.
823 1459 912 1520 46)
947 1463 1004 1511 et
1054 1458 1129 1512 Le
1157 1458 1342 1522 Quien
1374 1458 1638 1529 (Dissert.
1669 1461 1693 1512 Ι
1751 1460 1812 1514 in
1862 1477 1997 1531 opp.
2051 1460 2216 1514 Joan.
2268 1459 2536 1514 Damasc.
2570 1459 2597 1526 §
2627 1459 2716 1524 43,
2750 1475 2808 1529 p.
2843 1461 2934 1528 24,
2976 1458 3255 1528 Panoplt'a
3283 1457 3534 1536 adversus
3561 1457 3772 1512 schisma

396 1545 733 1613 Graeco-rum,
767 1564 826 1618 p.
859 1548 960 1603 323
994 1549 1145 1619 seq.)
1180 1553 1592 1605 tractaverunt.
1619 1549 1865 1605 Demum
1899 1551 2024 1604 Em.
2057 1548 2242 1603 Maius
2273 1547 2588 1621 Prologum
2619 1546 2805 1602 edidit
2826 1564 2944 1603 una
2966 1564 3100 1604 cum
3114 1547 3384 1603 versione
3414 1547 3614 1602 Latina
3632 1548 3772 1615 (Non.

384 1635 530 1692 Bibl.
563 1638 698 1706 PP.,
725 1643 766 1694 t.
803 1640 890 1708 VI,
924 1657 980 1710 p.
1015 1655 1077 1706 ιι,
1109 1658 1165 1712 p.
1203 1642 1328 1708 445,
1361 1643 1506 1712 446).
1533 1643 1646 1696 Nos
1678 1641 1784 1695 hos
1814 1639 2073 1712 dialogos
2104 1638 2358 1694 vidimus
2389 1644 2516 1694 tum
2547 1638 2859 1693 Florentiae
2884 1639 2944 1692 in
2967 1637 3096 1694 cod.
3133 1639 3546 1705 Laurentiano,
3573 1652 3771 1702 xxxvu,

385 1741 447 1780 n.
471 1729 524 1794 2,
548 1727 697 1798 plut.
739 1745 870 1782 xxxx
901 1728 1053 1800 (vide
1077 1729 1348 1785 Bandinii
1371 1729 1555 1786 Catal.
1586 1735 1628 1786 t.
1651 1731 1722 1800 II,
1755 1747 1810 1801 p.
1847 1730 1965 1801 114)
1997 1734 2124 1784 tum
2148 1730 2348 1783 Romae
2379 1728 2441 1782 in
2469 1727 2596 1782 cod.
2625 1728 2807 1782 Vatic.
2837 1727 2996 1798 1115,
3019 1729 3122 1783 ubi
3141 1728 3180 1784 f.
3207 1729 3274 1783 58
3303 1745 3360 1783 v.
3383 1726 3770 1800 postdialogos

389 1814 668 1888 prologus
695 1833 728 1871 a
759 1817 906 1872 Maio
940 1817 1132 1872 editus
1161 1819 1477 1891 reperitur,
1511 1819 1611 1890 qui
1633 1819 1696 1873 in
1744 1817 2134 1873 Laurentiano
2167 1821 2302 1872 ante
2355 1813 2652 1888 dialogum
2686 1815 2705 1870 Ι
2741 1815 2964 1888 positus
2998 1823 3106 1872 est.
3138 1817 3252 1872 Sed
3283 1821 3562 1872 neutrum
3591 1829 3773 1871 exem-

387 1903 519 1975 plar
541 1905 837 1976 integrum
859 1905 1192 1963 describere
1215 1909 1518 1980 potuimus
1547 1907 1680 1963 aliis
1710 1907 1988 1980 operibus
2040 1906 2252 1961 intenti
2309 1911 2366 1960 et
2423 1905 2706 1977 temporis
2744 1905 3028 1962 brevitate
3073 1905 3386 1978 prmpediti
3420 1923 3433 1972 ;
3465 1906 3774 1979 fragmenta.

386 1999 588 2049 tamen
619 1995 757 2050 inde
790 1995 966 2067 plura
995 1997 1344 2070 collegimus
1377 2015 1448 2053 ex
1483 1997 1716 2053 schedis
1747 1997 1922 2052 amici
1942 1995 2255 2067 cujusdam
2286 1997 2484 2051 Romae
2516 1994 2782 2066 degentis
2813 1995 3193 2067 locupletata,
3237 2013 3394 2067 qum,
3447 1995 3671 2052 etiamsi
3707 2009 3774 2048 ne

380 2083 615 2138 tertiam
653 2083 894 2155 quidem
926 2084 1136 2156 prolixi
1167 2087 1362 2158 operis
1393 2091 1624 2158 partem
1683 2085 1983 2153 exhibent,
2035 2084 2266 2141 erudito
2327 2089 2526 2140 tamen
2575 2083 2780 2140 lectori
2831 2084 3106 2140 duximus
3137 2085 3653 2152 communicanda,
3683 2082 3776 2154 qui

378 2171 525 2226 inde
560 2173 739 2228 totius
761 2173 959 2245 operis
991 2180 1376 2245 conspectum
1424 2175 1853 2230 accuratiorem
1911 2173 2128 2229 habere
2177 2178 2388 2245 potest.
2442 2174 2697 2228 Possunt
2726 2178 2785 2227 et
2835 2173 2983 2240 haec,
3015 2174 3076 2229 ni
3115 2173 3314 2240 fallor,
3347 2174 3551 2230 futuro
3583 2174 3782 2229 horum

379 2260 744 2333 dialogorum
771 2261 984 2318 editori
1008 2263 1282 2318 nonnihil
1315 2263 1468 2320 ferre
1497 2262 1762 2334 subsidii,
1791 2263 1930 2320 licet
1958 2279 2066 2319 nos
2097 2279 2226 2318 eam
2258 2263 2377 2318 illis
2409 2279 2651 2334 operam
2687 2279 2906 2319 navare
2946 2263 3108 2320 haud
3140 2264 3539 2335 potuerimus,
3572 2279 3697 2334 qua:
3727 2261 3784 2315 in

377 2350 532 2406 votis
557 2350 729 2406 nobis
759 2356 906 2407 erat.

451 2443 513 2496 V.
548 2443 968 2499 Concludimus
990 2442 1247 2498 breviter
1275 2448 1691 2515 argumentum
1751 2443 2122 2516 dialogorum
2179 2443 2610 2509 describentes,
2670 2441 2811 2498 licet
2841 2443 2901 2498 id
2925 2443 3050 2515 jam
3107 2444 3166 2499 in
3201 2445 3424 2501 Nicetes
3447 2445 3692 2517 Prologo
3722 2442 3791 2498 sit

376 2531 816 2588 adumbratum.
849 2533 1058 2588 Tribus
1091 2533 1292 2604 itaque
1323 2533 1620 2604 prioribus
1671 2533 1922 2606 dialogis
1973 2535 2205 2588 Grmcus
2263 2549 2400 2589 suas
2432 2533 2657 2605 profert
2703 2532 3072 2606 objectiones
3104 2540 3312 2591 contra
3345 2537 3792 2608 processionem

379 2620 632 2692 Spiritus
665 2622 852 2677 sancti
882 2622 1060 2677 etiam
1094 2639 1165 2677 ex
1193 2623 1362 2691 Filio,
1395 2639 1543 2692 quas
1574 2623 1814 2679 Latinus
1837 2621 2026 2678 solide
2055 2622 2405 2693 plerumque
2429 2627 2488 2677 et
2515 2623 2750 2694 c0piose
2783 2623 3020 2680 refutat.
3060 2625 3278 2689 Quarto
3338 2625 3562 2680 deinde
3592 2622 3792 2695 imagi-

371 2725 478 2764 nes
501 2725 534 2766 a
561 2710 838 2766 Patribus
870 2711 1156 2767 adhibitae
1189 2729 1222 2768 a
1254 2712 1458 2768 Latino
1485 2711 1883 2784 explanantur
1911 2716 1971 2767 et
1997 2711 2067 2767 de
2097 2711 2588 2782 praepositionum
2621 2713 2716 2766 EX
2749 2718 2805 2766 et
2824 2713 2962 2768 PER
2989 2713 3050 2768 in
3081 2712 3191 2769 hac
3222 2715 3488 2770 materia
3517 2710 3797 2786 mquipol—

367 2796 552 2854 lentia
583 2803 892 2855 tractatur.
929 2800 1148 2866 Quinto
1184 2801 1424 2857 Latinus
1457 2817 1592 2856 suas
1617 2801 1880 2856 rationes
1911 2799 2147 2857 uberius
2196 2800 2438 2872 eXponit
2485 2806 2542 2855 et
2599 2799 2674 2855 ad
2729 2802 2970 2856 Patrum
3015 2801 3360 2858 testimonia
3394 2804 3637 2872 transit,
3669 2817 3794 2872 qum

369 2891 533 2942 sexto
563 2887 797 2958 dialogo
828 2887 1068 2960 plenius
1096 2890 1456 2946 referuntur.
1491 2890 1806 2946 Conclusio
1839 2890 2080 2946 tandem
2122 2895 2230 2958 est,
2282 2890 2520 2945 Latinos
2579 2889 2823 2960 quidem
2883 2897 3041 2947 recte
3099 2909 3349 2949 censere
3402 2893 3700 2965 Spiritum
3729 2905 3798 2946 ex

369 2975 540 3032 Patre
573 2977 838 3048 Filioque
870 2979 1210 3050 procedere,
1243 2980 1398 3036 male
1433 2985 1630 3036 tamen
1656 2979 1933 3051 Symbolo
1965 2995 2168 3036 vocem
2197 2979 2451 3050 Filioque
2479 2979 2805 3036 addidisse.
