4104 6300
371 352 440 414 ιιι
1314 352 1416 414 DE
1464 346 1992 414 PROCESSIONE
2036 345 2394 413 SPIRI'I‘US
2440 349 2741 411 SANGTI.

3624 354 3741 415 174

1519 706 1924 803 ΛΟΓΟΣ
2006 704 2550 803 ΠΡΩΤΟΣ.

1291 1029 2041 1127 DIALOGUS
2154 1032 2779 1130 PRIMUS-

370 1408 425 1463 α’.
452 1407 537 1463 ῐῬ.
564 1404 734 1481 Φέρε
775 1402 892 1473 δὴ,
933 1403 985 1456 ὦ
1011 1407 1230 1473 Λατῖνε,
1260 1403 1323 1458 τὸ
1353 1403 1621 1479 ἐριστικὸν
1650 1404 1741 1459 καὶ
1802 1403 1966 1481 φιλό-

2154 1412 2203 1463 1.
2238 1409 2350 1464 GR.
2385 1410 2504 1480 Age
2531 1408 2679 1480 jam,
2714 1426 2748 1464 ο
2780 1410 3003 1477 Latine,
3065 1413 3520 1468 contentionem
3578 1417 3638 1469 et
3666 1413 3738 1469 li-

314 1515 453 1550 νεικον
482 1496 542 1556 ὡς
568 1498 645 1567 τῇ
684 1492 935 1568 εὖρὲσει
981 1493 1083 1560 τῆς
1112 1490 1371 1562 ἀληθείας
1430 1490 1694 1567 ἐμπόδιον
1760 1494 1968 1570 μακρὰν

318 1585 478 1640 ὶαυτῶν
499 1582 977 1658 ἀπορρίψαντες,
1009 1579 1077 1635 τὸ
1125 1582 1247 1656 περὶ
1306 1588 1405 1651 τῆς
1434 1584 1530 1635 τοῦ
1588 1582 1745 1657 ἁγίου
1803 1583 1966 1639 Πνεύ-

328 1696 455 1749 ματος
503 1674 914 1750 ὲκπορεῦσεως
974 1673 1219 1745 ζήτημα,
1277 1672 1403 1747 περὶ
1461 1673 1490 1726 ὅ
1553 1673 1642 1727 καὶ
1717 1671 1971 1751 διαφερό-

336 1778 450 1839 μεθα,
486 1766 611 1839 μετᾶ
659 1768 773 1820 τοῦ
834 1762 1007 1837 ἁγίου
1062 1762 1367 1835 ΙΙνεύματος
1435 1760 1967 1836 συνδιασκεψώμεθα.

340 1858 481 1929 Χρεὼν
507 1855 634 1930 γὰρ,
659 1854 837 1925 εἳπερ
870 1853 1023 1906 εἶναι
1061 1849 1376 1925 βουλόμεθα
1438 1855 1535 1905 τοῦ
1587 1850 1745 1926 ἁγίου
1804 1851 1971 1906 Uva-5-

347 1965 471 2016 ματος
520 1942 796 2014 ἀληθινοὶ
890 1938 1187 2013 λατρευταὶ
1258 1939 1347 1994 καὶ
1432 1940 1824 2014 προσκυνηταὶ,
1882 1939 1972 1995 καὶ

345 2034 381 2087 ἐν
420 2032 591 2094 ἄλλοις
659 2032 767 2104 μὲν
833 2031 1040 2084 ἅπασιν
1107 2027 1235 2083 αὐτὸ
1301 2030 1363 2084 τὸ
1422 2026 1639 2100 Πνεῦμα
1700 2030 1763 2083 τὸ
1816 2030 1970 2104 ἅγιον

345 2120 738 2194 ἐπικαλούμενοι
808 2117 965 2193 ἔχειν
1028 2115 1230 2194 ὁδηγὸν
1279 2117 1353 2179 εἷς
1409 2120 1509 2186 τήν
1562 2120 1660 2187 τῆς
1712 2116 1975 2189 ἀληθείας

336 2210 506 2286 εὕρεσιν
556 2212 650 2266 καὶ
738 2209 1087 2281 κατάληψιν,
1149 2206 1384 2281 μάλιστα
1450 2205 1507 2262 δὲ
1563 2207 1615 2262 ἐν
1682 2214 1798 2271 τοῖς
1850 2211 1975 2280 περὶ

334 2301 476 2357 αὐτοῦ
501 2301 709 2357 τούτου
772 2298 998 2373 λόγοις,
1059 2298 1144 2352 ’ὁτι
1198 2319 1256 2353 τε
1319 2296 1523 2353 πλείων
1570 2297 1620 2352 ἐν
1676 2304 1795 2359 ταῖς
1850 2298 1974 2367 περὶ

325 2393 441 2445 Θεοῦ
496 2391 797 2459 ζητήσεσιν
854 2388 890 2456 ἠ
980 2384 1288 2460 δυσχέρεια·
1358 2386 1486 2447 Θεὸς
1569 2382 1627 2440 δὲ
1694 2384 1975 2457 ἀληθινὸς,

320 2478 401 2533 καὶ
449 2479 510 2533 τὸ
564 2482 796 2550 Πνεῦμα
851 2474 1030 2550 Πατρὶ
1076 2474 1166 2529 καὶ
1218 2476 1329 2547 Υἶῷ
1396 2473 1979 2549 συμπροσκυνούμενον

322 2567 391 2629 ὡς
422 2567 669 2644 ὁμοφυὲς
702 2567 797 2621 καὶ
832 2562 1318 2636 συνδοξαζόμενον,
1376 2564 1466 2618 καὶ
1526 2564 1632 2636 ὃτι,
1664 2565 1732 2618 τὰ
1785 2565 1977 2618 ἑαυτοῦ

314 2659 596 2730 γινῶσκον
627 2654 761 2710 αὐτὸ
801 2653 895 2708 καὶ
932 2651 1101 2725 μόνον
1146 2652 1278 2723 μετὰ
1336 2651 1545 2727 Πατρὸς
1602 2651 1691 2707 καὶ
1733 2653 1862 2706 Υἱοῦ
1890 2651 1980 2706 καὶ

309 2743 382 2796 τὰ
432 2744 583 2816 βαθη
636 2748 729 2798 τοῦ
786 2747 927 2798 Θεοῦ
986 2739 1211 2815 ἐρευνῶν
1268 2743 1368 2814 (6),
1428 2738 1570 2796 οἶδεν
1625 2741 1980 2796 ἐκκαλύπτειν
2013 2781 2061 2846 Β

301 2833 403 2893 οἷς
438 2833 537 2886 καὶ
571 2831 660 2887 ὅτε
688 2835 774 2888 καί
808 2833 941 2887 ὅσον
974 2830 1174 2906 χρεών.
1205 2834 1373 2885 Τοῦτο
1428 2828 1485 2885 δὲ
1515 2832 1617 2886 οὐκ
1667 2827 1813 2886 ἔσται
1866 2835 1985 2893 τοῖς

272 2920 612 2997 ἐριστικῶς
693 2920 1005 2996 ἀντιλέγειν
1091 2917 1357 2974 ἐθέλουσι·
1424 2918 1616 2996 ποῤῥω
1679 2920 1781 2995 γὰρ
1872 2923 1977 2974 τῶν

249 3014 607 3089 ἐριστικῶν
678 3011 1016 3086 ἀντιλογιῶν
1066 3010 1094 3064 ὁ
1177 3010 1323 3084 παρὰ
1384 3010 1461 3084 (7)
1516 3012 1613 3063 τοῦ
1669 3010 1979 3082 Πνεύματος

235 3102 617 3179 Ῡωτισμός.

329 3284 724 3358 ΛΑΤ.’Λγε
759 3283 859 3354 (8),
918 3279 966 3333 ὦ
997 3277 1214 3351 Γραϊκὶ,
1282 3275 1630 3351 φιλαληθῶς,
1679 3276 1872 3331 ταυτὸν
1924 3272 1982 3330 δὲ

241 3372 488 3442 εἰπεῖν,
587 3368 898 3447 φιλοθὲως·
959 3366 1177 3437 ἀληθὴς
1260 3366 1364 3442 γὰρ
1425 3367 1453 3420 ὁ
1520 3366 1648 3427 Θεὸς
1703 3365 1791 3420 καὶ
1853 3365 1980 3428 Θεὸς

239 3460 542 3533 ἀλήθεια
588 3462 689 3515 καὶ
747 3459 808 3514 ἐκ
846 3459 983 3513 Θεοῦ
1027 3460 1188 3511 πᾶσιν
1227 3456 1262 3524 ἡ
1353 3454 1603 3526 ἀλήθεια.
1660 3459 1819 3519 Ποθῶ
1876 3456 1979 3531 γὰρ

227 3552 356 3619 τήν
434 3551 599 3625 περὶ
667 3546 881 3604 τούτων
933 3548 1164 3616 ζήτησιν
1215 3545 1302 3599 καὶ
1387 3543 1448 3599 ἐκ
1515 3542 1732 3599 πολλοῦ
1779 3544 1981 3614 ταύτην

236 3634 467 3693 ὠδίνω
508 3641 627 3708 τήν
658 3634 1021 3707 συνεξέτασιν.
1055 3631 1249 3689 ’⁸8λοοι
1301 3629 1359 3687 δὲ
1416 3633 1552 3704 ἡμῖν
1614 3633 1641 3686 ὁ
1686 3630 1981 3706 [Ιαράκλη-

241 3748 383 3797 τῖες,
442 3732 535 3784 τὸ
599 3731 818 3800 Πνεῦμα
866 3732 968 3795 τῆς
1037 3720 1323 3794 ἀληθείας,
1390 3722 1480 3777 καὶ
1539 3719 1805 3776 εὐοδώσοι
1885 3722 1980 3776 τὸν

250 3813 464 3891 λόγον
500 3817 718 3893 τρέπον
751 3816 832 3877 εἷς
863 3813 1074 3878 εὐθεῖαν
1135 3813 1202 3867 τὰ
1256 3810 1454 3867 σκολιᾶ
1492 3812 1568 3885 (9)
1626 3812 1701 3874 ὡς
1759 3813 1981 3884 Πνεῦμα

261 3905 435 3969 eiEi-1;
468 3911 607 3981 (10)
649 3906 703 3963 ἐν
764 3910 882 3967 τοῖς
935 3908 1047 3960 τῶν
1107 3905 1311 3957 πιστῶν
1372 3901 1623 3976 ἐγκατοις
1680 3900 1981 3976 ἐγκαινιζό-

272 4016 462 4065 μενον
521 4000 623 4055 καὶ
673 3996 928 4071 πληροῦν
996 3993 1094 4056 τὰς
1161 3991 1508 4054 ἐλλειπτικᾶς
1565 3998 1665 4061 τῆς
1725 3992 1981 4065 γνώσεως

266 4086 619 4164 φάραγγας,
648 4089 737 4142 καὶ
760 4084 911 4147 λείας
940 4086 1082 4156 ἡμῖν
1114 4081 1557 4158 ἀπεργαζόμενον
1598 4081 1693 4143 τὰς
1720 4079 1977 4157 τραχείας

273 4169 464 4237 ὁδούς
498 4180 644 4250 (11)-

367 4267 493 4321 ΓΡ.
538 4267 712 4334 Κοινή
778 4265 875 4337 μὲν
953 4259 1058 4333 ἢδη
1120 4262 1322 4336 ἀμφοῖν
1376 4262 1411 4331 ἠ
1474 4260 1615 4335 εὐχή
1673 4260 1762 4315 καὶ
1821 4261 1901 4323 εἷς
1958 4259 1985 4312 ὁ

284 4353 552 4420 σκοπὸς,
589 4355 623 4424 ἠ
654 4351 745 4407 ἐπὶ
773 4356 846 4426 τῇ
905 4349 1244 4427 προκειμένῃ
1292 4344 1542 4421 ωσκέψει
1601 4350 1829 4419 ζήτησις
1887 4352 1988 4415 τῆς

278 4438 593 4512 ἀληθείας
621 4444 711 4500 καὶ
753 4442 982 4519 εὕρεσις·
1017 4439 1218 4496 λοιπὸν
1277 4436 1333 4494 δὲ
1379 4440 1602 4513 ἀρκτέον
1659 4442 1758 4494 τοῦ
1813 4437 1991 4514 ἐγχει-

284 4535 365 4603 ρή
378 4554 604 4605 ματος.

374 4618 781 4677 ΛΔΤ.Ἀλλᾶ
837 4617 1112 4693 πρότερον
1178 4614 1382 4691 βραχέα
1411 4614 1534 4670 τινὰ
1563 4615 1686 4687 περὶ
1746 4617 1854 4669 τῶν
1909 4612 1997 4669 ἐπὶ

296 4711 412 4774 τῆς
480 4709 651 4785 ἁγίας
710 4704 948 4782 Τριάδος
1005 4704 1487 4780 δογματιζομένων
1535 4704 1623 4759 καὶ
1684 4704 1996 4779 λεγομένων

306 4794 465 4867 ἡμῖν
545 4799 628 4861 ὡς
699 4798 753 4852 ἐν
811 4795 1182 4871 προθεωρίαις
1234 4791 1639 4867 διαληψόμεθα·
1734 4790 1834 4863 ἔξει
1894 4793 1997 4869 γὰρ

304 4881 458 4948 ἴσως
524 4891 701 4943 ταῦτα
758 4886 937 4964 ῥοπὴν
996 4884 1065 4940 οὗ
1138 4883 1333 4957 μικρὰν
1392 4882 1531 4957 πρὸς
1595 4883 1697 4951 τὴν
1753 4885 1851 4937 τοῦ
1909 4880 2002 4936 λό-

308 4994 419 5044 του
483 4975 776 5046 εὖόδωσιν,
834 4976 925 5032 καὶ
984 4972 1203 5047 μᾶλλον
1266 4971 1418 5048 εἳπερ
1476 4973 1582 5026 εἶεν
1634 4972 1788 5027 ταυτὶ
1844 4974 1999 5045 κοινῇ

315 5065 887 5145 συνομολογούμενα·
951 5064 1018 5119 τό
1075 5082 1137 5117 τε
1178 5062 1281 5137 γὰρ
1338 5058 1567 5132 συνᾷδον
1624 5067 1743 5125 ταῖς
1794 5065 2002 5123 κοιναῖς

314 5150 489 5223 ἡμῶν
524 5156 865 5233 ὁμολογίαις
896 5154 991 5210 καὶ
1031 5152 1096 5207 τὸ
1127 5149 1329 5222 ἀπᾷδον
1375 5154 1431 5206 ἒν
1481 5155 1599 5212 τοῖς
1633 5150 1755 5220 ἑξῆς
1814 5149 2000 5225 λόγοις

320 5241 457 5315 ῥᾷον
494 5249 678 5313 οὕτως
743 5246 1245 5324 ὃιαγνωσθήσεται.
1302 5248 1391 5298 Δεῖ
1446 5241 1547 5317 γὰρ
1624 5246 1743 5303 ταῖς
1800 5241 2001 5316 ἀρχαῖς

321 5347 644 5415 τδμῩωνεῖν
684 5341 752 5397 τα
782 5338 1090 5416 λεγόμενα,
1123 5333 1208 5388 καὶ
1241 5334 1270 5388 ’ὁ
1331 5332 1426 5406 μὲν
1486 5335 1787 5408 συμφωνεῖ,
1844 5335 2002 5386 τοῦτο

86 4826 115 4877 λ

387 5523 466 5595 (ι)
497 5525 527 5579 Ι
562 5523 694 5581 Cor.
732 5541 795 5593 ιι,
820 5522 916 5595 i_0.

376 5590 464 5666 (7)
500 5597 661 5654 Laur
687 5613 700 5651 :
732 5590 886 5666 περί.

687 5670 730 5723 ν
755 5685 771 5725 :
801 5652 1147 5738 λᾶγιςΐοῐι.
1178 5652 1379 5732 λεγοις.

2080 1496 2305 1570 tigandi
2338 1498 2635 1569 pruritum
2669 1503 2873 1570 utpote
2901 1500 3168 1555 veritatis
3209 1501 3580 1557 inveniendaa
3624 1504 3741 1558 im-

2079 1586 2424 1658 pedimenta
2454 1588 2717 1657 procula
2746 1588 2917 1643 nobis
2951 1595 3311 1658 amoventes,
3344 1591 3738 1661 quaestionem

2080 1676 2152 1731 de
2184 1677 2564 1747 processione
2623 1678 2874 1748 Spiritus
2924 1678 3136 1743 sancti,
3202 1679 3364 1734 circa
3427 1696 3607 1750 quam
3665 1681 3738 1737 ab

2080 1765 2332 1820 invicem
2366 1765 2773 1833 dissentimus,
2798 1766 3121 1821 auxiliante
3153 1767 3373 1838 Spiritu
3404 1774 3607 1823 sancto
3621 1785 3740 1825 una

2082 1855 2261 1910 simul
2285 1855 2744 1927 perpendamus.
2781 1856 3026 1927 Oportet
3051 1855 3293 1923 enim,si
3318 1855 3588 1911 volumus
3609 1872 3738 1912 esse

2080 1944 2204 1999 veri
2227 1945 2480 2015 Spiritus
2521 1945 2709 2000 sancti
2736 1944 3079 2000 adoratores
3110 1949 3167 1999 et
3206 1944 3485 2011 cultores,
3520 1948 3644 1999 tum
3674 1943 3736 1997 in

2083 2034 2361 2089 omnibus
2391 2034 2523 2089 aliis
2555 2035 2751 2106 ipsum
2802 2034 3087 2105 Spiritum
3145 2039 3415 2090 sanctum
3464 2034 3734 2089 invocare

2082 2125 2395 2195 ipsumque
2428 2125 2534 2180 viae
2562 2124 2774 2180 ducem
2801 2124 3020 2181 habere
3078 2124 3152 2181 ad
3208 2125 3518 2181 veritatem
3575 2125 3739 2180 inve-

2084 2213 2366 2269 niendam
2398 2220 2457 2269 et
2484 2214 2954 2286 intelligendam,
2986 2220 3113 2270 tum
3145 2214 3399 2269 maxime
3429 2214 3491 2269 in
3515 2229 3740 2269 sermo-

2085 2303 2281 2371 nibus,
2326 2304 2426 2374 qui
2458 2303 2529 2359 de
2570 2305 2674 2359 illo
2706 2305 2834 2376 ipso
2884 2304 3198 2374 habentur,
3259 2304 3399 2375 quia
3445 2308 3504 2359 et
3549 2303 3741 2375 major

2086 2398 2175 2447 est
2205 2392 2266 2447 in
2297 2394 2751 2463 quaestionibus,
2785 2411 2915 2465 qua;
2946 2394 3020 2450 de
3049 2395 3165 2449 Deo
3190 2391 3737 2466 agunt,difﬁcultas.

2087 2483 2241 2536 Deus
2260 2487 2458 2537 autem
2481 2499 2656 2537 verus
2679 2487 2736 2537 et
2756 2483 3012 2553 Spiritus
3034 2487 3274 2538 sanctus
3297 2486 3385 2536 est
3412 2498 3547 2537 cum
3567 2482 3741 2536 Patre

2090 2575 2148 2625 et
2167 2570 2312 2625 Filio
2334 2570 2510 2626 simul
2533 2571 2812 2627 adoratus
2834 2576 3038 2642 utpote
3073 2570 3344 2642 ejusdem
3365 2586 3610 2625 consors
3632 2585 3741 2624 na-

2090 2665 2237 2714 turaa
2264 2664 2321 2712 et
2350 2659 2526 2714 simul
2562 2659 2925 2731 gloriﬁcatus
2959 2677 2972 2726 ;
3007 2664 3066 2713 et
3121 2660 3261 2729 quia
3312 2658 3437 2729 ipse
3478 2673 3573 2713 res
3602 2673 3740 2713 suas

2091 2753 2539 2820 cognoscens,et
2568 2747 2809 2818 quidem
2842 2748 3004 2803 solus
3033 2764 3168 2802 cum
3198 2748 3372 2802 Patre
3400 2751 3459 2800 et
3484 2745 3649 2814 Filio,
3682 2749 3742 2800 et

2091 2842 2363 2892 scrutans
2394 2835 2687 2908 profunda
2716 2837 2818 2891 Dei
2876 2836 3039 2891 novit
3094 2835 3355 2891 revelare
3413 2834 3628 2905 quibus
3682 2837 3743 2889 et

2091 2927 2329 2998 quando
2351 2932 2719 2997 etquantum
2750 2931 2983 2998 oportet
3016 2944 3030 2992 ;
3063 2926 3176 2981 hoc
3207 2942 3343 2981 vero
3391 2941 3512 2980 non
3543 2923 3739 2979 evenit

2090 3035 2225 3073 cum
2256 3018 2330 3071 iis
2351 3018 2453 3088 qui
2476 3017 2880 3073 contentionis
2912 3016 3104 3072 studio
3128 3015 3543 3072 contradicunt
3567 3031 3580 3069 :
3602 3030 3743 3086 pro-

2090 3108 2188 3163 cul
2240 3109 2401 3163 enim
2449 3124 2483 3162 a
2531 3106 2920 3163 contentiosis
2968 3104 3536 3162 contradictionibus
3579 3104 3745 3160 abest

2091 3197 2341 3269 Spiritus
2372 3196 2734 3252 illuminatio
2767 3201 2825 3252 et
2855 3196 3197 3252 illustratio.

2162 3288 2314 3343 LAT.
2348 3289 2487 3361 Age,
2521 3304 2554 3343 o
2585 3288 2805 3354 Graece,
2837 3304 3040 3344 amore
3108 3287 3392 3352 veritatis,
3426 3286 3547 3342 sive
3586 3282 3744 3355 quod

2090 3376 2247 3433 idem
2279 3383 2370 3434 est
2398 3394 2598 3433 amore
2630 3378 2733 3433 Dei
2765 3379 2960 3448 (verax
2992 3376 3151 3432 enim
3183 3378 3356 3444 Deus,
3390 3380 3447 3430 et
3472 3376 3626 3429 Deus
3656 3375 3747 3428 est

2086 3467 2302 3522 veritas
2347 3472 2406 3521 et
2454 3484 2526 3521 ex
2573 3468 2690 3522 Deo
2745 3467 2962 3522 veritas
3019 3465 3296 3521 omnibus
3327 3464 3532 3536 venit).
3582 3458 3746 3518 Desi-

2090 3555 2231 3611 dero
2264 3557 2425 3610 enim
2458 3556 2939 3626 disquisitionem
2973 3554 3046 3609 de
3077 3555 3191 3610 hac
3221 3552 3475 3608 materia
3506 3556 3564 3605 et
3585 3550 3746 3621 jam-

2091 3645 2315 3701 dudum
2346 3644 2682 3699 vehementi
2735 3643 3032 3699 desiderio
3083 3642 3297 3698 anhelo
3341 3641 3495 3697 hanc
3552 3638 3745 3694 disce-

2087 3734 2434 3806 ptationem.
2500 3732 2884 3804 Superveniat
2954 3747 3090 3785 vero
3159 3729 3332 3784 nobis
3384 3727 3744 3794 Paracletus,

2088 3822 2340 3894 Spiritus
2365 3820 2631 3876 veritatis
2663 3824 2722 3874 et
2755 3834 3093 3874 sermonem
3152 3817 3306 3872 bene
3352 3816 3588 3888 dirigat,
3619 3831 3745 3869 ver-

2089 3927 2222 3978 tens
2253 3926 2431 3983 prava
2460 3910 2521 3964 in
2553 3908 2782 3963 directa
2810 3912 2876 3962 ut
2904 3907 3160 3979 Spiritus
3190 3910 3388 3961 rectus
3420 3905 3483 3959 in
3502 3902 3746 3958 visceri-

2089 4002 2199 4057 bus
2230 4000 2498 4056 ﬂdelium
2535 3998 2846 4053 innovatus
2892 4002 2949 4052 et
2999 3995 3305 4066 complens
3355 3993 3744 4064 exaltansque

2091 4091 2438 4147 deﬁcientes
2467 4092 2686 4144 nostraa
2719 4085 3074 4159 cognitionis
3092 4084 3293 4156 valles,
3312 4100 3554 4157 asperas
3575 4080 3747 4138 nobis

2093 4181 2215 4235 vias
2247 4179 2512 4234 efﬁciens
2542 4176 2770 4249 planas.

2169 4267 2283 4322 GR.
2317 4264 2660 4321 Communis
2685 4262 2811 4334 jam
2845 4268 2937 4318 est
2964 4262 3276 4333 utriusque
3316 4265 3588 4317 nostrum
3616 4272 3753 4329 pre-

2102 4357 2280 4420 catio,
2312 4360 2369 4411 et
2388 4371 2544 4409 unus
2577 4352 2858 4424 idemque
2892 4368 3127 4423 scopus,
3158 4349 3434 4405 videlicet
3489 4345 3753 4402 veritatis

2104 4446 2413 4518 inquisitio
2446 4450 2503 4499 et
2552 4443 2812 4498 inventio
2873 4443 3031 4497 circa
3079 4439 3445 4512 propositam
3475 4434 3757 4506 quaestio-

2105 4552 2265 4591 nem.
2298 4536 2425 4589 Jam
2449 4550 2585 4606 ergo
2615 4548 2743 4587 rem
2774 4530 3206 4603 aggrediamur.

2177 4624 2329 4678 LAT.
2366 4621 2479 4676 Sed
2509 4610 2675 4693 prius
2725 4635 2916 4691 pauca
2958 4616 3231 4689 quaedam
3287 4626 3653 4686 exponamus
3701 4616 3761 4667 et

2105 4710 2546 4785 perpendamus
2568 4710 2639 4764 de
2668 4709 2741 4763 iis
2773 4724 2903 4778 quae
2926 4707 3085 4761 circa
3112 4708 3379 4760 sanctam
3408 4701 3758 4757 Trinitatem

2107 4800 2437 4875 dogmatice
2470 4800 2802 4854 efferuntur
2832 4801 2891 4851 et
2920 4794 3342 4867 praedicantur,
3392 4791 3573 4849 veluti
3616 4808 3763 4863 prm-

2109 4890 2353 4947 ambula
2383 4886 2875 4959 disceptationis;
2925 4884 3053 4939 haec
3112 4885 3272 4939 enim
3327 4883 3574 4939 fortasse
3603 4880 3763 4936 haud

2111 4981 2387 5054 exiguum
2417 4978 2652 5052 pondus
2680 4975 2985 5031 habebunt
3014 4973 3090 5029 ad
3120 4973 3287 5030 illam
3316 4974 3469 5029 bene
3508 4974 3763 5043 apteque

2112 5069 2504 5144 dirigendam,
2535 5064 2864 5140 praesertim
2889 5064 2937 5120 si
2970 5064 3278 5120 communi
3308 5063 3405 5118 hic
3432 5058 3709 5131 suffragio
3731 5073 3767 5111 α

2111 5158 2282 5213 nobis
2314 5157 2537 5212 fuerint
2564 5169 2882 5221 concessa;
2916 5152 3144 5209 scilicet
3173 5150 3406 5207 facilius
3456 5150 3566 5204 hoc
3595 5148 3767 5216 pacto

2113 5251 2236 5302 tum
2269 5246 2427 5317 quod
2446 5261 2580 5300 cum
2604 5243 3022 5299 communibus
3051 5241 3275 5297 nostris
3296 5232 3768 5295 confessionibus

2113 5339 2553 5404 consonat,tum
2573 5331 2730 5404 quod
2760 5331 2832 5387 ab
2865 5330 2983 5387 illis
3023 5327 3366 5386 dissonatin
3384 5317 3769 5395 sequentibus

2188 5508 2266 5582 (9)
2286 5509 2406 5582 ἓΙεξει.
2436 5522 2526 5582 ξι,
2558 5506 2614 5582 4,

2216 5573 2299 5647 l0)
2330 5575 2482 5633 Psal.
2519 5593 2568 5632 LI
2600 5573 2791 5647 (Vulg.
2824 5573 2900 5646 L.)
2934 5574 3022 5629 10.

2216 5583 2299 5647 l0)
2330 5583 2482 5633 Psal.
2519 5593 2568 5632 LI

2187 5583 2303 5723 in)
2333 5649 2444 5705 Isa.
2478 5648 2519 5704 1.
2545 5664 2596 5703 ο.
