  <div class='ocr_page' id='page_1' title='image "/cluster/home/n/w/nwhite01/storage/ocr_20150623/139/mdp.39015078384214/095.png"; bbox 0 0 4104 6300; ppageno 0'>
   <div class='ocr_carea' id='block_1_1' title="bbox 436 469 2074 540">
    <p class='ocr_par' dir='ltr' id='par_1_1' title="bbox 436 473 2074 540">
     <span class='ocr_line' id='line_1_1' title="bbox 436 473 2074 540; baseline -0.003 -1"><span class='ocrx_word' id='word_1_1' title='bbox 436 481 546 540; x_wconf 76' lang='grc'>1³75</span> <span class='ocrx_word' id='word_1_2' title='bbox 1697 473 2018 537; x_wconf 74' lang='grc' dir='ltr'>ΝΙΟΕΤιΕ</span> <span class='ocrx_word' id='word_1_3' title='bbox 2060 473 2074 534; x_wconf 90' lang='grc'><strong>]</strong></span> 
     </span>
    </p>
   </div>
   <div class='ocr_carea' id='block_1_2' title="bbox 2203 469 2589 540">
    <p class='ocr_par' dir='ltr' id='par_1_2' title="bbox 2203 469 2589 535">
     <span class='ocr_line' id='line_1_2' title="bbox 2203 469 2589 535; baseline 0.003 -1"><span class='ocrx_word' id='word_1_4' title='bbox 2203 469 2589 535; x_wconf 71' lang='grc' dir='ltr'>ὶΟΝΙΕΝΒΙὸ</span> 
     </span>
    </p>
   </div>
   <div class='ocr_carea' id='block_1_3' title="bbox 3665 480 3761 540">
    <p class='ocr_par' dir='ltr' id='par_1_3' title="bbox 3665 480 3761 540">
     <span class='ocr_line' id='line_1_3' title="bbox 3665 480 3761 540; baseline 0.021 -2"><span class='ocrx_word' id='word_1_5' title='bbox 3665 480 3761 540; x_wconf 76' lang='grc' dir='ltr'>1Ίῦ</span> 
     </span>
    </p>
   </div>
   <div class='ocr_carea' id='block_1_4' title="bbox 428 602 2074 686">
    <p class='ocr_par' dir='ltr' id='par_1_4' title="bbox 428 607 2074 681">
     <span class='ocr_line' id='line_1_4' title="bbox 428 607 2074 681; baseline -0.003 -16"><span class='ocrx_word' id='word_1_6' title='bbox 428 609 807 666; x_wconf 83' lang='lat' dir='ltr'>sermonibus</span> <span class='ocrx_word' id='word_1_7' title='bbox 865 609 1251 666; x_wconf 82' lang='lat' dir='ltr'>discernatur.</span> <span class='ocrx_word' id='word_1_8' title='bbox 1286 612 1530 681; x_wconf 81' lang='lat' dir='ltr'>Oportet</span> <span class='ocrx_word' id='word_1_9' title='bbox 1577 611 1734 665; x_wconf 91' lang='lat' dir='ltr'>enim</span> <span class='ocrx_word' id='word_1_10' title='bbox 1766 607 2074 680; x_wconf 82' lang='lat' dir='ltr'>principiis</span> 
     </span>
    </p>
   </div>
   <div class='ocr_carea' id='block_1_5' title="bbox 2203 602 3750 686">
    <p class='ocr_par' dir='ltr' id='par_1_5' title="bbox 2203 602 3750 681">
     <span class='ocr_line' id='line_1_5' title="bbox 2203 602 3750 681; baseline 0.003 -24"><span class='ocrx_word' id='word_1_11' title='bbox 2203 606 2421 681; x_wconf 73' lang='grc' dir='ltr'>γνήσιον</span> <span class='ocrx_word' id='word_1_12' title='bbox 2451 605 2588 659; x_wconf 78' lang='grc' dir='ltr'>εἶναι</span> <span class='ocrx_word' id='word_1_13' title='bbox 2622 603 2957 681; x_wconf 83' lang='grc' dir='ltr'>λογίζεσθαι,</span> <span class='ocrx_word' id='word_1_14' title='bbox 2991 607 3024 661; x_wconf 78' lang='grc' dir='ltr'>ὅ</span> <span class='ocrx_word' id='word_1_15' title='bbox 3050 602 3109 661; x_wconf 73' lang='grc' dir='ltr'>δὶ</span> <span class='ocrx_word' id='word_1_16' title='bbox 3137 603 3351 676; x_wconf 77' lang='grc' dir='ltr'>ἆπάδει,</span> <span class='ocrx_word' id='word_1_17' title='bbox 3382 610 3519 662; x_wconf 81' lang='grc' dir='ltr'>τοῦτο</span> <span class='ocrx_word' id='word_1_18' title='bbox 3543 608 3608 670; x_wconf 83' lang='grc' dir='ltr'>ὡς</span> <span class='ocrx_word' id='word_1_19' title='bbox 3626 609 3750 662; x_wconf 80' lang='grc' dir='ltr'>νόθον</span> 
     </span>
    </p>
   </div>
   <div class='ocr_carea' id='block_1_6' title="bbox 428 693 2074 770">
    <p class='ocr_par' dir='ltr' id='par_1_6' title="bbox 428 698 2074 770">
     <span class='ocr_line' id='line_1_6' title="bbox 428 698 2074 770; baseline -0.002 -16"><span class='ocrx_word' id='word_1_20' title='bbox 428 699 796 756; x_wconf 83' lang='lat' dir='ltr'>concordent</span> <span class='ocrx_word' id='word_1_21' title='bbox 825 715 956 768; x_wconf 57' lang='lat' dir='ltr'>quin</span> <span class='ocrx_word' id='word_1_22' title='bbox 988 698 1287 766; x_wconf 87' lang='lat' dir='ltr'>dicuntur,</span> <span class='ocrx_word' id='word_1_23' title='bbox 1322 704 1381 754; x_wconf 92' lang='lat' dir='ltr'>et</span> <span class='ocrx_word' id='word_1_24' title='bbox 1410 698 1566 770; x_wconf 92' lang='lat' dir='ltr'>quod</span> <span class='ocrx_word' id='word_1_25' title='bbox 1597 698 1937 763; x_wconf 84' lang='lat' dir='ltr'>concordat,</span> <span class='ocrx_word' id='word_1_26' title='bbox 1970 698 2074 751; x_wconf 88' lang='lat' dir='ltr'>hoc</span> 
     </span>
    </p>
   </div>
   <div class='ocr_carea' id='block_1_7' title="bbox 2203 693 3103 770">
    <p class='ocr_par' dir='ltr' id='par_1_7' title="bbox 2203 693 3103 769">
     <span class='ocr_line' id='line_1_7' title="bbox 2203 693 3103 769; baseline 0.006 -22"><span class='ocrx_word' id='word_1_27' title='bbox 2203 696 2275 748; x_wconf 78' lang='grc' dir='ltr'>ιαὶ</span> <span class='ocrx_word' id='word_1_28' title='bbox 2312 695 2633 769; x_wconf 84' lang='grc' dir='ltr'>μαχόμενον</span> <span class='ocrx_word' id='word_1_29' title='bbox 2663 693 3103 768; x_wconf 80' lang='grc' dir='ltr'>ἀποπέμπεσθαι.</span> 
     </span>
    </p>
   </div>
   <div class='ocr_carea' id='block_1_8' title="bbox 431 783 2084 862">
    <p class='ocr_par' dir='ltr' id='par_1_8' title="bbox 431 783 2084 862">
     <span class='ocr_line' id='line_1_8' title="bbox 431 783 2084 862; baseline -0.004 -18"><span class='ocrx_word' id='word_1_30' title='bbox 431 790 757 862; x_wconf 88' lang='lat' dir='ltr'>genuinum</span> <span class='ocrx_word' id='word_1_31' title='bbox 783 803 913 843; x_wconf 90' lang='lat' dir='ltr'>esse</span> <span class='ocrx_word' id='word_1_32' title='bbox 944 792 1291 853; x_wconf 82' lang='lat' dir='ltr'>censeatur;</span> <span class='ocrx_word' id='word_1_33' title='bbox 1324 788 1483 859; x_wconf 92' lang='lat' dir='ltr'>quod</span> <span class='ocrx_word' id='word_1_34' title='bbox 1516 804 1650 843; x_wconf 91' lang='lat' dir='ltr'>vero</span> <span class='ocrx_word' id='word_1_35' title='bbox 1681 785 2003 852; x_wconf 90' lang='lat' dir='ltr'>discordat,</span> <span class='ocrx_word' id='word_1_36' title='bbox 2022 783 2084 838; x_wconf 91' lang='lat' dir='ltr'>id</span> 
     </span>
    </p>
   </div>
   <div class='ocr_carea' id='block_1_9' title="bbox 429 876 1716 949">
    <p class='ocr_par' dir='ltr' id='par_1_9' title="bbox 429 876 1716 949">
     <span class='ocr_line' id='line_1_9' title="bbox 429 876 1716 949; baseline 0 -19"><span class='ocrx_word' id='word_1_37' title='bbox 429 877 606 932; x_wconf 90' lang='lat' dir='ltr'>veluti</span> <span class='ocrx_word' id='word_1_38' title='bbox 639 879 906 949; x_wconf 89' lang='lat' dir='ltr'>spurium</span> <span class='ocrx_word' id='word_1_39' title='bbox 939 884 997 932; x_wconf 91' lang='lat' dir='ltr'>et</span> <span class='ocrx_word' id='word_1_40' title='bbox 1026 893 1365 948; x_wconf 87' lang='lat' dir='ltr'>repugnans</span> <span class='ocrx_word' id='word_1_41' title='bbox 1389 876 1716 946; x_wconf 88' lang='lat' dir='ltr'>rejiciatur.</span> 
     </span>
    </p>
   </div>
   <div class='ocr_carea' id='block_1_10' title="bbox 503 962 2083 1037">
    <p class='ocr_par' dir='ltr' id='par_1_10' title="bbox 503 962 2083 1037">
     <span class='ocr_line' id='line_1_10' title="bbox 503 962 2083 1037; baseline -0.003 -16"><span class='ocrx_word' id='word_1_42' title='bbox 503 968 615 1023; x_wconf 87' lang='lat' dir='ltr'>GR.</span> <span class='ocrx_word' id='word_1_43' title='bbox 672 970 848 1023; x_wconf 82' lang='lat' dir='ltr'>Recte</span> <span class='ocrx_word' id='word_1_44' title='bbox 899 967 1067 1022; x_wconf 91' lang='lat' dir='ltr'>dicis.</span> <span class='ocrx_word' id='word_1_45' title='bbox 1127 966 1192 1020; x_wconf 91' lang='lat' dir='ltr'>Id</span> <span class='ocrx_word' id='word_1_46' title='bbox 1252 966 1410 1020; x_wconf 90' lang='lat' dir='ltr'>enim</span> <span class='ocrx_word' id='word_1_47' title='bbox 1469 966 1762 1037; x_wconf 90' lang='lat' dir='ltr'>optimum</span> <span class='ocrx_word' id='word_1_48' title='bbox 1811 962 2083 1019; x_wconf 88' lang='lat' dir='ltr'>ordinem</span> 
     </span>
    </p>
   </div>
   <div class='ocr_carea' id='block_1_11' title="bbox 431 1051 2086 1129">
    <p class='ocr_par' dir='ltr' id='par_1_11' title="bbox 431 1051 2086 1129">
     <span class='ocr_line' id='line_1_11' title="bbox 431 1051 2086 1129; baseline -0.004 -18"><span class='ocrx_word' id='word_1_49' title='bbox 431 1056 601 1112; x_wconf 87' lang='lat' dir='ltr'>decet</span> <span class='ocrx_word' id='word_1_50' title='bbox 631 1061 690 1112; x_wconf 90' lang='lat' dir='ltr'>et</span> <span class='ocrx_word' id='word_1_51' title='bbox 717 1057 874 1113; x_wconf 85' lang='lat' dir='ltr'>haud</span> <span class='ocrx_word' id='word_1_52' title='bbox 904 1073 1093 1129; x_wconf 89' lang='lat' dir='ltr'>pauca</span> <span class='ocrx_word' id='word_1_53' title='bbox 1119 1055 1352 1111; x_wconf 88' lang='lat' dir='ltr'>confert</span> <span class='ocrx_word' id='word_1_54' title='bbox 1379 1054 1453 1111; x_wconf 85' lang='lat' dir='ltr'>ad</span> <span class='ocrx_word' id='word_1_55' title='bbox 1510 1055 1818 1110; x_wconf 78' lang='lat' dir='ltr'>veritatem</span> <span class='ocrx_word' id='word_1_56' title='bbox 1875 1051 2086 1123; x_wconf 88' lang='lat' dir='ltr'>digno-</span> 
     </span>
    </p>
   </div>
   <div class='ocr_carea' id='block_1_12' title="bbox 431 1142 2084 1218">
    <p class='ocr_par' dir='ltr' id='par_1_12' title="bbox 431 1142 2084 1218">
     <span class='ocr_line' id='line_1_12' title="bbox 431 1142 2084 1218; baseline -0.006 -13"><span class='ocrx_word' id='word_1_57' title='bbox 431 1149 721 1205; x_wconf 87' lang='lat' dir='ltr'>scendam.</span> <span class='ocrx_word' id='word_1_58' title='bbox 756 1147 922 1212; x_wconf 91' lang='lat' dir='ltr'>Quod</span> <span class='ocrx_word' id='word_1_59' title='bbox 952 1148 1111 1202; x_wconf 92' lang='lat' dir='ltr'>enim</span> <span class='ocrx_word' id='word_1_60' title='bbox 1134 1163 1205 1202; x_wconf 85' lang='lat' dir='ltr'>ex</span> <span class='ocrx_word' id='word_1_61' title='bbox 1227 1145 1538 1218; x_wconf 87' lang='lat' dir='ltr'>principiis</span> <span class='ocrx_word' id='word_1_62' title='bbox 1570 1151 1629 1201; x_wconf 94' lang='lat' dir='ltr'>et</span> <span class='ocrx_word' id='word_1_63' title='bbox 1657 1142 2084 1217; x_wconf 88' lang='lat' dir='ltr'>suppositioni-</span> 
     </span>
    </p>
   </div>
   <div class='ocr_carea' id='block_1_13' title="bbox 429 1235 2082 1308">
    <p class='ocr_par' dir='ltr' id='par_1_13' title="bbox 429 1235 2082 1308">
     <span class='ocr_line' id='line_1_13' title="bbox 429 1235 2082 1308; baseline -0.005 -14"><span class='ocrx_word' id='word_1_64' title='bbox 429 1239 540 1295; x_wconf 90' lang='lat' dir='ltr'>bus</span> <span class='ocrx_word' id='word_1_65' title='bbox 558 1238 712 1293; x_wconf 89' lang='lat' dir='ltr'>veris</span> <span class='ocrx_word' id='word_1_66' title='bbox 742 1236 1224 1308; x_wconf 89' lang='lat' dir='ltr'>consequitur,id</span> <span class='ocrx_word' id='word_1_67' title='bbox 1242 1236 1435 1307; x_wconf 91' lang='lat' dir='ltr'>ipsum</span> <span class='ocrx_word' id='word_1_68' title='bbox 1459 1235 1703 1290; x_wconf 89' lang='lat' dir='ltr'>omnino</span> <span class='ocrx_word' id='word_1_69' title='bbox 1734 1249 1934 1287; x_wconf 90' lang='lat' dir='ltr'>verum</span> <span class='ocrx_word' id='word_1_70' title='bbox 1958 1235 2082 1299; x_wconf 90' lang='lat' dir='ltr'>est;</span> 
     </span>
    </p>
   </div>
   <div class='ocr_carea' id='block_1_14' title="bbox 431 1322 2083 1399">
    <p class='ocr_par' dir='ltr' id='par_1_14' title="bbox 431 1322 2083 1399">
     <span class='ocr_line' id='line_1_14' title="bbox 431 1322 2083 1399; baseline -0.005 -15"><span class='ocrx_word' id='word_1_71' title='bbox 431 1333 638 1384; x_wconf 89' lang='lat' dir='ltr'>contra</span> <span class='ocrx_word' id='word_1_72' title='bbox 667 1327 827 1398; x_wconf 89' lang='lat' dir='ltr'>quod</span> <span class='ocrx_word' id='word_1_73' title='bbox 857 1327 1003 1399; x_wconf 85' lang='lat' dir='ltr'>ipsis</span> <span class='ocrx_word' id='word_1_74' title='bbox 1052 1326 1394 1382; x_wconf 85' lang='lat' dir='ltr'>adversatur</span> <span class='ocrx_word' id='word_1_75' title='bbox 1439 1331 1498 1381; x_wconf 88' lang='lat' dir='ltr'>et</span> <span class='ocrx_word' id='word_1_76' title='bbox 1526 1328 1835 1397; x_wconf 86' lang='lat' dir='ltr'>repugnat,</span> <span class='ocrx_word' id='word_1_77' title='bbox 1868 1322 2083 1379; x_wconf 88' lang='lat' dir='ltr'>falsum</span> 
     </span>
    </p>
   </div>
   <div class='ocr_carea' id='block_1_15' title="bbox 431 1414 1334 1487">
    <p class='ocr_par' dir='ltr' id='par_1_15' title="bbox 431 1414 1334 1487">
     <span class='ocr_line' id='line_1_15' title="bbox 431 1414 1334 1487; baseline -0.002 -16"><span class='ocrx_word' id='word_1_78' title='bbox 431 1417 545 1472; x_wconf 90' lang='lat' dir='ltr'>erit</span> <span class='ocrx_word' id='word_1_79' title='bbox 577 1417 701 1471; x_wconf 91' lang='lat' dir='ltr'>:sic</span> <span class='ocrx_word' id='word_1_80' title='bbox 730 1416 932 1487; x_wconf 84' lang='lat' dir='ltr'>itaque</span> <span class='ocrx_word' id='word_1_81' title='bbox 973 1414 1334 1471; x_wconf 85' lang='lat' dir='ltr'>faciendum.</span> 
     </span>
    </p>
   </div>
   <div class='ocr_carea' id='block_1_16' title="bbox 504 1497 2086 1577">
    <p class='ocr_par' dir='ltr' id='par_1_16' title="bbox 504 1497 2086 1577">
     <span class='ocr_line' id='line_1_16' title="bbox 504 1497 2086 1577; baseline -0.004 -18"><span class='ocrx_word' id='word_1_82' title='bbox 504 1509 557 1560; x_wconf 86' lang='lat'>2.</span> <span class='ocrx_word' id='word_1_83' title='bbox 602 1505 755 1559; x_wconf 84' lang='lat' dir='ltr'>LAT.</span> <span class='ocrx_word' id='word_1_84' title='bbox 798 1503 901 1559; x_wconf 89' lang='lat' dir='ltr'>Dic</span> <span class='ocrx_word' id='word_1_85' title='bbox 960 1504 1140 1577; x_wconf 81' lang='lat' dir='ltr'>igitur</span> <span class='ocrx_word' id='word_1_86' title='bbox 1193 1502 1381 1558; x_wconf 87' lang='lat' dir='ltr'>mihi:</span> <span class='ocrx_word' id='word_1_87' title='bbox 1417 1503 1581 1558; x_wconf 86' lang='lat' dir='ltr'>aisne</span> <span class='ocrx_word' id='word_1_88' title='bbox 1636 1518 1765 1558; x_wconf 83' lang='lat' dir='ltr'>esse</span> <span class='ocrx_word' id='word_1_89' title='bbox 1816 1497 2086 1556; x_wconf 87' lang='lat' dir='ltr'>Trinitati</span> 
     </span>
    </p>
   </div>
   <div class='ocr_carea' id='block_1_17' title="bbox 436 1591 1538 1665">
    <p class='ocr_par' dir='ltr' id='par_1_17' title="bbox 436 1591 1538 1665">
     <span class='ocr_line' id='line_1_17' title="bbox 436 1591 1538 1665; baseline -0.004 -15"><span class='ocrx_word' id='word_1_90' title='bbox 436 1593 710 1665; x_wconf 76' lang='lat' dir='ltr'>quaadam</span> <span class='ocrx_word' id='word_1_91' title='bbox 742 1592 1087 1648; x_wconf 86' lang='lat' dir='ltr'>essentialia</span> <span class='ocrx_word' id='word_1_92' title='bbox 1114 1597 1171 1648; x_wconf 89' lang='lat' dir='ltr'>et</span> <span class='ocrx_word' id='word_1_93' title='bbox 1190 1591 1480 1649; x_wconf 80' lang='lat' dir='ltr'>naturalia</span> <span class='ocrx_word' id='word_1_94' title='bbox 1510 1592 1538 1646; x_wconf 80' lang='lat'>‘?</span> 
     </span>
    </p>
   </div>
   <div class='ocr_carea' id='block_1_18' title="bbox 505 1678 2085 1747">
    <p class='ocr_par' dir='ltr' id='par_1_18' title="bbox 505 1678 2085 1747">
     <span class='ocr_line' id='line_1_18' title="bbox 505 1678 2085 1747; baseline -0.004 -8"><span class='ocrx_word' id='word_1_95' title='bbox 505 1684 617 1739; x_wconf 87' lang='lat' dir='ltr'>GR.</span> <span class='ocrx_word' id='word_1_96' title='bbox 648 1682 776 1747; x_wconf 82' lang='lat' dir='ltr'>Aio,</span> <span class='ocrx_word' id='word_1_97' title='bbox 810 1698 941 1739; x_wconf 89' lang='lat' dir='ltr'>eam</span> <span class='ocrx_word' id='word_1_98' title='bbox 972 1681 1131 1736; x_wconf 87' lang='lat' dir='ltr'>enim</span> <span class='ocrx_word' id='word_1_99' title='bbox 1166 1685 1223 1736; x_wconf 91' lang='lat' dir='ltr'>et</span> <span class='ocrx_word' id='word_1_100' title='bbox 1254 1680 1574 1737; x_wconf 86' lang='lat' dir='ltr'>essentiam</span> <span class='ocrx_word' id='word_1_101' title='bbox 1596 1685 1655 1735; x_wconf 93' lang='lat' dir='ltr'>et</span> <span class='ocrx_word' id='word_1_102' title='bbox 1674 1685 1949 1736; x_wconf 88' lang='lat' dir='ltr'>naturam</span> <span class='ocrx_word' id='word_1_103' title='bbox 1979 1678 2085 1734; x_wconf 87' lang='lat' dir='ltr'>ha-</span> 
     </span>
    </p>
   </div>
   <div class='ocr_carea' id='block_1_19' title="bbox 431 1769 2087 1842">
    <p class='ocr_par' dir='ltr' id='par_1_19' title="bbox 431 1769 2087 1842">
     <span class='ocr_line' id='line_1_19' title="bbox 431 1769 2087 1842; baseline -0.003 -15"><span class='ocrx_word' id='word_1_104' title='bbox 431 1772 574 1827; x_wconf 88' lang='lat' dir='ltr'>bere</span> <span class='ocrx_word' id='word_1_105' title='bbox 605 1775 857 1838; x_wconf 88' lang='lat' dir='ltr'>constat,</span> <span class='ocrx_word' id='word_1_106' title='bbox 886 1771 1026 1826; x_wconf 90' lang='lat' dir='ltr'>licet</span> <span class='ocrx_word' id='word_1_107' title='bbox 1054 1787 1235 1842; x_wconf 86' lang='lat' dir='ltr'>supra</span> <span class='ocrx_word' id='word_1_108' title='bbox 1267 1769 1589 1826; x_wconf 84' lang='lat' dir='ltr'>essentiam</span> <span class='ocrx_word' id='word_1_109' title='bbox 1621 1774 1681 1826; x_wconf 91' lang='lat' dir='ltr'>et</span> <span class='ocrx_word' id='word_1_110' title='bbox 1707 1785 1891 1841; x_wconf 89' lang='lat' dir='ltr'>supra</span> <span class='ocrx_word' id='word_1_111' title='bbox 1920 1772 2087 1824; x_wconf 87' lang='lat' dir='ltr'>natu-</span> 
     </span>
    </p>
   </div>
   <div class='ocr_carea' id='block_1_20' title="bbox 433 1859 1017 1931">
    <p class='ocr_par' dir='ltr' id='par_1_20' title="bbox 433 1859 1017 1931">
     <span class='ocr_line' id='line_1_20' title="bbox 433 1859 1017 1931; baseline 0.002 -16"><span class='ocrx_word' id='word_1_112' title='bbox 433 1876 562 1917; x_wconf 89' lang='lat' dir='ltr'>ram</span> <span class='ocrx_word' id='word_1_113' title='bbox 594 1861 671 1916; x_wconf 88' lang='lat' dir='ltr'>sit</span> <span class='ocrx_word' id='word_1_114' title='bbox 706 1859 837 1931; x_wconf 87' lang='lat' dir='ltr'>ejus</span> <span class='ocrx_word' id='word_1_115' title='bbox 866 1876 1017 1916; x_wconf 88' lang='lat' dir='ltr'>esse.</span> 
     </span>
    </p>
   </div>
   <div class='ocr_carea' id='block_1_21' title="bbox 502 1946 2074 2053">
    <p class='ocr_par' dir='ltr' id='par_1_21' title="bbox 502 1949 2074 2007">
     <span class='ocr_line' id='line_1_21' title="bbox 502 1949 2074 2007; baseline -0.001 -2"><span class='ocrx_word' id='word_1_116' title='bbox 502 1951 655 2007; x_wconf 90' lang='lat' dir='ltr'>LAT.</span> <span class='ocrx_word' id='word_1_117' title='bbox 686 1949 985 2007; x_wconf 87' lang='lat' dir='ltr'>Eademne</span> <span class='ocrx_word' id='word_1_118' title='bbox 1014 1966 1144 2007; x_wconf 86' lang='lat' dir='ltr'>esse</span> <span class='ocrx_word' id='word_1_119' title='bbox 1200 1950 1411 2007; x_wconf 85' lang='lat' dir='ltr'>statuis</span> <span class='ocrx_word' id='word_1_120' title='bbox 1469 1949 1792 2007; x_wconf 86' lang='lat' dir='ltr'>essentiam</span> <span class='ocrx_word' id='word_1_121' title='bbox 1821 1952 1880 2004; x_wconf 89' lang='lat' dir='ltr'>et</span> <span class='ocrx_word' id='word_1_122' title='bbox 1906 1951 2074 2004; x_wconf 88' lang='lat' dir='ltr'>natu-</span> 
     </span>
    </p>
   </div>
   <div class='ocr_carea' id='block_1_22' title="bbox 2203 1946 3575 2053">
    <p class='ocr_par' dir='ltr' id='par_1_22' title="bbox 2263 1946 3575 2028">
     <span class='ocr_line' id='line_1_22' title="bbox 2263 1946 3575 2028; baseline -0.002 -22"><span class='ocrx_word' id='word_1_123' title='bbox 2263 1955 2426 2008; x_wconf 78' lang='grc' dir='ltr'>ΛΔΤ.</span> <span class='ocrx_word' id='word_1_124' title='bbox 2459 1949 2640 2005; x_wconf 84' lang='grc' dir='ltr'>Ταυτᾶ</span> <span class='ocrx_word' id='word_1_125' title='bbox 2669 1946 2727 2004; x_wconf 80' lang='grc' dir='ltr'>δὶ</span> <span class='ocrx_word' id='word_1_126' title='bbox 2757 1947 2942 2007; x_wconf 77' lang='grc' dir='ltr'>οὐσίαν</span> <span class='ocrx_word' id='word_1_127' title='bbox 2982 1948 3072 2005; x_wconf 85' lang='grc' dir='ltr'>καὶ</span> <span class='ocrx_word' id='word_1_128' title='bbox 3103 1950 3284 2028; x_wconf 74' lang='grc' dir='ltr'>φύσιν,</span> <span class='ocrx_word' id='word_1_129' title='bbox 3318 1949 3354 2020; x_wconf 75' lang='grc' dir='ltr'><strong>ἤ</strong></span> <span class='ocrx_word' id='word_1_130' title='bbox 3382 1949 3532 2025; x_wconf 60' lang='lat' dir='ltr'>Rupe</span> <span class='ocrx_word' id='word_1_131' title='bbox 3563 1967 3575 2019; x_wconf 89' lang='lat'><strong>;</strong></span> 
     </span>
    </p>
   </div>
   <div class='ocr_carea' id='block_1_23' title="bbox 426 2042 995 2111">
    <p class='ocr_par' dir='ltr' id='par_1_23' title="bbox 426 2042 995 2111">
     <span class='ocr_line' id='line_1_23' title="bbox 426 2042 995 2111; baseline -0.004 -11"><span class='ocrx_word' id='word_1_132' title='bbox 426 2060 575 2111; x_wconf 90' lang='lat' dir='ltr'>ram,</span> <span class='ocrx_word' id='word_1_133' title='bbox 609 2059 686 2100; x_wconf 91' lang='lat' dir='ltr'>an</span> <span class='ocrx_word' id='word_1_134' title='bbox 708 2043 940 2099; x_wconf 88' lang='lat' dir='ltr'>diversa</span> <span class='ocrx_word' id='word_1_135' title='bbox 967 2042 995 2098; x_wconf 84' lang='lat'><strong>?</strong></span> 
     </span>
    </p>
   </div>
   <div class='ocr_carea' id='block_1_24' title="bbox 494 2128 2077 2191">
    <p class='ocr_par' dir='ltr' id='par_1_24' title="bbox 494 2128 2077 2191">
     <span class='ocr_line' id='line_1_24' title="bbox 494 2128 2077 2191; baseline -0.003 -2"><span class='ocrx_word' id='word_1_136' title='bbox 494 2135 607 2191; x_wconf 91' lang='lat' dir='ltr'>GR.</span> <span class='ocrx_word' id='word_1_137' title='bbox 640 2132 860 2190; x_wconf 91' lang='lat' dir='ltr'>Eadem</span> <span class='ocrx_word' id='word_1_138' title='bbox 916 2133 1182 2191; x_wconf 90' lang='lat' dir='ltr'>omnino.</span> <span class='ocrx_word' id='word_1_139' title='bbox 1245 2134 1333 2190; x_wconf 89' lang='lat' dir='ltr'>Ita</span> <span class='ocrx_word' id='word_1_140' title='bbox 1391 2133 1552 2189; x_wconf 90' lang='lat' dir='ltr'>enim</span> <span class='ocrx_word' id='word_1_141' title='bbox 1623 2131 1841 2189; x_wconf 86' lang='lat' dir='ltr'>docent</span> <span class='ocrx_word' id='word_1_142' title='bbox 1888 2128 2077 2188; x_wconf 85' lang='lat' dir='ltr'>sancti</span> 
     </span>
    </p>
   </div>
   <div class='ocr_carea' id='block_1_25' title="bbox 421 2225 742 2293">
    <p class='ocr_par' dir='ltr' id='par_1_25' title="bbox 421 2225 742 2293">
     <span class='ocr_line' id='line_1_25' title="bbox 421 2225 742 2293; baseline 0.006 -15"><span class='ocrx_word' id='word_1_143' title='bbox 421 2225 625 2279; x_wconf 88' lang='lat' dir='ltr'>Patres</span> <span class='ocrx_word' id='word_1_144' title='bbox 653 2226 742 2293; x_wconf 68' lang='grc' dir='ltr'>(Γ).</span> 
     </span>
    </p>
   </div>
   <div class='ocr_carea' id='block_1_26' title="bbox 496 2310 2076 2385">
    <p class='ocr_par' dir='ltr' id='par_1_26' title="bbox 496 2310 2076 2385">
     <span class='ocr_line' id='line_1_26' title="bbox 496 2310 2076 2385; baseline -0.001 -17"><span class='ocrx_word' id='word_1_145' title='bbox 496 2314 646 2368; x_wconf 80' lang='lat' dir='ltr'>LAT.</span> <span class='ocrx_word' id='word_1_146' title='bbox 673 2311 824 2377; x_wconf 89' lang='lat' dir='ltr'>Quid</span> <span class='ocrx_word' id='word_1_147' title='bbox 852 2329 988 2368; x_wconf 91' lang='lat' dir='ltr'>vero</span> <span class='ocrx_word' id='word_1_148' title='bbox 1008 2312 1037 2366; x_wconf 61' lang='grc' dir='ltr'><strong><em>εἴ</em></strong></span> <span class='ocrx_word' id='word_1_149' title='bbox 1065 2314 1271 2368; x_wconf 90' lang='lat' dir='ltr'>Nonne</span> <span class='ocrx_word' id='word_1_150' title='bbox 1303 2317 1362 2368; x_wconf 88' lang='lat' dir='ltr'>et</span> <span class='ocrx_word' id='word_1_151' title='bbox 1389 2312 1762 2385; x_wconf 87' lang='lat' dir='ltr'>hypostatica</span> <span class='ocrx_word' id='word_1_152' title='bbox 1803 2310 2076 2383; x_wconf 78' lang='lat' dir='ltr'>quaedam</span> 
     </span>
    </p>
   </div>
   <div class='ocr_carea' id='block_1_27' title="bbox 424 2400 1598 2473">
    <p class='ocr_par' dir='ltr' id='par_1_27' title="bbox 424 2400 1598 2473">
     <span class='ocr_line' id='line_1_27' title="bbox 424 2400 1598 2473; baseline 0.001 -16"><span class='ocrx_word' id='word_1_153' title='bbox 424 2402 571 2458; x_wconf 87' lang='lat' dir='ltr'>dicis</span> <span class='ocrx_word' id='word_1_154' title='bbox 601 2401 798 2457; x_wconf 88' lang='lat' dir='ltr'>inesse</span> <span class='ocrx_word' id='word_1_155' title='bbox 818 2401 1089 2457; x_wconf 88' lang='lat' dir='ltr'>Trinitati</span> <span class='ocrx_word' id='word_1_156' title='bbox 1122 2406 1182 2457; x_wconf 92' lang='lat' dir='ltr'>et</span> <span class='ocrx_word' id='word_1_157' title='bbox 1210 2400 1549 2473; x_wconf 90' lang='lat' dir='ltr'>personalia</span> <span class='ocrx_word' id='word_1_158' title='bbox 1571 2401 1598 2457; x_wconf 70' lang='grc' dir='ltr'>τ</span> 
     </span>
    </p>
   </div>
   <div class='ocr_carea' id='block_1_28' title="bbox 498 2490 2076 2562">
    <p class='ocr_par' dir='ltr' id='par_1_28' title="bbox 498 2490 2076 2562">
     <span class='ocr_line' id='line_1_28' title="bbox 498 2490 2076 2562; baseline -0.001 -17"><span class='ocrx_word' id='word_1_159' title='bbox 498 2491 609 2546; x_wconf 88' lang='lat' dir='ltr'>GR.</span> <span class='ocrx_word' id='word_1_160' title='bbox 643 2492 715 2544; x_wconf 91' lang='lat' dir='ltr'>Et</span> <span class='ocrx_word' id='word_1_161' title='bbox 739 2490 866 2547; x_wconf 75' lang='lat' dir='ltr'>haac</span> <span class='ocrx_word' id='word_1_162' title='bbox 897 2491 1151 2547; x_wconf 80' lang='lat' dir='ltr'>afﬁrmo.</span> <span class='ocrx_word' id='word_1_163' title='bbox 1185 2492 1335 2547; x_wconf 88' lang='lat' dir='ltr'>Sunt</span> <span class='ocrx_word' id='word_1_164' title='bbox 1355 2491 1514 2547; x_wconf 89' lang='lat' dir='ltr'>enim</span> <span class='ocrx_word' id='word_1_165' title='bbox 1542 2491 1604 2546; x_wconf 91' lang='lat' dir='ltr'>in</span> <span class='ocrx_word' id='word_1_166' title='bbox 1627 2507 1697 2547; x_wconf 90' lang='lat' dir='ltr'>ea</span> <span class='ocrx_word' id='word_1_167' title='bbox 1725 2491 2076 2562; x_wconf 86' lang='lat' dir='ltr'>hypostases</span> 
     </span>
    </p>
   </div>
   <div class='ocr_carea' id='block_1_29' title="bbox 2258 960 3760 1040">
    <p class='ocr_par' dir='ltr' id='par_1_29' title="bbox 2258 960 3760 1040">
     <span class='ocr_line' id='line_1_29' title="bbox 2258 960 3760 1040; baseline 0 -22"><span class='ocrx_word' id='word_1_168' title='bbox 2258 970 2356 1019; x_wconf 83' lang='grc' dir='ltr'>ΓΡ.</span> <span class='ocrx_word' id='word_1_169' title='bbox 2390 964 2466 1022; x_wconf 81' lang='grc' dir='ltr'>Εὗ</span> <span class='ocrx_word' id='word_1_170' title='bbox 2499 960 2693 1038; x_wconf 77' lang='grc' dir='ltr'>λέγεις·</span> <span class='ocrx_word' id='word_1_171' title='bbox 2721 962 2921 1033; x_wconf 80' lang='grc' dir='ltr'>τάξεώς</span> <span class='ocrx_word' id='word_1_172' title='bbox 2951 983 3009 1018; x_wconf 80' lang='grc' dir='ltr'>τε</span> <span class='ocrx_word' id='word_1_173' title='bbox 3065 966 3170 1040; x_wconf 75' lang='grc' dir='ltr'>γὰρ</span> <span class='ocrx_word' id='word_1_174' title='bbox 3229 964 3441 1037; x_wconf 72' lang='grc' dir='ltr'>ἀρίστης</span> <span class='ocrx_word' id='word_1_175' title='bbox 3489 965 3638 1034; x_wconf 80' lang='grc' dir='ltr'>τουτὶ,</span> <span class='ocrx_word' id='word_1_176' title='bbox 3686 967 3760 1019; x_wconf 77' lang='grc' dir='ltr'>καὶ</span> 
     </span>
    </p>
   </div>
   <div class='ocr_carea' id='block_1_30' title="bbox 2186 1047 3763 1128">
    <p class='ocr_par' dir='ltr' id='par_1_30' title="bbox 2186 1047 3763 1128">
     <span class='ocr_line' id='line_1_30' title="bbox 2186 1047 3763 1128; baseline 0 -21"><span class='ocrx_word' id='word_1_177' title='bbox 2186 1053 2322 1126; x_wconf 82' lang='grc' dir='ltr'>πρὸς</span> <span class='ocrx_word' id='word_1_178' title='bbox 2344 1054 2447 1123; x_wconf 73' lang='grc' dir='ltr'>τὴν</span> <span class='ocrx_word' id='word_1_179' title='bbox 2475 1059 2575 1123; x_wconf 85' lang='grc' dir='ltr'>τῆς</span> <span class='ocrx_word' id='word_1_180' title='bbox 2607 1051 2868 1124; x_wconf 76' lang='grc' dir='ltr'>ἀληθείας</span> <span class='ocrx_word' id='word_1_181' title='bbox 2924 1050 3213 1128; x_wconf 82' lang='grc' dir='ltr'>διάγνωσιν</span> <span class='ocrx_word' id='word_1_182' title='bbox 3275 1054 3336 1109; x_wconf 82' lang='grc' dir='ltr'>οὗ</span> <span class='ocrx_word' id='word_1_183' title='bbox 3381 1056 3531 1128; x_wconf 71' lang='grc' dir='ltr'>μικρᾶ</span> <span class='ocrx_word' id='word_1_184' title='bbox 3552 1047 3763 1119; x_wconf 71' lang='grc' dir='ltr'>συμϐαλ-</span> 
     </span>
    </p>
   </div>
   <div class='ocr_carea' id='block_1_31' title="bbox 2189 1141 3765 1221">
    <p class='ocr_par' dir='ltr' id='par_1_31' title="bbox 2189 1141 3765 1221">
     <span class='ocr_line' id='line_1_31' title="bbox 2189 1141 3765 1221; baseline -0.001 -23"><span class='ocrx_word' id='word_1_185' title='bbox 2189 1141 2445 1216; x_wconf 80' lang='grc' dir='ltr'>λόμενον.</span> <span class='ocrx_word' id='word_1_186' title='bbox 2485 1143 2562 1199; x_wconf 86' lang='grc' dir='ltr'>Τὸ</span> <span class='ocrx_word' id='word_1_187' title='bbox 2593 1143 2697 1219; x_wconf 68' lang='grc' dir='ltr'>γὰρ</span> <span class='ocrx_word' id='word_1_188' title='bbox 2736 1142 3001 1212; x_wconf 65' lang='grc' dir='ltr'>ἑπόμενον</span> <span class='ocrx_word' id='word_1_189' title='bbox 3050 1148 3171 1205; x_wconf 88' lang='grc' dir='ltr'>ταῖς</span> <span class='ocrx_word' id='word_1_190' title='bbox 3229 1141 3473 1214; x_wconf 81' lang='grc' dir='ltr'>ἀληθέσιν</span> <span class='ocrx_word' id='word_1_191' title='bbox 3523 1142 3693 1221; x_wconf 74' lang='grc' dir='ltr'>ἀρχαῖς</span> <span class='ocrx_word' id='word_1_192' title='bbox 3718 1162 3765 1196; x_wconf 86' lang='grc' dir='ltr'>τε</span> 
     </span>
    </p>
   </div>
   <div class='ocr_carea' id='block_1_32' title="bbox 2188 1230 3766 1302">
    <p class='ocr_par' dir='ltr' id='par_1_32' title="bbox 2188 1230 3766 1302">
     <span class='ocr_line' id='line_1_32' title="bbox 2188 1230 3766 1302; baseline -0.002 -15"><span class='ocrx_word' id='word_1_193' title='bbox 2188 1233 2275 1287; x_wconf 80' lang='grc' dir='ltr'>καὶ</span> <span class='ocrx_word' id='word_1_194' title='bbox 2320 1230 2630 1287; x_wconf 69' lang='grc' dir='ltr'>ὑποθέσεσιν</span> <span class='ocrx_word' id='word_1_195' title='bbox 2686 1231 2902 1294; x_wconf 79' lang='grc' dir='ltr'>πάντως</span> <span class='ocrx_word' id='word_1_196' title='bbox 2961 1231 3048 1286; x_wconf 61' lang='grc' dir='ltr'>καὶ</span> <span class='ocrx_word' id='word_1_197' title='bbox 3105 1231 3234 1288; x_wconf 80' lang='grc' dir='ltr'>αὑτὸ</span> <span class='ocrx_word' id='word_1_198' title='bbox 3291 1230 3474 1302; x_wconf 71' lang='grc' dir='ltr'>ἀληθὲς</span> <span class='ocrx_word' id='word_1_199' title='bbox 3524 1230 3666 1287; x_wconf 73' lang='grc' dir='ltr'>ἐστιν·</span> <span class='ocrx_word' id='word_1_200' title='bbox 3716 1230 3766 1285; x_wconf 79' lang='grc' dir='ltr'>τὸ</span> 
     </span>
    </p>
   </div>
   <div class='ocr_carea' id='block_1_33' title="bbox 2189 1316 3769 1397">
    <p class='ocr_par' dir='ltr' id='par_1_33' title="bbox 2189 1316 3769 1397">
     <span class='ocr_line' id='line_1_33' title="bbox 2189 1316 3769 1397; baseline -0.001 -22"><span class='ocrx_word' id='word_1_201' title='bbox 2189 1317 2245 1375; x_wconf 73' lang='grc' dir='ltr'>δὲ</span> <span class='ocrx_word' id='word_1_202' title='bbox 2278 1320 2595 1397; x_wconf 81' lang='grc' dir='ltr'>μαχόμενον</span> <span class='ocrx_word' id='word_1_203' title='bbox 2662 1320 2751 1376; x_wconf 81' lang='grc' dir='ltr'>καὶ</span> <span class='ocrx_word' id='word_1_204' title='bbox 2819 1320 3229 1396; x_wconf 71' lang='grc' dir='ltr'>ἐναντιούμενον</span> <span class='ocrx_word' id='word_1_205' title='bbox 3272 1320 3565 1378; x_wconf 82' lang='grc' dir='ltr'>τούναντίον</span> <span class='ocrx_word' id='word_1_206' title='bbox 3593 1316 3769 1393; x_wconf 73' lang='grc' dir='ltr'>ψευδές·</span> 
     </span>
    </p>
   </div>
   <div class='ocr_carea' id='block_1_34' title="bbox 2187 1406 2861 1480">
    <p class='ocr_par' dir='ltr' id='par_1_34' title="bbox 2187 1406 2861 1480">
     <span class='ocr_line' id='line_1_34' title="bbox 2187 1406 2861 1480; baseline 0.003 -16"><span class='ocrx_word' id='word_1_207' title='bbox 2187 1408 2276 1465; x_wconf 79' lang='grc' dir='ltr'>καὶ</span> <span class='ocrx_word' id='word_1_208' title='bbox 2309 1406 2376 1479; x_wconf 82' lang='grc' dir='ltr'>δὴ</span> <span class='ocrx_word' id='word_1_209' title='bbox 2408 1410 2664 1480; x_wconf 72' lang='grc' dir='ltr'>ποιητέον</span> <span class='ocrx_word' id='word_1_210' title='bbox 2697 1407 2861 1467; x_wconf 77' lang='grc' dir='ltr'>οὕτω.</span> 
     </span>
    </p>
   </div>
   <div class='ocr_carea' id='block_1_35' title="bbox 2264 1493 3777 1576">
    <p class='ocr_par' dir='ltr' id='par_1_35' title="bbox 2264 1493 3777 1576">
     <span class='ocr_line' id='line_1_35' title="bbox 2264 1493 3777 1576; baseline -0.005 -20"><span class='ocrx_word' id='word_1_211' title='bbox 2264 1499 2331 1573; x_wconf 69' lang='grc' dir='ltr'>β’.</span> <span class='ocrx_word' id='word_1_212' title='bbox 2364 1500 2523 1559; x_wconf 80' lang='grc' dir='ltr'>ΛΑΤ.</span> <span class='ocrx_word' id='word_1_213' title='bbox 2557 1497 2737 1574; x_wconf 78' lang='grc' dir='ltr'>Φράζε</span> <span class='ocrx_word' id='word_1_214' title='bbox 2768 1520 2861 1574; x_wconf 89' lang='grc' dir='ltr'>μοι</span> <span class='ocrx_word' id='word_1_215' title='bbox 2885 1499 3083 1555; x_wconf 78' lang='grc' dir='ltr'>τοίνυν·</span> <span class='ocrx_word' id='word_1_216' title='bbox 3106 1498 3213 1576; x_wconf 72' lang='grc' dir='ltr'>φῇς</span> <span class='ocrx_word' id='word_1_217' title='bbox 3232 1499 3499 1556; x_wconf 79' lang='grc' dir='ltr'>εἶναίτινα</span> <span class='ocrx_word' id='word_1_218' title='bbox 3523 1502 3586 1573; x_wconf 78' lang='grc' dir='ltr'>τῇ</span> <span class='ocrx_word' id='word_1_219' title='bbox 3615 1493 3777 1574; x_wconf 73' lang='grc' dir='ltr'>Τριάδι</span> 
     </span>
    </p>
   </div>
   <div class='ocr_carea' id='block_1_36' title="bbox 2191 1587 2840 1664">
    <p class='ocr_par' dir='ltr' id='par_1_36' title="bbox 2191 1587 2840 1664">
     <span class='ocr_line' id='line_1_36' title="bbox 2191 1587 2840 1664; baseline -0.002 -19"><span class='ocrx_word' id='word_1_220' title='bbox 2191 1587 2432 1659; x_wconf 79' lang='grc' dir='ltr'>οὐσιώδη</span> <span class='ocrx_word' id='word_1_221' title='bbox 2465 1590 2553 1644; x_wconf 70' lang='grc' dir='ltr'>καὶ</span> <span class='ocrx_word' id='word_1_222' title='bbox 2594 1589 2793 1664; x_wconf 76' lang='grc' dir='ltr'>φυσικά</span> <span class='ocrx_word' id='word_1_223' title='bbox 2826 1610 2840 1659; x_wconf 86' lang='lat'><strong>;</strong></span> 
     </span>
    </p>
   </div>
   <div class='ocr_carea' id='block_1_37' title="bbox 2266 1677 3789 1757">
    <p class='ocr_par' dir='ltr' id='par_1_37' title="bbox 2266 1677 3789 1757">
     <span class='ocr_line' id='line_1_37' title="bbox 2266 1677 3789 1757; baseline -0.001 -23"><span class='ocrx_word' id='word_1_224' title='bbox 2266 1682 2371 1740; x_wconf 84' lang='grc' dir='ltr'>ΓΡ.</span> <span class='ocrx_word' id='word_1_225' title='bbox 2412 1680 2591 1754; x_wconf 81' lang='grc' dir='ltr'>Φημί·</span> <span class='ocrx_word' id='word_1_226' title='bbox 2625 1680 2842 1757; x_wconf 79' lang='grc' dir='ltr'>καὶγὰρ</span> <span class='ocrx_word' id='word_1_227' title='bbox 2867 1679 2957 1736; x_wconf 83' lang='grc' dir='ltr'>καὶ</span> <span class='ocrx_word' id='word_1_228' title='bbox 2991 1681 3177 1737; x_wconf 80' lang='grc' dir='ltr'>οὐσίαν</span> <span class='ocrx_word' id='word_1_229' title='bbox 3210 1681 3299 1737; x_wconf 78' lang='grc' dir='ltr'>καὶ</span> <span class='ocrx_word' id='word_1_230' title='bbox 3331 1680 3500 1756; x_wconf 79' lang='grc' dir='ltr'>φύσιν,</span> <span class='ocrx_word' id='word_1_231' title='bbox 3557 1677 3642 1735; x_wconf 57' lang='lat' dir='ltr'>xiv</span> <span class='ocrx_word' id='word_1_232' title='bbox 3678 1677 3789 1752; x_wconf 61' lang='grc' dir='ltr'>ὑπὲρ</span> 
     </span>
    </p>
   </div>
   <div class='ocr_carea' id='block_1_38' title="bbox 2191 1767 3154 1849">
    <p class='ocr_par' dir='ltr' id='par_1_38' title="bbox 2191 1767 3154 1849">
     <span class='ocr_line' id='line_1_38' title="bbox 2191 1767 3154 1849; baseline -0.001 -24"><span class='ocrx_word' id='word_1_233' title='bbox 2191 1767 2375 1825; x_wconf 82' lang='grc' dir='ltr'>οὑσίαν</span> <span class='ocrx_word' id='word_1_234' title='bbox 2404 1769 2493 1826; x_wconf 76' lang='grc' dir='ltr'>καὶ</span> <span class='ocrx_word' id='word_1_235' title='bbox 2526 1769 2683 1849; x_wconf 75' lang='grc' dir='ltr'>φύσιν</span> <span class='ocrx_word' id='word_1_236' title='bbox 2723 1770 2786 1826; x_wconf 80' lang='grc' dir='ltr'>τὸ</span> <span class='ocrx_word' id='word_1_237' title='bbox 2817 1770 2954 1825; x_wconf 80' lang='grc' dir='ltr'>εἶναι</span> <span class='ocrx_word' id='word_1_238' title='bbox 2993 1770 3154 1844; x_wconf 79' lang='grc' dir='ltr'>αὐτῇ,</span> 
     </span>
    </p>
   </div>
   <div class='ocr_carea' id='block_1_39' title="bbox 2255 2127 3802 2208">
    <p class='ocr_par' dir='ltr' id='par_1_39' title="bbox 2255 2127 3802 2208">
     <span class='ocr_line' id='line_1_39' title="bbox 2255 2127 3802 2208; baseline -0.006 -19"><span class='ocrx_word' id='word_1_239' title='bbox 2255 2139 2359 2191; x_wconf 90' lang='grc' dir='ltr'>ΓΡ.</span> <span class='ocrx_word' id='word_1_240' title='bbox 2390 2130 2575 2190; x_wconf 86' lang='grc' dir='ltr'>Ταυτᾶ</span> <span class='ocrx_word' id='word_1_241' title='bbox 2601 2130 2840 2195; x_wconf 79' lang='grc' dir='ltr'>πάντωςο</span> <span class='ocrx_word' id='word_1_242' title='bbox 2875 2132 3052 2194; x_wconf 74' lang='grc' dir='ltr'>οὕτως</span> <span class='ocrx_word' id='word_1_243' title='bbox 3115 2133 3219 2206; x_wconf 83' lang='grc' dir='ltr'>γὰρ</span> <span class='ocrx_word' id='word_1_244' title='bbox 3277 2131 3332 2187; x_wconf 75' lang='grc' dir='ltr'>οἱ</span> <span class='ocrx_word' id='word_1_245' title='bbox 3389 2127 3540 2208; x_wconf 77' lang='grc' dir='ltr'>ἅγιοι</span> <span class='ocrx_word' id='word_1_246' title='bbox 3597 2127 3802 2201; x_wconf 77' lang='grc' dir='ltr'>Πατὲρες</span> 
     </span>
    </p>
   </div>
   <div class='ocr_carea' id='block_1_40' title="bbox 2185 2219 2518 2281">
    <p class='ocr_par' dir='ltr' id='par_1_40' title="bbox 2185 2219 2518 2281">
     <span class='ocr_line' id='line_1_40' title="bbox 2185 2219 2518 2281; baseline 0.006 -2"><span class='ocrx_word' id='word_1_247' title='bbox 2185 2219 2518 2281; x_wconf 74' lang='grc' dir='ltr'>διδάσκουσι.</span> 
     </span>
    </p>
   </div>
   <div class='ocr_carea' id='block_1_41' title="bbox 2255 2305 3811 2385">
    <p class='ocr_par' dir='ltr' id='par_1_41' title="bbox 2255 2305 3811 2385">
     <span class='ocr_line' id='line_1_41' title="bbox 2255 2305 3811 2385; baseline -0.007 -17"><span class='ocrx_word' id='word_1_248' title='bbox 2255 2318 2414 2369; x_wconf 79' lang='grc' dir='ltr'>ΛΑΤ.</span> <span class='ocrx_word' id='word_1_249' title='bbox 2448 2312 2514 2369; x_wconf 90' lang='grc' dir='ltr'>Τί</span> <span class='ocrx_word' id='word_1_250' title='bbox 2546 2307 2603 2367; x_wconf 69' lang='grc' dir='ltr'>δὲ</span> <span class='ocrx_word' id='word_1_251' title='bbox 2632 2329 2645 2379; x_wconf 90' lang='grc'><strong>;</strong></span> <span class='ocrx_word' id='word_1_252' title='bbox 2680 2310 2815 2385; x_wconf 82' lang='grc' dir='ltr'>οὐχὶ</span> <span class='ocrx_word' id='word_1_253' title='bbox 2854 2309 2945 2366; x_wconf 78' lang='grc' dir='ltr'>καὶ</span> <span class='ocrx_word' id='word_1_254' title='bbox 2976 2309 3313 2366; x_wconf 76' lang='grc' dir='ltr'>ὑποστατικά</span> <span class='ocrx_word' id='word_1_255' title='bbox 3358 2328 3479 2365; x_wconf 86' lang='grc' dir='ltr'>τινα</span> <span class='ocrx_word' id='word_1_256' title='bbox 3516 2305 3621 2382; x_wconf 72' lang='grc' dir='ltr'>φῂς</span> <span class='ocrx_word' id='word_1_257' title='bbox 3658 2305 3811 2377; x_wconf 79' lang='grc' dir='ltr'>ὑπάρ-</span> 
     </span>
    </p>
   </div>
   <div class='ocr_carea' id='block_1_42' title="bbox 2186 2396 3247 2478">
    <p class='ocr_par' dir='ltr' id='par_1_42' title="bbox 2186 2396 3247 2478">
     <span class='ocr_line' id='line_1_42' title="bbox 2186 2396 3247 2478; baseline -0.004 -20"><span class='ocrx_word' id='word_1_258' title='bbox 2186 2421 2305 2478; x_wconf 87' lang='grc' dir='ltr'>χειν</span> <span class='ocrx_word' id='word_1_259' title='bbox 2337 2400 2391 2458; x_wconf 80' lang='grc' dir='ltr'>ἐν</span> <span class='ocrx_word' id='word_1_260' title='bbox 2430 2406 2500 2476; x_wconf 78' lang='grc' dir='ltr'>τῇ</span> <span class='ocrx_word' id='word_1_261' title='bbox 2531 2396 2722 2476; x_wconf 78' lang='grc' dir='ltr'>Τριάδι</span> <span class='ocrx_word' id='word_1_262' title='bbox 2750 2400 2839 2455; x_wconf 83' lang='grc' dir='ltr'>καὶ</span> <span class='ocrx_word' id='word_1_263' title='bbox 2874 2399 3200 2472; x_wconf 84' lang='grc' dir='ltr'>προσωπικά</span> <span class='ocrx_word' id='word_1_264' title='bbox 3232 2418 3247 2467; x_wconf 87' lang='grc'><strong>;</strong></span> 
     </span>
    </p>
   </div>
   <div class='ocr_carea' id='block_1_43' title="bbox 2252 2484 3818 2567">
    <p class='ocr_par' dir='ltr' id='par_1_43' title="bbox 2252 2484 3818 2567">
     <span class='ocr_line' id='line_1_43' title="bbox 2252 2484 3818 2567; baseline -0.008 -18"><span class='ocrx_word' id='word_1_265' title='bbox 2252 2493 2358 2565; x_wconf 81' lang='grc' dir='ltr'>ΊΡ.</span> <span class='ocrx_word' id='word_1_266' title='bbox 2429 2490 2529 2546; x_wconf 84' lang='grc' dir='ltr'>Καὶ</span> <span class='ocrx_word' id='word_1_267' title='bbox 2585 2491 2756 2545; x_wconf 79' lang='grc' dir='ltr'>ταῦτά</span> <span class='ocrx_word' id='word_1_268' title='bbox 2812 2506 2978 2567; x_wconf 79' lang='grc' dir='ltr'>φημι’</span> <span class='ocrx_word' id='word_1_269' title='bbox 3035 2487 3126 2544; x_wconf 82' lang='grc' dir='ltr'>καὶ</span> <span class='ocrx_word' id='word_1_270' title='bbox 3191 2487 3301 2564; x_wconf 80' lang='grc' dir='ltr'>γὰρ</span> <span class='ocrx_word' id='word_1_271' title='bbox 3358 2489 3453 2544; x_wconf 81' lang='grc' dir='ltr'>καὶ</span> <span class='ocrx_word' id='word_1_272' title='bbox 3527 2484 3818 2544; x_wconf 80' lang='grc' dir='ltr'>ὑποστάσεις</span> 
     </span>
    </p>
   </div>
   <div class='ocr_carea' id='block_1_44' title="bbox 2181 2570 3825 2655">
    <p class='ocr_par' dir='ltr' id='par_1_44' title="bbox 2181 2570 3825 2655">
     <span class='ocr_line' id='line_1_44' title="bbox 2181 2570 3825 2655; baseline -0.007 -18"><span class='ocrx_word' id='word_1_273' title='bbox 2181 2582 2272 2638; x_wconf 83' lang='grc' dir='ltr'>καὶ</span> <span class='ocrx_word' id='word_1_274' title='bbox 2311 2581 2599 2655; x_wconf 85' lang='grc' dir='ltr'>πρόσωπα,</span> <span class='ocrx_word' id='word_1_275' title='bbox 2629 2576 2725 2635; x_wconf 65' lang='grc' dir='ltr'>κᾶν</span> <span class='ocrx_word' id='word_1_276' title='bbox 2760 2580 3048 2652; x_wconf 83' lang='grc' dir='ltr'>ἀνώνυμος</span> <span class='ocrx_word' id='word_1_277' title='bbox 3114 2578 3205 2632; x_wconf 77' lang='grc' dir='ltr'>καὶ</span> <span class='ocrx_word' id='word_1_278' title='bbox 3249 2579 3616 2654; x_wconf 80' lang='grc' dir='ltr'>ὑπερώνυμος</span> <span class='ocrx_word' id='word_1_279' title='bbox 3648 2578 3686 2646; x_wconf 69' lang='grc' dir='ltr'><strong>ἡ</strong></span> <span class='ocrx_word' id='word_1_280' title='bbox 3716 2570 3825 2649; x_wconf 79' lang='grc' dir='ltr'>ἁγία</span> 
     </span>
    </p>
   </div>
   <div class='ocr_carea' id='block_1_45' title="bbox 2181 2667 3827 2748">
    <p class='ocr_par' dir='ltr' id='par_1_45' title="bbox 2181 2667 3827 2748">
     <span class='ocr_line' id='line_1_45' title="bbox 2181 2667 3827 2748; baseline -0.005 -20"><span class='ocrx_word' id='word_1_281' title='bbox 2181 2673 2368 2748; x_wconf 80' lang='grc' dir='ltr'>Τριάς·</span> <span class='ocrx_word' id='word_1_282' title='bbox 2415 2673 2548 2745; x_wconf 73' lang='grc' dir='ltr'>ὑπὲρ</span> <span class='ocrx_word' id='word_1_283' title='bbox 2608 2674 2708 2725; x_wconf 84' lang='grc' dir='ltr'>πᾶν</span> <span class='ocrx_word' id='word_1_284' title='bbox 2767 2670 2873 2745; x_wconf 81' lang='grc' dir='ltr'>γὰρ</span> <span class='ocrx_word' id='word_1_285' title='bbox 2910 2669 3001 2725; x_wconf 84' lang='grc' dir='ltr'>καὶ</span> <span class='ocrx_word' id='word_1_286' title='bbox 3057 2673 3286 2745; x_wconf 79' lang='grc' dir='ltr'>πρᾶγμα</span> <span class='ocrx_word' id='word_1_287' title='bbox 3344 2671 3440 2725; x_wconf 85' lang='grc' dir='ltr'>καὶ</span> <span class='ocrx_word' id='word_1_288' title='bbox 3508 2669 3687 2741; x_wconf 78' lang='grc' dir='ltr'>νόημα</span> <span class='ocrx_word' id='word_1_289' title='bbox 3746 2667 3827 2720; x_wconf 80' lang='grc' dir='ltr'>καὶ</span> 
     </span>
    </p>
   </div>
   <div class='ocr_carea' id='block_1_46' title="bbox 2182 2755 3826 2836">
    <p class='ocr_par' dir='ltr' id='par_1_46' title="bbox 2182 2755 3826 2836">
     <span class='ocr_line' id='line_1_46' title="bbox 2182 2755 3826 2836; baseline -0.006 -19"><span class='ocrx_word' id='word_1_290' title='bbox 2182 2757 2361 2836; x_wconf 76' lang='grc' dir='ltr'>ὄνομα</span> <span class='ocrx_word' id='word_1_291' title='bbox 2397 2763 2430 2831; x_wconf 75' lang='grc' dir='ltr'>ἠ</span> <span class='ocrx_word' id='word_1_292' title='bbox 2462 2768 2562 2831; x_wconf 83' lang='grc' dir='ltr'>τῆς</span> <span class='ocrx_word' id='word_1_293' title='bbox 2605 2759 2864 2835; x_wconf 83' lang='grc' dir='ltr'>ὑπερθέου</span> <span class='ocrx_word' id='word_1_294' title='bbox 2922 2759 3181 2829; x_wconf 81' lang='grc' dir='ltr'>θεότητος</span> <span class='ocrx_word' id='word_1_295' title='bbox 3252 2759 3391 2836; x_wconf 73' lang='grc' dir='ltr'>ὑπὶρ</span> <span class='ocrx_word' id='word_1_296' title='bbox 3432 2765 3606 2816; x_wconf 79' lang='grc' dir='ltr'>πᾶσαν</span> <span class='ocrx_word' id='word_1_297' title='bbox 3671 2755 3826 2827; x_wconf 68' lang='grc' dir='ltr'>ὓπαρ-</span> 
     </span>
    </p>
   </div>
   <div class='ocr_carea' id='block_1_47' title="bbox 2181 2844 3830 2925">
    <p class='ocr_par' dir='ltr' id='par_1_47' title="bbox 2181 2844 3830 2925">
     <span class='ocr_line' id='line_1_47' title="bbox 2181 2844 3830 2925; baseline -0.002 -19"><span class='ocrx_word' id='word_1_298' title='bbox 2181 2855 2259 2923; x_wconf 81' lang='grc' dir='ltr'>ξιν</span> <span class='ocrx_word' id='word_1_299' title='bbox 2318 2850 2565 2925; x_wconf 70' lang='grc' dir='ltr'>ὕπαρξις,</span> <span class='ocrx_word' id='word_1_300' title='bbox 2631 2848 2690 2919; x_wconf 70' lang='grc' dir='ltr'>ἢ,</span> <span class='ocrx_word' id='word_1_301' title='bbox 2762 2848 3089 2920; x_wconf 75' lang='grc' dir='ltr'>οἰκειότερον</span> <span class='ocrx_word' id='word_1_302' title='bbox 3177 2848 3380 2917; x_wconf 83' lang='grc' dir='ltr'>εἰπεῖν,</span> <span class='ocrx_word' id='word_1_303' title='bbox 3465 2844 3830 2923; x_wconf 77' lang='grc' dir='ltr'>ὑπερύπαρξις⁶</span> 
     </span>
    </p>
   </div>
   <div class='ocr_carea' id='block_1_48' title="bbox 2183 2931 3837 3015">
    <p class='ocr_par' dir='ltr' id='par_1_48' title="bbox 2183 2931 3837 3015">
     <span class='ocr_line' id='line_1_48' title="bbox 2183 2931 3837 3015; baseline -0.007 -18"><span class='ocrx_word' id='word_1_304' title='bbox 2183 2942 2336 3015; x_wconf 80' lang='grc' dir='ltr'>ὅμως</span> <span class='ocrx_word' id='word_1_305' title='bbox 2366 2939 2458 2995; x_wconf 83' lang='grc' dir='ltr'>καὶ</span> <span class='ocrx_word' id='word_1_306' title='bbox 2490 2937 2647 2994; x_wconf 85' lang='grc' dir='ltr'>ούσία</span> <span class='ocrx_word' id='word_1_307' title='bbox 2670 2936 2758 2993; x_wconf 81' lang='grc' dir='ltr'>καὶ</span> <span class='ocrx_word' id='word_1_308' title='bbox 2799 2936 2959 3012; x_wconf 81' lang='grc' dir='ltr'>φύσις</span> <span class='ocrx_word' id='word_1_309' title='bbox 2990 2939 3025 3007; x_wconf 79' lang='grc' dir='ltr'><strong>ἡ</strong></span> <span class='ocrx_word' id='word_1_310' title='bbox 3062 2937 3159 3011; x_wconf 84' lang='grc' dir='ltr'>μία</span> <span class='ocrx_word' id='word_1_311' title='bbox 3225 2938 3321 2993; x_wconf 78' lang='grc' dir='ltr'>καὶ</span> <span class='ocrx_word' id='word_1_312' title='bbox 3384 2938 3529 3007; x_wconf 83' lang='grc' dir='ltr'>αὑτή</span> <span class='ocrx_word' id='word_1_313' title='bbox 3595 2934 3688 2990; x_wconf 79' lang='grc' dir='ltr'>καὶ</span> <span class='ocrx_word' id='word_1_314' title='bbox 3716 2931 3837 2987; x_wconf 77' lang='grc' dir='ltr'>ἀπο.-</span> 
     </span>
    </p>
   </div>
   <div class='ocr_carea' id='block_1_49' title="bbox 2185 3023 3842 3107">
    <p class='ocr_par' dir='ltr' id='par_1_49' title="bbox 2185 3023 3842 3107">
     <span class='ocr_line' id='line_1_49' title="bbox 2185 3023 3842 3107; baseline -0.008 -21"><span class='ocrx_word' id='word_1_315' title='bbox 2185 3027 2496 3107; x_wconf 81' lang='grc' dir='ltr'>ράλλακτος</span> <span class='ocrx_word' id='word_1_316' title='bbox 2522 3034 2625 3098; x_wconf 83' lang='grc' dir='ltr'>τῆς</span> <span class='ocrx_word' id='word_1_317' title='bbox 2657 3027 2811 3103; x_wconf 77' lang='grc' dir='ltr'>ἁγίας</span> <span class='ocrx_word' id='word_1_318' title='bbox 2842 3023 3077 3102; x_wconf 82' lang='grc' dir='ltr'>Τριάδος</span> <span class='ocrx_word' id='word_1_319' title='bbox 3106 3026 3310 3099; x_wconf 84' lang='grc' dir='ltr'>θεότης</span> <span class='ocrx_word' id='word_1_320' title='bbox 3359 3025 3842 3104; x_wconf 74' lang='grc' dir='ltr'>προσαγορεύεται,</span> 
     </span>
    </p>
   </div>
   <div class='ocr_carea' id='block_1_50' title="bbox 2181 3113 3845 3192">
    <p class='ocr_par' dir='ltr' id='par_1_50' title="bbox 2181 3113 3845 3192">
     <span class='ocr_line' id='line_1_50' title="bbox 2181 3113 3845 3192; baseline -0.006 -16"><span class='ocrx_word' id='word_1_321' title='bbox 2181 3120 2271 3176; x_wconf 82' lang='grc' dir='ltr'>καὶ</span> <span class='ocrx_word' id='word_1_322' title='bbox 2302 3118 2467 3175; x_wconf 84' lang='grc' dir='ltr'>πάλιν</span> <span class='ocrx_word' id='word_1_323' title='bbox 2509 3119 2537 3174; x_wconf 87' lang='grc' dir='ltr'>ὁ</span> <span class='ocrx_word' id='word_1_324' title='bbox 2567 3118 2754 3192; x_wconf 76' lang='grc' dir='ltr'>Πατὴρ</span> <span class='ocrx_word' id='word_1_325' title='bbox 2804 3116 2893 3172; x_wconf 78' lang='grc' dir='ltr'>καὶ</span> <span class='ocrx_word' id='word_1_326' title='bbox 2951 3117 2980 3172; x_wconf 85' lang='grc' dir='ltr'>ὁ</span> <span class='ocrx_word' id='word_1_327' title='bbox 3034 3116 3157 3180; x_wconf 77' lang='grc' dir='ltr'>Υἱὸς</span> <span class='ocrx_word' id='word_1_328' title='bbox 3208 3117 3311 3172; x_wconf 73' lang='grc' dir='ltr'>καὶ</span> <span class='ocrx_word' id='word_1_329' title='bbox 3364 3119 3432 3174; x_wconf 81' lang='grc' dir='ltr'>τὸ</span> <span class='ocrx_word' id='word_1_330' title='bbox 3473 3121 3693 3191; x_wconf 75' lang='grc' dir='ltr'>Πνεῦμα</span> <span class='ocrx_word' id='word_1_331' title='bbox 3722 3113 3845 3168; x_wconf 83' lang='grc' dir='ltr'>ὑπο-</span> 
     </span>
    </p>
   </div>
   <div class='ocr_carea' id='block_1_51' title="bbox 2183 3205 3263 3283">
    <p class='ocr_par' dir='ltr' id='par_1_51' title="bbox 2183 3205 3263 3283">
     <span class='ocr_line' id='line_1_51' title="bbox 2183 3205 3263 3283; baseline -0.003 -18"><span class='ocrx_word' id='word_1_332' title='bbox 2183 3208 2392 3271; x_wconf 87' lang='grc' dir='ltr'>στάσεις</span> <span class='ocrx_word' id='word_1_333' title='bbox 2418 3207 2508 3263; x_wconf 85' lang='grc' dir='ltr'>καὶ</span> <span class='ocrx_word' id='word_1_334' title='bbox 2538 3205 2807 3283; x_wconf 80' lang='grc' dir='ltr'>πρόσωπα</span> <span class='ocrx_word' id='word_1_335' title='bbox 2837 3212 2938 3275; x_wconf 80' lang='grc' dir='ltr'>τῆς</span> <span class='ocrx_word' id='word_1_336' title='bbox 2985 3206 3263 3276; x_wconf 83' lang='grc' dir='ltr'>θεότητος.</span> 
     </span>
    </p>
   </div>
   <div class='ocr_carea' id='block_1_52' title="bbox 427 2578 2074 2651">
    <p class='ocr_par' dir='ltr' id='par_1_52' title="bbox 427 2578 2074 2651">
     <span class='ocr_line' id='line_1_52' title="bbox 427 2578 2074 2651; baseline -0.001 -16"><span class='ocrx_word' id='word_1_337' title='bbox 427 2584 486 2635; x_wconf 91' lang='lat' dir='ltr'>et</span> <span class='ocrx_word' id='word_1_338' title='bbox 505 2596 794 2651; x_wconf 64' lang='lat' dir='ltr'>persona,</span> <span class='ocrx_word' id='word_1_339' title='bbox 827 2579 968 2635; x_wconf 91' lang='lat' dir='ltr'>licet</span> <span class='ocrx_word' id='word_1_340' title='bbox 993 2585 1199 2637; x_wconf 85' lang='lat' dir='ltr'>sancta</span> <span class='ocrx_word' id='word_1_341' title='bbox 1254 2580 1508 2636; x_wconf 86' lang='lat' dir='ltr'>Trinitas</span> <span class='ocrx_word' id='word_1_342' title='bbox 1559 2580 1636 2636; x_wconf 89' lang='lat' dir='ltr'>sit</span> <span class='ocrx_word' id='word_1_343' title='bbox 1673 2580 1800 2635; x_wconf 89' lang='lat' dir='ltr'>sine</span> <span class='ocrx_word' id='word_1_344' title='bbox 1831 2578 2074 2635; x_wconf 89' lang='lat' dir='ltr'>nomine</span> 
     </span>
    </p>
   </div>
   <div class='ocr_carea' id='block_1_53' title="bbox 423 2671 2077 2742">
    <p class='ocr_par' dir='ltr' id='par_1_53' title="bbox 423 2671 2077 2742">
     <span class='ocr_line' id='line_1_53' title="bbox 423 2671 2077 2742; baseline -0.002 -17"><span class='ocrx_word' id='word_1_345' title='bbox 423 2674 483 2725; x_wconf 91' lang='lat' dir='ltr'>et</span> <span class='ocrx_word' id='word_1_346' title='bbox 502 2685 681 2742; x_wconf 88' lang='lat' dir='ltr'>super</span> <span class='ocrx_word' id='word_1_347' title='bbox 709 2686 887 2725; x_wconf 89' lang='lat' dir='ltr'>omne</span> <span class='ocrx_word' id='word_1_348' title='bbox 919 2687 1159 2726; x_wconf 89' lang='lat' dir='ltr'>nomen.</span> <span class='ocrx_word' id='word_1_349' title='bbox 1194 2672 1336 2725; x_wconf 88' lang='lat' dir='ltr'>Nam</span> <span class='ocrx_word' id='word_1_350' title='bbox 1369 2686 1549 2741; x_wconf 86' lang='lat' dir='ltr'>supra</span> <span class='ocrx_word' id='word_1_351' title='bbox 1578 2686 1816 2726; x_wconf 92' lang='lat' dir='ltr'>omnem</span> <span class='ocrx_word' id='word_1_352' title='bbox 1847 2684 1974 2724; x_wconf 90' lang='lat' dir='ltr'>rem</span> <span class='ocrx_word' id='word_1_353' title='bbox 2018 2671 2077 2723; x_wconf 88' lang='lat' dir='ltr'>et</span> 
     </span>
    </p>
   </div>
   <div class='ocr_carea' id='block_1_54' title="bbox 422 2757 2073 2833">
    <p class='ocr_par' dir='ltr' id='par_1_54' title="bbox 422 2757 2073 2833">
     <span class='ocr_line' id='line_1_54' title="bbox 422 2757 2073 2833; baseline -0.001 -19"><span class='ocrx_word' id='word_1_354' title='bbox 422 2759 841 2833; x_wconf 85' lang='lat' dir='ltr'>cogitationem</span> <span class='ocrx_word' id='word_1_355' title='bbox 896 2763 954 2815; x_wconf 91' lang='lat' dir='ltr'>et</span> <span class='ocrx_word' id='word_1_356' title='bbox 983 2758 1532 2815; x_wconf 89' lang='lat' dir='ltr'>denominationem</span> <span class='ocrx_word' id='word_1_357' title='bbox 1559 2764 1649 2815; x_wconf 90' lang='lat' dir='ltr'>est</span> <span class='ocrx_word' id='word_1_358' title='bbox 1677 2757 2073 2830; x_wconf 69' lang='lat' dir='ltr'>superdivinm</span> 
     </span>
    </p>
   </div>
   <div class='ocr_carea' id='block_1_55' title="bbox 425 2845 2071 2919">
    <p class='ocr_par' dir='ltr' id='par_1_55' title="bbox 425 2845 2071 2919">
     <span class='ocr_line' id='line_1_55' title="bbox 425 2845 2071 2919; baseline -0.001 -16"><span class='ocrx_word' id='word_1_359' title='bbox 425 2846 759 2904; x_wconf 87' lang='lat' dir='ltr'>Divinitatis</span> <span class='ocrx_word' id='word_1_360' title='bbox 789 2864 970 2919; x_wconf 90' lang='lat' dir='ltr'>super</span> <span class='ocrx_word' id='word_1_361' title='bbox 997 2864 1238 2903; x_wconf 90' lang='lat' dir='ltr'>omnem</span> <span class='ocrx_word' id='word_1_362' title='bbox 1268 2847 1679 2904; x_wconf 80' lang='lat' dir='ltr'>exsistentiam</span> <span class='ocrx_word' id='word_1_363' title='bbox 1704 2845 2071 2913; x_wconf 81' lang='lat' dir='ltr'>exsistentia,</span> 
     </span>
    </p>
   </div>
   <div class='ocr_carea' id='block_1_56' title="bbox 426 2934 2071 3009">
    <p class='ocr_par' dir='ltr' id='par_1_56' title="bbox 426 2934 2071 3009">
     <span class='ocr_line' id='line_1_56' title="bbox 426 2934 2071 3009; baseline -0.002 -17"><span class='ocrx_word' id='word_1_364' title='bbox 426 2937 566 3005; x_wconf 87' lang='lat' dir='ltr'>sive,</span> <span class='ocrx_word' id='word_1_365' title='bbox 608 2942 674 2993; x_wconf 90' lang='lat' dir='ltr'>ut</span> <span class='ocrx_word' id='word_1_366' title='bbox 718 2936 906 3008; x_wconf 87' lang='lat' dir='ltr'>magis</span> <span class='ocrx_word' id='word_1_367' title='bbox 936 2937 1174 3009; x_wconf 88' lang='lat' dir='ltr'>proprie</span> <span class='ocrx_word' id='word_1_368' title='bbox 1217 2936 1433 3006; x_wconf 89' lang='lat' dir='ltr'>dicam,</span> <span class='ocrx_word' id='word_1_369' title='bbox 1493 2934 2071 3008; x_wconf 87' lang='lat' dir='ltr'>superexsistentia;</span> 
     </span>
    </p>
   </div>
   <div class='ocr_carea' id='block_1_57' title="bbox 421 3022 2074 3093">
    <p class='ocr_par' dir='ltr' id='par_1_57' title="bbox 421 3022 2074 3093">
     <span class='ocr_line' id='line_1_57' title="bbox 421 3022 2074 3093; baseline -0.002 -12"><span class='ocrx_word' id='word_1_370' title='bbox 421 3030 684 3082; x_wconf 87' lang='lat' dir='ltr'>attamen</span> <span class='ocrx_word' id='word_1_371' title='bbox 709 3030 767 3081; x_wconf 91' lang='lat' dir='ltr'>et</span> <span class='ocrx_word' id='word_1_372' title='bbox 797 3026 1055 3080; x_wconf 87' lang='lat' dir='ltr'>essentia</span> <span class='ocrx_word' id='word_1_373' title='bbox 1086 3030 1144 3080; x_wconf 90' lang='lat' dir='ltr'>et</span> <span class='ocrx_word' id='word_1_374' title='bbox 1174 3033 1386 3081; x_wconf 89' lang='lat' dir='ltr'>natura</span> <span class='ocrx_word' id='word_1_375' title='bbox 1414 3040 1534 3081; x_wconf 85' lang='lat' dir='ltr'>una</span> <span class='ocrx_word' id='word_1_376' title='bbox 1574 3030 1632 3079; x_wconf 88' lang='lat' dir='ltr'>et</span> <span class='ocrx_word' id='word_1_377' title='bbox 1657 3022 1865 3083; x_wconf 85' lang='lat' dir='ltr'>eadem</span> <span class='ocrx_word' id='word_1_378' title='bbox 1896 3029 2074 3093; x_wconf 85' lang='lat' dir='ltr'>atque</span> 
     </span>
    </p>
   </div>
   <div class='ocr_carea' id='block_1_58' title="bbox 423 3111 2072 3184">
    <p class='ocr_par' dir='ltr' id='par_1_58' title="bbox 423 3111 2072 3184">
     <span class='ocr_line' id='line_1_58' title="bbox 423 3111 2072 3184; baseline -0.001 -17"><span class='ocrx_word' id='word_1_379' title='bbox 423 3114 770 3170; x_wconf 72' lang='lat' dir='ltr'>indifferens</span> <span class='ocrx_word' id='word_1_380' title='bbox 801 3118 1020 3169; x_wconf 73' lang='lat' dir='ltr'>sanctae</span> <span class='ocrx_word' id='word_1_381' title='bbox 1051 3113 1353 3169; x_wconf 88' lang='lat' dir='ltr'>Trinitatis</span> <span class='ocrx_word' id='word_1_382' title='bbox 1385 3113 1661 3169; x_wconf 87' lang='lat' dir='ltr'>divinitas</span> <span class='ocrx_word' id='word_1_383' title='bbox 1693 3111 2072 3184; x_wconf 66' lang='lat' dir='ltr'>praedicatur,</span> 
     </span>
    </p>
   </div>
   <div class='ocr_carea' id='block_1_59' title="bbox 424 3200 2075 3273">
    <p class='ocr_par' dir='ltr' id='par_1_59' title="bbox 424 3200 2075 3273">
     <span class='ocr_line' id='line_1_59' title="bbox 424 3200 2075 3273; baseline -0.001 -16"><span class='ocrx_word' id='word_1_384' title='bbox 424 3207 482 3257; x_wconf 90' lang='lat' dir='ltr'>et</span> <span class='ocrx_word' id='word_1_385' title='bbox 509 3219 748 3259; x_wconf 86' lang='lat' dir='ltr'>rursum</span> <span class='ocrx_word' id='word_1_386' title='bbox 785 3204 960 3257; x_wconf 88' lang='lat' dir='ltr'>Pater</span> <span class='ocrx_word' id='word_1_387' title='bbox 990 3206 1048 3257; x_wconf 88' lang='lat' dir='ltr'>et</span> <span class='ocrx_word' id='word_1_388' title='bbox 1076 3202 1261 3257; x_wconf 89' lang='lat' dir='ltr'>Filius</span> <span class='ocrx_word' id='word_1_389' title='bbox 1293 3209 1352 3258; x_wconf 91' lang='lat' dir='ltr'>et</span> <span class='ocrx_word' id='word_1_390' title='bbox 1405 3202 1657 3273; x_wconf 88' lang='lat' dir='ltr'>Spiritus</span> <span class='ocrx_word' id='word_1_391' title='bbox 1717 3204 1858 3257; x_wconf 90' lang='lat' dir='ltr'>sunt</span> <span class='ocrx_word' id='word_1_392' title='bbox 1884 3200 2075 3272; x_wconf 86' lang='lat' dir='ltr'>hypo-</span> 
     </span>
    </p>
   </div>
   <div class='ocr_carea' id='block_1_60' title="bbox 421 3289 1356 3363">
    <p class='ocr_par' dir='ltr' id='par_1_60' title="bbox 421 3289 1356 3363">
     <span class='ocr_line' id='line_1_60' title="bbox 421 3289 1356 3363; baseline -0.001 -16"><span class='ocrx_word' id='word_1_393' title='bbox 421 3296 610 3347; x_wconf 89' lang='lat' dir='ltr'>stases</span> <span class='ocrx_word' id='word_1_394' title='bbox 640 3296 698 3346; x_wconf 87' lang='lat' dir='ltr'>et</span> <span class='ocrx_word' id='word_1_395' title='bbox 719 3306 989 3363; x_wconf 80' lang='lat' dir='ltr'>personas</span> <span class='ocrx_word' id='word_1_396' title='bbox 1012 3289 1356 3346; x_wconf 89' lang='lat' dir='ltr'>divinitatis.</span> 
     </span>
    </p>
   </div>
   <div class='ocr_carea' id='block_1_61' title="bbox 493 3354 2074 3461">
    <p class='ocr_par' dir='ltr' id='par_1_61' title="bbox 493 3354 2074 3451">
     <span class='ocr_line' id='line_1_61' title="bbox 493 3354 2074 3451; baseline 0 -16"><span class='ocrx_word' id='word_1_397' title='bbox 493 3381 643 3437; x_wconf 78' lang='lat' dir='ltr'>LAT.</span> <span class='ocrx_word' id='word_1_398' title='bbox 676 3354 975 3437; x_wconf 73' lang='lat' dir='ltr'>Eademne</span> <span class='ocrx_word' id='word_1_399' title='bbox 1021 3395 1150 3435; x_wconf 89' lang='lat' dir='ltr'>esse</span> <span class='ocrx_word' id='word_1_400' title='bbox 1181 3379 1328 3435; x_wconf 90' lang='lat' dir='ltr'>dicis</span> <span class='ocrx_word' id='word_1_401' title='bbox 1392 3379 1517 3435; x_wconf 66' lang='lat' dir='ltr'>hanc</span> <span class='ocrx_word' id='word_1_402' title='bbox 1571 3382 1630 3435; x_wconf 85' lang='lat' dir='ltr'>et</span> <span class='ocrx_word' id='word_1_403' title='bbox 1677 3378 1802 3451; x_wconf 90' lang='lat' dir='ltr'>illa,</span> <span class='ocrx_word' id='word_1_404' title='bbox 1834 3395 1909 3434; x_wconf 89' lang='lat' dir='ltr'>an</span> <span class='ocrx_word' id='word_1_405' title='bbox 1938 3395 2074 3435; x_wconf 89' lang='lat' dir='ltr'>vero</span> 
     </span>
    </p>
   </div>
   <div class='ocr_carea' id='block_1_62' title="bbox 2203 3354 3857 3461">
    <p class='ocr_par' dir='ltr' id='par_1_62' title="bbox 2256 3376 3857 3461">
     <span class='ocr_line' id='line_1_62' title="bbox 2256 3376 3857 3461; baseline -0.005 -18"><span class='ocrx_word' id='word_1_406' title='bbox 2256 3386 2626 3445; x_wconf 85' lang='grc' dir='ltr'>ΛΑΤ.Ταυτὰ</span> <span class='ocrx_word' id='word_1_407' title='bbox 2703 3382 2761 3440; x_wconf 63' lang='grc' dir='ltr'>δὲ</span> <span class='ocrx_word' id='word_1_408' title='bbox 2834 3383 3016 3461; x_wconf 70' lang='grc' dir='ltr'>λέγεις</span> <span class='ocrx_word' id='word_1_409' title='bbox 3084 3382 3223 3439; x_wconf 75' lang='grc' dir='ltr'>εἶναι</span> <span class='ocrx_word' id='word_1_410' title='bbox 3288 3389 3479 3442; x_wconf 80' lang='grc' dir='ltr'>ταῦτα</span> <span class='ocrx_word' id='word_1_411' title='bbox 3547 3376 3857 3453; x_wconf 64' lang='grc' dir='ltr'>κᾶκεῖνα,ἢ</span> 
     </span>
    </p>
   </div>
   <div class='ocr_carea' id='block_1_63' title="bbox 424 3468 712 3526">
    <p class='ocr_par' dir='ltr' id='par_1_63' title="bbox 424 3468 712 3526">
     <span class='ocr_line' id='line_1_63' title="bbox 424 3468 712 3526; baseline -0.003 -1"><span class='ocrx_word' id='word_1_412' title='bbox 424 3469 656 3526; x_wconf 90' lang='lat' dir='ltr'>diversa</span> <span class='ocrx_word' id='word_1_413' title='bbox 682 3468 712 3524; x_wconf 73' lang='lat' dir='ltr'>‘I</span> 
     </span>
    </p>
   </div>
   <div class='ocr_carea' id='block_1_64' title="bbox 496 3557 1758 3631">
    <p class='ocr_par' dir='ltr' id='par_1_64' title="bbox 496 3557 1758 3631">
     <span class='ocr_line' id='line_1_64' title="bbox 496 3557 1758 3631; baseline -0.002 -16"><span class='ocrx_word' id='word_1_414' title='bbox 496 3561 607 3616; x_wconf 90' lang='lat' dir='ltr'>GR.</span> <span class='ocrx_word' id='word_1_415' title='bbox 642 3558 925 3624; x_wconf 65' lang='lat' dir='ltr'>Quasnam</span> <span class='ocrx_word' id='word_1_416' title='bbox 954 3576 1088 3615; x_wconf 87' lang='lat' dir='ltr'>vero</span> <span class='ocrx_word' id='word_1_417' title='bbox 1119 3558 1438 3631; x_wconf 87' lang='lat' dir='ltr'>intelligas,</span> <span class='ocrx_word' id='word_1_418' title='bbox 1476 3557 1758 3614; x_wconf 88' lang='lat' dir='ltr'>edissere.</span> 
     </span>
    </p>
   </div>
   <div class='ocr_carea' id='block_1_65' title="bbox 490 3646 2072 3721">
    <p class='ocr_par' dir='ltr' id='par_1_65' title="bbox 490 3646 2072 3721">
     <span class='ocr_line' id='line_1_65' title="bbox 490 3646 2072 3721; baseline -0.002 -15"><span class='ocrx_word' id='word_1_419' title='bbox 490 3648 913 3706; x_wconf 83' lang='lat' dir='ltr'>LAT.Idemne</span> <span class='ocrx_word' id='word_1_420' title='bbox 941 3648 1204 3706; x_wconf 88' lang='lat' dir='ltr'>essentia</span> <span class='ocrx_word' id='word_1_421' title='bbox 1268 3653 1328 3703; x_wconf 91' lang='lat' dir='ltr'>et</span> <span class='ocrx_word' id='word_1_422' title='bbox 1376 3648 1727 3721; x_wconf 84' lang='lat' dir='ltr'>hypostasis,</span> <span class='ocrx_word' id='word_1_423' title='bbox 1760 3664 1838 3704; x_wconf 89' lang='lat' dir='ltr'>an</span> <span class='ocrx_word' id='word_1_424' title='bbox 1889 3646 2072 3717; x_wconf 89' lang='lat' dir='ltr'>aliud,</span> 
     </span>
    </p>
   </div>
   <div class='ocr_carea' id='block_1_66' title="bbox 422 3738 2074 3811">
    <p class='ocr_par' dir='ltr' id='par_1_66' title="bbox 422 3738 2074 3811">
     <span class='ocr_line' id='line_1_66' title="bbox 422 3738 2074 3811; baseline -0.002 -16"><span class='ocrx_word' id='word_1_425' title='bbox 422 3744 598 3811; x_wconf 88' lang='lat' dir='ltr'>atque</span> <span class='ocrx_word' id='word_1_426' title='bbox 630 3738 865 3795; x_wconf 83' lang='lat' dir='ltr'>idemne</span> <span class='ocrx_word' id='word_1_427' title='bbox 924 3744 1138 3795; x_wconf 86' lang='lat' dir='ltr'>natura</span> <span class='ocrx_word' id='word_1_428' title='bbox 1194 3742 1252 3793; x_wconf 91' lang='lat' dir='ltr'>et</span> <span class='ocrx_word' id='word_1_429' title='bbox 1307 3754 1585 3809; x_wconf 88' lang='lat' dir='ltr'>persona,</span> <span class='ocrx_word' id='word_1_430' title='bbox 1627 3753 1703 3793; x_wconf 91' lang='lat' dir='ltr'>an</span> <span class='ocrx_word' id='word_1_431' title='bbox 1760 3754 1894 3794; x_wconf 91' lang='lat' dir='ltr'>vero</span> <span class='ocrx_word' id='word_1_432' title='bbox 1952 3751 2074 3792; x_wconf 89' lang='lat' dir='ltr'>non</span> 
     </span>
    </p>
   </div>
   <div class='ocr_carea' id='block_1_67' title="bbox 419 3828 637 3885">
    <p class='ocr_par' dir='ltr' id='par_1_67' title="bbox 419 3828 637 3885">
     <span class='ocr_line' id='line_1_67' title="bbox 419 3828 637 3885; baseline 0.009 -2"><span class='ocrx_word' id='word_1_433' title='bbox 419 3828 581 3885; x_wconf 90' lang='lat' dir='ltr'>idem</span> <span class='ocrx_word' id='word_1_434' title='bbox 609 3830 637 3884; x_wconf 75' lang='grc'><strong>7</strong></span> 
     </span>
    </p>
   </div>
   <div class='ocr_carea' id='block_1_68' title="bbox 488 3916 2075 3989">
    <p class='ocr_par' dir='ltr' id='par_1_68' title="bbox 488 3916 2075 3989">
     <span class='ocr_line' id='line_1_68' title="bbox 488 3916 2075 3989; baseline -0.002 -14"><span class='ocrx_word' id='word_1_435' title='bbox 488 3921 599 3977; x_wconf 90' lang='lat' dir='ltr'>GR.</span> <span class='ocrx_word' id='word_1_436' title='bbox 634 3919 807 3976; x_wconf 83' lang='lat' dir='ltr'>Aliud</span> <span class='ocrx_word' id='word_1_437' title='bbox 840 3924 927 3975; x_wconf 92' lang='lat' dir='ltr'>est</span> <span class='ocrx_word' id='word_1_438' title='bbox 984 3925 1196 3975; x_wconf 86' lang='lat' dir='ltr'>natura</span> <span class='ocrx_word' id='word_1_439' title='bbox 1253 3935 1289 3974; x_wconf 90' lang='lat' dir='ltr'>a</span> <span class='ocrx_word' id='word_1_440' title='bbox 1344 3934 1619 3989; x_wconf 88' lang='lat' dir='ltr'>persona,</span> <span class='ocrx_word' id='word_1_441' title='bbox 1654 3921 1715 3972; x_wconf 91' lang='lat' dir='ltr'>et</span> <span class='ocrx_word' id='word_1_442' title='bbox 1761 3916 1925 3973; x_wconf 86' lang='lat' dir='ltr'>aliud</span> <span class='ocrx_word' id='word_1_443' title='bbox 1980 3932 2075 3972; x_wconf 86' lang='lat' dir='ltr'>es-</span> 
     </span>
    </p>
   </div>
   <div class='ocr_carea' id='block_1_69' title="bbox 420 4005 2075 4081">
    <p class='ocr_par' dir='ltr' id='par_1_69' title="bbox 420 4005 2075 4081">
     <span class='ocr_line' id='line_1_69' title="bbox 420 4005 2075 4081; baseline -0.002 -17"><span class='ocrx_word' id='word_1_444' title='bbox 420 4010 615 4065; x_wconf 88' lang='lat' dir='ltr'>sentia</span> <span class='ocrx_word' id='word_1_445' title='bbox 645 4010 716 4065; x_wconf 89' lang='lat' dir='ltr'>ab</span> <span class='ocrx_word' id='word_1_446' title='bbox 739 4010 1063 4081; x_wconf 85' lang='lat' dir='ltr'>hypostasi.</span> <span class='ocrx_word' id='word_1_447' title='bbox 1099 4009 1193 4064; x_wconf 90' lang='lat' dir='ltr'>Sic</span> <span class='ocrx_word' id='word_1_448' title='bbox 1232 4008 1391 4063; x_wconf 89' lang='lat' dir='ltr'>enim</span> <span class='ocrx_word' id='word_1_449' title='bbox 1422 4007 1668 4078; x_wconf 88' lang='lat' dir='ltr'>placuit,</span> <span class='ocrx_word' id='word_1_450' title='bbox 1722 4007 1864 4062; x_wconf 88' lang='lat' dir='ltr'>licet</span> <span class='ocrx_word' id='word_1_451' title='bbox 1919 4005 2075 4077; x_wconf 87' lang='lat' dir='ltr'>apud</span> 
     </span>
    </p>
   </div>
   <div class='ocr_carea' id='block_1_70' title="bbox 418 4096 2079 4167">
    <p class='ocr_par' dir='ltr' id='par_1_70' title="bbox 418 4096 2079 4167">
     <span class='ocr_line' id='line_1_70' title="bbox 418 4096 2079 4167; baseline -0.002 -14"><span class='ocrx_word' id='word_1_452' title='bbox 418 4097 744 4153; x_wconf 87' lang='lat' dir='ltr'>nonnullos</span> <span class='ocrx_word' id='word_1_453' title='bbox 774 4097 1094 4167; x_wconf 87' lang='lat' dir='ltr'>aliquando</span> <span class='ocrx_word' id='word_1_454' title='bbox 1155 4096 1415 4151; x_wconf 85' lang='lat' dir='ltr'>essentia</span> <span class='ocrx_word' id='word_1_455' title='bbox 1466 4096 1586 4151; x_wconf 90' lang='lat' dir='ltr'>sive</span> <span class='ocrx_word' id='word_1_456' title='bbox 1655 4101 1867 4151; x_wconf 90' lang='lat' dir='ltr'>natura</span> <span class='ocrx_word' id='word_1_457' title='bbox 1891 4100 1949 4150; x_wconf 87' lang='lat' dir='ltr'>et</span> <span class='ocrx_word' id='word_1_458' title='bbox 1978 4096 2079 4166; x_wconf 86' lang='lat' dir='ltr'>hy-</span> 
     </span>
    </p>
   </div>
   <div class='ocr_carea' id='block_1_71' title="bbox 425 4183 2075 4257">
    <p class='ocr_par' dir='ltr' id='par_1_71' title="bbox 425 4183 2075 4257">
     <span class='ocr_line' id='line_1_71' title="bbox 425 4183 2075 4257; baseline -0.001 -17"><span class='ocrx_word' id='word_1_459' title='bbox 425 4186 699 4257; x_wconf 88' lang='lat' dir='ltr'>postasis,</span> <span class='ocrx_word' id='word_1_460' title='bbox 732 4201 861 4257; x_wconf 80' lang='lat' dir='ltr'>qum</span> <span class='ocrx_word' id='word_1_461' title='bbox 901 4192 1041 4239; x_wconf 89' lang='lat' dir='ltr'>sunt</span> <span class='ocrx_word' id='word_1_462' title='bbox 1072 4184 1304 4240; x_wconf 90' lang='lat' dir='ltr'>diversa</span> <span class='ocrx_word' id='word_1_463' title='bbox 1352 4184 1618 4251; x_wconf 89' lang='lat' dir='ltr'>nomina,</span> <span class='ocrx_word' id='word_1_464' title='bbox 1678 4201 1783 4255; x_wconf 90' lang='lat' dir='ltr'>pro</span> <span class='ocrx_word' id='word_1_465' title='bbox 1823 4183 2075 4239; x_wconf 89' lang='lat' dir='ltr'>invicem</span> 
     </span>
    </p>
   </div>
   <div class='ocr_carea' id='block_1_72' title="bbox 428 4270 2075 4344">
    <p class='ocr_par' dir='ltr' id='par_1_72' title="bbox 428 4270 2075 4344">
     <span class='ocr_line' id='line_1_72' title="bbox 428 4270 2075 4344; baseline 0 -16"><span class='ocrx_word' id='word_1_466' title='bbox 428 4273 816 4344; x_wconf 90' lang='lat' dir='ltr'>accipiantur,</span> <span class='ocrx_word' id='word_1_467' title='bbox 840 4272 899 4326; x_wconf 91' lang='lat' dir='ltr'>id</span> <span class='ocrx_word' id='word_1_468' title='bbox 930 4277 1019 4327; x_wconf 87' lang='lat' dir='ltr'>est</span> <span class='ocrx_word' id='word_1_469' title='bbox 1049 4271 1121 4326; x_wconf 93' lang='lat' dir='ltr'>de</span> <span class='ocrx_word' id='word_1_470' title='bbox 1152 4289 1271 4327; x_wconf 90' lang='lat' dir='ltr'>una</span> <span class='ocrx_word' id='word_1_471' title='bbox 1301 4272 1625 4342; x_wconf 91' lang='lat' dir='ltr'>eademque</span> <span class='ocrx_word' id='word_1_472' title='bbox 1644 4289 1727 4327; x_wconf 89' lang='lat' dir='ltr'>re.</span> <span class='ocrx_word' id='word_1_473' title='bbox 1752 4270 1914 4328; x_wconf 92' lang='lat' dir='ltr'>Idem</span> <span class='ocrx_word' id='word_1_474' title='bbox 1940 4289 2075 4328; x_wconf 87' lang='lat' dir='ltr'>vero</span> 
     </span>
    </p>
   </div>
   <div class='ocr_carea' id='block_1_73' title="bbox 429 4360 2078 4434">
    <p class='ocr_par' dir='ltr' id='par_1_73' title="bbox 429 4360 2078 4434">
     <span class='ocr_line' id='line_1_73' title="bbox 429 4360 2078 4434; baseline 0.001 -18"><span class='ocrx_word' id='word_1_475' title='bbox 429 4366 520 4416; x_wconf 90' lang='lat' dir='ltr'>est</span> <span class='ocrx_word' id='word_1_476' title='bbox 547 4360 881 4434; x_wconf 78' lang='lat' dir='ltr'>hypostasis</span> <span class='ocrx_word' id='word_1_477' title='bbox 913 4365 971 4415; x_wconf 91' lang='lat' dir='ltr'>ct</span> <span class='ocrx_word' id='word_1_478' title='bbox 1026 4377 1300 4432; x_wconf 90' lang='lat' dir='ltr'>persona,</span> <span class='ocrx_word' id='word_1_479' title='bbox 1337 4360 1490 4416; x_wconf 88' lang='lat' dir='ltr'>sicut</span> <span class='ocrx_word' id='word_1_480' title='bbox 1531 4361 1756 4431; x_wconf 89' lang='lat' dir='ltr'>pariter</span> <span class='ocrx_word' id='word_1_481' title='bbox 1794 4361 1952 4416; x_wconf 88' lang='lat' dir='ltr'>idem</span> <span class='ocrx_word' id='word_1_482' title='bbox 1984 4378 2078 4417; x_wconf 88' lang='lat' dir='ltr'>es—</span> 
     </span>
    </p>
   </div>
   <div class='ocr_carea' id='block_1_74' title="bbox 2179 3476 2384 3551">
    <p class='ocr_par' dir='ltr' id='par_1_74' title="bbox 2179 3476 2384 3551">
     <span class='ocr_line' id='line_1_74' title="bbox 2179 3476 2384 3551; baseline -0.005 -19"><span class='ocrx_word' id='word_1_483' title='bbox 2179 3476 2337 3551; x_wconf 72' lang='grc' dir='ltr'>ἓτερα</span> <span class='ocrx_word' id='word_1_484' title='bbox 2369 3497 2384 3547; x_wconf 77' lang='grc' dir='ltr'>ς</span> 
     </span>
    </p>
   </div>
   <div class='ocr_carea' id='block_1_75' title="bbox 2254 3563 3053 3644">
    <p class='ocr_par' dir='ltr' id='par_1_75' title="bbox 2254 3563 3053 3644">
     <span class='ocr_line' id='line_1_75' title="bbox 2254 3563 3053 3644; baseline -0.004 -21"><span class='ocrx_word' id='word_1_485' title='bbox 2254 3570 2354 3625; x_wconf 89' lang='grc' dir='ltr'>ΓΡ.</span> <span class='ocrx_word' id='word_1_486' title='bbox 2389 3566 2471 3624; x_wconf 77' lang='grc' dir='ltr'>Τὰ</span> <span class='ocrx_word' id='word_1_487' title='bbox 2494 3570 2627 3621; x_wconf 86' lang='grc' dir='ltr'>ποῖα</span> <span class='ocrx_word' id='word_1_488' title='bbox 2657 3563 2787 3644; x_wconf 68' lang='grc' dir='ltr'>φῂς,</span> <span class='ocrx_word' id='word_1_489' title='bbox 2826 3565 3053 3644; x_wconf 79' lang='grc' dir='ltr'>φράσον.</span> 
     </span>
    </p>
   </div>
   <div class='ocr_carea' id='block_1_76' title="bbox 2255 3646 3866 3724">
    <p class='ocr_par' dir='ltr' id='par_1_76' title="bbox 2255 3646 3866 3724">
     <span class='ocr_line' id='line_1_76' title="bbox 2255 3646 3866 3724; baseline -0.007 -12"><span class='ocrx_word' id='word_1_490' title='bbox 2255 3659 2416 3714; x_wconf 82' lang='grc' dir='ltr'>ΛΔΤ.</span> <span class='ocrx_word' id='word_1_491' title='bbox 2447 3655 2645 3711; x_wconf 82' lang='grc' dir='ltr'>Ταυτὸν</span> <span class='ocrx_word' id='word_1_492' title='bbox 2678 3657 2714 3724; x_wconf 81' lang='grc' dir='ltr'>ἠ</span> <span class='ocrx_word' id='word_1_493' title='bbox 2747 3653 2905 3709; x_wconf 78' lang='grc' dir='ltr'>οὐσία</span> <span class='ocrx_word' id='word_1_494' title='bbox 2968 3653 3059 3709; x_wconf 78' lang='grc' dir='ltr'>καὶ</span> <span class='ocrx_word' id='word_1_495' title='bbox 3125 3654 3159 3721; x_wconf 77' lang='grc' dir='ltr'>ἡ</span> <span class='ocrx_word' id='word_1_496' title='bbox 3205 3653 3533 3717; x_wconf 79' lang='grc' dir='ltr'>ὑπόστασις</span> <span class='ocrx_word' id='word_1_497' title='bbox 3576 3652 3614 3721; x_wconf 77' lang='grc' dir='ltr'>ἤ</span> <span class='ocrx_word' id='word_1_498' title='bbox 3666 3646 3866 3723; x_wconf 67' lang='grc' dir='ltr'>ἕτερον,</span> 
     </span>
    </p>
   </div>
   <div class='ocr_carea' id='block_1_77' title="bbox 2181 3741 3706 3823">
    <p class='ocr_par' dir='ltr' id='par_1_77' title="bbox 2181 3741 3706 3823">
     <span class='ocr_line' id='line_1_77' title="bbox 2181 3741 3706 3823; baseline -0.005 -19"><span class='ocrx_word' id='word_1_499' title='bbox 2181 3749 2270 3803; x_wconf 78' lang='grc' dir='ltr'>καὶ</span> <span class='ocrx_word' id='word_1_500' title='bbox 2299 3746 2492 3803; x_wconf 85' lang='grc' dir='ltr'>ταυτὸν</span> <span class='ocrx_word' id='word_1_501' title='bbox 2530 3747 2565 3816; x_wconf 73' lang='grc' dir='ltr'>ἢ</span> <span class='ocrx_word' id='word_1_502' title='bbox 2597 3744 2752 3823; x_wconf 75' lang='grc' dir='ltr'>φύσις</span> <span class='ocrx_word' id='word_1_503' title='bbox 2783 3742 2872 3799; x_wconf 80' lang='grc' dir='ltr'>καὶ</span> <span class='ocrx_word' id='word_1_504' title='bbox 2911 3741 3231 3817; x_wconf 82' lang='grc' dir='ltr'>πρόσωπον,</span> <span class='ocrx_word' id='word_1_505' title='bbox 3267 3744 3309 3814; x_wconf 83' lang='grc' dir='ltr'>ἣ</span> <span class='ocrx_word' id='word_1_506' title='bbox 3349 3743 3422 3800; x_wconf 76' lang='grc' dir='ltr'>οὗ</span> <span class='ocrx_word' id='word_1_507' title='bbox 3451 3741 3706 3810; x_wconf 77' lang='grc' dir='ltr'>ταυτόν;</span> 
     </span>
    </p>
   </div>
   <div class='ocr_carea' id='block_1_78' title="bbox 2252 3925 3877 4006">
    <p class='ocr_par' dir='ltr' id='par_1_78' title="bbox 2252 3925 3877 4006">
     <span class='ocr_line' id='line_1_78' title="bbox 2252 3925 3877 4006; baseline -0.008 -18"><span class='ocrx_word' id='word_1_508' title='bbox 2252 3938 2352 3987; x_wconf 85' lang='grc' dir='ltr'>ΓΡ.</span> <span class='ocrx_word' id='word_1_509' title='bbox 2411 3932 2635 4003; x_wconf 78' lang='grc' dir='ltr'>Ἕτερον</span> <span class='ocrx_word' id='word_1_510' title='bbox 2680 3929 2775 4000; x_wconf 72' lang='grc' dir='ltr'>μὲν</span> <span class='ocrx_word' id='word_1_511' title='bbox 2843 3927 2877 3997; x_wconf 85' lang='grc' dir='ltr'>ἠ</span> <span class='ocrx_word' id='word_1_512' title='bbox 2941 3925 3098 4006; x_wconf 74' lang='grc' dir='ltr'>φύσις</span> <span class='ocrx_word' id='word_1_513' title='bbox 3152 3927 3315 3998; x_wconf 77' lang='grc' dir='ltr'>παρᾶ</span> <span class='ocrx_word' id='word_1_514' title='bbox 3410 3929 3484 3984; x_wconf 81' lang='grc' dir='ltr'>τὸ</span> <span class='ocrx_word' id='word_1_515' title='bbox 3554 3925 3877 4002; x_wconf 81' lang='grc' dir='ltr'>πρόσωπον,</span> 
     </span>
    </p>
   </div>
   <div class='ocr_carea' id='block_1_79' title="bbox 2182 4011 3887 4094">
    <p class='ocr_par' dir='ltr' id='par_1_79' title="bbox 2182 4011 3887 4094">
     <span class='ocr_line' id='line_1_79' title="bbox 2182 4011 3887 4094; baseline -0.006 -18"><span class='ocrx_word' id='word_1_516' title='bbox 2182 4022 2273 4077; x_wconf 76' lang='grc' dir='ltr'>καὶ</span> <span class='ocrx_word' id='word_1_517' title='bbox 2303 4016 2482 4094; x_wconf 76' lang='grc' dir='ltr'>ἕτερον</span> <span class='ocrx_word' id='word_1_518' title='bbox 2514 4020 2549 4089; x_wconf 78' lang='grc' dir='ltr'><strong>ἡ</strong></span> <span class='ocrx_word' id='word_1_519' title='bbox 2582 4016 2742 4073; x_wconf 82' lang='grc' dir='ltr'>οὐσία</span> <span class='ocrx_word' id='word_1_520' title='bbox 2779 4016 2927 4089; x_wconf 83' lang='grc' dir='ltr'>παρὰ</span> <span class='ocrx_word' id='word_1_521' title='bbox 2990 4017 3091 4085; x_wconf 81' lang='grc' dir='ltr'>τήν</span> <span class='ocrx_word' id='word_1_522' title='bbox 3129 4014 3484 4075; x_wconf 83' lang='grc' dir='ltr'>ὑπόστασιν.</span> <span class='ocrx_word' id='word_1_523' title='bbox 3563 4017 3732 4074; x_wconf 67' lang='grc' dir='ltr'>Οὕτω</span> <span class='ocrx_word' id='word_1_524' title='bbox 3789 4011 3887 4086; x_wconf 75' lang='grc' dir='ltr'>γὰρ</span> 
     </span>
    </p>
   </div>
   <div class='ocr_carea' id='block_1_80' title="bbox 2182 4102 3898 4181">
    <p class='ocr_par' dir='ltr' id='par_1_80' title="bbox 2182 4102 3898 4181">
     <span class='ocr_line' id='line_1_80' title="bbox 2182 4102 3898 4181; baseline -0.006 -15"><span class='ocrx_word' id='word_1_525' title='bbox 2182 4106 2352 4180; x_wconf 79' lang='grc' dir='ltr'>ἔδοξε,</span> <span class='ocrx_word' id='word_1_526' title='bbox 2394 4109 2490 4164; x_wconf 79' lang='grc' dir='ltr'>κᾶν</span> <span class='ocrx_word' id='word_1_527' title='bbox 2557 4127 2689 4162; x_wconf 86' lang='grc' dir='ltr'>ποτε</span> <span class='ocrx_word' id='word_1_528' title='bbox 2735 4105 2864 4181; x_wconf 81' lang='grc' dir='ltr'>παρ’</span> <span class='ocrx_word' id='word_1_529' title='bbox 2928 4103 3093 4165; x_wconf 70' lang='grc' dir='ltr'>ἐνίοις</span> <span class='ocrx_word' id='word_1_530' title='bbox 3133 4105 3166 4174; x_wconf 82' lang='grc' dir='ltr'><strong>ἠ</strong></span> <span class='ocrx_word' id='word_1_531' title='bbox 3202 4103 3383 4162; x_wconf 78' lang='grc' dir='ltr'>οὐσία</span> <span class='ocrx_word' id='word_1_532' title='bbox 3418 4104 3619 4164; x_wconf 61' lang='grc' dir='ltr'>εἷίτουν</span> <span class='ocrx_word' id='word_1_533' title='bbox 3669 4105 3711 4176; x_wconf 76' lang='grc' dir='ltr'>ἠ</span> <span class='ocrx_word' id='word_1_534' title='bbox 3742 4102 3898 4179; x_wconf 60' lang='grc' dir='ltr'>ᾳύσις</span> 
     </span>
    </p>
   </div>
   <div class='ocr_carea' id='block_1_81' title="bbox 2183 4192 3898 4272">
    <p class='ocr_par' dir='ltr' id='par_1_81' title="bbox 2183 4192 3898 4272">
     <span class='ocr_line' id='line_1_81' title="bbox 2183 4192 3898 4272; baseline -0.007 -17"><span class='ocrx_word' id='word_1_535' title='bbox 2183 4200 2273 4256; x_wconf 78' lang='grc' dir='ltr'>καὶ</span> <span class='ocrx_word' id='word_1_536' title='bbox 2304 4201 2339 4268; x_wconf 81' lang='grc' dir='ltr'>ἠ</span> <span class='ocrx_word' id='word_1_537' title='bbox 2374 4197 2666 4258; x_wconf 83' lang='grc' dir='ltr'>ὑπόστασις</span> <span class='ocrx_word' id='word_1_538' title='bbox 2699 4193 2930 4272; x_wconf 79' lang='grc' dir='ltr'>διάφορα</span> <span class='ocrx_word' id='word_1_539' title='bbox 2953 4192 3197 4267; x_wconf 79' lang='grc' dir='ltr'>ὀνόματα</span> <span class='ocrx_word' id='word_1_540' title='bbox 3226 4193 3364 4250; x_wconf 81' lang='grc' dir='ltr'>ἀντ’</span> <span class='ocrx_word' id='word_1_541' title='bbox 3391 4195 3693 4268; x_wconf 75' lang='grc' dir='ltr'>ἀλλήλων</span> <span class='ocrx_word' id='word_1_542' title='bbox 3726 4209 3898 4263; x_wconf 72' lang='grc' dir='ltr'>παρα·</span> 
     </span>
    </p>
   </div>
   <div class='ocr_carea' id='block_1_82' title="bbox 2186 4278 3899 4361">
    <p class='ocr_par' dir='ltr' id='par_1_82' title="bbox 2186 4278 3899 4361">
     <span class='ocr_line' id='line_1_82' title="bbox 2186 4278 3899 4361; baseline -0.004 -18"><span class='ocrx_word' id='word_1_543' title='bbox 2186 4282 2594 4361; x_wconf 77' lang='grc' dir='ltr'>λαμϐάνωνται,</span> <span class='ocrx_word' id='word_1_544' title='bbox 2651 4283 2927 4339; x_wconf 83' lang='grc' dir='ltr'>τουτέστιν</span> <span class='ocrx_word' id='word_1_545' title='bbox 3001 4281 3082 4361; x_wconf 71' lang='grc' dir='ltr'>ἐφ’</span> <span class='ocrx_word' id='word_1_546' title='bbox 3141 4282 3265 4346; x_wconf 72' lang='grc' dir='ltr'>ἑνὸς</span> <span class='ocrx_word' id='word_1_547' title='bbox 3369 4285 3479 4340; x_wconf 82' lang='grc' dir='ltr'>καὶ</span> <span class='ocrx_word' id='word_1_548' title='bbox 3560 4288 3670 4342; x_wconf 68' lang='grc' dir='ltr'>τοῦ</span> <span class='ocrx_word' id='word_1_549' title='bbox 3740 4278 3899 4338; x_wconf 70' lang='grc' dir='ltr'>αὑτῢῦ</span> 
     </span>
    </p>
   </div>
   <div class='ocr_carea' id='block_1_83' title="bbox 2184 4368 3901 4452">
    <p class='ocr_par' dir='ltr' id='par_1_83' title="bbox 2184 4368 3901 4452">
     <span class='ocr_line' id='line_1_83' title="bbox 2184 4368 3901 4452; baseline -0.008 -19"><span class='ocrx_word' id='word_1_550' title='bbox 2184 4378 2528 4452; x_wconf 78' lang='grc' dir='ltr'>πράγματος·</span> <span class='ocrx_word' id='word_1_551' title='bbox 2585 4377 2778 4430; x_wconf 79' lang='grc' dir='ltr'>ταυτὸν</span> <span class='ocrx_word' id='word_1_552' title='bbox 2830 4370 2886 4428; x_wconf 78' lang='grc' dir='ltr'>δέ</span> <span class='ocrx_word' id='word_1_553' title='bbox 2952 4370 3096 4427; x_wconf 82' lang='grc' dir='ltr'>ἐστιν</span> <span class='ocrx_word' id='word_1_554' title='bbox 3152 4372 3187 4441; x_wconf 73' lang='grc' dir='ltr'>ἡ</span> <span class='ocrx_word' id='word_1_555' title='bbox 3279 4372 3627 4436; x_wconf 73' lang='grc' dir='ltr'>δπόστασις</span> <span class='ocrx_word' id='word_1_556' title='bbox 3691 4371 3789 4429; x_wconf 81' lang='grc' dir='ltr'>καὶ</span> <span class='ocrx_word' id='word_1_557' title='bbox 3843 4368 3901 4422; x_wconf 83' lang='grc' dir='ltr'>τὸ</span> 
     </span>
    </p>
   </div>
   <div class='ocr_carea' id='block_1_84' title="bbox 2183 4456 3906 4543">
    <p class='ocr_par' dir='ltr' id='par_1_84' title="bbox 2183 4456 3906 4543">
     <span class='ocr_line' id='line_1_84' title="bbox 2183 4456 3906 4543; baseline -0.006 -21"><span class='ocrx_word' id='word_1_558' title='bbox 2183 4466 2500 4543; x_wconf 88' lang='grc' dir='ltr'>πρόσωπον,</span> <span class='ocrx_word' id='word_1_559' title='bbox 2533 4462 2716 4539; x_wconf 81' lang='grc' dir='ltr'>ὥσπερ</span> <span class='ocrx_word' id='word_1_560' title='bbox 2774 4463 2928 4524; x_wconf 81' lang='grc' dir='ltr'>αὗθις</span> <span class='ocrx_word' id='word_1_561' title='bbox 2965 4463 3000 4532; x_wconf 77' lang='grc' dir='ltr'><strong>ἠ</strong></span> <span class='ocrx_word' id='word_1_562' title='bbox 3061 4459 3218 4517; x_wconf 78' lang='grc' dir='ltr'>οὐσία</span> <span class='ocrx_word' id='word_1_563' title='bbox 3279 4463 3393 4518; x_wconf 84' lang='grc' dir='ltr'>καὶ</span> <span class='ocrx_word' id='word_1_564' title='bbox 3439 4467 3625 4543; x_wconf 76' lang='grc' dir='ltr'>φύσις</span> <span class='ocrx_word' id='word_1_565' title='bbox 3685 4456 3906 4519; x_wconf 70' lang='grc' dir='ltr'>ταύτόν.</span> 
     </span>
    </p>
   </div>
   <div class='ocr_carea' id='block_1_85' title="bbox 421 4538 2074 4629">
    <p class='ocr_par' dir='ltr' id='par_1_85' title="bbox 421 4538 2069 4615">
     <span class='ocr_line' id='line_1_85' title="bbox 421 4538 2069 4615; baseline -0.002 -17"><span class='ocrx_word' id='word_1_566' title='bbox 421 4542 663 4615; x_wconf 91' lang='lat' dir='ltr'>quidem</span> <span class='ocrx_word' id='word_1_567' title='bbox 694 4546 832 4596; x_wconf 89' lang='lat' dir='ltr'>sunt</span> <span class='ocrx_word' id='word_1_568' title='bbox 856 4556 987 4611; x_wconf 67' lang='lat' dir='ltr'>quae</span> <span class='ocrx_word' id='word_1_569' title='bbox 1011 4538 1291 4594; x_wconf 87' lang='lat' dir='ltr'>dicuntur</span> <span class='ocrx_word' id='word_1_570' title='bbox 1310 4538 1655 4593; x_wconf 88' lang='lat' dir='ltr'>essentialia</span> <span class='ocrx_word' id='word_1_571' title='bbox 1681 4542 1740 4593; x_wconf 89' lang='lat' dir='ltr'>et</span> <span class='ocrx_word' id='word_1_572' title='bbox 1756 4540 2069 4597; x_wconf 87' lang='lat' dir='ltr'>naturalia.</span> 
     </span>
    </p>
   </div>
   <div class='ocr_carea' id='block_1_86' title="bbox 2203 4538 3914 4629">
    <p class='ocr_par' dir='ltr' id='par_1_86' title="bbox 2203 4538 3914 4629">
     <span class='ocr_line' id='line_1_86' title="bbox 2203 4538 3914 4629; baseline -0.015 -17"><span class='ocrx_word' id='word_1_573' title='bbox 2203 4538 2501 4629; x_wconf 73' lang='grc' dir='ltr'>Επομὲνως</span> <span class='ocrx_word' id='word_1_574' title='bbox 2561 4551 2621 4607; x_wconf 74' lang='grc' dir='ltr'>δὲ</span> <span class='ocrx_word' id='word_1_575' title='bbox 2671 4550 2887 4612; x_wconf 77' lang='grc' dir='ltr'>τούτοις</span> <span class='ocrx_word' id='word_1_576' title='bbox 2935 4548 3103 4606; x_wconf 83' lang='grc' dir='ltr'>ταυτὰ</span> <span class='ocrx_word' id='word_1_577' title='bbox 3180 4550 3286 4620; x_wconf 78' lang='grc' dir='ltr'>μὲν</span> <span class='ocrx_word' id='word_1_578' title='bbox 3356 4538 3792 4628; x_wconf 44' lang='grc' dir='ltr'>’τὰ-λεγόμενα</span> <span class='ocrx_word' id='word_1_579' title='bbox 3824 4545 3914 4602; x_wconf 67' lang='grc' dir='ltr'>οὐ-</span> 
     </span>
    </p>
   </div>
   <div class='ocr_carea' id='block_1_87' title="bbox 420 4625 2074 4720">
    <p class='ocr_par' dir='ltr' id='par_1_87' title="bbox 420 4625 2074 4698">
     <span class='ocr_line' id='line_1_87' title="bbox 420 4625 2074 4698; baseline -0.002 -12"><span class='ocrx_word' id='word_1_580' title='bbox 420 4631 651 4687; x_wconf 86' lang='lat' dir='ltr'>diversa</span> <span class='ocrx_word' id='word_1_581' title='bbox 671 4647 807 4685; x_wconf 88' lang='lat' dir='ltr'>vero</span> <span class='ocrx_word' id='word_1_582' title='bbox 840 4629 911 4684; x_wconf 90' lang='lat' dir='ltr'>ab</span> <span class='ocrx_word' id='word_1_583' title='bbox 944 4628 1036 4682; x_wconf 91' lang='lat' dir='ltr'>his</span> <span class='ocrx_word' id='word_1_584' title='bbox 1067 4625 1437 4697; x_wconf 79' lang='lat' dir='ltr'>hypostatica</span> <span class='ocrx_word' id='word_1_585' title='bbox 1466 4630 1527 4680; x_wconf 89' lang='lat' dir='ltr'>et</span> <span class='ocrx_word' id='word_1_586' title='bbox 1553 4625 1909 4696; x_wconf 87' lang='lat' dir='ltr'>personalia,</span> <span class='ocrx_word' id='word_1_587' title='bbox 1944 4644 2074 4698; x_wconf 64' lang='lat' dir='ltr'>quas</span> 
     </span>
    </p>
   </div>
   <div class='ocr_carea' id='block_1_88' title="bbox 2203 4625 3915 4720">
    <p class='ocr_par' dir='ltr' id='par_1_88' title="bbox 2203 4632 3915 4720">
     <span class='ocr_line' id='line_1_88' title="bbox 2203 4632 3915 4720; baseline -0.008 -20"><span class='ocrx_word' id='word_1_588' title='bbox 2203 4643 2359 4715; x_wconf 70' lang='grc' dir='ltr'>τιώδη</span> <span class='ocrx_word' id='word_1_589' title='bbox 2444 4645 2535 4698; x_wconf 69' lang='grc' dir='ltr'>καί</span> <span class='ocrx_word' id='word_1_590' title='bbox 2629 4641 2847 4720; x_wconf 77' lang='grc' dir='ltr'>φυσικὰ,</span> <span class='ocrx_word' id='word_1_591' title='bbox 2932 4638 3085 4714; x_wconf 80' lang='grc' dir='ltr'>ἔτερα</span> <span class='ocrx_word' id='word_1_592' title='bbox 3169 4636 3223 4693; x_wconf 73' lang='grc' dir='ltr'>δὲ</span> <span class='ocrx_word' id='word_1_593' title='bbox 3333 4642 3515 4718; x_wconf 75' lang='grc' dir='ltr'>παρὰ</span> <span class='ocrx_word' id='word_1_594' title='bbox 3610 4645 3795 4699; x_wconf 79' lang='grc' dir='ltr'>ταῦτα</span> <span class='ocrx_word' id='word_1_595' title='bbox 3852 4632 3915 4688; x_wconf 76' lang='grc' dir='ltr'>τὰ</span> 
     </span>
    </p>
   </div>
   <div class='ocr_carea' id='block_1_89' title="bbox 416 4716 2074 4806">
    <p class='ocr_par' dir='ltr' id='par_1_89' title="bbox 416 4716 2071 4793">
     <span class='ocr_line' id='line_1_89' title="bbox 416 4716 2071 4793; baseline -0.002 -17"><span class='ocrx_word' id='word_1_596' title='bbox 416 4726 475 4776; x_wconf 88' lang='lat' dir='ltr'>et</span> <span class='ocrx_word' id='word_1_597' title='bbox 503 4722 633 4793; x_wconf 86' lang='lat' dir='ltr'>ipsa</span> <span class='ocrx_word' id='word_1_598' title='bbox 661 4722 819 4776; x_wconf 89' lang='lat' dir='ltr'>inter</span> <span class='ocrx_word' id='word_1_599' title='bbox 847 4736 910 4775; x_wconf 90' lang='lat' dir='ltr'>se</span> <span class='ocrx_word' id='word_1_600' title='bbox 943 4718 1149 4775; x_wconf 89' lang='lat' dir='ltr'>eadem</span> <span class='ocrx_word' id='word_1_601' title='bbox 1183 4721 1340 4773; x_wconf 90' lang='lat' dir='ltr'>sunt.</span> <span class='ocrx_word' id='word_1_602' title='bbox 1368 4716 1495 4772; x_wconf 87' lang='lat' dir='ltr'>Alia</span> <span class='ocrx_word' id='word_1_603' title='bbox 1520 4716 1679 4772; x_wconf 90' lang='lat' dir='ltr'>enim</span> <span class='ocrx_word' id='word_1_604' title='bbox 1707 4724 1843 4774; x_wconf 87' lang='lat' dir='ltr'>sunt</span> <span class='ocrx_word' id='word_1_605' title='bbox 1871 4735 2071 4775; x_wconf 89' lang='lat' dir='ltr'>essen-</span> 
     </span>
    </p>
   </div>
   <div class='ocr_carea' id='block_1_90' title="bbox 2203 4716 3924 4806">
    <p class='ocr_par' dir='ltr' id='par_1_90' title="bbox 2203 4725 3924 4806">
     <span class='ocr_line' id='line_1_90' title="bbox 2203 4725 3924 4806; baseline -0.002 -21"><span class='ocrx_word' id='word_1_606' title='bbox 2203 4734 2514 4789; x_wconf 68' lang='lat' dir='ltr'>moararmi</span> <span class='ocrx_word' id='word_1_607' title='bbox 2558 4732 2649 4787; x_wconf 81' lang='grc' dir='ltr'>καὶ</span> <span class='ocrx_word' id='word_1_608' title='bbox 2687 4731 3037 4806; x_wconf 75' lang='grc' dir='ltr'>προσωπικὰ,</span> <span class='ocrx_word' id='word_1_609' title='bbox 3094 4726 3220 4783; x_wconf 72' lang='grc' dir='ltr'>ὄντα</span> <span class='ocrx_word' id='word_1_610' title='bbox 3286 4732 3400 4787; x_wconf 84' lang='grc' dir='ltr'>καὶ</span> <span class='ocrx_word' id='word_1_611' title='bbox 3471 4738 3669 4789; x_wconf 75' lang='grc' dir='ltr'>ταῦτα</span> <span class='ocrx_word' id='word_1_612' title='bbox 3731 4725 3924 4785; x_wconf 78' lang='grc' dir='ltr'>ταυτά.</span> 
     </span>
    </p>
   </div>
   <div class='ocr_carea' id='block_1_91' title="bbox 413 4805 2064 4878">
    <p class='ocr_par' dir='ltr' id='par_1_91' title="bbox 413 4805 2064 4878">
     <span class='ocr_line' id='line_1_91' title="bbox 413 4805 2064 4878; baseline 0.001 -16"><span class='ocrx_word' id='word_1_613' title='bbox 413 4808 579 4863; x_wconf 88' lang='lat' dir='ltr'>tialia</span> <span class='ocrx_word' id='word_1_614' title='bbox 609 4815 666 4864; x_wconf 92' lang='lat' dir='ltr'>et</span> <span class='ocrx_word' id='word_1_615' title='bbox 694 4809 1077 4875; x_wconf 88' lang='lat' dir='ltr'>naturalia,et</span> <span class='ocrx_word' id='word_1_616' title='bbox 1096 4807 1213 4863; x_wconf 88' lang='lat' dir='ltr'>alia</span> <span class='ocrx_word' id='word_1_617' title='bbox 1230 4805 1600 4878; x_wconf 89' lang='lat' dir='ltr'>hypostatica</span> <span class='ocrx_word' id='word_1_618' title='bbox 1623 4811 1680 4861; x_wconf 89' lang='lat' dir='ltr'>et</span> <span class='ocrx_word' id='word_1_619' title='bbox 1709 4807 2064 4878; x_wconf 85' lang='lat' dir='ltr'>personalia,</span> 
     </span>
    </p>
   </div>
   <div class='ocr_carea' id='block_1_92' title="bbox 425 4450 2076 4521">
    <p class='ocr_par' dir='ltr' id='par_1_92' title="bbox 425 4450 2076 4521">
     <span class='ocr_line' id='line_1_92' title="bbox 425 4450 2076 4521; baseline -0.001 -14"><span class='ocrx_word' id='word_1_620' title='bbox 425 4452 618 4508; x_wconf 85' lang='lat' dir='ltr'>sentia</span> <span class='ocrx_word' id='word_1_621' title='bbox 648 4456 707 4507; x_wconf 91' lang='lat' dir='ltr'>et</span> <span class='ocrx_word' id='word_1_622' title='bbox 739 4458 969 4507; x_wconf 74' lang='lat' dir='ltr'>natura.</span> <span class='ocrx_word' id='word_1_623' title='bbox 1030 4450 1474 4521; x_wconf 86' lang='lat' dir='ltr'>Consequenter</span> <span class='ocrx_word' id='word_1_624' title='bbox 1523 4466 1657 4505; x_wconf 88' lang='lat' dir='ltr'>vero</span> <span class='ocrx_word' id='word_1_625' title='bbox 1716 4450 1811 4505; x_wconf 88' lang='lat' dir='ltr'>his</span> <span class='ocrx_word' id='word_1_626' title='bbox 1869 4451 2076 4506; x_wconf 89' lang='lat' dir='ltr'>eadem</span> 
     </span>
    </p>
   </div>
   <div class='ocr_carea' id='block_1_93' title="bbox 2178 4814 3924 4899">
    <p class='ocr_par' dir='ltr' id='par_1_93' title="bbox 2178 4814 3924 4899">
     <span class='ocr_line' id='line_1_93' title="bbox 2178 4814 3924 4899; baseline -0.006 -19"><span class='ocrx_word' id='word_1_627' title='bbox 2178 4822 2361 4881; x_wconf 75' lang='grc' dir='ltr'>’Ἄλλοι</span> <span class='ocrx_word' id='word_1_628' title='bbox 2397 4823 2499 4899; x_wconf 74' lang='grc' dir='ltr'>γὰρ</span> <span class='ocrx_word' id='word_1_629' title='bbox 2552 4821 2618 4877; x_wconf 74' lang='grc' dir='ltr'>τὰ</span> <span class='ocrx_word' id='word_1_630' title='bbox 2684 4816 2924 4889; x_wconf 84' lang='grc' dir='ltr'>ούσιώδη</span> <span class='ocrx_word' id='word_1_631' title='bbox 2985 4818 3071 4874; x_wconf 81' lang='grc' dir='ltr'>καὶ</span> <span class='ocrx_word' id='word_1_632' title='bbox 3127 4820 3380 4890; x_wconf 64' lang='grc' dir='ltr'>φυσικὰ,</span> <span class='ocrx_word' id='word_1_633' title='bbox 3453 4823 3563 4877; x_wconf 82' lang='grc' dir='ltr'>καὶ</span> <span class='ocrx_word' id='word_1_634' title='bbox 3630 4821 3794 4878; x_wconf 78' lang='grc' dir='ltr'>ἄλλα</span> <span class='ocrx_word' id='word_1_635' title='bbox 3857 4814 3924 4870; x_wconf 80' lang='grc' dir='ltr'>τὰ</span> 
     </span>
    </p>
   </div>
   <div class='ocr_carea' id='block_1_94' title="bbox 416 4894 2074 4983">
    <p class='ocr_par' dir='ltr' id='par_1_94' title="bbox 416 4894 2067 4968">
     <span class='ocr_line' id='line_1_94' title="bbox 416 4894 2067 4968; baseline 0.002 -19"><span class='ocrx_word' id='word_1_636' title='bbox 416 4896 528 4950; x_wconf 88' lang='lat' dir='ltr'>etsi</span> <span class='ocrx_word' id='word_1_637' title='bbox 551 4912 741 4967; x_wconf 89' lang='lat' dir='ltr'>neque</span> <span class='ocrx_word' id='word_1_638' title='bbox 775 4897 1112 4952; x_wconf 85' lang='lat' dir='ltr'>essentialia</span> <span class='ocrx_word' id='word_1_639' title='bbox 1159 4902 1215 4952; x_wconf 90' lang='lat' dir='ltr'>et</span> <span class='ocrx_word' id='word_1_640' title='bbox 1262 4894 1555 4951; x_wconf 88' lang='lat' dir='ltr'>naturalia</span> <span class='ocrx_word' id='word_1_641' title='bbox 1609 4894 1736 4950; x_wconf 91' lang='lat' dir='ltr'>sine</span> <span class='ocrx_word' id='word_1_642' title='bbox 1788 4896 2067 4968; x_wconf 88' lang='lat' dir='ltr'>hyposta-</span> 
     </span>
    </p>
   </div>
   <div class='ocr_carea' id='block_1_95' title="bbox 2203 4894 3928 4983">
    <p class='ocr_par' dir='ltr' id='par_1_95' title="bbox 2203 4902 3928 4983">
     <span class='ocr_line' id='line_1_95' title="bbox 2203 4902 3928 4983; baseline -0.004 -14"><span class='ocrx_word' id='word_1_643' title='bbox 2203 4912 2513 4969; x_wconf 64' lang='grc' dir='ltr'>Ιποστεατικοῖι</span> <span class='ocrx_word' id='word_1_644' title='bbox 2541 4911 2630 4964; x_wconf 82' lang='grc' dir='ltr'>καὶ</span> <span class='ocrx_word' id='word_1_645' title='bbox 2661 4909 3010 4983; x_wconf 74' lang='grc' dir='ltr'>προσωπικὰ,</span> <span class='ocrx_word' id='word_1_646' title='bbox 3043 4906 3089 4962; x_wconf 80' lang='grc' dir='ltr'>εἰ</span> <span class='ocrx_word' id='word_1_647' title='bbox 3132 4908 3223 4962; x_wconf 83' lang='grc' dir='ltr'>καὶ</span> <span class='ocrx_word' id='word_1_648' title='bbox 3270 4912 3452 4982; x_wconf 76' lang='grc' dir='ltr'>μήτε</span> <span class='ocrx_word' id='word_1_649' title='bbox 3522 4912 3605 4968; x_wconf 72' lang='grc' dir='ltr'>τὰ</span> <span class='ocrx_word' id='word_1_650' title='bbox 3665 4902 3928 4974; x_wconf 59' lang='lat' dir='ltr'>ouo-.1531)</span> 
     </span>
    </p>
   </div>
   <div class='ocr_carea' id='block_1_96' title="bbox 414 4984 2074 5080">
    <p class='ocr_par' dir='ltr' id='par_1_96' title="bbox 414 4984 2062 5056">
     <span class='ocr_line' id='line_1_96' title="bbox 414 4984 2062 5056; baseline 0.001 -18"><span class='ocrx_word' id='word_1_651' title='bbox 414 4984 547 5039; x_wconf 91' lang='lat' dir='ltr'>ticis</span> <span class='ocrx_word' id='word_1_652' title='bbox 570 4990 628 5039; x_wconf 90' lang='lat' dir='ltr'>et</span> <span class='ocrx_word' id='word_1_653' title='bbox 655 4986 1068 5056; x_wconf 89' lang='lat' dir='ltr'>personalibus</span> <span class='ocrx_word' id='word_1_654' title='bbox 1118 4991 1276 5052; x_wconf 91' lang='lat' dir='ltr'>sunt,</span> <span class='ocrx_word' id='word_1_655' title='bbox 1335 5000 1529 5056; x_wconf 89' lang='lat' dir='ltr'>neque</span> <span class='ocrx_word' id='word_1_656' title='bbox 1579 4985 1704 5040; x_wconf 64' lang='lat' dir='ltr'>haec</span> <span class='ocrx_word' id='word_1_657' title='bbox 1764 4986 1893 5042; x_wconf 91' lang='lat' dir='ltr'>sine</span> <span class='ocrx_word' id='word_1_658' title='bbox 1924 4986 2062 5042; x_wconf 90' lang='lat' dir='ltr'>illis.</span> 
     </span>
    </p>
   </div>
   <div class='ocr_carea' id='block_1_97' title="bbox 2203 4984 3930 5080">
    <p class='ocr_par' dir='ltr' id='par_1_97' title="bbox 2203 4997 3930 5080">
     <span class='ocr_line' id='line_1_97' title="bbox 2203 4997 3930 5080; baseline -0.003 -25"><span class='ocrx_word' id='word_1_659' title='bbox 2203 5003 2262 5056; x_wconf 81' lang='grc' dir='ltr'>,αὶ</span> <span class='ocrx_word' id='word_1_660' title='bbox 2294 5002 2490 5080; x_wconf 74' lang='grc' dir='ltr'>φυσικὰ</span> <span class='ocrx_word' id='word_1_661' title='bbox 2521 5000 2699 5078; x_wconf 76' lang='grc' dir='ltr'>χωρίς</span> <span class='ocrx_word' id='word_1_662' title='bbox 2756 4998 2867 5054; x_wconf 76' lang='grc' dir='ltr'>ἐστι</span> <span class='ocrx_word' id='word_1_663' title='bbox 2919 5002 3026 5053; x_wconf 79' lang='grc' dir='ltr'>τῶν</span> <span class='ocrx_word' id='word_1_664' title='bbox 3091 4997 3538 5057; x_wconf 68' lang='grc' dir='ltr'>ὑποπατικῶν</span> <span class='ocrx_word' id='word_1_665' title='bbox 3584 5004 3694 5057; x_wconf 78' lang='grc' dir='ltr'>καὶ</span> <span class='ocrx_word' id='word_1_666' title='bbox 3750 5016 3930 5073; x_wconf 82' lang='grc' dir='ltr'>προσ-</span> 
     </span>
    </p>
   </div>
   <div class='ocr_carea' id='block_1_98' title="bbox 416 5073 2074 5167">
    <p class='ocr_par' dir='ltr' id='par_1_98' title="bbox 416 5073 2065 5145">
     <span class='ocr_line' id='line_1_98' title="bbox 416 5073 2065 5145; baseline 0.002 -18"><span class='ocrx_word' id='word_1_667' title='bbox 416 5074 650 5128; x_wconf 89' lang='lat' dir='ltr'>Etenim</span> <span class='ocrx_word' id='word_1_668' title='bbox 681 5073 937 5129; x_wconf 88' lang='lat' dir='ltr'>essentia</span> <span class='ocrx_word' id='word_1_669' title='bbox 966 5078 1024 5129; x_wconf 90' lang='lat' dir='ltr'>et</span> <span class='ocrx_word' id='word_1_670' title='bbox 1077 5079 1291 5129; x_wconf 87' lang='lat' dir='ltr'>natura</span> <span class='ocrx_word' id='word_1_671' title='bbox 1346 5073 1508 5128; x_wconf 89' lang='lat' dir='ltr'>aliud</span> <span class='ocrx_word' id='word_1_672' title='bbox 1565 5073 1805 5145; x_wconf 89' lang='lat' dir='ltr'>quidem</span> <span class='ocrx_word' id='word_1_673' title='bbox 1836 5081 1946 5142; x_wconf 91' lang='lat' dir='ltr'>est,</span> <span class='ocrx_word' id='word_1_674' title='bbox 2001 5080 2065 5130; x_wconf 91' lang='lat' dir='ltr'>ut</span> 
     </span>
    </p>
   </div>
   <div class='ocr_carea' id='block_1_99' title="bbox 2203 5073 3941 5167">
    <p class='ocr_par' dir='ltr' id='par_1_99' title="bbox 2203 5083 3941 5167">
     <span class='ocr_line' id='line_1_99' title="bbox 2203 5083 3941 5167; baseline -0.003 -24"><span class='ocrx_word' id='word_1_675' title='bbox 2203 5089 2420 5159; x_wconf 81' lang='grc' dir='ltr'>›πικῶν,</span> <span class='ocrx_word' id='word_1_676' title='bbox 2483 5090 2625 5161; x_wconf 71' lang='grc' dir='ltr'>μήτε</span> <span class='ocrx_word' id='word_1_677' title='bbox 2678 5092 2848 5142; x_wconf 80' lang='grc' dir='ltr'>ταῦτα</span> <span class='ocrx_word' id='word_1_678' title='bbox 2914 5085 3153 5143; x_wconf 78' lang='grc' dir='ltr'>ἐκείνων.</span> <span class='ocrx_word' id='word_1_679' title='bbox 3204 5086 3341 5142; x_wconf 79' lang='grc' dir='ltr'>Καὶ</span> <span class='ocrx_word' id='word_1_680' title='bbox 3422 5090 3552 5167; x_wconf 69' lang='grc' dir='ltr'>γὰρ</span> <span class='ocrx_word' id='word_1_681' title='bbox 3652 5091 3695 5161; x_wconf 72' lang='grc' dir='ltr'>ἦ</span> <span class='ocrx_word' id='word_1_682' title='bbox 3777 5083 3941 5143; x_wconf 74' lang='grc' dir='ltr'>οὑσία</span> 
     </span>
    </p>
   </div>
   <div class='ocr_carea' id='block_1_100' title="bbox 411 5160 2060 5234">
    <p class='ocr_par' dir='ltr' id='par_1_100' title="bbox 411 5160 2060 5234">
     <span class='ocr_line' id='line_1_100' title="bbox 411 5160 2060 5234; baseline 0.002 -17"><span class='ocrx_word' id='word_1_683' title='bbox 411 5161 555 5227; x_wconf 84' lang='lat' dir='ltr'>dixi,</span> <span class='ocrx_word' id='word_1_684' title='bbox 579 5160 652 5217; x_wconf 90' lang='lat' dir='ltr'>ab</span> <span class='ocrx_word' id='word_1_685' title='bbox 678 5162 981 5234; x_wconf 84' lang='lat' dir='ltr'>hypostasi</span> <span class='ocrx_word' id='word_1_686' title='bbox 1014 5168 1071 5217; x_wconf 92' lang='lat' dir='ltr'>et</span> <span class='ocrx_word' id='word_1_687' title='bbox 1103 5178 1401 5232; x_wconf 89' lang='lat' dir='ltr'>persona;</span> <span class='ocrx_word' id='word_1_688' title='bbox 1436 5162 1542 5218; x_wconf 88' lang='lat' dir='ltr'>sed</span> <span class='ocrx_word' id='word_1_689' title='bbox 1565 5170 1777 5219; x_wconf 87' lang='lat' dir='ltr'>neutra</span> <span class='ocrx_word' id='word_1_690' title='bbox 1807 5169 1896 5219; x_wconf 87' lang='lat' dir='ltr'>est</span> <span class='ocrx_word' id='word_1_691' title='bbox 1929 5163 2060 5220; x_wconf 87' lang='lat' dir='ltr'>abs-</span> 
     </span>
    </p>
   </div>
   <div class='ocr_carea' id='block_1_101' title="bbox 409 5249 2056 5323">
    <p class='ocr_par' dir='ltr' id='par_1_101' title="bbox 409 5249 2056 5323">
     <span class='ocr_line' id='line_1_101' title="bbox 409 5249 2056 5323; baseline 0.001 -17"><span class='ocrx_word' id='word_1_692' title='bbox 409 5267 525 5322; x_wconf 90' lang='lat' dir='ltr'>que</span> <span class='ocrx_word' id='word_1_693' title='bbox 555 5250 758 5307; x_wconf 89' lang='lat' dir='ltr'>altera.</span> <span class='ocrx_word' id='word_1_694' title='bbox 793 5253 992 5322; x_wconf 89' lang='lat' dir='ltr'>Neque</span> <span class='ocrx_word' id='word_1_695' title='bbox 1027 5249 1184 5304; x_wconf 90' lang='lat' dir='ltr'>enim</span> <span class='ocrx_word' id='word_1_696' title='bbox 1209 5252 1467 5307; x_wconf 88' lang='lat' dir='ltr'>essentia</span> <span class='ocrx_word' id='word_1_697' title='bbox 1522 5251 1915 5309; x_wconf 86' lang='lat' dir='ltr'>insubsistens</span> <span class='ocrx_word' id='word_1_698' title='bbox 1948 5258 2056 5323; x_wconf 88' lang='lat' dir='ltr'>est,</span> 
     </span>
    </p>
   </div>
   <div class='ocr_carea' id='block_1_102' title="bbox 404 5339 1696 5413">
    <p class='ocr_par' dir='ltr' id='par_1_102' title="bbox 404 5339 1696 5413">
     <span class='ocr_line' id='line_1_102' title="bbox 404 5339 1696 5413; baseline 0 -16"><span class='ocrx_word' id='word_1_699' title='bbox 404 5357 599 5412; x_wconf 92' lang='lat' dir='ltr'>neque</span> <span class='ocrx_word' id='word_1_700' title='bbox 632 5339 1019 5396; x_wconf 86' lang='lat' dir='ltr'>subsistentia</span> <span class='ocrx_word' id='word_1_701' title='bbox 1049 5340 1322 5395; x_wconf 74' lang='lat' dir='ltr'>essentiaa</span> <span class='ocrx_word' id='word_1_702' title='bbox 1354 5356 1565 5413; x_wconf 82' lang='lat' dir='ltr'>expers</span> <span class='ocrx_word' id='word_1_703' title='bbox 1595 5342 1696 5412; x_wconf 89' lang='lat' dir='ltr'>(g).</span> 
     </span>
    </p>
   </div>
   <div class='ocr_carea' id='block_1_103' title="bbox 2169 5172 3941 5257">
    <p class='ocr_par' dir='ltr' id='par_1_103' title="bbox 2169 5172 3941 5257">
     <span class='ocr_line' id='line_1_103' title="bbox 2169 5172 3941 5257; baseline -0.003 -24"><span class='ocrx_word' id='word_1_704' title='bbox 2169 5178 2259 5234; x_wconf 86' lang='grc' dir='ltr'>καὶ</span> <span class='ocrx_word' id='word_1_705' title='bbox 2316 5180 2351 5249; x_wconf 83' lang='grc' dir='ltr'>ἠ</span> <span class='ocrx_word' id='word_1_706' title='bbox 2410 5177 2570 5257; x_wconf 76' lang='grc' dir='ltr'>φύσις</span> <span class='ocrx_word' id='word_1_707' title='bbox 2619 5174 2801 5252; x_wconf 73' lang='grc' dir='ltr'>ἕτερον</span> <span class='ocrx_word' id='word_1_708' title='bbox 2862 5176 2978 5250; x_wconf 72' lang='grc' dir='ltr'>μὲν,</span> <span class='ocrx_word' id='word_1_709' title='bbox 3037 5176 3111 5236; x_wconf 81' lang='grc' dir='ltr'>ὡς</span> <span class='ocrx_word' id='word_1_710' title='bbox 3148 5172 3337 5250; x_wconf 81' lang='grc' dir='ltr'>ἔφην,</span> <span class='ocrx_word' id='word_1_711' title='bbox 3412 5181 3598 5255; x_wconf 81' lang='grc' dir='ltr'>παρὰ</span> <span class='ocrx_word' id='word_1_712' title='bbox 3651 5181 3768 5247; x_wconf 79' lang='grc' dir='ltr'>τήν</span> <span class='ocrx_word' id='word_1_713' title='bbox 3797 5173 3941 5231; x_wconf 81' lang='grc' dir='ltr'>ὑπό-</span> 
     </span>
    </p>
   </div>
   <div class='ocr_carea' id='block_1_104' title="bbox 2169 5263 3945 5348">
    <p class='ocr_par' dir='ltr' id='par_1_104' title="bbox 2169 5263 3945 5348">
     <span class='ocr_line' id='line_1_104' title="bbox 2169 5263 3945 5348; baseline -0.002 -24"><span class='ocrx_word' id='word_1_714' title='bbox 2169 5290 2350 5325; x_wconf 80' lang='grc' dir='ltr'>στασιν</span> <span class='ocrx_word' id='word_1_715' title='bbox 2414 5268 2504 5324; x_wconf 79' lang='grc' dir='ltr'>καὶ</span> <span class='ocrx_word' id='word_1_716' title='bbox 2557 5268 2621 5323; x_wconf 83' lang='grc' dir='ltr'>τὸ</span> <span class='ocrx_word' id='word_1_717' title='bbox 2685 5268 3004 5343; x_wconf 86' lang='grc' dir='ltr'>πρόσωπον,</span> <span class='ocrx_word' id='word_1_718' title='bbox 3063 5263 3190 5321; x_wconf 80' lang='grc' dir='ltr'>ἀλλ’</span> <span class='ocrx_word' id='word_1_719' title='bbox 3283 5267 3619 5348; x_wconf 74' lang='grc' dir='ltr'>οὗδετὲρα.</span> <span class='ocrx_word' id='word_1_720' title='bbox 3688 5266 3945 5343; x_wconf 68' lang='grc' dir='ltr'>θατὲρων</span> 
     </span>
    </p>
   </div>
   <div class='ocr_carea' id='block_1_105' title="bbox 2169 5353 3947 5434">
    <p class='ocr_par' dir='ltr' id='par_1_105' title="bbox 2169 5353 3947 5434">
     <span class='ocr_line' id='line_1_105' title="bbox 2169 5353 3947 5434; baseline -0.002 -20"><span class='ocrx_word' id='word_1_721' title='bbox 2169 5357 2365 5434; x_wconf 83' lang='grc' dir='ltr'>χωρίς·</span> <span class='ocrx_word' id='word_1_722' title='bbox 2403 5354 2526 5413; x_wconf 68' lang='grc' dir='ltr'>οὔτε</span> <span class='ocrx_word' id='word_1_723' title='bbox 2557 5357 2662 5432; x_wconf 75' lang='grc' dir='ltr'>γὰρ</span> <span class='ocrx_word' id='word_1_724' title='bbox 2692 5358 2728 5427; x_wconf 82' lang='grc' dir='ltr'>ἠ</span> <span class='ocrx_word' id='word_1_725' title='bbox 2765 5354 2926 5412; x_wconf 86' lang='grc' dir='ltr'>οὐσία</span> <span class='ocrx_word' id='word_1_726' title='bbox 2980 5353 3126 5410; x_wconf 74' lang='grc' dir='ltr'>ἐστὶν</span> <span class='ocrx_word' id='word_1_727' title='bbox 3192 5353 3700 5428; x_wconf 79' lang='grc' dir='ltr'>ἀνυπόστατος,</span> <span class='ocrx_word' id='word_1_728' title='bbox 3748 5356 3883 5414; x_wconf 70' lang='grc' dir='ltr'>οὔτε</span> <span class='ocrx_word' id='word_1_729' title='bbox 3913 5355 3947 5422; x_wconf 71' lang='grc' dir='ltr'>ἠ</span> 
     </span>
    </p>
   </div>
   <div class='ocr_carea' id='block_1_106' title="bbox 2166 5445 2758 5509">
    <p class='ocr_par' dir='ltr' id='par_1_106' title="bbox 2166 5445 2758 5509">
     <span class='ocr_line' id='line_1_106' title="bbox 2166 5445 2758 5509; baseline -0.005 -7"><span class='ocrx_word' id='word_1_730' title='bbox 2166 5448 2456 5509; x_wconf 81' lang='grc' dir='ltr'>ὑπόστασις</span> <span class='ocrx_word' id='word_1_731' title='bbox 2488 5446 2547 5500; x_wconf 80' lang='grc' dir='ltr'>ἀν</span> <span class='ocrx_word' id='word_1_732' title='bbox 2556 5445 2758 5505; x_wconf 82' lang='grc' dir='ltr'>ούσιος.</span> 
     </span>
    </p>
   </div>
   <div class='ocr_carea' id='block_1_107' title="bbox 472 5657 2047 5739">
    <p class='ocr_par' dir='ltr' id='par_1_107' title="bbox 472 5657 2047 5739">
     <span class='ocr_line' id='line_1_107' title="bbox 472 5657 2047 5739; baseline 0.004 -22"><span class='ocrx_word' id='word_1_733' title='bbox 472 5664 541 5736; x_wconf 82' lang='lat' dir='ltr'>(f)</span> <span class='ocrx_word' id='word_1_734' title='bbox 572 5662 733 5739; x_wconf 86' lang='lat' dir='ltr'>Vide</span> <span class='ocrx_word' id='word_1_735' title='bbox 770 5660 954 5739; x_wconf 81' lang='lat' dir='ltr'>Eliam</span> <span class='ocrx_word' id='word_1_736' title='bbox 989 5660 1344 5739; x_wconf 67' lang='lat' dir='ltr'>_§reten_sem</span> <span class='ocrx_word' id='word_1_737' title='bbox 1398 5657 1725 5739; x_wconf 69' lang='lat' dir='ltr'>gemment.</span> <span class='ocrx_word' id='word_1_738' title='bbox 1757 5663 1833 5739; x_wconf 88' lang='lat' dir='ltr'>_in</span> <span class='ocrx_word' id='word_1_739' title='bbox 1878 5666 2047 5739; x_wconf 88' lang='lat' dir='ltr'>Greg.</span> 
     </span>
    </p>
   </div>
   <div class='ocr_carea' id='block_1_108' title="bbox 396 5729 2048 5805">
    <p class='ocr_par' dir='ltr' id='par_1_108' title="bbox 396 5729 2048 5805">
     <span class='ocr_line' id='line_1_108' title="bbox 396 5729 2048 5805; baseline 0.001 -13"><span class='ocrx_word' id='word_1_740' title='bbox 396 5729 534 5792; x_wconf 64' lang='lat' dir='ltr'>Nai.</span> <span class='ocrx_word' id='word_1_741' title='bbox 560 5752 643 5791; x_wconf 86' lang='lat' dir='ltr'>or.</span> <span class='ocrx_word' id='word_1_742' title='bbox 683 5738 767 5800; x_wconf 85' lang='grc'>11,</span> <span class='ocrx_word' id='word_1_743' title='bbox 800 5750 857 5805; x_wconf 89' lang='lat' dir='ltr'>p.</span> <span class='ocrx_word' id='word_1_744' title='bbox 892 5735 944 5798; x_wconf 88' lang='lat'>6,</span> <span class='ocrx_word' id='word_1_745' title='bbox 979 5733 1065 5788; x_wconf 89' lang='grc'>18.</span> <span class='ocrx_word' id='word_1_746' title='bbox 1100 5737 1137 5787; x_wconf 83' lang='grc' dir='ltr'>ι.</span> <span class='ocrx_word' id='word_1_747' title='bbox 1171 5733 1242 5804; x_wconf 89' lang='lat' dir='ltr'>II,</span> <span class='ocrx_word' id='word_1_748' title='bbox 1274 5732 1366 5788; x_wconf 91' lang='lat' dir='ltr'>ed.</span> <span class='ocrx_word' id='word_1_749' title='bbox 1402 5729 1533 5787; x_wconf 91' lang='lat' dir='ltr'>Bill.</span> <span class='ocrx_word' id='word_1_750' title='bbox 1585 5738 1642 5788; x_wconf 88' lang='lat' dir='ltr'>et</span> <span class='ocrx_word' id='word_1_751' title='bbox 1669 5735 1912 5794; x_wconf 83' lang='lat' dir='ltr'>Aristot.</span> <span class='ocrx_word' id='word_1_752' title='bbox 1942 5729 2048 5794; x_wconf 73' lang='grc' dir='ltr'>Μὲ-</span> 
     </span>
    </p>
   </div>
   <div class='ocr_carea' id='block_1_109' title="bbox 397 5738 3158 5883">
    <p class='ocr_par' dir='ltr' id='par_1_109' title="bbox 397 5738 3158 5883">
     <span class='ocr_line' id='line_1_109' title="bbox 397 5738 3158 5809; baseline 0.001 -17"><span class='ocrx_word' id='word_1_753' title='bbox 397 5738 528 5792; x_wconf 86' lang='lat' dir='ltr'>Naz.</span> <span class='ocrx_word' id='word_1_754' title='bbox 560 5752 643 5791; x_wconf 88' lang='lat' dir='ltr'>or.</span> <span class='ocrx_word' id='word_1_755' title='bbox 683 5738 767 5800; x_wconf 85' lang='grc'>11,</span> <span class='ocrx_word' id='word_1_756' title='bbox 800 5750 857 5805; x_wconf 87' lang='lat' dir='ltr'>p.</span> <span class='ocrx_word' id='word_1_757' title='bbox 892 5738 944 5798; x_wconf 86' lang='lat'>6,</span> <span class='ocrx_word' id='word_1_758' title='bbox 979 5738 1065 5788; x_wconf 84' lang='lat'>18.</span> <span class='ocrx_word' id='word_1_759' title='bbox 1100 5738 1137 5787; x_wconf 89' lang='lat' dir='ltr'>t.</span> <span class='ocrx_word' id='word_1_760' title='bbox 1171 5738 1242 5804; x_wconf 88' lang='lat' dir='ltr'>II,</span> <span class='ocrx_word' id='word_1_761' title='bbox 1274 5738 1366 5788; x_wconf 88' lang='lat' dir='ltr'>ed.</span> <span class='ocrx_word' id='word_1_762' title='bbox 1404 5738 1533 5787; x_wconf 86' lang='lat' dir='ltr'>Bill.</span> <span class='ocrx_word' id='word_1_763' title='bbox 1585 5738 1642 5788; x_wconf 89' lang='lat' dir='ltr'>et</span> <span class='ocrx_word' id='word_1_764' title='bbox 1669 5738 1912 5794; x_wconf 83' lang='lat' dir='ltr'>Aristot.</span> <span class='ocrx_word' id='word_1_765' title='bbox 1942 5738 2048 5794; x_wconf 75' lang='lat' dir='ltr'>Mé-</span> <span class='ocrx_word' id='word_1_766' title='bbox 2227 5742 2308 5809; x_wconf 86' lang='lat' dir='ltr'>(g)</span> <span class='ocrx_word' id='word_1_767' title='bbox 2340 5738 2482 5797; x_wconf 86' lang='lat' dir='ltr'>Vide</span> <span class='ocrx_word' id='word_1_768' title='bbox 2500 5741 2664 5798; x_wconf 83' lang='lat' dir='ltr'>Joan.</span> <span class='ocrx_word' id='word_1_769' title='bbox 2699 5742 3048 5798; x_wconf 85' lang='lat' dir='ltr'>Damascen.</span> <span class='ocrx_word' id='word_1_770' title='bbox 3109 5758 3158 5795; x_wconf 75' lang='grc' dir='ltr'>υ.</span> 
     </span>
     <span class='ocr_line' id='line_1_110' title="bbox 397 5807 3158 5883; baseline 0 -19"><span class='ocrx_word' id='word_1_771' title='bbox 397 5807 614 5883; x_wconf 80' lang='lat' dir='ltr'>taphys.</span> <span class='ocrx_word' id='word_1_772' title='bbox 648 5807 684 5864; x_wconf 91' lang='lat'>1.</span> <span class='ocrx_word' id='word_1_773' title='bbox 712 5824 785 5879; x_wconf 77' lang='lat' dir='ltr'>iv,</span> <span class='ocrx_word' id='word_1_774' title='bbox 818 5822 870 5861; x_wconf 92' lang='lat' dir='ltr'>c.</span> <span class='ocrx_word' id='word_1_775' title='bbox 902 5807 954 5860; x_wconf 77' lang='grc'><strong>4.</strong></span> <span class='ocrx_word' id='word_1_776' title='bbox 2159 5818 2282 5867; x_wconf 87' lang='lat' dir='ltr'>ant.</span> <span class='ocrx_word' id='word_1_777' title='bbox 2307 5811 2547 5882; x_wconf 88' lang='lat' dir='ltr'>Canisii,</span> <span class='ocrx_word' id='word_1_778' title='bbox 2576 5818 2617 5868; x_wconf 90' lang='lat' dir='ltr'>t.</span> <span class='ocrx_word' id='word_1_779' title='bbox 2643 5814 2715 5883; x_wconf 88' lang='lat' dir='ltr'>II,</span> <span class='ocrx_word' id='word_1_780' title='bbox 2748 5817 2906 5883; x_wconf 87' lang='lat' dir='ltr'>part.</span> <span class='ocrx_word' id='word_1_781' title='bbox 2947 5829 2985 5883; x_wconf 78' lang='grc' dir='ltr'>ι,</span> <span class='ocrx_word' id='word_1_782' title='bbox 3017 5829 3074 5883; x_wconf 90' lang='lat' dir='ltr'>p.</span> <span class='ocrx_word' id='word_1_783' title='bbox 3107 5811 3158 5865; x_wconf 70' lang='lat'>32</span> 
     </span>
    </p>
   </div>
   <div class='ocr_carea' id='block_1_110' title="bbox 603 5844 954 5879">
    <p class='ocr_par' dir='ltr' id='par_1_110' title="bbox 603 5844 954 5879">
     <span class='ocr_line' id='line_1_111' title="bbox 603 5844 954 5879; baseline -0.014 -15"><span class='ocrx_word' id='word_1_784' title='bbox 603 5849 614 5863; x_wconf 79' lang='grc' dir='ltr'>ο</span> <span class='ocrx_word' id='word_1_785' title='bbox 648 5844 684 5864; x_wconf 76' lang='grc' dir='ltr'>ιο</span> <span class='ocrx_word' id='word_1_786' title='bbox 712 5844 785 5879; x_wconf 65' lang='lat' dir='ltr'>IV,</span> <span class='ocrx_word' id='word_1_787' title='bbox 819 5844 870 5861; x_wconf 75' lang='grc' dir='ltr'>νο</span> <span class='ocrx_word' id='word_1_788' title='bbox 902 5844 954 5860; x_wconf 62' lang='grc' dir='ltr'>ἰα</span> 
     </span>
    </p>
   </div>
   <div class='ocr_carea' id='block_1_111' title="bbox 2159 5811 3752 5896">
    <p class='ocr_par' dir='ltr' id='par_1_111' title="bbox 2159 5811 3752 5896">
     <span class='ocr_line' id='line_1_112' title="bbox 2159 5811 3752 5896; baseline 0.009 -30"><span class='ocrx_word' id='word_1_789' title='bbox 2159 5818 2282 5867; x_wconf 86' lang='lat' dir='ltr'>ant.</span> <span class='ocrx_word' id='word_1_790' title='bbox 2307 5811 2547 5882; x_wconf 88' lang='lat' dir='ltr'>Canisii,</span> <span class='ocrx_word' id='word_1_791' title='bbox 2576 5818 2617 5868; x_wconf 88' lang='lat' dir='ltr'>t.</span> <span class='ocrx_word' id='word_1_792' title='bbox 2643 5814 2715 5883; x_wconf 88' lang='lat' dir='ltr'>Il,</span> <span class='ocrx_word' id='word_1_793' title='bbox 2748 5817 2906 5885; x_wconf 88' lang='lat' dir='ltr'>part.</span> <span class='ocrx_word' id='word_1_794' title='bbox 2947 5829 2985 5884; x_wconf 78' lang='grc' dir='ltr'>ι,</span> <span class='ocrx_word' id='word_1_795' title='bbox 3017 5829 3074 5884; x_wconf 90' lang='lat' dir='ltr'>p.</span> <span class='ocrx_word' id='word_1_796' title='bbox 3107 5811 3176 5865; x_wconf 81' lang='grc'><strong>32</strong></span> <span class='ocrx_word' id='word_1_797' title='bbox 3200 5811 3329 5871; x_wconf 89' lang='lat' dir='ltr'>ed.</span> <span class='ocrx_word' id='word_1_798' title='bbox 3379 5818 3752 5896; x_wconf 76' lang='lat' dir='ltr'>Basnuge.</span> 
     </span>
    </p>
   </div>
   <div class='ocr_carea' id='block_1_112' title="bbox 3224 5739 3970 5806">
    <p class='ocr_par' dir='ltr' id='par_1_112' title="bbox 3224 5739 3970 5806">
     <span class='ocr_line' id='line_1_113' title="bbox 3224 5739 3970 5806; baseline 0.001 -9"><span class='ocrx_word' id='word_1_799' title='bbox 3224 5739 3622 5805; x_wconf 80' lang='lat' dir='ltr'>Jacobitas</span> <span class='ocrx_word' id='word_1_800' title='bbox 3658 5749 3738 5806; x_wconf 89' lang='lat' dir='ltr'>in</span> <span class='ocrx_word' id='word_1_801' title='bbox 3805 5748 3970 5805; x_wconf 81' lang='lat' dir='ltr'>Lcct.</span> 
     </span>
    </p>
   </div>
   <div class='ocr_carea' id='block_1_113' title="bbox 3971 1128 3979 1195">
    <p class='ocr_par' dir='ltr' id='par_1_113' title="bbox 3971 1128 3979 1195">
     <span class='ocr_line' id='line_1_114' title="bbox 3971 1128 3979 1195; baseline 0 0"><span class='ocrx_word' id='word_1_802' title='bbox 3971 1128 3979 1195; x_wconf 67' lang='grc' dir='ltr'>ί</span> 
     </span>
    </p>
   </div>
   <div class='ocr_carea' id='block_1_114' title="bbox 3970 1216 3978 1259">
    <p class='ocr_par' dir='ltr' id='par_1_114' title="bbox 3970 1216 3978 1259">
     <span class='ocr_line' id='line_1_115' title="bbox 3970 1216 3978 1259; baseline 0 0"><span class='ocrx_word' id='word_1_803' title='bbox 3970 1216 3978 1259; x_wconf 79' lang='lat' dir='ltr'>l</span> 
     </span>
    </p>
   </div>
  </div>
