  <div class='ocr_page' id='page_1' title='image "/cluster/home/n/w/nwhite01/storage/ocr_20150623/139/mdp.39015078384214/096.png"; bbox 0 0 4104 6300; ppageno 0'>
   <div class='ocr_carea' id='block_1_1' title="bbox 279 324 2716 394">
    <p class='ocr_par' dir='ltr' id='par_1_1' title="bbox 279 324 2716 394">
     <span class='ocr_line' id='line_1_1' title="bbox 279 324 2716 394; baseline -0.002 -3"><span class='ocrx_word' id='word_1_1' title='bbox 279 329 370 394; x_wconf 74' lang='grc' dir='ltr'>1τῖ</span> <span class='ocrx_word' id='word_1_2' title='bbox 1283 324 1385 385; x_wconf 82' lang='lat' dir='ltr'>DE</span> <span class='ocrx_word' id='word_1_3' title='bbox 1430 324 1967 388; x_wconf 75' lang='lat' dir='ltr'>PROCESSIONE</span> <span class='ocrx_word' id='word_1_4' title='bbox 2010 325 2371 390; x_wconf 79' lang='lat' dir='ltr'>SPIBITUS</span> <span class='ocrx_word' id='word_1_5' title='bbox 2416 325 2716 389; x_wconf 83' lang='lat' dir='ltr'>SANCTI.</span> 
     </span>
    </p>
   </div>
   <div class='ocr_carea' id='block_1_2' title="bbox 3574 330 3693 392">
    <p class='ocr_par' dir='ltr' id='par_1_2' title="bbox 3574 330 3693 392">
     <span class='ocr_line' id='line_1_2' title="bbox 3574 330 3693 392; baseline 0.017 -3"><span class='ocrx_word' id='word_1_6' title='bbox 3574 330 3693 392; x_wconf 82' lang='grc'>178</span> 
     </span>
    </p>
   </div>
   <div class='ocr_carea' id='block_1_3' title="bbox 356 450 1929 533">
    <p class='ocr_par' dir='ltr' id='par_1_3' title="bbox 356 450 1928 533">
     <span class='ocr_line' id='line_1_3' title="bbox 356 450 1928 533; baseline -0.003 -19"><span class='ocrx_word' id='word_1_7' title='bbox 356 459 503 514; x_wconf 59' lang='lat' dir='ltr'>ANP.</span> <span class='ocrx_word' id='word_1_8' title='bbox 559 455 696 512; x_wconf 72' lang='grc' dir='ltr'>Εἶτα</span> <span class='ocrx_word' id='word_1_9' title='bbox 755 450 886 511; x_wconf 70' lang='grc' dir='ltr'>τίνα</span> <span class='ocrx_word' id='word_1_10' title='bbox 945 455 1110 510; x_wconf 79' lang='grc' dir='ltr'>ταῦτα</span> <span class='ocrx_word' id='word_1_11' title='bbox 1159 450 1590 528; x_wconf 74' lang='grc' dir='ltr'>ὑπολαμϐάνεις,</span> <span class='ocrx_word' id='word_1_12' title='bbox 1655 457 1804 533; x_wconf 72' lang='grc' dir='ltr'>λέγω</span> <span class='ocrx_word' id='word_1_13' title='bbox 1861 453 1928 524; x_wconf 79' lang='grc' dir='ltr'>δὴ</span> 
     </span>
    </p>
   </div>
   <div class='ocr_carea' id='block_1_4' title="bbox 2043 450 3696 533">
    <p class='ocr_par' dir='ltr' id='par_1_4' title="bbox 2119 458 3696 530">
     <span class='ocr_line' id='line_1_4' title="bbox 2119 458 3696 530; baseline 0.003 -16"><span class='ocrx_word' id='word_1_14' title='bbox 2119 460 2269 516; x_wconf 84' lang='lat' dir='ltr'>LAT.</span> <span class='ocrx_word' id='word_1_15' title='bbox 2303 458 2526 515; x_wconf 88' lang='lat' dir='ltr'>Deinde</span> <span class='ocrx_word' id='word_1_16' title='bbox 2554 473 2830 530; x_wconf 72' lang='lat' dir='ltr'>quaenam</span> <span class='ocrx_word' id='word_1_17' title='bbox 2863 459 2990 514; x_wconf 63' lang='lat' dir='ltr'>hac</span> <span class='ocrx_word' id='word_1_18' title='bbox 3030 474 3159 514; x_wconf 83' lang='lat' dir='ltr'>esse</span> <span class='ocrx_word' id='word_1_19' title='bbox 3183 458 3696 526; x_wconf 55' lang='lat' dir='ltr'>statuisﬁidelicet</span> 
     </span>
    </p>
   </div>
   <div class='ocr_carea' id='block_1_5' title="bbox 307 542 1933 623">
    <p class='ocr_par' dir='ltr' id='par_1_5' title="bbox 307 542 1933 623">
     <span class='ocr_line' id='line_1_5' title="bbox 307 542 1933 623; baseline -0.001 -22"><span class='ocrx_word' id='word_1_20' title='bbox 307 550 387 617; x_wconf 74' lang='grc' dir='ltr'>τὴν</span> <span class='ocrx_word' id='word_1_21' title='bbox 413 545 582 601; x_wconf 67' lang='grc' dir='ltr'>οὐσίαν</span> <span class='ocrx_word' id='word_1_22' title='bbox 609 544 703 599; x_wconf 83' lang='grc' dir='ltr'>καὶ</span> <span class='ocrx_word' id='word_1_23' title='bbox 735 545 843 613; x_wconf 78' lang='grc' dir='ltr'>τήν</span> <span class='ocrx_word' id='word_1_24' title='bbox 879 543 1062 621; x_wconf 67' lang='grc' dir='ltr'>φύσιν,</span> <span class='ocrx_word' id='word_1_25' title='bbox 1103 544 1136 613; x_wconf 74' lang='grc' dir='ltr'><strong>ἢ</strong></span> <span class='ocrx_word' id='word_1_26' title='bbox 1168 545 1234 598; x_wconf 82' lang='grc' dir='ltr'>τὰ</span> <span class='ocrx_word' id='word_1_27' title='bbox 1265 542 1505 616; x_wconf 81' lang='grc' dir='ltr'>οὖσιώδη</span> <span class='ocrx_word' id='word_1_28' title='bbox 1567 545 1654 600; x_wconf 85' lang='grc' dir='ltr'>καὶ</span> <span class='ocrx_word' id='word_1_29' title='bbox 1714 547 1933 623; x_wconf 76' lang='grc' dir='ltr'>φυσικὰ,</span> 
     </span>
    </p>
   </div>
   <div class='ocr_carea' id='block_1_6' title="bbox 314 634 1932 710">
    <p class='ocr_par' dir='ltr' id='par_1_6' title="bbox 314 634 1932 710">
     <span class='ocr_line' id='line_1_6' title="bbox 314 634 1932 710; baseline -0.002 -17"><span class='ocrx_word' id='word_1_30' title='bbox 314 638 385 693; x_wconf 79' lang='grc' dir='ltr'>καὶ</span> <span class='ocrx_word' id='word_1_31' title='bbox 416 636 518 691; x_wconf 78' lang='grc' dir='ltr'>τίνα</span> <span class='ocrx_word' id='word_1_32' title='bbox 570 636 640 691; x_wconf 70' lang='grc' dir='ltr'>τὰ</span> <span class='ocrx_word' id='word_1_33' title='bbox 693 634 882 708; x_wconf 79' lang='grc' dir='ltr'>ἓτερα,</span> <span class='ocrx_word' id='word_1_34' title='bbox 943 635 1042 703; x_wconf 76' lang='grc' dir='ltr'>τήν</span> <span class='ocrx_word' id='word_1_35' title='bbox 1103 634 1395 688; x_wconf 75' lang='grc' dir='ltr'>ὑπόστασιν</span> <span class='ocrx_word' id='word_1_36' title='bbox 1449 636 1539 690; x_wconf 76' lang='grc' dir='ltr'>καὶ</span> <span class='ocrx_word' id='word_1_37' title='bbox 1592 636 1654 690; x_wconf 87' lang='grc' dir='ltr'>τὸ</span> <span class='ocrx_word' id='word_1_38' title='bbox 1711 635 1932 710; x_wconf 79' lang='grc' dir='ltr'>πρόσω-</span> 
     </span>
    </p>
   </div>
   <div class='ocr_carea' id='block_1_7' title="bbox 314 721 1450 797">
    <p class='ocr_par' dir='ltr' id='par_1_7' title="bbox 314 721 1450 797">
     <span class='ocr_line' id='line_1_7' title="bbox 314 721 1450 797; baseline -0.004 -15"><span class='ocrx_word' id='word_1_39' title='bbox 314 748 392 782; x_wconf 83' lang='grc' dir='ltr'>πον</span> <span class='ocrx_word' id='word_1_40' title='bbox 420 723 453 794; x_wconf 72' lang='grc' dir='ltr'><strong><em>ἤ</em></strong></span> <span class='ocrx_word' id='word_1_41' title='bbox 481 724 544 779; x_wconf 68' lang='grc' dir='ltr'>τὰ</span> <span class='ocrx_word' id='word_1_42' title='bbox 577 723 924 779; x_wconf 74' lang='grc' dir='ltr'>ὑποστατικὰ</span> <span class='ocrx_word' id='word_1_43' title='bbox 955 721 1045 777; x_wconf 85' lang='grc' dir='ltr'>καί</span> <span class='ocrx_word' id='word_1_44' title='bbox 1075 723 1400 797; x_wconf 83' lang='grc' dir='ltr'>προσωπικά</span> <span class='ocrx_word' id='word_1_45' title='bbox 1435 740 1450 782; x_wconf 87' lang='lat'><strong>:</strong></span> 
     </span>
    </p>
   </div>
   <div class='ocr_carea' id='block_1_8' title="bbox 365 809 1932 886">
    <p class='ocr_par' dir='ltr' id='par_1_8' title="bbox 365 809 1932 886">
     <span class='ocr_line' id='line_1_8' title="bbox 365 809 1932 886; baseline -0.003 -16"><span class='ocrx_word' id='word_1_46' title='bbox 365 815 550 870; x_wconf 84' lang='grc' dir='ltr'>ΓΡ.“”Ο</span> <span class='ocrx_word' id='word_1_47' title='bbox 615 814 710 886; x_wconf 71' lang='grc' dir='ltr'>μὲν</span> <span class='ocrx_word' id='word_1_48' title='bbox 770 810 882 867; x_wconf 78' lang='grc' dir='ltr'>ἔστι</span> <span class='ocrx_word' id='word_1_49' title='bbox 942 813 1126 866; x_wconf 85' lang='grc' dir='ltr'>κοινὸν</span> <span class='ocrx_word' id='word_1_50' title='bbox 1179 812 1267 867; x_wconf 81' lang='grc' dir='ltr'>καὶ</span> <span class='ocrx_word' id='word_1_51' title='bbox 1324 809 1376 867; x_wconf 72' lang='grc' dir='ltr'>ἓν</span> <span class='ocrx_word' id='word_1_52' title='bbox 1415 813 1505 867; x_wconf 76' lang='grc' dir='ltr'>καὶ</span> <span class='ocrx_word' id='word_1_53' title='bbox 1548 812 1739 867; x_wconf 86' lang='grc' dir='ltr'>ταυτὸν</span> <span class='ocrx_word' id='word_1_54' title='bbox 1763 813 1932 886; x_wconf 85' lang='grc' dir='ltr'>Πατρὶ</span> 
     </span>
    </p>
   </div>
   <div class='ocr_carea' id='block_1_9' title="bbox 305 900 1932 980">
    <p class='ocr_par' dir='ltr' id='par_1_9' title="bbox 305 900 1932 980">
     <span class='ocr_line' id='line_1_9' title="bbox 305 900 1932 980; baseline -0.002 -22"><span class='ocrx_word' id='word_1_55' title='bbox 305 905 374 958; x_wconf 80' lang='grc' dir='ltr'>καὶ</span> <span class='ocrx_word' id='word_1_56' title='bbox 417 903 528 974; x_wconf 83' lang='grc' dir='ltr'>Τίῷ</span> <span class='ocrx_word' id='word_1_57' title='bbox 587 903 681 956; x_wconf 83' lang='grc' dir='ltr'>καὶ</span> <span class='ocrx_word' id='word_1_58' title='bbox 742 900 1042 973; x_wconf 81' lang='grc' dir='ltr'>Πνεύματι,</span> <span class='ocrx_word' id='word_1_59' title='bbox 1098 905 1260 956; x_wconf 76' lang='grc' dir='ltr'>τοῦτο</span> <span class='ocrx_word' id='word_1_60' title='bbox 1317 900 1500 956; x_wconf 73' lang='grc' dir='ltr'>οὐσίαν</span> <span class='ocrx_word' id='word_1_61' title='bbox 1578 904 1666 957; x_wconf 85' lang='grc' dir='ltr'>καὶ</span> <span class='ocrx_word' id='word_1_62' title='bbox 1751 903 1932 980; x_wconf 77' lang='grc' dir='ltr'>φύσιν,</span> 
     </span>
    </p>
   </div>
   <div class='ocr_carea' id='block_1_10' title="bbox 303 989 1932 1067">
    <p class='ocr_par' dir='ltr' id='par_1_10' title="bbox 303 989 1932 1067">
     <span class='ocr_line' id='line_1_10' title="bbox 303 989 1932 1067; baseline -0.003 -19"><span class='ocrx_word' id='word_1_63' title='bbox 303 993 378 1048; x_wconf 69' lang='grc' dir='ltr'>χοὶ</span> <span class='ocrx_word' id='word_1_64' title='bbox 407 993 467 1048; x_wconf 74' lang='grc' dir='ltr'>τὰ</span> <span class='ocrx_word' id='word_1_65' title='bbox 501 989 777 1067; x_wconf 78' lang='grc' dir='ltr'>προσόντα</span> <span class='ocrx_word' id='word_1_66' title='bbox 808 989 1028 1050; x_wconf 74' lang='grc' dir='ltr'>τούτοις</span> <span class='ocrx_word' id='word_1_67' title='bbox 1085 995 1283 1052; x_wconf 82' lang='grc' dir='ltr'>κοινῶς</span> <span class='ocrx_word' id='word_1_68' title='bbox 1332 991 1421 1045; x_wconf 78' lang='grc' dir='ltr'>καὶ</span> <span class='ocrx_word' id='word_1_69' title='bbox 1479 994 1781 1064; x_wconf 77' lang='grc' dir='ltr'>ἡνωμένως</span> <span class='ocrx_word' id='word_1_70' title='bbox 1839 990 1932 1045; x_wconf 81' lang='grc' dir='ltr'>καὶ</span> 
     </span>
    </p>
   </div>
   <div class='ocr_carea' id='block_1_11' title="bbox 299 1077 1931 1158">
    <p class='ocr_par' dir='ltr' id='par_1_11' title="bbox 299 1077 1931 1158">
     <span class='ocr_line' id='line_1_11' title="bbox 299 1077 1931 1158; baseline -0.001 -22"><span class='ocrx_word' id='word_1_71' title='bbox 299 1087 512 1149; x_wconf 69' lang='grc' dir='ltr'>ταυτῶς,</span> <span class='ocrx_word' id='word_1_72' title='bbox 547 1077 796 1149; x_wconf 79' lang='grc' dir='ltr'>οὐσιώδη</span> <span class='ocrx_word' id='word_1_73' title='bbox 828 1080 918 1133; x_wconf 84' lang='grc' dir='ltr'>καὶ</span> <span class='ocrx_word' id='word_1_74' title='bbox 947 1079 1164 1158; x_wconf 74' lang='grc' dir='ltr'>φυσικάο</span> <span class='ocrx_word' id='word_1_75' title='bbox 1196 1077 1419 1137; x_wconf 74' lang='grc' dir='ltr'>ἕκαστον</span> <span class='ocrx_word' id='word_1_76' title='bbox 1454 1077 1511 1135; x_wconf 74' lang='grc' dir='ltr'>δὲ</span> <span class='ocrx_word' id='word_1_77' title='bbox 1568 1085 1678 1136; x_wconf 70' lang='grc' dir='ltr'>τῶν</span> <span class='ocrx_word' id='word_1_78' title='bbox 1741 1084 1931 1154; x_wconf 81' lang='grc' dir='ltr'>τριῶν,</span> 
     </span>
    </p>
   </div>
   <div class='ocr_carea' id='block_1_12' title="bbox 302 1167 1933 1245">
    <p class='ocr_par' dir='ltr' id='par_1_12' title="bbox 302 1167 1933 1245">
     <span class='ocr_line' id='line_1_12' title="bbox 302 1167 1933 1245; baseline -0.002 -20"><span class='ocrx_word' id='word_1_79' title='bbox 302 1170 573 1226; x_wconf 70' lang='grc' dir='ltr'>ὀπόστασίν</span> <span class='ocrx_word' id='word_1_80' title='bbox 601 1190 662 1224; x_wconf 90' lang='grc' dir='ltr'>τε</span> <span class='ocrx_word' id='word_1_81' title='bbox 722 1170 812 1223; x_wconf 85' lang='grc' dir='ltr'>καὶ</span> <span class='ocrx_word' id='word_1_82' title='bbox 866 1169 1186 1243; x_wconf 87' lang='grc' dir='ltr'>πρόσωπον,</span> <span class='ocrx_word' id='word_1_83' title='bbox 1244 1168 1333 1223; x_wconf 82' lang='grc' dir='ltr'>καί</span> <span class='ocrx_word' id='word_1_84' title='bbox 1397 1167 1529 1245; x_wconf 77' lang='grc' dir='ltr'>ὅπερ</span> <span class='ocrx_word' id='word_1_85' title='bbox 1589 1169 1666 1225; x_wconf 75' lang='grc' dir='ltr'>ἑνὶ</span> <span class='ocrx_word' id='word_1_86' title='bbox 1725 1169 1933 1241; x_wconf 72' lang='grc' dir='ltr'>ἑκάστῳ</span> 
     </span>
    </p>
   </div>
   <div class='ocr_carea' id='block_1_13' title="bbox 295 1258 1553 1332">
    <p class='ocr_par' dir='ltr' id='par_1_13' title="bbox 295 1258 1553 1332">
     <span class='ocr_line' id='line_1_13' title="bbox 295 1258 1553 1332; baseline 0.001 -16"><span class='ocrx_word' id='word_1_87' title='bbox 295 1258 442 1332; x_wconf 71' lang='grc' dir='ltr'>ἴδιον,</span> <span class='ocrx_word' id='word_1_88' title='bbox 465 1264 632 1316; x_wconf 75' lang='grc' dir='ltr'>τοῦτο</span> <span class='ocrx_word' id='word_1_89' title='bbox 667 1259 1020 1314; x_wconf 82' lang='grc' dir='ltr'>ὑποστατικὸν</span> <span class='ocrx_word' id='word_1_90' title='bbox 1049 1258 1140 1312; x_wconf 83' lang='grc' dir='ltr'>καὶ</span> <span class='ocrx_word' id='word_1_91' title='bbox 1171 1258 1553 1331; x_wconf 78' lang='grc' dir='ltr'>προσωπικόν..</span> 
     </span>
    </p>
   </div>
   <div class='ocr_carea' id='block_1_14' title="bbox 357 1437 1930 1514">
    <p class='ocr_par' dir='ltr' id='par_1_14' title="bbox 357 1437 1930 1514">
     <span class='ocr_line' id='line_1_14' title="bbox 357 1437 1930 1514; baseline -0.001 -18"><span class='ocrx_word' id='word_1_92' title='bbox 357 1446 509 1498; x_wconf 73' lang='grc' dir='ltr'><strong>ΛΑΤ.</strong></span> <span class='ocrx_word' id='word_1_93' title='bbox 541 1439 617 1497; x_wconf 71' lang='grc' dir='ltr'>Εὖ</span> <span class='ocrx_word' id='word_1_94' title='bbox 653 1441 748 1512; x_wconf 78' lang='grc' dir='ltr'>μὲν</span> <span class='ocrx_word' id='word_1_95' title='bbox 785 1437 918 1500; x_wconf 70' lang='grc' dir='ltr'>ἴσως</span> <span class='ocrx_word' id='word_1_96' title='bbox 975 1437 1155 1514; x_wconf 77' lang='grc' dir='ltr'>λὲγεις</span> <span class='ocrx_word' id='word_1_97' title='bbox 1205 1437 1381 1494; x_wconf 84' lang='grc' dir='ltr'>ταυτί·</span> <span class='ocrx_word' id='word_1_98' title='bbox 1449 1437 1596 1510; x_wconf 76' lang='grc' dir='ltr'>πλὴν</span> <span class='ocrx_word' id='word_1_99' title='bbox 1645 1440 1735 1495; x_wconf 87' lang='grc' dir='ltr'>καὶ</span> <span class='ocrx_word' id='word_1_100' title='bbox 1795 1440 1930 1496; x_wconf 74' lang='grc' dir='ltr'>ὁπο-</span> 
     </span>
    </p>
   </div>
   <div class='ocr_carea' id='block_1_15' title="bbox 295 1527 1396 1606">
    <p class='ocr_par' dir='ltr' id='par_1_15' title="bbox 295 1527 1396 1606">
     <span class='ocr_line' id='line_1_15' title="bbox 295 1527 1396 1606; baseline -0.001 -20"><span class='ocrx_word' id='word_1_101' title='bbox 295 1530 648 1606; x_wconf 81' lang='grc' dir='ltr'>δειγματικῶς</span> <span class='ocrx_word' id='word_1_102' title='bbox 679 1531 974 1606; x_wconf 67' lang='grc' dir='ltr'>σαρήνισον</span> <span class='ocrx_word' id='word_1_103' title='bbox 1009 1528 1076 1584; x_wconf 76' lang='grc' dir='ltr'>τὰ</span> <span class='ocrx_word' id='word_1_104' title='bbox 1104 1527 1396 1606; x_wconf 79' lang='grc' dir='ltr'>λεγόμενα.</span> 
     </span>
    </p>
   </div>
   <div class='ocr_carea' id='block_1_16' title="bbox 355 1617 1931 1696">
    <p class='ocr_par' dir='ltr' id='par_1_16' title="bbox 355 1617 1931 1696">
     <span class='ocr_line' id='line_1_16' title="bbox 355 1617 1931 1696; baseline -0.001 -20"><span class='ocrx_word' id='word_1_105' title='bbox 355 1628 455 1678; x_wconf 91' lang='grc' dir='ltr'>ΓΡ.</span> <span class='ocrx_word' id='word_1_106' title='bbox 513 1623 624 1689; x_wconf 83' lang='grc' dir='ltr'>Τήν</span> <span class='ocrx_word' id='word_1_107' title='bbox 677 1621 770 1693; x_wconf 77' lang='grc' dir='ltr'>μὲν</span> <span class='ocrx_word' id='word_1_108' title='bbox 839 1619 1081 1696; x_wconf 79' lang='grc' dir='ltr'>ὑπερφυῆ</span> <span class='ocrx_word' id='word_1_109' title='bbox 1141 1619 1231 1674; x_wconf 82' lang='grc' dir='ltr'>καὶ</span> <span class='ocrx_word' id='word_1_110' title='bbox 1309 1617 1632 1694; x_wconf 81' lang='grc' dir='ltr'>ὑπερούσιον</span> <span class='ocrx_word' id='word_1_111' title='bbox 1702 1619 1931 1690; x_wconf 80' lang='grc' dir='ltr'>θεότητα</span> 
     </span>
    </p>
   </div>
   <div class='ocr_carea' id='block_1_17' title="bbox 287 1705 1926 1790">
    <p class='ocr_par' dir='ltr' id='par_1_17' title="bbox 287 1705 1926 1790">
     <span class='ocr_line' id='line_1_17' title="bbox 287 1705 1926 1790; baseline -0.003 -24"><span class='ocrx_word' id='word_1_112' title='bbox 287 1711 438 1790; x_wconf 61' lang='grc' dir='ltr'>φύσιν</span> <span class='ocrx_word' id='word_1_113' title='bbox 509 1710 779 1781; x_wconf 82' lang='grc' dir='ltr'>εἰώθαμεν</span> <span class='ocrx_word' id='word_1_114' title='bbox 837 1705 1019 1782; x_wconf 73' lang='grc' dir='ltr'>λέγειν</span> <span class='ocrx_word' id='word_1_115' title='bbox 1074 1714 1172 1777; x_wconf 82' lang='grc' dir='ltr'>τῆς</span> <span class='ocrx_word' id='word_1_116' title='bbox 1227 1706 1378 1782; x_wconf 75' lang='grc' dir='ltr'>ἁγίας</span> <span class='ocrx_word' id='word_1_117' title='bbox 1464 1705 1721 1782; x_wconf 81' lang='grc' dir='ltr'>Τριάδος,</span> <span class='ocrx_word' id='word_1_118' title='bbox 1800 1708 1926 1781; x_wconf 82' lang='grc' dir='ltr'>μίαν</span> 
     </span>
    </p>
   </div>
   <div class='ocr_carea' id='block_1_18' title="bbox 2041 547 3690 619">
    <p class='ocr_par' dir='ltr' id='par_1_18' title="bbox 2041 547 3690 619">
     <span class='ocr_line' id='line_1_18' title="bbox 2041 547 3690 619; baseline 0.003 -16"><span class='ocrx_word' id='word_1_119' title='bbox 2041 551 2360 603; x_wconf 80' lang='lat' dir='ltr'>essentiam</span> <span class='ocrx_word' id='word_1_120' title='bbox 2393 554 2451 603; x_wconf 91' lang='lat' dir='ltr'>et</span> <span class='ocrx_word' id='word_1_121' title='bbox 2478 553 2768 612; x_wconf 86' lang='lat' dir='ltr'>naturam,</span> <span class='ocrx_word' id='word_1_122' title='bbox 2795 547 2884 602; x_wconf 90' lang='lat' dir='ltr'>vel</span> <span class='ocrx_word' id='word_1_123' title='bbox 2916 547 3258 602; x_wconf 80' lang='lat' dir='ltr'>essentialia</span> <span class='ocrx_word' id='word_1_124' title='bbox 3281 553 3339 603; x_wconf 88' lang='lat' dir='ltr'>et</span> <span class='ocrx_word' id='word_1_125' title='bbox 3370 550 3690 619; x_wconf 79' lang='lat' dir='ltr'>naturalia,</span> 
     </span>
    </p>
   </div>
   <div class='ocr_carea' id='block_1_19' title="bbox 2050 635 3692 708">
    <p class='ocr_par' dir='ltr' id='par_1_19' title="bbox 2050 635 3692 708">
     <span class='ocr_line' id='line_1_19' title="bbox 2050 635 3692 708; baseline 0.002 -16"><span class='ocrx_word' id='word_1_126' title='bbox 2050 643 2107 692; x_wconf 89' lang='lat' dir='ltr'>et</span> <span class='ocrx_word' id='word_1_127' title='bbox 2137 653 2413 708; x_wconf 80' lang='lat' dir='ltr'>quaenam</span> <span class='ocrx_word' id='word_1_128' title='bbox 2455 641 2688 704; x_wconf 66' lang='lat' dir='ltr'>caetera,</span> <span class='ocrx_word' id='word_1_129' title='bbox 2721 635 3066 706; x_wconf 88' lang='lat' dir='ltr'>bypostasin</span> <span class='ocrx_word' id='word_1_130' title='bbox 3099 641 3158 690; x_wconf 91' lang='lat' dir='ltr'>et</span> <span class='ocrx_word' id='word_1_131' title='bbox 3205 654 3550 708; x_wconf 85' lang='lat' dir='ltr'>personam,</span> <span class='ocrx_word' id='word_1_132' title='bbox 3600 640 3692 695; x_wconf 85' lang='lat' dir='ltr'>vel</span> 
     </span>
    </p>
   </div>
   <div class='ocr_carea' id='block_1_20' title="bbox 2042 725 2916 799">
    <p class='ocr_par' dir='ltr' id='par_1_20' title="bbox 2042 725 2916 799">
     <span class='ocr_line' id='line_1_20' title="bbox 2042 725 2916 799; baseline -0.002 -17"><span class='ocrx_word' id='word_1_133' title='bbox 2042 727 2413 799; x_wconf 85' lang='lat' dir='ltr'>hypostatica</span> <span class='ocrx_word' id='word_1_134' title='bbox 2441 731 2500 781; x_wconf 88' lang='lat' dir='ltr'>et</span> <span class='ocrx_word' id='word_1_135' title='bbox 2529 725 2866 798; x_wconf 89' lang='lat' dir='ltr'>personalia</span> <span class='ocrx_word' id='word_1_136' title='bbox 2888 726 2916 780; x_wconf 73' lang='lat'>‘2</span> 
     </span>
    </p>
   </div>
   <div class='ocr_carea' id='block_1_21' title="bbox 2115 815 3696 887">
    <p class='ocr_par' dir='ltr' id='par_1_21' title="bbox 2115 815 3696 887">
     <span class='ocr_line' id='line_1_21' title="bbox 2115 815 3696 887; baseline 0.001 -15"><span class='ocrx_word' id='word_1_137' title='bbox 2115 819 2225 872; x_wconf 86' lang='lat' dir='ltr'>GR.</span> <span class='ocrx_word' id='word_1_138' title='bbox 2261 817 2424 882; x_wconf 87' lang='lat' dir='ltr'>Quod</span> <span class='ocrx_word' id='word_1_139' title='bbox 2458 815 2697 887; x_wconf 88' lang='lat' dir='ltr'>quidem</span> <span class='ocrx_word' id='word_1_140' title='bbox 2732 831 3016 870; x_wconf 83' lang='lat' dir='ltr'>commune</span> <span class='ocrx_word' id='word_1_141' title='bbox 3051 821 3139 870; x_wconf 90' lang='lat' dir='ltr'>est</span> <span class='ocrx_word' id='word_1_142' title='bbox 3181 819 3358 886; x_wconf 90' lang='lat' dir='ltr'>atque</span> <span class='ocrx_word' id='word_1_143' title='bbox 3414 833 3600 873; x_wconf 90' lang='lat' dir='ltr'>unum</span> <span class='ocrx_word' id='word_1_144' title='bbox 3635 825 3696 874; x_wconf 90' lang='lat' dir='ltr'>et</span> 
     </span>
    </p>
   </div>
   <div class='ocr_carea' id='block_1_22' title="bbox 2043 903 3697 974">
    <p class='ocr_par' dir='ltr' id='par_1_22' title="bbox 2043 903 3697 974">
     <span class='ocr_line' id='line_1_22' title="bbox 2043 903 3697 974; baseline 0.002 -16"><span class='ocrx_word' id='word_1_145' title='bbox 2043 904 2202 960; x_wconf 84' lang='lat' dir='ltr'>idem</span> <span class='ocrx_word' id='word_1_146' title='bbox 2252 906 2410 960; x_wconf 81' lang='lat' dir='ltr'>Patri</span> <span class='ocrx_word' id='word_1_147' title='bbox 2457 911 2514 959; x_wconf 89' lang='lat' dir='ltr'>et</span> <span class='ocrx_word' id='word_1_148' title='bbox 2561 904 2708 958; x_wconf 87' lang='lat' dir='ltr'>Filio</span> <span class='ocrx_word' id='word_1_149' title='bbox 2742 908 2800 958; x_wconf 89' lang='lat' dir='ltr'>et</span> <span class='ocrx_word' id='word_1_150' title='bbox 2839 903 3106 974; x_wconf 81' lang='lat' dir='ltr'>Spiritui,</span> <span class='ocrx_word' id='word_1_151' title='bbox 3140 904 3252 958; x_wconf 89' lang='lat' dir='ltr'>hoc</span> <span class='ocrx_word' id='word_1_152' title='bbox 3283 907 3608 962; x_wconf 85' lang='lat' dir='ltr'>essentiam</span> <span class='ocrx_word' id='word_1_153' title='bbox 3638 913 3697 962; x_wconf 91' lang='lat' dir='ltr'>et</span> 
     </span>
    </p>
   </div>
   <div class='ocr_carea' id='block_1_23' title="bbox 2041 994 3693 1066">
    <p class='ocr_par' dir='ltr' id='par_1_23' title="bbox 2041 994 3693 1066">
     <span class='ocr_line' id='line_1_23' title="bbox 2041 994 3693 1066; baseline 0.001 -15"><span class='ocrx_word' id='word_1_154' title='bbox 2041 1001 2334 1052; x_wconf 89' lang='lat' dir='ltr'>naturam.</span> <span class='ocrx_word' id='word_1_155' title='bbox 2371 1002 2429 1050; x_wconf 90' lang='lat' dir='ltr'>et</span> <span class='ocrx_word' id='word_1_156' title='bbox 2466 1012 2596 1066; x_wconf 62' lang='lat' dir='ltr'>qua;</span> <span class='ocrx_word' id='word_1_157' title='bbox 2637 995 2728 1049; x_wconf 87' lang='lat' dir='ltr'>his</span> <span class='ocrx_word' id='word_1_158' title='bbox 2785 994 3008 1049; x_wconf 87' lang='lat' dir='ltr'>adsunt</span> <span class='ocrx_word' id='word_1_159' title='bbox 3063 996 3485 1062; x_wconf 86' lang='lat' dir='ltr'>communiter,</span> <span class='ocrx_word' id='word_1_160' title='bbox 3528 998 3693 1053; x_wconf 85' lang='lat' dir='ltr'>unite</span> 
     </span>
    </p>
   </div>
   <div class='ocr_carea' id='block_1_24' title="bbox 2042 1084 3695 1157">
    <p class='ocr_par' dir='ltr' id='par_1_24' title="bbox 2042 1084 3695 1157">
     <span class='ocr_line' id='line_1_24' title="bbox 2042 1084 3695 1157; baseline 0 -15"><span class='ocrx_word' id='word_1_161' title='bbox 2042 1091 2218 1157; x_wconf 87' lang='lat' dir='ltr'>atque</span> <span class='ocrx_word' id='word_1_162' title='bbox 2251 1085 2460 1140; x_wconf 90' lang='lat' dir='ltr'>eodem</span> <span class='ocrx_word' id='word_1_163' title='bbox 2474 1084 3021 1149; x_wconf 89' lang='lat' dir='ltr'>modo,essentialia</span> <span class='ocrx_word' id='word_1_164' title='bbox 3045 1089 3102 1138; x_wconf 91' lang='lat' dir='ltr'>et</span> <span class='ocrx_word' id='word_1_165' title='bbox 3127 1084 3459 1152; x_wconf 86' lang='lat' dir='ltr'>naturalia;</span> <span class='ocrx_word' id='word_1_166' title='bbox 3481 1102 3695 1142; x_wconf 89' lang='lat' dir='ltr'>unum-</span> 
     </span>
    </p>
   </div>
   <div class='ocr_carea' id='block_1_25' title="bbox 2046 1172 3698 1247">
    <p class='ocr_par' dir='ltr' id='par_1_25' title="bbox 2046 1172 3698 1247">
     <span class='ocr_line' id='line_1_25' title="bbox 2046 1172 3698 1247; baseline 0.001 -17"><span class='ocrx_word' id='word_1_167' title='bbox 2046 1191 2344 1246; x_wconf 87' lang='lat' dir='ltr'>quemque</span> <span class='ocrx_word' id='word_1_168' title='bbox 2373 1191 2508 1230; x_wconf 90' lang='lat' dir='ltr'>vero</span> <span class='ocrx_word' id='word_1_169' title='bbox 2541 1173 2719 1228; x_wconf 89' lang='lat' dir='ltr'>trium</span> <span class='ocrx_word' id='word_1_170' title='bbox 2752 1173 2994 1228; x_wconf 87' lang='lat' dir='ltr'>illorum</span> <span class='ocrx_word' id='word_1_171' title='bbox 3020 1172 3368 1244; x_wconf 81' lang='lat' dir='ltr'>bypostasin</span> <span class='ocrx_word' id='word_1_172' title='bbox 3391 1179 3450 1229; x_wconf 91' lang='lat' dir='ltr'>et</span> <span class='ocrx_word' id='word_1_173' title='bbox 3491 1192 3698 1247; x_wconf 89' lang='lat' dir='ltr'>perso-</span> 
     </span>
    </p>
   </div>
   <div class='ocr_carea' id='block_1_26' title="bbox 2043 1263 3689 1336">
    <p class='ocr_par' dir='ltr' id='par_1_26' title="bbox 2043 1263 3689 1336">
     <span class='ocr_line' id='line_1_26' title="bbox 2043 1263 3689 1336; baseline 0 -15"><span class='ocrx_word' id='word_1_174' title='bbox 2043 1271 2272 1334; x_wconf 90' lang='lat' dir='ltr'>nam,et</span> <span class='ocrx_word' id='word_1_175' title='bbox 2302 1265 2458 1335; x_wconf 88' lang='lat' dir='ltr'>quod</span> <span class='ocrx_word' id='word_1_176' title='bbox 2488 1264 2811 1334; x_wconf 89' lang='lat' dir='ltr'>unicuique</span> <span class='ocrx_word' id='word_1_177' title='bbox 2833 1263 3218 1334; x_wconf 80' lang='lat' dir='ltr'>prop-riude</span> <span class='ocrx_word' id='word_1_178' title='bbox 3241 1265 3689 1336; x_wconf 85' lang='lat' dir='ltr'>hypostaticum</span> 
     </span>
    </p>
   </div>
   <div class='ocr_carea' id='block_1_27' title="bbox 2042 1353 2954 1426">
    <p class='ocr_par' dir='ltr' id='par_1_27' title="bbox 2042 1353 2954 1426">
     <span class='ocr_line' id='line_1_27' title="bbox 2042 1353 2954 1426; baseline -0.003 -17"><span class='ocrx_word' id='word_1_179' title='bbox 2042 1360 2100 1409; x_wconf 92' lang='lat' dir='ltr'>et</span> <span class='ocrx_word' id='word_1_180' title='bbox 2130 1353 2436 1426; x_wconf 88' lang='lat' dir='ltr'>personale</span> <span class='ocrx_word' id='word_1_181' title='bbox 2469 1369 2597 1408; x_wconf 88' lang='lat' dir='ltr'>esse</span> <span class='ocrx_word' id='word_1_182' title='bbox 2627 1356 2822 1408; x_wconf 88' lang='lat' dir='ltr'>statuo</span> <span class='ocrx_word' id='word_1_183' title='bbox 2851 1353 2954 1424; x_wconf 88' lang='lat' dir='ltr'>(h).</span> 
     </span>
    </p>
   </div>
   <div class='ocr_carea' id='block_1_28' title="bbox 2113 1441 3694 1515">
    <p class='ocr_par' dir='ltr' id='par_1_28' title="bbox 2113 1441 3694 1515">
     <span class='ocr_line' id='line_1_28' title="bbox 2113 1441 3694 1515; baseline 0.001 -17"><span class='ocrx_word' id='word_1_184' title='bbox 2113 1444 2267 1498; x_wconf 82' lang='lat' dir='ltr'>LAT.</span> <span class='ocrx_word' id='word_1_185' title='bbox 2296 1445 2472 1497; x_wconf 82' lang='lat' dir='ltr'>Recte</span> <span class='ocrx_word' id='word_1_186' title='bbox 2503 1442 2750 1496; x_wconf 86' lang='lat' dir='ltr'>forsitan</span> <span class='ocrx_word' id='word_1_187' title='bbox 2777 1443 2902 1496; x_wconf 77' lang='lat' dir='ltr'>haec</span> <span class='ocrx_word' id='word_1_188' title='bbox 2944 1441 3091 1496; x_wconf 92' lang='lat' dir='ltr'>dicis</span> <span class='ocrx_word' id='word_1_189' title='bbox 3125 1459 3139 1510; x_wconf 91' lang='lat'>;</span> <span class='ocrx_word' id='word_1_190' title='bbox 3192 1458 3393 1498; x_wconf 88' lang='lat' dir='ltr'>verum</span> <span class='ocrx_word' id='word_1_191' title='bbox 3439 1443 3694 1515; x_wconf 83' lang='lat' dir='ltr'>explana</span> 
     </span>
    </p>
   </div>
   <div class='ocr_carea' id='block_1_29' title="bbox 2042 1530 3163 1603">
    <p class='ocr_par' dir='ltr' id='par_1_29' title="bbox 2042 1530 3163 1603">
     <span class='ocr_line' id='line_1_29' title="bbox 2042 1530 3163 1603; baseline -0.004 -13"><span class='ocrx_word' id='word_1_192' title='bbox 2042 1534 2235 1590; x_wconf 88' lang='lat' dir='ltr'>adhuc</span> <span class='ocrx_word' id='word_1_193' title='bbox 2267 1538 2325 1588; x_wconf 90' lang='lat' dir='ltr'>et</span> <span class='ocrx_word' id='word_1_194' title='bbox 2356 1548 2462 1603; x_wconf 89' lang='lat' dir='ltr'>per</span> <span class='ocrx_word' id='word_1_195' title='bbox 2491 1530 2764 1602; x_wconf 83' lang='lat' dir='ltr'>exempla</span> <span class='ocrx_word' id='word_1_196' title='bbox 2785 1549 2914 1601; x_wconf 68' lang='lat' dir='ltr'>qua)</span> <span class='ocrx_word' id='word_1_197' title='bbox 2937 1531 3163 1587; x_wconf 82' lang='lat' dir='ltr'>dixisti.</span> 
     </span>
    </p>
   </div>
   <div class='ocr_carea' id='block_1_30' title="bbox 2113 1629 3693 1701">
    <p class='ocr_par' dir='ltr' id='par_1_30' title="bbox 2113 1629 3693 1701">
     <span class='ocr_line' id='line_1_30' title="bbox 2113 1629 3693 1701; baseline -0.001 -12"><span class='ocrx_word' id='word_1_198' title='bbox 2113 1634 2222 1688; x_wconf 82' lang='lat' dir='ltr'>GR.</span> <span class='ocrx_word' id='word_1_199' title='bbox 2259 1631 2546 1685; x_wconf 90' lang='lat' dir='ltr'>Deitatem</span> <span class='ocrx_word' id='word_1_200' title='bbox 2581 1629 3095 1700; x_wconf 90' lang='lat' dir='ltr'>supernaturalem</span> <span class='ocrx_word' id='word_1_201' title='bbox 3128 1636 3188 1686; x_wconf 90' lang='lat' dir='ltr'>et</span> <span class='ocrx_word' id='word_1_202' title='bbox 3218 1631 3693 1701; x_wconf 87' lang='lat' dir='ltr'>superessentia-</span> 
     </span>
    </p>
   </div>
   <div class='ocr_carea' id='block_1_31' title="bbox 2039 1719 3690 1778">
    <p class='ocr_par' dir='ltr' id='par_1_31' title="bbox 2039 1719 3690 1778">
     <span class='ocr_line' id='line_1_31' title="bbox 2039 1719 3690 1778; baseline -0.002 0"><span class='ocrx_word' id='word_1_203' title='bbox 2039 1723 2158 1778; x_wconf 89' lang='lat' dir='ltr'>lem</span> <span class='ocrx_word' id='word_1_204' title='bbox 2214 1727 2473 1775; x_wconf 80' lang='lat' dir='ltr'>naturam</span> <span class='ocrx_word' id='word_1_205' title='bbox 2521 1722 2738 1774; x_wconf 64' lang='lat' dir='ltr'>sanctas</span> <span class='ocrx_word' id='word_1_206' title='bbox 2798 1719 3100 1774; x_wconf 85' lang='lat' dir='ltr'>Trinitatis</span> <span class='ocrx_word' id='word_1_207' title='bbox 3156 1736 3362 1775; x_wconf 88' lang='lat' dir='ltr'>vocare</span> <span class='ocrx_word' id='word_1_208' title='bbox 3425 1720 3690 1776; x_wconf 86' lang='lat' dir='ltr'>solemus</span> 
     </span>
    </p>
   </div>
   <div class='ocr_carea' id='block_1_32' title="bbox 285 1795 1929 1897">
    <p class='ocr_par' dir='ltr' id='par_1_32' title="bbox 285 1795 1928 1870">
     <span class='ocr_line' id='line_1_32' title="bbox 285 1795 1928 1870; baseline -0.003 -14"><span class='ocrx_word' id='word_1_209' title='bbox 285 1801 512 1867; x_wconf 69' lang='lat' dir='ltr'>xzi1i,v</span> <span class='ocrx_word' id='word_1_210' title='bbox 553 1797 723 1867; x_wconf 70' lang='grc' dir='ltr'>αὐτὴν</span> <span class='ocrx_word' id='word_1_211' title='bbox 772 1797 858 1851; x_wconf 82' lang='grc' dir='ltr'>καὶ</span> <span class='ocrx_word' id='word_1_212' title='bbox 924 1795 1110 1851; x_wconf 78' lang='grc' dir='ltr'>οὐσίαν</span> <span class='ocrx_word' id='word_1_213' title='bbox 1169 1795 1349 1867; x_wconf 72' lang='grc' dir='ltr'>ἁπλῆν</span> <span class='ocrx_word' id='word_1_214' title='bbox 1403 1817 1462 1852; x_wconf 91' lang='grc' dir='ltr'>τε</span> <span class='ocrx_word' id='word_1_215' title='bbox 1525 1797 1616 1851; x_wconf 84' lang='grc' dir='ltr'>καί</span> <span class='ocrx_word' id='word_1_216' title='bbox 1670 1795 1928 1870; x_wconf 82' lang='grc' dir='ltr'>ἀπαράλ-</span> 
     </span>
    </p>
   </div>
   <div class='ocr_carea' id='block_1_33' title="bbox 2043 1795 3686 1897">
    <p class='ocr_par' dir='ltr' id='par_1_33' title="bbox 2043 1807 3686 1879">
     <span class='ocr_line' id='line_1_33' title="bbox 2043 1807 3686 1879; baseline -0.004 -10"><span class='ocrx_word' id='word_1_217' title='bbox 2043 1828 2219 1869; x_wconf 90' lang='lat' dir='ltr'>unam</span> <span class='ocrx_word' id='word_1_218' title='bbox 2241 1808 2717 1878; x_wconf 89' lang='lat' dir='ltr'>eamdemque,et</span> <span class='ocrx_word' id='word_1_219' title='bbox 2736 1807 3026 1863; x_wconf 76' lang='lat' dir='ltr'>essentiam</span> <span class='ocrx_word' id='word_1_220' title='bbox 3057 1808 3391 1879; x_wconf 86' lang='lat' dir='ltr'>simplicem</span> <span class='ocrx_word' id='word_1_221' title='bbox 3426 1815 3484 1864; x_wconf 92' lang='lat' dir='ltr'>et</span> <span class='ocrx_word' id='word_1_222' title='bbox 3509 1809 3686 1863; x_wconf 77' lang='lat' dir='ltr'>diﬂ‘e-</span> 
     </span>
    </p>
   </div>
   <div class='ocr_carea' id='block_1_34' title="bbox 284 1881 1924 1966">
    <p class='ocr_par' dir='ltr' id='par_1_34' title="bbox 284 1881 1924 1966">
     <span class='ocr_line' id='line_1_34' title="bbox 284 1881 1924 1966; baseline -0.003 -19"><span class='ocrx_word' id='word_1_223' title='bbox 284 1891 499 1947; x_wconf 81' lang='grc' dir='ltr'>λακτον·</span> <span class='ocrx_word' id='word_1_224' title='bbox 546 1890 650 1956; x_wconf 77' lang='grc' dir='ltr'>τήν</span> <span class='ocrx_word' id='word_1_225' title='bbox 703 1885 868 1955; x_wconf 76' lang='grc' dir='ltr'>αὐτὴν</span> <span class='ocrx_word' id='word_1_226' title='bbox 925 1884 1015 1941; x_wconf 84' lang='grc' dir='ltr'>καὶ</span> <span class='ocrx_word' id='word_1_227' title='bbox 1073 1885 1330 1948; x_wconf 75' lang='grc' dir='ltr'>ὡσαύτως</span> <span class='ocrx_word' id='word_1_228' title='bbox 1381 1881 1615 1966; x_wconf 72' lang='grc' dir='ltr'>ἔχουσαν</span> <span class='ocrx_word' id='word_1_229' title='bbox 1702 1885 1754 1942; x_wconf 79' lang='grc' dir='ltr'>ἐν</span> <span class='ocrx_word' id='word_1_230' title='bbox 1843 1892 1924 1960; x_wconf 80' lang='grc' dir='ltr'>τῷ</span> 
     </span>
    </p>
   </div>
   <div class='ocr_carea' id='block_1_35' title="bbox 282 1974 1922 2053">
    <p class='ocr_par' dir='ltr' id='par_1_35' title="bbox 282 1974 1922 2053">
     <span class='ocr_line' id='line_1_35' title="bbox 282 1974 1922 2053; baseline -0.003 -18"><span class='ocrx_word' id='word_1_231' title='bbox 282 1982 441 2053; x_wconf 80' lang='grc' dir='ltr'>11ατρ³ι</span> <span class='ocrx_word' id='word_1_232' title='bbox 506 1977 600 2033; x_wconf 77' lang='grc' dir='ltr'>καὶ</span> <span class='ocrx_word' id='word_1_233' title='bbox 663 1975 714 2031; x_wconf 79' lang='grc' dir='ltr'>ὲν</span> <span class='ocrx_word' id='word_1_234' title='bbox 774 1979 854 2047; x_wconf 76' lang='grc' dir='ltr'>τῷ</span> <span class='ocrx_word' id='word_1_235' title='bbox 919 1976 1032 2047; x_wconf 79' lang='grc' dir='ltr'>Υίῷ</span> <span class='ocrx_word' id='word_1_236' title='bbox 1084 1974 1170 2030; x_wconf 74' lang='grc' dir='ltr'>καὶ</span> <span class='ocrx_word' id='word_1_237' title='bbox 1229 1977 1280 2030; x_wconf 82' lang='grc' dir='ltr'>ἐν</span> <span class='ocrx_word' id='word_1_238' title='bbox 1330 1980 1408 2047; x_wconf 81' lang='grc' dir='ltr'>τῷ</span> <span class='ocrx_word' id='word_1_239' title='bbox 1435 1977 1576 2051; x_wconf 84' lang='grc' dir='ltr'>ἁγίῳ</span> <span class='ocrx_word' id='word_1_240' title='bbox 1629 1976 1922 2050; x_wconf 77' lang='grc' dir='ltr'>Πνεῦματι.</span> 
     </span>
    </p>
   </div>
   <div class='ocr_carea' id='block_1_36' title="bbox 276 2061 1922 2140">
    <p class='ocr_par' dir='ltr' id='par_1_36' title="bbox 276 2061 1922 2140">
     <span class='ocr_line' id='line_1_36' title="bbox 276 2061 1922 2140; baseline -0.005 -12"><span class='ocrx_word' id='word_1_241' title='bbox 276 2071 481 2128; x_wconf 75' lang='grc' dir='ltr'>Φυσικὰ</span> <span class='ocrx_word' id='word_1_242' title='bbox 529 2065 706 2122; x_wconf 75' lang='grc' dir='ltr'>δὲκαὶ</span> <span class='ocrx_word' id='word_1_243' title='bbox 739 2061 1004 2136; x_wconf 75' lang='grc' dir='ltr'>οὖσιώὸη,</span> <span class='ocrx_word' id='word_1_244' title='bbox 1039 2065 1081 2118; x_wconf 85' lang='grc' dir='ltr'>εἰ</span> <span class='ocrx_word' id='word_1_245' title='bbox 1134 2065 1221 2119; x_wconf 81' lang='grc' dir='ltr'>καὶ</span> <span class='ocrx_word' id='word_1_246' title='bbox 1278 2064 1489 2140; x_wconf 79' lang='grc' dir='ltr'>κυρίως</span> <span class='ocrx_word' id='word_1_247' title='bbox 1548 2066 1614 2121; x_wconf 79' lang='grc' dir='ltr'>τὰ</span> <span class='ocrx_word' id='word_1_248' title='bbox 1661 2068 1776 2120; x_wconf 83' lang='grc' dir='ltr'>κατ’</span> <span class='ocrx_word' id='word_1_249' title='bbox 1832 2065 1922 2120; x_wconf 81' lang='grc' dir='ltr'>οὐ-</span> 
     </span>
    </p>
   </div>
   <div class='ocr_carea' id='block_1_37' title="bbox 275 2152 1922 2232">
    <p class='ocr_par' dir='ltr' id='par_1_37' title="bbox 275 2152 1922 2232">
     <span class='ocr_line' id='line_1_37' title="bbox 275 2152 1922 2232; baseline -0.004 -17"><span class='ocrx_word' id='word_1_250' title='bbox 275 2161 380 2215; x_wconf 78' lang='grc' dir='ltr'>σίαν</span> <span class='ocrx_word' id='word_1_251' title='bbox 410 2157 700 2232; x_wconf 72' lang='grc' dir='ltr'>προσόντα</span> <span class='ocrx_word' id='word_1_252' title='bbox 729 2175 862 2231; x_wconf 60' lang='grc' dir='ltr'>τισξ,</span> <span class='ocrx_word' id='word_1_253' title='bbox 897 2152 1044 2223; x_wconf 72' lang='grc' dir='ltr'>πλὴν</span> <span class='ocrx_word' id='word_1_254' title='bbox 1077 2152 1223 2210; x_wconf 83' lang='grc' dir='ltr'>ἀλλὰ</span> <span class='ocrx_word' id='word_1_255' title='bbox 1252 2158 1338 2208; x_wconf 75' lang='grc' dir='ltr'>νῦν</span> <span class='ocrx_word' id='word_1_256' title='bbox 1401 2154 1489 2210; x_wconf 76' lang='grc' dir='ltr'>ἐπὶ</span> <span class='ocrx_word' id='word_1_257' title='bbox 1538 2158 1640 2221; x_wconf 80' lang='grc' dir='ltr'>τῆς</span> <span class='ocrx_word' id='word_1_258' title='bbox 1688 2152 1922 2228; x_wconf 80' lang='grc' dir='ltr'>Τριάδος</span> 
     </span>
    </p>
   </div>
   <div class='ocr_carea' id='block_1_38' title="bbox 269 2243 1924 2326">
    <p class='ocr_par' dir='ltr' id='par_1_38' title="bbox 269 2243 1924 2326">
     <span class='ocr_line' id='line_1_38' title="bbox 269 2243 1924 2326; baseline -0.002 -22"><span class='ocrx_word' id='word_1_259' title='bbox 269 2250 728 2326; x_wconf 75' lang='grc' dir='ltr'>καταχρηστικῶς</span> <span class='ocrx_word' id='word_1_260' title='bbox 778 2243 844 2299; x_wconf 83' lang='grc' dir='ltr'>τά</span> <span class='ocrx_word' id='word_1_261' title='bbox 901 2245 1026 2318; x_wconf 85' lang='grc' dir='ltr'>περὶ</span> <span class='ocrx_word' id='word_1_262' title='bbox 1085 2243 1266 2299; x_wconf 76' lang='grc' dir='ltr'>οὐσίαν</span> <span class='ocrx_word' id='word_1_263' title='bbox 1325 2265 1522 2306; x_wconf 86' lang='grc' dir='ltr'>κοινως</span> <span class='ocrx_word' id='word_1_264' title='bbox 1582 2245 1671 2299; x_wconf 86' lang='grc' dir='ltr'>καὶ</span> <span class='ocrx_word' id='word_1_265' title='bbox 1713 2252 1924 2308; x_wconf 90' lang='grc' dir='ltr'>ταυτῶς</span> 
     </span>
    </p>
   </div>
   <div class='ocr_carea' id='block_1_39' title="bbox 266 2333 1921 2413">
    <p class='ocr_par' dir='ltr' id='par_1_39' title="bbox 266 2333 1921 2413">
     <span class='ocr_line' id='line_1_39' title="bbox 266 2333 1921 2413; baseline -0.003 -20"><span class='ocrx_word' id='word_1_266' title='bbox 266 2341 350 2395; x_wconf 78' lang='grc' dir='ltr'>καὶ</span> <span class='ocrx_word' id='word_1_267' title='bbox 381 2341 609 2413; x_wconf 81' lang='grc' dir='ltr'>ἀμερῶς</span> <span class='ocrx_word' id='word_1_268' title='bbox 645 2333 1021 2407; x_wconf 74' lang='grc' dir='ltr'>Θεωροῦμενα,</span> <span class='ocrx_word' id='word_1_269' title='bbox 1076 2333 1150 2394; x_wconf 83' lang='grc' dir='ltr'>ὡς</span> <span class='ocrx_word' id='word_1_270' title='bbox 1195 2339 1304 2388; x_wconf 91' lang='grc' dir='ltr'>τῶν</span> <span class='ocrx_word' id='word_1_271' title='bbox 1356 2334 1470 2389; x_wconf 82' lang='grc' dir='ltr'>κατ’</span> <span class='ocrx_word' id='word_1_272' title='bbox 1531 2333 1714 2389; x_wconf 81' lang='grc' dir='ltr'>οὐσίαν</span> <span class='ocrx_word' id='word_1_273' title='bbox 1761 2334 1921 2413; x_wconf 81' lang='grc' dir='ltr'>ἐχόν-</span> 
     </span>
    </p>
   </div>
   <div class='ocr_carea' id='block_1_40' title="bbox 266 2421 1924 2500">
    <p class='ocr_par' dir='ltr' id='par_1_40' title="bbox 266 2421 1924 2500">
     <span class='ocr_line' id='line_1_40' title="bbox 266 2421 1924 2500; baseline -0.003 -15"><span class='ocrx_word' id='word_1_274' title='bbox 266 2436 366 2486; x_wconf 85' lang='grc' dir='ltr'>τῶν</span> <span class='ocrx_word' id='word_1_275' title='bbox 397 2430 574 2496; x_wconf 71' lang='grc' dir='ltr'>πάντη</span> <span class='ocrx_word' id='word_1_276' title='bbox 621 2425 686 2479; x_wconf 86' lang='grc' dir='ltr'>τὸ</span> <span class='ocrx_word' id='word_1_277' title='bbox 744 2422 965 2498; x_wconf 79' lang='grc' dir='ltr'>κρύσιον</span> <span class='ocrx_word' id='word_1_278' title='bbox 1027 2424 1114 2477; x_wconf 86' lang='grc' dir='ltr'>καὶ</span> <span class='ocrx_word' id='word_1_279' title='bbox 1169 2421 1470 2500; x_wconf 73' lang='grc' dir='ltr'>ἄγνωστον,</span> <span class='ocrx_word' id='word_1_280' title='bbox 1529 2425 1811 2497; x_wconf 83' lang='grc' dir='ltr'>ἀνώνυμόν</span> <span class='ocrx_word' id='word_1_281' title='bbox 1867 2445 1924 2480; x_wconf 87' lang='grc' dir='ltr'>τε</span> 
     </span>
    </p>
   </div>
   <div class='ocr_carea' id='block_1_41' title="bbox 267 2515 1922 2592">
    <p class='ocr_par' dir='ltr' id='par_1_41' title="bbox 267 2515 1922 2592">
     <span class='ocr_line' id='line_1_41' title="bbox 267 2515 1922 2592; baseline -0.003 -17"><span class='ocrx_word' id='word_1_282' title='bbox 267 2519 769 2592; x_wconf 69' lang='grc' dir='ltr'>καὶῦπερώνυμον.</span> <span class='ocrx_word' id='word_1_283' title='bbox 806 2516 920 2571; x_wconf 79' lang='grc' dir='ltr'>Τοῦ</span> <span class='ocrx_word' id='word_1_284' title='bbox 969 2518 1103 2568; x_wconf 77' lang='grc' dir='ltr'>Θεοῦ</span> <span class='ocrx_word' id='word_1_285' title='bbox 1159 2517 1261 2592; x_wconf 74' lang='grc' dir='ltr'>γὰρ</span> <span class='ocrx_word' id='word_1_286' title='bbox 1321 2516 1455 2588; x_wconf 78' lang='grc' dir='ltr'>ἡμῖν</span> <span class='ocrx_word' id='word_1_287' title='bbox 1491 2515 1579 2570; x_wconf 79' lang='grc' dir='ltr'>καὶ</span> <span class='ocrx_word' id='word_1_288' title='bbox 1638 2517 1672 2584; x_wconf 82' lang='grc' dir='ltr'><strong>ἡ</strong></span> <span class='ocrx_word' id='word_1_289' title='bbox 1723 2520 1922 2592; x_wconf 86' lang='grc' dir='ltr'>γνῶσις</span> 
     </span>
    </p>
   </div>
   <div class='ocr_carea' id='block_1_42' title="bbox 270 2600 1927 2676">
    <p class='ocr_par' dir='ltr' id='par_1_42' title="bbox 270 2600 1927 2676">
     <span class='ocr_line' id='line_1_42' title="bbox 270 2600 1927 2676; baseline -0.003 -15"><span class='ocrx_word' id='word_1_290' title='bbox 270 2608 354 2661; x_wconf 78' lang='grc' dir='ltr'>καὶ</span> <span class='ocrx_word' id='word_1_291' title='bbox 398 2609 432 2676; x_wconf 74' lang='grc' dir='ltr'><strong>ἡ</strong></span> <span class='ocrx_word' id='word_1_292' title='bbox 489 2605 716 2672; x_wconf 71' lang='grc' dir='ltr'>κλῆσις,</span> <span class='ocrx_word' id='word_1_293' title='bbox 777 2601 869 2656; x_wconf 84' lang='grc' dir='ltr'>καὶ</span> <span class='ocrx_word' id='word_1_294' title='bbox 924 2605 1026 2655; x_wconf 83' lang='grc' dir='ltr'>πᾶν</span> <span class='ocrx_word' id='word_1_295' title='bbox 1087 2600 1263 2675; x_wconf 69' lang='grc' dir='ltr'>ὄνομα</span> <span class='ocrx_word' id='word_1_296' title='bbox 1313 2602 1403 2656; x_wconf 84' lang='grc' dir='ltr'>καὶ</span> <span class='ocrx_word' id='word_1_297' title='bbox 1429 2607 1534 2656; x_wconf 79' lang='grc' dir='ltr'>πᾶν</span> <span class='ocrx_word' id='word_1_298' title='bbox 1589 2603 1768 2676; x_wconf 81' lang='grc' dir='ltr'>νόημα</span> <span class='ocrx_word' id='word_1_299' title='bbox 1829 2601 1927 2657; x_wconf 78' lang='grc' dir='ltr'>οὐκ</span> 
     </span>
    </p>
   </div>
   <div class='ocr_carea' id='block_1_43' title="bbox 276 2689 1927 2766">
    <p class='ocr_par' dir='ltr' id='par_1_43' title="bbox 276 2689 1927 2766">
     <span class='ocr_line' id='line_1_43' title="bbox 276 2689 1927 2766; baseline -0.001 -18"><span class='ocrx_word' id='word_1_300' title='bbox 276 2695 335 2748; x_wconf 71' lang='grc' dir='ltr'>ἐκ</span> <span class='ocrx_word' id='word_1_301' title='bbox 387 2700 493 2748; x_wconf 77' lang='grc' dir='ltr'>τῶν</span> <span class='ocrx_word' id='word_1_302' title='bbox 549 2695 669 2748; x_wconf 73' lang='grc' dir='ltr'>κατ’</span> <span class='ocrx_word' id='word_1_303' title='bbox 719 2689 912 2758; x_wconf 79' lang='grc' dir='ltr'>αὐτὸν,</span> <span class='ocrx_word' id='word_1_304' title='bbox 969 2689 1094 2745; x_wconf 82' lang='grc' dir='ltr'>ἀλλ’</span> <span class='ocrx_word' id='word_1_305' title='bbox 1125 2690 1318 2746; x_wconf 80' lang='grc' dir='ltr'>ἐκτῶν</span> <span class='ocrx_word' id='word_1_306' title='bbox 1373 2691 1494 2766; x_wconf 80' lang='grc' dir='ltr'>περὶ</span> <span class='ocrx_word' id='word_1_307' title='bbox 1523 2692 1684 2746; x_wconf 81' lang='grc' dir='ltr'>αὐτὸν</span> <span class='ocrx_word' id='word_1_308' title='bbox 1716 2693 1927 2746; x_wconf 78' lang='grc' dir='ltr'>Φυσικὰ</span> 
     </span>
    </p>
   </div>
   <div class='ocr_carea' id='block_1_44' title="bbox 288 2777 1926 2856">
    <p class='ocr_par' dir='ltr' id='par_1_44' title="bbox 288 2777 1926 2856">
     <span class='ocr_line' id='line_1_44' title="bbox 288 2777 1926 2856; baseline -0.001 -20"><span class='ocrx_word' id='word_1_309' title='bbox 288 2784 382 2855; x_wconf 71' lang='grc' dir='ltr'>μὲν</span> <span class='ocrx_word' id='word_1_310' title='bbox 414 2783 506 2836; x_wconf 67' lang='grc' dir='ltr'>οὖν</span> <span class='ocrx_word' id='word_1_311' title='bbox 537 2784 621 2835; x_wconf 74' lang='grc' dir='ltr'>καὶ</span> <span class='ocrx_word' id='word_1_312' title='bbox 659 2777 910 2850; x_wconf 81' lang='grc' dir='ltr'>οὐσιώδη</span> <span class='ocrx_word' id='word_1_313' title='bbox 972 2780 1142 2856; x_wconf 72' lang='grc' dir='ltr'>φαμὲν</span> <span class='ocrx_word' id='word_1_314' title='bbox 1201 2778 1289 2834; x_wconf 81' lang='grc' dir='ltr'>ἐπὶ</span> <span class='ocrx_word' id='word_1_315' title='bbox 1336 2785 1435 2848; x_wconf 84' lang='grc' dir='ltr'>τῆς</span> <span class='ocrx_word' id='word_1_316' title='bbox 1489 2778 1644 2854; x_wconf 81' lang='grc' dir='ltr'>ἁγίας</span> <span class='ocrx_word' id='word_1_317' title='bbox 1696 2778 1926 2854; x_wconf 76' lang='grc' dir='ltr'>Τριάδος</span> 
     </span>
    </p>
   </div>
   <div class='ocr_carea' id='block_1_45' title="bbox 284 2868 1927 2946">
    <p class='ocr_par' dir='ltr' id='par_1_45' title="bbox 284 2868 1927 2946">
     <span class='ocr_line' id='line_1_45' title="bbox 284 2868 1927 2946; baseline -0.002 -20"><span class='ocrx_word' id='word_1_318' title='bbox 284 2874 385 2941; x_wconf 69' lang='grc' dir='ltr'>τήν</span> <span class='ocrx_word' id='word_1_319' title='bbox 459 2871 785 2946; x_wconf 67' lang='grc' dir='ltr'>ὑπεραγαθον</span> <span class='ocrx_word' id='word_1_320' title='bbox 875 2870 966 2924; x_wconf 84' lang='grc' dir='ltr'><strong>καί</strong></span> <span class='ocrx_word' id='word_1_321' title='bbox 1046 2869 1352 2943; x_wconf 78' lang='grc' dir='ltr'>πανάγαθον</span> <span class='ocrx_word' id='word_1_322' title='bbox 1430 2868 1761 2944; x_wconf 82' lang='grc' dir='ltr'>ἀγαθότητα,</span> <span class='ocrx_word' id='word_1_323' title='bbox 1828 2871 1927 2939; x_wconf 71' lang='grc' dir='ltr'>τὴν</span> 
     </span>
    </p>
   </div>
   <div class='ocr_carea' id='block_1_46' title="bbox 279 2954 1929 3035">
    <p class='ocr_par' dir='ltr' id='par_1_46' title="bbox 279 2954 1929 3035">
     <span class='ocr_line' id='line_1_46' title="bbox 279 2954 1929 3035; baseline -0.002 -20"><span class='ocrx_word' id='word_1_324' title='bbox 279 2959 651 3035; x_wconf 67' lang='grc' dir='ltr'>ὑπερδῦναμον</span> <span class='ocrx_word' id='word_1_325' title='bbox 703 2958 797 3014; x_wconf 79' lang='grc' dir='ltr'>καὶ</span> <span class='ocrx_word' id='word_1_326' title='bbox 851 2955 1266 3029; x_wconf 76' lang='grc' dir='ltr'>παντοδύναμον</span> <span class='ocrx_word' id='word_1_327' title='bbox 1310 2954 1557 3030; x_wconf 70' lang='grc' dir='ltr'>δύναμιν,</span> <span class='ocrx_word' id='word_1_328' title='bbox 1613 2958 1713 3026; x_wconf 72' lang='grc' dir='ltr'>τὴν</span> <span class='ocrx_word' id='word_1_329' title='bbox 1768 2954 1929 3031; x_wconf 67' lang='grc' dir='ltr'>ὺπέρ-</span> 
     </span>
    </p>
   </div>
   <div class='ocr_carea' id='block_1_47' title="bbox 269 3045 1927 3128">
    <p class='ocr_par' dir='ltr' id='par_1_47' title="bbox 269 3045 1927 3128">
     <span class='ocr_line' id='line_1_47' title="bbox 269 3045 1927 3128; baseline -0.002 -24"><span class='ocrx_word' id='word_1_330' title='bbox 269 3070 434 3127; x_wconf 73' lang='grc' dir='ltr'>σοτρον</span> <span class='ocrx_word' id='word_1_331' title='bbox 490 3051 689 3128; x_wconf 67' lang='grc' dir='ltr'>σοφίαν</span> <span class='ocrx_word' id='word_1_332' title='bbox 749 3047 1218 3125; x_wconf 69' lang='grc' dir='ltr'>καὶῖπάνσοφον,</span> <span class='ocrx_word' id='word_1_333' title='bbox 1273 3046 1334 3101; x_wconf 86' lang='grc' dir='ltr'>τὸ</span> <span class='ocrx_word' id='word_1_334' title='bbox 1419 3047 1782 3122; x_wconf 79' lang='grc' dir='ltr'>παντουργὸν,</span> <span class='ocrx_word' id='word_1_335' title='bbox 1865 3045 1927 3101; x_wconf 86' lang='grc' dir='ltr'>τὸ</span> 
     </span>
    </p>
   </div>
   <div class='ocr_carea' id='block_1_48' title="bbox 259 3135 1928 3211">
    <p class='ocr_par' dir='ltr' id='par_1_48' title="bbox 259 3135 1928 3211">
     <span class='ocr_line' id='line_1_48' title="bbox 259 3135 1928 3211; baseline -0.003 -16"><span class='ocrx_word' id='word_1_336' title='bbox 259 3141 582 3211; x_wconf 59' lang='grc' dir='ltr'>ποιητικὸν,</span> <span class='ocrx_word' id='word_1_337' title='bbox 644 3139 708 3191; x_wconf 87' lang='grc' dir='ltr'>τὸ</span> <span class='ocrx_word' id='word_1_338' title='bbox 773 3135 1195 3210; x_wconf 81' lang='grc' dir='ltr'>δημιουργικὸν,</span> <span class='ocrx_word' id='word_1_339' title='bbox 1260 3136 1321 3190; x_wconf 87' lang='grc' dir='ltr'>τὸ</span> <span class='ocrx_word' id='word_1_340' title='bbox 1396 3136 1780 3210; x_wconf 84' lang='grc' dir='ltr'>προνοητικὸν,</span> <span class='ocrx_word' id='word_1_341' title='bbox 1865 3137 1928 3190; x_wconf 88' lang='grc' dir='ltr'>τὸ</span> 
     </span>
    </p>
   </div>
   <div class='ocr_carea' id='block_1_49' title="bbox 2038 1897 3686 1970">
    <p class='ocr_par' dir='ltr' id='par_1_49' title="bbox 2038 1897 3686 1970">
     <span class='ocr_line' id='line_1_49' title="bbox 2038 1897 3686 1970; baseline -0.004 -11"><span class='ocrx_word' id='word_1_342' title='bbox 2038 1903 2249 1959; x_wconf 79' lang='lat' dir='ltr'>rentiae</span> <span class='ocrx_word' id='word_1_343' title='bbox 2281 1897 2884 1970; x_wconf 84' lang='lat' dir='ltr'>expertem,eamdem</span> <span class='ocrx_word' id='word_1_344' title='bbox 2918 1897 3126 1953; x_wconf 90' lang='lat' dir='ltr'>eodem</span> <span class='ocrx_word' id='word_1_345' title='bbox 3156 1897 3332 1953; x_wconf 88' lang='lat' dir='ltr'>modo</span> <span class='ocrx_word' id='word_1_346' title='bbox 3365 1916 3428 1954; x_wconf 92' lang='lat' dir='ltr'>se</span> <span class='ocrx_word' id='word_1_347' title='bbox 3458 1898 3686 1954; x_wconf 88' lang='lat' dir='ltr'>haben-</span> 
     </span>
    </p>
   </div>
   <div class='ocr_carea' id='block_1_50' title="bbox 2037 1987 3686 2058">
    <p class='ocr_par' dir='ltr' id='par_1_50' title="bbox 2037 1987 3686 2058">
     <span class='ocr_line' id='line_1_50' title="bbox 2037 1987 3686 2058; baseline -0.003 -11"><span class='ocrx_word' id='word_1_348' title='bbox 2037 1997 2159 2047; x_wconf 88' lang='lat' dir='ltr'>tem</span> <span class='ocrx_word' id='word_1_349' title='bbox 2183 1991 2242 2045; x_wconf 92' lang='lat' dir='ltr'>in</span> <span class='ocrx_word' id='word_1_350' title='bbox 2265 1991 2436 2044; x_wconf 86' lang='lat' dir='ltr'>Patre</span> <span class='ocrx_word' id='word_1_351' title='bbox 2469 1993 2527 2042; x_wconf 92' lang='lat' dir='ltr'>et</span> <span class='ocrx_word' id='word_1_352' title='bbox 2550 1989 2612 2042; x_wconf 92' lang='lat' dir='ltr'>in</span> <span class='ocrx_word' id='word_1_353' title='bbox 2642 1987 2786 2042; x_wconf 89' lang='lat' dir='ltr'>Filio</span> <span class='ocrx_word' id='word_1_354' title='bbox 2821 1993 2879 2041; x_wconf 89' lang='lat' dir='ltr'>et</span> <span class='ocrx_word' id='word_1_355' title='bbox 2911 1987 2971 2041; x_wconf 91' lang='lat' dir='ltr'>in</span> <span class='ocrx_word' id='word_1_356' title='bbox 3000 1987 3221 2058; x_wconf 85' lang='lat' dir='ltr'>Spiritu</span> <span class='ocrx_word' id='word_1_357' title='bbox 3243 1993 3470 2044; x_wconf 88' lang='lat' dir='ltr'>sancto.</span> <span class='ocrx_word' id='word_1_358' title='bbox 3504 1989 3686 2042; x_wconf 85' lang='lat' dir='ltr'>Natu-</span> 
     </span>
    </p>
   </div>
   <div class='ocr_carea' id='block_1_51' title="bbox 2036 2075 3682 2148">
    <p class='ocr_par' dir='ltr' id='par_1_51' title="bbox 2036 2075 3682 2148">
     <span class='ocr_line' id='line_1_51' title="bbox 2036 2075 3682 2148; baseline -0.004 -11"><span class='ocrx_word' id='word_1_359' title='bbox 2036 2081 2186 2137; x_wconf 79' lang='lat' dir='ltr'>ralia</span> <span class='ocrx_word' id='word_1_360' title='bbox 2217 2093 2351 2133; x_wconf 90' lang='lat' dir='ltr'>vero</span> <span class='ocrx_word' id='word_1_361' title='bbox 2385 2082 2443 2132; x_wconf 90' lang='lat' dir='ltr'>et</span> <span class='ocrx_word' id='word_1_362' title='bbox 2471 2075 2788 2132; x_wconf 77' lang='lat' dir='ltr'>essentialia</span> <span class='ocrx_word' id='word_1_363' title='bbox 2808 2076 2918 2131; x_wconf 92' lang='lat' dir='ltr'>etsi</span> <span class='ocrx_word' id='word_1_364' title='bbox 2950 2077 3186 2148; x_wconf 87' lang='lat' dir='ltr'>proprie</span> <span class='ocrx_word' id='word_1_365' title='bbox 3218 2094 3289 2132; x_wconf 87' lang='lat' dir='ltr'>ea</span> <span class='ocrx_word' id='word_1_366' title='bbox 3319 2093 3450 2148; x_wconf 74' lang='lat' dir='ltr'>qum</span> <span class='ocrx_word' id='word_1_367' title='bbox 3481 2091 3682 2131; x_wconf 85' lang='lat' dir='ltr'>secun-</span> 
     </span>
    </p>
   </div>
   <div class='ocr_carea' id='block_1_52' title="bbox 2039 2165 3686 2236">
    <p class='ocr_par' dir='ltr' id='par_1_52' title="bbox 2039 2165 3686 2236">
     <span class='ocr_line' id='line_1_52' title="bbox 2039 2165 3686 2236; baseline -0.002 -11"><span class='ocrx_word' id='word_1_368' title='bbox 2039 2171 2173 2225; x_wconf 88' lang='lat' dir='ltr'>dum</span> <span class='ocrx_word' id='word_1_369' title='bbox 2225 2167 2545 2223; x_wconf 82' lang='lat' dir='ltr'>essentiam</span> <span class='ocrx_word' id='word_1_370' title='bbox 2595 2166 2815 2220; x_wconf 86' lang='lat' dir='ltr'>adsunt</span> <span class='ocrx_word' id='word_1_371' title='bbox 2853 2165 3210 2236; x_wconf 87' lang='lat' dir='ltr'>quibusdam</span> <span class='ocrx_word' id='word_1_372' title='bbox 3264 2166 3347 2222; x_wconf 89' lang='lat' dir='ltr'>ita</span> <span class='ocrx_word' id='word_1_373' title='bbox 3375 2171 3686 2236; x_wconf 83' lang='lat' dir='ltr'>vocantur,</span> 
     </span>
    </p>
   </div>
   <div class='ocr_carea' id='block_1_53' title="bbox 2040 2253 3684 2326">
    <p class='ocr_par' dir='ltr' id='par_1_53' title="bbox 2040 2253 3684 2326">
     <span class='ocr_line' id='line_1_53' title="bbox 2040 2253 3684 2326; baseline -0.001 -13"><span class='ocrx_word' id='word_1_374' title='bbox 2040 2263 2300 2313; x_wconf 83' lang='lat' dir='ltr'>attamen</span> <span class='ocrx_word' id='word_1_375' title='bbox 2331 2255 2574 2310; x_wconf 88' lang='lat' dir='ltr'>nuncin</span> <span class='ocrx_word' id='word_1_376' title='bbox 2605 2253 2888 2310; x_wconf 82' lang='lat' dir='ltr'>Trinitate</span> <span class='ocrx_word' id='word_1_377' title='bbox 2930 2254 3168 2310; x_wconf 83' lang='lat' dir='ltr'>abusive</span> <span class='ocrx_word' id='word_1_378' title='bbox 3216 2271 3492 2310; x_wconf 89' lang='lat' dir='ltr'>vocamus</span> <span class='ocrx_word' id='word_1_379' title='bbox 3552 2272 3684 2326; x_wconf 66' lang='lat' dir='ltr'>qua:</span> 
     </span>
    </p>
   </div>
   <div class='ocr_carea' id='block_1_54' title="bbox 2039 2343 3683 2415">
    <p class='ocr_par' dir='ltr' id='par_1_54' title="bbox 2039 2343 3683 2415">
     <span class='ocr_line' id='line_1_54' title="bbox 2039 2343 3683 2415; baseline -0.002 -13"><span class='ocrx_word' id='word_1_380' title='bbox 2039 2349 2187 2402; x_wconf 82' lang='lat' dir='ltr'>circa</span> <span class='ocrx_word' id='word_1_381' title='bbox 2209 2345 2529 2400; x_wconf 88' lang='lat' dir='ltr'>essentiam</span> <span class='ocrx_word' id='word_1_382' title='bbox 2551 2343 2853 2398; x_wconf 87' lang='lat' dir='ltr'>communi</span> <span class='ocrx_word' id='word_1_383' title='bbox 2897 2343 3224 2414; x_wconf 89' lang='lat' dir='ltr'>eodemque</span> <span class='ocrx_word' id='word_1_384' title='bbox 3274 2344 3449 2399; x_wconf 91' lang='lat' dir='ltr'>modo</span> <span class='ocrx_word' id='word_1_385' title='bbox 3507 2349 3683 2415; x_wconf 88' lang='lat' dir='ltr'>atque</span> 
     </span>
    </p>
   </div>
   <div class='ocr_carea' id='block_1_55' title="bbox 2041 2432 3682 2503">
    <p class='ocr_par' dir='ltr' id='par_1_55' title="bbox 2041 2432 3682 2503">
     <span class='ocr_line' id='line_1_55' title="bbox 2041 2432 3682 2503; baseline -0.002 -12"><span class='ocrx_word' id='word_1_386' title='bbox 2041 2435 2288 2491; x_wconf 87' lang='lat' dir='ltr'>indivise</span> <span class='ocrx_word' id='word_1_387' title='bbox 2333 2432 2807 2498; x_wconf 87' lang='lat' dir='ltr'>considerantur,</span> <span class='ocrx_word' id='word_1_388' title='bbox 2840 2449 2971 2488; x_wconf 88' lang='lat' dir='ltr'>cum</span> <span class='ocrx_word' id='word_1_389' title='bbox 3025 2449 3114 2498; x_wconf 88' lang='lat' dir='ltr'>ea,</span> <span class='ocrx_word' id='word_1_390' title='bbox 3176 2451 3306 2503; x_wconf 65' lang='lat' dir='ltr'>quae</span> <span class='ocrx_word' id='word_1_391' title='bbox 3353 2433 3682 2489; x_wconf 89' lang='lat' dir='ltr'>secundum</span> 
     </span>
    </p>
   </div>
   <div class='ocr_carea' id='block_1_56' title="bbox 2041 2522 3683 2593">
    <p class='ocr_par' dir='ltr' id='par_1_56' title="bbox 2041 2522 3683 2593">
     <span class='ocr_line' id='line_1_56' title="bbox 2041 2522 3683 2593; baseline -0.002 -13"><span class='ocrx_word' id='word_1_392' title='bbox 2041 2524 2360 2580; x_wconf 90' lang='lat' dir='ltr'>essentiam</span> <span class='ocrx_word' id='word_1_393' title='bbox 2385 2528 2543 2590; x_wconf 89' lang='lat' dir='ltr'>sunt,</span> <span class='ocrx_word' id='word_1_394' title='bbox 2594 2523 2839 2576; x_wconf 90' lang='lat' dir='ltr'>omnino</span> <span class='ocrx_word' id='word_1_395' title='bbox 2887 2522 3196 2578; x_wconf 88' lang='lat' dir='ltr'>recondita</span> <span class='ocrx_word' id='word_1_396' title='bbox 3233 2527 3290 2577; x_wconf 86' lang='lat' dir='ltr'>et</span> <span class='ocrx_word' id='word_1_397' title='bbox 3348 2524 3683 2593; x_wconf 88' lang='lat' dir='ltr'>incompre-</span> 
     </span>
    </p>
   </div>
   <div class='ocr_carea' id='block_1_57' title="bbox 2039 2610 3684 2680">
    <p class='ocr_par' dir='ltr' id='par_1_57' title="bbox 2039 2610 3684 2680">
     <span class='ocr_line' id='line_1_57' title="bbox 2039 2610 3684 2680; baseline -0.002 -12"><span class='ocrx_word' id='word_1_398' title='bbox 2039 2615 2246 2679; x_wconf 82' lang='lat' dir='ltr'>hensa,</span> <span class='ocrx_word' id='word_1_399' title='bbox 2296 2612 2540 2666; x_wconf 90' lang='lat' dir='ltr'>nomine</span> <span class='ocrx_word' id='word_1_400' title='bbox 2589 2610 2872 2665; x_wconf 88' lang='lat' dir='ltr'>destituta</span> <span class='ocrx_word' id='word_1_401' title='bbox 2920 2627 2987 2665; x_wconf 90' lang='lat' dir='ltr'>ac</span> <span class='ocrx_word' id='word_1_402' title='bbox 3036 2613 3242 2680; x_wconf 90' lang='lat' dir='ltr'>quovis</span> <span class='ocrx_word' id='word_1_403' title='bbox 3289 2614 3530 2667; x_wconf 89' lang='lat' dir='ltr'>nomine</span> <span class='ocrx_word' id='word_1_404' title='bbox 3563 2611 3684 2666; x_wconf 90' lang='lat' dir='ltr'>sint</span> 
     </span>
    </p>
   </div>
   <div class='ocr_carea' id='block_1_58' title="bbox 2041 2699 3680 2771">
    <p class='ocr_par' dir='ltr' id='par_1_58' title="bbox 2041 2699 3680 2771">
     <span class='ocr_line' id='line_1_58' title="bbox 2041 2699 3680 2771; baseline -0.004 -13"><span class='ocrx_word' id='word_1_405' title='bbox 2041 2701 2498 2762; x_wconf 85' lang='lat' dir='ltr'>sublimiora.De</span> <span class='ocrx_word' id='word_1_406' title='bbox 2529 2700 2647 2753; x_wconf 92' lang='lat' dir='ltr'>Deo</span> <span class='ocrx_word' id='word_1_407' title='bbox 2680 2699 2840 2753; x_wconf 89' lang='lat' dir='ltr'>enim</span> <span class='ocrx_word' id='word_1_408' title='bbox 2871 2699 3041 2753; x_wconf 90' lang='lat' dir='ltr'>nobis</span> <span class='ocrx_word' id='word_1_409' title='bbox 3085 2699 3283 2754; x_wconf 90' lang='lat' dir='ltr'>omnis</span> <span class='ocrx_word' id='word_1_410' title='bbox 3334 2706 3392 2754; x_wconf 93' lang='lat' dir='ltr'>et</span> <span class='ocrx_word' id='word_1_411' title='bbox 3424 2699 3680 2771; x_wconf 81' lang='lat' dir='ltr'>cognitio</span> 
     </span>
    </p>
   </div>
   <div class='ocr_carea' id='block_1_59' title="bbox 2041 2788 3682 2861">
    <p class='ocr_par' dir='ltr' id='par_1_59' title="bbox 2041 2788 3682 2861">
     <span class='ocr_line' id='line_1_59' title="bbox 2041 2788 3682 2861; baseline -0.003 -14"><span class='ocrx_word' id='word_1_412' title='bbox 2041 2797 2101 2848; x_wconf 91' lang='lat' dir='ltr'>et</span> <span class='ocrx_word' id='word_1_413' title='bbox 2129 2788 2655 2861; x_wconf 82' lang='lat' dir='ltr'>appellatio,omne</span> <span class='ocrx_word' id='word_1_414' title='bbox 2682 2803 2902 2842; x_wconf 90' lang='lat' dir='ltr'>nomen</span> <span class='ocrx_word' id='word_1_415' title='bbox 2925 2792 2982 2841; x_wconf 88' lang='lat' dir='ltr'>et</span> <span class='ocrx_word' id='word_1_416' title='bbox 3011 2803 3185 2842; x_wconf 88' lang='lat' dir='ltr'>omne</span> <span class='ocrx_word' id='word_1_417' title='bbox 3207 2788 3527 2858; x_wconf 76' lang='lat' dir='ltr'>cogitatum</span> <span class='ocrx_word' id='word_1_418' title='bbox 3558 2803 3682 2842; x_wconf 92' lang='lat' dir='ltr'>non</span> 
     </span>
    </p>
   </div>
   <div class='ocr_carea' id='block_1_60' title="bbox 2043 2874 3684 2948">
    <p class='ocr_par' dir='ltr' id='par_1_60' title="bbox 2043 2874 3684 2948">
     <span class='ocr_line' id='line_1_60' title="bbox 2043 2874 3684 2948; baseline -0.002 -12"><span class='ocrx_word' id='word_1_419' title='bbox 2043 2898 2114 2936; x_wconf 82' lang='lat' dir='ltr'>ex</span> <span class='ocrx_word' id='word_1_420' title='bbox 2145 2880 2218 2934; x_wconf 91' lang='lat' dir='ltr'>iis</span> <span class='ocrx_word' id='word_1_421' title='bbox 2247 2895 2377 2948; x_wconf 83' lang='lat' dir='ltr'>quae</span> <span class='ocrx_word' id='word_1_422' title='bbox 2408 2874 2736 2931; x_wconf 90' lang='lat' dir='ltr'>secundum</span> <span class='ocrx_word' id='word_1_423' title='bbox 2770 2875 2984 2945; x_wconf 82' lang='lat' dir='ltr'>ipsum,</span> <span class='ocrx_word' id='word_1_424' title='bbox 3021 2875 3123 2930; x_wconf 91' lang='lat' dir='ltr'>sed</span> <span class='ocrx_word' id='word_1_425' title='bbox 3155 2892 3224 2929; x_wconf 87' lang='lat' dir='ltr'>ex</span> <span class='ocrx_word' id='word_1_426' title='bbox 3255 2875 3329 2930; x_wconf 89' lang='lat' dir='ltr'>iis</span> <span class='ocrx_word' id='word_1_427' title='bbox 3359 2893 3491 2946; x_wconf 76' lang='lat' dir='ltr'>quae</span> <span class='ocrx_word' id='word_1_428' title='bbox 3526 2877 3684 2932; x_wconf 87' lang='lat' dir='ltr'>circa</span> 
     </span>
    </p>
   </div>
   <div class='ocr_carea' id='block_1_61' title="bbox 2040 2963 3684 3041">
    <p class='ocr_par' dir='ltr' id='par_1_61' title="bbox 2040 2963 3684 3041">
     <span class='ocr_line' id='line_1_61' title="bbox 2040 2963 3684 3041; baseline -0.002 -17"><span class='ocrx_word' id='word_1_429' title='bbox 2040 2971 2235 3041; x_wconf 88' lang='lat' dir='ltr'>ipsum</span> <span class='ocrx_word' id='word_1_430' title='bbox 2254 2971 2413 3030; x_wconf 85' lang='lat' dir='ltr'>sunt,</span> <span class='ocrx_word' id='word_1_431' title='bbox 2437 2965 2694 3020; x_wconf 89' lang='lat' dir='ltr'>advenit.</span> <span class='ocrx_word' id='word_1_432' title='bbox 2723 2963 3024 3018; x_wconf 87' lang='lat' dir='ltr'>Naturalia</span> <span class='ocrx_word' id='word_1_433' title='bbox 3050 2964 3228 3035; x_wconf 77' lang='lat' dir='ltr'>igitur</span> <span class='ocrx_word' id='word_1_434' title='bbox 3253 2969 3311 3019; x_wconf 91' lang='lat' dir='ltr'>et</span> <span class='ocrx_word' id='word_1_435' title='bbox 3342 2964 3684 3020; x_wconf 88' lang='lat' dir='ltr'>essentialia</span> 
     </span>
    </p>
   </div>
   <div class='ocr_carea' id='block_1_62' title="bbox 2041 3052 3681 3126">
    <p class='ocr_par' dir='ltr' id='par_1_62' title="bbox 2041 3052 3681 3126">
     <span class='ocr_line' id='line_1_62' title="bbox 2041 3052 3681 3126; baseline -0.004 -13"><span class='ocrx_word' id='word_1_436' title='bbox 2041 3058 2294 3114; x_wconf 89' lang='lat' dir='ltr'>dicimus</span> <span class='ocrx_word' id='word_1_437' title='bbox 2330 3056 2392 3110; x_wconf 92' lang='lat' dir='ltr'>in</span> <span class='ocrx_word' id='word_1_438' title='bbox 2417 3059 2621 3109; x_wconf 88' lang='lat' dir='ltr'>soucta</span> <span class='ocrx_word' id='word_1_439' title='bbox 2651 3053 2938 3108; x_wconf 87' lang='lat' dir='ltr'>Trinitate</span> <span class='ocrx_word' id='word_1_440' title='bbox 2967 3052 3296 3109; x_wconf 87' lang='lat' dir='ltr'>bonitatem</span> <span class='ocrx_word' id='word_1_441' title='bbox 3317 3054 3681 3126; x_wconf 80' lang='lat' dir='ltr'>perfectissi-</span> 
     </span>
    </p>
   </div>
   <div class='ocr_carea' id='block_1_63' title="bbox 2042 3142 3681 3215">
    <p class='ocr_par' dir='ltr' id='par_1_63' title="bbox 2042 3142 3681 3215">
     <span class='ocr_line' id='line_1_63' title="bbox 2042 3142 3681 3215; baseline -0.004 -11"><span class='ocrx_word' id='word_1_442' title='bbox 2042 3164 2200 3204; x_wconf 89' lang='lat' dir='ltr'>mam</span> <span class='ocrx_word' id='word_1_443' title='bbox 2221 3152 2278 3202; x_wconf 90' lang='lat' dir='ltr'>et</span> <span class='ocrx_word' id='word_1_444' title='bbox 2308 3143 2825 3200; x_wconf 89' lang='lat' dir='ltr'>transcendentem</span> <span class='ocrx_word' id='word_1_445' title='bbox 2856 3142 3079 3197; x_wconf 91' lang='lat' dir='ltr'>bonum</span> <span class='ocrx_word' id='word_1_446' title='bbox 3103 3159 3300 3209; x_wconf 90' lang='lat' dir='ltr'>omne,</span> <span class='ocrx_word' id='word_1_447' title='bbox 3351 3144 3681 3215; x_wconf 89' lang='lat' dir='ltr'>potentiam</span> 
     </span>
    </p>
   </div>
   <div class='ocr_carea' id='block_1_64' title="bbox 264 3201 1929 3309">
    <p class='ocr_par' dir='ltr' id='par_1_64' title="bbox 264 3223 1924 3300">
     <span class='ocr_line' id='line_1_64' title="bbox 264 3223 1924 3300; baseline -0.002 -16"><span class='ocrx_word' id='word_1_448' title='bbox 264 3230 581 3285; x_wconf 77' lang='grc' dir='ltr'>συνεκτικὸν</span> <span class='ocrx_word' id='word_1_449' title='bbox 648 3228 831 3296; x_wconf 75' lang='grc' dir='ltr'>πάσης</span> <span class='ocrx_word' id='word_1_450' title='bbox 889 3225 1138 3295; x_wconf 78' lang='grc' dir='ltr'>κτίσεως,</span> <span class='ocrx_word' id='word_1_451' title='bbox 1197 3226 1259 3281; x_wconf 87' lang='grc' dir='ltr'>τὸ</span> <span class='ocrx_word' id='word_1_452' title='bbox 1321 3223 1520 3296; x_wconf 65' lang='grc' dir='ltr'>ἀΐδιον,</span> <span class='ocrx_word' id='word_1_453' title='bbox 1577 3227 1640 3280; x_wconf 90' lang='grc' dir='ltr'>τὸ</span> <span class='ocrx_word' id='word_1_454' title='bbox 1669 3225 1924 3300; x_wconf 67' lang='grc' dir='ltr'>⁵ἄχρονον</span> 
     </span>
    </p>
   </div>
   <div class='ocr_carea' id='block_1_65' title="bbox 2043 3201 3684 3309">
    <p class='ocr_par' dir='ltr' id='par_1_65' title="bbox 2043 3234 3684 3309">
     <span class='ocr_line' id='line_1_65' title="bbox 2043 3234 3684 3309; baseline 0 -17"><span class='ocrx_word' id='word_1_455' title='bbox 2043 3237 2513 3309; x_wconf 85' lang='lat' dir='ltr'>potentissimam</span> <span class='ocrx_word' id='word_1_456' title='bbox 2545 3239 2603 3288; x_wconf 88' lang='lat' dir='ltr'>et</span> <span class='ocrx_word' id='word_1_457' title='bbox 2652 3250 2831 3305; x_wconf 90' lang='lat' dir='ltr'>super</span> <span class='ocrx_word' id='word_1_458' title='bbox 2863 3234 3191 3304; x_wconf 87' lang='lat' dir='ltr'>potentiam</span> <span class='ocrx_word' id='word_1_459' title='bbox 3246 3235 3554 3304; x_wconf 88' lang='lat' dir='ltr'>elevatam,</span> <span class='ocrx_word' id='word_1_460' title='bbox 3586 3253 3684 3292; x_wconf 88' lang='lat' dir='ltr'>sa-</span> 
     </span>
    </p>
   </div>
   <div class='ocr_carea' id='block_1_66' title="bbox 266 3314 1928 3392">
    <p class='ocr_par' dir='ltr' id='par_1_66' title="bbox 266 3314 1928 3392">
     <span class='ocr_line' id='line_1_66' title="bbox 266 3314 1928 3392; baseline -0.002 -20"><span class='ocrx_word' id='word_1_461' title='bbox 266 3320 354 3373; x_wconf 80' lang='grc' dir='ltr'>καὶ</span> <span class='ocrx_word' id='word_1_462' title='bbox 410 3319 793 3392; x_wconf 73' lang='grc' dir='ltr'>ὕπὲρχρονον,</span> <span class='ocrx_word' id='word_1_463' title='bbox 859 3315 922 3369; x_wconf 83' lang='grc' dir='ltr'>τὸ</span> <span class='ocrx_word' id='word_1_464' title='bbox 981 3314 1197 3369; x_wconf 81' lang='grc' dir='ltr'>αἰώνιον</span> <span class='ocrx_word' id='word_1_465' title='bbox 1254 3314 1344 3369; x_wconf 75' lang='grc' dir='ltr'>καὶ</span> <span class='ocrx_word' id='word_1_466' title='bbox 1421 3315 1808 3389; x_wconf 82' lang='grc' dir='ltr'>ὑπεραιώνιον,</span> <span class='ocrx_word' id='word_1_467' title='bbox 1867 3315 1928 3370; x_wconf 84' lang='grc' dir='ltr'>τὸ</span> 
     </span>
    </p>
   </div>
   <div class='ocr_carea' id='block_1_67' title="bbox 267 3401 1929 3484">
    <p class='ocr_par' dir='ltr' id='par_1_67' title="bbox 267 3401 1929 3484">
     <span class='ocr_line' id='line_1_67' title="bbox 267 3401 1929 3484; baseline -0.002 -22"><span class='ocrx_word' id='word_1_468' title='bbox 267 3409 402 3462; x_wconf 71' lang='grc' dir='ltr'>κατὰ</span> <span class='ocrx_word' id='word_1_469' title='bbox 429 3409 642 3484; x_wconf 72' lang='grc' dir='ltr'>χρόνον</span> <span class='ocrx_word' id='word_1_470' title='bbox 676 3405 946 3480; x_wconf 75' lang='grc' dir='ltr'>ἄναρχον,</span> <span class='ocrx_word' id='word_1_471' title='bbox 980 3406 1042 3459; x_wconf 90' lang='grc' dir='ltr'>τὸ</span> <span class='ocrx_word' id='word_1_472' title='bbox 1076 3401 1351 3477; x_wconf 69' lang='grc' dir='ltr'>ἔκτιστον,</span> <span class='ocrx_word' id='word_1_473' title='bbox 1406 3405 1470 3459; x_wconf 87' lang='grc' dir='ltr'>τὸ</span> <span class='ocrx_word' id='word_1_474' title='bbox 1513 3403 1778 3479; x_wconf 73' lang='grc' dir='ltr'>ἀγένητον</span> <span class='ocrx_word' id='word_1_475' title='bbox 1835 3402 1929 3474; x_wconf 84' lang='grc' dir='ltr'>(δι’</span> 
     </span>
    </p>
   </div>
   <div class='ocr_carea' id='block_1_68' title="bbox 271 3490 1926 3572">
    <p class='ocr_par' dir='ltr' id='par_1_68' title="bbox 271 3490 1926 3572">
     <span class='ocr_line' id='line_1_68' title="bbox 271 3490 1926 3572; baseline -0.002 -23"><span class='ocrx_word' id='word_1_476' title='bbox 271 3495 384 3559; x_wconf 65' lang='grc' dir='ltr'>ἑνὸς</span> <span class='ocrx_word' id='word_1_477' title='bbox 417 3521 443 3549; x_wconf 91' lang='grc' dir='ltr'>ν</span> <span class='ocrx_word' id='word_1_478' title='bbox 474 3495 871 3572; x_wconf 76' lang='grc' dir='ltr'>γραφόμενον),</span> <span class='ocrx_word' id='word_1_479' title='bbox 918 3493 982 3547; x_wconf 87' lang='grc' dir='ltr'>τὸ</span> <span class='ocrx_word' id='word_1_480' title='bbox 1042 3490 1348 3561; x_wconf 77' lang='grc' dir='ltr'>ἆτέλευτον,</span> <span class='ocrx_word' id='word_1_481' title='bbox 1399 3494 1461 3548; x_wconf 90' lang='grc' dir='ltr'>τὸ</span> <span class='ocrx_word' id='word_1_482' title='bbox 1519 3491 1926 3563; x_wconf 75' lang='grc' dir='ltr'>ἂκατάληπτον,</span> 
     </span>
    </p>
   </div>
   <div class='ocr_carea' id='block_1_69' title="bbox 271 3582 1928 3662">
    <p class='ocr_par' dir='ltr' id='par_1_69' title="bbox 271 3582 1928 3662">
     <span class='ocr_line' id='line_1_69' title="bbox 271 3582 1928 3662; baseline -0.001 -23"><span class='ocrx_word' id='word_1_483' title='bbox 271 3589 329 3639; x_wconf 74' lang='grc' dir='ltr'>τὸ</span> <span class='ocrx_word' id='word_1_484' title='bbox 387 3587 798 3662; x_wconf 73' lang='grc' dir='ltr'>ἀπερίληπτον,</span> <span class='ocrx_word' id='word_1_485' title='bbox 830 3589 894 3639; x_wconf 82' lang='grc' dir='ltr'>τὸ</span> <span class='ocrx_word' id='word_1_486' title='bbox 955 3584 1384 3660; x_wconf 76' lang='grc' dir='ltr'>ἀπερίγραπτον,</span> <span class='ocrx_word' id='word_1_487' title='bbox 1442 3583 1506 3638; x_wconf 92' lang='grc' dir='ltr'>τὸ</span> <span class='ocrx_word' id='word_1_488' title='bbox 1562 3582 1818 3658; x_wconf 86' lang='grc' dir='ltr'>ἀόρατον,</span> <span class='ocrx_word' id='word_1_489' title='bbox 1865 3587 1928 3637; x_wconf 89' lang='grc' dir='ltr'>τὸ</span> 
     </span>
    </p>
   </div>
   <div class='ocr_carea' id='block_1_70' title="bbox 275 3671 1923 3750">
    <p class='ocr_par' dir='ltr' id='par_1_70' title="bbox 275 3671 1923 3750">
     <span class='ocr_line' id='line_1_70' title="bbox 275 3671 1923 3750; baseline -0.002 -22"><span class='ocrx_word' id='word_1_490' title='bbox 275 3674 524 3750; x_wconf 72' lang='grc' dir='ltr'>ἔπειρον,</span> <span class='ocrx_word' id='word_1_491' title='bbox 604 3676 668 3730; x_wconf 81' lang='grc' dir='ltr'>τὸ</span> <span class='ocrx_word' id='word_1_492' title='bbox 721 3675 856 3746; x_wconf 71' lang='grc' dir='ltr'>ὑπὲρ</span> <span class='ocrx_word' id='word_1_493' title='bbox 912 3677 1085 3727; x_wconf 84' lang='grc' dir='ltr'>πᾶσαν</span> <span class='ocrx_word' id='word_1_494' title='bbox 1155 3671 1403 3743; x_wconf 67' lang='grc' dir='ltr'>αἴσθησίν</span> <span class='ocrx_word' id='word_1_495' title='bbox 1457 3693 1516 3728; x_wconf 81' lang='grc' dir='ltr'>τε</span> <span class='ocrx_word' id='word_1_496' title='bbox 1572 3673 1659 3726; x_wconf 80' lang='grc' dir='ltr'>καὶ</span> <span class='ocrx_word' id='word_1_497' title='bbox 1715 3672 1923 3741; x_wconf 78' lang='grc' dir='ltr'>νόησιν·</span> 
     </span>
    </p>
   </div>
   <div class='ocr_carea' id='block_1_71' title="bbox 277 3760 1928 3836">
    <p class='ocr_par' dir='ltr' id='par_1_71' title="bbox 277 3760 1928 3836">
     <span class='ocr_line' id='line_1_71' title="bbox 277 3760 1928 3836; baseline -0.002 -20"><span class='ocrx_word' id='word_1_498' title='bbox 277 3767 447 3819; x_wconf 67' lang='grc' dir='ltr'>πάντα</span> <span class='ocrx_word' id='word_1_499' title='bbox 508 3763 578 3833; x_wconf 72' lang='grc' dir='ltr'>δὴ</span> <span class='ocrx_word' id='word_1_500' title='bbox 628 3762 821 3824; x_wconf 79' lang='grc' dir='ltr'>ἁπλῶς</span> <span class='ocrx_word' id='word_1_501' title='bbox 873 3762 973 3817; x_wconf 82' lang='grc' dir='ltr'>ὅσα</span> <span class='ocrx_word' id='word_1_502' title='bbox 1021 3763 1175 3816; x_wconf 83' lang='grc' dir='ltr'>κοινᾶ</span> <span class='ocrx_word' id='word_1_503' title='bbox 1229 3764 1319 3817; x_wconf 86' lang='grc' dir='ltr'>καὶ</span> <span class='ocrx_word' id='word_1_504' title='bbox 1373 3761 1540 3817; x_wconf 76' lang='grc' dir='ltr'>ταύτᾶ</span> <span class='ocrx_word' id='word_1_505' title='bbox 1590 3760 1796 3836; x_wconf 73' lang='grc' dir='ltr'>[ἰατρὸς</span> <span class='ocrx_word' id='word_1_506' title='bbox 1837 3762 1928 3815; x_wconf 79' lang='grc' dir='ltr'>καὶ</span> 
     </span>
    </p>
   </div>
   <div class='ocr_carea' id='block_1_72' title="bbox 287 3847 1927 3927">
    <p class='ocr_par' dir='ltr' id='par_1_72' title="bbox 287 3847 1927 3927">
     <span class='ocr_line' id='line_1_72' title="bbox 287 3847 1927 3927; baseline -0.002 -23"><span class='ocrx_word' id='word_1_507' title='bbox 287 3854 414 3907; x_wconf 77' lang='grc' dir='ltr'>Υὶοῦ</span> <span class='ocrx_word' id='word_1_508' title='bbox 463 3852 554 3907; x_wconf 74' lang='grc' dir='ltr'>καὶ</span> <span class='ocrx_word' id='word_1_509' title='bbox 613 3852 776 3927; x_wconf 84' lang='grc' dir='ltr'>ἁγίου</span> <span class='ocrx_word' id='word_1_510' title='bbox 831 3852 1168 3924; x_wconf 74' lang='grc' dir='ltr'>Πνεύματος,</span> <span class='ocrx_word' id='word_1_511' title='bbox 1239 3848 1479 3921; x_wconf 83' lang='grc' dir='ltr'>οὐσιώδη</span> <span class='ocrx_word' id='word_1_512' title='bbox 1537 3847 1772 3924; x_wconf 72' lang='grc' dir='ltr'>λὲγομεν</span> <span class='ocrx_word' id='word_1_513' title='bbox 1838 3848 1927 3902; x_wconf 82' lang='grc' dir='ltr'>καὶ</span> 
     </span>
    </p>
   </div>
   <div class='ocr_carea' id='block_1_73' title="bbox 283 3937 1926 4016">
    <p class='ocr_par' dir='ltr' id='par_1_73' title="bbox 283 3937 1926 4016">
     <span class='ocr_line' id='line_1_73' title="bbox 283 3937 1926 4016; baseline -0.002 -22"><span class='ocrx_word' id='word_1_514' title='bbox 283 3943 500 4016; x_wconf 63' lang='grc' dir='ltr'>φυσικὰ,</span> <span class='ocrx_word' id='word_1_515' title='bbox 543 3942 608 3996; x_wconf 80' lang='grc' dir='ltr'>οὖ</span> <span class='ocrx_word' id='word_1_516' title='bbox 662 3942 894 4016; x_wconf 79' lang='grc' dir='ltr'>κυρίως,</span> <span class='ocrx_word' id='word_1_517' title='bbox 951 3940 1026 4002; x_wconf 85' lang='grc' dir='ltr'>ὡς</span> <span class='ocrx_word' id='word_1_518' title='bbox 1086 3941 1201 3996; x_wconf 85' lang='grc' dir='ltr'>κατ’</span> <span class='ocrx_word' id='word_1_519' title='bbox 1262 3939 1446 3994; x_wconf 77' lang='grc' dir='ltr'>οὐσίαν</span> <span class='ocrx_word' id='word_1_520' title='bbox 1514 3938 1696 3999; x_wconf 78' lang='grc' dir='ltr'>αὐτοῖς</span> <span class='ocrx_word' id='word_1_521' title='bbox 1757 3937 1926 4012; x_wconf 85' lang='grc' dir='ltr'>ὑπάρ-</span> 
     </span>
    </p>
   </div>
   <div class='ocr_carea' id='block_1_74' title="bbox 285 4025 1929 4106">
    <p class='ocr_par' dir='ltr' id='par_1_74' title="bbox 285 4025 1929 4106">
     <span class='ocr_line' id='line_1_74' title="bbox 285 4025 1929 4106; baseline -0.001 -23"><span class='ocrx_word' id='word_1_522' title='bbox 285 4047 471 4104; x_wconf 78' lang='grc' dir='ltr'>χοντα,</span> <span class='ocrx_word' id='word_1_523' title='bbox 522 4031 666 4088; x_wconf 66' lang='grc' dir='ltr'>ἄλλα</span> <span class='ocrx_word' id='word_1_524' title='bbox 732 4034 1190 4106; x_wconf 77' lang='grc' dir='ltr'>καταχρηστικῶς</span> <span class='ocrx_word' id='word_1_525' title='bbox 1253 4030 1324 4091; x_wconf 86' lang='grc' dir='ltr'>ὡς</span> <span class='ocrx_word' id='word_1_526' title='bbox 1373 4030 1494 4103; x_wconf 78' lang='grc' dir='ltr'>περὶ</span> <span class='ocrx_word' id='word_1_527' title='bbox 1555 4029 1654 4096; x_wconf 66' lang='grc' dir='ltr'>τὴν</span> <span class='ocrx_word' id='word_1_528' title='bbox 1747 4025 1929 4082; x_wconf 82' lang='grc' dir='ltr'>οὐσίαν</span> 
     </span>
    </p>
   </div>
   <div class='ocr_carea' id='block_1_75' title="bbox 286 4117 1932 4195">
    <p class='ocr_par' dir='ltr' id='par_1_75' title="bbox 286 4117 1932 4195">
     <span class='ocr_line' id='line_1_75' title="bbox 286 4117 1932 4195; baseline -0.003 -17"><span class='ocrx_word' id='word_1_529' title='bbox 286 4130 475 4186; x_wconf 79' lang='grc' dir='ltr'>κοινῶς</span> <span class='ocrx_word' id='word_1_530' title='bbox 508 4125 596 4178; x_wconf 82' lang='grc' dir='ltr'>καὶ</span> <span class='ocrx_word' id='word_1_531' title='bbox 648 4127 860 4185; x_wconf 82' lang='grc' dir='ltr'>ταυτῶς</span> <span class='ocrx_word' id='word_1_532' title='bbox 913 4121 1005 4176; x_wconf 83' lang='grc' dir='ltr'>καὶ</span> <span class='ocrx_word' id='word_1_533' title='bbox 1061 4119 1278 4195; x_wconf 85' lang='grc' dir='ltr'>ἀμερῶς</span> <span class='ocrx_word' id='word_1_534' title='bbox 1339 4119 1708 4192; x_wconf 81' lang='grc' dir='ltr'>θεωρούμενα.</span> <span class='ocrx_word' id='word_1_535' title='bbox 1770 4117 1932 4176; x_wconf 68' lang='grc' dir='ltr'>⁸Τπό-</span> 
     </span>
    </p>
   </div>
   <div class='ocr_carea' id='block_1_76' title="bbox 287 4206 1928 4284">
    <p class='ocr_par' dir='ltr' id='par_1_76' title="bbox 287 4206 1928 4284">
     <span class='ocr_line' id='line_1_76' title="bbox 287 4206 1928 4284; baseline -0.004 -17"><span class='ocrx_word' id='word_1_536' title='bbox 287 4232 460 4267; x_wconf 77' lang='grc' dir='ltr'>στασιν</span> <span class='ocrx_word' id='word_1_537' title='bbox 511 4211 569 4268; x_wconf 73' lang='grc' dir='ltr'>δὲ</span> <span class='ocrx_word' id='word_1_538' title='bbox 619 4213 708 4268; x_wconf 76' lang='grc' dir='ltr'>καὶ</span> <span class='ocrx_word' id='word_1_539' title='bbox 813 4212 1112 4284; x_wconf 85' lang='grc' dir='ltr'>πρόσωπον</span> <span class='ocrx_word' id='word_1_540' title='bbox 1219 4209 1454 4284; x_wconf 73' lang='grc' dir='ltr'>λὲγομεν</span> <span class='ocrx_word' id='word_1_541' title='bbox 1526 4206 1748 4263; x_wconf 68' lang='grc' dir='ltr'>(ἑκαστον</span> <span class='ocrx_word' id='word_1_542' title='bbox 1820 4212 1928 4262; x_wconf 86' lang='grc' dir='ltr'>τῶν</span> 
     </span>
    </p>
   </div>
   <div class='ocr_carea' id='block_1_77' title="bbox 289 4298 1930 4374">
    <p class='ocr_par' dir='ltr' id='par_1_77' title="bbox 289 4298 1930 4374">
     <span class='ocr_line' id='line_1_77' title="bbox 289 4298 1930 4374; baseline 0 -22"><span class='ocrx_word' id='word_1_543' title='bbox 289 4304 590 4370; x_wconf 71' lang='grc' dir='ltr'>τριῶν,τὸν</span> <span class='ocrx_word' id='word_1_544' title='bbox 620 4303 855 4374; x_wconf 70' lang='grc' dir='ltr'>Πατέρα,</span> <span class='ocrx_word' id='word_1_545' title='bbox 920 4301 1014 4355; x_wconf 88' lang='grc' dir='ltr'>τὸν</span> <span class='ocrx_word' id='word_1_546' title='bbox 1073 4299 1221 4365; x_wconf 72' lang='grc' dir='ltr'>Υὶὸν,</span> <span class='ocrx_word' id='word_1_547' title='bbox 1275 4299 1337 4354; x_wconf 89' lang='grc' dir='ltr'>τὸ</span> <span class='ocrx_word' id='word_1_548' title='bbox 1393 4303 1632 4371; x_wconf 55' lang='lat' dir='ltr'>Ilva-Spw</span> <span class='ocrx_word' id='word_1_549' title='bbox 1698 4298 1930 4352; x_wconf 84' lang='grc' dir='ltr'>ὑποστα-</span> 
     </span>
    </p>
   </div>
   <div class='ocr_carea' id='block_1_78' title="bbox 291 4384 1929 4465">
    <p class='ocr_par' dir='ltr' id='par_1_78' title="bbox 291 4384 1929 4465">
     <span class='ocr_line' id='line_1_78' title="bbox 291 4384 1929 4465; baseline -0.001 -24"><span class='ocrx_word' id='word_1_550' title='bbox 291 4391 410 4443; x_wconf 74' lang='grc' dir='ltr'>τικᾶ</span> <span class='ocrx_word' id='word_1_551' title='bbox 463 4389 517 4446; x_wconf 69' lang='grc' dir='ltr'>δὲ</span> <span class='ocrx_word' id='word_1_552' title='bbox 572 4392 662 4446; x_wconf 76' lang='grc' dir='ltr'>καὶ</span> <span class='ocrx_word' id='word_1_553' title='bbox 730 4393 1063 4465; x_wconf 72' lang='grc' dir='ltr'>προσωπικὰ</span> <span class='ocrx_word' id='word_1_554' title='bbox 1126 4389 1193 4442; x_wconf 78' lang='grc' dir='ltr'>τὰ</span> <span class='ocrx_word' id='word_1_555' title='bbox 1257 4388 1381 4463; x_wconf 72' lang='grc' dir='ltr'>περὶ</span> <span class='ocrx_word' id='word_1_556' title='bbox 1448 4384 1670 4441; x_wconf 70' lang='grc' dir='ltr'>ἕκαστον</span> <span class='ocrx_word' id='word_1_557' title='bbox 1708 4386 1929 4441; x_wconf 75' lang='grc' dir='ltr'>,τούτων</span> 
     </span>
    </p>
   </div>
   <div class='ocr_carea' id='block_1_79' title="bbox 301 4475 1928 4556">
    <p class='ocr_par' dir='ltr' id='par_1_79' title="bbox 301 4475 1928 4556">
     <span class='ocr_line' id='line_1_79' title="bbox 301 4475 1928 4556; baseline 0.001 -27"><span class='ocrx_word' id='word_1_558' title='bbox 301 4475 603 4550; x_wconf 70' lang='grc' dir='ltr'>ἰδιαζόντως</span> <span class='ocrx_word' id='word_1_559' title='bbox 632 4481 973 4556; x_wconf 76' lang='grc' dir='ltr'>ὑπάρχοντα,</span> <span class='ocrx_word' id='word_1_560' title='bbox 1006 4479 1104 4547; x_wconf 72' lang='grc' dir='ltr'>τήν</span> <span class='ocrx_word' id='word_1_561' title='bbox 1137 4477 1472 4552; x_wconf 72' lang='grc' dir='ltr'>πιτρὸτητα,</span> <span class='ocrx_word' id='word_1_562' title='bbox 1521 4479 1621 4545; x_wconf 70' lang='grc' dir='ltr'>τὴν</span> <span class='ocrx_word' id='word_1_563' title='bbox 1681 4475 1928 4546; x_wconf 77' lang='grc' dir='ltr'>υἱότητα.</span> 
     </span>
    </p>
   </div>
   <div class='ocr_carea' id='block_1_80' title="bbox 2035 3323 3682 3400">
    <p class='ocr_par' dir='ltr' id='par_1_80' title="bbox 2035 3323 3682 3400">
     <span class='ocr_line' id='line_1_80' title="bbox 2035 3323 3682 3400; baseline 0.001 -20"><span class='ocrx_word' id='word_1_564' title='bbox 2035 3327 2321 3400; x_wconf 90' lang='lat' dir='ltr'>pientiam</span> <span class='ocrx_word' id='word_1_565' title='bbox 2347 3324 2845 3396; x_wconf 86' lang='lat' dir='ltr'>sapientissimam</span> <span class='ocrx_word' id='word_1_566' title='bbox 2875 3328 2934 3378; x_wconf 91' lang='lat' dir='ltr'>et</span> <span class='ocrx_word' id='word_1_567' title='bbox 2956 3323 3318 3380; x_wconf 87' lang='lat' dir='ltr'>eminentem</span> <span class='ocrx_word' id='word_1_568' title='bbox 3352 3342 3531 3397; x_wconf 87' lang='lat' dir='ltr'>super</span> <span class='ocrx_word' id='word_1_569' title='bbox 3554 3341 3682 3381; x_wconf 86' lang='lat' dir='ltr'>om-</span> 
     </span>
    </p>
   </div>
   <div class='ocr_carea' id='block_1_81' title="bbox 2037 3413 3676 3484">
    <p class='ocr_par' dir='ltr' id='par_1_81' title="bbox 2037 3413 3676 3484">
     <span class='ocr_line' id='line_1_81' title="bbox 2037 3413 3676 3484; baseline -0.002 -12"><span class='ocrx_word' id='word_1_570' title='bbox 2037 3416 2280 3482; x_wconf 88' lang='lat' dir='ltr'>nia,vim</span> <span class='ocrx_word' id='word_1_571' title='bbox 2361 3413 2846 3484; x_wconf 89' lang='lat' dir='ltr'>omnipotentem,</span> <span class='ocrx_word' id='word_1_572' title='bbox 2915 3413 3286 3481; x_wconf 86' lang='lat' dir='ltr'>creatricem,</span> <span class='ocrx_word' id='word_1_573' title='bbox 3349 3414 3676 3480; x_wconf 85' lang='lat' dir='ltr'>factricem,</span> 
     </span>
    </p>
   </div>
   <div class='ocr_carea' id='block_1_82' title="bbox 2034 3501 3685 3578">
    <p class='ocr_par' dir='ltr' id='par_1_82' title="bbox 2034 3501 3685 3578">
     <span class='ocr_line' id='line_1_82' title="bbox 2034 3501 3685 3578; baseline -0.001 -18"><span class='ocrx_word' id='word_1_574' title='bbox 2034 3504 2499 3578; x_wconf 88' lang='lat' dir='ltr'>procuratricem</span> <span class='ocrx_word' id='word_1_575' title='bbox 2532 3508 2591 3556; x_wconf 85' lang='lat' dir='ltr'>et</span> <span class='ocrx_word' id='word_1_576' title='bbox 2633 3501 3130 3556; x_wconf 87' lang='lat' dir='ltr'>conservatricem</span> <span class='ocrx_word' id='word_1_577' title='bbox 3179 3503 3472 3557; x_wconf 82' lang='lat' dir='ltr'>universae</span> <span class='ocrx_word' id='word_1_578' title='bbox 3527 3519 3685 3558; x_wconf 88' lang='lat' dir='ltr'>crea-</span> 
     </span>
    </p>
   </div>
   <div class='ocr_carea' id='block_1_83' title="bbox 2036 3591 3682 3662">
    <p class='ocr_par' dir='ltr' id='par_1_83' title="bbox 2036 3591 3682 3662">
     <span class='ocr_line' id='line_1_83' title="bbox 2036 3591 3682 3662; baseline -0.002 -14"><span class='ocrx_word' id='word_1_579' title='bbox 2036 3591 2748 3662; x_wconf 75' lang='lat' dir='ltr'>turae,sempiternitatem</span> <span class='ocrx_word' id='word_1_580' title='bbox 2770 3606 2803 3643; x_wconf 89' lang='lat' dir='ltr'>a</span> <span class='ocrx_word' id='word_1_581' title='bbox 2833 3594 3101 3660; x_wconf 89' lang='lat' dir='ltr'>tempore</span> <span class='ocrx_word' id='word_1_582' title='bbox 3133 3595 3426 3644; x_wconf 90' lang='lat' dir='ltr'>remotam</span> <span class='ocrx_word' id='word_1_583' title='bbox 3449 3596 3508 3644; x_wconf 90' lang='lat' dir='ltr'>et</span> <span class='ocrx_word' id='word_1_584' title='bbox 3536 3597 3682 3645; x_wconf 89' lang='lat' dir='ltr'>tem-</span> 
     </span>
    </p>
   </div>
   <div class='ocr_carea' id='block_1_84' title="bbox 2035 3680 3678 3757">
    <p class='ocr_par' dir='ltr' id='par_1_84' title="bbox 2035 3680 3678 3757">
     <span class='ocr_line' id='line_1_84' title="bbox 2035 3680 3678 3757; baseline -0.002 -19"><span class='ocrx_word' id='word_1_585' title='bbox 2035 3699 2177 3757; x_wconf 88' lang='lat' dir='ltr'>pore</span> <span class='ocrx_word' id='word_1_586' title='bbox 2199 3680 2591 3751; x_wconf 85' lang='lat' dir='ltr'>superiorem,</span> <span class='ocrx_word' id='word_1_587' title='bbox 2615 3684 2752 3733; x_wconf 84' lang='lat' dir='ltr'>ante</span> <span class='ocrx_word' id='word_1_588' title='bbox 2782 3695 2972 3733; x_wconf 83' lang='lat' dir='ltr'>aevum</span> <span class='ocrx_word' id='word_1_589' title='bbox 2997 3683 3054 3732; x_wconf 91' lang='lat' dir='ltr'>et</span> <span class='ocrx_word' id='word_1_590' title='bbox 3075 3695 3253 3749; x_wconf 91' lang='lat' dir='ltr'>super</span> <span class='ocrx_word' id='word_1_591' title='bbox 3300 3695 3486 3734; x_wconf 82' lang='lat' dir='ltr'>aevum</span> <span class='ocrx_word' id='word_1_592' title='bbox 3535 3695 3678 3734; x_wconf 91' lang='lat' dir='ltr'>con-</span> 
     </span>
    </p>
   </div>
   <div class='ocr_carea' id='block_1_85' title="bbox 2037 3766 3673 3838">
    <p class='ocr_par' dir='ltr' id='par_1_85' title="bbox 2037 3766 3673 3838">
     <span class='ocr_line' id='line_1_85' title="bbox 2037 3766 3673 3838; baseline -0.003 -11"><span class='ocrx_word' id='word_1_593' title='bbox 2037 3773 2324 3833; x_wconf 90' lang='lat' dir='ltr'>stitutam,</span> <span class='ocrx_word' id='word_1_594' title='bbox 2362 3766 2705 3838; x_wconf 90' lang='lat' dir='ltr'>temporalis</span> <span class='ocrx_word' id='word_1_595' title='bbox 2738 3767 2889 3820; x_wconf 89' lang='lat' dir='ltr'>initii</span> <span class='ocrx_word' id='word_1_596' title='bbox 2923 3767 3272 3831; x_wconf 79' lang='lat' dir='ltr'>carentium,</span> <span class='ocrx_word' id='word_1_597' title='bbox 3323 3769 3673 3834; x_wconf 89' lang='lat' dir='ltr'>increatum,</span> 
     </span>
    </p>
   </div>
   <div class='ocr_carea' id='block_1_86' title="bbox 2036 3854 3682 3931">
    <p class='ocr_par' dir='ltr' id='par_1_86' title="bbox 2036 3854 3682 3931">
     <span class='ocr_line' id='line_1_86' title="bbox 2036 3854 3682 3931; baseline -0.003 -16"><span class='ocrx_word' id='word_1_598' title='bbox 2036 3859 2385 3931; x_wconf 82' lang='lat' dir='ltr'>ingenitum,</span> <span class='ocrx_word' id='word_1_599' title='bbox 2421 3854 2885 3921; x_wconf 89' lang='lat' dir='ltr'>interminabile,</span> <span class='ocrx_word' id='word_1_600' title='bbox 2921 3855 3682 3925; x_wconf 86' lang='lat' dir='ltr'>incomprehensibile,inﬁ-</span> 
     </span>
    </p>
   </div>
   <div class='ocr_carea' id='block_1_87' title="bbox 2035 3943 3679 4013">
    <p class='ocr_par' dir='ltr' id='par_1_87' title="bbox 2035 3943 3679 4013">
     <span class='ocr_line' id='line_1_87' title="bbox 2035 3943 3679 4013; baseline -0.002 -10"><span class='ocrx_word' id='word_1_601' title='bbox 2035 3950 2252 4012; x_wconf 89' lang='lat' dir='ltr'>nitum,</span> <span class='ocrx_word' id='word_1_602' title='bbox 2305 3943 2906 4013; x_wconf 87' lang='lat' dir='ltr'>incircumscriptum,</span> <span class='ocrx_word' id='word_1_603' title='bbox 2953 3943 3272 4010; x_wconf 89' lang='lat' dir='ltr'>invisibile,</span> <span class='ocrx_word' id='word_1_604' title='bbox 3320 3944 3679 3999; x_wconf 90' lang='lat' dir='ltr'>immensum</span> 
     </span>
    </p>
   </div>
   <div class='ocr_carea' id='block_1_88' title="bbox 2037 4032 3684 4110">
    <p class='ocr_par' dir='ltr' id='par_1_88' title="bbox 2037 4032 3684 4110">
     <span class='ocr_line' id='line_1_88' title="bbox 2037 4032 3684 4110; baseline -0.004 -16"><span class='ocrx_word' id='word_1_605' title='bbox 2037 4051 2464 4110; x_wconf 87' lang='lat' dir='ltr'>superomnem</span> <span class='ocrx_word' id='word_1_606' title='bbox 2490 4049 2732 4088; x_wconf 89' lang='lat' dir='ltr'>sensum</span> <span class='ocrx_word' id='word_1_607' title='bbox 2745 4037 2803 4086; x_wconf 88' lang='lat' dir='ltr'>et</span> <span class='ocrx_word' id='word_1_608' title='bbox 2827 4048 3064 4087; x_wconf 91' lang='lat' dir='ltr'>omnem</span> <span class='ocrx_word' id='word_1_609' title='bbox 3081 4032 3497 4105; x_wconf 80' lang='lat' dir='ltr'>cogitationem</span> <span class='ocrx_word' id='word_1_610' title='bbox 3522 4038 3684 4088; x_wconf 88' lang='lat' dir='ltr'>tran-</span> 
     </span>
    </p>
   </div>
   <div class='ocr_carea' id='block_1_89' title="bbox 2037 4121 3684 4194">
    <p class='ocr_par' dir='ltr' id='par_1_89' title="bbox 2037 4121 3684 4194">
     <span class='ocr_line' id='line_1_89' title="bbox 2037 4121 3684 4194; baseline -0.003 -11"><span class='ocrx_word' id='word_1_611' title='bbox 2037 4127 2374 4190; x_wconf 86' lang='lat' dir='ltr'>scendens;</span> <span class='ocrx_word' id='word_1_612' title='bbox 2433 4127 2501 4178; x_wconf 91' lang='lat' dir='ltr'>ut</span> <span class='ocrx_word' id='word_1_613' title='bbox 2548 4121 2706 4176; x_wconf 91' lang='lat' dir='ltr'>brevi</span> <span class='ocrx_word' id='word_1_614' title='bbox 2761 4121 2970 4186; x_wconf 85' lang='lat' dir='ltr'>dicam,</span> <span class='ocrx_word' id='word_1_615' title='bbox 3023 4123 3223 4178; x_wconf 81' lang='lat' dir='ltr'>omnia</span> <span class='ocrx_word' id='word_1_616' title='bbox 3275 4124 3518 4178; x_wconf 90' lang='lat' dir='ltr'>omnino</span> <span class='ocrx_word' id='word_1_617' title='bbox 3553 4139 3684 4194; x_wconf 70' lang='lat' dir='ltr'>qum</span> 
     </span>
    </p>
   </div>
   <div class='ocr_carea' id='block_1_90' title="bbox 2036 4213 3687 4284">
    <p class='ocr_par' dir='ltr' id='par_1_90' title="bbox 2036 4213 3687 4284">
     <span class='ocr_line' id='line_1_90' title="bbox 2036 4213 3687 4284; baseline -0.002 -14"><span class='ocrx_word' id='word_1_618' title='bbox 2036 4215 2376 4271; x_wconf 86' lang='lat' dir='ltr'>communia</span> <span class='ocrx_word' id='word_1_619' title='bbox 2394 4213 2720 4281; x_wconf 88' lang='lat' dir='ltr'>eademque</span> <span class='ocrx_word' id='word_1_620' title='bbox 2735 4217 2874 4266; x_wconf 91' lang='lat' dir='ltr'>sunt</span> <span class='ocrx_word' id='word_1_621' title='bbox 2894 4213 3169 4278; x_wconf 88' lang='lat' dir='ltr'>Patris,et</span> <span class='ocrx_word' id='word_1_622' title='bbox 3186 4213 3403 4281; x_wconf 91' lang='lat' dir='ltr'>Filii,et</span> <span class='ocrx_word' id='word_1_623' title='bbox 3434 4213 3687 4284; x_wconf 88' lang='lat' dir='ltr'>Spiritus</span> 
     </span>
    </p>
   </div>
   <div class='ocr_carea' id='block_1_91' title="bbox 2037 4302 3684 4373">
    <p class='ocr_par' dir='ltr' id='par_1_91' title="bbox 2037 4302 3684 4373">
     <span class='ocr_line' id='line_1_91' title="bbox 2037 4302 3684 4373; baseline -0.003 -12"><span class='ocrx_word' id='word_1_624' title='bbox 2037 4306 2248 4371; x_wconf 89' lang='lat' dir='ltr'>sancti,</span> <span class='ocrx_word' id='word_1_625' title='bbox 2275 4302 2616 4359; x_wconf 88' lang='lat' dir='ltr'>essentialia</span> <span class='ocrx_word' id='word_1_626' title='bbox 2653 4302 2905 4357; x_wconf 91' lang='lat' dir='ltr'>dicimus</span> <span class='ocrx_word' id='word_1_627' title='bbox 2937 4308 2996 4357; x_wconf 91' lang='lat' dir='ltr'>et</span> <span class='ocrx_word' id='word_1_628' title='bbox 3038 4303 3354 4364; x_wconf 87' lang='lat' dir='ltr'>naturalia.</span> <span class='ocrx_word' id='word_1_629' title='bbox 3378 4320 3498 4358; x_wconf 91' lang='lat' dir='ltr'>non</span> <span class='ocrx_word' id='word_1_630' title='bbox 3547 4319 3684 4373; x_wconf 85' lang='lat' dir='ltr'>pro-</span> 
     </span>
    </p>
   </div>
   <div class='ocr_carea' id='block_1_92' title="bbox 2037 4390 3685 4466">
    <p class='ocr_par' dir='ltr' id='par_1_92' title="bbox 2037 4390 3685 4466">
     <span class='ocr_line' id='line_1_92' title="bbox 2037 4390 3685 4466; baseline -0.004 -18"><span class='ocrx_word' id='word_1_631' title='bbox 2037 4394 2162 4466; x_wconf 90' lang='lat' dir='ltr'>prie</span> <span class='ocrx_word' id='word_1_632' title='bbox 2185 4399 2468 4462; x_wconf 89' lang='lat' dir='ltr'>tanquam</span> <span class='ocrx_word' id='word_1_633' title='bbox 2502 4390 2828 4444; x_wconf 88' lang='lat' dir='ltr'>seeundum</span> <span class='ocrx_word' id='word_1_634' title='bbox 2868 4393 3188 4445; x_wconf 89' lang='lat' dir='ltr'>essentiam</span> <span class='ocrx_word' id='word_1_635' title='bbox 3218 4391 3278 4444; x_wconf 91' lang='lat' dir='ltr'>in</span> <span class='ocrx_word' id='word_1_636' title='bbox 3329 4391 3474 4460; x_wconf 87' lang='lat' dir='ltr'>ipsis</span> <span class='ocrx_word' id='word_1_637' title='bbox 3529 4390 3685 4443; x_wconf 86' lang='lat' dir='ltr'>exsi-</span> 
     </span>
    </p>
   </div>
   <div class='ocr_carea' id='block_1_93' title="bbox 2038 4479 3683 4550">
    <p class='ocr_par' dir='ltr' id='par_1_93' title="bbox 2038 4479 3683 4550">
     <span class='ocr_line' id='line_1_93' title="bbox 2038 4479 3683 4550; baseline -0.003 -12"><span class='ocrx_word' id='word_1_638' title='bbox 2038 4483 2276 4548; x_wconf 88' lang='lat' dir='ltr'>steutia,</span> <span class='ocrx_word' id='word_1_639' title='bbox 2328 4481 2430 4536; x_wconf 90' lang='lat' dir='ltr'>sed</span> <span class='ocrx_word' id='word_1_640' title='bbox 2480 4480 2717 4536; x_wconf 90' lang='lat' dir='ltr'>abusive</span> <span class='ocrx_word' id='word_1_641' title='bbox 2791 4484 3076 4550; x_wconf 87' lang='lat' dir='ltr'>tanquam</span> <span class='ocrx_word' id='word_1_642' title='bbox 3136 4481 3292 4534; x_wconf 91' lang='lat' dir='ltr'>circa</span> <span class='ocrx_word' id='word_1_643' title='bbox 3361 4479 3683 4533; x_wconf 88' lang='lat' dir='ltr'>essentiam</span> 
     </span>
    </p>
   </div>
   <div class='ocr_carea' id='block_1_94' title="bbox 297 4561 1929 4649">
    <p class='ocr_par' dir='ltr' id='par_1_94' title="bbox 297 4561 1929 4649">
     <span class='ocr_line' id='line_1_94' title="bbox 297 4561 1929 4649; baseline -0.003 -26"><span class='ocrx_word' id='word_1_644' title='bbox 297 4571 390 4636; x_wconf 70' lang='grc' dir='ltr'>τήν</span> <span class='ocrx_word' id='word_1_645' title='bbox 417 4577 510 4626; x_wconf 75' lang='grc' dir='ltr'>τοῦ</span> <span class='ocrx_word' id='word_1_646' title='bbox 539 4573 700 4649; x_wconf 78' lang='grc' dir='ltr'>ἁγίου</span> <span class='ocrx_word' id='word_1_647' title='bbox 734 4571 1053 4643; x_wconf 79' lang='grc' dir='ltr'>Πνεύματος</span> <span class='ocrx_word' id='word_1_648' title='bbox 1098 4565 1368 4637; x_wconf 80' lang='grc' dir='ltr'>ἰδιότητα,</span> <span class='ocrx_word' id='word_1_649' title='bbox 1427 4568 1542 4629; x_wconf 84' lang='grc' dir='ltr'>καθ’</span> <span class='ocrx_word' id='word_1_650' title='bbox 1591 4563 1656 4634; x_wconf 74' lang='grc' dir='ltr'>ἤν</span> <span class='ocrx_word' id='word_1_651' title='bbox 1718 4561 1929 4634; x_wconf 79' lang='grc' dir='ltr'>δηλαδή</span> 
     </span>
    </p>
   </div>
   <div class='ocr_carea' id='block_1_95' title="bbox 2043 4561 3685 4649">
    <p class='ocr_par' dir='ltr' id='par_1_95' title="bbox 2043 4564 3685 4638">
     <span class='ocr_line' id='line_1_95' title="bbox 2043 4564 3685 4638; baseline -0.004 -11"><span class='ocrx_word' id='word_1_652' title='bbox 2043 4571 2441 4627; x_wconf 89' lang='lat' dir='ltr'>communiter</span> <span class='ocrx_word' id='word_1_653' title='bbox 2458 4568 2786 4638; x_wconf 89' lang='lat' dir='ltr'>eodemque</span> <span class='ocrx_word' id='word_1_654' title='bbox 2811 4567 2983 4622; x_wconf 91' lang='lat' dir='ltr'>modo</span> <span class='ocrx_word' id='word_1_655' title='bbox 3015 4573 3191 4637; x_wconf 89' lang='lat' dir='ltr'>atque</span> <span class='ocrx_word' id='word_1_656' title='bbox 3216 4564 3464 4620; x_wconf 87' lang='lat' dir='ltr'>indivise</span> <span class='ocrx_word' id='word_1_657' title='bbox 3496 4568 3685 4621; x_wconf 83' lang='lat' dir='ltr'>consi-</span> 
     </span>
    </p>
   </div>
   <div class='ocr_carea' id='block_1_96' title="bbox 294 4654 1926 4735">
    <p class='ocr_par' dir='ltr' id='par_1_96' title="bbox 294 4654 1926 4735">
     <span class='ocr_line' id='line_1_96' title="bbox 294 4654 1926 4735; baseline -0.003 -24"><span class='ocrx_word' id='word_1_658' title='bbox 294 4658 357 4711; x_wconf 76' lang='grc' dir='ltr'>τὸ</span> <span class='ocrx_word' id='word_1_659' title='bbox 413 4666 619 4735; x_wconf 74' lang='grc' dir='ltr'>Πνεῦμα</span> <span class='ocrx_word' id='word_1_660' title='bbox 699 4657 1030 4733; x_wconf 80' lang='grc' dir='ltr'>ἐκπορευτὸν</span> <span class='ocrx_word' id='word_1_661' title='bbox 1113 4656 1457 4728; x_wconf 76' lang='grc' dir='ltr'>ὀνομάζεται·</span> <span class='ocrx_word' id='word_1_662' title='bbox 1518 4654 1580 4710; x_wconf 88' lang='grc' dir='ltr'>τὸ</span> <span class='ocrx_word' id='word_1_663' title='bbox 1641 4654 1926 4727; x_wconf 70' lang='grc' dir='ltr'>ἀγέννητον</span> 
     </span>
    </p>
   </div>
   <div class='ocr_carea' id='block_1_97' title="bbox 297 4741 1928 4827">
    <p class='ocr_par' dir='ltr' id='par_1_97' title="bbox 297 4741 1928 4827">
     <span class='ocr_line' id='line_1_97' title="bbox 297 4741 1928 4827; baseline -0.002 -28"><span class='ocrx_word' id='word_1_664' title='bbox 297 4741 398 4814; x_wconf 74' lang='grc' dir='ltr'>(διὰ</span> <span class='ocrx_word' id='word_1_665' title='bbox 427 4745 518 4805; x_wconf 63' lang='grc' dir='ltr'>δὸο</span> <span class='ocrx_word' id='word_1_666' title='bbox 543 4747 888 4827; x_wconf 72' lang='grc' dir='ltr'>γραφόμενον</span> <span class='ocrx_word' id='word_1_667' title='bbox 921 4751 992 4818; x_wconf 86' lang='grc' dir='ltr'>ν),</span> <span class='ocrx_word' id='word_1_668' title='bbox 1022 4745 1085 4799; x_wconf 87' lang='grc' dir='ltr'>τὸ</span> <span class='ocrx_word' id='word_1_669' title='bbox 1135 4759 1391 4819; x_wconf 80' lang='grc' dir='ltr'>γεννητον</span> <span class='ocrx_word' id='word_1_670' title='bbox 1452 4743 1664 4816; x_wconf 84' lang='grc' dir='ltr'>ὁμοίως</span> <span class='ocrx_word' id='word_1_671' title='bbox 1719 4741 1809 4796; x_wconf 84' lang='grc' dir='ltr'>καὶ</span> <span class='ocrx_word' id='word_1_672' title='bbox 1865 4743 1928 4797; x_wconf 89' lang='grc' dir='ltr'>τὸ</span> 
     </span>
    </p>
   </div>
   <div class='ocr_carea' id='block_1_98' title="bbox 292 4831 1929 4912">
    <p class='ocr_par' dir='ltr' id='par_1_98' title="bbox 292 4831 1929 4912">
     <span class='ocr_line' id='line_1_98' title="bbox 292 4831 1929 4912; baseline -0.002 -24"><span class='ocrx_word' id='word_1_673' title='bbox 292 4832 627 4912; x_wconf 71' lang='grc' dir='ltr'>ἕκπορευτὸν,</span> <span class='ocrx_word' id='word_1_674' title='bbox 696 4839 798 4907; x_wconf 80' lang='grc' dir='ltr'>τήν</span> <span class='ocrx_word' id='word_1_675' title='bbox 862 4833 1209 4912; x_wconf 65' lang='grc' dir='ltr'>ἆγενντισὶαν,</span> <span class='ocrx_word' id='word_1_676' title='bbox 1266 4835 1365 4903; x_wconf 75' lang='grc' dir='ltr'>τήν</span> <span class='ocrx_word' id='word_1_677' title='bbox 1398 4834 1674 4906; x_wconf 74' lang='grc' dir='ltr'>γέννησιν,</span> <span class='ocrx_word' id='word_1_678' title='bbox 1707 4831 1796 4886; x_wconf 84' lang='grc' dir='ltr'>καὶ</span> <span class='ocrx_word' id='word_1_679' title='bbox 1831 4833 1929 4900; x_wconf 71' lang='grc' dir='ltr'>τὴν</span> 
     </span>
    </p>
   </div>
   <div class='ocr_carea' id='block_1_99' title="bbox 291 4917 1927 5001">
    <p class='ocr_par' dir='ltr' id='par_1_99' title="bbox 291 4917 1927 5001">
     <span class='ocr_line' id='line_1_99' title="bbox 291 4917 1927 5001; baseline -0.003 -23"><span class='ocrx_word' id='word_1_680' title='bbox 291 4921 614 5001; x_wconf 74' lang='grc' dir='ltr'>ἐκπόρευσιν·</span> <span class='ocrx_word' id='word_1_681' title='bbox 645 4928 737 4983; x_wconf 76' lang='grc' dir='ltr'>καὶ</span> <span class='ocrx_word' id='word_1_682' title='bbox 787 4931 962 4981; x_wconf 74' lang='grc' dir='ltr'>ταῦτα</span> <span class='ocrx_word' id='word_1_683' title='bbox 1024 4922 1085 4977; x_wconf 79' lang='grc' dir='ltr'>οὐ</span> <span class='ocrx_word' id='word_1_684' title='bbox 1138 4923 1566 4995; x_wconf 81' lang='grc' dir='ltr'>μεταπίπτοντα,</span> <span class='ocrx_word' id='word_1_685' title='bbox 1614 4919 1742 4975; x_wconf 82' lang='grc' dir='ltr'>ἀλλ’</span> <span class='ocrx_word' id='word_1_686' title='bbox 1793 4917 1927 4974; x_wconf 73' lang='grc' dir='ltr'>ἕκα-</span> 
     </span>
    </p>
   </div>
   <div class='ocr_carea' id='block_1_100' title="bbox 295 5008 1928 5087">
    <p class='ocr_par' dir='ltr' id='par_1_100' title="bbox 295 5008 1928 5087">
     <span class='ocr_line' id='line_1_100' title="bbox 295 5008 1928 5087; baseline -0.002 -22"><span class='ocrx_word' id='word_1_687' title='bbox 295 5031 411 5067; x_wconf 80' lang='grc' dir='ltr'>στον</span> <span class='ocrx_word' id='word_1_688' title='bbox 467 5017 688 5087; x_wconf 67' lang='grc' dir='ltr'>ἑκάστης</span> <span class='ocrx_word' id='word_1_689' title='bbox 749 5013 1105 5074; x_wconf 77' lang='grc' dir='ltr'>ὑποστάσεως</span> <span class='ocrx_word' id='word_1_690' title='bbox 1159 5011 1568 5082; x_wconf 74' lang='grc' dir='ltr'>ἀμετακινήτως</span> <span class='ocrx_word' id='word_1_691' title='bbox 1625 5008 1714 5062; x_wconf 75' lang='grc' dir='ltr'>καὶ</span> <span class='ocrx_word' id='word_1_692' title='bbox 1764 5008 1928 5063; x_wconf 83' lang='grc' dir='ltr'>ἀνυπ-</span> 
     </span>
    </p>
   </div>
   <div class='ocr_carea' id='block_1_101' title="bbox 297 5095 1923 5180">
    <p class='ocr_par' dir='ltr' id='par_1_101' title="bbox 297 5095 1923 5180">
     <span class='ocr_line' id='line_1_101' title="bbox 297 5095 1923 5180; baseline -0.001 -28"><span class='ocrx_word' id='word_1_693' title='bbox 297 5098 568 5167; x_wconf 54' lang='lat' dir='ltr'>ﬁlix-1w;</span> <span class='ocrx_word' id='word_1_694' title='bbox 602 5096 1102 5180; x_wconf 74' lang='grc' dir='ltr'>χαρακτηριπικὸν</span> <span class='ocrx_word' id='word_1_695' title='bbox 1134 5095 1342 5171; x_wconf 77' lang='grc' dir='ltr'>ἶδίωμά</span> <span class='ocrx_word' id='word_1_696' title='bbox 1369 5118 1427 5153; x_wconf 85' lang='grc' dir='ltr'>τε</span> <span class='ocrx_word' id='word_1_697' title='bbox 1482 5098 1572 5152; x_wconf 88' lang='grc' dir='ltr'>καὶ</span> <span class='ocrx_word' id='word_1_698' title='bbox 1621 5098 1923 5172; x_wconf 62' lang='grc' dir='ltr'>γνώρισμα</span> 
     </span>
    </p>
   </div>
   <div class='ocr_carea' id='block_1_102' title="bbox 293 5179 1927 5269">
    <p class='ocr_par' dir='ltr' id='par_1_102' title="bbox 293 5179 1927 5269">
     <span class='ocr_line' id='line_1_102' title="bbox 293 5179 1927 5269; baseline -0.002 -28"><span class='ocrx_word' id='word_1_699' title='bbox 293 5193 384 5243; x_wconf 70' lang='grc' dir='ltr'>τοῦ</span> <span class='ocrx_word' id='word_1_700' title='bbox 431 5179 638 5269; x_wconf 74' lang='grc' dir='ltr'>Πατρὸς</span> <span class='ocrx_word' id='word_1_701' title='bbox 677 5179 780 5262; x_wconf 71' lang='grc' dir='ltr'>τὴν</span> <span class='ocrx_word' id='word_1_702' title='bbox 841 5186 1186 5266; x_wconf 80' lang='grc' dir='ltr'>ἆγεννησίαν,</span> <span class='ocrx_word' id='word_1_703' title='bbox 1246 5189 1331 5242; x_wconf 81' lang='grc' dir='ltr'>ὅτι</span> <span class='ocrx_word' id='word_1_704' title='bbox 1381 5186 1458 5258; x_wconf 72' lang='grc' dir='ltr'>μὴ</span> <span class='ocrx_word' id='word_1_705' title='bbox 1509 5179 1568 5241; x_wconf 70' lang='grc' dir='ltr'>ἔκ</span> <span class='ocrx_word' id='word_1_706' title='bbox 1615 5206 1788 5253; x_wconf 85' lang='grc' dir='ltr'>τινος,</span> <span class='ocrx_word' id='word_1_707' title='bbox 1837 5184 1927 5238; x_wconf 85' lang='grc' dir='ltr'>καὶ</span> 
     </span>
    </p>
   </div>
   <div class='ocr_carea' id='block_1_103' title="bbox 296 5275 1926 5352">
    <p class='ocr_par' dir='ltr' id='par_1_103' title="bbox 296 5275 1926 5352">
     <span class='ocr_line' id='line_1_103' title="bbox 296 5275 1926 5352; baseline -0.001 -22"><span class='ocrx_word' id='word_1_708' title='bbox 296 5277 406 5336; x_wconf 64' lang='grc' dir='ltr'>οὔτε</span> <span class='ocrx_word' id='word_1_709' title='bbox 455 5289 544 5340; x_wconf 77' lang='grc' dir='ltr'>τοῦ</span> <span class='ocrx_word' id='word_1_710' title='bbox 614 5287 742 5340; x_wconf 74' lang='grc' dir='ltr'>1⁸ἱοῦ</span> <span class='ocrx_word' id='word_1_711' title='bbox 804 5279 937 5345; x_wconf 69' lang='grc' dir='ltr'>οὔτε</span> <span class='ocrx_word' id='word_1_712' title='bbox 997 5282 1095 5332; x_wconf 80' lang='grc' dir='ltr'>τοῦ</span> <span class='ocrx_word' id='word_1_713' title='bbox 1145 5281 1476 5352; x_wconf 83' lang='grc' dir='ltr'>Πνεύματος·</span> <span class='ocrx_word' id='word_1_714' title='bbox 1536 5282 1634 5331; x_wconf 82' lang='grc' dir='ltr'>τοῦ</span> <span class='ocrx_word' id='word_1_715' title='bbox 1665 5277 1797 5330; x_wconf 76' lang='grc' dir='ltr'>ι’ἱοῦ</span> <span class='ocrx_word' id='word_1_716' title='bbox 1825 5275 1926 5343; x_wconf 74' lang='grc' dir='ltr'>τὴν</span> 
     </span>
    </p>
   </div>
   <div class='ocr_carea' id='block_1_104' title="bbox 295 5363 1922 5446">
    <p class='ocr_par' dir='ltr' id='par_1_104' title="bbox 295 5363 1922 5446">
     <span class='ocr_line' id='line_1_104' title="bbox 295 5363 1922 5446; baseline -0.003 -22"><span class='ocrx_word' id='word_1_717' title='bbox 295 5369 532 5446; x_wconf 73' lang='grc' dir='ltr'>γέννησιν,</span> <span class='ocrx_word' id='word_1_718' title='bbox 563 5375 650 5431; x_wconf 82' lang='grc' dir='ltr'>καὶ</span> <span class='ocrx_word' id='word_1_719' title='bbox 684 5371 812 5430; x_wconf 63' lang='grc' dir='ltr'>οὔτε</span> <span class='ocrx_word' id='word_1_720' title='bbox 842 5372 947 5424; x_wconf 77' lang='grc' dir='ltr'>τοῦ</span> <span class='ocrx_word' id='word_1_721' title='bbox 1007 5369 1211 5442; x_wconf 69' lang='grc' dir='ltr'>[ἰατρὸς</span> <span class='ocrx_word' id='word_1_722' title='bbox 1263 5363 1389 5421; x_wconf 73' lang='grc' dir='ltr'>οὔτε</span> <span class='ocrx_word' id='word_1_723' title='bbox 1433 5369 1529 5421; x_wconf 78' lang='grc' dir='ltr'>τοῦ</span> <span class='ocrx_word' id='word_1_724' title='bbox 1588 5365 1922 5438; x_wconf 78' lang='grc' dir='ltr'>Πνεύματος³</span> 
     </span>
    </p>
   </div>
   <div class='ocr_carea' id='block_1_105' title="bbox 292 5455 1924 5545">
    <p class='ocr_par' dir='ltr' id='par_1_105' title="bbox 292 5455 1924 5545">
     <span class='ocr_line' id='line_1_105' title="bbox 292 5455 1924 5545; baseline -0.006 -26"><span class='ocrx_word' id='word_1_725' title='bbox 292 5464 444 5534; x_wconf 78' lang='grc' dir='ltr'>μόνος</span> <span class='ocrx_word' id='word_1_726' title='bbox 495 5470 592 5545; x_wconf 75' lang='grc' dir='ltr'>γὰρ</span> <span class='ocrx_word' id='word_1_727' title='bbox 651 5467 713 5524; x_wconf 57' lang='grc' dir='ltr'>ἐκ</span> <span class='ocrx_word' id='word_1_728' title='bbox 750 5466 855 5520; x_wconf 73' lang='grc' dir='ltr'>τοῦ</span> <span class='ocrx_word' id='word_1_729' title='bbox 919 5459 1129 5534; x_wconf 81' lang='grc' dir='ltr'>[ἰατρὸς</span> <span class='ocrx_word' id='word_1_730' title='bbox 1179 5459 1456 5536; x_wconf 81' lang='grc' dir='ltr'>γεννητὸς,</span> <span class='ocrx_word' id='word_1_731' title='bbox 1489 5455 1574 5512; x_wconf 81' lang='grc' dir='ltr'>διὸ</span> <span class='ocrx_word' id='word_1_732' title='bbox 1619 5457 1710 5512; x_wconf 85' lang='grc' dir='ltr'>καὶ</span> <span class='ocrx_word' id='word_1_733' title='bbox 1761 5477 1924 5529; x_wconf 80' lang='grc' dir='ltr'>μονο-</span> 
     </span>
    </p>
   </div>
   <div class='ocr_carea' id='block_1_106' title="bbox 341 5607 2017 5692">
    <p class='ocr_par' dir='ltr' id='par_1_106' title="bbox 341 5607 2017 5692">
     <span class='ocr_line' id='line_1_106' title="bbox 341 5607 2017 5692; baseline -0.009 -18"><span class='ocrx_word' id='word_1_734' title='bbox 341 5619 416 5692; x_wconf 69' lang='grc' dir='ltr'>(ι)</span> <span class='ocrx_word' id='word_1_735' title='bbox 447 5621 528 5678; x_wconf 78' lang='grc' dir='ltr'>αι’.</span> <span class='ocrx_word' id='word_1_736' title='bbox 561 5621 767 5680; x_wconf 79' lang='lat' dir='ltr'>Petav.</span> <span class='ocrx_word' id='word_1_737' title='bbox 787 5614 876 5673; x_wconf 70' lang='lat' dir='ltr'>De</span> <span class='ocrx_word' id='word_1_738' title='bbox 912 5609 1184 5668; x_wconf 61' lang='lat' dir='ltr'>Trinitas</span> <span class='ocrx_word' id='word_1_739' title='bbox 1209 5607 1313 5670; x_wconf 76' lang='lat' dir='ltr'>lib.</span> <span class='ocrx_word' id='word_1_740' title='bbox 1334 5607 1429 5676; x_wconf 80' lang='lat' dir='ltr'>IV,</span> <span class='ocrx_word' id='word_1_741' title='bbox 1455 5608 1707 5667; x_wconf 72' lang='lat' dir='ltr'>Promm.</span> <span class='ocrx_word' id='word_1_742' title='bbox 1745 5621 1808 5664; x_wconf 84' lang='grc' dir='ltr'>ιι.</span> <span class='ocrx_word' id='word_1_743' title='bbox 1830 5607 1864 5662; x_wconf 82' lang='grc'>2</span> <span class='ocrx_word' id='word_1_744' title='bbox 1892 5619 2017 5675; x_wconf 85' lang='lat' dir='ltr'>seq.</span> 
     </span>
    </p>
   </div>
   <div class='ocr_carea' id='block_1_107' title="bbox 2043 4651 3685 4727">
    <p class='ocr_par' dir='ltr' id='par_1_107' title="bbox 2043 4651 3685 4727">
     <span class='ocr_line' id='line_1_107' title="bbox 2043 4651 3685 4727; baseline -0.004 -14"><span class='ocrx_word' id='word_1_745' title='bbox 2043 4659 2268 4713; x_wconf 85' lang='lat' dir='ltr'>derata.</span> <span class='ocrx_word' id='word_1_746' title='bbox 2294 4656 2650 4727; x_wconf 83' lang='lat' dir='ltr'>Hypostasin</span> <span class='ocrx_word' id='word_1_747' title='bbox 2691 4671 2826 4709; x_wconf 89' lang='lat' dir='ltr'>vero</span> <span class='ocrx_word' id='word_1_748' title='bbox 2859 4660 2917 4708; x_wconf 90' lang='lat' dir='ltr'>et</span> <span class='ocrx_word' id='word_1_749' title='bbox 2945 4668 3264 4723; x_wconf 90' lang='lat' dir='ltr'>personam</span> <span class='ocrx_word' id='word_1_750' title='bbox 3305 4651 3685 4707; x_wconf 89' lang='lat' dir='ltr'>nominamus</span> 
     </span>
    </p>
   </div>
   <div class='ocr_carea' id='block_1_108' title="bbox 2041 4740 3688 4814">
    <p class='ocr_par' dir='ltr' id='par_1_108' title="bbox 2041 4740 3688 4814">
     <span class='ocr_line' id='line_1_108' title="bbox 2041 4740 3688 4814; baseline -0.004 -13"><span class='ocrx_word' id='word_1_751' title='bbox 2041 4743 2506 4814; x_wconf 88' lang='lat' dir='ltr'>unumquodque</span> <span class='ocrx_word' id='word_1_752' title='bbox 2537 4744 2746 4798; x_wconf 90' lang='lat' dir='ltr'>horum</span> <span class='ocrx_word' id='word_1_753' title='bbox 2763 4743 2941 4796; x_wconf 89' lang='lat' dir='ltr'>trium</span> <span class='ocrx_word' id='word_1_754' title='bbox 2967 4759 2979 4795; x_wconf 92' lang='lat'>:</span> <span class='ocrx_word' id='word_1_755' title='bbox 3008 4743 3264 4806; x_wconf 88' lang='lat' dir='ltr'>Patrem,</span> <span class='ocrx_word' id='word_1_756' title='bbox 3288 4740 3525 4810; x_wconf 89' lang='lat' dir='ltr'>Filium,</span> <span class='ocrx_word' id='word_1_757' title='bbox 3555 4742 3688 4812; x_wconf 89' lang='lat' dir='ltr'>Spi-</span> 
     </span>
    </p>
   </div>
   <div class='ocr_carea' id='block_1_109' title="bbox 2041 4829 3685 4903">
    <p class='ocr_par' dir='ltr' id='par_1_109' title="bbox 2041 4829 3685 4903">
     <span class='ocr_line' id='line_1_109' title="bbox 2041 4829 3685 4903; baseline -0.002 -14"><span class='ocrx_word' id='word_1_758' title='bbox 2041 4835 2257 4896; x_wconf 89' lang='lat' dir='ltr'>ritum;</span> <span class='ocrx_word' id='word_1_759' title='bbox 2305 4831 2675 4903; x_wconf 87' lang='lat' dir='ltr'>hypostatica</span> <span class='ocrx_word' id='word_1_760' title='bbox 2725 4836 2781 4885; x_wconf 85' lang='lat' dir='ltr'>et</span> <span class='ocrx_word' id='word_1_761' title='bbox 2820 4829 3155 4900; x_wconf 91' lang='lat' dir='ltr'>personalia</span> <span class='ocrx_word' id='word_1_762' title='bbox 3211 4834 3410 4886; x_wconf 87' lang='lat' dir='ltr'>autem</span> <span class='ocrx_word' id='word_1_763' title='bbox 3445 4847 3514 4886; x_wconf 90' lang='lat' dir='ltr'>ea</span> <span class='ocrx_word' id='word_1_764' title='bbox 3554 4847 3685 4902; x_wconf 79' lang='lat' dir='ltr'>quae</span> 
     </span>
    </p>
   </div>
   <div class='ocr_carea' id='block_1_110' title="bbox 2040 4919 3688 4992">
    <p class='ocr_par' dir='ltr' id='par_1_110' title="bbox 2040 4919 3688 4992">
     <span class='ocr_line' id='line_1_110' title="bbox 2040 4919 3688 4992; baseline -0.001 -14"><span class='ocrx_word' id='word_1_765' title='bbox 2040 4924 2198 4979; x_wconf 85' lang='lat' dir='ltr'>circa</span> <span class='ocrx_word' id='word_1_766' title='bbox 2215 4936 2701 4990; x_wconf 86' lang='lat' dir='ltr'>unumquemque</span> <span class='ocrx_word' id='word_1_767' title='bbox 2732 4920 2943 4974; x_wconf 88' lang='lat' dir='ltr'>borum</span> <span class='ocrx_word' id='word_1_768' title='bbox 2962 4919 3198 4990; x_wconf 88' lang='lat' dir='ltr'>proprie</span> <span class='ocrx_word' id='word_1_769' title='bbox 3220 4925 3277 4974; x_wconf 90' lang='lat' dir='ltr'>et</span> <span class='ocrx_word' id='word_1_770' title='bbox 3307 4921 3688 4992; x_wconf 82' lang='lat' dir='ltr'>peculiariter</span> 
     </span>
    </p>
   </div>
   <div class='ocr_carea' id='block_1_111' title="bbox 2042 5008 3686 5081">
    <p class='ocr_par' dir='ltr' id='par_1_111' title="bbox 2042 5008 3686 5081">
     <span class='ocr_line' id='line_1_111' title="bbox 2042 5008 3686 5081; baseline -0.001 -13"><span class='ocrx_word' id='word_1_771' title='bbox 2042 5013 2353 5078; x_wconf 82' lang='lat' dir='ltr'>exsistunt,</span> <span class='ocrx_word' id='word_1_772' title='bbox 2370 5008 3167 5081; x_wconf 63' lang='lat' dir='ltr'>paternitatemﬁliationem</span> <span class='ocrx_word' id='word_1_773' title='bbox 3196 5015 3254 5064; x_wconf 86' lang='lat' dir='ltr'>et</span> <span class='ocrx_word' id='word_1_774' title='bbox 3275 5011 3528 5081; x_wconf 88' lang='lat' dir='ltr'>Spiritus</span> <span class='ocrx_word' id='word_1_775' title='bbox 3560 5026 3686 5066; x_wconf 89' lang='lat' dir='ltr'>san-</span> 
     </span>
    </p>
   </div>
   <div class='ocr_carea' id='block_1_112' title="bbox 2040 5097 3688 5174">
    <p class='ocr_par' dir='ltr' id='par_1_112' title="bbox 2040 5097 3688 5174">
     <span class='ocr_line' id='line_1_112' title="bbox 2040 5097 3688 5174; baseline -0.002 -17"><span class='ocrx_word' id='word_1_776' title='bbox 2040 5104 2116 5158; x_wconf 83' lang='lat' dir='ltr'>cti</span> <span class='ocrx_word' id='word_1_777' title='bbox 2149 5100 2593 5174; x_wconf 88' lang='lat' dir='ltr'>proprietatem,</span> <span class='ocrx_word' id='word_1_778' title='bbox 2621 5097 2950 5153; x_wconf 83' lang='lat' dir='ltr'>secundum</span> <span class='ocrx_word' id='word_1_779' title='bbox 2991 5116 3168 5169; x_wconf 88' lang='lat' dir='ltr'>quam</span> <span class='ocrx_word' id='word_1_780' title='bbox 3207 5101 3459 5170; x_wconf 86' lang='lat' dir='ltr'>Spiritus</span> <span class='ocrx_word' id='word_1_781' title='bbox 3482 5117 3688 5171; x_wconf 82' lang='lat' dir='ltr'>proce-</span> 
     </span>
    </p>
   </div>
   <div class='ocr_carea' id='block_1_113' title="bbox 2039 5186 3686 5262">
    <p class='ocr_par' dir='ltr' id='par_1_113' title="bbox 2039 5186 3686 5262">
     <span class='ocr_line' id='line_1_113' title="bbox 2039 5186 3686 5262; baseline -0.002 -16"><span class='ocrx_word' id='word_1_782' title='bbox 2039 5190 2186 5246; x_wconf 91' lang='lat' dir='ltr'>dens</span> <span class='ocrx_word' id='word_1_783' title='bbox 2209 5187 2569 5262; x_wconf 87' lang='lat' dir='ltr'>appellatur;</span> <span class='ocrx_word' id='word_1_784' title='bbox 2595 5186 2946 5259; x_wconf 72' lang='lat' dir='ltr'>ingenitum,</span> <span class='ocrx_word' id='word_1_785' title='bbox 2965 5189 3228 5260; x_wconf 81' lang='lat' dir='ltr'>genitum</span> <span class='ocrx_word' id='word_1_786' title='bbox 3259 5195 3317 5244; x_wconf 89' lang='lat' dir='ltr'>et</span> <span class='ocrx_word' id='word_1_787' title='bbox 3336 5189 3686 5260; x_wconf 49' lang='lat' dir='ltr'>procedens.</span> 
     </span>
    </p>
   </div>
   <div class='ocr_carea' id='block_1_114' title="bbox 2039 5276 3688 5349">
    <p class='ocr_par' dir='ltr' id='par_1_114' title="bbox 2039 5276 3688 5349">
     <span class='ocr_line' id='line_1_114' title="bbox 2039 5276 3688 5349; baseline -0.003 -15"><span class='ocrx_word' id='word_1_788' title='bbox 2039 5280 2156 5335; x_wconf 87' lang='lat' dir='ltr'>sive</span> <span class='ocrx_word' id='word_1_789' title='bbox 2189 5277 2733 5343; x_wconf 88' lang='lat' dir='ltr'>innascibilitatem,</span> <span class='ocrx_word' id='word_1_790' title='bbox 2762 5278 3209 5349; x_wconf 85' lang='lat' dir='ltr'>generationem</span> <span class='ocrx_word' id='word_1_791' title='bbox 3255 5281 3314 5332; x_wconf 88' lang='lat' dir='ltr'>et</span> <span class='ocrx_word' id='word_1_792' title='bbox 3352 5276 3688 5348; x_wconf 89' lang='lat' dir='ltr'>processio-</span> 
     </span>
    </p>
   </div>
   <div class='ocr_carea' id='block_1_115' title="bbox 2039 5361 3690 5437">
    <p class='ocr_par' dir='ltr' id='par_1_115' title="bbox 2039 5361 3690 5437">
     <span class='ocr_line' id='line_1_115' title="bbox 2039 5361 3690 5437; baseline -0.004 -15"><span class='ocrx_word' id='word_1_793' title='bbox 2039 5384 2177 5422; x_wconf 93' lang='lat' dir='ltr'>nem</span> <span class='ocrx_word' id='word_1_794' title='bbox 2198 5385 2210 5434; x_wconf 90' lang='lat'><strong>;</strong></span> <span class='ocrx_word' id='word_1_795' title='bbox 2231 5383 2416 5437; x_wconf 91' lang='lat' dir='ltr'>eaque</span> <span class='ocrx_word' id='word_1_796' title='bbox 2433 5383 2554 5421; x_wconf 91' lang='lat' dir='ltr'>non</span> <span class='ocrx_word' id='word_1_797' title='bbox 2573 5366 2946 5421; x_wconf 86' lang='lat' dir='ltr'>concidentia</span> <span class='ocrx_word' id='word_1_798' title='bbox 2961 5383 3026 5421; x_wconf 90' lang='lat' dir='ltr'>ac</span> <span class='ocrx_word' id='word_1_799' title='bbox 3046 5365 3320 5421; x_wconf 86' lang='lat' dir='ltr'>nutantia</span> <span class='ocrx_word' id='word_1_800' title='bbox 3341 5381 3468 5419; x_wconf 89' lang='lat' dir='ltr'>esse</span> <span class='ocrx_word' id='word_1_801' title='bbox 3491 5361 3690 5418; x_wconf 90' lang='lat' dir='ltr'>statui-</span> 
     </span>
    </p>
   </div>
   <div class='ocr_carea' id='block_1_116' title="bbox 2038 5452 3682 5527">
    <p class='ocr_par' dir='ltr' id='par_1_116' title="bbox 2038 5452 3682 5527">
     <span class='ocr_line' id='line_1_116' title="bbox 2038 5452 3682 5527; baseline -0.005 -16"><span class='ocrx_word' id='word_1_802' title='bbox 2038 5455 2304 5524; x_wconf 79' lang='lat' dir='ltr'>mus,sed</span> <span class='ocrx_word' id='word_1_803' title='bbox 2322 5455 2639 5527; x_wconf 85' lang='lat' dir='ltr'>cujuslibet</span> <span class='ocrx_word' id='word_1_804' title='bbox 2657 5471 2927 5526; x_wconf 83' lang='lat' dir='ltr'>personae</span> <span class='ocrx_word' id='word_1_805' title='bbox 2948 5452 3413 5524; x_wconf 88' lang='lat' dir='ltr'>uuumquodque</span> <span class='ocrx_word' id='word_1_806' title='bbox 3439 5466 3682 5506; x_wconf 86' lang='lat' dir='ltr'>manere</span> 
     </span>
    </p>
   </div>
  </div>
