4104 6300
398 315 512 380 1⁵19

1666 294 1981 358 NICETE
2028 293 2566 361 MARONIENSIS

3679 295 3785 364 180

402 449 653 506 immote
683 446 745 500 et
773 440 902 497 sine
916 436 1352 512 permutatione
1373 433 1495 489 ulla
1515 429 2059 488 characteristicam
2090 486 2095 496 η

2221 428 2349 491 ινός’
2377 431 2475 485 τοῦ
2500 436 2815 505 ῐῐνευματος
2844 435 2946 502 τὴν
3003 429 3344 507 ἐκπόρευσιν,
3404 433 3487 488 καὶ
3537 428 3650 489 οὔτε
3697 437 3783 488 τοῦ

408 543 471 594 et
489 534 866 591 discretivam
886 527 1397 601 proprietetem,et
1425 522 1614 577 Patris
1637 520 1875 592 quidem
1900 519 2065 574 inna-

410 624 814 689 scibilitatem,
839 619 980 690 quia
1014 634 1048 671 a
1070 615 1231 670 nullo
1271 617 1378 676 est,
1413 625 1665 681 eamque
1695 624 1889 678 neque
1929 608 2063 662 Filii

2173 519 2384 624 1191196:
2442 518 2565 576 οὔτε
2621 526 2719 577 τοῦ
2767 521 2918 577 Υἷοῦ·
2975 523 3141 595 μόνον
3166 522 3266 597 γὰρ
3309 522 3372 578 τὸ
3403 527 3602 596 Πνεῦμα
3625 522 3773 577 ἐκπο-

2176 627 2204 681 ρ
2211 627 2299 662 ευτ
2305 629 2361 663 ον
2368 653 2381 665 .

410 730 541 771 esse
571 726 764 782 neque
797 707 1047 779 Spiritus
1074 720 1086 759 :
1121 702 1252 758 Filii
1284 700 1752 772 generationem,
1776 713 1907 766 quaa
1938 712 2132 767 neque
2166 698 2354 753 Patris
2385 706 2474 755 est
2493 719 2686 774 neque
2715 703 2964 775 Spiritus
2993 721 3006 771 ;
3031 703 3195 759 solus
3220 704 3379 759 enim
3411 708 3496 759 est
3539 719 3603 759 ex
3630 706 3787 759 Patre

412 804 646 878 genitus
680 814 899 869 ;quare
929 800 990 849 et
1017 791 1365 863 Unigenitus
1398 808 1411 856 ;
1446 787 1700 860 Spiritus
1724 786 2190 857 processionem,
2215 804 2345 858 qua,
2376 806 2571 862 neque
2601 794 2791 848 Patris
2812 799 2903 849 est
2932 810 3125 864 neque
3147 792 3297 860 Filii,
3327 792 3481 849 solus
3511 792 3657 848 enim
3675 793 3794 865 Spi-

413 894 562 949 ritus
590 893 827 945 sanctus
860 890 948 940 est
975 881 1321 955 procedens.

487 984 540 1036 3.
575 979 727 1034 LAT.
795 973 945 1040 Quid
984 987 1121 1044 ergo
1155 970 1182 1024 ?
1219 970 1365 1024 Cum
1417 966 1715 1038 ingenitus
1761 963 1838 1018 sit
1872 965 2064 1033 Pater,

2244 967 2307 1041 γ’.
2369 972 2535 1026 ΛΑΤ.
2585 969 2650 1026 Τί
2698 970 2826 1040 οῦνς
2884 967 3071 1041 ἐπειδὴ
3130 969 3438 1045 ἀγέννητον,
3488 968 3570 1024 ὅτι
3623 971 3694 1043 μὴ
3740 963 3798 1023 ἔτι

418 1071 558 1143 quia
586 1084 621 1124 a
650 1065 816 1122 nullo
849 1067 958 1132 est,
992 1066 1051 1115 et
1078 1061 1193 1115 hoc
1226 1056 1409 1129 ipsius
1436 1056 1512 1110 sit
1533 1053 1865 1126 praprium,
1920 1068 2066 1107 num

2221 1077 2346 1128 Lvoc,
2393 1059 2421 1112 6
2482 1062 2668 1135 Πατήρ
2720 1060 2811 1115 καὶ
2866 1064 3028 1115 τοῦτο
3068 1057 3215 1114 ’ἰδιον
3260 1058 3445 1131 αὐτοῦ,
3505 1055 3591 1112 διὰ
3638 1062 3798 1113 τοῦτο

415 1158 637 1216 idcirco
663 1153 815 1211 nihil
845 1151 957 1207 erit
988 1166 1060 1204 ex
1089 1149 1217 1219 ipso
1243 1146 1271 1201 ‘l

489 1251 600 1305 GR.
626 1249 847 1303 Revera
869 1246 927 1297 et
948 1238 1246 1312 ingenitus
1277 1239 1452 1291 Pater
1477 1238 1566 1291 est
1588 1238 1646 1289 et
1674 1249 1795 1288 non
1828 1249 1898 1287 ex
1921 1230 2068 1297 ullo;

420 1337 527 1396 sed
547 1354 620 1393 ex
640 1336 771 1406 ipso
794 1328 1086 1404 processit
1118 1331 1243 1383 tum
1272 1324 1479 1390 Filius,
1510 1329 1637 1378 tum
1659 1322 1934 1393 Spiritus.

497 1518 653 1575 LAT.
677 1512 828 1580 Quid
859 1526 992 1567 vero
1013 1509 1041 1564 ‘2
1070 1509 1214 1564 Cum
1270 1504 1604 1577 progressio
1661 1502 1936 1573 quaadam
1994 1500 2072 1555 sit

2178 1143 2303 1200 οὐδὲ
2331 1145 2381 1215 ἐξ
2414 1148 2585 1204 αὐτοῦ
2614 1169 2664 1203 τι
2697 1144 2846 1204 ἔσται
2882 1171 2897 1216 ς

2252 1242 2352 1293 ΓΡ.
2387 1238 2485 1295 Καὶ
2520 1240 2630 1312 μὴν
2660 1239 2749 1293 καὶ
2780 1238 3076 1313 ἀγέννητος
3125 1241 3153 1294 6
3212 1239 3399 1312 Πατὴρ
3457 1237 3545 1293 καὶ
3600 1236 3693 1292 οὐκ
3746 1231 3800 1292 ἔκ

2178 1345 2346 1470 Ενοξ·
2398 1324 2526 1382 ἀλλ’
2579 1326 2627 1399 ἐξ
2687 1326 2852 1383 αὐτοῦ
2916 1325 3291 1402 προελήλυθεν
3344 1328 3372 1382 6
3429 1327 3552 1389 Υἱὸς
3607 1325 3696 1381 καὶ
3746 1326 3803 1380 τὸ

2231 1435 2421 1470 νευμα.

2231 1435 2318 1470 νευ
2326 1435 2421 1488 μα.

2254 1508 2416 1564 ΛΑΤ.
2450 1506 2515 1563 Τί
2544 1504 2601 1562 δέ
2634 1526 2647 1575 ;
2680 1505 2793 1562 ἐπεὶ
2824 1507 2915 1562 καὶ
2959 1504 3197 1581 πρόοδός
3249 1507 3335 1567 τίς
3392 1505 3534 1561 ἐστιν
3585 1506 3675 1562 ἀπ’
3721 1503 3808 1558 αὖ·

431 1607 505 1665 ab
536 1608 689 1677 ipso,
722 1600 987 1657 haeccine
1019 1601 1109 1653 est
1139 1612 1209 1651 ea
1239 1592 1553 1650 uniformis
1607 1597 1666 1647 et
1694 1592 1920 1662 absque
1951 1589 2077 1644 ulla

2221 1599 2301 1665 οῦ,
2332 1594 2436 1671 ἄρα
2468 1597 2808 1671 μονότροπος
2839 1596 2974 1666 αὕτη
3008 1596 3098 1651 καὶ
3130 1593 3430 1670 ἀδιάφορος
3457 1614 3471 1664 ;

433 1694 767 1754 differentia
786 1692 814 1746 Ἰ

507 1787 618 1840 GR.
650 1782 909 1838 Minime.
936 1779 1095 1834 'Nam
1137 1776 1406 1831 diversus
1436 1779 1525 1828 est
1555 1772 1769 1828 modus
1809 1787 2082 1842 progres-

439 1873 624 1931 sionis
651 1878 710 1927 et
729 1870 991 1925 diversas
1010 1882 1297 1938 personas
1328 1861 1908 1919 manifestans.Alius
1927 1860 2087 1914 enim

444 1967 537 2019 est
565 1959 779 2016 modus
810 1952 1613 2030 progressionis,secundum
1636 1966 1813 2021 quem
1845 1964 1916 2003 ex
1960 1948 2086 2018 ipso

443 2051 774 2116 estFilius;
808 2053 867 2102 et
914 2046 1010 2100 hic
1063 2042 1368 2115 generatio
1418 2040 1791 2112 appellatur;
1826 2044 1885 2092 et
1939 2036 2089 2092 alius

2109 1718 2157 1783 Β

2266 1789 2371 1857 ΓΡ,
2399 1786 2512 1845 Οὐκ
2543 1781 2684 1841 ἔστιν
2720 1788 2950 1861 (10)·καῖ
2979 1788 3081 1864 γὰρ
3114 1789 3142 1842 6
3179 1786 3387 1861 τρόπος
3442 1793 3545 1856 τῆς
3591 1781 3813 1861 προόδου

2197 1873 2458 1952 διάφορος
2546 1877 2638 1931 καὶ
2716 1873 2988 1954 διαφόρων
3078 1875 3392 1950 προσώπων
3505 1870 3827 1948 ἐκφαντικός.

2198 1964 2409 2027 ’Δλλος
2464 1965 2569 2039 γὰρ
2626 1963 2768 2019 ἐστιν
2825 1968 2852 2019 6
2902 1966 3107 2040 τρόπος
3152 1971 3251 2034 τῆς
3281 1963 3554 2039 προόδου,
3587 1965 3699 2019 καθ’
3721 1960 3773 2016 ὅν
3804 1960 3831 2014 6

2198 2053 2322 2114 Υἱὸς
2396 2052 2446 2123 ἐξ
2528 2055 2718 2123 αὐτοῦ,
2807 2054 3055 2129 γέννησις
3118 2054 3688 2130 προσαγορευόμενος,
3750 2049 3833 2103 καὶ

443 2140 678 2204 modus,
712 2135 1043 2192 secundum
1087 2148 1265 2204 quem
1308 2131 1560 2202 Spiritus
1610 2146 1681 2183 ex
1725 2145 1793 2183 eo
1850 2126 2088 2199 prodire

438 2230 657 2286 dicitur
688 2244 701 2294 ;
726 2230 967 2281 vocatur
993 2239 1129 2278 vero
1156 2222 1254 2276 hic
1286 2218 1604 2291 processio.
1658 2218 1913 2286 Uterque
1944 2232 2079 2270 vero

438 2316 651 2375 modus
672 2313 1002 2371 secundum
1034 2309 1455 2376 substantiam,
1487 2323 1607 2361 non
1640 2306 1781 2376 quia
1810 2304 2088 2359 diﬂ’eren-

439 2409 585 2463 tiam
615 2403 964 2461 substantiae
982 2399 1269 2472 praabent,
1303 2412 1508 2468 apage,
1543 2394 1646 2450 sed
1678 2395 1818 2466 quia
1846 2410 1918 2448 ex
1949 2392 2083 2447 sub-

443 2496 663 2553 stantia
692 2492 881 2548 Patris
908 2496 1032 2545 tum
1055 2488 1473 2555 Filius,verum
1504 2501 1610 2555 per
1629 2483 2092 2555 generationem,

2200 2139 2371 2203 ἅλλος
2405 2142 2433 2195 6
2488 2142 2716 2216 τρόπος,
2774 2144 2893 2196 καθ’
2950 2143 3009 2197 ’ὸν
3065 2143 3128 2197 τὸ
3162 2147 3388 2216 Πνεῦμα
3439 2142 3489 2212 ἐξ
3524 2142 3690 2197 αὐτοῦ
3715 2158 3841 2212 προ-

2201 2232 2452 2305 ἑρχεσθαι
2510 2229 2750 2306 Mys-cou-
2804 2230 3052 2285 καλεῖται
3104 2229 3160 2285 δὲ
3214 2232 3307 2285 καὶ
3356 2233 3523 2293 οὗτος
3583 2228 3840 2302 ἐκπόρευ-

2203 2341 2303 2381 σις.
2354 2318 2686 2397 ’Λμφότεροι
2741 2317 2798 2375 δὲ
2851 2323 2969 2374 κατ’
3034 2320 3242 2388 οὐσίαν,
3296 2322 3414 2399 οὐχ
3455 2321 3540 2376 ὅτι
3602 2316 3846 2395 διαφορὰν

2202 2410 2394 2471 οὐσίας
2451 2410 2811 2487 παρέχουσιν,
2871 2408 3225 2484 ἅπαγε,ἂλλ’
3283 2409 3374 2466 ὅτι
3426 2409 3488 2465 ἒκ
3518 2416 3619 2480 τῆς
3675 2406 3844 2462 οὒσίαε

696 2496 881 2593 Patris
908 2496 1032 2545 tum
1055 2496 1473 2555 Filius,verum
1504 2496 2092 2593 pergenerauonemL,
2199 2502 2296 2553 τοῦ
2356 2499 2568 2572 Ματρὸς
2622 2496 2713 2552 καὶ
2775 2499 2802 2552 ὁ
2859 2498 3006 2567 Υἱὸς,
3064 2497 3210 2554 ἀλλὰ
3264 2504 3580 2577 γεννητῶς,
3655 2496 3743 2554 καὶ
3794 2496 3851 2551 τὸ

444 2600 582 2642 cum
614 2581 884 2655 Spiritus,
916 2594 1122 2634 verum
1153 2593 1259 2648 per
1285 2573 1753 2646 processionem,
1781 2577 1838 2628 et
1868 2588 1989 2625 non
2018 2570 2090 2626 ab

2221 2584 2441 2659 Ἱνεῦμα,
2476 2570 2630 2639 ήάλλ’
2685 2585 3045 2661 ἐκπορευτῶς,
3100 2587 3191 2642 καὶ
3242 2570 3347 2643 οῦκ
3407 2570 3608 2662 ἔξωθεν
3666 2586 3724 2643 ἐκ
3765 2588 3852 2639 τοῦ

446 2682 757 2745 extra,non
790 2690 860 2727 ex
892 2670 1098 2737 nihilo,
1124 2665 1631 2741 quemadmodum
1664 2670 1975 2720 creaturas.
2026 2664 2095 2717 Et

2221 2676 2283 2744 ,ιὴ
2352 2696 2508 2736 οντος
2567 2676 2807 2750 καθάπερ
2856 2675 2922 2731 τὰ
2987 2677 3279 2749 κτίσματα.
3323 2677 3427 2735 Καὶ
3490 2679 3588 2734 τὸν
3622 2677 3718 2750 μὶν
3745 2674 3856 2731 Υἱὸν

446 2767 661 2823 Filium
693 2763 935 2835 quidem
962 2762 1136 2815 Pater
1170 2756 1387 2812 dicitur
1442 2770 1749 2828 generare,
1808 2752 2094 2823 Spiritum

2221 2767 2385 2840 (εννᾷν
2420 2764 2448 2817 6
2499 2764 2684 2838 Πατὴρ
2738 2763 2978 2841 λέγεται,
3037 2766 3098 2820 τὸ
3159 2762 3216 2820 δὲ
3273 2772 3509 2839 Πνεῦμα
3562 2761 3860 2839 προϐάλλε-

445 2859 643 2909 autem
660 2851 880 2907 dicitur
895 2847 1223 2919 producere
1256 2844 1348 2899 vel
1379 2843 1651 2899 emittere
1671 2840 1859 2911 (i),vel
1889 2839 2091 2895 nescio

2221 2864 2326 2916 τθαι
2358 2852 2392 2921 ἥ
2426 2849 2696 2907 πιοίεσθαι
2729 2854 2764 2922 ἢ
2797 2853 2897 2908 οὐκ
2953 2851 3059 2909 οἶδ’
3116 2856 3267 2916 ὅπως
3327 2857 3444 2930 ἐρῶ
3508 2851 3866 2932 προσφυέστε-

447 2940 744 3014 quomodo
769 2938 964 3008 aptius
987 2940 1044 2990 et
1065 2932 1568 2990 accommodatius
1597 2930 1811 2985 dicam.
1838 2930 2094 2997 Uterque

2221 2963 2322 2999 ιον.
2358 2943 2641 3015 Ἑκάτερος
2674 2940 2730 2997 δὲ
2757 2944 2963 3017 τρόπος
3023 2942 3164 2999 ἰδίου
3219 2945 3315 3019 μὲν
3377 2930 3696 3025 τετΰγήηκεν
3753 2944 3865 2998 ὀνό-

443 3047 580 3086 vero
608 3027 825 3083 mndus
856 3025 1162 3095 proprium
1214 3037 1435 3076 nomen
1484 3019 1728 3074 sortitus
1778 3024 1885 3086 est,
1936 3016 2094 3087 quod

2221 3053 2399 3101 αατος,
2442 3032 2472 3087 ὅ
2523 3033 2584 3087 τὸ
2634 3037 2853 3105 Πνεῦμα
2907 3036 2969 3089 τὸ
3002 3034 3152 3111 ἅγιον
3210 3016 3397 3100 ἔθετο.
3433 3016 3577 3112 ἡμζίν
3617 3034 3677 3093 δὲ
3706 3035 3873 3111 ἃγνω-

453 3116 706 3188 Spiritus
728 3118 966 3168 sanctus
986 3111 1183 3181 posuit
1217 3126 1230 3174 ;
1264 3108 1434 3163 nobis
1465 3113 1664 3162 autem
1694 3122 1817 3160 non
1851 3121 2093 3175 perspe-

2221 3121 2332 3182 πός
2386 3142 2446 3176 τε
2511 3121 2599 3175 καὶ
2651 3108 3059 3194 ἅκατάληπτοςί
3117 3123 3207 3179 καὶ
3263 3126 3361 3181 ’ὁτι
3417 3128 3448 3181 6
3485 3108 3585 3200 μὲν
3618 3108 3877 3201 ἕτερος,ὁ

458 3212 587 3263 ctus
629 3210 806 3273 atque
846 3197 1467 3270 incomprehensibilis
1500 3202 1607 3263 est,
1641 3200 1701 3249 et
1740 3195 1899 3265 quod
1947 3194 2095 3249 alius

2221 3208 2262 3265 3:
2293 3206 2496 3285 ἕτερος,
2528 3209 2723 3265 ἐκτῶν
2780 3212 2903 3287 περὶ
2961 3213 3217 3288 ἑκατέρου
3277 3194 3584 3291 διαφόρως
3649 3194 3874 3293 λεγομέ-

453 3297 529 3352 sit
552 3296 683 3359 iste,
711 3292 863 3348 alius
899 3289 1018 3358 ille,
1054 3305 1123 3343 ex
1171 3288 1246 3341 iis
1275 3287 1686 3358 cognoscimus
1717 3302 1847 3355 quae
1871 3284 2095 3339 diverso

2221 3321 2316 3354 nov
2346 3301 2711 3375 γινώσκομεν.
2745 3284 2932 3364 Τίςγδὶ
2956 3303 3045 3356 καὶ
3078 3284 3268 3364 ὁποῖος
3298 3284 3607 3382 ἒκᾶτερος,
3669 3284 3759 3359 καὶ
3785 3284 3886 3362 ⁷τίς

453 3385 629 3442 modo
660 3383 733 3437 de
780 3386 1034 3450 utroque
1076 3378 1376 3432 dicuntur.
1438 3375 1581 3439 Quis
1632 3390 1764 3428 vero
1814 3378 1871 3428 et
1909 3373 2095 3444 qualis

2221 3373 2534 3467 ἡδιαφορᾶ,
2716 3388 2906 3465 Τριάδι
2963 3394 3100 3467 μόνῃ
3159 3373 3534 3470 γινώσκεταίδ
3595 3373 3882 3468 οὐδὲνγὰρ

449 3480 700 3543 uterque
739 3470 816 3525 sit
842 3475 900 3524 et
930 3482 1209 3538 quamam
1244 3481 1450 3520 eorum
1483 3463 1836 3531 diﬂ‘erentia,
1870 3461 2095 3518 aTrini.

2221 3461 2547 3552 πλέον’-ἡμῖν
2571 3461 2692 3556 περί
2722 3461 2931 3536 τούτων
2965 3461 3033 3536 -ἐκ
3061 3461 3183 3537 τῶν.
3228 3484 3403 3539 θείων
3469 3486 3690 3563 λογίων

451 3568 571 3619 tate
603 3560 731 3616 sola
758 3558 1135 3631 cognoscitur
1166 3575 1181 3623 ;
1215 3554 1365 3610 nihil
1394 3553 1555 3609 enim
1585 3552 1657 3608 de
1707 3552 1798 3607 his
1846 3551 2095 3624 amplius

2221 3590 2428 3647 ρασται.
2463 3571 2532 3627 "tl
2567 3551 2679 3645 οὐχ
2709 3569 2882 3633 οὕτως
2923 3572 3030 3647 φῂς
3061 3573 3151 3628 καὶ
3181 3573 3353 3639 αὐτός
3389 3595 3404 3644 ;

454 3669 524 3708 ex
554 3649 768 3706 divinis
795 3645 1056 3702 oraculis
1088 3643 1417 3699 indicatum
1464 3647 1571 3697 est.
1603 3643 1696 3696 An
1725 3657 1861 3695 vero
1891 3644 1957 3696 tu
1985 3655 2103 3694 non

458 3741 543 3797 ita
572 3739 725 3794 dicis
758 3737 786 3792 ‘I

532 3829 684 3884 LAT.
716 3828 804 3881 Ita
833 3824 989 3880 dico.
1025 3822 1089 3878 In
1111 3822 1204 3878 his
1237 3822 1397 3877 enim
1420 3820 1526 3876 tibi
1567 3820 1873 3875 consentio
1917 3818 2102 3873 idem-

459 3935 573 3992 que
603 3932 834 3973 censeo.
857 3916 986 3982 Jam
1017 3929 1153 3967 vero
1196 3912 1488 3966 intremus
1517 3909 1578 3963 in
1604 3910 1792 3980 ipsam
1827 3908 2104 3979 quaastio-

456 4023 597 4063 nem
627 4012 806 4075 atque
839 3998 1901 4070 controversiam,perpendamusque
1930 3996 2011 4063 id,
2043 3996 2107 4050 in

458 4111 576 4166 quo
598 4094 755 4147 inter
777 4107 887 4144 nos
911 4090 984 4143 lis
1009 4095 1098 4143 est
1118 4093 1177 4141 et
1197 4089 1257 4141 in
1277 4103 1391 4157 quo
1407 4086 1479 4140 ab
1495 4086 1746 4140 invicem
1766 4084 2106 4139 dividimur.

457 4183 801 4253 lnquiratur
831 4180 1056 4247 itaque,
1082 4182 1283 4231 utrum
1307 4182 1575 4246 oporteat
1598 4174 1795 4230 dicere
1824 4174 2107 4244 Spiritum

460 4288 534 4327 ex
563 4272 733 4325 Patre
764 4265 1085 4339 procedere
1116 4264 1264 4331 solo,
1286 4280 1362 4319 an
1393 4264 1573 4319 etiam
1605 4279 1740 4318 eum
1786 4262 2108 4334 procedere

463 4377 536 4418 ex
571 4358 735 4414 Filio.

535 4450 654 4506 GR.
696 4446 761 4502 Id
780 4443 1054 4499 videlicet
1084 4443 1209 4515 ipse
1237 4442 1490 4514 Spiritus
1521 4446 1761 4496 sanctus
1800 4457 1907 4511 per
1955 4441 2109 4495 Scri-
2144 4418 2185 4480 ί)

463 4555 641 4613 puras
664 4536 946 4593 divinitus
988 4533 1306 4605 inspiratas
1341 4530 1644 4597 revelavit,
1672 4536 1732 4584 et
1760 4530 1948 4585 sancti
1996 4532 2107 4584 Pa-

460 4635 581 4685 tres
611 4634 789 4699 atque
808 4624 1085 4681 Ecclesiae
1111 4621 1378 4694 magistri
1402 4636 1510 4692 per
1527 4624 1799 4674 sanctum
1822 4619 2104 4690 Spiritum

459 4721 677 4776 initiati
703 4717 1051 4790 evangelicm
1067 4721 1124 4770 et
1144 4713 1485 4786 apostolica;
1516 4711 1800 4767 doctrinas
1832 4711 2108 4784 dogmata

460 4808 659 4865 iusuis
681 4807 961 4861 divinitus
982 4804 1286 4877 inspiratis
1342 4799 1815 4857 institutionibus
1844 4800 2104 4856 tradideo

460 4900 632 4960 runt;
666 4910 859 4964 neque
890 4900 1065 4949 rectae
1089 4900 1145 4949 et
1167 4894 1279 4965 piae
1308 4892 1620 4948 sententiaa
1641 4890 1758 4946 ullo
1774 4891 1948 4946 modo
1964 4891 2108 4961 quid

461 4984 840 5049 adversatur;
874 4998 1069 5051 neque
1092 4983 1282 5037 ullum
1308 4981 1526 5037 exinde
1567 4980 1962 5051 consequitur
2002 4981 2106 5035 ab-

2289 3834 2450 3889 AAT.
2503 3833 2685 3905 Φημί,
2751 3833 3015 3912 σύμφρων
3047 3833 3149 3909 γὰρ
3182 3833 3270 3889 ἐπὶ
3329 3838 3578 3903 τούτοις
3638 3837 3755 3912 εἰμί
3823 3854 3906 3891 σοι

2216 3921 2304 3975 καὶ
2365 3918 2648 3994 ὁμόδοξος.
2703 3919 2844 3990 Ἤδη
2901 3920 2958 3978 δὶ
3005 3916 3405 3996 εἰσϐάλλωμεν
3463 3927 3563 3983 ἐπὶ
3619 3929 3687 3983 τὸ
3735 3927 3901 4003 ἀμφι-

2216 4004 2566 4083 ϐαλλόμενον
2600 4009 2688 4063 καὶ
2730 4010 3091 4083 ζητούμενον,
3124 4012 3211 4065 καὶ
3240 4015 3378 4090 περὶ
3415 4015 3448 4070 ὀ
3504 4017 3682 4090 μὲσον
3742 4017 3899 4088 ἡμῶν

2217 4100 2252 4168 ἠ
2287 4095 2540 4174 διαφορὰ,
2572 4099 2662 4153 καὶ
2695 4095 2763 4152 δι’
2812 4100 2841 4153 ’ὁ
2897 4104 3043 4175 τάχα
3100 4101 3190 4155 καὶ
3249 4098 3639 4178 διιστάμεθα.
3697 4106 3909 4164 Οὐκοῦν

2222 4188 2512 4257 ζητείσθω,
2561 4187 2789 4262 πότερον
2850 4189 3031 4267 χρεὼν
3087 4187 3266 4263 λέγειν
3332 4193 3406 4248 τὸ
3440 4196 3685 4270 Ονεῦμα
3729 4195 3794 4250 ὲκ
3820 4195 3915 4249 τοῦ

2222 4276 2431 4351 Πατρὸς
2466 4276 2846 4351 ἐκπορεύεσθαι
2868 4277 3056 4350 μόνου,
3078 4279 3113 4348 ἢ
3145 4279 3236 4333 καὶ
3268 4278 3336 4335 ἐκ
3367 4287 3482 4339 τοῦ
3516 4287 3685 4342 Υἱοῦ.

2290 4462 2395 4516 ΓΡ,
2426 4459 2493 4515 ⁴Ο
2553 4454 2768 4527 δηλαδὴ
2829 4459 2919 4513 καὶ
2976 4460 3109 4516 αὐτὸ
3158 4460 3221 4515 τὸ
3248 4464 3501 4538 Πνεῦμα
3535 4468 3607 4523 τὸ
3642 4467 3809 4543 ἃγιον
3844 4463 3928 4520 διὰ

2217 4551 2324 4600 τῶν
2386 4546 2754 4600 θεοπνεύστων
2803 4552 3028 4626 Γραφῶν
3090 4546 3405 4623 ἑξεκάλυψε
3466 4554 3572 4609 κάὶ
3639 4557 3700 4611 οἱ
3778 4553 3928 4629 ἃγιοι

2217 4636 2454 4710 Πατὲρες
2514 4635 2604 4689 καὶ
2653 4641 2750 4704 γῆς
2810 4635 3141 4705 Ἐκκλησὶας
3198 4633 3565 4698 διδάσκαλοι
3654 4643 3753 4699 διὰ
3838 4645 3933 4697 τοῦ

2217 4723 2377 4798 ἁγίου
2438 4727 2753 4796 Πνεῦματος
2817 4725 3120 4812 μυηθέντες
3163 4726 3230 4780 τὰ
3321 4735 3444 4799 τῆς
3540 4732 3932 4812 εὐαγγελικῆς

2218 4813 2307 4866 καὶ
2366 4812 2737 4883 ἆποστολικῆς
2790 4815 3048 4884 (πίστεως
3109 4811 3428 4888 δόγματα),
3498 4824 3631 4895 (ii)
3700 4824 3758 4878 ἐν
3818 4840 3937 4881 ταις

2219 4904 2422 4959 ἑαυτῶν
2507 4904 2885 4965 θεοπνεύστοις
2960 4901 3347 4967 διδασκαλίαις
3450 4909 3932 4983 παραδεδώκασι·

2218 4990 2308 5046 καὶ
2337 4989 2489 5046 οὐδὲν
2516 4994 2627 5064 (12)
2656 4996 2737 5063 τῷ
2766 4991 2912 5067 όρθῷ
2942 4991 3094 5067 λόγῳ
3140 4991 3230 5047 καὶ
3288 4992 3545 5054 εὐσεϐεῖ
3594 5003 3725 5057 κατ’
3784 4996 3944 5055 οὐδὲν

465 5072 785 5170 surda-m1“
1146 5158 1181 5170 ‘1
1589 5159 1598 5170 .
1683 5159 1693 5170 '
1844 5162 1854 5170 Δ
1947 5162 1955 5170 Α
2219 5076 2713 5149 ἠναντίωται,οῦτε
2746 5080 2852 5153 μὴν
2914 5076 3031 5155 ἔχει
3086 5101 3140 5135 τι
3190 5085 3630 5158 παρεπόμενον
3693 5089 3935 5145 ἄτοπον.

534 5161 688 5217 LAT.
724 5159 826 5214 Dic
873 5174 1061 5214 unum
1111 5158 1428 5214 alterumve
1478 5175 1550 5215 ex
1584 5159 1750 5230 ipsis,
1795 5162 1863 5214 ut
1906 5162 1962 5213 et
2004 5174 2095 5231 egc

462 5265 836 5308 cognoscam.

2292 5172 2447 5227 AAT.
2481 5166 2713 5225 Ἀλλ’έν
2740 5168 2800 5243 γὲ
2826 5190 2878 5224 τι
2917 5170 3140 5246 φράσον.
3205 5166 3298 5223 ’ίνα
3365 5180 3504 5249 γνῶ
3571 5179 3680 5235 καὶ
3748 5176 3948 5239 αὐτός.

533 5268 836 5325 gnoscam.

533 5386 647 5457 (10)
679 5383 1097 5457 Oblitteratum
1131 5381 1193 5457 in
1226 5380 1356 5457 c_o_d.
1392 5382 1517 5457 Vat.

1165 5397 1193 5461 ῃ
1226 5380 1356 5461 c_o_d,
1392 5382 1533 5461 Vat:
1583 5453 1597 5461 _
1855 5454 1866 5461 _
1897 5454 1909 5461 _
2216 5379 2661 5461 plen‘daerant‘.

537 5453 649 5527 (ll)
682 5456 905 5511 Desunt
931 5453 1131 5525 aliqua
1161 5453 1223 5507 in
1256 5453 1380 5508 Vat.
1415 5469 1473 5524 p.
1508 5455 1558 5522 3,
1582 5453 1663 5519 b.,
1698 5470 1829 5525 quae
1853 5454 1948 5509 hic
1976 5470 2105 5525 sup.

2290 5453 2399 5522 (12)
2433 5452 2559 5506 Vat.
2595 5445 2746 5506 οὐδὲ.

537 5584 604 5658 (ἰ)
627 5585 842 5640 Vocem
873 5573 1281 5654 προϐάλλεσθαι
1314 5597 1434 5637 non
1464 5581 1784 5653 passivum,
1807 5580 1910 5637 sed
1932 5579 2095 5636 medi

536 5656 654 5714 tivo
687 5671 819 5714 eam
849 5669 1051 5712 vocem
1082 5657 1348 5714 usurpat.

2226 5578 2320 5634 hic
2349 5592 2479 5633 esse
2510 5575 2817 5632 declarant
2844 5575 3061 5632 Nicetes
3092 5574 3209 5633 alia
3234 5576 3744 5657 verba,quibus
3781 5600 3971 5646 sensu

466 5668 654 5717 activo
687 5671 819 5714 eam
849 5669 1051 5712 vocem
1082 5668 1348 5726 usurpat.
