4104 6300
286 336 375 400 181

361 470 416 527 δ’.
444 476 542 529 ΓΡ.
573 474 680 544 (13)
712 471 786 528 Εἰ
834 471 901 526 ἐκ
948 474 1046 527 106
1091 473 1302 545 Πατρὸς
1354 473 1788 548 ἐκπορευόμενου
1847 472 1931 546 [τὸ
1962 472 2016 540 Α

315 564 517 635 Πνεῦμα]
566 561 930 637 ἐκπορεύεται
992 561 1081 616 καὶ
1140 561 1200 617 ἐκ
1255 567 1351 617 106
1401 563 1549 632 T106,
1610 561 1940 638 συγκέχυται

314 654 474 707 τᾶτῶν
507 649 829 722 ἰδιοτήτων,
885 651 923 720 ἤ
987 651 1061 712 ὡς
1111 651 1159 722 ἐξ
1226 651 1406 723 ἄλλης
1468 653 1814 714 ὑποστάσεως
1866 652 1942 715 εἰς

311 741 453 810 ἄλλην
486 745 949 814 μεταχωροῦντα,
984 739 1020 810 ἤ
1063 741 1138 805 ὡς
1186 739 1364 812 ἄλλην
1417 741 1474 811 ἐζ
1527 740 1708 810 ἄλλης
1767 763 1939 814 μετα-

307 826 668 903 λαμϐανούσης
701 828 964 900 ἰδιότητα
1004 834 1102 899 τῆς
1162 831 1331 900 αὐτῆς
1383 832 1746 896 ὑποστάσεως·
1804 832 1938 904 ’ὸπερ

300 928 379 988 τῆς
411 915 720 974 Σαϐελλίου
754 917 921 988 δόξης
984 918 1124 973 ἐστὶν
1166 921 1228 976 ού
1265 921 1498 995 μακράν.
1532 921 1594 976 Εἰ
1631 921 1734 996 γὰρ
1768 921 1794 976 ὁ
1828 927 1940 974 Πα-

303 1011 389 1082 τὴρ
415 1008 498 1062 καὶ
533 1010 560 1062 ὁ
593 1009 720 1069 Υἱὸς
771 1006 828 1063 ἓν
881 1009 974 1063 καὶ
1021 1010 1214 1064 ταυτὸν
1263 1010 1500 1084 ὑπάρχει
1545 1010 1683 1064 κατᾶ
1729 1003 1936 1064 Σαϐἐλ-

305 1097 422 1163 λιον,
455 1097 762 1161 ἀκόλουθον
821 1098 1042 1160 πάντως
1099 1097 1158 1153 ἐκ
1202 1102 1300 1153 106
1359 1099 1568 1172 Ηατρὸς
1609 1099 1672 1152 τὸ
1722 1103 1937 1172 Πνεῦμα

302 1185 717 1259 ἐκπορευόμενον
762 1184 1147 1259 ἐκπορεύεσθαι
1193 1187 1284 1242 καὶ
1336 1186 1398 1242 ἐκ
1441 1191 1538 1242 τοῦ
1586 1187 1733 1241 Υἳοῦ·
1792 1191 1938 1263 τάχα

301 1272 339 1330 δ’
365 1273 422 1329 ἄν
454 1276 543 1330 καὶ
576 1274 625 1344 ἐξ
659 1276 876 1330 ἑαυτοῦ.

363 1367 526 1422 ΛΑΤ.
556 1363 723 1423 ’Δλλ’
755 1365 836 1444 ἐφ’
868 1367 1032 1438 ἡμῶν
1063 1365 1164 1421 οὐκ
1203 1362 1321 1441 ἔχει
1371 1364 1559 1444 χώραν
1589 1366 1653 1421 τὸ
1680 1369 1779 1420 106
1829 1371 1934 1420 Σα-

302 1448 516 1508 ϐελλίου
547 1453 818 1529 δοξάριον·
855 1452 982 1509 οὐδὲ
1020 1456 1119 1530 γὰρ
1176 1456 1271 1515 τὰς
1328 1455 1647 1517 ὑποστάσεις
1697 1454 1936 1533 συγχέο-

302 1563 388 1616 μεν
417 1545 503 1597 καὶ
533 1545 598 1598 τὰ
642 1545 932 1619 πρόσωπα,
995 1542 1123 1600 οὐδὲ
1175 1545 1271 1607 τὰς
1323 1541 1600 1615 ἰδιότητας
1653 1545 1934 1618 μετατίθε-

297 1653 407 1705 μεν,
442 1631 567 1688 οὑδὲ
595 1635 694 1702 τήν
734 1633 904 1702 αὑτὴν
973 1633 1061 1688 καὶ
1120 1634 1245 1708 μίαν
1299 1635 1586 1689 ὑπόστασιν
1626 1636 1700 1696 εἷς
1751 1631 1931 1705 ἃλλην

289 1725 364 1778 καί
407 1723 590 1795 ἄλλην
645 1721 899 1794 ἰδιότητα
961 1724 1352 1800 μεταφέρομεν·
1414 1722 1538 1780 οὐδὲ
1590 1723 1646 1781 ἓν
1692 1725 1758 1780 τὰ
1809 1724 1933 1801 τρία

290 1810 578 1886 δοξάζομεν
629 1814 930 1889 πρόσωπον
980 1812 1017 1882 ἤ
1072 1813 1456 1889 τριπρόσωπον
1507 1814 1630 1888 μίαν
1684 1815 1926 1871 ὑπόστα-
1960 1852 2005 1917 Β

287 1923 374 1972 σιν,
433 1902 586 1958 ἀλλὰ
643 1903 734 1957 καὶ
790 1902 886 1964 τὰς
943 1902 1259 1965 ὑποστάσεις
1314 1909 1459 1977 τρεῖς
1532 1902 1662 1958 εἶναι
1744 1925 1920 1978 φαμεν

279 1999 363 2063 τῆς
437 1994 704 2063 θεότητος
765 1991 855 2047 καὶ
917 1992 1147 2061 ἑκάστην
1201 1993 1494 2048 ὑπόστασιν
1551 1991 1601 2048 ἐν
1679 1992 1920 2066 ἀκινήτῳ

279 2088 542 2156 τηροῦμεν
604 2085 675 2154 τῇ
739 2081 1000 2151 ἲὸιότητι·
1059 2085 1156 2135 106
1214 2081 1309 2154 μὲν
1355 2083 1456 2156 γὰρ
1508 2084 1717 2157 Πατρὸς
1776 2081 1915 2138 ἴδιον

275 2172 327 2226 τὸ
349 2171 668 2248 ἀγέινητον,
700 2175 801 2224 106
834 2167 892 2224 δὲ
923 2171 1050 2224 1‘106
1078 2171 1140 2224 τὸ
1186 2169 1465 2244 γεννητὸν,
1516 2174 1612 2226 106
1658 2169 1715 2226 δὲ
1759 2173 1919 2247 ἁγίου

277 2262 586 2331 Πνεύματος
657 2261 720 2314 τὸ
793 2257 1117 2331 ἐκπορευτὸν
1213 2262 1345 2314 εἶναι
1430 2260 1703 2333 τιθέμεθα·
1790 2259 1917 2317 ἀλλ’

276 2349 442 2423 ὥσπερ
472 2348 574 2404 106
605 2349 825 2424 Πατρὸς
860 2347 924 2402 ού
954 2350 1016 2403 τὸ
1057 2347 1346 2423 ἀγέννητον
1399 2349 1586 2422 μόνον,
1636 2349 1782 2406 ἀλλὰ
1827 2353 1916 2406 καὶ

273 2441 326 2494 τὸ
352 2440 672 2515 γεννητικὸν
729 2439 818 2492 καὶ
873 2432 1249 2513 προϐλητικὸν
1293 2435 1421 2506 ἤτοι
1467 2441 1809 2514 προεκτικὸν,
1870 2441 1915 2496 εἰ

276 2531 404 2583 οὕτω
431 2531 546 2603 χρὴ
579 2527 789 2604 λέγειν,
820 2527 970 2581 οὕτω
1000 2528 1086 2582 καὶ
1121 2531 1220 2581 106
1267 2529 1396 2582 Υἱοῦ
1444 2529 1507 2583 ού
1555 2531 1617 2584 τὸ
1660 2531 1912 2605 γεννητὸν

281 2619 450 2688 μόνον,
482 2617 629 2672 ἀ).λᾶ
660 2618 750 2671 καὶ
785 2617 850 2671 τὸ
882 2610 1280 2690 προϐλητικὸν,
1314 2615 1404 2672 καί
1453 2622 1548 2672 τοῦ
1601 2619 1913 2692 Πνεύματος

283 2706 340 2757 τὸ
366 2704 682 2779 ἒκπορευτὸν
717 2707 840 2778 μὲν,
879 2705 990 2779 οὐχ
1039 2704 1227 2766 ἅπλῶς
1283 2703 1359 2760 δέ·
1412 2704 1539 2762 ἀλλ’
1577 2705 1651 2769 ὥς
1711 2709 1807 2781 μὲν
1856 2708 1916 2764 ἐκ

287 2799 375 2847 106
407 2797 624 2867 Πατρὸς,
683 2797 761 2859 ὥς
818 2792 877 2850 δὲ
921 2793 980 2848 ἐκ
1023 2797 1119 2848 106
1178 2796 1327 2863 T106,
1366 2797 1644 2851 τουτέστιν
1698 2797 1912 2869 ἁμὲσως

288 2881 465 2954 μὲνὲκ
501 2888 591 2938 106
649 2886 803 2954 T106,
865 2882 1122 2956 ἐμμέσως
1178 2880 1234 2938 δὲ
1290 2883 1349 2938 ἐκ
1399 2889 1501 2938 106
1539 2887 1774 2960 ΙΙατρὸς,
1829 2888 1912 2942 ὅτι

274 2971 329 3026 ἐκ
355 2977 448 3027 106
488 2974 696 3048 [ἰατρὸς
739 2974 837 3046 μὲν
896 2970 985 3027 διὰ
1033 2976 1129 3026 τοῦ
1194 2974 1341 3043 Υἱοῦ,
1401 2971 1461 3028 ἐκ
1517 2979 1612 3029 106
1670 2977 1797 3030 T106
1857 2973 1914 3031 δὲ

267 3059 335 3117 δι’
398 3063 583 3138 ἑτέρου
644 3060 888 3124 οὐδενός.
961 3063 1273 3138 Ἀγὲννητος
1327 3064 1431 3138 γὰρ
1510 3060 1583 3118 ὣν
1639 3065 1667 3118 ὁ
1725 3067 1911 3139 Πατὴρ

261 3156 405 3224 γεννᾷ
435 3152 531 3206 τὸν
565 3151 717 3219 Υἱὸν,
764 3155 962 3224 γεννῶν
1019 3147 1078 3204 δὲ
1129 3149 1218 3206 τὸν
1268 3151 1389 3206 Υἱὸν
1447 3148 1536 3206 διὰ
1598 3153 1764 3225 μέσου
1813 3159 1912 3210 106

1279 339 1380 400 DE
1422 337 1960 402 PROCESSIONE
2005 335 2364 403 SPIBITUS
2410 338 2711 402 SANCTI.

3585 341 3703 404 182

2114 475 2167 527 li.
2200 475 2311 529 GR.
2347 472 2416 544 (α)
2450 477 2506 531 Si
2539 475 2791 547 Spiritus
2823 491 2890 530 ex
2921 476 3091 530 Patre
3131 473 3462 547 procedens
3517 477 3698 533 etiam

2049 579 2118 617 ex
2149 563 2294 618 Filio
2325 565 2610 634 procedit,
2652 565 3100 620 confunduntur
3126 582 3195 620 ea
3255 583 3386 636 quae
3436 566 3509 621 ad
3559 584 3699 638 pro-

2047 653 2329 723 prietates
2361 653 2684 724 pertinent,
2720 671 2902 724 quum
2935 654 3022 708 vel
3053 671 3122 708 ex
3154 654 3270 708 alia
3300 656 3602 726 hypostasi
3634 658 3698 711 in

2048 741 2228 796 aliam
2261 743 2517 814 migrent
2546 743 2634 797 vel
2667 743 2874 798 eadem
2910 743 3243 814 hypostasis
3274 743 3453 799 aliam
3484 761 3551 800 ex
3581 747 3697 802 alia

2049 833 2413 886 transsumat
2445 832 2890 903 proprietatem.
2923 832 3088 897 Quod
3121 831 3276 887 haud
3308 832 3480 904 longe
3532 836 3699 890 abest

2047 936 2080 974 a
2133 920 2372 974 Sabellii
2430 921 2731 991 opinione.
2784 921 3015 976 Etenim
3068 922 3114 975 si
3167 924 3342 976 Pater
3401 928 3457 976 et
3512 924 3696 980 Filius

2045 1026 2228 1065 unum
2263 1014 2322 1064 et
2351 1010 2509 1065 idem
2539 1016 2676 1064 sunt
2709 1010 3032 1065 secundum
3094 1009 3433 1076 Sabellium,
3485 1029 3696 1068 conse-

2047 1100 2249 1169 quitur
2279 1100 2546 1167 omnino,
2593 1100 2880 1171 Spiritum
2931 1116 3001 1154 ex
3051 1102 3220 1154 Patre
3270 1101 3692 1170 procedentem

2046 1189 2224 1242 etiam
2267 1205 2337 1242 ex
2367 1189 2515 1242 Filio
2542 1188 2902 1259 procedere;
2937 1189 3056 1244 imo
3086 1205 3224 1243 mox
3270 1195 3326 1243 et
3375 1205 3442 1243 ex
3494 1190 3690 1262 seipso

2044 1278 2345 1348 procedet.
2795 1295 2798 1298 ’

2117 1371 2267 1424 LAT.
2305 1371 2518 1423 Verum
2569 1370 2724 1439 apud
2771 1386 2882 1426 nos
2939 1370 3136 1425 locum
3193 1387 3314 1425 non
3359 1371 3538 1426 habet
3586 1371 3691 1426 Sa—

2041 1457 2202 1513 bellii
2234 1459 2706 1529 opinamentum.
2740 1461 2939 1529 Neque
2971 1459 3131 1514 enim
3169 1460 3516 1532 hypostases
3547 1475 3690 1515 con-

2041 1547 2347 1602 fundimus
2379 1552 2438 1602 et
2465 1564 2788 1618 personas;
2821 1565 3012 1618 neque
3056 1550 3446 1620 proprietates
3496 1554 3690 1605 trans-

2041 1635 2341 1708 ponimus,
2374 1653 2570 1706 neque
2600 1653 2782 1692 unam
2813 1638 3203 1708 eamdemque
3246 1639 3593 1710 hypostasin
3624 1639 3687 1693 in

2042 1727 2218 1782 aliam
2245 1730 2302 1781 et
2326 1726 2505 1781 aliam
2544 1726 2966 1797 proprietatem
2997 1727 3429 1782 transferimus.
3483 1729 3682 1799 Neque

2043 1833 2220 1872 unam
2247 1833 2374 1871 esse
2387 1815 2792 1871 existimamus
2814 1816 2916 1870 illa
2929 1817 3041 1870 tria
3060 1833 3374 1887 personam
3397 1817 3679 1872 velunam

2035 1905 2380 1978 hypostasin
2395 1904 2858 1976 tripersonalem;
2875 1905 2978 1960 sed
2993 1912 3048 1960 et
3061 1907 3405 1977 hypostases
3419 1910 3536 1960 tres
3551 1922 3682 1961 esse

2034 1995 2286 2050 dicimus
2298 1994 2631 2063 Deitatis,et
2644 1995 3477 2066 unamquamquehypostasin
3493 1996 3553 2050 in
3567 1997 3680 2050 im-

2034 2091 2194 2140 mota
2205 2086 2562 2156 proprietate
2578 2087 3166 2155 servamus.Namque
3179 2085 3370 2139 Patris
3382 2085 3677 2156 proprium

2034 2176 2518 2247 ingenitum,Filii
2537 2194 2668 2232 vero
2683 2179 2967 2250 genitum,
2985 2183 3043 2231 et
3060 2177 3309 2249 Spiritus
3328 2182 3515 2233 sancti
3539 2197 3677 2250 pro-

2033 2267 2249 2322 cedens
2281 2283 2411 2323 esse
2434 2267 2748 2322 statuimus
2771 2270 2945 2336 (k).At
2967 2267 3469 2337 quemadmodum
3482 2269 3674 2325 Patris

2033 2373 2152 2412 non
2173 2357 2502 2428 ingenitum
2521 2356 2958 2420 dumtaxat,sed
2988 2363 3044 2410 et
3065 2358 3364 2430 generatio
3389 2363 3447 2411 et
3465 2357 3677 2429 produ-

2032 2447 2146 2501 ctio
2168 2447 2286 2502 sive
2313 2447 2573 2514 emissio,
2599 2447 2646 2501 si
2671 2447 2752 2501 ita
2773 2447 3093 2501 dicendum
3118 2448 3316 2514 est,sic
3335 2452 3392 2501 et
3407 2447 3539 2501 Filii
3555 2464 3675 2502 non

2032 2536 2221 2592 solum
2253 2542 2343 2591 est
2370 2537 2636 2609 genitum
2670 2553 2820 2602 esse,
2854 2552 3057 2590 verum
3115 2541 3172 2590 et
3220 2537 3574 2607 producere,
3620 2542 3680 2591 et

2031 2627 2284 2697 Spiritus
2315 2628 2504 2682 sancti
2539 2627 2858 2698 procedere
2889 2627 3153 2696 quidem,
3207 2627 3310 2682 sed
3358 2643 3478 2681 non
3533 2628 3678 2681 sim-

2031 2715 2302 2787 pliciter:
2337 2732 2539 2770 verum
2574 2715 2657 2769 sic
2687 2715 2925 2784 quidem
2959 2731 3029 2768 ex
3054 2717 3246 2774 Patre.
3281 2715 3366 2769 sic
3424 2731 3557 2769 vero
3607 2731 3676 2769 ex

2029 2805 2200 2871 Filio,
2232 2804 2342 2858 hoc
2371 2810 2461 2858 est
2491 2802 2829 2857 immediate
2860 2803 3100 2872 quidem
3123 2819 3192 2857 ex
3218 2803 3384 2868 Filio,
3419 2803 3676 2859 mediate

2029 2912 2165 2950 vero
2189 2911 2258 2948 ex
2281 2895 2470 2959 Patre,
2495 2892 2635 2962 quia
2657 2908 2726 2946 ex
2753 2893 2925 2946 Patre
2947 2891 3185 2960 quidem
3217 2907 3323 2962 per
3343 2891 3576 2959 Filium,
3602 2910 3674 2948 ex

2028 2983 2176 3038 Filio
2215 2998 2350 3036 vero
2382 2997 2488 3052 per
2515 2979 2669 3034 nihil
2700 2979 2882 3034 aliud.
2935 2979 3235 3051 Ingenitus
3278 2980 3436 3035 enim
3487 2998 3669 3052 quum

2030 3072 2106 3127 sit
2127 3073 2302 3126 Pater
2331 3075 2579 3143 generat
2608 3068 2838 3135 Filium,
2867 3085 3158 3141 generans
3178 3086 3312 3125 vero
3334 3070 3546 3126 Filium
3568 3087 3675 3142 per

2028 3162 2223 3233 ipsum
2256 3160 2467 3215 Filium
2499 3159 2859 3214 mediantem
2903 3159 3078 3214 simul
3111 3164 3168 3214 et
3198 3160 3480 3231 Spiritum
3532 3178 3668 3232 pro-

269 3219 394 3294 1‘106
458 3242 576 3313 ἅμα
632 3241 722 3294 καὶ
778 3219 843 3295 τὸ
902 3244 1124 3312 [Ινεῦμα
1171 3235 1564 3314 προϐάλλεται·
1598 3219 1702 3296 ’καὶ
1736 3244 1764 3297 ὁ
1796 3244 1914 3306 Υἱὸς

2033 3219 2190 3304 ducit
2219 3253 2278 3302 et
2308 3247 2503 3313 Filius,
2524 3246 2625 3317 qui
2658 3246 2782 3317 ipse
2813 3246 3046 3318 genitus
3069 3251 3175 3312 est,
3201 3219 3423 3317 pariter
3448 3219 3672 3318 prddu—

272 3331 514 3402 γεννητὸς
568 3328 643 3383 ὢν
701 3329 791 3383 καὶ
852 3328 918 3384 τὸ
980 3329 1200 3400 Πνεῦμα
1263 3325 1656 3404 προϐάλλεται·
1707 3333 1797 3386 καὶ
1854 3335 1916 3388 τὸ

279 3423 485 3492 Πνεῦμα
516 3418 688 3474 πάλιν
719 3416 780 3472 ἒκ
825 3421 925 3473 106
975 3417 1184 3490 Πατρὸς
1242 3418 1496 3491 ἐμμέσως
1549 3419 1918 3494 ἐκπορευόμε-

276 3527 376 3576 νον,
410 3508 485 3571 ὡς
524 3511 596 3580 τῇ
656 3506 977 3582 ἐκπορεύσει
1035 3510 1131 3561 106
1195 3509 1322 3562 I106
1379 3507 1756 3582 μεσιτεύονσος
1803 3510 1916 3582 ἃμα

280 3597 362 3648 καὶ
426 3595 488 3651 ἐκ
551 3601 650 3651 106
718 3597 846 3650 T106
913 3594 1261 3670 ἐκπορεύεται
1330 3598 1526 3671 μηκέτι
1594 3595 1664 3654 δι’
1729 3601 1912 3676 ὲτέρου

272 3686 401 3746 τινὸς
453 3686 856 3759 μεσιτεύοντος·
927 3684 1067 3740 ὣστε
1121 3687 1269 3758 ἡμᾶς
1325 3684 1464 3741 ἴδιον
1523 3687 1758 3753 τίθεσθαι
1814 3695 1911 3744 106

279 3774 592 3848 μὲνΠατρὸς
623 3775 685 3828 τὸ
717 3774 1031 3849 ἀγέννητον,
1090 3775 1152 3828 τὸ
1198 3775 1511 3852 γεννητικὸν
1557 3778 1646 3832 καὶ
1694 3778 1755 3833 τὸ
1812 3777 1912 3851 ἐμ·-

283 3860 444 3929 μὲσως
500 3859 905 3938 προϐλητικόν·
938 3863 1001 3917 τὸ
1059 3864 1152 3935 μὶν
1204 3864 1515 3939 ἀγέννητον,
1573 3865 1656 3921 ὅτι
1704 3868 1804 3922 οὑκ
1851 3866 1911 3924 Ex

270 3967 417 4020 τινος,
449 3953 510 4007 τὸ
561 3949 618 4007 δὲ
665 3952 1014 4024 γεννητικὸν,
1074 3953 1157 4006 ὅτι
1207 3957 1363 4027 γεννᾷ
1408 3954 1500 4008 τὸν
1546 3955 1692 4023 Υἱὸν,
1739 3957 1802 4010 τὸ
1853 3955 1910 4011 δὲ

278 4033 511 4109 ἱμμὲσως
540 4035 945 4117 προϐλητικὸν,
995 4039 1079 4095 ὅτι
1137 4037 1225 4095 διὰ
1275 4038 1442 4114 μέσου
1492 4047 1591 4097 106
1644 4044 1768 4098 r106
1816 4047 1903 4100 καὶ

275 4125 331 4179 τὸ
378 4135 588 4201 Πνεῦμα
639 4125 1042 4204 προϐάλλεται·
1101 4134 1197 4184 106
1250 4131 1378 4185 Υἱοῦ
1433 4129 1489 4185 δὶ
1536 4133 1597 4186 τὸ
1646 4135 1902 4208 γεννητὸν

275 4216 356 4269 καὶ
383 4219 440 4272 τὸ
472 4218 682 4292 ἀμέσως
715 4215 1118 4294 προϐλητικόν·
1161 4220 1223 4274 τὸ
1258 4221 1352 4292 μὲν
1397 4218 1481 4275 ὅτι
1530 4219 1588 4275 ἐκ
1638 4227 1739 4276 106
1794 4229 1902 4277 Πα-

277 4304 390 4375 τρὸς
428 4308 580 4369 αὑτὸς
609 4309 892 4384 γεννητὸς,
924 4309 990 4362 τὸ
1018 4305 1076 4362 δὲ
1104 4307 1186 4364 ὅτι
1237 4307 1454 4381 ἆμέσως
1505 4309 1557 4380 ἐξ
1609 4312 1802 4367 ἑαυτοῦ
1841 4313 1903 4366 τὸ

278 4391 478 4466 Πνεῦμα
527 4399 791 4470 προΐεται,
857 4398 1024 4473 μέσος
1075 4395 1148 4452 ὥν
1195 4397 1357 4460 αὐτὸς
1410 4403 1506 4453 106
1555 4401 1763 4475 Πατρὸς
1810 4403 1901 4455 καὶ

277 4485 367 4533 106
418 4487 734 4560 Ιίνεύματος·
789 4491 890 4542 106
956 4483 1015 4540 δὲ
1072 4487 1385 4558 Πνεύματος
1448 4489 1510 4542 τὸ
1577 4486 1898 4565 ἔκπορευτὸν

2028 3338 2108 3393 cit
2129 3337 2444 3408 Spiritum;
2471 3340 2528 3390 et
2549 3351 2783 3390 rursum
2809 3335 3064 3406 Spiritus
3092 3351 3163 3389 ex
3193 3337 3364 3390 Patre
3387 3335 3667 3403 mediate,

2026 3432 2230 3500 utpote
2262 3426 2560 3480 mediante
2593 3425 2653 3479 in
2702 3425 3079 3496 processione
3131 3426 3296 3495 Filio,
3337 3427 3667 3498 procedens

2026 3515 2204 3571 simul
2235 3521 2293 3569 et
2323 3531 2393 3568 ex
2425 3513 2566 3568 Filio
2597 3513 2866 3583 procedit
2895 3529 3016 3567 non
3046 3513 3302 3583 amplius
3345 3530 3450 3584 per
3498 3515 3661 3571 aliud

2024 3605 2322 3676 quoddam
2355 3604 2647 3658 medians.
2687 3603 2777 3656 Sic
2810 3603 3115 3673 proprium
3146 3603 3422 3672 ponimus
3453 3605 3666 3674 Patris,

2024 3693 2180 3765 quod
2203 3694 2281 3748 sit
2298 3693 2614 3763 ingenitus,
2638 3707 2927 3761 generans
2950 3697 3008 3745 et
3028 3691 3281 3746 mediate
3300 3691 3665 3761 producens;

2021 3785 2321 3852 ingenitus,
2357 3781 2496 3851 quia
2525 3797 2596 3834 ex
2626 3779 2787 3833 nullo
2820 3784 2929 3847 est,
2969 3796 3256 3848 generous,
3307 3780 3447 3848 quia
3487 3797 3668 3847 gene-

2020 3878 2114 3928 rat
2142 3870 2377 3936 Filium,
2426 3868 2662 3923 mediate
2713 3868 3020 3936 producens
3059 3868 3198 3936 quia
3246 3885 3352 3938 per
3403 3869 3665 3924 medium

2020 3963 2233 4020 Filium
2261 3960 2544 4030 Spiritum
2576 3957 2760 4028 spirat
2791 3962 2848 4012 et
2878 3957 3168 4027 producit.
3206 3957 3332 4012 Filii
3358 3974 3493 4013 vero
3525 3977 3664 4030 pro-

2019 4053 2235 4126 prium,
2271 4048 2426 4120 quod
2459 4049 2535 4102 sit
2563 4046 2796 4118 genitus
2840 4051 2899 4100 et
2946 4045 3289 4101 immediate
3340 4047 3663 4118 producat:

2017 4143 2234 4212 genitus
2256 4139 2396 4209 quia
2439 4154 2509 4192 ex
2549 4138 2718 4191 Patro
2770 4136 2894 4206 ipse
2947 4141 3261 4207 generatus
3305 4142 3414 4202 est,
3472 4138 3665 4194 imme-

2017 4233 2168 4286 diate
2180 4229 2509 4299 producens,
2534 4227 2673 4296 quia
2693 4225 3031 4281 immediate
3055 4243 3126 4281 ex
3153 4243 3214 4281 se
3230 4227 3357 4298 ipso
3380 4227 3664 4299 Spiritum

2019 4319 2238 4376 emittit
2295 4317 2528 4372 medius
2583 4316 2708 4386 ipse
2769 4316 3057 4370 exsistens
3117 4317 3272 4372 inter
3328 4319 3560 4372 Patrem
3607 4327 3664 4374 et

2017 4408 2319 4482 Spiritum.
2356 4405 2606 4475 Spiritus
2637 4420 2771 4459 vero
2803 4405 2991 4460 sancti
3013 4405 3318 4475 proprium
3339 4406 3663 4475 procedere

2013 4496 2271 4553 mediate
2324 4510 2394 4549 ex
2448 4496 2640 4561 Patre,
2698 4499 2757 4547 et
2814 4492 3136 4564 procedere
3187 4492 3530 4547 immediate
3587 4509 3659 4548 ex

272 4564 504 4641 ἐμμέσως
557 4575 615 4631 ἐκ
669 4580 769 4631 106
833 4575 1070 4648 Πατρὸς,
1147 4575 1477 4649 ἐκπορευτὸν
1554 4573 1611 4631 δὲ
1686 4564 1902 4650 άνμέσως

2033 4587 2180 4650 ﬁlio,
2215 4601 2398 4655 quum
2426 4584 2580 4638 inter
2611 4585 2844 4638 Patrem
2879 4588 2936 4637 et
2969 4582 3251 4652 Spiritum
3283 4581 3462 4635 Filius
3511 4599 3657 4638 con-

271 4655 437 4714 καῖἐκ
462 4663 550 4716 106
612 4664 761 4732 τιοῦ,
822 4665 900 4724 ὡς
961 4661 1158 4734 μεταξύ
1220 4663 1314 4734 μὲν
1379 4667 1480 4716 106
1543 4665 1752 4735 Πατρὸς
1811 4668 1900 4721 καὶ

270 4747 366 4796 106
421 4752 716 4824 Πνεύματος
773 4747 1161 4822 θεωρουμένου
1219 4754 1315 4805 106
1373 4751 1524 4817 T106,
1595 4753 1789 4824 μεταξὺ
1847 4752 1904 4809 δὲ

270 4837 364 4885 τοῦ
395 4838 510 4892 1'106
538 4842 625 4894 καὶ
681 4845 780 4896 106
840 4837 1157 4910 Πνεύμανος
1215 4835 1433 4901 οὐδενὸς
1490 4842 1626 4895 κατά
1683 4863 1743 4917 γε
1799 4845 1901 4912 τὴν

271 4921 508 4992 πρόοδον.
541 4930 641 4984 Καὶ
683 4933 851 4984 ταῦτα
908 4926 1048 4982 εἶναι
1098 4926 1322 4982 ἑκάστου
1371 4931 1478 4982 τῶν
1533 4934 1699 5000 τριῶν
1757 4929 1900 4986 ξ’διώ·

270 5029 406 5078 ματα
459 5015 852 5088 ἀμεταθετιοιῶς
896 5014 991 5071 καὶ
1046 5015 1460 5089 ἀμετακινήτως
1510 5019 1598 5073 καὶ
1649 5020 1900 5077 ἀνυπαλ-

333 5174 440 5253 (13)
490 5180 680 5236 Rubro
732 5179 935 5253 colore
969 5176 1042 5253 ad
1094 5179 1734 5253 marginemJlegitur:
1786 5184 1902 5239 Ἐν-

260 5245 430 5344 Ξὲὖθά
477 5257 724 5344 πξιρᾶται
755 5252 786 5304 ὁ
818 5247 1053 5344 Γρξιϊκὸς
1102 5245 1389 5344 διεξκῖρύειν
1440 5245 1638 5344 ἃτοῖτον
1691 5253 1899 5344 εἷ’σάγε-

327 5337 371 5344 Α..
405 5324 468 5344 -τ
664 5326 720 5344 7"
760 5321 850 5344 4-“!
921 5339 952 5344 --
1005 5321 1092 5344 -Αῗῗ
1149 5326 1188 5344 νυ
1220 5325 1272 5344 ,9
1375 5340 1449 5344 ,κη
1514 5343 1521 5344 κ

270 5271 424 5308 unua
477 5271 558 5305 πει
601 5271 724 5306 αται
755 5271 786 5304 0
818 5271 1053 5322 ιραιιιος
1102 5271 1389 5304 οιεικνυειν
1440 5271 1638 5306 ατοπον
1691 5271 1898 5344 εισαγε-

260 5316 373 5370 σθαι
402 5324 471 5392 τῇ
504 5271 627 5396 δόξῃ
759 5321 854 5374 καὶ
892 5318 956 5373 ἐκ
1003 5321 1096 5372 τοῦ
1149 5321 1277 5375 Υἱοῦ
1333 5319 1566 5396 λεγούσῃ
1611 5322 1898 5400 ἐκπορευο-

316 5462 389 5541 ω
445 5466 709 5541 Primum
772 5461 992 5541 Graeci“
1025 5469 1486 5541 argumentum:
1547 5467 1602 5522 Si
1649 5469 1899 5541 Spiritus

250 5533 422 5590 etiam
455 5554 520 5592 ex
541 5539 690 5593 Filio
719 5532 1020 5608 procedit,
1044 5532 1487 5608 confunduntur
1511 5532 1898 5608 personarum

245 5610 651 5678 proprietates.
689 5603 867 5682 Quod
907 5603 1165 5682 Photius
1213 5608 1444 5678 evolvit,
1500 5603 1580 5664 De
1637 5612 1787 5682 Spir.
1838 5613 1894 5667 S.

247 5677 597 5754 πνείεσοοὶα,
631 5697 766 5753 cap.
804 5679 861 5746 9,
897 5677 986 5730 10.

2016 4676 2328 4736 sideretur,
2361 4673 2517 4725 inter
2536 4671 2751 4725 Filium
2783 4686 2918 4725 vero
2951 4675 3008 4723 et
3037 4669 3339 4738 Spiritum,
3366 4675 3656 4740 quantum

2012 4764 2084 4819 ad
2099 4762 2536 4834 processionem
2551 4776 2764 4824 ,nemo.
2785 4761 2855 4813 Et
2870 4759 2995 4812 hinc
3009 4757 3119 4810 dici
3131 4773 3262 4811 mus
3282 4759 3554 4833 uniuscuj
3565 4779 3658 4818 us-

2013 4869 2126 4924 que
2159 4851 2340 4905 trium
2371 4864 2760 4920 personarum
2789 4862 2917 4902 esse
2949 4847 3498 4921 proprietates,quae
3525 4853 3654 4910 sine

2010 4941 2135 4997 ulla
2183 4937 2597 4992 immutatione
2644 4936 2735 4990 vel
2785 4937 3246 4990 commutatione
3293 4939 3555 4996 immotae
3601 4949 3657 4998 et

2012 5031 2255 5101 integrae
2308 5031 2704 5098 perseverant.
2754 5025 3262 5088 Quemadmodum
3319 5030 3498 5101 igitur
3536 5048 3655 5087 non

2010 5201 2132 5262 σθαι
2161 5190 2224 5243 τὸ
2253 5189 2501 5262 Πνεῦμα·
2538 5185 2628 5239 καί
2661 5205 2822 5262 ’φησι
2882 5184 3146 5262 σύγχυσιν
3205 5193 3311 5241 τῶν
3366 5187 3654 5262 ἴδιοτήτων

2009 5261 2354 5352 συνάγεσθαι·
2412 5255 2557 5331 ⁷’ὀπερ
2655 5255 3028 5328 ἀνασκευάζὲῖ
3079 5258 3107 5312 ὁ
3183 5265 3418 5324 Λατῖνος
3516 5255 3654 5315 πάνυ

2047 5332 2060 5352 9
2211 5351 2219 5352 κ

2011 5332 2243 5411 εὐφυῶς.

2082 5476 2160 5547 (k)
2192 5476 2277 5529 Ita
2307 5474 2362 5528 S.
2399 5473 2682 5528 Maximus
2710 5472 2770 5526 in
2792 5490 2823 5527 ο
2872 5472 3092 5526 usculis
3119 5473 3465 5544 tlieologicis
3490 5479 3546 5527 et
3601 5491 3658 5528 o-

2082 5545 2238 5597 micis
2261 5551 2300 5597 t.
2336 5544 2408 5597 II.
2440 5561 2497 5597 υ.
2534 5545 2654 5597 135-
2688 5543 2779 5597 ed.
2813 5490 3174 5597 gombeﬂsii.
3205 5549 3264 5596 at
3298 5491 3652 5597 Pseudo-Fu-

2012 5543 2238 5602 lemicis
2261 5551 2300 5599 t.
2336 5544 2408 5607 ll,
2440 5561 2497 5616 p.
2534 5545 2654 5612 135,
2688 5543 2779 5598 ed.
2813 5543 3174 5616 Competisii,
3205 5549 3264 5616 at
3298 5543 3652 5598 P’seudo-Ju-

2009 5618 2201 5674 stinus
2233 5617 2294 5672 in
2325 5613 2702 5688 Expositione
2729 5619 2905 5672 rectae
2939 5613 3096 5680 fidei,
3131 5629 3191 5667 n.
3225 5614 3277 5668 3.
