4150 6292
408 331 525 396 183

1653 323 1967 388 NICETE
2009 323 2542 389 MABONIENSlS

3643 335 3736 398 ut

409 471 550 543 quia
574 469 750 526 Pater
772 466 1006 542 genitus
1029 483 1146 523 non
1200 469 1308 532 est,
1362 463 1584 521 idcirco
1626 462 1754 534 ipse
1803 477 2052 532 genera-

2174 459 2387 550 λάκτως
2445 455 2646 540 ἔχοντα
2700 462 2788 518 καὶ
2835 457 3257 536 ἆμεταὸλῆτως.
3311 465 3497 543 Ὠσπερ
3537 467 3617 524 οῦν
3652 467 3748 550 οῦχ

409 561 573 616 tione
603 557 693 613 vel
737 557 1053 613 emissione
1101 557 1382 628 privatur,
1435 553 1538 609 sed
1587 551 1783 624 quoad
1834 552 1959 606 hinc
1999 555 2056 606 et

407 648 513 704 illa
542 653 598 702 et
628 645 945 719 ingenitus,
989 645 1091 700 sed
1149 650 1207 698 et
1257 643 1491 716 genitor
1539 647 1629 696 est
1671 646 1730 695 et
1777 641 2052 712 spirator,

408 739 642 812 genitor
681 733 922 806 quidem
976 733 1316 789 immediate
1375 749 1446 787 ex
1493 747 1553 786 se
1600 731 1751 802 ipso,
1801 730 2058 801 spirator

411 843 548 883 vero
581 826 835 882 mediate
865 841 971 896 per
999 824 1213 879 Filium
1247 840 1260 878 :
1314 823 1398 878 sic
1446 838 1640 893 neque
1696 821 1875 877 Filius
1916 818 2056 890 quia

413 918 646 992 genitus
677 923 786 984 est,
822 915 1040 971 idcirco
1072 933 1105 970 a
1135 913 1460 986 spiratione
1487 911 1842 975 excluditur,
1861 926 2056 980 neque

413 1011 685 1083 Spiritus,
719 1009 862 1081 quia
887 1024 959 1063 ex
990 1009 1162 1063 Patre
1193 1005 1479 1078 procedit,
1504 1003 1638 1058 ideo
1671 1019 1740 1058 ex
1766 1001 1908 1057 Filio
1937 1015 2058 1055 non

411 1101 701 1176 procedit,
736 1099 840 1156 sed
869 1099 1169 1172 processio
1204 1096 1334 1167 ejus
1357 1094 1703 1150 immediata
1726 1093 1966 1165 quidem
1988 1107 2056 1146 ex

411 1192 582 1258 Filio,
624 1189 886 1246 mediata
931 1204 1066 1243 vero
1133 1203 1204 1242 ex
1245 1187 1440 1241 Patre.
1491 1184 1836 1239 Custoditur
1883 1183 2062 1254 igitur

413 1281 736 1352 unicuique
748 1293 1018 1353 personaa
1040 1273 1371 1348 proprietas
1391 1275 1639 1328 immota
1655 1279 1712 1327 et
1725 1272 2057 1339 inconfusa;

415 1373 500 1428 sic
529 1371 593 1426 in
621 1369 850 1425 unitate
877 1366 1132 1421 Trinitas
1153 1370 1212 1420 et
1233 1363 1484 1419 indivisa
1501 1363 1564 1418 in
1609 1363 1896 1418 Trinitate
1923 1362 2058 1417 uni-

416 1467 530 1517 tas.
564 1459 770 1516 Unitas
797 1456 956 1512 enim
989 1459 1080 1511 est
1109 1458 1166 1510 et
1194 1453 1450 1508 Trinitas
1479 1454 1655 1508 Pater
1688 1457 1746 1507 et
1791 1451 1973 1506 Filius
2004 1455 2062 1506 et

423 1549 676 1622 Spiritus
702 1551 977 1602 sanctus:
1010 1544 1210 1601 unitas
1241 1543 1480 1613 quidem
1512 1547 1755 1614 propter
1783 1546 2059 1596 naturam

420 1637 744 1694 divinitatis
799 1651 980 1691 unam
1041 1631 1454 1702 eamdemque,
1523 1648 1654 1704 quae
1703 1631 1954 1686 indivisa
2002 1636 2062 1686 et

420 1723 815 1782 inalterabilis
837 1728 952 1788 est;
976 1721 1228 1777 Trinitas
1239 1735 1376 1776 vero
1395 1719 2059 1792 propterproprietates,

2164 548 2248 604 ὅτι
2282 548 2343 603 οὗ
2387 553 2704 625 γεγέννηται
2763 553 2790 607 δ
2851 554 3054 627 Πατὴρ,
3108 550 3198 609 διὰ
3251 558 3408 610 τοῦτο
3457 553 3572 612 οὐδὲ
3615 548 3754 633 γεννᾷ

2165 636 2290 693 οὐδέ
2348 636 2747 713 προϐάλλεται,
2804 641 2951 698 ἀλλὰ
3025 642 3242 699 κάκεῖνα
3309 645 3396 700 καὶ
3460 649 3609 702 ταῦτα
3679 649 3754 703 καὶ

2165 727 2464 802 ἀγέννητός
2507 728 2675 802 ἐστιν,
2705 729 2852 787 ἀλλᾶ
2899 731 2988 787 καὶ
3037 736 3320 810 γεννήτωρ
3360 735 3442 790 καὶ
3485 733 3756 811 προϐολεῦς

2163 817 2226 872 τὸ
2261 819 2353 889 μὶν
2388 818 2604 890 ἁμὲσως
2665 820 2716 890 ἐξ
2773 822 2985 890 ἑαυτοῦ,
3043 843 3107 878 το
3161 821 3217 879 δὲ
3265 823 3506 899 ἐμμὲσως
3554 823 3638 881 διὰ
3675 830 3760 882 τοῦ

2167 909 2315 980 Υἱοῦ,
2350 907 2492 963 οὕτω
2523 909 2612 962 καὶ
2646 911 2673 964 ὁ
2705 910 2826 971 Υἱὸς
2856 910 2962 986 οὐχ
3000 909 3082 966 ὅτι
3124 914 3450 987 γεγεννηται,
3497 911 3579 970 διὰ
3620 919 3759 970 τοῦτο

2169 996 2296 1073 οὒχὶ
2327 998 2417 1052 καὶ
2454 998 2520 1051 τὸ
2577 999 2793 1071 Πνεῦμα
2849 997 3249 1076 προϐάλλεται.
3311 1003 3412 1060 Καὶ
3463 1002 3522 1058 τὸ
3572 1007 3766 1078 Πνεῦμα

2168 1088 2277 1165 οὐχ
2305 1087 2389 1142 ’ὁτι
2411 1085 2472 1142 ἐκ
2501 1093 2600 1142 τοῦ
2649 1091 2864 1165 Πατρὸς
2913 1089 3280 1164 ἐκπορεύεται,
3328 1089 3414 1148 διὰ
3459 1097 3610 1149 τοῦτο
3653 1094 3765 1170 οὐχὶ

2167 1178 2384 1233 καὶτοῦ
2417 1179 2546 1233 Υἱοῦ
2604 1177 2968 1254 ἐκπορεύεται·
3020 1179 3147 1235 ἀλλ’
3195 1184 3230 1252 ἡ
3282 1182 3586 1258 ἒκπόρευσις
3625 1183 3770 1239 αὐτοῦ

2167 1269 2367 1343 ἃμεσος
2402 1271 2498 1344 μὲν
2529 1269 2589 1325 ἐκ
2615 1273 2713 1325 τοῦ
2748 1271 2892 1340 Υἳοῦ,
2924 1269 3162 1345 ἔμμεσος
3220 1269 3279 1328 δὲ
3321 1273 3381 1330 ἐκ
3427 1277 3520 1331 τοῦ
3567 1275 3768 1350 Πατρός.

2171 1359 2514 1416 Φυλάττεται
2546 1363 2676 1435 γοῦν
2708 1359 2916 1433 ἑκάστῳ
2942 1361 3224 1436 προσώπῳ
3277 1363 3312 1432 ἡ
3361 1361 3566 1435 ἰδιότης
3613 1363 3774 1435 datur

2170 1471 2268 1512 τος
2317 1450 2406 1504 καὶ
2457 1447 2787 1525 ἀσύγχυτος·
2841 1447 3014 1513 οὕτως
3063 1452 3098 1520 ἡ
3148 1449 3200 1506 ἑν
3255 1449 3449 1526 μονάδι
3497 1455 3657 1529 Τριὰς
3699 1453 3777 1507 καὶ

2171 1537 2475 1614 ἀδιαίρετος
2505 1541 2540 1609 ἡ
2575 1537 2626 1593 ἑν
2669 1535 2864 1614 Τριάδι
2921 1538 3108 1612 μονάς.
3159 1542 3346 1605 Μονὰς
3398 1543 3499 1618 γάρ
3554 1541 3659 1598 ἔστι
3703 1541 3784 1596 καὶ

2169 1629 2337 1705 Τριὰς
2367 1629 2395 1684 ὁ
2431 1629 2614 1702 Πατὴρ
2652 1628 2740 1682 καὶ
2793 1628 2822 1682 ὁ
2879 1628 3003 1692 Υἱὸς
3059 1630 3151 1684 καὶ
3196 1631 3260 1686 τὸ
3309 1633 3542 1705 Πνεῦμα·
3585 1633 3645 1687 τὸ
3701 1633 3784 1705 μὲν

2170 1718 2306 1775 κατᾶ
2332 1719 2430 1787 τήν
2473 1717 2630 1795 φύσιν
2685 1723 2785 1786 τῆς
2839 1716 3098 1784 θεότητος
3153 1717 3281 1792 μίαν
3339 1721 3433 1776 καὶ
3484 1722 3583 1792 τὴν
3636 1719 3785 1788 αὖτῆν

415 1836 545 1892 qum
575 1818 820 1873 immote
842 1831 903 1871 se
921 1814 1137 1870 habent
1147 1812 1323 1885 juxta
1351 1828 1421 1867 ea
1441 1827 1572 1883 quaa
1593 1811 1768 1867 modo
1783 1810 2060 1866 diximus.

2174 1806 2332 1862 οὖσαν
2366 1809 2458 1862 καὶ
2491 1804 2796 1882 ἀδιαίρετον
2825 1807 2914 1860 καὶ
2945 1805 3346 1865 ἀναλλοίωτον·
3379 1812 3444 1866 τὸ
3484 1807 3540 1866 δὲ
3585 1809 3670 1866 διὰ
3706 1808 3788 1874 τὰς

409 1912 554 1965 Cum
585 1923 719 1962 vero
751 1904 999 1976 singulis
1029 1902 1303 1975 personis
1342 1901 1604 1956 immota:
1654 1899 2064 1956 custodiantur

411 1997 825 2072 proprietates,
856 1993 1017 2050 haud
1048 1991 1164 2048 dici
1195 1996 1391 2064 potest
1413 2008 1486 2046 ex
1516 1990 1710 2061 seipso
1741 1989 2062 2060 procedere

415 2085 688 2157 Spiritus,
722 2082 863 2154 quia
916 2082 1030 2136 hoc
1077 2096 1198 2136 non
1250 2085 1342 2135 est
1390 2079 1642 2151 Spiritus
1689 2078 2060 2150 proprietas;

415 2189 619 2230 verum
651 2189 723 2228 ex
751 2173 920 2228 Patre
953 2187 1059 2242 per
1089 2169 1304 2225 Filium
1355 2167 1707 2240 procedens,
1764 2168 1944 2222 etiam
1992 2183 2062 2222 ex

421 2261 568 2318 Filio
603 2257 892 2332 procedit,
924 2274 1045 2313 non
1076 2263 1275 2312 autem
1305 2273 1414 2328 per
1441 2255 1622 2310 alium
1682 2255 2023 2326 quempiam
2048 2271 2061 2321 ;

419 2357 481 2408 et
507 2349 609 2408 ubi
639 2366 798 2406 nunc
828 2353 917 2404 est
946 2345 1185 2403 Sabellii
1213 2346 1480 2402 confusio
1509 2345 1537 2401 ?
1585 2345 1642 2402 Si
1693 2346 1851 2401 enim
1893 2345 2066 2417 juxta

424 2441 608 2496 istum
657 2454 846 2493 unum
905 2435 1239 2491 diceremus
1296 2437 1531 2490 Patrem
1599 2439 1656 2490 et
1705 2433 1917 2492 Filium
1973 2433 2064 2488 vel

416 2529 596 2586 etiam
622 2527 904 2599 Spiritum
929 2531 1193 2581 sanctum
1211 2530 1493 2596 tanquam
1515 2539 1696 2578 unam
1719 2523 2066 2596 bypostasin

419 2619 540 2675 sive
558 2619 1044 2690 personam,tunc
1059 2614 1342 2686 Spiritum
1359 2628 1428 2668 ex
1450 2615 1621 2668 Patre
1643 2612 2066 2684 procedentem

419 2707 598 2764 etiam
631 2722 702 2761 ex
730 2703 876 2760 Filio
907 2702 1227 2776 procedere
1261 2707 1595 2757 asserentes
1638 2701 1894 2756 Sabellio
1925 2716 2065 2756 con-

421 2799 628 2856 cordes
661 2813 947 2866 essemus,
978 2796 1071 2852 vel
1103 2795 1348 2851 omnino
1379 2795 1538 2850 Semi
1561 2793 1890 2860 sabelliani,
1915 2793 2070 2849 sicut

419 2887 518 2946 alii
576 2887 818 2960 quidam
877 2883 1250 2941 Semiariani.
1308 2884 1455 2938 Nam
1522 2884 1636 2938 tria
1713 2882 1812 2938 illa
1885 2899 2066 2937 unam

419 2977 764 3050 hypostasin
795 2981 854 3030 et
883 2989 1068 3029 unum
1128 2973 1396 3028 dicentes
1444 2973 1529 3026 ita
1577 2971 1903 3026 secundum
1953 2973 2068 3026 Sa-

415 3067 684 3132 bellium,
717 3080 838 3118 non
864 3063 1048 3134 magis
1077 3061 1411 3116 faceremus
1449 3060 1734 3132 Spiritum
1779 3077 1848 3114 ex
1897 3061 2068 3113 Patre

421 3161 479 3210 et
510 3170 578 3209 ex
605 3152 752 3207 Filio
782 3151 1226 3224 procedentem,
1257 3166 1437 3220 quam
1470 3165 1540 3203 ex
1573 3164 1636 3203 se
1665 3148 1816 3219 ipso.
1864 3163 2067 3202 verum

424 3247 483 3298 et
537 3242 774 3296 Patrem
831 3244 957 3294 tum
1023 3244 1430 3309 generantem,
1519 3243 1642 3292 tum
1723 3243 2068 3308 generatum

429 3337 605 3402 atque
637 3327 1082 3400 procedentem,
1118 3332 1176 3381 et
1206 3326 1417 3381 horum
1450 3325 1920 3396 unumquodque
1951 3343 2073 3382 non

429 3418 618 3492 magis
649 3433 720 3472 ex
749 3416 890 3483 alio,
924 3432 1102 3488 quam
1135 3432 1206 3470 ex
1229 3415 1460 3486 seipso;
1499 3415 1714 3469 Filium
1746 3431 1922 3486 porro
1951 3431 2073 3470 non

440 3508 632 3565 solum
665 3506 950 3580 genitum,
982 3521 1185 3561 verum
1218 3509 1277 3560 et
1302 3503 1872 3575 procedentem,imo
1895 3505 2072 3559 etiam

436 3604 495 3654 et
522 3602 944 3672 generantem;
977 3612 1183 3652 rursus
1213 3595 1495 3666 Spiritum
1527 3611 1646 3650 non
1703 3595 1896 3650 solum
1943 3612 2076 3668 pro-

429 3688 760 3754 cedentem,
795 3685 898 3741 sed
929 3691 988 3741 et
1021 3685 1364 3758 gignentem
1388 3691 1447 3740 et
1474 3685 2075 3758 genitum.Ejusmodi

428 3778 586 3833 enim
619 3781 762 3832 sunt
791 3774 1029 3831 Sabellii
1076 3789 1247 3846 nugas
1295 3773 1397 3828 uni
1443 3773 1755 3846 eidemque
1804 3791 2076 3845 personae

426 3866 658 3924 diversa
687 3864 934 3920 nomina
961 3869 1020 3919 et
1043 3863 1304 3918 diversas
1320 3863 1712 3934 proprietates
1738 3863 2074 3918 tribuentis.

427 3957 482 4013 Si
515 3972 651 4012 vero
685 3957 920 4010 Patrem
953 3959 1010 4008 et
1038 3952 1248 4008 Filium
1283 3952 1474 4008 solum
1519 3969 1703 4008 unum
1742 3951 2077 4008 diceremus

429 4061 772 4117 personam,
818 4059 888 4098 ex
945 4041 1056 4096 hac
1113 4057 1248 4095 vero
1310 4055 1431 4096 una
1494 4058 1748 4112 persona
1802 4041 2076 4114 progredi

431 4133 716 4206 Spiritum
761 4130 1130 4197 doceremus,
1183 4133 1308 4185 tum
1358 4133 1415 4183 et
1465 4130 1547 4183 sic
1606 4130 2078 4186 Semisabelliani

432 4237 703 4280 essemus
754 4235 824 4274 ex
879 4220 1051 4273 Patre
1111 4222 1170 4272 et
1205 4217 1351 4272 Filio
1405 4216 1594 4286 illum,
1645 4219 1746 4289 qui
1789 4220 2074 4290 procedit,

430 4308 754 4386 procedere
777 4311 1130 4364 asserentes.
1167 4307 1332 4360 Nunc
1354 4321 1488 4361 vero
1510 4323 1618 4361 nos
1639 4306 1813 4363 aliam
1837 4308 2078 4378 quidem

429 4399 765 4459 Divinitatis
781 4411 1099 4470 personam
1133 4399 1462 4450 statuentes
1483 4396 1739 4459 Patrem,
1754 4396 1928 4451 aliam
1946 4413 2078 4452 vero

430 4490 668 4555 Filium,
703 4487 973 4560 ejusdem
1006 4483 1235 4540 scilicet
1263 4489 1516 4547 natura),
1551 4483 1727 4538 aliam
1761 4501 1895 4539 vero
1949 4502 2076 4542 rur-

2172 1895 2450 1967 ἰδιότητας
2526 1897 2934 1970 ἀμετακινήτως
3013 1895 3268 1972 ἐχούσας,
3328 1901 3468 1956 καθὰ
3520 1901 3791 1979 φθάσαντες

2171 1981 2395 2064 ἔφημεν.
2457 1983 2894 2058 Φυλαττομὲνων
2958 1983 3016 2040 δὲ
3070 1990 3178 2040 τῶν
3239 1984 3537 2058 ἰδιοτήτων
3610 1986 3798 2060 ἑκάστῳ

2171 2069 2596 2147 ἀμεταϐλήτων,
2633 2073 2732 2127 οὐκ
2763 2072 2820 2128 ἂν
2871 2072 3092 2152 λέγοιτο
3138 2076 3202 2130 τὸ
3247 2077 3475 2152 Πνεῦμα
3521 2077 3572 2148 ἐξ
3624 2077 3800 2133 εαυτοῦ

2172 2161 2575 2236 ἐκπορεύεσθαι,
2609 2160 2692 2216 ὅτι
2751 2163 2826 2235 μή
2877 2159 3090 2234 ἰδιότης
3137 2162 3248 2218 ἐστὶ
3289 2169 3459 2221 τοῦτο
3510 2171 3609 2222 τοῦ
3655 2164 3808 2222 ﬂvmi-

2178 2270 2368 2324 ματοςο
2421 2248 2482 2304 ἐκ
2543 2253 2641 2305 τοῦ
2699 2251 2909 2326 [ἰατρὸς
2977 2249 3032 2306 δὲ
3093 2250 3530 2327 ἰκπορευόμενον
3587 2250 3675 2309 δια
3718 2250 3809 2309 τοῦ

2173 2340 2324 2410 Υἱοῦ,
2357 2338 2446 2394 καὶ
2477 2337 2536 2392 ἐκ
2563 2342 2660 2394 τοῦ
2693 2340 2819 2393 Υῖοῦ
2857 2338 3225 2414 ἐκπορεύεται,
3282 2340 3418 2398 ἀλλ’
3479 2342 3544 2398 ού
3595 2341 3665 2398 δι’
3709 2341 3816 2399 hd-

2175 2449 2272 2503 ρου
2303 2428 2470 2490 τινός·
2520 2429 2610 2483 καὶ
2658 2433 2764 2483 ποῦ
2823 2432 2920 2484 τοῦ
2971 2425 3282 2485 Σαϐελλιου
3325 2435 3362 2502 ἡ
3411 2432 3712 2512 minimc;
3756 2429 3818 2488 Ei

2177 2522 2272 2595 μὲν
2320 2521 2423 2594 γὰρ
2469 2516 2527 2575 ἓν
2575 2521 2693 2575 κατ’
2742 2519 2950 2576 ἐκεῖνον
3011 2519 3275 2597 ἐλέγομεν
3339 2525 3437 2580 τὸν
3485 2525 3700 2600 Πατέρα
3739 2523 3821 2580 καὶ

2171 2611 2263 2666 τὸν
2325 2610 2446 2664 Υἱὸν
2483 2610 2519 2678 ἢ
2562 2609 2652 2664 καὶ
2717 2609 2778 2664 τὸ
2837 2609 3056 2681 Πνὲῦμα
3112 2611 3186 2674 ὡς
3245 2613 3382 2686 μίαν
3441 2615 3737 2671 ὑπόστασιν
3787 2610 3822 2682 ἤ

2174 2703 2492 2783 πρόσωπον,
2523 2707 2584 2762 τὸ
2633 2707 2695 2763 ἐκ
2740 2711 2837 2762 τοῦ
2881 2708 3090 2784 Πατρὸς
3143 2707 3598 2787 ἐκπορευόμενον
3644 2712 3731 2768 καὶ
3780 2709 3833 2766 ὲκ

2170 2802 2268 2853 τοῦ
2328 2798 2457 2851 Υἱοῦ
2522 2794 2902 2871 ἐκπορεύεσθαι
2999 2818 3312 2876 φασκοντες,
3405 2801 3718 2879 σύμφρονες
3779 2803 3833 2855 ἃν

2173 2891 2310 2962 ἦμεν
2338 2891 2419 2960 τῷ
2475 2881 2786 2959 Σαϐελλῖῳ,
2839 2887 2875 2956 ἢ
2915 2887 3128 2948 πάντως
3187 2885 3634 2962 ἢμισαϐὲλλιοι,
3682 2889 3840 2948 καθά·

2173 2997 2275 3052 περ
2307 2973 2472 3030 ἄλλοι
2517 2977 2658 3030 τινὶ(
2709 2976 3011 3048 ἡμιάρειοι·
3056 2976 3124 3031 τὰ
3171 2977 3272 3050 μέυ
3321 2980 3436 3056 γὰρ
3475 2979 3610 3054 τρία
3663 2979 3842 3056 λέγονο

2172 3087 2260 3128 τες
2297 3066 2422 3138 μίαν
2478 3065 2768 3119 ὑπόστασιν
2827 3065 2916 3119 καὶ
2975 3061 3028 3120 ἓν
3089 3065 3235 3122 οὕτω
3293 3069 3448 3124 κατὰ
3521 3064 3850 3138 Σαϐἐλλιον,

2110 3154 2334 3259 ϐοὒδέν
2363 3153 2580 3228 μᾶλλον
2627 3152 2918 3228 ἐποιοῦμεν
2975 3155 3038 3209 τὸ
3086 3154 3310 3228 Πνεῦμα
3361 3160 3432 3214 Ex
3477 3162 3584 3215 τοῦ
3641 3159 3849 3232 Ηατρὸς

2179 3247 2267 3300 καὶ
2300 3242 2356 3299 ἐγ
2402 3248 2505 3298 τοῦ
2552 3243 2680 3298 Υἱοῦ
2729 3241 3180 3318 ἐκπορευόμενον,
3229 3243 3268 3312 ἤ
3329 3245 3388 3318 ἐξ
3442 3249 3672 3304 ἑαυτοῦ·
3715 3245 3858 3304 ἀλλὰ

2182 3335 2270 3390 καὶ
2325 3335 2416 3388 τὸν
2481 3333 2694 3406 Πατέρα
2751 3333 3021 3410 γεννῶντα
3075 3353 3133 3388 τε
3193 3335 3285 3388 καὶ
3351 3339 3712 3412 γεννώμενον
3771 3334 3858 3390 καὶ

2184 3423 2634 3496 ἐκπορευόμενον,
2694 3421 2783 3476 καὶ
2839 3418 3066 3476 ἕκαστον
3123 3423 3342 3479 τούτων
3401 3426 3470 3482 οὖ
3532 3425 3754 3502 μᾶλλον
3811 3423 3862 3495 ἐξ

2184 3509 2360 3568 ἄλλου
2389 3510 2425 3579 ἤ
2458 3511 2509 3582 ἐξ
2569 3511 2781 3565 ἑαυτοῦο
2835 3511 2924 3565 καὶ
2964 3511 3057 3566 τὸν
3107 3511 3228 3565 Υῖὸν
3281 3510 3347 3569 δὲ
3403 3517 3477 3572 οὗ
3530 3519 3707 3590 μόνον
3752 3535 3866 3590 γεν-

2182 3601 2451 3675 νώμενον,
2491 3599 2637 3655 ἄλλα
2682 3598 2769 3654 καὶ
2817 3597 3272 3674 ἐκπορευόμενον,
3323 3604 3479 3677 πρὸς
3539 3603 3603 3662 δὲ
3647 3605 3864 3666 τούτοις

2183 3690 2274 3745 καὶ
2330 3693 2618 3764 γεννῶντα·
2670 3687 2760 3742 καὶ
2819 3688 2883 3743 τὸ
2941 3693 3156 3763 Πνεῦμα
3211 3689 3380 3756 αὖθις
3447 3694 3560 3750 οὐκ
3619 3694 3877 3769 ἐκπορευ-

2186 3781 2381 3852 όμενον
2444 3779 2634 3851 μόνον,
2697 3775 2842 3832 ἀλλὰ
2895 3778 2984 3833 καὶ
3052 3783 3256 3853 γεννῶν
3328 3784 3435 3838 καὶ
3515 3786 3878 3861 γεννώμενον.

2185 3871 2414 3922 Τοιαῦτα
2463 3867 2567 3941 γὰρ
2619 3864 2686 3920 τὰ
2745 3861 3052 3921 Σαϐελλίου
3120 3864 3449 3941 ληρήματα
3511 3871 3598 3928 ἐνὶ
3659 3873 3756 3929 καὶ
3811 3874 3888 3941 τῷ

2185 3955 2332 4026 αὐτῷ
2365 3955 2649 4028 πρασώπῳ
2709 3951 2942 4030 διάφορα
2993 3953 3231 4018 τιθέντος
3287 3957 3576 4033 ὀνόματα
3621 3963 3716 4016 καὶ
3771 3957 3888 4015 δια-

2186 4047 2386 4125 φόρους
2417 4041 2726 4114 ΐδιότητας.
2764 4044 2866 4099 Τὸν
2925 4041 2981 4099 δὲ
3026 4043 3238 4121 Πατέρα
3283 4048 3393 4104 καὶ
3451 4052 3558 4106 τὸν
3612 4052 3747 4107 Υἱὸν
3793 4051 3898 4124 μό-

2185 4155 2276 4190 νον
2308 4137 2602 4212 φάσκοντες
2649 4129 2706 4188 ἓν
2751 4131 3068 4206 πρόσωπον,
3119 4133 3179 4190 tr.
3219 4141 3330 4191 τοῦ
3391 4139 3525 4203 ἑνὸς
3581 4138 3648 4196 δὶ
3692 4141 3893 4196 τούτου

2187 4223 2249 4278 τὸ
2290 4227 2509 4294 Πνεῦμα
2564 4223 2934 4298 προέρχεσθαι
2980 4220 3430 4299 δογματίζοντες
3488 4230 3649 4304 ἦμεν
3701 4228 3765 4286 ἂν
3813 4227 3902 4285 καὶ

2187 4312 2361 4376 οὕτως
2393 4306 2788 4385 ἠμισαϐἐλλιοι
2820 4311 2880 4366 ὲκ
2906 4315 3002 4366 τοῦ
3057 4313 3268 4386 Πατρὸς
3318 4317 3428 4372 καὶ
3499 4319 3568 4374 ιχ
3619 4325 3726 4375 τνῢ
3773 4319 3901 4374 rio?)

2186 4403 2247 4457 τὸ
2274 4401 2594 4476 ἐκπορευτὸν
2628 4400 3022 4476 ἐκπορεύεσθαι
3071 4400 3360 4477 λέγοντες.
3431 4409 3563 4467 Νῦν
3619 4407 3686 4468 δξ
3737 4412 3906 4485 ἡμεῖς

2188 4489 2371 4562 ἄλλην
2417 4492 2510 4562 μὲν
2571 4490 2860 4546 ὑπόστασιν
2916 4495 3016 4556 τῆς
3063 4492 3342 4562 θεότητος
3407 4494 3768 4570 δοξάζοντες
3819 4499 3911 4553 τὸν

433 4598 532 4638 sus
577 4579 882 4652 Spiritum,
939 4573 1154 4630 deinde
1203 4577 1496 4646 ponentes
1543 4573 1965 4644 procedentem
2013 4591 2067 4629 ο]

2191 4578 2420 4654 Πατέρα,
2452 4577 2633 4666 ἄλλην
2666 4575 2723 4633 δὲ
2751 4579 2842 4633 τὸν
2891 4581 3042 4647 Υῖὸν,
3093 4586 3196 4648 τῆς
3248 4581 3450 4656 ,ιῦτῆς
3493 4563 3760 4660 ’δέλετδῆ
3813 4584 3916 4666 φύ.

429 4671 624 4732 Patre,
656 4665 976 4739 procedere
1003 4679 1240 4736 quoque
1271 4679 1343 4718 ex
1373 4661 1544 4732 Filio,
1590 4662 1762 4718 aliter
1799 4663 2071 4719 dicimus.

429 4757 538 4822 Qui
569 4773 702 4810 vero
730 4771 914 4811 unam
948 4763 1282 4825 {personam
1341 4767 1470 4807 esse
1516 4751 1684 4806 aiunt
1735 4754 1968 4808 Patrem
2017 4758 2076 4808 et

431 4845 668 4911 Filium,
701 4843 911 4898 deinde
943 4843 1223 4914 Spiritum
1255 4859 1325 4896 ex
1353 4843 1526 4896 Patre
1558 4847 1616 4896 et
1647 4857 1714 4897 ex
1747 4841 1893 4897 Filio
1937 4859 2072 4914 pro-

433 4934 642 4990 cedere
673 4933 992 4999 affirmant,
1035 4932 1358 4987 absurdum
1407 4949 1779 5003 consequens
1831 4933 2072 5002 habent,

431 5038 559 5080 non
589 5020 728 5091 quia
757 5020 1104 5090 simpliciter
1134 5021 1337 5076 dicunt
1368 5039 1436 5077 ea:
1486 5022 1650 5076 Patre
1693 5028 1747 5076 et
1787 5039 1856 5076 ex
1903 5021 2072 5092 Filio,

437 5110 542 5169 sed
575 5109 715 5180 quia
744 5125 815 5163 ex
843 5107 1130 5162 ambobus
1161 5113 1442 5180 tanquam
1473 5127 1612 5179 uno,
1638 5115 1696 5164 et
1716 5110 1857 5182 quia
1885 5127 2073 5166 unum

433 5206 776 5268 utrumque,
833 5197 1068 5252 Patrem
1117 5195 1389 5252 videlicet
1437 5203 1494 5252 et
1540 5199 1774 5270 Filium,
1824 5205 2074 5272 ponunt,

429 5306 555 5346 non
587 5283 912 5343 secundum
942 5285 1058 5339 vim
1091 5283 1412 5340 Dominicas
1443 5287 1600 5342 vocis
1651 5305 1854 5344 verum
1903 5306 2073 5346 secus

433 5395 501 5435 ac
527 5377 629 5431 ille
661 5373 842 5428 dicit:
876 5375 993 5443 Ego
1025 5380 1076 5428 et
1109 5375 1274 5428 Pater
1304 5391 1474 5429 unum
1501 5391 1702 5431 sumus.
1754 5379 1880 5432 Non
1911 5395 2070 5446 vero,

435 5466 536 5538 qui
569 5481 638 5520 ex
671 5464 839 5518 Patre
871 5467 931 5516 et
961 5477 1031 5517 ex
1061 5462 1206 5516 Filio
1239 5462 1491 5518 dicimus
1521 5464 1827 5534 Spiritum,
1861 5483 1980 5522 non
2010 5472 2076 5522 ut

438 5573 507 5612 ex
535 5569 654 5609 uno
685 5551 958 5623 dicimus,
1016 5567 1219 5605 verum
1275 5557 1338 5606 ut
1394 5569 1462 5608 ex
1519 5553 1746 5610 duabus
1802 5557 2073 5628 personis

437 5638 1048 5703 consubstantialibus
1123 5640 1687 5700 consubstantialem
1753 5645 2074 5716 procedere

2185 4689 2341 4734 σεως,
2381 4666 2558 4737 ἃλλην
2617 4664 2673 4722 δὲ
2733 4667 2991 4730 ὡσαύτως
3038 4668 3100 4722 τὸ
3145 4673 3420 4744 Πνεῦμα,
3479 4677 3618 4734 εἶτα
3675 4664 3917 4738 τιθέντες

2181 4758 2244 4812 τὸ
2295 4757 2354 4812 ἐκ
2409 4760 2507 4811 τοῦ
2564 4757 2774 4831 Πατρὸς
2833 4755 3267 4831 ἐκπορευόμενον
3322 4760 3777 4841 ἐγπορεύεσθαι
3827 4764 3920 4822 καὶ

2182 4845 2244 4901 ἐκ
2269 4849 2365 4900 τοῦ
2395 4845 2770 4920 Υἱοῦ,ὶτὲρ‹υς
2803 4845 2999 4922 φαμέν.
3054 4846 3122 4904 Ol
3180 4847 3281 4920 μὲν
3346 4849 3459 4907 οὖν
3518 4855 3584 4910 ἓν
3650 4857 3926 4932 λέγοντες

2181 4935 2274 4989 τὸν
2318 4934 2530 5008 Πατέρα
2556 4933 2648 4988 καὶ
2676 4934 2768 4989 τὸν
2823 4935 2949 4990 Υἱὸν
2995 4935 3330 5010 πρόσωπον,
3397 4943 3538 5001 εἶτα
3605 4946 3923 5026 φάσκοντες

2183 5022 2246 5077 τὸ
2296 5023 2511 5095 Πνεῦμα
2562 5021 2886 5098 ὲκπορευτὸν
2945 5023 3006 5079 ἐκ
3059 5028 3160 5080 τοῦ
3218 5026 3482 5104 Ιῖατρὸς
3541 5021 3646 5091 καὶ
3713 5036 3780 5093 ἐκ
3825 5039 3926 5090 τοῦ

2183 5111 2332 5182 Υἱοῦ,
2363 5110 2426 5166 τὸ
2484 5107 2684 5166 ἃτοπον
2733 5110 2996 5186 ἑπόμενον
3047 5107 3303 5193 ἔχουσιν·
3372 5119 3510 5198 οὐχ
3569 5123 3671 5181 ὅτι
3727 5123 3930 5184 ἁπλῶς

2184 5221 2340 5277 φασιν
2373 5198 2432 5254 ἐκ
2461 5204 2556 5255 τοῦ
2585 5200 2794 5276 Πατρὸς
2848 5199 2938 5256 καὶ
2983 5199 3042 5256 ἐκ
3097 5202 3194 5258 τοῦ
3231 5203 3426 5280 Υὶοῧ,
3486 5211 3642 5270 ἀλλ’
3706 5214 3802 5272 δτι
3857 5214 3935 5275 ὡς

2185 5290 2302 5352 ἑνὸς
2335 5287 2385 5363 ἐξ
2417 5292 2642 5364 ἂμφοῖψ
2675 5290 2765 5346 καὶ
2814 5288 2898 5347 ὅτι
2945 5287 2999 5346 ἓν
3047 5290 3214 5369 ἄμφω
3278 5293 3584 5357 τίθενται
3639 5304 3750 5359 τὸν
3809 5309 3936 5359 Πα-

2181 5379 2310 5454 τέρα
2337 5380 2428 5433 καὶ
2457 5379 2549 5433 τὸν
2596 5377 2738 5450 Υἱὸν,
2773 5378 2836 5434 οὗ
2884 5380 3020 5436 κατὰ
3066 5377 3311 5454 δύναμιν
3374 5391 3500 5454 τῆς
3557 5398 3680 5449 τοῦ
3726 5393 3940 5470 κυρίου

2184 5474 2391 5547 φωνῆς,
2423 5465 2550 5559 ἀλλ’
2582 5469 2778 5559 ἑτέρως
2921 5469 2994 5528 ὡς
3050 5467 3257 5559 ἰξεῖνός
3327 5495 3565 5552 φησιν’
3627 5465 3936 5559 Ἐγὼ-καὶ

2185 5559 2429 5648 ollam-Ap
2485 5553 2779 5648 Eviéausv.
2840 5557 3031 5648 Ἡμεῖς
3091 5556 3149 5614 δὲ
3199 5560 3308 5614 καὶ
3384 5563 3462 5623 ἐκ
3522 5575 3640 5628 τοῦ
3713 5553 3944 5648 ῂατρὸς

2181 5645 2272 5702 καὶ
2302 5645 2360 5702 ἐκ
2387 5649 2482 5700 τοῦ
2511 5647 2639 5701 Υἱοῦ
2669 5647 2731 5703 τὸ
2766 5649 2986 5724 Πνεῦμα
3017 5645 3278 5724 λέγοντες
3350 5655 3496 5735 οὐχ
3553 5660 3652 5730 ὡς.
3817 5645 3947 5733 ἑνὸς
