4150 6292
326 334 408 396 185
1283 328 1388 390 DE
1428 326 1968 393 PROCESSIONE
2009 330 2367 395 SPIBITUS
2416 332 2717 395 SANCTI.

3599 336 3717 398 186

333 466 455 521 τοῦτό
482 480 669 543 φαμεν,
735 459 878 517 ἀλλ’
937 459 1014 525 ὡς
1073 460 1131 518 lx
1182 457 1283 517 δύο
1331 460 1640 537 προσώπων
1685 461 1945 542 ὁμοφυῶν

2073 466 2394 523 secundum
2427 469 2746 539 quemdam
2807 468 3177 542 incognitum
3242 473 3301 524 et
3357 470 3721 528 ineffabilem

345 555 532 634 δμοουές
582 552 1012 629 προερχόμενον
1052 553 1185 607 κατά
1239 573 1361 608 τινα
1418 554 1619 629 τρόπον
1680 551 1955 629 ἅγνωστόν

343 644 473 701 τεκαί
518 641 775 718 ἃρρητον.
845 642 930 698 Τὸ
1002 642 1099 715 μὲν
1146 642 1239 697 οὗν
1300 642 1352 712 ἐξ
1407 643 1611 715 ἀμφοῖν
1659 639 1838 720 λέγειν
1895 643 1956 698 τὸ

344 738 509 805 Πνεῦμα
565 733 639 793 ὡς
702 731 755 802 ἐξ
825 730 970 799 ἑνὸς,
1033 725 1241 793 ἀσεϐὲς·
1306 725 1675 787 Σαϐελλιανὸν
1735 731 1839 808 γάρ
1895 732 1958 788 τὸ

338 820 378 878 δὲ
401 821 441 892 ἐξ
464 821 671 900 ἆμαοῖν
704 819 966 900 ἒχόντοιν
997 820 1096 875 οὐκ
1124 820 1177 874 ἐν
1236 820 1394 892 οὐσίᾳ
1440 818 1814 899 διαφορότητα
1844 820 1959 876 οὐδ’

336 911 665 983 ἐνόνομάτων
717 908 1005 981 διττότητι
1058 911 1158 979 τὴν
1212 907 1496 984 διάκρισιν,
1556 908 1685 966 ἀλλ’
1713 913 1770 965 ἒν
1832 911 1959 965 ὑπο-

337 1006 577 1061 πατικαῖς
633 997 896 1070 ἰδιότησι,
955 1006 1056 1068 τῆς
1116 993 1495 1068 Σαϐελλιανῆς
1554 994 1798 1061 ἀσεϐείας
1852 1021 1952 1073 μα-

335 1091 457 1165 κράνσ
488 1088 650 1157 ὥστε,
698 1085 891 1157 ἐπειδὴ
950 1088 1016 1143 τὸ
1070 1092 1318 1143 τοιοῦτον
1379 1085 1557 1164 δόγμα
1610 1086 1794 1163 ἕτερόν
1846 1089 1956 1144 ἐστι

335 1187 413 1248 τῆς
436 1183 522 1236 τοῦ
554 1173 871 1233 Σαϐελλίου
905 1173 1090 1249 δόξης,
1129 1174 1261 1252 μηδ’
1292 1178 1370 1241 ὡς
1418 1174 1788 1235 Σαϐελλιανὸν
1820 1181 1959 1253 ἡγοῦ

332 1269 403 1325 καὶ
428 1263 762 1338 ἀπόϐλητον.
793 1265 955 1324 Ἀλλ’
984 1264 1021 1336 ἤ
1075 1265 1179 1342 ἄρα
1236 1267 1435 1341 ἑτέρως
1485 1261 1632 1342 ἔχειν
1662 1268 1726 1322 τὸ
1756 1266 1954 1323 ἂτοπον

334 1354 517 1433 ἔλεγχε.

326 1482 329 1487 ›
395 1454 445 1503 ε’.
474 1452 571 1504 I‘P.
621 1447 801 1502 Ἔστω
857 1449 1048 1513 ταῦτα,
1086 1447 1175 1502 καὶ
1237 1448 1313 1521 μὴ
1375 1443 1747 1503 Σαϐελλιανὸν
1817 1443 1956 1502 ἔστω

341 1538 391 1595 τὸ
417 1535 581 1611 λέγειν
606 1534 663 1591 ἐκ
691 1539 791 1591 τοῦ
844 1536 1061 1611 Πατρός
1118 1537 1205 1592 καὶ
1265 1540 1363 1593 τοῦ
1394 1538 1522 1593 Υἱοῦ
1569 1541 1667 1593 τοῦ
1692 1536 1958 1612 παναγίου

332 1626 621 1700 Πνεόματος
692 1628 793 1696 τήν
847 1623 1185 1701 ἐκπύρωσιν
1273 1625 1400 1683 ἀλλ’
1451 1625 1625 1683 ἐκεῖνό
1681 1649 1744 1703 γε
1824 1626 1956 1683 ἄτοο

327 1738 411 1772 πον
438 1719 565 1789 (14).
606 1715 671 1769 Εἰ
699 1715 807 1790 γὰρ
864 1713 916 1788 ἐξ
959 1716 1187 1790 ἀμφοῖν,
1247 1715 1497 1779 σύνθετος
1555 1716 1703 1790 αὑτῷ
1760 1714 1956 1772 λοιπὸν

325 1814 407 1877 τῆς
444 1806 790 1867 ὑποστάσεως
818 1807 853 1873 ἡ
902 1803 1139 1875 ἰδιότης,
1196 1806 1287 1861 καὶ
1346 1806 1455 1882 οὐχ
1501 1808 1653 1874 ἁπλῆ
1682 1807 1773 1863 καὶ
1830 1810 1954 1863 σύν-

324 1900 451 1959 θετος
502 1898 538 1965 ἡ
599 1894 917 1963 ὑπόστασις,
977 1893 1062 1950 ὅτι
1108 1896 1196 1951 καὶ
1259 1894 1478 1970 ἀμέσως
1550 1897 1639 1951 καὶ
1698 1895 1954 1972 ἐμμὲσως

321 1984 676 2060 ικπορεόεται,
706 1984 771 2038 τὸ
817 1984 914 2057 μὲν
959 1982 1021 2038 ἐκ
1077 1989 1171 2039 τοῦ
1229 1985 1459 2059 Πατρός,
1511 1986 1574 2041 τὸ
1630 1983 1690 2041 δὲ
1744 1986 1806 2043 ἐκ
1860 1991 1958 2043 τοῦ

321 2078 445 2131 Ποῦ·
488 2073 638 2129 οὕτω
703 2069 762 2126 δὲ
813 2071 905 2126 καὶ
965 2077 1064 2127 τοῦ
1113 2074 1241 2128 Υἱοῦ
1300 2076 1336 2143 ἡ
1388 2071 1599 2145 ἲδιότης
1658 2074 1959 2150 εὑρίσκεται

320 2165 569 2230 mea”,
598 2158 809 2236 ἔχουσα
833 2161 910 2234 μὴ
949 2159 1114 2233 μόνον
1134 2174 1197 2217 τό
1218 2164 1499 2237 γεννᾶσθαι
1523 2162 1582 2219 ἐκ
1610 2167 1707 2219 τοῦ
1729 2164 1960 2239 Πατρὸς,

316 2253 446 2310 ἀλλὰ
465 2252 559 2308 καὶ
589 2252 658 2306 τὸ
690 2252 909 2322 Πνεῦμα
939 2250 992 2321 ἐξ
1024 2249 1213 2305 ἑαυτοῦ
1271 2250 1491 2326 ἀμέσως
1546 2252 1622 2316 ὠς
1680 2254 1817 2326 μέση
1850 2254 1962 2327 (l5)

318 2338 741 2419 προϐάλλεσθαι.

384 2525 542 2581 ΛΔΤ.
596 2523 745 2577 Κατὰ
795 2526 991 2577 τοῦτον
1070 2521 1162 2577 τὸν
1226 2519 1393 2597 λόγον
1447 2522 1685 2586 σύνθεσις
1743 2521 1804 2579 ἄν
1880 2521 1964 2595 εἴη

320 2614 544 2684 καὶπερὶ
574 2617 672 2667 τὸν
714 2612 952 2687 Πατέρα,
992 2609 1083 2665 καὶ
1144 2609 1383 2683 μᾶλλον,
1438 2612 1522 2667 ὅτι
1571 2611 1671 2668 οὑκ
1699 2612 1967 2689 ἆγγὲννη-

318 2723 407 2766 τος
431 2704 610 2773 μόνον,
646 2700 798 2757 ἀλλὰ
836 2701 930 2755 καὶ
970 2702 1250 2775 γεννήτωρ
1280 2700 1371 2755 καὶ
1419 2695 1747 2775 προϐολεὺς.
1793 2703 1855 2759 Εἰ
1909 2700 1967 2759 δὶ

325 2787 408 2845 ἰπὶ
458 2794 554 2845 τοῦ
604 2792 818 2865 Ηατρὸς
880 2792 1054 2844 ταῦτα
1126 2789 1192 2843 οὗ
1265 2792 1637 2866 παρεισήγαγε
1693 2792 1967 2863 σύνθεσιν,

323 2878 441 2939 οὑδέ
491 2881 659 2936 ἐκεῖνα
701 2881 904 2938 λοιπὸν
993 2879 1083 2934 ἐπὶ
1134 2883 1231 2934 τοῦ
1298 2879 1425 2934 Υἳοῦ
1479 2882 1570 2935 καὶ
1627 2883 1964 2956 Πνεόματος.

330 2971 482 3032 Πτίς
524 2972 558 3040 ἡ
613 2969 1043 3044 ἀποκλήρωσις,
1098 2969 1188 3025 τὸν
1253 2971 1352 3042 μὲν
1404 2969 1617 3046 Πατέρα
1686 2972 1763 3044 μὴ
1831 2973 1965 3027 εἶναι

2064 556 2325 613 modum.
2362 558 2644 629 Spiritum
2667 559 2846 632 igitur
2874 559 3072 614 dicere
3097 576 3166 614 ex
3194 564 3444 629 utroque
3469 562 3630 616 velut
3649 579 3723 617 ex

2061 662 2181 701 uno
2213 646 2463 718 impium
2498 654 2606 715 est,
2641 650 2782 720 quia
2812 649 3258 716 Sabellianun‘i;
3293 668 3427 705 eum
3463 669 3596 706 vero
3632 652 3724 708 di-

2063 751 2196 791 cere
2229 753 2298 791 ex
2328 737 2616 793 ambobus
2648 756 2770 794 non
2800 739 3161 797 habentibus
3182 738 3242 793 in
3276 742 3533 796 essentia
3555 741 3723 797 ditTe-

2061 826 2316 882 rentiam
2357 844 2553 899 neque
2584 828 2645 883 in
2676 830 2986 883 nominum
3021 829 3365 899 duplicitate
3414 831 3719 886 discretio-

2062 930 2225 974 nem.
2259 915 2363 970 sed
2410 917 2469 971 in
2511 917 2899 988 hypostaticis
2945 917 3428 989 proprietatibus,
3474 919 3646 989 longe
3686 936 3720 973 a

2063 1002 2401 1061 Sabelliaua
2434 1005 2739 1076 impietate
2770 1006 2956 1061 abest.
2986 1007 3176 1071 Quare
3207 1023 3340 1061 cum
3372 1007 3484 1061 hoc
3506 1006 3721 1079 dogma

2064 1093 2222 1149 aliud
2256 1095 2393 1149 sita
2421 1094 2659 1149 Sabellii
2717 1096 3026 1166 opinione,
3075 1112 3271 1167 neque
3315 1095 3717 1152 Sabellianum

2063 1188 2123 1239 et
2147 1182 2548 1255 abjiciendum
2598 1184 2747 1239 illud
2778 1185 3100 1243 existimes.
3145 1187 3360 1241 Verum
3391 1186 3716 1242 absurdum

2061 1271 2210 1328 illud
2241 1288 2369 1328 esse
2395 1272 2637 1329 aliunde
2666 1273 3063 1330 demonstres.

2134 1454 2186 1506 5.
2221 1451 2331 1506 GR.
2362 1450 2492 1505 Sint
2519 1451 2646 1506 haec
2684 1452 2787 1518 ita,
2829 1469 3022 1524 neque
3074 1452 3482 1510 Sabellianum
3531 1454 3609 1509 sit
3637 1454 3721 1509 di-

2063 1556 2219 1606 cere,
2253 1556 2322 1596 ex
2357 1542 2532 1596 Patre
2590 1545 2649 1595 et
2693 1541 2841 1597 Filio
2882 1544 3244 1598 sanctissimi
3288 1544 3540 1615 Spiritus
3590 1560 3719 1600 esse

2065 1627 2528 1701 processionem.
2561 1630 2838 1685 Attamen
2868 1631 3018 1686 illud
3067 1637 3225 1688 certe
3277 1630 3604 1688 absurdum
3631 1650 3723 1688 os-

2064 1718 2277 1784 tendit,
2306 1718 2465 1789 quod
2497 1735 2617 1774 non
2643 1719 2837 1775 dicam
2869 1721 2947 1791 (l).
2982 1722 3038 1776 Si
3062 1722 3314 1793 Spiritus
3346 1728 3436 1778 est
3453 1740 3520 1779 ex
3550 1729 3717 1779 utro-

2067 1824 2202 1880 que,
2236 1809 2568 1879 composita
2598 1808 2709 1880 ipsi
2741 1809 2853 1863 erit
2882 1810 3268 1881 hypostaseos
3293 1812 3640 1882 proprietas,
3664 1817 3721 1866 et

2063 1913 2185 1953 non
2216 1896 2489 1969 simplex,
2519 1904 2575 1953 et
2605 1898 2935 1970 composita
2958 1899 3087 1970 ipsa
3110 1899 3466 1971 hypostasis,
3500 1901 3639 1971 quia
3660 1907 3719 1957 et

2064 1986 2409 2043 immediate
2425 1992 2484 2041 et
2498 1988 2753 2044 mediate
2767 1989 3287 2059 procedit,scilicet
3299 1994 3423 2045 tum
3439 2007 3505 2045 ex
3522 1992 3693 2047 Patre
3713 2035 3726 2060 ,

2066 2081 2195 2135 tum
2227 2093 2295 2131 ex
2326 2076 2517 2143 Filio;
2569 2077 2653 2132 sic
2698 2082 2897 2133 autem
2950 2083 3009 2133 et
3064 2078 3196 2133 Filii
3246 2080 3577 2151 proprietas
3627 2081 3726 2136 de'

2067 2166 2462 2239 prehenditur
2491 2168 2839 2239 composita,
2895 2183 3076 2238 quum
3108 2184 3227 2223 non
3272 2169 3468 2224 solum
3513 2170 3728 2226 habeat

2071 2244 2230 2326 quad
2261 2256 2339 2312 sit
2367 2262 2684 2328 generatus
2741 2273 2813 2311 ex
2858 2259 3052 2323 Patre,
3094 2274 3297 2313 verum
3343 2260 3520 2314 etiam
3569 2260 3728 2330 quod

2072 2344 2358 2415 Spiritum
2406 2349 2677 2405 sanctum
2718 2362 2787 2402 ex
2836 2362 2897 2402 se
2947 2346 3075 2418 ipso
3124 2347 3466 2403 immediate
3512 2349 3728 2419 produ-

2073 2438 2187 2490 cat.

2147 2523 2300 2577 LAT.
2335 2523 2672 2583 Secundum
2703 2525 2858 2580 hanc
2879 2525 3172 2581 rationem
3199 2525 3261 2581 in
3290 2530 3458 2582 Patre
3491 2543 3728 2598 quoque

2074 2610 2229 2666 foret
2257 2613 2630 2686 compositio,
2664 2618 2724 2669 et
2764 2613 2950 2667 multo
2984 2614 3192 2684 magis,
3219 2615 3359 2684 quia
3380 2632 3500 2669 non
3533 2616 3726 2671 solum

2076 2700 2400 2772 ingenitus,
2431 2718 2634 2758 verum
2675 2702 2854 2756 etiam
2903 2718 3197 2773 generans
3248 2707 3305 2756 et
3354 2704 3586 2774 spirans
3615 2710 3727 2760 est.

2078 2789 2135 2844 Si
2166 2805 2302 2844 vero
2333 2788 2461 2844 hmo
2501 2789 2565 2843 in
2606 2790 2780 2844 Patre
2831 2789 3053 2844 nullam
3097 2790 3389 2845 inducunt
3432 2793 3729 2862 composi-

2077 2879 2326 2941 tionem,
2360 2894 2553 2948 neqUe
2586 2876 2689 2932 illa
2720 2878 2782 2932 in
2814 2876 2962 2932 Filio
2996 2883 3052 2932 et
3085 2877 3144 2932 in
3179 2878 3400 2949 Spiritu
3440 2881 3731 2952 composi-

2078 2967 2301 3025 tionem
2330 2965 2634 3025 inducent.
2692 2968 2808 3022 Aut
2869 2964 3060 3037 qualis
3105 2972 3196 3022 est
3242 2967 3356 3024 ista
3400 2969 3628 3025 sortitio
3678 2976 3737 3026 et

304 3062 554 3127 σύνθετον
580 3061 643 3118 ἐκ
696 3066 798 3117 τοῦ
857 3061 1157 3138 ἆγεννήτου
1205 3062 1299 3117 καί
1353 3065 1449 3117 τοῦ
1505 3066 1821 3138 γεννητικοῦ
1875 3063 1959 3119 καῖ

2081 3054 2441 3121 distributio,
2474 3056 2709 3110 Patrem
2762 3055 3002 3127 quidem
3028 3073 3146 3111 non
3180 3073 3308 3113 esse
3339 3059 3732 3130 compositum

304 3158 397 3208 τοῦ
426 3147 838 3227 προόλητικοῦ,
870 3150 965 3206 τὸν
1022 3147 1080 3204 δὲ
1137 3150 1258 3205 Υἱὸν
1317 3149 1566 3215 σύνθετον
1615 3151 1754 3206 εἶναι
1785 3149 1877 3207 διὰ
1901 3153 1966 3208 τὸ

2080 3160 2149 3199 ex
2180 3142 3052 3216 innascibilitate,generatione
3071 3150 3129 3200 et
3142 3146 3463 3218 spiratione
3478 3147 3730 3220 (activa),

301 3242 554 3317 γεννητὸν
601 3240 695 3296 καὶ
752 3241 816 3296 τὸ
865 3233 1270 3316 προόλητικὸν,
1320 3238 1409 3294 καὶ
1461 3241 1524 3295 τὸ
1583 3244 1802 3314 Πνεῦμα
1875 3238 1959 3296 διὰ

2074 3231 2297 3289 Filium.
2344 3248 2482 3286 vero
2528 3232 2920 3305 compositum
2968 3250 3098 3288 esse
3147 3240 3389 3307 propter
3434 3236 3728 3308 passivam

304 3334 363 3386 τὸ
391 3329 613 3405 διχόθεν
647 3329 737 3386 καὶ
771 3327 954 3403 διχῶς
1010 3325 1357 3404 ἐπιπορευτὸν,
1395 3327 1523 3397 ἤτοι
1582 3330 1643 3384 ἐκ
1697 3334 1793 3386 τοῦ
1851 3336 1961 3386 Πα-

311 3421 427 3490 τρὸς
454 3420 548 3475 καὶ
582 3418 643 3474 ἐκ
669 3424 771 3473 τοῦ
807 3419 958 3488 Υἱοῦ,
995 3415 1249 3490 ἕμμέσως
1277 3415 1496 3488 δηλαδὴ
1551 3419 1641 3474 καὶ
1692 3417 1910 3493 ἁμὲσως
1945 3437 1960 3490 ;

307 3510 489 3563 Καίτοι
519 3506 618 3563 κᾶν
650 3506 835 3576 ἁπλῆν
870 3503 1055 3579 δῶμεν
1085 3506 1294 3579 ἑκάστῳ
1343 3508 1444 3576 τήν
1500 3504 1768 3580 ἰδιότητα,
1826 3509 1961 3564 κατὰ

306 3597 390 3651 τὸν
414 3598 507 3652 σὸν
539 3595 709 3672 λόγον
738 3598 827 3651 καὶ
863 3594 1062 3662 οὕτως,
1122 3595 1195 3658 ὡς
1252 3593 1448 3672 λὲγεις,
1500 3594 1703 3667 διπλόη
1739 3618 1958 3672 παρεισ-

309 3688 619 3759 αχθῆσετσι,
678 3687 771 3741 καὶ
835 3683 1079 3746 σύνθεσις
1152 3683 1361 3758 ἕψεται,
1428 3686 1517 3743 καὶ
1595 3679 1744 3741 ἔσται
1835 3688 1959 3742 σύν-

311 3776 449 3831 θετον
501 3772 753 3832 ἕκαστον.
817 3776 920 3832 Καὶ
978 3776 1083 3850 γὰρ
1135 3774 1187 3829 ἐν
1248 3780 1329 3848 τῷ
1389 3776 1559 3851 Πατρὶ
1617 3777 1709 3832 καὶ
1768 3778 1804 3846 ἡ
1860 3784 1963 3847 τῆς

313 3864 558 3937 θεότητος
587 3865 744 3921 οὐσία
790 3863 908 3921 ἐστὶ
966 3865 1056 3920 καὶ
1117 3866 1151 3933 ἡ
1209 3868 1306 3920 τοῦ
1343 3870 1529 3941 γεννᾷν
1577 3863 1813 3936 ἴδιότης,
1871 3867 1960 3922 καὶ

317 3950 364 4006 ἂν
392 3959 472 4026 τῷ
524 3957 633 4027 Υἱῷ
699 3956 834 4029 μετὰ
887 3960 989 4024 τῆς
1046 3951 1230 4016 οὑσίας
1290 3952 1381 4008 καὶ
1439 3955 1474 4025 ἠ
1524 3957 1625 4008 τοῦ
1675 3960 1957 4032 γεννᾶσθαι

318 4038 517 4113 ἰδιότης
546 4043 709 4111 ἐστὶν,
740 4042 834 4100 καὶ
879 4041 932 4099 ἐν
990 4046 1074 4115 τῷ
1122 4041 1394 4118 Πνεὺματι
1455 4044 1590 4116 μετὰ
1635 4051 1736 4114 τῆς
1793 4044 1961 4114 αὐτῆς

319 4128 496 4193 vicia:
548 4134 635 4189 καὶ
696 4134 732 4203 ἡ
788 4128 1005 4202 ἰδιότης
1054 4136 1156 4200 τῆς
1241 4131 1631 4207 ἐκπορεόσεως.
1686 4131 1846 4191 Ἀλλ’
1898 4134 1959 4191 οὑ

322 4220 549 4285 σύνθεσις
576 4223 707 4294 ἐκεῖ,
737 4223 870 4280 ἀλλ’
928 4221 1177 4293 ἁπλότης
1221 4224 1354 4299 ὑπὲρ
1411 4228 1583 4281 πᾶσαν
1647 4224 1957 4297 ἁπλότητα,

325 4306 401 4361 δτι
432 4312 561 4386 μέρη
589 4319 758 4369 ταῦτα
786 4319 888 4382 τῆς
919 4311 1179 4381 θεότητος
1209 4312 1444 4387 ιάμερής
1475 4315 1582 4392 γὰρ
1630 4314 1762 4391 ὑπὲρ
1784 4320 1957 4371 πᾶσαν

325 4395 599 4473 ἆμὲρειαν),
653 4401 781 4458 αλλ’
858 4398 1135 4471 ΐδιότητες
1223 4402 1348 4477 περὶ
1404 4403 1504 4470 τὴν
1591 4404 1716 4476 μίαν
1773 4403 1956 4460 οὐσίαν

320 4486 403 4540 καὶ
447 4490 539 4553 τὰς
589 4499 687 4562 τῆς
749 4496 879 4564 μιᾶς
939 4489 1127 4552 οὑσίας
1186 4491 1508 4556 ὑποστάσεις
1588 4493 1957 4568 θεωρούμεναι

2068 3321 2514 3393 generationem
2547 3327 2605 3377 et
2633 3323 3020 3395 spirationem
3055 3324 3326 3394 activam,
3360 3332 3419 3382 et
3445 3328 3729 3399 Spiritum

2069 3411 2488 3483 compositum,
2522 3412 2663 3482 quia
2701 3430 2731 3468 e
2759 3412 2980 3484 duplici
3013 3431 3191 3471 causa
3213 3421 3271 3471 et
3301 3418 3519 3490 duplici
3553 3419 3731 3475 modo

2068 3499 2369 3572 procedat,
2397 3500 2517 3555 sive
2539 3517 2607 3555 ex
2647 3502 2819 3557 Patre
2844 3507 2902 3557 et
2940 3519 3011 3558 ex
3042 3505 3210 3569 Filio,
3252 3508 3509 3563 mediate
3559 3500 3731 3564 videli

2068 3593 2161 3645 cet
2188 3594 2245 3643 et
2276 3588 2618 3644 immediate
2638 3590 2665 3644 ‘I
2694 3591 3045 3662 Quanquam
3078 3598 3137 3647 et
3157 3594 3203 3648 si
3256 3596 3589 3666 simplicem
3627 3598 3731 3653 de-

2068 3694 2202 3733 mus
2231 3677 2444 3748 cuique
2472 3679 2899 3749 proprietatem
2941 3680 3271 3736 secundum
3304 3689 3468 3738 tuum
3501 3701 3725 3739 sermo-

2065 3782 2226 3827 nem.
2250 3770 2309 3820 et
2338 3766 2442 3831 sic,
2478 3770 2544 3820 ut
2575 3766 2748 3833 dicis,
2781 3768 3099 3840 duplicitas
3131 3770 3444 3827 inducetur
3475 3778 3534 3828 et
3563 3790 3720 3830 com-

2067 3856 2281 3927 positio
2296 3860 2579 3926 sequetur
2602 3860 2660 3910 et
2682 3857 2794 3911 erit
2810 3859 3281 3931 unumquodque
3305 3862 3724 3932 compositum.

2066 3945 2298 4000 Etenim
2329 3944 2391 3999 in
2422 3947 2592 4000 Patre
2626 3950 2716 4000 est
2750 3952 2877 4000 tum
2918 3946 3247 4004 divinitatis
3292 3951 3553 4005 essentia
3600 3957 3726 4007 tum

2066 4034 2343 4107 gignendi
2375 4035 2727 4106 pmprietas,
2762 4040 2821 4091 et
2851 4035 2913 4090 in
2944 4036 3092 4092 Filio
3134 4054 3254 4093 una
3283 4055 3418 4095 cum
3472 4043 3728 4098 essentia

2066 4124 2397 4196 proprietas
2434 4123 2618 4195 geniti
2670 4128 2778 4193 est,
2836 4129 2895 4179 et
2944 4125 3006 4181 in
3059 4127 3279 4199 Spiritu
3338 4144 3472 4186 cum
3519 4130 3728 4187 eadem

2066 4214 2346 4279 essentia,
2379 4214 2713 4286 proprietas
2761 4215 3182 4286 processionis.
3226 4219 3443 4277 Verum
3489 4238 3611 4277 non
3643 4227 3733 4277 est

2067 4303 2419 4375 compositio
2453 4303 2558 4369 ibi,
2582 4303 2686 4358 sed
2723 4304 3078 4376 simplicitas
3109 4324 3289 4379 super
3318 4325 3556 4366 omnem
3585 4311 3727 4366 sim-

2064 4393 2411 4466 plicitatem,
2442 4392 2585 4463 quia
2634 4409 2744 4448 nec
2769 4399 2970 4465 partes
3018 4395 3351 4451 Divinitatis
3405 4398 3519 4452 ista
3569 4404 3725 4453 sunt.

2066 4500 2248 4555 quum
2281 4497 2351 4538 ea
2382 4482 2459 4537 sit
2497 4499 2677 4553 super
2715 4500 2953 4539 omnem
2996 4483 3530 4541 indivisibilitatem
3567 4486 3727 4541 indi-

312 4575 636 4652 nitida-r1;
717 4582 951 4650 ἑκάστην
1040 4580 1331 4635 ὑπόστασιν
1427 4584 1956 4659 χαρακτηρίζουσαι.

2073 4573 2344 4641 visibilis,
2401 4590 2607 4629 verum
2664 4574 3082 4646 proprietates,
3139 4591 3269 4644 quae
3340 4575 3499 4630 circa
3544 4592 3722 4632 unam

312 4663 515 4723 Οὐκοῦν
570 4669 692 4727 οὐδὲ
747 4670 877 4726 ὅταν
932 4668 1082 4745 λέγω
1139 4669 1202 4724 τὸ
1258 4674 1480 4745 Πνεῦμα
1540 4669 1760 4744 ἀμέσως
1809 4666 1958 4748 ἔχειν

308 4755 397 4809 καὶ
428 4755 673 4831 ἐμμὲσως
712 4761 816 4831 τήν
875 4756 1281 4832 ἐκπόρευσιν,ἣ
1345 4758 1440 4814 τὸν
1494 4759 1619 4813 Υἱὸν
1652 4761 1747 4815 καὶ
1775 4765 1959 4836 γεννᾶ-

313 4842 521 4901 σθαιέκ
559 4849 651 4903 τοῦ
698 4849 910 4924 ΙΙατρὸς
965 4847 1056 4902 καὶ
1116 4848 1182 4901 τὸ
1239 4851 1461 4922 Πνεῦμα
1520 4843 1961 4923 προϐάλλεσθαι,

314 4925 542 5006 διπλόην
595 4939 710 4995 τινὰ
766 4936 1092 5014 παρεισάγω
1148 4937 1239 4992 καὶ
1307 4937 1574 5002 σύνθεσιν·
1617 4936 1800 5014 ὥσπερ
1858 4940 1962 5015 γὰρ

306 5021 341 5089 ἡ
374 5020 436 5077 ἐκ
460 5031 554 5082 τοῦ
579 5030 791 5103 Πατρὸς
844 5025 1115 5101 διάφορος
1170 5023 1434 5102 πρόοδος,
1492 5027 1631 5092 καθά
1690 5049 1821 5104 φατε
1871 5022 1960 5085 καὶ

308 5109 493 5185 ὑμεῖς,
545 5114 799 5196 διάφορον
866 5116 966 5189 μὲν
1047 5112 1278 5171 δείκνυσι
1354 5116 1454 5185 τὴν
1509 5116 1697 5195 σχέσιν
1769 5116 1959 5174 αὐτοῦ,

336 5253 484 5341 ,(μι
512 5255 652 5341 Nota
694 5271 906 5341 marg;
950 5245 1181 5341 ’ἕτερου
1209 5248 1456 5341 "dedisco
1516 5250 1815 5341 εἰσαγωγὴ,
1877 5251 1960 5307 ὅτι

292 5320 544 5386 σύνθετον
582 5323 729 5382 ἔσται
758 5320 1173 5395 τὸᾞνεῦμαέιι
1209 5322 1425 5395 Πατρὸς
1482 5323 1575 5378 καὶ
1614 5320 1745 5379 ἴδἰοῦ
1782 5320 1958 5380 ἐκπο-

286 5396 604 5471 ρευόμενον,
642 5398 731 5453 καὶ
759 5396 903 5473 πρὸς
932 5396 1099 5450 τοῦτο
1138 5393 1425 5464 dumo-4.

363 5525 431 5592 (ι)
468 5527 797 5585 Secundum
830 5521 1166 5581 absurdum
1190 5537 1211 5596 :_
1237 5522 1612 5596 Compositus
1643 5524 1757 5580 erit
1777 5523 1961 5596 Spiri-

287 5597 387 5680 ξιιξ
418 5614 496 5680 ex
523 5602 698 5680 Patre_
720 5605 785 5680 et
811 5596 966 5680 Filio
997 5592 1348 5680 procedens.
1385 5592 1524 5680 inde
1554 5592 1854 5666 Photiuni,
1884 5597 1962 5652 De

524 5674 698 5730 sancti
723 5666 1105 5745 Hystagoﬁia,
1139 5681 1268 5740 cap.
1290 5669 1321 5721 7
1354 5668 1415 5724 et
1438 5666 1529 5738 45,

2070 4662 2393 4719 essentiam
2424 4667 2483 4717 et
2511 4662 2690 4732 hujus
2721 4663 2902 4717 unius
2924 4663 3200 4717 essentia)
3232 4663 3579 4734 hypostases
3599 4680 3729 4737 spe-

2069 4756 2306 4807 ctantur
2336 4755 2393 4805 et
2431 4766 2804 4821 quarumque
2864 4749 3190 4821 quamlibet
3242 4767 3556 4823 personam
3615 4754 3728 4810 dis-

2072 4839 2292 4912 tinguit
2322 4854 2547 4909 suoque
2589 4839 2931 4894 charactere
2990 4838 3256 4912 insignit.
3308 4842 3490 4914 Igitur
3531 4860 3726 4915 neque

2071 4928 2312 5001 quando
2345 4927 2477 4982 dico
2508 4927 2797 4999 Spiritum
2829 4928 3173 4985 immediate
3206 4937 3264 4986 et
3311 4932 3569 4989 mediate
3618 4935 3727 4990 ha-

2067 5017 2209 5075 bere
2238 5016 2705 5091 processionem,
2730 5016 2818 5072 vel
2849 5033 2921 5072 ex
2978 5019 3151 5074 Patre
3204 5021 3414 5077 Filium
3455 5024 3722 5094 generari

2070 5113 2128 5164 et
2159 5107 2441 5180 Spiritum
2500 5105 2826 5178 producere
2887 5106 3003 5180 (m),
3056 5109 3463 5182 duplicitatem
3523 5128 3724 5183 quam-

2107 5252 2366 5378 ἰᾶἒῗέὲιθ.
2394 5250 2699 5323 scriptum.
2721 5250 2884 5317 Quod
2908 5257 3108 5308 tamen
3132 5253 3416 5310 mendum
3440 5254 3719 5310 exhibere

2067 5338 2199 5378 vme
2207 5338 2318 5379 tur.

2140 5521 2236 5592 (m)
2266 5513 2681 5593 Προϐάλλεσθαι
2706 5518 2800 5575 hic
2821 5536 2941 5575 non
2963 5521 3114 5577 sumi
3138 5517 3362 5591 passive
3392 5533 3536 5572 usus
3556 5517 3713 5570 vocis

2069 5592 2132 5649 in
2161 5592 2544 5665 sequentibus
2583 5593 2971 5649 demonstrat.
