4150 6292
413 345 528 406 187

1667 333 1976 398 ΝΙΟΕΤΕ
2017 329 2555 398 MABONlENSlS

3672 325 3772 391 {88

419 479 555 535 dam
587 478 804 534 induco
827 483 883 536 et
907 477 1418 550 compositionem.
1453 475 1616 530 Sicut
1645 473 1804 529 enim
1827 471 2059 527 diversa

2177 467 2271 536 τήν
2305 468 2401 539 μὲν
2431 465 2569 540 πρὸς
2593 465 2688 521 τὸν
2723 465 2846 521 Υἱὸν
2907 463 2983 530 ὦς
3037 461 3274 540 Πατρὸς,
3341 462 3444 533 τήν
3471 458 3524 518 δὲ
3563 461 3683 537 πρὸς
3727 462 3780 550 τὸ

417 586 448 625 e
476 571 645 624 Patre
676 569 1030 640 progressio,
1063 565 1389 623 secundum
1421 564 1580 634 quod
1609 569 1668 618 et
1705 579 1806 617 vos
1841 561 2054 630 dicitis,

418 659 711 714 diversam
743 659 982 728 quidem
1008 658 1134 729 ejus
1166 653 1573 710 habitudinem
1587 649 2062 719 constituit,alte-

416 768 544 807 ram
577 750 650 808 ad
673 751 883 805 Filium
905 755 970 804 ut
1000 749 1210 814 Patris,
1266 747 1512 802 alteram
1561 745 1634 801 ad
1666 744 1949 815 Spiritum
1997 745 2066 796 ut

413 841 691 913 spirantis
723 838 1049 894 secundum
1083 837 1388 910 proprium
1438 835 1702 903 modum,
1752 839 2062 905 paternam

409 947 544 985 vero
576 929 921 1001 hypostasin
969 927 1219 982 minime
1259 925 1486 980 indicat
1543 923 1955 995 compositam,
1982 921 2066 976 ita

411 1034 520 1075 nec
550 1018 802 1089 Spiritus
833 1034 863 1072 e
885 1019 1057 1073 Patre
1092 1022 1150 1071 et
1178 1015 1324 1070 Filio
1357 1012 1657 1086 processio
1681 1009 2064 1082 compositio-

411 1125 550 1164 nem
583 1107 902 1178 quamdam
933 1105 1186 1177 intelligi
1213 1105 1357 1161 sinit
1386 1104 1505 1158 sive
1549 1103 1608 1156 in
1643 1101 1788 1156 Filio
1837 1101 1956 1155 sive
2003 1100 2066 1154 in

415 1197 654 1269 Spiritu.
711 1197 1060 1267 Quanquam
1115 1195 1174 1249 in
1259 1194 1432 1248 Patre
1473 1206 1754 1262 generare
1813 1195 1871 1244 et
1925 1205 2064 1260 pro-

413 1287 627 1341 ducere
657 1303 779 1341 non
812 1286 967 1340 idem
1005 1289 1094 1339 est
1123 1298 1316 1354 neque
1349 1281 1558 1336 eodem
1608 1279 1805 1345 modo,
1838 1278 1900 1334 in
1935 1277 2064 1350 Spi-

412 1377 528 1431 ritu
559 1393 694 1430 vero
726 1375 1046 1446 procedere
1073 1389 1256 1428 unum
1290 1377 1349 1426 et
1383 1371 1562 1438 idem,
1613 1369 1722 1424 etsi
1779 1384 1848 1423 ex
1877 1367 2066 1424 altero

413 1465 653 1538 quidem
685 1463 964 1531 mediate,
1007 1463 1125 1518 sive
1159 1479 1228 1517 ex
1257 1463 1430 1516 Patre
1477 1475 1584 1530 per
1613 1457 1845 1524 Filium,
1879 1473 1951 1512 ex
1989 1455 2071 1512 al'

413 1560 539 1610 tero
571 1571 706 1608 vero
739 1551 1102 1619 immediate,
1138 1552 1276 1622 quia
1307 1567 1377 1604 ex
1405 1549 1569 1619 Filio,
1607 1565 1728 1604 non
1783 1563 1919 1602 vero
1965 1562 2074 1617 per

417 1645 603 1700 alium
635 1643 1141 1714 quempiam.Non
1175 1645 1263 1696 est
1284 1640 1463 1713 igitur
1483 1635 2070 1710 compositusFilius:

418 1733 560 1805 quia
589 1749 708 1787 non
741 1731 933 1786 solum
964 1735 1302 1803 generatur,
1336 1728 1440 1784 sed
1492 1732 1550 1784 et
1583 1726 1866 1798 Spiritum
1899 1725 2074 1780 emit-

416 1823 506 1890 tit,
540 1837 735 1893 neque
784 1821 1056 1892 Spiritus,
1117 1821 1256 1891 quia
1307 1816 1578 1890 procedit
1629 1832 1752 1872 non
1799 1831 1870 1870 ex
1901 1816 2073 1870 Patre

418 1913 568 1978 solo,
601 1911 706 1966 sed
737 1915 794 1966 et
823 1927 892 1964 ex
916 1910 1063 1964 Filio
1096 1929 1110 1976 ;
1144 1925 1340 1980 neque
1367 1908 1545 1963 etiam
1575 1909 1769 1973 Pater,
1800 1903 1941 1975 quia
1957 1919 2078 1958 non

417 2001 608 2057 solum
645 1999 968 2070 ingenitus,
1003 1998 1107 2053 sed
1139 2003 1199 2054 et
1246 1996 1380 2051 Filii
1431 1995 1682 2068 genitor,
1715 2009 1908 2064 neque
1940 1991 2080 2062 quia

419 2107 540 2146 non
563 2089 756 2145 solum
787 2089 1040 2158 genitor,
1064 2087 1169 2142 sed
1199 2091 1258 2141 et
1285 2085 1607 2157 productor
1643 2083 1895 2155 Spiritus
1929 2097 1942 2148 ;
1974 2097 2076 2136 ne-

421 2197 536 2251 que
570 2179 747 2234 etiam
775 2176 1102 2232 secundum
1117 2191 1495 2232 communem
1529 2178 1654 2229 tum
1672 2177 1937 2230 nostram
1953 2177 2078 2225 tum

417 2275 673 2324 vestram
703 2267 1058 2324 sententiam
1093 2264 1456 2336 compositus
1486 2262 1670 2318 Filius
1700 2267 1759 2316 et
1806 2259 2078 2332 Spiritus,

421 2359 557 2432 quia
591 2364 841 2427 uterque
875 2363 1094 2428 praeter
1131 2355 1526 2410 substantiam
1583 2351 1765 2408 habet
1811 2367 2081 2423 personas

421 2449 868 2522 proprietatem,
927 2445 1112 2500 Filius
1162 2443 1404 2516 quidem
1459 2442 1810 2498 tiliationem
1867 2440 2078 2498 solam»

423 2538 674 2609 Spiritus
705 2553 841 2591 vero
874 2535 1318 2608 processionem
1352 2549 1423 2587 ex
1454 2531 1719 2587 Patre.Si
1744 2530 1902 2586 enim
1926 2547 2082 2586 com-

416 2629 613 2700 posita
663 2625 818 2680 foret
873 2625 1157 2696 quaslibet
1214 2638 1470 2695 persona
1494 2627 1738 2693 propter
1769 2637 1908 2677 suas
1939 2637 2076 2692 pro-

411 2715 899 2786 prietates,etiam
917 2715 1180 2769 essentia
1213 2713 1395 2768 trium
1423 2727 1814 2783 personarum
1833 2727 2078 2782 compo-

413 2805 527 2860 sita
584 2810 738 2859 esset
795 2807 1039 2874 propter
1095 2819 1218 2870 eas,
1282 2818 1414 2874 quae
1464 2801 1622 2856 circa
1669 2800 1859 2872 ipsam
1915 2803 2076 2854 sunt:

416 2895 599 2948 trium
633 2909 985 2948 communes
1013 2893 1428 2964 proprietates,
1462 2890 1789 2946 bonitatem
1819 2889 2075 2958 dico,sa-

415 2982 1101 3053 pientiam,potentiam,
1156 2982 1273 3036 vim
1313 2979 1770 3052 productricem,
1803 2977 2073 3034 omnium

417 3070 776 3125 effectricem
809 3075 863 3122 et
894 3069 1261 3134 creatricem,
1285 3067 1738 3139 providentiam,
1763 3081 2077 3122 conserva-

417 3158 664 3224 tionem,
697 3157 964 3211 omnium
986 3172 1187 3211 rerum
1219 3156 1818 3228 comprehensionem
1840 3160 1900 3208 et
1927 3171 2070 3210 con-

2173 560 2393 630 Πνεῦμα
2442 556 2518 619 ὡς
2574 551 2900 630 προϐολὲως
2949 555 3088 610 κατὰ
3132 555 3334 630 τρόπον
3389 550 3533 623 ἴδιον,
3586 553 3674 620 τήν
3723 548 3776 607 ἃὶ

2173 645 2448 719 Πατρικήν
2510 644 2802 700 ὑπόστασιν
2857 641 2920 699 οὑ
2979 641 3232 707 σύνθετον
3299 637 3669 706 ὑποδείκνυσιν,
3696 637 3778 692 οῦ-

2169 753 2279 796 τως
2311 731 2439 788 οὐδὲ
2495 732 2560 788 τὸ
2613 731 2674 787 ἐκ
2725 735 2827 788 τοῦ
2883 732 3092 806 Πατρὸς
3148 729 3239 786 καὶ
3285 727 3348 784 ἐκ
3418 731 3510 783 τοῦ
3561 729 3677 782 Υἱοῦ
3727 725 3782 781 τὸ

2173 823 2395 896 Πνεῦμα
2471 819 2854 896 ἐκπορεύεσθαι
2921 817 3164 884 σύνθεσιν
3251 815 3466 873 δίδωσιν
3531 814 3710 870 ἐννοεῖν
3757 812 3788 883 ἥ

2174 909 2264 968 ἐπὶ
2321 913 2419 966 τοῦ
2477 910 2604 966 Υίοῦ
2679 909 2714 979 ἥ
2766 909 2854 966 ἐπὶ
2913 913 3012 965 τοῦ
3082 907 3414 981 Πνεύματος.
3487 905 3666 962 Καίτοι
3715 903 3791 958 ἐπὶ

2169 1005 2269 1057 τοῦ
2294 1001 2508 1076 Πατρὸς
2561 1000 2624 1056 τὸ
2663 1004 2849 1075 γεννᾷν
2905 1001 2995 1054 καὶ
3048 999 3110 1054 τὸ
3166 991 3562 1073 προϐάλλεσθαι
3599 991 3657 1049 οὐ
3682 990 3796 1047 ταύ-

2171 1091 2264 1145 τὸν
2311 1087 2428 1145 οὐδ’
2487 1089 2769 1162 ὡσαύτως,
2801 1087 2889 1144 ἐπὶ
2947 1086 3005 1144 δὲ
3059 1091 3158 1143 τοῦ
3197 1085 3504 1159 Πνεύματος
3547 1084 3606 1138 τὸ
3649 1081 3796 1136 ἐκπο-

2177 1177 2424 1254 ρεύεσθαι
2453 1177 2509 1234 ἔν
2560 1177 2650 1234 καὶ
2707 1177 2928 1249 ταύτὸν,
2989 1177 3040 1233 εἴ
3093 1177 3186 1232 καὶ
3235 1175 3296 1232 ἐκ
3331 1171 3490 1231 τοῦδε
3537 1172 3624 1246 μὶν
3651 1167 3800 1244 ἐμμέ-

2175 1273 2503 1352 σως,ἦγουν
2531 1273 2591 1330 ἐκ
2641 1277 2743 1330 τοῦ
2787 1274 3002 1349 ΙῙατρὸς
3057 1270 3149 1328 διὰ
3201 1277 3298 1328 τοῦ
3355 1273 3503 1339 Υἱοῦ,
3557 1268 3612 1325 ἐκ
3661 1263 3808 1324 τοῦδε

2177 1361 2236 1419 δὲ
2262 1363 2506 1437 ἀμέσως,
2539 1363 2622 1418 ὅτι
2653 1361 2712 1418 ἐκ
2739 1367 2838 1418 τοῦ
2869 1364 2998 1418 Υἱοῦ
3027 1361 3206 1418 οὐκέτι
3256 1359 3314 1417 δὶ
3345 1358 3413 1416 δι’
3459 1357 3630 1415 ἅλλοὺ
3653 1355 3802 1416 τινός.

2178 1451 2292 1512 Οὐκ
2321 1453 2414 1508 οῦν
2471 1452 2725 1517 σύνθετος
2773 1454 2802 1508 ὁ
2859 1453 3002 1524 Υἱὸς,
3061 1454 3145 1508 ὅτι
3205 1452 3282 1524 μὴ
3335 1455 3580 1528 γεννᾶται
3637 1447 3806 1521 μόνον,

2178 1539 2322 1598 ἀλλᾶ
2363 1541 2455 1597 καὶ
2485 1541 2548 1596 τὸ
2606 1546 2827 1615 Πνεῦμα
2883 1537 3282 1616 προϐάλλεται·
3319 1537 3448 1596 οὐδὲ
3478 1539 3540 1594 τὸ
3590 1539 3812 1609 Πνεῦμα,

2181 1629 2266 1686 ὅτι
2297 1629 2647 1706 ἐκπορεύεται
2680 1631 2780 1686 οὐκ
2809 1631 2870 1686 ἐκ
2903 1629 3073 1704 μόνου
3098 1633 3195 1686 τοῦ
3251 1629 3488 1704 Πατρὸς,
3534 1625 3676 1683 ἀλλὰ
3729 1623 3810 1680 καὶ

2184 1719 2245 1776 ἐκ
2273 1724 2369 1776 τοῦ
2400 1720 2552 1775 Υἱοῦο
2584 1720 2677 1776 καὶ
2733 1721 2836 1796 γὶρ
2891 1717 3017 1776 οὐδὲ
3073 1721 3103 1776 ὁ
3159 1721 3374 1794 Πατὴρ,
3425 1717 3508 1774 ὅτι
3549 1717 3625 1792 μὴ
3674 1714 3818 1788 μόνον

2185 1807 2504 1883 ἆγέννητος,
2566 1805 2714 1864 ἀλλᾶ
2765 1808 2857 1862 καὶ
2903 1809 3181 1884 γεννήτωρ
3229 1807 3388 1876 Υίοῦ,
3447 1802 3562 1860 οὐδ’
3625 1803 3704 1858 ὅτι
3750 1801 3815 1874 μὴ

2184 1899 2466 1973 γεννήτωρ
2512 1897 2704 1970 μόνον,
2736 1896 2884 1952 ἀλλὰ
2931 1897 3022 1952 καὶ
3069 1890 3414 1972 προϐλήτωρ
3445 1898 3543 1951 τοῦ
3598 1892 3821 1963 Πνεῦμα-

2181 2007 2298 2048 τος.
2336 1987 2440 2044 Καὶ
2493 1987 2596 2061 γὰρ
2637 1983 2764 2042 οὐδὲ
2818 1983 2906 2040 ἐπὶ
2964 1992 3064 2055 τῆς
3110 1988 3296 2050 κοινῆς
3362 1982 3527 2056 δόξης
3572 1983 3724 2055 ἡμῶν
3775 1999 3830 2033 τε

2182 2078 2270 2134 καὶ
2305 2078 2458 2152 ὑμῶν
2501 2078 2750 2140 σύνθετος
2809 2077 2837 2132 ό
2892 2077 3016 2140 Υἱὸς
3071 2075 3164 2132 καὶ
3207 2077 3270 2132 τὸ
3301 2080 3529 2148 Πνεῦμα
3579 2075 3660 2128 ὃτι
3709 2071 3828 2145 μετὰ

2180 2174 2281 2237 τῆς
2311 2168 2502 2230 οὐσίας
2536 2167 2787 2240 ὶκάτερον
2813 2163 2930 2242 ἔχει
2961 2167 3023 2222 τὸ
3067 2174 3170 2235 τῆς
3241 2167 3596 2228 ὑποστάσεως
3675 2159 3834 2242 ἵδιον,

2184 2257 2212 2312 ὁ
2248 2258 2343 2332 μὶν
2370 2257 2432 2312 τὸ
2464 2257 2720 2334 γεννητὸν
2757 2257 2946 2330 μόνον,
2976 2257 3041 2312 τὸ
3099 2253 3157 2311 δὲ
3206 2257 3268 2311 τὸ
3299 2255 3636 2332 ἐκπορευτὸν
3665 2251 3724 2308 ἐκ
3747 2252 3836 2305 τοῦ

2182 2344 2418 2419 Πατρός.
2452 2345 2517 2402 Εἰ
2549 2345 2654 2422 γὰρ
2686 2345 2938 2407 σύνθετος
2987 2345 3186 2415 ἑκάστη
3231 2344 3536 2407 ὑπόστασις
3591 2346 3702 2416 (16)
3757 2337 3840 2394 διὰ

2177 2435 2275 2498 τὰς
2307 2436 2506 2506 ἑαυτῆς
2534 2431 2840 2506 ἰδιότητας,
2869 2435 2960 2491 καὶ
2991 2437 3026 2505 ἡ
3070 2433 3228 2491 οὐσία
3259 2433 3321 2491 ἂν
3387 2435 3476 2506 εἵη
3545 2438 3658 2489 τῶν
3683 2433 3838 2506 τριῶν

2183 2525 2528 2581 ὑποστάσεων
2557 2525 2808 2587 σύνθετος
2848 2521 2939 2580 διὰ
2991 2524 3059 2580 τὰ
3114 2523 3240 2600 περὶ
3297 2525 3477 2596 αὐτὴν
3536 2523 3696 2580 κοινὰ
3742 2524 3844 2576 τῶν

2173 2617 2342 2688 τριῶν
2371 2612 2666 2687 ἰδιώματα,
2697 2614 2760 2669 τὸ
2792 2615 2990 2688 ἀγαθὸν
3027 2615 3195 2692 φημὶ,
3227 2613 3291 2669 τὸ
3323 2614 3520 2694 σοφὸν,
3580 2613 3644 2668 τὸ
3697 2609 3844 2666 δυνα-

2173 2703 2292 2776 τὸν,
2322 2701 2386 2758 τὸ
2423 2702 2732 2773 ποιητικὸν,
2783 2703 2845 2758 τὸ
2901 2703 3325 2780 παντουργικὸν,
3382 2705 3452 2758 τὸ
3512 2699 3849 2775 δημιουργι-

2173 2792 2288 2860 κὸν,
2322 2791 2386 2846 τὸ
2416 2792 2809 2868 προνοητικὸν,
2865 2791 2928 2847 τὸ
2987 2793 3322 2866 συνεκτικὸν,
3384 2793 3454 2850 τὸ
3512 2787 3850 2868 περιεκτικὸν

2172 2889 2265 2945 καὶ
2295 2887 2695 2964 περιληπτικον
2726 2887 2968 2959 πάντων,
3026 2889 3089 2945 τὸ
3144 2888 3430 2958 ἄκτιστον,
3481 2890 3548 2946 τὸ
3591 2887 3853 2962 ἄναρχον,

2173 2979 2237 3034 τὸ
2265 2978 2548 3050 ἀθάνατον,
2579 2979 2646 3035 τὸ
2675 2979 3064 3050 ἀτελεύτητον,
3091 2979 3154 3034 τὸ
3194 2977 3455 3052 ἄπειρον,
3481 2979 3549 3036 τὸ
3609 2975 3852 3042 αἰώνιον,

2172 3068 2236 3122 τὸ
2267 3067 2524 3144 ἄχρονον,
2575 3069 2638 3123 τὸ
2697 3068 3056 3146 ὑπέρχρονον,
3115 3068 3204 3123 καὶ
3265 3068 3371 3124 ὅσα
3434 3065 3593 3124 ἄλλα
3637 3067 3858 3122 τοιαῦτα

2174 3154 2284 3214 ε’ίτε
2321 3161 2459 3214 κατά
2489 3159 2632 3214 θέσιν
2691 3159 2801 3214 ε’ἰτε
2853 3159 2990 3214 κατὰ
3049 3159 3353 3236 ἀφαίρεσιν,
3427 3159 3547 3217 ε’ίτε
3603 3164 3724 3215 κατ’
3779 3153 3863 3210 αἱ·

420 3245 758 3310 tinentiam,
788 3245 1118 3313 aseitatem,
1151 3251 1210 3300 et
1239 3244 1518 3316 principii
1574 3243 1923 3312 carentiam,
1959 3244 2068 3300 im-

2181 3246 2320 3316 τίαν,
2354 3248 2464 3302 εἳτε
2487 3247 2608 3302 καθ’
2649 3247 2930 3324 ὑπεροχὴν
2987 3221 3438 3323 καὶιὺπέρὸοίσιν
3504 3247 3735 3324 λέγεται
3778 3241 3866 3300 ἐπὶ

423 3333 845 3390 mortalitatem
881 3338 937 3389 et
967 3333 1094 3388 sine
1117 3333 1236 3388 ullo
1268 3332 1384 3387 line
1407 3332 2075 3400 durationem,immen-

421 3425 680 3490 sitatem,
717 3422 1132 3490 aternitatem,
1170 3427 1335 3478 extra
1363 3427 1597 3494 tempus
1628 3428 1688 3477 et
1717 3439 1896 3494 supra
1925 3427 2074 3478 tem-

420 3530 532 3586 pus
559 3513 981 3576 exsistentiam,
1026 3518 1085 3567 et
1141 3527 1511 3584 quascunque
1561 3511 1679 3568 alia
1733 3511 2075 3585 hujusmodi

419 3605 537 3660 sive
568 3603 896 3659 secundum
919 3603 1427 3674 positionem,sive
1452 3602 1778 3658 secundum
1810 3602 2076 3670 negatio-

419 3711 579 3758 nem,
613 3695 730 3748 sive
763 3693 1092 3749 secundum
1115 3709 1377 3760 causam,
1411 3692 1530 3747 sive
1565 3692 1892 3748 secundum
1925 3691 2074 3747 emi-

419 3783 686 3839 nentiam
709 3789 768 3837 et.
795 3783 1208 3838 excellentiam
1241 3781 1524 3838 dicuntur
1551 3781 1614 3836 in
1632 3782 1773 3836 Deo.
1810 3780 1922 3836 Sed
1952 3797 2074 3836 non

421 3878 560 3929 sunt
590 3873 717 3928 haac
749 3873 1026 3942 essentia,
1058 3889 1262 3927 verum
1293 3872 1452 3927 circa
1501 3871 1825 3927 essentiam
1877 3871 2074 3926 consi-

420 3963 845 4029 derantur,etsi
880 3969 938 4018 et
960 3968 1119 4019 certo
1151 3962 1410 4034 quodam
1436 3961 1614 4017 modo
1647 3962 1992 4018 essentialia
2018 3966 2076 4018 et

420 4052 718 4107 naturalia
747 4055 1056 4118 vocantur,
1086 4067 1278 4122 neque
1327 4056 1526 4122 partes
1582 4056 1720 4106 sunt
1775 4051 2072 4118 essentiaa,

422 4155 607 4210 quum
649 4139 835 4194 deitas
857 4140 1115 4209 partium
1146 4140 1390 4194 omnino
1421 4140 1499 4194 sit
1545 4156 1774 4210 expers.
1801 4140 1896 4196 Sic
1923 4146 1984 4194 et
2013 4140 2076 4195 in

423 4227 556 4297 igne
586 4226 761 4280 varias
783 4225 987 4280 insunt
1016 4227 1314 4296 potentiae,
1344 4227 1570 4294 levitas,
1603 4227 1904 4282 mobilitas
1943 4243 2075 4283 sur-

424 4330 554 4370 sum
590 4313 860 4382 tendens,
893 4314 977 4368 vis
1009 4313 1402 4371 illuminativa
1459 4321 1518 4370 et
1563 4315 1647 4371 vis
1687 4315 2074 4386 combustiva,

423 4419 623 4459 verum
655 4407 970 4476 propterea
999 4402 1152 4474 ignis
1211 4419 1331 4458 non
1389 4412 1476 4460 est
1531 4405 1914 4476 compositus,
1974 4406 2078 4462 sed

424 4494 697 4564 simplex,
723 4493 782 4548 in
818 4499 1109 4565 quantum
1141 4493 1202 4547 in
1235 4494 1586 4564 corporibus
1616 4493 1989 4550 naturalibus
2019 4499 2080 4550 et

2178 3339 2276 3390 τοῦ
2308 3339 2464 3391 Θεοῦ.
2535 3334 2696 3393 Ἀλλ’
2745 3335 2846 3391 οὐκ
2904 3334 3060 3392 οὐσία
3112 3339 3298 3407 ταῦτα,
3357 3335 3522 3394 ἀλλὰ
3580 3336 3711 3411 περὶ
3771 3333 3865 3400 τὴν

2182 3423 2368 3480 οὐσίαν
2425 3425 2800 3499 θεωρούμενα,
2856 3423 2902 3480 εἰ
2959 3423 3048 3479 καὶ
3106 3422 3355 3497 οὗσιώδη
3424 3447 3557 3489 πως
3615 3423 3868 3480 καλεῖται

2181 3512 2272 3568 καὶ
2303 3513 2525 3590 φυσικὰ,
2569 3512 2698 3569 οὐδὲ
2753 3510 2891 3589 μέρη
2949 3521 3050 3584 τῆς
3125 3512 3341 3578 οὐσίας·
3404 3519 3444 3586 ἡ
3505 3515 3715 3586 θεότης
3767 3513 3870 3588 γὰρ

2179 3603 2412 3678 ἀμερής
2444 3602 2588 3658 οὕτω
2616 3603 2708 3658 καὶ
2747 3607 2826 3674 τῷ
2881 3602 3011 3676 πὺρῖ
3078 3601 3344 3678 πρόσεστι
3409 3606 3481 3662 τὸ
3555 3603 3766 3681 κοῦφόν
3817 3619 3875 3656 τε

2179 3693 2270 3747 καὶ
2303 3692 2592 3772 ἀνωφερὲς,
2623 3691 2815 3747 καὶτὸ
2872 3692 3196 3766 φωτιστικὸν
3254 3693 3353 3748 καὶ
3417 3695 3489 3750 τὸ
3551 3689 3878 3756 καυστικὸν,

2182 3778 2434 3854 δυνάμεις
2467 3777 2746 3860 διάφοροι,
2795 3777 2924 3837 ἀλλ’
2993 3781 3056 3836 οὐ
3097 3780 3355 3844 σύνθετον
3417 3780 3520 3838 διὰ
3581 3787 3756 3839 τοῦτο
3813 3779 3875 3834 τὸ

2180 3875 2312 3945 πῦρ,
2377 3867 2526 3925 ἀλλὰ
2576 3868 2810 3940 ἁπλοῦν,
2867 3870 2994 3924 ὅσον
3047 3869 3100 3925 ἐν
3169 3870 3401 3944 σώμασι
3494 3876 3768 3951 φυσικοῖς
3825 3887 3884 3925 τε

2179 3961 2268 4017 καὶ
2303 3956 2685 4035 στοιχειώδεσι
2729 3960 2866 4014 κατὰ
2921 3960 2985 4014 τὸ
3031 3953 3283 4038 ἔσχατον,
3343 3959 3427 4017 ἵν’
3506 3959 3700 4024 οὕτως
3747 3959 3884 4016 ε’ίπω

2180 4049 2464 4122 ἀπήχημα
2501 4054 2602 4117 τῆς
2659 4045 2998 4118 ἁπλότητος.
3062 4047 3252 4104 Καίτοι
3309 4047 3574 4117 ἐνταῦθα
3641 4046 3892 4118 οὐσιώδη

2179 4139 2349 4192 ταῦτά
2373 4136 2484 4192 ἐστι
2517 4141 2596 4209 τῷ
2633 4138 2788 4211 πυρὶ,
2829 4135 2941 4192 ἐκεῖ
2969 4133 3028 4192 δὶ
3072 4137 3140 4192 τὰ
3173 4137 3270 4211 μὲν
3307 4141 3457 4213 περὶ
3522 4143 3636 4210 τήν
3704 4140 3896 4196 οὐσίαν

2182 4223 2296 4281 ἐστὶ
2327 4225 2676 4298 θεωρούμενα
2707 4226 2845 4299 (17),
2875 4225 2942 4283 τὰ
2987 4223 3046 4282 δὲ
3101 4224 3226 4298 περὶ
3283 4227 3558 4301 εκάστην
3594 4228 3904 4286 ὑπόστασιν

2180 4311 2396 4370 ἕκαστα·
2433 4309 2518 4368 διὸ
2548 4313 2748 4387 πολλῷ
2802 4312 2969 4370 πλέον
3021 4313 3084 4368 οὐ
3143 4312 3500 4387 λυμανεῖται
3561 4319 3634 4374 τὸ
3687 4317 3906 4374 ἁπλοῦν

2183 4399 2308 4458 οὔτε
2361 4407 2460 4472 τῆς
2525 4401 2712 4464 οὐσίας
2770 4400 2892 4458 οὕτε
2985 4402 3216 4474 ἑκάστης
3292 4407 3424 4459 τῶν
3501 4405 3904 4463 ὑποστάσεωι.

2183 4487 2501 4546 ’Δλλόὐδὲ
2558 4488 2650 4546 ἐπὶ
2707 4490 2924 4545 πάντων
2982 4490 3036 4546 ἐν
3105 4493 3188 4554 οἷς
3243 4493 3572 4569 θεωρεῖται
3638 4493 3911 4552 ποικιλία

423 4584 884 4640 elementaribus
917 4584 1246 4640 secundum
1277 4589 1627 4654 extremam,
1661 4590 1728 4643 ut
1748 4585 1831 4640 ita
1859 4585 2073 4657 dicam,

2183 4600 2266 4641 τις
2322 4578 2413 4634 καὶ
2455 4575 2749 4662 διάκρισις,
2816 4575 2926 4650 ἤδη
2987 4578 3078 4634 καὶ
3133 4579 3396 4644 σύνθεσις
3463 4585 3910 4662 παρεισάγεται.

423 4673 825 4729 resonantiam
842 4673 1194 4746 simplicitas
1209 4690 1338 4730 esse
1355 4676 1850 4746 potest.Attamen
1870 4675 1965 4731 hic
1982 4691 2082 4731 na.

425 4763 641 4817 turalia
672 4770 729 4817 et
759 4764 1100 4820 essentialia
1148 4764 1263 4820 ista
1317 4769 1454 4820 sunt
1483 4763 1627 4837 igni,
1679 4763 1760 4819 ibi
1809 4781 1946 4820 vero
1977 4765 2080 4820 illa

423 4851 579 4905 circa
593 4853 910 4907 essentiam
925 4853 1162 4909 conside
1173 4853 1530 4922 rantur,hasc
1547 4871 1682 4910 vero
1699 4855 1858 4911 circa
1869 4870 2079 4911 unam-

427 4955 726 5010 quamque
758 4958 1074 5011 personam
1099 4943 1455 5016 singularia;
1488 4943 1710 5000 idcirco
1741 4945 1930 5000 multo
1949 4961 2078 5000 ma-

429 5027 514 5101 gis
537 5029 885 5098 simplicitas
903 5034 1026 5084 tum
1041 5032 1310 5086 essentiaa
1325 5037 1450 5087 tum
1472 5032 2076 5104 cujuslibetpersonm

432 5117 664 5171 nullum
697 5118 955 5187 patietur
984 5117 1424 5174 detrimentum.
1457 5121 1568 5176 Sed
1591 5137 1786 5193 neque
1809 5121 1870 5175 in
1892 5122 2077 5177 omni-

430 5205 561 5273 bus,
597 5204 656 5259 in
679 5204 893 5274 quibus
925 5207 1175 5260 varietas
1206 5207 1474 5277 quaedam
1506 5213 1564 5264 et
1607 5209 1908 5265 distinctio
1931 5226 2076 5266 con-

430 5294 744 5361 sideratur,
789 5295 989 5349 statim
1023 5299 1081 5349 et
1111 5296 1458 5365 compositio
1489 5297 1807 5354 inducitur.
1870 5300 2077 5355 Omnis

431 5382 591 5436 enim
623 5383 881 5438 essentia
923 5382 1102 5438 habet
1131 5387 1190 5437 et
1227 5382 1499 5439 virtutem
1531 5391 1589 5439 et
1645 5387 2072 5456 operationem,

431 5471 572 5526 licet
603 5477 660 5525 et
688 5471 938 5542 simplex
970 5471 1067 5543 sit,
1099 5487 1292 5542 neque
1323 5471 1544 5529 idcirco
1576 5475 1966 5545 compositam
1984 5475 2074 5531 di-

498 5586 610 5652 (16)
643 5585 783 5642 Cod.
823 5588 944 5642 Vat.
977 5587 1017 5641 f.
1053 5591 1106 5656 5,
1127 5589 1180 5656 6,
1213 5587 1517 5655 mendose,
1543 5586 1816 5650 ὑπόθεσις.

2189 4668 2340 4724 Πᾶσα
2371 4667 2474 4743 γὰρ
2505 4665 2662 4722 οὐσία
2690 4659 2808 4742 ἔχει
2843 4668 2933 4722 καὶ
2985 4664 3211 4741 δύναμιν
3269 4668 3376 4723 καὶ
3447 4659 3783 4749 ἐνέργειαν,
3813 4668 3914 4727 κᾶν

2187 4761 2338 4834 ἁπλῆ
2370 4785 2452 4826 τις
2510 4761 2619 4836 εἵη,
2676 4763 2766 4820 καὶ
2814 4763 2877 4820 οὐ
2935 4761 3025 4819 διὰ
3080 4769 3242 4820 τοῦτο
3295 4767 3601 4826 σύνθετον
3670 4771 3914 4844 ἐροῦμεν

2187 4853 2399 4916 πάντως
2455 4854 2544 4908 καὶ
2595 4855 2694 4924 τήν
2753 4851 2960 4924 ἁπλῆν.
3020 4854 3258 4930 ’Λνάγκη
3311 4855 3444 4932 γὰρ
3512 4858 3558 4930 ἤ
3649 4863 3920 4926 σύνθετον

2187 4943 2318 4998 εἶναι
2375 4943 2466 4998 καὶ
2515 4944 2614 5013 τὴν
2673 4941 2882 5012 ἁπλῆν,
2945 4945 3037 4998 καὶ
3095 4939 3336 5016 οὐδεμία
3381 4941 3562 5004 ἔσται
3630 4948 3828 5021 ἃπλῆ,
3885 4947 3922 5016 ἤ

2185 5032 2284 5100 τήν
2311 5030 2494 5101 ἁπλῆν
2527 5033 2660 5087 εἶναι
2711 5033 2890 5108 χωρὶς
2945 5029 3216 5107 ἐνεργείας
3265 5052 3336 5087 τε
3415 5039 3532 5093 καὶ
3601 5036 3930 5114 δυνάμεως,

2187 5121 2320 5195 ὅπερ
2349 5117 2547 5195 ψεῦδός
2575 5119 2718 5176 ἐστιν
2782 5119 3044 5197 ἐναργῶς·
3107 5117 3232 5176 οὔτε
3283 5123 3416 5197 γὰρ
3489 5125 3776 5205 ἐνέργεια
3830 5129 3937 5192 τῆς

2187 5207 2472 5282 δυνάμεως
2500 5211 2698 5286 χωρὶς,
2737 5208 2790 5281 ἐξ
2840 5212 2908 5280 ἧς
2954 5208 3223 5286 πρόεισιν,
3282 5208 3442 5270 οὔτε
3492 5213 3765 5294 δύναμις
3799 5215 3938 5292 δίχα

2183 5305 2283 5367 τῆς
2311 5298 2517 5370 οὐσίας,
2557 5297 2684 5354 ἀλλ’
2715 5295 2841 5354 οὐδὲ
2871 5297 3028 5354 οὐσία
3057 5297 3236 5373 χωρὶς
3309 5306 3439 5370 τῆς
3515 5311 3634 5361 τοῦ
3680 5307 3937 5383 ἐνεργεῖν

2185 5383 2488 5460 δυνάμεως.
2549 5386 2616 5441 Εἰ
2673 5383 2730 5442 δὶ
2781 5390 2952 5442 ταῦτα
3016 5383 3274 5454 ἀδύνατα,
3345 5392 3465 5448 καί
3542 5393 3681 5453 ἐστι
3744 5394 3848 5454 καὶ
3907 5395 3946 5462 ἡ

2183 5473 2538 5546 ἁπλουστάτη
2578 5473 2770 5538 ἁπλῶς
2831 5474 2990 5530 οὐσία
3053 5475 3187 5549 μετὰ
3243 5480 3364 5545 τῆς
3437 5481 3714 5558 ἒπούσης
3780 5482 3949 5541 δυνά-

505 5657 615 5729 (ιτ)
646 5657 788 5714 Vide
812 5659 1146 5730 Greg.'Naz.
1182 5663 1328 5716 orat.
1363 5660 1452 5728 32,
1482 5676 1542 5732 p.
1575 5663 1700 5728 519,
1733 5661 1825 5718 ed.
1860 5662 1990 5720 Bill.
2025 5662 2073 5736 (n

2177 5679 2208 5720 c
2239 5665 2388 5720 orat.
2411 5661 2523 5735 42).
