4150 6292
134 5482 139 5577 5

325 370 408 436 189
1330 371 1428 432 DE
1472 368 2002 431 PROCESSIONE
2044 365 2401 430 SPlRlTUS
2445 368 2741 431 SANCTl.
3617 362 3734 429 190

336 526 441 581 μεως
478 497 677 580 ἔχουσα
742 504 844 560 καὶ
909 505 1011 576 τήν
1065 503 1125 561 ἐκ
1170 507 1270 570 τῆς
1327 502 1609 579 δυνάμεως
1657 508 1960 580 προῖῡῦσαθ

2082 523 2283 562 cemus
2334 507 2513 563 etiam
2568 507 2921 579 simplicem.
2973 507 3225 563 Necesse
3279 506 3438 562 enim
3491 510 3582 562 est
3628 497 3760 564 au'.

337 596 570 672 ἔνεργειαν.
620 596 724 650 Καὶ
801 593 898 651 διὰ
976 600 1140 652 ταῦτα
1216 595 1460 658 σύνθεσις
1519 596 1618 651 οὐκ
1668 592 1778 651 ἔστι
1832 594 1955 671 περὶ

340 686 483 756 αὐτὴν,
526 689 608 740 δτι
683 686 814 761 περὶ
868 686 935 741 τὸ
976 685 1103 741 αὐτὸ
1154 686 1244 741 καὶ
1296 685 1374 753 ἔν,
1426 688 1526 756 τὴν
1585 686 1785 753 οὐσίαν,
1816 684 1958 741 ἄλλο

332 776 456 849 μὲνὴ
491 773 750 849 δύναμις,
812 773 961 830 ἄλλο
1018 773 1076 830 δὲ
1134 778 1168 844 ἡ
1230 774 1493 854 ἐνέργεια,
1538 777 1628 831 καὶ
1660 776 1745 830 ’ὁτι
1772 773 1826 830 ἓν
1860 773 1953 828 καὶ

321 865 477 920 ταὺτὸν
530 869 769 938 πρᾶγμα
853 864 906 934 ἐξ
975 864 1156 926 οὐσίας
1208 864 1322 919 ἐστὶ
1380 866 1471 920 καὶ
1530 864 1812 938 δυνάμεως
1869 864 1961 918 καὶ

321 953 589 1029 ἐνεργείας,
641 955 688 1009 εἱ
747 953 896 1008 οὕτω
954 955 1067 1029 χρή
1126 953 1309 1031 φάναι,
1365 954 1456 1009 καὶ
1529 955 1612 1009 ὅτι
1669 958 1749 1025 τῷ
1804 952 1960 1026 λόγῳ

331 1040 637 1117 διακέκριται
691 1048 795 1111 τῆς
854 1040 1042 1105 οὐσίας
1090 1045 1125 1112 ἡ
1169 1040 1414 1115 δύναμις,
1446 1049 1547 1112 τῆς
1592 1039 1648 1097 δὲ
1680 1038 1962 1113 δυνάμεως

322 1135 351 1203 ἡ
399 1130 644 1206 ἐνέργεια.
677 1130 793 1187 Μία
852 1131 962 1207 γὰρ
1016 1131 1108 1185 καὶ
1163 1132 1337 1194 οὕτως
1396 1130 1536 1186 ἐστιν
1571 1129 1722 1200 ἀπλῆ
1782 1129 1958 1185 οὐσία.

330 1226 432 1283 Πῶς
473 1217 537 1275 ἄν
584 1241 669 1281 τις
719 1218 805 1275 ἐπὶ
858 1224 961 1284 τῆς
1010 1219 1192 1290 ἁπλῆς
1237 1225 1317 1294 τῷ
1369 1219 1485 1275 Βντι
1536 1222 1628 1276 καὶ
1671 1218 1961 1275 ἀσυνθέτοο

324 1311 505 1385 φύσεως
550 1307 677 1378 ἤτοι
730 1307 812 1384 ἐφ’
864 1307 1095 1379 ἑκάστης
1151 1313 1259 1363 τῶν
1298 1309 1515 1363 ὲνιαίων
1562 1312 1662 1374 τῆς
1695 1306 1960 1381 ὓπερθὲου

325 1403 559 1471 θεότητος
612 1399 959 1455 ὑποστάσεων
1016 1397 1318 1473 τολμήσειε
1375 1398 1569 1476 λέγειν,
1603 1398 1686 1454 ὅτι
1718 1398 1961 1461 σύνθεσις

325 1488 490 1545 δκτῶν
522 1493 762 1568 φυσικῶν
796 1487 833 1557 ἢ
874 1488 1251 1543 ὁποστατικῶν
1307 1483 1598 1559 ίδιοτήτων
1652 1487 1959 1562 sic-charm;

325 1579 382 1637 Τί
409 1585 499 1648 τῆς
533 1573 777 1649 μονάδος
812 1574 1185 1651 ἁπλούστερον
1232 1575 1286 1632 ἐν
1343 1582 1461 1639 τοῖς
1493 1578 1790 1653 ἁριϐμοῖςς
1831 1575 1959 1632 ἀλλ’

321 1666 453 1740 ὅμως
504 1664 651 1722 ἄλλο
703 1666 799 1739 μὶν
848 1667 913 1721 τὸ
961 1666 1098 1721 εἶναι
1149 1666 1314 1736 αὐτῆ,
1369 1665 1512 1722 ἄλλο
1552 1663 1610 1720 δὲ
1639 1668 1673 1735 ἡ
1707 1664 1955 1738 δύναμις,

318 1759 392 1814 καὶ
456 1756 601 1813 ἄλλο
676 1762 713 1826 ἡ
789 1755 1050 1833 ἐνέργεια.
1101 1758 1350 1825 Ταυτίζει
1423 1758 1518 1830 μὶν
1586 1757 1686 1834 γὰρ
1748 1756 1958 1813 ἅπαντα

317 1849 389 1903 καὶ
435 1843 833 1901 ἀνυπάλλακτα
883 1851 1058 1918 τηρεῖο
1127 1847 1343 1922 σχὲσεις
1396 1843 1454 1902 δὲ
1521 1846 1776 1923 ἀπείρους
1828 1868 1963 1926 σχε-

319 1937 392 1994 δὸν
448 1933 743 1993 ὑποδύεται
814 1936 1214 2012 προστιθεμένη
1274 1935 1365 1990 καὶ
1435 1936 1810 2013 ἀφαιρουμένη
1869 1930 1959 1991 καὶ

316 2032 560 2104 γεννῶσα’
630 2026 807 2081 πάντα
862 2027 932 2080 τὰ
986 2022 1103 2096 εἴδη
1161 2030 1271 2080 τῶν
1322 2027 1589 2101 ἀριθμῶν·
1620 2026 1708 2081 καὶ
1742 2030 1827 2081 νῦν
1862 2028 1955 2100 μὲν

309 2116 549 2192 γινομένη
596 2115 664 2170 τὸ
712 2116 882 2188 ἣμισυ
927 2114 1020 2169 καὶ
1065 2114 1128 2170 τὸ
1179 2112 1602 2183 ὑποδιπλάσιον,
1634 2118 1723 2170 νῦν
1757 2113 1815 2171 δὲ
1843 2116 1958 2187 τρί-

308 2229 384 2263 τον
432 2207 522 2261 καί
572 2203 1034 2280 ὑποτριπλάσιον,
1085 2207 1172 2258 νῦν
1233 2202 1290 2259 δὲ
1342 2204 1598 2280 τέταρτον
1642 2204 1730 2260 καὶ
1764 2206 1960 2261 ὑποτε-

304 2293 713 2370 τετραπλάσιον,
789 2292 882 2346 καὶ
954 2289 1156 2348 ἄλλοτε
1214 2291 1356 2348 ἄλλο
1415 2293 1505 2349 καὶ
1563 2295 1699 2349 κατὰ
1764 2294 1959 2350 ταὺτὸν

301 2388 475 2455 πάντα,
505 2385 599 2438 καί
648 2386 817 2437 τοῦτο
864 2380 951 2437 ἐπ’
997 2380 1237 2459 ἄπειρον,
1287 2388 1379 2437 νῦν
1416 2383 1510 2456 μὲν
1538 2383 1959 2458 ἀσχημάτιστος

300 2471 576 2547 νοουμένη,
661 2476 752 2526 νῦν
831 2468 890 2526 8‘s
966 2470 1444 2547 ἐσχηματισμένη,
1510 2471 1601 2528 καὶ
1666 2476 1799 2529 ποτὲ
1860 2474 1957 2547 μὲν

302 2563 569 2639 τρίγωνος,
621 2561 758 2616 ποτὲ
816 2557 875 2615 δὲ
932 2561 1306 2637 τετράγωνος,
1340 2557 1561 2617 ﬂori-18‘s
1589 2563 1959 2637 πεντάγωνος,

304 2653 385 2706 καὶ
414 2649 551 2706 ἄλλο
594 2671 657 2705 τε
701 2648 795 2703 καὶ
850 2646 997 2704 ἄλλο
1046 2648 1135 2703 καὶ
1186 2649 1298 2723 ἅμα
1328 2649 1523 2722 πάντα,
1558 2651 1839 2706 καὶτοῦτο
1878 2641 1962 2707 ἐπ’

315 2739 538 2813 ἄπειρον·
572 2739 661 2793 καὶ
710 2742 806 2792 νῦν
872 2738 968 2811 μὲν
1023 2736 1305 2806 ἐπίπεδος,
1360 2742 1449 2792 νῦν
1507 2736 1567 2794 δὲ
1623 2742 1833 2814 στερεὰ,
1872 2739 1961 2795 καὶ

316 2831 400 2883 νῦν
458 2827 551 2900 μὶν
605 2829 860 2903 ἄσχετος,
924 2830 1015 2881 νῦν
1072 2827 1254 2902 σχὲσίν
1316 2824 1541 2903 ἔχουσα,
1610 2829 1701 2882 καὶ
1758 2830 1960 2900 ταύτην

310 2916 625 2982 πολυειδῶςυ
680 2919 775 2973 καὶ
821 2916 1059 2988 ποικίλη
1107 2939 1189 2981 τις
1239 2918 1542 2997 φαινομένη
1594 2916 1683 2973 διὰ
1729 2921 1825 2981 τὰς
1870 2916 1965 2973 δυ-

303 3010 488 3085 νάμεις
518 3009 611 3065 καὶ
670 3009 772 3070 τὰς
832 3007 1111 3084 ἐνεργείας
1165 3009 1355 3082 αὐτῆς,
1408 3007 1562 3081 ὅμως
1611 3007 1958 3079 ἁπλουστάτη

293 3099 424 3169 ἐστὶ,
472 3101 565 3154 καὶ
596 3102 634 3169 ἡ
668 3096 929 3154 ποικιλία
979 3095 1116 3166 αὖτή
1172 3099 1272 3167 τήν
1331 3096 1618 3168 ἁπλότητα
1647 3104 1747 3167 τῆς
1779 3095 1964 3159 οὒσίας

292 3188 352 3244 οὗ
411 3188 764 3262 λυμαίνεταιο
822 3185 1010 3248 οὐσίας
1071 3182 1128 3239 δὲ
1186 3185 1334 3261 λέγω
1390 3193 1490 3255 τῆς
1519 3187 1635 3240 κατ’
1665 3187 1859 3256 αὐτήν.
1890 3186 1960 3243 ’Ὁ

290 3280 387 3352 γάρ
437 3278 587 3333 ἔστιν
635 3278 849 3347 ἑκάστῳ
899 3275 962 3331 τὸ
1008 3274 1166 3342 εἶναι,
1214 3275 1376 3330 τοῦτό
1427 3273 1538 3330 ἐστι
1587 3275 1678 3329 καὶ
1719 3277 1753 3344 ἡ
1800 3274 1961 3329 οὐσία

298 3365 476 3422 αὐτοῦ.
530 3366 596 3423 Εἰ
654 3363 747 3420 οὖν
800 3362 892 3419 ἐπὶ
950 3366 1059 3418 τῶν
1106 3364 1222 3418 καθ’
1254 3366 1403 3437 ἡμᾶς
1446 3364 1513 3418 τὰ
1561 3363 1685 3439 περί
1733 3360 1957 3419 ἕκαστον

300 3454 502 3510 ἁπλοῦν
542 3453 898 3529 θεωρούμενοι
949 3449 1184 3522 διπλόην
1227 3451 1319 3507 καὶ
1371 3452 1612 3507 σύνθεσιν
1644 3451 1705 3506 06
1735 3472 1958 3528 παρεισ-

306 3543 515 3615 ἄγουσι,
547 3542 750 3616 πολλῷ
798 3541 969 3598 πλέον
1016 3539 1141 3597 οὐδὲ
1192 3541 1281 3598 ἐπὶ
1329 3546 1438 3596 τῶν
1487 3546 1792 3618 θεαρχικῶν
1827 3543 1961 3597 ὑπο-

312 3634 542 3689 στᾶσεων
590 3632 650 3689 ἐκ
701 3641 803 3702 τῆς
856 3632 1012 3687 ἐνίων
1064 3628 1350 3703 ἰδιοτήτων
1411 3630 1719 3703 ἐπιπλοκῆς
1752 3629 1958 3703 διπλόη

316 3722 401 3773 καὶ
456 3722 695 3787 σύνθεσίς
752 3742 836 3784 τις
896 3718 1303 3795 παρεισάγεται.
1373 3721 1513 3778 Οὔτε
1582 3719 1674 3776 οὗν
1742 3721 1769 3775 ό
1835 3721 1961 3784 Υἱὸς

322 3808 579 3882 σύνθετος,
638 3810 684 3866 εἶ
745 3811 824 3882 μή
882 3810 1050 3882 μόνον
1117 3808 1230 3864 ἐστὶ
1276 3809 1536 3885 γεννητὸς
1607 3807 1666 3864 ἐκ
1728 3809 1962 3886 Ματρὸς,

324 3894 459 3952 ἀλλὰ
497 3901 583 3955 καὶ
626 3894 969 3975 προδλήτωρ
1018 3900 1117 3952 τοῦ
1162 3897 1499 3973 Πνεύματος,
1526 3894 1651 3953 οὔτε
1690 3898 1753 3952 τὸ
1799 3900 1959 3952 [1νεῦ-

331 4003 417 4052 pa,
464 3988 508 4042 εί
557 3990 631 4061 μὴ
688 3986 748 4043 ἐκ
803 3991 902 4042 τοῦ
951 3986 1165 4061 Πατρὸς
1220 3986 1410 4059 μόνον,
1459 3984 1607 4042 ἀλλὰ
1637 3985 1727 4041 καὶ
1777 3984 1837 4041 ἐκ
1864 3990 1960 4041 τοῦ

330 4072 444 4127 1·ιώ
493 4074 849 4149 ἐκπορεύεται.
904 4074 1007 4130 Καὶ
1061 4076 1162 4151 γὰρ
1220 4072 1345 4130 οὐδὲ
1376 4075 1404 4130 ὁ
1438 4077 1628 4150 Πατὴρ
1668 4074 1961 4150 ἀγὲννητος

330 4157 399 4212 ὢν
428 4166 510 4218 καὶ
538 4169 808 4242 γεννήτωρ
837 4169 939 4220 τοῦ
970 4165 1102 4219 Υἱοῦ
1158 4163 1247 4218 καὶ
1278 4159 1617 4239 προϐλήτωρ
1668 4167 1762 4219 τοῦ
1794 4163 1960 4219 Ιῐνεό-

335 4269 508 4319 ματος.
548 4258 743 4330 Ὥσπερ
794 4256 900 4331 γὰρ
967 4253 1032 4307 τὸ
1092 4252 1377 4327 ἀγέννητον
1443 4253 1535 4308 καὶ
1582 4254 1647 4309 τὸ
1709 4253 1959 4329 γεννητὸν

331 4340 413 4392 καὶ
453 4344 511 4397 τὸ
553 4342 876 4419 ἑκπορευτὸν
927 4341 1121 4402 ἁπλῶς
1171 4342 1518 4418 θεωρούμενα
1566 4340 1822 4421 διάφοροι
1866 4343 1959 4416 μέν

328 4426 450 4482 εἰσιν
532 4433 881 4490 ὑποστατικαὶ
973 4428 1244 4503 ΐδιότητες
1330 4430 1526 4502 ἑκάστη
1611 4435 1720 4486 τῶν
1794 4436 1963 4505 τριῶν

323 4514 521 4592 huian
566 4528 670 4578 τῶν
730 4527 901 4599 τριῶν
973 4521 1280 4595 προσώπων
1341 4517 1758 4599 ἀφοριζόμεναι,
1817 4519 1965 4576 ἀλλᾶ

317 4609 413 4677 τήν
466 4611 585 4684 μίαν
638 4613 800 4692 φύσιν
858 4610 1039 4665 αὐτῶν
1109 4609 1168 4664 06
1231 4610 1571 4684 μερίζουσιν,
1627 4605 1825 4678 οὕτως,
1874 4607 1969 4665 κᾶν
2003 4607 2050 4671 D

314 4696 537 4764 πλείους
595 4702 726 4757 ὦσιν
786 4701 843 4755 αἱ
905 4699 1032 4775 περὶ
1082 4698 1312 4770 ἑκάστην
1361 4703 1471 4754 τῶν
1517 4702 1685 4774 τριῶν
1740 4698 1976 4754 ὑποστά-

488 4790 536 4810 λκ
867 4789 881 4809 7
928 4791 942 4811 τ
1043 4787 1054 4807 Ι
1257 4786 1312 4809 ’κ
1568 4787 1582 4806 9
1633 4792 1661 4803 ευ
1743 4788 1757 4807 ε

318 4807 456 4844 σεων
492 4792 777 4862 ιοιότητες,
824 4786 925 4845 ουδ
993 4788 1164 4851 οὕτως
1212 4788 1475 4861 ουοεμίαν
1523 4808 1703 4843 αυτων
1738 4788 1975 4843 υπόστα-

320 4896 401 4931 σιν
444 4878 725 4953 τέμνουσιν
806 4880 843 4950 ἢ
929 4876 1265 4952 μερίζουσιν,
1345 4876 1475 4933 ἀλλ’
1544 4874 1673 4933 οὐδὲ
1731 4877 1976 4932 σύνθετον

322 4965 573 5041 οὖδεμίαν
602 4972 810 5026 τούτων
841 4967 1202 5026 δεικνύουσιν.
1254 4970 1459 5046 ’Ὠσπερ
1491 4967 1549 5024 δὲ
1603 4967 1665 5023 06
1718 4969 1973 5043 μεριστὸς

325 5054 355 5106 ὁ
405 5059 602 5133 Πατὴρ,
645 5061 730 5116 ’ότι
790 5059 844 5130 ἐξ
905 5057 1076 5113 αὐτοῦ
1133 5060 1161 5113 ὁ
1213 5058 1339 5120 Υἱὸς
1392 5058 1483 5114 καὶ
1535 5057 1601 5112 τὸ
1641 5060 1859 5131 Πνεῦμα
1888 5056 1976 5132 (o6

324 5145 423 5217 γάρ
476 5149 607 5223 μέρη
653 5152 748 5204 τοῦ
798 5147 1014 5222 Πατρὸς
1067 5150 1253 5214 ταῦτα,
1299 5144 1424 5203 οὐδὲ
1467 5146 1604 5203 κατᾶ
1645 5148 1823 5219 τομήν
1860 5166 1977 5201 τινα

325 5230 414 5283 καὶ
453 5234 633 5306 ῥοηνή
664 5237 896 5292 ἑκάστου
945 5233 1268 5310 γνωρίζεται
1316 5234 1606 5311 πρόοδος),
1657 5235 1800 5290 οὓτω
1848 5233 1978 5290 οὐδὲ

328 5317 391 5371 τὸ
441 5327 647 5397 Πνεῦμα
702 5323 984 5399 μεριστὸν,
1037 5322 1119 5377 ’ὁτι
1177 5323 1237 5378 ἐκ
1286 5326 1497 5401 Πατρὸς
1547 5324 1638 5379 καὶ
1670 5324 1818 5378 Υἱοῦ·
1853 5321 1978 5379 οὐδὲ

331 5408 394 5462 τὸ
441 5414 531 5483 μὲν
576 5413 634 5470 ἐκ
677 5419 775 5471 τοῦ
826 5412 1046 5485 Ηατρὸς
1113 5409 1254 5488 ἔχει,
1305 5414 1369 5468 τὸ
1440 5412 1497 5469 δὲ
1562 5413 1622 5468 ἐκ
1677 5417 1775 5468 τοῦ
1823 5415 1974 5483 Υἱοῦ,

334 5495 473 5555 ἀλλὰ
523 5504 580 5559 τὸ
631 5502 846 5560 ἁπλοῦν
903 5502 994 5556 καὶ
1054 5497 1105 5556 ἔν
1162 5502 1301 5577 ’ὅπερ
1337 5500 1499 5569 ἐστὶν,
1532 5500 1594 5558 ἔκ
1638 5500 1735 5558 τοῦ
1767 5502 1976 5578 Πατρός

334 5585 442 5645 ἔστι
470 5596 552 5649 καὶ
585 5594 641 5651 ἐκ
667 5598 770 5650 τοῦ
824 5593 980 5647 Υἱοῦ·
1040 5590 1087 5662 ἐξ
1136 5592 1355 5668 ἀμερῶν
1418 5593 1616 5669 ἀμερὶς
1645 5592 1734 5648 καὶ
1765 5592 1975 5648 ἁπλοῦν

331 5677 379 5751 ὗε
424 5684 629 5747 ἁπλῶν,
685 5684 751 5745 Εἰ
806 5680 868 5739 δὲ
918 5680 1114 5757 λίγειςι
1156 5689 1282 5750 Πῶς
1324 5703 1340 5755 ;
1406 5684 1643 5763 ἄῤῥητος
1692 5684 1721 5739 ὁ
1773 5686 1975 5762 τρόπος

3711 457 3737 507 ι

2071 598 2406 667 composita
2437 598 2513 652 sit
2543 603 2601 652 et
2634 598 2909 668 simplex,
2943 602 3001 652 et
3032 604 3174 652 tunc
3205 596 3369 652 nulla
3400 598 3734 655 substantia

2069 687 2180 741 erit
2211 686 2500 758 simplex;
2529 691 2631 741 aut
2656 686 2902 757 simplex
2936 687 3013 741 sit
3038 687 3258 756 absque
3293 687 3637 758 operatione
3671 691 3730 743 et

2068 777 2466 849 virtute,quod
2488 777 2801 833 manifeste
2827 777 3060 833 falsum.
3085 779 3345 833 est.Nam
3367 795 3562 849 neque
3587 795 3730 849 ope-

2069 868 2219 922 ratio
2252 872 2343 922 est
2375 868 2502 922 sine
2534 867 2801 938 potentia
2832 872 2891 921 et
2917 867 3151 936 virtute,
3181 884 3251 921 ex
3282 883 3397 937 qua
3437 868 3725 938 procedit,

2068 971 2262 1025 neque
2292 956 2555 1027 potentia
2581 957 2707 1010 sine
2735 956 3018 1022 essentia,
3042 956 3161 1009 imo
3188 971 3296 1011 nec
3321 956 3577 1010 essentia
3597 957 3728 1011 sine

2068 1044 2334 1117 potentia
2362 1044 2736 1117 operandi.Si
2766 1060 2901 1098 vero
2929 1044 3053 1098 haec
3076 1043 3639 1114 impossibilia,tunc
3671 1049 3731 1100 et

2071 1134 2512 1206 simplicissima
2530 1134 2883 1205 simpliciter
2901 1133 3233 1188 substantia
3248 1150 3369 1188 una
3390 1150 3524 1189 cum
3550 1134 3731 1189 insita

2069 1223 2334 1294 potentia
2352 1222 2594 1278 habebit
2611 1223 2788 1277 etiam
2809 1223 3215 1294 operationem
3241 1240 3310 1278 ex
3333 1223 3441 1278 hac
3464 1223 3731 1295 potentia

2068 1312 2482 1383 prodeuntem,
2516 1317 2946 1384 proptereaque
2976 1329 3097 1367 non
3150 1312 3318 1367 adest
3349 1313 3505 1367 circa
3539 1313 3729 1383 ipsam

2069 1403 2421 1473 compositio
2441 1419 2511 1457 ex
2532 1401 2790 1473 eo,quod
2807 1402 2965 1457 circa
2985 1419 3173 1458 unum
3193 1408 3250 1457 et
3271 1403 3733 1471 idem,substan-

2072 1495 2235 1562 tiam,
2257 1493 2420 1548 aliud
2444 1493 2521 1548 sit
2542 1494 2828 1564 potentia,
2853 1493 3016 1549 aliud
3038 1494 3327 1567 operatio,
3351 1499 3409 1548 et
3429 1494 3586 1565 quod
3610 1509 3733 1548 una

2072 1580 2397 1652 eademque
2412 1598 2505 1635 res
2523 1597 2592 1635 ex
2607 1581 2938 1636 substantia
2953 1587 3013 1637 et
3028 1583 3295 1653 potentia
3312 1588 3369 1637 et
3385 1582 3730 1653 operatione

2071 1670 2433 1737 consistat,si
2461 1670 2545 1724 ita
2566 1669 2727 1740 loqui
2751 1670 2838 1724 fas
2857 1676 2966 1738 est,
2989 1677 3046 1725 et
3068 1670 3226 1741 quod
3252 1670 3481 1726 ratione
3506 1669 3726 1725 distin-

2070 1759 2271 1833 guitur
2287 1776 2319 1814 a
2333 1758 2664 1814 substantia
2680 1760 3006 1830 potentia,a
3023 1759 3288 1830 potentia
3307 1760 3731 1830 operatio.Una

1997 1878 2044 1944 Β
2074 1848 2233 1905 enim
2266 1852 2323 1902 et
2354 1847 2438 1901 sic
2468 1853 2558 1902 est
2589 1846 2842 1917 simplex
2875 1846 3225 1901 substantia.
3255 1847 3558 1910 Quomodo
3591 1863 3727 1900 vero

2074 1938 2207 2009 quis
2237 1937 2484 1992 auderet
2513 1936 2585 1992 de
2634 1941 2847 1991 natura
2896 1952 3028 1991 vere
3083 1935 3339 2007 simplici
3372 1940 3429 1989 et
3459 1934 3531 1989 ab
3563 1936 3726 1990 omni

2068 2027 2502 2099 compositione
2530 2032 2804 2097 exempta
2830 2025 2915 2080 vel
2941 2025 3012 2081 de
3033 2025 3282 2098 singulis
3304 2023 3727 2096 hypostasibus

2067 2133 2361 2187 supremaa
2392 2121 2451 2171 et
2478 2114 2875 2187 praecellentis
2932 2115 3256 2169 divinitatis
3302 2114 3621 2179 afﬁrmare,
3657 2131 3729 2169 ex

2068 2216 2440 2273 naturalibus
2466 2216 2553 2271 vel
2584 2215 2999 2288 personalibus
3024 2215 3486 2288 pr0prietatibus
3521 2214 3725 2270 induci

2068 2305 2603 2377 compositionem?
2619 2305 2768 2372 Quid
2791 2305 3047 2361 monade
3070 2306 3342 2376 (unitate)
3370 2306 3431 2359 in
3454 2304 3723 2360 numeris

2067 2396 2449 2468 simplicius?
2501 2396 2571 2449 Et
2623 2401 2824 2450 tamen
2881 2394 3045 2449 aliud
3091 2395 3204 2466 ipsi
3256 2400 3346 2449 est
3376 2412 3526 2462 esse,
3560 2392 3723 2448 aliud

2066 2485 2354 2556 potentia,
2389 2489 2448 2538 et
2497 2482 2653 2538 aliud
2699 2484 2987 2554 operatio.
3044 2484 3189 2538 Cum
3240 2484 3518 2538 omnibus
3561 2483 3721 2537 enim

2068 2572 2473 2628 identiﬁcatur
2501 2571 2727 2643 (omnia
2757 2572 2962 2627 eadem
2997 2572 3279 2642 ostendit)
3301 2576 3360 2626 et
3388 2573 3722 2626 incommu-

2068 2665 2190 2717 tata
2221 2666 2444 2715 servat:
2482 2660 2803 2714 relationes
2834 2666 3033 2714 autem
3077 2659 3199 2714 fere
3243 2659 3509 2714 inﬁnitas
3542 2659 3722 2724 subit,

2071 2746 2212 2803 dum
2243 2747 2482 2803 additur
2512 2751 2570 2800 et
2598 2747 2987 2815 subtrahitur,
3012 2753 3070 2800 et
3100 2764 3308 2801 omnes
3339 2761 3726 2801 numerorum

2069 2837 2298 2909 species
2337 2841 2600 2908 generat,
2634 2841 2691 2889 et
2720 2852 2878 2890 nunc
2910 2835 3152 2905 quidem
3203 2835 3267 2889 ﬁt
3318 2834 3633 2888 dimidium
3669 2839 3728 2888 et

2070 2925 2341 2997 duplum.
2374 2941 2534 2980 nunc
2560 2940 2695 2978 vero
2718 2924 2959 2978 tertium
2983 2930 3040 2977 et
3064 2923 3328 2995 triplum,
3357 2941 3517 2978 nunc
3547 2940 3727 2994 quar-

2071 3019 2197 3070 tum
2230 3020 2288 3069 et
2336 3012 2755 3085 quadruplum,
2817 3019 2874 3068 et
2918 3012 3061 3068 alias
3093 3012 3272 3079 aliud,
3307 3018 3366 3067 et
3395 3012 3726 3068 secundum

2070 3104 2229 3159 idem
2261 3103 2484 3168 omnia,
2520 3107 2578 3157 et
2598 3102 2710 3157 hoc
2738 3102 2799 3156 in
2830 3102 3132 3156 inﬁnitum
3159 3117 3172 3167 ;
3200 3119 3359 3157 nunc
3391 3108 3457 3158 ut
3486 3102 3725 3173 quidem

2026 3248 2040 3273 ,
2073 3192 2349 3248 informis
2366 3208 2433 3247 ac
2464 3192 2666 3263 ﬁgurae
2700 3207 2908 3263 expers
2938 3196 3411 3262 concepta,nunc
3443 3209 3576 3246 vero
3608 3191 3727 3247 for-

2073 3287 2232 3337 mata
2262 3287 2322 3336 et
2353 3280 2620 3353 ﬁgurata,
2642 3280 2964 3351 aliquando
2998 3280 3726 3352 triangularis,a1iquando

2069 3369 2586 3444 quadrangularis,
2637 3369 2956 3440 aliquando
3009 3369 3507 3440 quintangularis,
3557 3376 3735 3441 atque

2069 3459 2234 3515 aliud
2266 3464 2325 3513 et
2355 3457 2608 3526 aliud,et
2639 3456 2813 3513 simul
2846 3457 3133 3521 omnia,et
3161 3458 3273 3512 hoc
3306 3459 3367 3513 in
3398 3459 3729 3523 inﬁnitum,

2070 3564 2233 3604 nunc
2263 3547 2506 3617 quidem
2539 3552 2627 3600 est
2676 3546 3041 3617 superﬁcies,
3094 3563 3253 3600 nunc
3298 3547 3557 3602 solidum
3586 3566 3727 3602 cor-

2071 3652 2207 3707 pus,
2238 3633 2414 3688 modo
2449 3633 2755 3688 relationis
2786 3649 3018 3704 expers,
3061 3632 3237 3687 modo
3269 3634 3586 3688 relationes
3619 3635 3727 3688 ha-

2071 3723 2240 3791 bens,
2273 3726 2331 3776 et
2356 3721 2596 3792 quidem
2628 3720 3046 3789 multiformes,
3076 3725 3135 3774 et
3157 3736 3340 3790 quum
3366 3721 3525 3775 varia
3547 3739 3732 3793 appa-

2073 3816 2203 3868 reat
2231 3814 2474 3882 propter
2502 3809 2798 3881 potentias
2831 3813 2887 3862 et
2929 3809 3307 3879 operationes
3337 3826 3494 3876 suas,
3531 3815 3730 3865 tamen

2076 3898 2517 3971 simplicissima
2577 3902 2666 3953 est
2722 3902 2780 3951 et
2850 3897 2981 3968 ipsa
3038 3897 3284 3952 varietas
3338 3898 3496 3953 haud
3554 3899 3735 3954 infert

2075 3999 2502 4055 detrimentum
2548 3995 2893 4051 substantias
2942 3995 3332 4067 simplicitati,
3384 3997 3731 4053 substantias

2077 4088 2230 4159 dico,
2262 4104 2395 4158 quae
2427 4084 2755 4141 secundum
2787 4085 2976 4156 ipsam
3009 4086 3291 4150 est.Quod
3322 4087 3481 4141 enim
3516 4087 3731 4159 cuique

2077 4193 2228 4246 esse,
2283 4177 2395 4231 hoc
2450 4180 2540 4231 est
2597 4180 2656 4229 et
2712 4175 2841 4246 ejus
2890 4175 3242 4232 substantia.
3301 4176 3358 4232 Si
3418 4177 3618 4249 itaque
3669 4177 3731 4233 in

2075 4264 2254 4320 rebus
2286 4264 2500 4320 creatis
2529 4280 2596 4319 ac
2624 4263 2845 4318 nostris
2879 4280 2948 4319 ea
2980 4281 3111 4336 quae
3142 4265 3204 4320 in
3235 4266 3440 4336 quovis
3473 4266 3731 4337 simplici

2076 4357 2420 4426 spectantur
2449 4369 2569 4408 non
2616 4353 2910 4408 inducunt
2956 4353 3360 4425 duplicitatem
3400 4361 3459 4408 et
3487 4372 3734 4425 compo-

2074 4444 2371 4513 sitionem,
2404 4444 2593 4500 multo
2626 4444 2813 4515 magis
2860 4461 3055 4515 neque
3106 4446 3167 4498 in
3220 4444 3434 4498 divinis
3466 4445 3738 4514 personis

2082 4549 2154 4588 ex
2167 4535 2538 4589 connexione
2554 4532 2970 4588 nonnullarum
2985 4533 3407 4604 proprietatum
3423 4532 3737 4601 duplicitas

2083 4628 2140 4678 et
2190 4623 2542 4693 compositio
2592 4621 2863 4693 quaedam
2915 4622 3236 4676 inducitur.
3300 4622 3501 4690 Neque
3560 4620 3738 4691 igitur

2081 4712 2448 4783 compositus
2478 4710 2685 4778 Filius,
2741 4709 2790 4763 si
2840 4726 2960 4763 non
3016 4708 3207 4763 solum
3241 4714 3331 4762 est
3358 4714 3673 4779 generatus
3706 4726 3741 4764 a

2082 4803 2275 4869 Patre,
2303 4816 2511 4854 verum
2544 4804 2603 4852 et
2635 4798 2885 4869 Spiritus
2943 4797 3302 4867 productor;
3335 4815 3530 4868 neque
3571 4816 3740 4854 cum-

2083 4890 2311 4961 positus
2343 4887 2614 4959 Spiritus,
2650 4886 2698 4941 si
2731 4903 2852 4941 non
2887 4902 2955 4940 ex
2998 4888 3170 4941 Patre
3197 4886 3504 4957 duntaxat,
3536 4906 3739 4944 verum

2083 4985 2141 5034 et
2173 4995 2245 5034 ex
2270 4976 2412 5032 Filio
2444 4974 2715 5047 procedit
2742 4993 2755 5040 ;
2792 4991 2985 5044 neque
3018 4976 3178 5030 enim
3209 4981 3267 5031 et
3296 4978 3471 5032 Pater
3501 4996 3742 5049 compo-

2084 5069 2232 5123 situs
2260 5071 2370 5132 est,
2397 5065 2497 5136 qui
2530 5063 2898 5119 innascibilis
2945 5065 3237 5121 exsistens
3271 5072 3330 5121 et
3353 5067 3480 5122 Filii
3511 5068 3745 5140 genitor

2084 5163 2142 5213 et
2187 5156 2440 5228 Spiritus
2488 5152 2809 5226 productor
2863 5160 2971 5210 est.
3006 5155 3521 5221 Quemodmodum
3581 5156 3738 5211 enim

2080 5243 2513 5301 innascibilitas
2567 5248 2625 5296 et
2684 5242 2890 5297 ﬁliatio
2939 5250 2996 5297 et
3035 5246 3333 5315 processio
3393 5244 3741 5315 simpliciter

2081 5337 2358 5405 spectatae
2391 5331 2634 5386 diversa;
2666 5332 2907 5403 quidem
2937 5338 3075 5387 sunt
3103 5333 3449 5404 personales
3480 5331 3743 5403 proprie-

2082 5427 2254 5491 tates,
2278 5436 2531 5491 quarum
2563 5420 2742 5475 trium
2768 5420 3051 5492 quaelibet
3066 5421 3311 5476 cuilibet
3333 5420 3513 5474 trium
3535 5435 3737 5490 perso—

2082 5527 2297 5567 narum
2330 5515 2684 5575 reservatur,
2709 5526 2893 5565 unam
2918 5526 3054 5565 vero
3087 5510 3432 5564 eorumdem
3463 5514 3736 5562 naturam

2082 5615 2461 5671 nequaquam
2493 5597 2800 5665 dividunt;
2860 5600 2964 5667 ita,
3021 5598 3252 5653 etiamsi
3304 5596 3504 5668 plures
3542 5595 3734 5647 forent

2082 5688 2497 5763 proprietates,
2530 5703 2662 5761 quae
2715 5686 2960 5760 singulis
2994 5686 3183 5742 tribus
3231 5681 3497 5756 personis
3523 5691 3734 5735 conve-
