4150 6292
387 309 495 379 191

1627 313 1936 378 ΝΙΟΕΤιΕ
1979 313 2523 378 MARPNIENSIS

3633 315 3732 376 192

381 447 580 517 ninnt,
601 463 796 518 neque
819 447 903 502 sic
934 445 1160 504 nullam
1194 463 1400 503 eorum
1428 446 1772 520 hypostasin
1805 448 2032 504 scinde-

2148 445 2235 503 καὶ
2287 447 2582 527 ἄφραστος·
2639 443 2771 522 ὑπὶρ
2825 443 2888 502 τὸ
2953 449 3070 508 πῶς
3130 463 3252 524 γαρ·
3313 442 3348 516 ἢ
3409 447 3596 527 οράσον
3639 467 3742 522 μοι,

381 541 520 592 rent
578 536 664 592 vel
722 536 1073 605 dividerent,
1134 553 1338 592 verum
1391 553 1584 608 neque
1641 538 2032 610 compositam

383 641 595 682 eorum
652 625 836 681 ullam
894 625 1293 682 ostenderent.
1354 625 1863 691 Quemadmodum
1895 643 2031 682 vero

381 718 558 771 Pater
588 715 834 770 minime
894 714 1112 770 divisus
1164 721 1272 782 est,
1332 715 1473 786 quia
1501 733 1573 770 ex
1606 716 1732 788 ipso
1763 717 1944 772 Filius
1976 721 2034 772 et

382 805 637 877 Spiritus
665 805 882 875 (neque
916 805 1076 858 enim
1109 804 1171 858 hi
1202 810 1398 876 partes
1429 809 1568 860 sunt
1595 805 1804 873 Patris,
1839 822 2033 878 neque

381 892 707 949 secundum
722 893 1050 947 sectionem
1091 892 1414 962 quamdam
1439 899 1543 948 aut
1573 893 1800 948 ﬂuxum
1831 897 2031 966 cujus-

383 999 494 1054 que
531 998 736 1037 eorum
765 983 1097 1054 progressio
1129 981 1565 1054 cognoscitur):
1598 983 1679 1037 ita
1711 999 1818 1038 nec
1852 983 2034 1055 Spiri-

379 1079 476 1129 tus
505 1073 748 1142 divisus,
783 1073 922 1144 quia
949 1091 1018 1128 ex
1051 1075 1223 1129 Patre
1273 1079 1332 1128 et
1379 1091 1450 1128 ex
1499 1074 1648 1128 Filio
1682 1080 1807 1142 est;
1837 1091 2033 1147 neque

378 1164 526 1218 illud
552 1163 795 1234 quidem
845 1180 917 1218 ex
978 1168 1147 1218 Patre
1199 1162 1399 1228 habet,
1433 1163 1544 1219 hoc
1577 1179 1710 1218 vero
1743 1180 1814 1219 ex
1845 1164 1990 1220 Filio
2017 1181 2030 1232 ;

382 1251 484 1308 sed
513 1251 665 1306 illud
697 1250 944 1323 simplex
977 1257 1035 1306 et
1061 1267 1248 1307 unum
1283 1251 1438 1323 quod
1461 1251 1586 1323 ipse
1619 1257 1728 1320 est,
1762 1269 1828 1307 ex
1863 1253 2032 1308 Patre

383 1346 474 1396 est
503 1347 560 1398 et
593 1359 658 1397 ex
693 1341 858 1408 Filio,
883 1357 953 1395 ex
977 1339 1242 1395 indivisis
1269 1339 1609 1406 indivisuni,
1641 1358 1712 1396 ex
1741 1339 2031 1412 simplici-

382 1431 494 1486 bus
521 1431 800 1504 simplex.
835 1431 894 1486 Si
925 1447 1061 1486 vero
1119 1431 1373 1502 quaeris:
1426 1434 1701 1498 Quomodo
1721 1435 1749 1488 ?
1776 1431 2030 1498 noveris,

384 1519 626 1575 modum
661 1537 791 1576 esse
818 1519 1180 1575 ineffabilem
1211 1525 1269 1575 et
1297 1537 1417 1576 non
1439 1521 2032 1588 enuntiabilem,cum

2142 540 2260 599 πῶς
2301 537 2330 592 6
2387 537 2572 612 Πατήρ
2621 541 2783 610 γεννᾷ
2837 535 2930 592 τὸν
2987 535 3155 606 Υἱόν;
3221 539 3335 596 πῶς
3369 536 3426 590 τὸ
3468 540 3668 610 Πνεῦμα
3693 534 3748 592 ἐκ

2139 630 2236 681 τοῦ
2293 626 2502 701 [ἰατρὸς
2565 624 2955 697 ἐκπορεύεταις
3010 625 3094 687 τίς
3152 627 3188 696 ἡ
3238 623 3433 680 τούτων
3503 622 3742 703 διαφορᾶ;

2140 714 2296 793 κάγὼ
2339 714 2425 770 σοὶ
2475 713 2690 790 φράσω,
2741 719 2858 777 πῶς
2915 713 2974 772 ἐκ
3019 718 3118 769 τοῦ
3177 715 3380 790 Πατρὸς
3431 713 3514 769 καὶ
3564 713 3618 769 ἐκ
3659 715 3744 769 τοῦ

2143 803 2270 858 Υἱοῦ
2309 802 2678 878 ἐκπορεύεται.
2713 802 2776 860 Εἰ
2829 799 2887 858 δὲ
2937 801 3148 878 βούλει,
3205 805 3446 876 μάνθανε,
3476 803 3554 858 ὅτι
3582 800 3638 858 ἔκ
3662 806 3751 858 τοῦ

2144 891 2352 967 Ματρὸς
2384 893 2495 966 οὐχ
2525 892 2598 954 ὡς
2629 891 2690 948 ὲκ
2743 895 2842 947 τοῦ
2895 893 3047 964 Υἱοῦ,
3085 893 3174 947 καὶ
3206 889 3266 946 ἐκ
3292 894 3384 947 τοῦ
3414 891 3532 946 Υἱοῦ
3560 890 3660 970 οὐχ
3687 891 3753 952 ὡς

2141 979 2201 1038 ἰκ
2228 985 2326 1036 τοῦ
2357 981 2591 1058 Πατρὸς.
2626 982 2720 1038 Ἐκ
2775 982 2870 1054 μὲν
2921 983 3024 1058 γὰρ
3077 985 3176 1037 τοῦ
3222 982 3427 1056 Πατρὸς
3482 979 3759 1056 ἕμμεσοςὴ

2142 1070 2460 1146 ἒκπόριυσις
2505 1067 2620 1146 (διὰ
2665 1075 2764 1126 τοῦ
2808 1072 2936 1126 Υἱοῦ
2985 1071 3136 1148 γὰρ),
3195 1070 3255 1126 ἐκ
3300 1075 3386 1126 τιῦ
3413 1071 3534 1124 Υἱοῦ
3566 1066 3618 1124 δὲ
3644 1067 3759 1142 ἔμε-

2143 1181 2257 1230 σος,
2288 1159 2373 1215 ὅτι
2421 1158 2617 1232 μηκέτι
2671 1157 2740 1214 δι’
2785 1158 2971 1236 ἑτέρου
3013 1159 3180 1223 τινός.
3231 1159 3415 1221 Οὓτως
3447 1156 3534 1214 οῦν
3561 1155 3766 1229 οὐδεμία

2143 1249 2386 1314 σύνθεσις
2437 1247 2562 1304 οὔτε
2610 1249 2732 1316 περὶ
2783 1247 2874 1304 τὸν
2938 1246 3062 1303 Υἱὸν
3113 1248 3238 1304 οὔτε
3284 1250 3408 1324 περὶ
3452 1247 3512 1301 τὸ
3553 1249 3760 1318 Πνεῦμα,

2141 1337 2237 1395 κᾶν
2285 1339 2348 1395 τὸ
2394 1342 2612 1412 Πνεῦμα
2660 1336 2721 1394 ἐκ
2759 1342 2858 1394 τοῦ
2907 1338 3118 1412 Πατρὸς
3163 1337 3580 1414 ἐκπορευόμενον
3607 1335 3692 1391 καὶ
3717 1334 3770 1390 ἐκ

2139 1433 2237 1485 τοῦ
2267 1430 2396 1484 Υίοῦ
2428 1427 2795 1504 ἔκπορεόηται
2826 1429 2956 1502 (18)’
2987 1428 3076 1482 καὶ
3130 1424 3255 1483 οὐδὲ
3283 1431 3445 1483 τοῦτο
3473 1427 3533 1482 τὸ
3563 1424 3767 1493 ἄτοπον,

2143 1519 2217 1580 ὡς
2249 1515 2384 1592 ἔφης
2414 1517 2576 1580 αὐτὸς
2606 1521 2686 1590 τῷ
2718 1513 2954 1594 δόγματι
2985 1515 3382 1588 ἠκολούθησεν.

389 1609 468 1662 sit
509 1625 690 1680 supra
731 1625 972 1664 omnem
1016 1608 1279 1664 modum.
1333 1611 1450 1664 Aut
1493 1609 1672 1665 dicito
1737 1611 1905 1678 mihi,
1957 1608 2253 1681 quomodo
2307 1609 2482 1664 Pater
2531 1614 2773 1682 generet
2816 1607 3052 1677 Filium,
3099 1607 3399 1680 quomodo
3431 1607 3669 1681 Spiritus
3711 1620 3772 1660 ex

382 1698 558 1752 Patre
612 1699 912 1769 procedat,
965 1714 1236 1768 quaenam
1285 1697 1497 1754 horum
1549 1699 1626 1754 sit
1669 1698 2024 1767 differentia,
2084 1704 2144 1754 et
2199 1713 2305 1771 ego
2365 1696 2556 1753 dicam
2607 1697 2738 1766 tibi,
2788 1696 3086 1769 quomodo
3135 1714 3206 1753 ex
3250 1698 3427 1752 Patre
3459 1701 3518 1752 et
3547 1712 3617 1751 ex
3645 1693 3774 1750 Filio

379 1787 683 1860 procedat.
748 1787 805 1841 Si
857 1804 991 1842 vero
1037 1787 1250 1859 placet,
1323 1787 1484 1843 disce
1533 1805 1604 1843 ex
1668 1791 1838 1844 Patre
1917 1805 2038 1844 non
2095 1785 2307 1844 eodem
2355 1786 2530 1842 modo
2579 1803 2647 1842 ac
2705 1801 2775 1842 ex
2819 1787 2988 1854 Filio,
3034 1789 3092 1842 et
3133 1803 3207 1841 ex
3255 1786 3407 1842 Filio
3439 1802 3558 1842 non
3583 1783 3772 1840 eodem

382 1875 560 1930 modo
614 1892 681 1930 ac
727 1893 795 1930 ex
839 1877 1013 1931 Patre
1059 1877 1342 1948 Spiritum
1392 1875 1734 1948 procedere.
1786 1879 1867 1932 Ex
1909 1879 2083 1932 Patre
2130 1875 2291 1932 enim
2342 1875 2599 1930 mediata
2628 1875 2928 1947 processio
2959 1880 3068 1944 est,
3101 1891 3288 1947 quum
3321 1876 3401 1930 sit
3430 1891 3536 1948 per
3563 1872 3777 1938 Filium,

382 1981 452 2020 ex
479 1965 626 2021 Filio
656 1981 792 2020 vero
825 1965 1190 2035 immediata,
1224 1983 1360 2021 cum
1394 1982 1513 2021 non
1543 1966 1802 2038 amplius
1833 1967 1909 2022 sit
1937 1983 2044 2039 per
2072 1965 2255 2021 alium
2287 1964 2650 2037 quempiam.
2686 1965 2805 2020 Hoc
2853 1981 2990 2036 ergo
3036 1969 3207 2037 pacto
3257 1965 3427 2020 nulla
3456 1961 3785 2036 compositio

381 2060 470 2110 est
495 2071 687 2126 neque
719 2055 781 2110 in
813 2055 959 2110 Filio
991 2071 1185 2125 neque
1216 2055 1277 2110 in
1309 2055 1550 2127 Spiritu,
1583 2055 1724 2111 licet
1753 2056 2010 2128 Spiritus
2041 2072 2112 2111 ex
2140 2055 2312 2110 Patre
2342 2053 2668 2126 procedens
2701 2070 2771 2109 ex
2799 2054 2949 2109 Filio
2983 2071 3218 2126 quoque
3263 2054 3568 2127 procedat,
3601 2063 3779 2122 neque

388 2144 568 2198 etiam
599 2145 711 2198 hoc
742 2142 1088 2213 absurdum,
1121 2148 1186 2199 ut
1217 2148 1277 2198 tu
1307 2143 1564 2212 dicebas,
1598 2144 1812 2217 dogma
1841 2151 2111 2200 nostrum
2143 2144 2546 2216 consequitur.

459 2233 510 2286 6.
545 2233 658 2286 GR.
693 2233 772 2302 (η)
809 2233 1021 2288 Verum
1045 2233 1093 2286 si
1119 2249 1189 2287 ex
1213 2234 1382 2288 Patre
1415 2237 1474 2288 et
1501 2250 1569 2289 ex
1601 2232 1744 2289 Filio
1774 2233 2035 2306 procedit

2222 2231 2282 2301 ζ’.
2335 2235 2436 2286 ΓΡ.
2495 2227 2652 2288 Ἀλλ’
2690 2230 2735 2285 εἰ
2794 2232 2906 2304 (l9)
2957 2227 3015 2284 ἐκ
3065 2233 3162 2286 τοῦ
3205 2235 3420 2307 [ἰατρὸς
3471 2231 3559 2286 καὶ
3610 2227 3669 2284 ἐκ
3705 2225 3792 2282 τοῦ

386 2319 640 2392 Spiritus
672 2319 1004 2376 secundum
1035 2321 1192 2376 dicta
1222 2326 1340 2384 tua,
1367 2323 1479 2376 erit
1508 2322 1621 2394 ipsi
1654 2321 1875 2394 duplex
1904 2339 2039 2394 pro-

385 2409 604 2475 cessio;
627 2409 676 2464 si
694 2427 830 2466 vero
845 2409 1061 2481 duplex
1081 2409 1626 2482 processio,duplex
1641 2417 1700 2466 et
1713 2411 2041 2482 procedens

385 2498 544 2570 quod
569 2498 786 2570 duplex
808 2505 918 2566 est,
951 2516 1071 2554 non
1115 2505 1204 2554 est
1224 2497 1481 2570 amplius
1517 2499 1790 2572 simplex;
1817 2515 1954 2572 ergo
1971 2516 2042 2556 ex

383 2593 440 2642 te
465 2588 716 2660 Spiritus
739 2606 857 2644 non
879 2594 968 2644 est
991 2589 1246 2661 simplex
1271 2605 1284 2655 ;
1309 2588 1469 2660 quod
1489 2606 1622 2644 vero
1645 2606 1767 2645 non
1787 2595 1878 2646 est
1895 2591 2036 2645 sim-

381 2677 538 2749 plex,
561 2677 620 2732 id
643 2679 1039 2751 compositum
1062 2684 1152 2734 est
1171 2683 1229 2734 et
1249 2678 1504 2735 divisum
1527 2694 1540 2745 ;
1565 2679 1722 2750 quod
1747 2679 2040 2750 ejusmodi

383 2786 500 2824 non
535 2775 623 2824 est
648 2771 956 2825 Deus.Jam
986 2786 1122 2824 vero
1154 2769 1405 2840 Spiritus
1429 2775 1518 2824 est
1548 2771 1724 2833 Deus,
1747 2785 1868 2825 non
1900 2786 2038 2842 ergo

386 2857 633 2930 duplex;
687 2859 846 2930 quod
895 2859 943 2914 si
987 2875 1108 2913 non
1158 2857 1393 2930 duplex,
1425 2874 1619 2928 neque
1651 2859 2036 2931 compositus,

383 2962 577 3018 neque
608 2946 826 3018 duplex
848 2947 961 3002 erit
979 2947 1301 3018 processio.
1323 2945 1379 3000 Si
1400 2962 1536 3001 vero
1558 2963 1677 3002 non
1702 2947 1921 3018 duplex
1951 2952 2039 3002 est

382 3037 704 3106 processio,
724 3052 843 3089 non
868 3035 983 3090 erit
1002 3051 1122 3090 una
1143 3035 1384 3106 quidem
1407 3051 1478 3088 ex
1503 3035 1886 3105 Patre,altera
1901 3051 2036 3090 vero

389 3141 457 3177 ex
495 3123 660 3188 Filio,
697 3124 802 3178 sed
849 3129 951 3177 aut
997 3139 1068 3177 ex
1117 3123 1288 3177 Patre
1321 3121 1434 3176 erit
1461 3127 1563 3177 aut
1591 3139 1661 3178 ex
1692 3123 1858 3179 Filio.
1893 3124 2037 3179 Cum

384 3227 522 3265 vero
549 3227 618 3264 ex
641 3213 810 3265 Patre
844 3210 941 3277 sit,
963 3217 1030 3264 ut
1063 3215 1188 3264 tum
1221 3212 1424 3266 Patres
1457 3209 1661 3266 dicunt
1694 3217 1818 3268 tum
1847 3213 2034 3267 Evan-

386 3299 628 3370 gelium,
653 3299 1014 3370 relinquitur
1042 3314 1171 3354 eam
1202 3315 1323 3354 non
1356 3315 1485 3354 esse
1509 3316 1577 3355 ex
1607 3299 1772 3357 Filio.

459 3391 608 3444 LAT.
642 3391 844 3461 Neque
862 3390 973 3446 hoc
989 3396 1158 3462 pacto
1186 3391 1560 3447 ratiocinatio
1591 3397 1712 3460 tua,
1745 3408 1778 3446 ο
1811 3392 2038 3464 sapien-

387 3479 615 3535 tissime
665 3479 964 3543 Graace,ad
1019 3480 1472 3535 assentiendum
1503 3481 1674 3553 cogit.
1707 3482 1775 3536 In
1827 3481 2036 3553 primis

2149 2319 2278 2374 Υἱοῦ
2331 2317 2653 2394 ἐκπορῦεται
2697 2318 2834 2374 καθὰ
2873 2319 3002 2396 φὴς,
3051 2316 3198 2374 ἔσται
3249 2318 3404 2392 αὐτῷ
3457 2316 3624 2388 διπλῆ
3658 2320 3690 2386 ἡ
3721 2315 3804 2370 ὲκ-

2148 2407 2426 2484 πόρευσις.
2479 2409 2542 2466 Εἰ
2591 2404 2650 2464 δὲ
2695 2405 2868 2474 διπλῆ
2916 2410 2952 2478 ἡ
2993 2407 3338 2483 ἐκπόρευσις,
3373 2407 3607 2464 διπλοῦν
3632 2406 3718 2462 καὶ
3745 2404 3802 2460 τὸ

2149 2495 2598 2569 ἐκπορευόμενον.
2646 2497 2716 2552 Τὸ
2768 2493 2826 2552 δὶ
2898 2494 3129 2552 διπλοῦν
3193 2497 3327 2574 οῦχί
3405 2496 3638 2554 ἁπλοῦν·
3710 2493 3810 2569 οὐχ

2147 2585 2357 2642 ἁπλοῦν
2407 2585 2512 2662 ἄρα
2557 2587 2620 2642 τὸ
2669 2591 2908 2660 Πνεῦμα,
2958 2587 3096 2642 κατά
3139 2607 3216 2642 σε·
3262 2588 3328 2642 τὸ
3383 2584 3444 2642 6‘s
3495 2589 3572 2660 μή
3607 2583 3806 2642 ἁπλοῦν

2149 2677 2396 2731 σύνθετον
2427 2675 2518 2731 καὶ
2571 2675 2847 2750 μεριστόν·
2910 2677 2940 2730 6'
2993 2673 3050 2730 δέ
3099 2674 3208 2732 ἐστι
3251 2681 3539 2746 τοιοῦτον,
3572 2673 3636 2730 οῦ
3666 2671 3813 2735 Θεός.

2147 2763 2324 2822 Ἀλλὰ
2372 2765 2482 2838 μὴν
2526 2765 2588 2820 τὸ
2636 2767 2856 2838 Πνεῦμα
2914 2765 3066 2826 Θεός.
3123 2765 3224 2820 οὐκ
3253 2765 3366 2840 ἄρα
3397 2763 3658 2821 διπλοῦν
3691 2763 3734 2818 εἰ
3764 2758 3819 2815 δὲ

2150 2857 2228 2928 μὴ
2281 2851 2534 2924 διπλοῦν,
2579 2852 2720 2928 μηδέ
2771 2855 3036 2926 σύνθετον,
3081 2851 3206 2910 οὐδὲ
3253 2854 3438 2926 διπλῆ
3475 2857 3515 2926 ἡ
3566 2853 3821 2929 ἐκπόρευ-

2148 2961 2251 3004 σις’
2307 2943 2353 2997 εί
2386 2939 2442 2998 δε
2465 2945 2540 3016 μή
2589 2941 2758 3013 διπλῆ
2808 2945 2845 3013 ἡ
2895 2941 3231 3019 ἐκπόρευσις,
3271 2945 3380 3000 οὐκ
3440 2943 3594 3000 ἔσται
3631 2945 3666 3012 ἡ
3721 2942 3812 3016 μὶν

2146 3031 2207 3088 ἐκ
2248 3037 2346 3088 τοῦ
2396 3033 2626 3106 Πατρός,
2669 3035 2704 3102 ἡ
2758 3030 2816 3088 δὲ
2859 3033 2920 3090 ἐκ
2962 3037 3060 3088 τοῦ
3128 3034 3285 3101 Υἱοῦ,
3341 3032 3482 3091 ἀλλ’
3525 3034 3565 3104 ἢ
3612 3032 3673 3088 ἐκ
3726 3032 3820 3088 τοῦ

2147 3123 2356 3196 Πατρός
2422 3121 2458 3192 ἢ
2534 3121 2592 3177 ἐκ
2659 3119 2756 3176 τοῦ
2824 3122 2981 3179 Πὶοῦ.
3055 3122 3208 3178 Ἐπεὶ
3254 3119 3318 3178 δὲ
3375 3123 3440 3180 ἐκ
3484 3127 3588 3179 τοῦ
3627 3119 3832 3194 Πατρὸς

2147 3214 2327 3280 (τοῦτο
2357 3211 2460 3286 γὰρ
2491 3209 2582 3266 καὶ
2633 3212 2684 3266 οἱ
2733 3209 2963 3285 Ηοιτέρες
3014 3209 3142 3290 φασὶ
3187 3211 3286 3266 καὶ
3335 3213 3404 3268 τό
3441 3209 3832 3288 Εὗκγγὲλιον),

2145 3297 2339 3356 λοιπὸν
2366 3299 2470 3354 οὐκ
2497 3299 2556 3354 ἐκ
2588 3303 2686 3357 τοῦ
2719 3299 2874 3357 Υἱοῦ.

2217 3395 2376 3447 ΛΑΤ.
2409 3386 2542 3446 Οὐδ’
2589 3386 2760 3451 οὕτως
2815 3390 2843 3444 6
2885 3387 3056 3466 λόγος
3107 3382 3228 3464 ἔχει
3289 3391 3358 3446 τὸ
3411 3392 3742 3468 ἀναγκαῖον,
3787 3385 3829 3440 ὦ

2147 3479 2425 3557 σοφώτατε
2455 3477 2665 3554 Γραικὲ.
2702 3481 2924 3550 Πρῶτον
2981 3477 3076 3551 μὶν
3124 3477 3230 3554 γὰρ
3287 3479 3362 3534 οὗ
3412 3477 3634 3550 διπλῆν
3666 3497 3838 3556 φαμεν

397 3569 556 3626 enim
590 3569 836 3624 minime
856 3568 1149 3640 duplicem
1171 3569 1424 3624 dicimus
1443 3571 1904 3642 processionem,
1935 3571 2035 3626 sed

2148 3569 2244 3638 τὴν
2272 3565 2612 3642 ἐκπόρευσιν,
2644 3563 2790 3621 ἀλλὰ
2825 3566 2950 3640 μίαν
2993 3565 3082 3621 καὶ
3125 3566 3224 3634 τήν
3273 3567 3463 3638 αὐτὴν
3499 3569 3595 3624 καὶ
3626 3564 3837 3636 ἁπλῆν,

2216 3653 2546 3672 ..κ..,ι
2777 3659 3002 3672 η..-
3256 3654 3806 3672 .-......

386 3677 565 3715 unam
597 3659 988 3732 eamdemque
1015 3665 1073 3715 et
1103 3659 1456 3732 simplicem,
1485 3677 1670 3732 quum
1699 3666 1759 3716 et
1787 3661 2037 3732 Spiritus

387 3749 632 3820 simplex
685 3749 763 3803 sit
818 3753 1021 3820 utpote
1068 3749 1261 3816 Deus;
1311 3748 1475 3805 nulla
1518 3766 1776 3821 namque
1826 3749 1886 3804 in
1919 3751 2036 3805 Deo

384 3837 702 3910 duplicitas
725 3843 813 3894 est
843 3843 946 3894 aut
975 3838 1346 3910 compositio.
1381 3840 1579 3911 Neque
1611 3838 1770 3894 enim
1799 3839 1939 3910 quia
1969 3855 2036 3894 ex

386 3923 636 3990 duobus,
673 3924 894 3980 idcirco
925 3925 1226 3996 processio
1275 3923 1514 3997 duplex,
1565 3925 1668 3980 sed
1713 3926 1853 3998 quia
1883 3925 2035 3998 (Spi-

381 4013 552 4084 ritus)
587 4013 858 4084 simplex,
883 4013 1103 4068 idcirco
1136 4015 1438 4084 processio
1499 4015 1775 4086 simplex,
1827 4014 2035 4070 eadem

387 4103 564 4156 aliam
585 4107 761 4172 atque
785 4101 962 4155 aliam
983 4101 1042 4154 in
1065 4102 1275 4156 eodem
1297 4103 1522 4158 habens
1537 4103 2037 4169 relationem,me'

387 4190 547 4244 diata
579 4189 818 4258 quidem
852 4189 1142 4243 exsistens
1175 4196 1468 4260 quatenus
1501 4208 1569 4246 ex
1599 4193 1792 4260 Patre,
1825 4193 2036 4248 imme-

387 4280 548 4334 diata
576 4296 710 4333 vero
735 4285 1029 4350 quatenus
1052 4296 1122 4335 ex
1144 4280 1308 4336 Filio.
1333 4282 1842 4346 Quemadmodum
1875 4285 2034 4340 enim

387 4369 633 4425 luminis
665 4369 724 4422 in
757 4385 892 4424 aere
925 4369 1158 4424 eii'ulsio
1207 4387 1276 4424 ex
1317 4369 1438 4424 sole
1470 4377 1528 4425 et
1557 4389 1631 4426 ex
1663 4371 1805 4427 solis
1853 4373 2034 4429 radiis

387 4459 690 4532 prodiens,
725 4463 782 4512 et
803 4457 1146 4513 immediate
1173 4458 1414 4529 quidem
1445 4475 1516 4513 ex
1546 4460 1748 4530 radiis,
1781 4461 2034 4518 mediate

389 4566 524 4604 vero
557 4565 627 4602 ex
659 4547 780 4603 sole
831 4547 1126 4616 (videlicet
1175 4563 1283 4618 per
1337 4547 1579 4619 radios),
1613 4553 1811 4604 tamen
1842 4567 2034 4622 neque

390 4640 516 4711 ipsa
536 4639 944 4712 duplicitatem
967 4637 1284 4710 quamdam
1305 4638 1484 4694 habet
1509 4639 1838 4696 secundum
1868 4659 2036 4699 suam

391 4729 578 4798 ipsius
611 4729 1039 4794 exsistentiam,
1071 4745 1255 4801 quum
1293 4729 1497 4785 lumen
1528 4729 1591 4784 in
1620 4746 1756 4786 aere
1786 4732 2036 4806 simplex

466 4951 580 5022 (18)
611 4952 746 5008 Cod.
789 4955 908 5010 Vat.
942 4949 1310 5014 ἔκπορεύεται.

468 5024 577 5119 (19:),
609 5025 992 5119 Νοξειλῐξιᾶξξς.
1044 5025 1306 5119 Ἐνέιαῦθε
1350 5025 1625 5119 έσοιγωγὴ
1678 5028 1864 5119 ἑτάρου
1911 5028 2038 5085 ἀτό-

392 5114 498 5175 που
516 5091 629 5175 ‘6'}:
688 5091 857 5175 διπλῇ
915 5091 1064 5175 ξᾶτριι
1119 5097 1171 5175 ἡ.
1213 5101 1310 5175 τοῦ
1353 5091 1673 5175 [lngua-"cog
1699 5091 2038 5175 ἐκπόρευσις,

390 5166 476 5292 nisi}
513 5161 602 5219 διὰ
630 5168 793 5219 τοῦτο
827 5161 1056 5219 διπλοῦν
1086 5161 1175 5220 ml
1219 5167 1282 5221 τὸ
1313 5161 1554 5244 Πνεῦμᾶ,
1586 5169 1678 5225 καὶ
1709 5161 1846 5246 πρὸς
1872 5161 2042 5229 ταῦτᾶ

433 5257 570 5292 υσις.

433 5257 570 5299 υσις.

461 5483 555 5558 (τι)Δ
574 5483 746 5558 Νοιιιἶ
777 5481 1057 5558 Hicaliud
1077 5481 1401 5558 absurdum
1430 5484 2040 5558 inducitur,nimirum

391 5555 692 5631 duplicem
723 5555 858 5631 fo_re_
878 5554 1138 5631 Spiritus
1159 5556 1350 5631 sancti
1381 5554 1844 5631 processionem,
1876 5561 2040 5619 ideo-

395 5625 510 5704 que
540 5625 719 5686 etiam
764 5625 1047 5700 Spiritum
1103 5625 1420 5708 duplicem.
1455 5631 1524 5689 Et
1553 5631 1628 5688 ad
1658 5631 1770 5695 hoc
1801 5625 2038 5691 solutio.

2144 3657 2234 3713 καὶ
2290 3655 2468 3712 ἁπλοῦ
2517 3653 2672 3717 ὄντος
2712 3659 2810 3711 τοῦ
2869 3659 3184 3728 Πνεῦματος
3238 3656 3328 3720 ὡς
3383 3663 3556 3714 Θεοῦ’
3612 3654 3845 3730 οὖδεμία

2145 3747 2249 3822 γὰρ
2299 3743 2353 3800 ἐν
2405 3749 2520 3818 Θεῷ
2578 3741 2782 3816 διπλόη
2833 3743 2868 3814 ἢ
2919 3747 3029 3817 (20)
3079 3745 3363 3807 σῦνθεσις.
3424 3747 3512 3808 Οὖ
3564 3747 3672 3824 γὰρ
3705 3740 3840 3800 διότι

2144 3834 2206 3892 ἐκ
2246 3832 2418 3900 δυοῖν,
2465 3829 2556 3888 διὰ
2599 3836 2760 3888 τοῦτο
2805 3829 3000 3904 διπλῆ,
3058 3831 3206 3888 ἀλλὰ
3255 3831 3420 3892 διότι
3480 3835 3731 3906 ἁπλοῦν,
3764 3830 3852 3890 διὰ

2143 3929 2305 3982 τοῦτο
2355 3921 2529 3994 ἁπλῆ,
2575 3926 2609 3994 ἡ
2654 3922 2788 3993 αῦτή
2829 3921 3006 3993 ἄλλην
3043 3922 3132 3978 καὶ
3179 3921 3380 3996 ἄλλην
3416 3926 3486 3984 ἐκ
3515 3931 3710 4000 ταυτῷ
3752 3925 3849 3992 τήν

2146 4014 2332 4094 σχὲσιν
2390 4009 2594 4092 ἔχουσα
2657 4011 2747 4067 καὶ
2813 4009 2943 4068 οὖσα
3000 4007 3242 4086 ἔμμεσος
3319 4016 3430 4089 μὲν
3496 4017 3582 4081 ὠς
3639 4015 3705 4074 ὲκ
3753 4017 3850 4072 τοῦ

2145 4105 2379 4180 Πατρὸς,
2425 4104 2624 4174 ἅμεσος
2657 4099 2712 4156 δὲ
2755 4101 2829 4162 ὡς
2876 4099 2938 4156 ἐκ
2971 4105 3069 4156 τοῦ
3117 4101 3270 4162 Υῑοῦ,
3333 4108 3626 4180 Καθάπερ
3671 4107 3776 4182 γὰρ
3817 4105 3850 4172 ἡ

2145 4192 2205 4249 ἐκ
2232 4197 2311 4265 τῷ
2341 4191 2461 4266 ἀὲρι
2508 4195 2606 4246 τοῦ
2655 4191 2837 4270 φωτὸς
2885 4188 3095 4264 λάμψις
3141 4191 3256 4263 (21)
3297 4191 3368 4248 ἐκ
3399 4200 3512 4250 τοῦ
3549 4194 3733 4266 ἡλίου
3765 4189 3858 4250 καὶ

2141 4286 2249 4338 τῶν
2313 4283 2560 4352 ἡλιακῶν
2627 4277 2857 4334 ἀκτίνων
2917 4281 3204 4352 προϊοῦσα,
3280 4282 3386 4336 καὶ
3467 4283 3712 4359 ἀμέσως
3766 4286 3861 4355 μὲν

2142 4369 2202 4427 ἐκ
2236 4376 2344 4426 τῶν
2394 4368 2646 4439 ἀκτίνων,
2693 4367 2948 4442 ἐμμὲσως
2999 4367 3055 4424 ὀὶ
3104 4366 3164 4424 ἐκ
3205 4374 3316 4426 τοῦ
3369 4372 3562 4442 ἡλίου
3594 4371 3720 4450 (διᾶ
3748 4375 3861 4428 τῶν

2143 4461 2372 4518 ἀκτίνων
2428 4459 2574 4536 γὰρ),
2634 4454 2788 4530 ὅμως
2843 4453 2967 4513 οὔτε
3026 4457 3160 4526 αὐτὴ
3220 4455 3502 4534 διπλόην
3572 4459 3704 4540 ἔχει
3746 4461 3866 4519 τινὰ

2141 4550 2277 4606 κατᾶ
2323 4551 2423 4618 τὴν
2469 4549 2660 4618 ἑαυτῆς
2707 4545 2931 4622 ὕπαρξιν
2963 4543 3194 4621 (ἁπλοῦν
3246 4549 3374 4624 γὰρ
3426 4553 3499 4607 τὸ
3532 4552 3591 4607 ἐν
3627 4557 3714 4626 τῷ
3742 4551 3868 4630 ἀέρι

2143 4643 2257 4719 φῶς
2298 4637 2390 4692 καὶ
2437 4636 2739 4691 ἀσυνθετον.
2791 4633 2880 4696 Τίς
2919 4635 3022 4712 γὰρ
3069 4637 3104 4705 ἡ
3155 4635 3384 4694 τούτου
3425 4641 3746 4711 σύνθεσιςς
3779 4639 3870 4697 καί

2143 4728 2204 4785 ἐκ
2250 4726 2412 4784 τίνων
2462 4725 2758 4803 σύγκειται,
2805 4723 3029 4802 φράσον,
3074 4725 3136 4779 τὸ
3183 4730 3364 4802 φῶςς
3434 4729 3589 4787 ἀλλ’
3647 4729 3784 4786 οὐδὲ
3834 4730 3872 4798 ἠ

2349 4947 2988 5101 ἐείξὲἒεῐιεφῐιροιοδὶε
3035 5023 3467 5101 comparatio.
3533 5027 3695 5085 Vide
3731 5029 3883 5083 Bec—

2139 5088 3050 5218 $171111,orat._2,injustadepos.
3099 5088 3227 5161 cap.
3298 5093 3407 5164 13,
3458 5113 3521 5170 3.
3586 5116 3650 5154 ο.
3711 5115 3778 5167 ιι,
3808 5114 3868 5170 p.

2234 5178 2359 5232 seq.

2137 5487 2550 5616 (ὶῖὲὲδῖἓιὶιιω,
2599 5492 2681 5549 De
2737 5491 2936 5563 Spirit.
2983 5493 3163 5548 sancti
3209 5503 3671 5571 mystagogia,
3749 5516 3891 5573 cap.
