4150 6292
355 412 455 471 N3
1365 406 1467 466 DE
1512 402 2049 468 PROCESSIONE
2090 403 2451 468 SPIBITUS
2496 405 2792 470 SANCTI.
3663 414 3781 474 194

368 565 542 600 τουτου
570 541 823 621 πρόοδος
858 538 1060 613 διπλῆ,
1091 541 1269 596 καίτοι
1302 537 1398 594 δύο
1428 537 1495 594 τὰ
1537 536 1587 608 ἐξ
1646 538 1720 592 ὧν
1786 539 1821 607 ἡ
1880 535 2015 612 πρό-

2133 538 2203 592 sit
2225 543 2283 593 et
2335 542 2784 612 compositionis
2840 562 3052 618 expers
3086 564 3098 614 ;
3135 562 3409 618 quaenam
3445 547 3603 601 enim
3655 548 3782 619 ejus

382 632 504 700 060;,
540 634 568 690 ὃ
605 633 780 704 ἣλιος
811 632 909 688 καὶ
942 634 979 701 ἡ
1016 628 1193 700 ἀκτὶς,
1226 625 1370 684 οὕτω
1399 628 1490 683 καὶ
1521 629 1556 697 ἡ
1589 626 1649 682 ἐκ
1678 629 1775 682 τοῦ
1803 626 2014 702 Πατρὸς

377 724 653 781 καἰᾶτοῦ
706 724 845 778 Υἳοῦ
918 718 1249 795 ἐκπόρευσις
1317 715 1467 785 ἁπλῆ
1521 717 1638 771 καθ’
1690 716 1907 784 ἑαυτήν,
1968 715 2013 768 εἷ

375 815 446 870 καί
497 810 597 868 δῦο
663 809 947 887 πρόσωπά
997 807 1108 864 ἐστι
1163 808 1231 863 τὰ
1286 805 1338 877 ἐξ
1385 806 1483 874 ὧν,
1558 804 1648 860 καὶ
1678 805 1741 859 τὸ
1796 807 2015 877 Πνεῦμα

371 904 583 960 ἆπΛοῦν.
619 900 860 964 Ἀλλως
906 920 968 956 τε
1025 899 1072 954 εὶ
1128 896 1369 962 σύνθεσίς
1417 916 1500 959 τις
1545 897 1831 970 ἓθεωρεῒτο
1888 893 2013 968 περὶ

370 995 447 1048 τὸν
479 991 697 1067 Πατέρα
724 991 826 1045 καὶ
856 991 952 1044 τὸν
1009 989 1151 1057 Υἱὸν,
1211 985 1260 1056 ἐξ
1321 988 1396 1041 ὧν
1453 987 1488 1056 ἡ
1549 984 1889 1057 ἐκπόρευσις,
1945 982 2013 1053 ἦν

368 1079 668 1137 ἄνδιπλοῦν
733 1079 831 1135 καὶ
905 1077 1152 1133 σύνθετον
1221 1076 1413 1131 καὶτὸ
1471 1073 1521 1148 ἐξ
1564 1072 1764 1141 αὐτῶν,
1808 1071 2012 1143 διπλόη

371 1170 420 1227 δὲ
446 1173 534 1227 καὶ
561 1170 693 1245 περὶ
727 1171 832 1239 τήν
873 1166 1214 1239 ἐκπόρευσιν,
1248 1165 1363 1220 ἐπεὶ
1423 1161 1481 1219 δὲ
1519 1165 1547 1218 6
1598 1166 1785 1237 Πατὴρ
1839 1163 1929 1218 καὶ
1987 1163 2014 1217 6

365 1261 475 1325 Υἱὸς
510 1257 566 1315 ἓν
604 1257 741 1315 ὅντα
772 1259 893 1313 κατ’
925 1254 1221 1312 οὐσίανκαὶ
1254 1254 1305 1309 ἐν
1367 1251 1643 1325 ἀλλήλοις
1698 1253 2016 1328 ὑπάρχοντα

364 1348 487 1406 κατὰ
539 1349 607 1404 τὸ
670 1347 829 1423 Ἐγὼ
872 1344 924 1401 ἐν
979 1350 1060 1417 τῷ
1112 1342 1283 1420 ῙΙατρὶ
1332 1342 1420 1398 καὶ
1474 1343 1503 1397 6
1550 1343 1741 1415 Ηατήρ
1792 1340 1845 1396 ἐν
1891 1339 2016 1415 ἐμοὶ

353 1442 481 1512 (22},
532 1435 804 1513 οὐδεμίαν
840 1433 1082 1490 σὺνθεσιν
1139 1431 1286 1508 ἔχειν
1340 1437 1543 1488 νοεῖται
1601 1431 1738 1500 πρὸς
1792 1428 2017 1501 ἄλληλα

357 1529 503 1603 (ὑπὲρ
554 1527 821 1598 σῦνθαξιν
872 1524 977 1599 γὰρ
1033 1526 1069 1592 ἡ
1127 1523 1317 1593 ἑνότης
1364 1520 1582 1594 αὐτῶν),
1642 1518 1708 1575 οὒ
1778 1518 2020 1585 σύνθεσίς

345 1617 482 1673 ἐστιν
543 1619 577 1685 ἡ
654 1615 763 1669 τοῦ
834 1614 1055 1687 Ηατρὸς
1109 1610 1197 1666 καὶ
1254 1614 1352 1666 τοῦ
1410 1610 1548 1668 Τὶοὖ
1600 1608 1841 1682 σύνταξις
1926 1606 2017 1678 (ἦν

339 1709 435 1784 γὰρ
464 1704 529 1762 ἄν
562 1703 668 1761 na?
724 1705 764 1773 ἡ
800 1709 906 1771 τῆς
946 1700 1086 1771 ’ὀλης
1152 1697 1385 1776 Τριάδος
1445 1698 1684 1769 σύνταξις
1735 1698 2018 1766 σύνθεσις),

335 1794 453 1852 οὐδὲ
521 1798 559 1864 ἡ
630 1794 692 1865 ἐξ
762 1791 978 1869 ἀμφοῖν
1037 1788 1310 1865 λεγομένῃ
1367 1788 1496 1863 παρ’
1532 1790 1694 1860 ἡμῶν
1722 1790 1820 1841 τοῦ
1851 1785 2021 1842 Ηνεύ-

2124 626 2278 682 foret
2306 631 2656 701 compositio
2677 632 2781 687 ?et
2811 650 2883 689 ex
2933 636 3317 705 quibusnam,
3376 652 3599 707 quaeso,
3659 636 3781 690 ele-

2125 716 2343 771 mentis
2402 721 2783 790 componitur
2837 722 3098 779 lumen?
3148 741 3342 795 neque
3397 724 3574 779 etiam
3598 724 3782 796 ipsius

2123 806 2458 875 progressio
2517 807 2731 881 duplex
2773 817 2880 881 est,
2944 813 3084 868 licet
3140 814 3255 868 duo
3288 815 3428 883 sint,
3470 830 3541 868 ex
3569 814 3784 885 quibus

2122 895 2555 966 progrediatur,
2588 898 2675 953 sol
2734 901 3020 957 nimirum
3080 910 3136 957 et
3181 902 3421 957 radius:
3450 903 3531 956 ita
3564 908 3621 957 et
3643 920 3775 973 pro-

2126 983 2314 1037 cessio
2348 1000 2419 1038 ex
2450 987 2622 1041 Patre
2656 993 2831 1059 atque
2860 1008 2929 1045 ex
2966 992 3113 1045 Filio
3145 991 3400 1063 simplex
3433 996 3525 1046 est
3573 1009 3787 1047 secun-

2125 1068 2264 1125 dum
2297 1071 2576 1145 seipsam,
2610 1076 2747 1132 licet
2778 1079 2907 1133 duae
2938 1096 3210 1150 personae
3246 1081 3385 1147 sint,
3438 1098 3507 1135 ex
3562 1081 3782 1151 quibus

2125 1160 2424 1229 processio
2460 1161 2581 1231 flat,
2621 1171 2680 1219 et
2710 1167 2835 1237 ipse
2859 1167 3109 1239 Spiritus
3132 1169 3710 1240 simplex.Pra3terea
3732 1170 3783 1226 si

2126 1250 2478 1319 compositio
2511 1254 2783 1323 quaedam
2816 1259 3243 1313 cernereturin
3274 1261 3447 1315 Patre
3503 1265 3561 1314 et
3615 1260 3783 1327 Filio,

2127 1351 2198 1390 ex
2223 1337 2439 1406 quibus
2470 1344 3019 1417 processio,duplex
3037 1364 3276 1419 quoque
3301 1353 3359 1403 et
3383 1349 3781 1420 compositum

2124 1421 2280 1480 foret
2297 1425 2357 1480 id
2379 1427 2539 1497 quod
2556 1446 2628 1484 ex
2647 1431 2797 1503 ipsis
2816 1434 3102 1505 procedit,
3125 1440 3182 1490 et
3203 1436 3520 1506 duplicitas
3544 1453 3781 1508 quoque

2130 1520 2286 1569 esset
2314 1516 2376 1571 in
2408 1522 2809 1589 processione.
2833 1526 3123 1590 Quoniam
3151 1543 3289 1582 vero
3315 1529 3488 1583 Pater
3524 1532 3582 1582 et
3603 1527 3784 1582 Filius

2130 1619 2266 1658 cum
2289 1621 2477 1661 unum
2500 1609 2620 1665 sint
2648 1614 2977 1669 secundum
3013 1616 3333 1671 essentiam
3368 1621 3425 1671 et
3476 1617 3537 1671 in
3580 1634 3641 1672 se
3692 1616 3786 1671 in-

2129 1690 2317 1746 vicem
2350 1695 2639 1753 exsistant
2663 1702 2991 1757 secundum
3021 1705 3237 1759 Christi
3289 1705 3465 1761 verba
3501 1722 3513 1759 :
3563 1706 3673 1774 Ego
3722 1708 3782 1759 in

2127 1781 2295 1836 Patre
2319 1790 2369 1837 et
2386 1785 2554 1841 Pater
2582 1790 2641 1843 in
2670 1807 2772 1859 me,
2797 1791 3022 1847 nullam
3057 1793 3132 1848 ad
3179 1794 3430 1849 invicem
3489 1794 3786 1865 composi-

339 1907 513 1962 ματος
589 1879 829 1943 πόοδος
868 1868 1160 1945 σύνθετος,
1207 1875 1330 1933 οὐδὲ
1392 1877 1456 1933 τὸ
1504 1879 1722 1950 Ηνεῦμιο
1779 1873 2018 1938 ἐντεῦθεν

371 1978 381 1986 ι
425 1977 446 1986 Α
608 1969 672 1986 HI.
883 1968 895 1986 Ι
958 1968 1025 1986 n'l
1215 1966 1230 1986 ἱ
1322 1970 1349 1981 ν
1568 1966 1581 1984 \
1653 1971 1688 1986 Α
1724 1965 1740 1983 κ
1841 1961 1930 1986 ΩΪῘῚ
1953 1966 2020 1986 3⁸..

2133 1868 2354 1925 tionem
2379 1873 2597 1931 habere
2640 1884 2973 1936 noscuntur
3031 1881 3191 1953 (nam
3251 1899 3431 1953 super
3485 1882 3786 1953 composi-

326 1961 576 2034 σύνθεσιν
608 1969 734 2045 Ege:
768 1968 919 2024 τινά.
956 1968 1115 2026 Οὖτω
1143 1966 1233 2022 καὶ
1282 1970 1389 2021 τῶν
1458 1966 1593 2038 μετὰ
1650 1965 1777 2020 Θεὸν
1832 1961 2021 2018 ἁπλῶν

325 2068 526 2124 οὐσιῶν
559 2067 603 2135 ἠ
644 2061 923 2137 ἐνέργεια
955 2058 1018 2113 οὗ
1042 2057 1309 2125 σύνθετος,
1377 2052 1518 2110 διότι
1578 2053 1637 2110 ἐκ
1684 2061 1788 2123 τῆς
1839 2052 2022 2116 οὐσίας

317 2160 402 2215 καί
452 2157 516 2213 ἐκ
581 2160 703 2223 τῆς
774 2149 955 2220 αὐτῆς
1008 2149 1122 2222 (23)
1182 2144 1463 2219 δυνάμεως
1548 2144 1813 2219 πρόεισιν,
1897 2140 2025 2197 οὐδὲ

318 2252 351 2317 ἦ
416 2254 522 2318 τῆς
608 2240 918 2315 ἐνεργείας
1009 2237 1060 2308 ἐξ
1126 2238 1328 2313 ἀμφοῖν
1409 2232 1646 2308 πρόοδος
1748 2234 2021 2295 σύνθετος.

320 2337 421 2397 Καὶ
479 2337 597 2413 γὰρ
671 2328 821 2387 οὐδὲ
893 2330 929 2397 ἡ
990 2324 1310 2401 συνύπαρξις
1364 2330 1467 2393 τῆς
1524 2322 1712 2383 οὐσίης
1768 2322 1863 2377 καὶ
1927 2327 2026 2390 τῆς

323 2409 612 2500 δυνάμεώς
639 2423 944 2487 σύνθεσις,
974 2418 1077 2473 Ἦν
1105 2414 1210 2492 γὰρ
1254 2412 1315 2469 ἄν
1372 2411 1602 2487 οὒδεμία
1659 2412 1815 2467 οὐσία
1872 2409 2024 2480 ἁπλῆ

329 2513 414 2572 διὰ
441 2518 504 2572 16
538 2517 627 2590 μή
656 2511 817 2567 εἶναι
855 2510 982 2562 ἄνευ
1025 2502 1327 2577 δυνάμεως
1360 2500 1518 2558 οὐδὲν
1571 2503 1675 2578 γὰρ
1721 2501 1868 2563 ὅλως
1915 2505 2024 2555 τῶν

332 2604 497 2660 δντων
528 2588 846 2675 ἆδύναμον
906 2597 1019 2670 (24)
1065 2594 1201 2649 κατᾶ
1245 2594 1336 2648 τὸν
1375 2593 1542 2670 σοφὸν
1595 2589 1897 2647 Διονύσιον.
1958 2588 2022 2646 Εἰ

342 2691 399 2747 δὶ
423 2693 512 2748 επὶ
546 2698 665 2747 τῶν
706 2686 868 2763 μετὰ
900 2685 1032 2741 Θεὸν
1060 2684 1095 2753 ἡ
1128 2682 1187 2738 ὲκ
1227 2679 1374 2737 δυοῖν
1423 2678 1661 2758 πρόοδος
1715 2677 1838 2735 οὔτε
1885 2676 2020 2746 αὐτή

354 2778 593 2839 σὺνθετὸς
651 2777 844 2843 ἔστιν,
904 2768 1031 2826 οὔτε
1057 2769 1120 2824 τὸ
1177 2769 1588 2845 προερχόμενον
1634 2764 1868 2822 δείκνυσι
1902 2765 2021 2821 σόν-

359 2878 529 2933 θετον,
563 2868 723 2940 πόσῳ
759 2860 997 2937 μᾶλλον
1038 2857 1127 2914 ἐπὶ
1166 2862 1304 2913 Θεοῦ
1336 2876 1350 2927 ;
1385 2861 1575 2931 Δῶμεν
1600 2853 1678 2929 δὲ,
1711 2856 1754 2912 εἰ
1808 2855 2020 2931 βούλει,

351 2956 436 3011 καί
492 2954 705 3026 διπλῆν
777 2955 942 3024 ἡμᾶς
998 2950 1235 3004 τίθεσθαι
1290 2945 1755 3022 τὴνέκπύρευσιν,
1787 2945 1879 3000 καὶ
1925 2945 2025 3014 τήν

346 3046 442 3118 μὲν
479 3044 543 3100 ἐκ
587 3048 697 3100 τοῦ
764 3038 1016 3114 Ι-Ιατρὸς,
1072 3038 1171 3106 τὴν
1224 3033 1281 3092 δὲ
1334 3035 1394 3092 ἐκ
1430 3039 1526 3091 τοῦ
1569 3036 1722 3105 Υἱοὶ),
1774 3036 1874 3106 τήν
1931 3035 2026 3107 μὲν

339 3134 608 3210 ἔμμεσον,
665 3135 779 3203 τήν
861 3126 925 3184 δὲ
981 3125 1200 3200 ἄμεσον,
1261 3123 1385 3182 ἀλλ’
1437 3121 1562 3181 οὐδὲ
1616 3124 1758 3180 οὕτω
1818 3122 2021 3196 διπλόη

342 3227 466 3302 περὶ
497 3226 561 3280 16
604 3222 866 3295 Ηνεῦμοι,
901 3214 1031 3273 οὐδὲ
1075 3213 1165 3271 διὰ
1193 3220 1353 3272 τοῦτο
1411 3216 1662 3278 σύνθετος
1709 3212 1860 3270 ἓσται
1926 3219 2023 3271 τοῦ

850 3274 1189 3381 ἓκπόρευσις.
1266 3304 1397 3378 Ηερὶ
1469 3303 1574 3380 γὰρ
1648 3274 1756 3374 *τὴν
1833 3304 2023 3359 οὐσίαν
2054 3274 2097 3342 C

356 3406 543 3471 ταῦτα,
577 3400 723 3478 οὐχὶ
756 3397 901 3453 κατὰ
929 3397 1032 3464 τὴν
1084 3393 1293 3466 οὐσίαν,
1347 3395 1382 3464 ἠ
1442 3391 1752 3469 ἇγεννησία,
1810 3395 1844 3463 ἡ
1902 3400 2020 3467 γέν.

355 3512 506 3560 νησις
531 3490 626 3546 καὶ
660 3491 700 3558 ἡ
756 3486 1106 3561 ὲκπόρευσις,
1148 3481 1237 3538 καὶ
1293 3482 1638 3538 ὕποστάσεων
1692 3479 2021 3558 διακριτικὰ,

366 3580 424 3633 οὔ
451 3577 707 3652 τμητικὰ
732 3575 979 3655 φύσεως,
1012 3572 1102 3627 καὶ
1124 3569 1281 3627 οὐδὲν
1315 3568 1520 3627 ἄτοπον
1565 3568 1665 3626 δύο
1728 3564 1876 3647 ἔχειν
1926 3572 2023 3634 τὰς

367 3665 645 3737 ἰδιότητας
698 3665 766 3721 τὸ
819 3661 1055 3718 ἁπλοῦν.
1106 3663 1208 3719 Καέ
1264 3661 1368 3737 γὰρ
1442 3661 1529 3716 καὶ
1589 3662 1618 3715 6
1683 3664 1866 3737 Πατήρ
1933 3662 2024 3717 καὶ

377 3759 563 3833 Harl]?
620 3756 737 3811 ἐστι
791 3752 884 3807 καὶ
935 3745 1266 3821 προϐολεὺς,
1324 3751 1412 3805 καὶ
1472 3748 1700 3824 οὐδεμία
1785 3751 2023 3814 σύνθεσίς

384 3843 518 3900 ἑστιν
573 3844 627 3900 ἒν
687 3843 859 3915 αὐτῷ·
919 3840 1013 3896 καὶ
1063 3836 1249 3902 ἄλλως
1299 3836 1358 3894 δὲ
1394 3840 1456 3895 τὸ
1518 3833 1757 3913 ἔμμεσον
1816 3841 1907 3895 καὶ
1961 3841 2025 3897 τὸ

382 3932 577 4007 ἄμεσον
628 3935 851 4009 σχέσεις
907 3927 1045 3992 τινές
1085 3929 1242 3999 εἰσιν,
1288 3932 1323 3999 ἡ
1388 3928 1444 3986 δὲ
1508 3927 1770 4009 διάφορος
1838 3931 2026 4008 σχέσις

386 4023 615 4078 σύνθεσιν
649 4024 748 4078 οὐκ
779 4021 1086 4097 ἐργάζεται.
1118 4023 1295 4095 Τριῶν
1339 4020 1440 4094 γὰρ
1500 4018 1691 4098 ἐφεξῆς
1746 4019 2025 4092 ἀλλήλαις

390 4107 703 4185 ἐκκειμένων
768 4107 1026 4183 μονάδων
1076 4109 1202 4185 φέρε
1269 4106 1438 4164 εἰπεῖν
1508 4111 1543 4179 ἡ
1638 4111 1833 4182 μεταξὺ
1915 4115 2025 4167 τῶν

398 4195 564 4273 ἄκρων
616 4201 754 4276 πρὸς
801 4199 898 4273 μὲν
937 4200 1041 4267 τήν
1081 4197 1305 4272 πρώτην
1366 4193 1482 4276 ἔχει
1534 4195 1782 4274 δευτέραν
1854 4199 2024 4271 τάξιν,

404 4288 527 4357 πρὸς
549 4290 606 4344 τὶ
628 4291 726 4359 τὴν
755 4289 969 4364 τρίτην,
1019 4286 1266 4359 πρώτην·
1312 4287 1402 4342 καὶ
1447 4288 1530 4342 δτι
1577 4287 1768 4361 πρώτη
1820 4310 1879 4343 τε
1935 4289 2026 4345 καὶ

413 4369 668 4452 δευτεραὴ
701 4379 865 4448 αὐτὴ,
921 4373 1017 4431 διὰ
1058 4379 1220 4430 τοῦτο
1279 4374 1343 4429 οὐ
1399 4377 1672 4439 σύνθετος.
1731 4377 1833 4434 Καὶ
1893 4379 2028 4453 πρὸς

416 4462 501 4533 μὶν
535 4468 624 4536 τήν
656 4468 876 4543 πρώτην
937 4469 1140 4521 νοεῖται
1209 4465 1379 4540 τυχὸν
1433 4466 1496 4521 τὸ
1573 4463 1745 4536 δεξιὸν
1821 4464 2025 4546 ἔχουσα

415 4549 577 4625 μέρος,
605 4557 737 4630 πρὸς
786 4554 845 4611 δὲ
893 4555 993 4624 τὴν
1045 4550 1291 4629 δευτέραν
1341 4554 1404 4610 τὸ
1444 4555 1745 4628 εὐώνυμον,
1794 4556 1883 4611 καὶ
1941 4557 2026 4612 ’ὁτι

2134 1974 2272 2013 nem
2300 1976 2543 2019 omnem
2575 1973 2665 2022 est
2696 1984 2901 2024 eorum
2939 1971 3181 2042 unitas),
3214 1971 3383 2028 nulla
3437 1972 3786 2043 compositio

2134 2053 2225 2102 est
2253 2050 2441 2106 Patris
2475 2058 2533 2108 et
2552 2055 2680 2111 Filii
2707 2059 3050 2131 conjnnctio
3083 2066 3143 2115 et
3181 2060 3543 2116 consociatio
3594 2064 3786 2131 (secus

2134 2135 2294 2191 enim
2325 2144 2383 2195 et
2412 2144 2593 2199 totius
2623 2147 2925 2203 Trinitatis
2958 2150 3301 2222 conjunctio
3348 2150 3501 2206 foret
3556 2166 3790 2220 compo-

2135 2224 2313 2295 sitio),
2347 2244 2542 2302 neque
2598 2252 2728 2305 quas
2787 2254 2821 2291 a
2876 2237 3052 2293 nobis
3107 2239 3394 2294 asseritur
3435 2239 3686 2310 Spiritus
3719 2254 3789 2293 ex

2132 2318 2385 2387 utroque
2402 2324 2701 2390 processio
2724 2328 3275 2399 composita,neque
3294 2329 3548 2399 Spiritus
3571 2327 3786 2383 exinde

2134 2403 2396 2476 aliquam
2440 2409 2683 2468 habebit
2746 2418 3259 2489 compositionem.
3294 2419 3515 2475 Eodem
3548 2434 3785 2489 quoque

2131 2499 2302 2563 pacto
2336 2498 2806 2560 substantiarum
2837 2507 3201 2578 simplicium
3249 2514 3585 2564 creatarum
3643 2525 3786 2579 ope-

2133 2584 2281 2639 ratio
2315 2603 2433 2644 non
2468 2597 2557 2646 est
2580 2602 2893 2666 propterea
2913 2598 3411 2669 composita,quia
3434 2616 3504 2653 ex
3528 2599 3789 2653 essentia

2134 2689 2192 2738 et
2249 2678 2377 2750 ejus
2426 2683 2691 2751 potentia
2730 2685 3018 2755 procedit,
3052 2702 3245 2757 neque
3305 2687 3668 2758 operationis
3719 2703 3790 2740 ex

2132 2776 2383 2841 utraque
2406 2771 2739 2841 progressio
2771 2774 3134 2845 composita;
3168 2791 3364 2845 neque
3395 2776 3556 2830 enim
3580 2791 3785 2830 essen-

2133 2860 2230 2915 tiae
2262 2864 2321 2914 et
2348 2858 2627 2930 potentiae
2665 2861 3056 2917 coexistentia
3087 2863 3438 2934 compositio
3471 2869 3580 2931 est,
3615 2881 3785 2919 secus

2134 2948 2301 3004 nulla
2322 2947 2653 3003 substantia
2677 2948 2830 3004 foret
2861 2949 3133 3022 simplex,
3171 2953 3309 3023 quia
3332 2952 3497 3008 nulla
3521 2953 3651 3009 sine
3673 2971 3781 3025 po-

2134 3037 2321 3093 tentia
2351 3041 2442 3091 est
2482 3054 2496 3105 ;
2525 3037 2676 3092 nihil
2703 3038 2862 3093 enim
2896 3055 3101 3095 eorum
3121 3058 3252 3112 quin
3286 3046 3517 3111 sunt,ut
3548 3043 3787 3114 sapiens

2133 3126 2450 3199 Dionysius
2481 3126 2878 3199 ait,potentiae
2902 3135 2993 3185 est
3024 3132 3319 3203 expers.Si
3351 3149 3487 3187 vero
3515 3133 3578 3187 in
3612 3131 3787 3187 rebus

2136 3217 2348 3273 creatis
2378 3218 2711 3290 progressio
2733 3233 2802 3273 ex
2823 3218 3052 3276 duobus
3083 3238 3278 3294 neque
3310 3223 3437 3294 ipsa
3461 3222 3786 3294 composita

2137 3312 2246 3375 est,
2278 3323 2475 3377 neque
2528 3307 2685 3379 quod
2744 3309 2882 3365 inde
2931 3312 3308 3384 progreditur
3393 3314 3788 3385 compositum

2136 3396 2413 3463 ostendit,
2443 3402 2664 3467 quanto
2716 3399 2903 3471 magis
2963 3401 3026 3455 in
3059 3402 3177 3458 Deo
3209 3403 3269 3457 id
3300 3402 3499 3459 locum
3560 3402 3738 3457 habet
3768 3400 3782 3455 ἔ

2136 3485 2350 3540 Demus
2366 3485 2641 3554 autem,si
2653 3487 2824 3553 vis,et
2840 3487 3138 3560 duplicem
3155 3508 3262 3546 nos
3274 3508 3538 3546 asserere
3553 3507 3787 3562 proces-

2138 3574 2388 3642 sionem,
2424 3578 2482 3627 et
2496 3573 2746 3630 alteram
2783 3576 3023 3646 quidem
3047 3594 3115 3632 ex
3138 3580 3331 3645 Patre,
3365 3579 3613 3634 alteram
3647 3595 3784 3633 vero

2139 3678 2206 3717 ex
2229 3661 2395 3726 Filio,
2438 3661 2604 3717 illam
2640 3663 2982 3735 mediatam,
3016 3666 3169 3721 hanc
3193 3683 3325 3721 vero
3349 3666 3786 3737 immediatam,

2137 3766 2330 3820 neque
2362 3750 2444 3805 sic
2501 3750 2561 3804 in
2588 3750 2809 3821 Spiritu
2840 3752 2954 3807 erit
2974 3753 3314 3824 duplicitas,
3336 3771 3530 3826 neque
3561 3754 3783 3811 idcirco

2139 3838 2467 3909 composita
2482 3838 2734 3909 Spiritus
2756 3841 3248 3911 processio.Circa
3277 3844 3599 3899 essentiam
3626 3845 3787 3899 enim

2140 3929 2266 3985 hmo
2324 3932 2482 3993 sunt,
2515 3944 2636 3982 non
2691 3928 3019 3984 secundum
3075 3932 3414 3996 essentiam,
3458 3933 3783 3988 innascibi-

2138 4018 2296 4087 litas,
2329 4019 2630 4092 generatio
2663 4022 2721 4074 et
2748 4020 3072 4090 processio,
3106 4027 3162 4075 et
3226 4039 3614 4093 personarum
3665 4023 3787 4077 dis-

2136 4108 2399 4177 tinctiva,
2458 4124 2577 4162 non
2633 4112 2859 4163 naturas
2910 4108 3268 4179 dissectiva;
3328 4129 3522 4184 neque
3591 4111 3781 4167 ullum

2138 4198 2483 4266 absurdum,
2517 4199 2642 4253 enti
2676 4198 2931 4269 simplici
2964 4198 3109 4257 duas
3140 4200 3336 4258 inesse
3366 4203 3782 4274 proprietates.

2138 4289 2282 4344 Nam
2315 4292 2374 4342 et
2403 4292 2570 4358 pater
2601 4291 2688 4342 est
2718 4292 2843 4342 tum
2868 4292 3034 4344 Pater
3065 4295 3190 4347 tum
3231 4292 3487 4363 spirator
3509 4296 3565 4347 et
3622 4291 3788 4347 nulla

2136 4377 2198 4432 in
2228 4377 2358 4449 ipso
2400 4375 2776 4446 compositio.
2811 4378 3103 4434 Praeterea
3130 4380 3453 4434 mediatum
3486 4385 3544 4434 et
3574 4381 3785 4434 imme-

2139 4465 2361 4521 diatum
2386 4465 2706 4521 relationes
2741 4467 3010 4537 qumdam
3043 4475 3181 4523 sunt
3212 4488 3226 4539 ;
3271 4469 3504 4525 diversa
3524 4486 3658 4524 vero
3692 4487 3783 4523 re-

2138 4554 2279 4610 latio
2296 4571 2416 4610 non
2442 4554 3324 4628 importatcompositionem.Si
3351 4563 3466 4613 tres
3494 4557 3784 4613 monades

408 4639 441 4707 ἡ
468 4642 590 4714 αὐτή
625 4643 766 4717 δεξιὰ
794 4645 885 4700 καὶ
914 4644 1226 4717 εὐώνυμος,
1272 4644 1334 4700 οὐ
1392 4641 1480 4699 διὰ
1534 4649 1698 4700 τοῦτο
1753 4644 2021 4702 ἀπόλλυσι

2133 4642 2301 4715 juxta
2332 4660 2414 4711 se,
2437 4659 2557 4698 una
2581 4649 2712 4714 post
2741 4644 2940 4714 aliam,
2974 4646 3180 4717 positm
3229 4647 3465 4714 fuerint,
3525 4662 3595 4701 ea
3651 4663 3783 4716 quae

402 4730 494 4799 τήν
555 4733 747 4790 οἰκείαν
805 4734 1121 4803 ἁπλότητα.
1188 4732 1361 4791 Πάλιν
1421 4734 1618 4805 ἑκάστη
1684 4737 1793 4789 τῶν
1858 4740 2023 4811 τριῶν

403 4821 636 4887 μονάδων
667 4825 774 4900 οὐχ
813 4823 1014 4884 ἅπλῶς
1063 4822 1252 4893 μονὰς,
1292 4820 1439 4878 ἀλλὰ
1475 4829 1571 4879 καῖ
1609 4824 1756 4897 τάξιν
1799 4821 2024 4901 ἔχουσαν

398 4903 475 4964 διὸ
517 4914 550 4982 ἡ
600 4915 694 4987 μὲν
754 4915 928 4987 μονὰς
976 4915 1169 4986 πρώτη
1216 4910 1420 4988 λέγοιτ’
1448 4910 1528 4984 ἄν,
1561 4915 1597 4982 ἡ
1622 4909 1678 4967 δὲ
1712 4914 1871 4986 μέση,
1904 4916 1938 4983 ἡ
1972 4912 2029 4970 δὶ

394 4994 606 5075 ἐσχάτηι
655 5003 802 5061 ἀλλὰ
860 5002 988 5075 περὶ
1054 4998 1307 5075 οὐδεμίαν
1365 5002 1540 5058 αὐτῶν
1592 5001 1834 5067 σύνθεσις
1893 5003 2026 5058 εἶναι

392 5082 613 5163 λέγεται.
647 5092 710 5151 Εἰ
743 5093 852 5169 γὰρ
883 5090 948 5147 ἐκ
972 5094 1083 5145 τῶν
1139 5096 1263 5161 περὶ
1319 5092 1418 5162 τὴν
1468 5091 1657 5148 οὐσίαν
1717 5091 2026 5167 θεωρουμέ-

384 5198 486 5233 νων
518 5182 548 5251 ἡ
581 5180 822 5247 σύνθεσις
849 5178 1125 5254 κρίνεται,
1155 5180 1243 5234 καὶ
1274 5182 1308 5250 ἡ
1350 5178 1500 5250 ἀπλῆ
1551 5178 1816 5253 νοουμένη
1868 5180 2027 5236 οὐσία

379 5268 464 5321 καὶ
522 5273 695 5350 χωρῖς
752 5276 856 5341 τῆς
909 5269 1033 5324 κατ’
1088 5267 1255 5339 αὐτὴν
1303 5267 1565 5344 ἑνεργείας
1606 5269 1698 5324 καὶ
1757 5276 1858 5339 τῆς
1910 5269 2025 5324 ἐνυ-

373 5362 695 5437 παρχούσης
742 5357 1041 5431 δυνάμεως
1073 5353 1202 5433 ὅπερ
1258 5354 1373 5412 ἐστὶ
1423 5357 1609 5437 φανείη
1652 5355 1713 5414 ἄν
1754 5355 2024 5428 σύνθετος,

365 5443 450 5504 ὅτι
480 5469 537 5507 τε
564 5450 725 5509 οὐσία
753 5448 855 5505 καὶ
889 5445 982 5502 ὅτι
1027 5441 1198 5515 ἁπλῆ·
1232 5442 1363 5501 ἀλλ’
1394 5445 1454 5502 o5
1498 5445 1770 5511 σύνθετος.
1812 5445 1891 5505 Οὐ
1922 5449 2024 5524 γὰρ

419 5656 535 5723 (22)
564 5656 737 5715 Joan.
771 5671 837 5723 x,
864 5649 964 5723 38,
999 5663 1113 5723 xiv,
1147 5651 1230 5723 14τ

419 5658 515 5714 (22
564 5658 737 5715 Joan.
771 5671 837 5723 x,
864 5658 964 5719 38,
999 5663 1113 5715 xiv,
1147 5658 1230 5705 14.

418 5658 535 5808 (23ί
563 5730 707 5787 Cod.
742 5728 884 5783 Vat.
920 5721 970 5777 ἲ.
1005 5723 1061 5791 6,
1093 5719 1149 5778 b.
1178 5718 1366 5776 αὐτοῦ.

2138 4732 2296 4788 inter
2322 4732 2468 4786 duas
2491 4734 3009 4802 extremas,media
3030 4739 3120 4789 est
3148 4734 3221 4789 ad
3254 4735 3509 4807 primam
3541 4735 3784 4806 quidem

2139 4819 2465 4875 secundum
2498 4821 2769 4875 ordinem
2787 4821 3046 4891 habebit,
3065 4823 3249 4878 relate
3281 4842 3415 4880 vero
3447 4826 3519 4881 ad
3546 4825 3784 4881 tertiam

2136 4908 2395 4978 primum
2420 4924 2435 4973 ;
2459 4923 2652 4977 neque
2674 4907 2892 4963 idcirco
2916 4911 3243 4981 composita
3268 4913 3545 4986 erit,quia
3575 4914 3784 4970 eadem

2138 5001 2197 5051 et
2225 4996 2419 5067 prima
2443 5000 2532 5049 est
2574 5001 2631 5050 et
2660 4998 2921 5053 secunda
2957 5016 2969 5065 ;
3015 5005 3192 5071 atque
3220 5002 3402 5058 relate
3436 5003 3508 5058 ad
3541 5004 3786 5074 primam

2134 5085 2385 5143 forsitan
2442 5085 2795 5158 intelligitur
2845 5087 3149 5146 dexteram
3209 5098 3440 5163 partem
3488 5092 3785 5157 obtinens,

2135 5176 2322 5232 relate
2342 5182 2477 5229 vero
2500 5174 2576 5230 ad
2602 5176 3181 5250 secundam,partem
3208 5182 3511 5238 sinistram
3529 5186 3607 5248 ;et
3626 5177 3784 5249 quod

2135 5265 2344 5321 eadem
2376 5269 2436 5319 et
2464 5263 2710 5320 dextera
2741 5271 2799 5321 et
2828 5267 3216 5339 sinistra,non
3239 5270 3372 5326 ideo
3403 5270 3622 5325 amittit
3653 5284 3785 5338 pro-

2134 5355 2327 5426 priam
2348 5352 2803 5425 simplicitatem.
2847 5359 3102 5414 Rursum
3133 5360 3351 5429 quaavis
3412 5360 3591 5413 trium
3650 5373 3778 5411 mo-

2136 5444 2359 5501 nadum
2390 5459 2512 5499 non
2545 5443 2897 5515 simpliciter
2927 5453 3017 5503 est
3044 5464 3270 5517 monas,
3320 5464 3523 5503 verum
3581 5449 3641 5498 et
3681 5459 3783 5498 0r-

2214 5656 2327 5726 (24)
2359 5653 2503 5711 Cod.
2534 5650 2819 5711 ἀδύνατον.
