4150 6292
330 378 422 441 {‘31

1321 382 1426 444 DE
1466 380 2006 445 PROCESSIONE
2048 378 2415 446 SPIRITUS
2460 383 2765 446 SANCTI.

3630 390 3749 455 198

343 516 515 586 γεννῶν
539 513 628 568 16v
660 512 797 568 Υἳὸν
857 512 953 568 καὶ
1000 513 1062 569 τὸ
1115 518 1334 588 Πνεῦμα
1382 512 1452 571 δι’
1505 517 1672 573 αὐτοῦ
1736 510 1970 593 προϐάλς

2096 519 2278 575 ritum
2309 535 2542 590 quoque
2570 537 2674 592 per
2704 522 2899 592 ipsum
2930 522 3168 591 emittit,
3198 528 3255 578 et
3281 540 3403 579 non
3435 525 3564 581 sine
3594 528 3742 583 Filio

352 600 481 657 λεται
508 602 590 657 καὶ
630 601 737 658 οὐκ
765 599 900 658 ἄνευ
955 607 1055 658 τοῦ
1102 604 1234 659 Υἱοῦ
1271 606 1308 675 ἡ
1337 609 1436 660 τοῦ
1481 605 1802 680 Πνεύματος
1850 603 1970 680 πρό-

2092 607 2344 679 Spiritus
2377 609 2620 681 spiratio
2654 610 2981 682 perﬁcitur.

344 685 547 761 ὅλησις.

404 783 500 838 ΓΡ.
534 782 684 838 Κατᾶ
712 785 915 837 τοῦτον
959 785 1056 838 τὸν
1099 781 1262 860 λόγον
1312 785 1447 859 φαίη
1496 783 1559 840 ἄν
1613 805 1698 848 τις
1752 786 1839 840 ’ὁτι
1894 783 1985 839 καὶ

339 864 417 923 διὰ
460 874 561 924 τοῦ
617 871 940 944 Πνεύματος
989 870 1422 947 ἐκπορευομένου
1480 878 1639 949 γεννᾷ
1691 874 1784 929 τὸν
1834 873 1984 943 Υἱὸν,

332 961 414 1015 καὶ
445 960 545 1015 οῦκ
575 959 701 1017 ἄνευ
751 969 853 1032 τῆς
902 966 1003 1018 τοῦ
1056 963 1369 1037 ΙΙνεύματος
1411 963 1789 1039 ἐκπορεύσεως
1820 966 1855 1033 ἡ
1887 968 1985 1019 τοῦ

338 1049 461 1103 Υἱοῦ
493 1050 746 1126 γέννησις
778 1051 870 1105 καὶ
921 1048 1010 1120 εἴη
1062 1050 1120 1105 ἃν
1168 1051 1261 1106 καὶ
1294 1053 1322 1107 6
1352 1052 1477 1115 Υἱὸς
1525 1051 1586 1107 ἐκ
1629 1056 1727 1108 τοῦ
1769 1051 1983 1126 Πατρὸς

336 1139 418 1192 καὶ
447 1136 508 1194 ἑκ
536 1139 636 1193 τοῦ
670 1138 982 1213 Πνεύματος
1011 1140 1370 1217 γεννώμενος.

401 1230 559 1286 ΛΔΤ.
602 1228 779 1284 Ἀλλᾶ
829 1228 982 1299 τάξις
1033 1231 1122 1285 καὶ
1174 1231 1226 1285 ἓν
1278 1233 1347 1305 τῇ
1396 1229 1585 1306 Τριάδι
1641 1253 1725 1294 τις
1771 1230 1837 1301 ἢν
1901 1228 1984 1286 δεῖ

336 1315 624 1395 φυλάττειν
676 1319 847 1390 ἡμᾶς·
907 1317 1037 1393 οὐχὶ
1094 1319 1249 1398 φύσιν
1336 1319 1760 1391 ἐξαλλάττουσα,
1835 1319 1983 1375 ἀλλὰ

337 1403 593 1481 διαφορὰν
652 1406 1003 1463 ὑποστάσεων
1078 1410 1529 1487 παρεμφαίνουσα
1602 1410 1692 1465 καὶ
1746 1409 1981 1479 ἑκάστης

339 1495 685 1557 ὑποστάσεως
741 1497 1132 1569 ἀμετάπτωτον
1180 1503 1497 1573 παριστῶσα
1551 1502 1650 1568 τήν
1706 1496 1977 1569 ἰδιότητα.

331 1583 389 1640 Ὁ
418 1584 516 1656 μὲν
549 1585 647 1638 οὗν
677 1587 871 1661 Πατὴρ
912 1591 1108 1662 γεννῶν
1157 1587 1247 1641 τὸν
1281 1587 1404 1642 Υἱὸν
1450 1584 1520 1641 δι’
1568 1588 1738 1643 αὐτοῦ
1786 1587 1878 1642 καὶ
1915 1587 1979 1641 τὸ

327 1676 546 1745 Πνεῦμα
570 1669 975 1748 προϐάλλεταιο
1023 1676 1051 1728 6
1110 1676 1233 1736 Υἱὸς
1292 1673 1349 1731 δὲ
1394 1677 1731 1750 γεννώμενος
1778 1677 1841 1730 ἒκ
1880 1679 1978 1731 τοῦ

325 1762 535 1836 Πατρὸς
574 1756 957 1837 προϐάλλεται
1014 1764 1204 1819 καὶτὸ
1260 1768 1478 1837 Πνεῦμα
1535 1761 1586 1836 ἒξ
1654 1765 1866 1820 ἑαυτοῦ·
1916 1763 1979 1819 τὸ

2163 786 2275 842 GR.
2328 785 2664 843 Secundum
2722 788 2874 843 hanc
2960 790 3250 845 rationem
3320 791 3518 849 dicere
3604 796 3739 865 quis

2089 880 2311 946 posset,
2347 877 2527 931 etiam
2558 894 2664 948 per
2694 878 2975 950 Spiritum
3032 881 3453 951 procedentem
3500 885 3736 939 Patrem

2087 980 2370 1037 generare
2398 966 2634 1035 Filium,
2676 983 2870 1038 neque
2928 968 3153 1039 absque
3196 970 3448 1040 Spiritus
3495 989 3741 1043 proces-

2089 1052 2255 1107 sione
2286 1052 2493 1123 perfici
2522 1054 2652 1108 Filii
2683 1055 3150 1125 generationem,
3206 1056 3288 1112 ita
3335 1062 3400 1111 ut
3448 1064 3506 1112 et
3553 1059 3736 1114 Filius

2086 1145 2402 1208 generatus
2435 1141 2511 1195 sit
2539 1158 2610 1196 ex
2640 1143 2812 1198 Patre
2842 1150 3020 1215 atque
3053 1161 3121 1199 ex
3155 1144 3375 1215 Spiritu
3417 1146 3521 1218 (ᾳ),

2162 1227 2311 1282 ῐιΑΤ.
2347 1229 2460 1284 Sed
2493 1230 2635 1286 ordo
2664 1232 2724 1286 in
2767 1232 3047 1288 Trinitate
3108 1250 3344 1305 quoque
3393 1241 3500 1303 est,
3558 1252 3737 1306 quem

2088 1332 2195 1371 nos
2228 1333 2461 1373 servare
2493 1318 2802 1388 debemus,
2834 1338 2955 1375 non
2986 1321 3229 1392 quidem
3261 1329 3536 1379 naturam
3568 1336 3740 1380 com;

2086 1410 2347 1474 mutans,
2371 1408 2474 1462 sed
2489 1425 2880 1479 personarum
2917 1410 3362 1468 distinctionem
3384 1414 3656 1469 indicans
3680 1422 3740 1470 et

2086 1494 2455 1566 singularum
2471 1497 2871 1569 hypostaseon
2886 1501 3297 1572 proprietatem
3309 1502 3741 1560 inalterabilem

2085 1584 2391 1638 exhibens.
2416 1585 2590 1640 Pater
2619 1587 2819 1658 itaque
2848 1605 3139 1658 generans
3171 1590 3384 1646 Filium
3400 1608 3510 1663 per
3541 1592 3736 1663 ipsum

2086 1689 2322 1744 quoque
2354 1675 2637 1745 Spiritum
2670 1678 2906 1743 emittit,
2939 1679 3124 1734 Filius
3157 1697 3293 1735 vero
3318 1688 3633 1753 generatus
3667 1700 3737 1738 ex

2086 1767 2252 1817 Patre
2287 1763 2503 1818 emittit
2531 1769 2588 1819 et
2618 1782 2689 1820 ex
2741 1782 2803 1820 se
2854 1767 3186 1837 Spiritum:
3246 1785 3313 1823 ac
3358 1770 3611 1841 Spiritus
3661 1789 3734 1826 ex

322 1848 372 1906 δὲ
400 1853 634 1924 Πνεῦμα
662 1849 724 1905 ἐκ
760 1855 856 1906 τοῦ
889 1852 1099 1927 Ηατρὸς
1145 1851 1578 1928 ἐκπορευόμενον
1629 1855 1719 1908 καὶ
1769 1852 1828 1909 ἐκ
1878 1857 1970 1908 τοῦ

2084 1854 2255 1908 Patre
2286 1854 2614 1924 procedens
2653 1872 2724 1910 ex
2764 1856 2910 1910 Filio
2965 1873 3199 1928 quoque
3248 1864 3314 1913 ut
3365 1876 3471 1929 per
3515 1861 3733 1916 Filium

323 1943 444 1996 Υἱοῦ
477 1941 557 2002 ὡς
590 1938 685 1995 διὰ
712 1945 810 1995 τοῦ
850 1943 982 1996 Ὶὶοῦ
1031 1941 1400 2017 ἐκπορεύεταιο
1443 1940 1589 1998 ἀλλὰ
1634 1942 1724 1998 καὶ
1773 1941 1834 1998 ἐκ
1876 1947 1975 1997 τοῦ

324 2032 535 2105 Ηατρὸς
569 2030 652 2092 ὡς
711 2028 772 2085 ἐκ
808 2035 906 2085 τοῦ
955 2032 1084 2086 Υἱοῦ
1131 2030 1349 2104 ἀμέσως
1400 2031 1832 2106 ἐκπορευόμενον
1877 2035 1975 2088 τοῦ

317 2118 670 2195 γεννωμένου
736 2117 799 2173 ἐκ
860 2117 963 2174 τοῦ
1032 2119 1238 2195 ΙΙατρὸς
1296 2119 1680 2197 ἐκπορεύεσθαι
1739 2118 1972 2198 λέγεται·

317 2209 402 2265 καὶ
465 2208 659 2264 τοίνυν
726 2209 818 2263 καὶ
880 2211 915 2277 ἡ
981 2207 1114 2279 αύτή
1182 2210 1273 2266 καὶ
1346 2210 1442 2283 μία
1509 2209 1824 2287 ἔκπόρευσις
1896 2216 1975 2285 τῷ

318 2300 595 2372 Ηνεύματι
623 2295 687 2351 ἐκ
716 2300 815 2351 τοῦ
843 2298 1055 2372 Πατρὸς
1108 2298 1201 2370 μὲν
1253 2297 1397 2355 ἐστιν
1448 2293 1709 2373 ἔμμεσος,
1772 2299 1830 2354 ἔκ
1875 2304 1972 2356 τοῦ

318 2389 441 2441 Υἳοῦ
510 2384 571 2441 δὲ
641 2386 845 2459 ἂμεσος
909 2385 1091 2463 ὥσπερ
1149 2385 1423 2449 πολλάκις
1482 2389 1779 2463 εἰρήκαμεν
1839 2392 1971 2462 (2'7).

312 2477 531 2548 Ὅμως,
573 2473 687 2529 εἴτε
725 2473 909 2544 ἁπλῆν
958 2476 1158 2547 ταύτην
1220 2474 1409 2553 βούλει
1465 2475 1657 2532 καλεῖν
1717 2475 1824 2533 εἷ’τε
1878 2478 1969 2533 καὶ

323 2566 421 2637 μή,
488 2562 676 2620 τελεία
734 2562 880 2620 ἐστὶν
943 2565 1269 2640 ἑκατέρωθεν
1312 2565 1346 2635 ἢ
1388 2563 1784 2644 ἀμφστέρωθεν
1842 2564 1971 2636 ἤτοι

322 2650 392 2706 ὲκ
420 2657 516 2707 τοῦ
554 2653 770 2727 Ηατρὸς
822 2649 912 2706 διὰ
974 2656 1071 2708 τοῦ
1126 2654 1279 2708 Υἱοῦ·
1341 2652 1425 2709 ὅτι
1481 2655 1570 2709 καὶ
1630 2653 1692 2709 ἐκ
1743 2653 1969 2710 τελείων

331 2741 420 2793 καὶ
480 2741 651 2796 τελεία
708 2743 828 2815 (28)
894 2741 987 2796 καὶ
1044 2740 1286 2807 τελείως·
1342 2743 1436 2798 καὶ
1503 2742 1653 2798 οὐδὲν
1718 2745 1967 2817 περιττὸν

336 2827 389 2882 ἐν
417 2833 483 2902 τῇ
510 2829 679 2903 τελείᾳ
709 2827 929 2907 Τριάδι,
973 2831 1038 2887 Εἰ
1089 2827 1147 2885 δὲ
1202 2835 1405 2901 ζητεῖς,
1470 2829 1542 2886 δι’
1578 2829 1645 2901 ἤν
1684 2831 1858 2888 αἰτίαν
1912 2830 1972 2888 ἔκ

332 2923 423 2973 τοῦ
476 2922 681 2997 Πατρὸς
740 2920 1136 2994 ἐκπορεόμενον
1196 2922 1258 2976 τὸ
1318 2926 1537 2995 Πνεῦμα
1596 2923 1682 2977 καὶ
1760 2921 1821 2977 ἐκ
1872 2926 1970 2978 τοῦ

318 3012 441 3067 Ποῦ
487 3012 869 3087 ἐκπορεύεται,
919 3011 1013 3065 καὶ
1058 3011 1141 3074 τίς
1186 3014 1221 3081 ἡ
1272 3012 1455 3088 χρεία,
1506 3012 1767 3088 ἐρωτήσω
1813 3014 1968 3089 κάγώ

312 3121 388 3168 σι,
419 3102 501 3164 τίς
540 3102 702 3178 χρεία
741 3105 822 3173 τῷ
882 3099 1057 3174 Ηατρὶ
1108 3105 1205 3156 τοῦ
1263 3107 1450 3176 γεννᾷν
1512 3103 1606 3158 τὸν
1665 3103 1787 3157 Υἶόν
1829 3105 1864 3174 ἢ
1904 3104 1965 3158 τὸ

2081 1944 2389 2015 procedit;
2424 1945 2526 2001 sed
2559 1953 2618 2000 et
2648 1963 2720 2001 ex
2749 1948 2922 2001 Patre
2958 1953 3024 2003 ut
3072 1965 3144 2003 ex
3194 1948 3340 2003 Filio
3389 1949 3731 2006 immediate

2081 2033 2411 2105 procedens
2442 2052 2477 2090 θ,
2508 2037 2705 2106 genito
2765 2054 2834 2092 ex
2881 2038 3054 2091 Patre
3099 2037 3419 2109 procedere
3471 2038 3728 2109 dicitur;

2080 2122 2333 2194 ideoque
2350 2128 2406 2177 et
2424 2140 2545 2179 una
2564 2125 2889 2196 eademque
2904 2126 3202 2196 processio
3216 2127 3459 2197 Spiritui
3476 2144 3543 2182 ex
3558 2130 3728 2183 Patre

2081 2211 2323 2281 quidem
2356 2218 2444 2269 est
2473 2214 2753 2284 mediata,
2796 2231 2867 2269 ex
2911 2215 3058 2271 Filio
3112 2221 3311 2270 autem
3366 2216 3731 2299 immediate,

2081 2306 2257 2372 prout
2269 2318 2679 2374 saepenumero
2695 2303 3018 2360 diximus.A
3031 2306 3401 2372 ttamen,sive
3418 2307 3737 2378 simplicem

2083 2405 2213 2444 eam
2237 2407 2442 2446 vocare
2472 2393 2555 2446 vis
2588 2392 2707 2447 sive
2739 2409 2882 2462 non,
2916 2393 3179 2463 perfecta
3209 2399 3298 2448 est
3346 2394 3416 2449 ab
3481 2400 3731 2467 utraque

2081 2485 2248 2550 parte
2279 2478 2401 2535 sive
2432 2497 2500 2535 ex
2532 2480 2843 2547 ambobus,
2878 2482 2995 2536 sive
3031 2499 3100 2537 ex
3135 2484 3307 2537 Patre
3338 2501 3445 2554 per
3490 2484 3730 2550 Filium,

2082 2585 2213 2638 quas
2236 2575 2292 2623 et
2333 2586 2403 2623 ex
2432 2569 2709 2640 perfectis
2743 2576 2798 2624 et
2839 2571 3100 2642 perfecta
3133 2578 3191 2625 et
3219 2572 3501 2641 perfecte,
3535 2590 3729 2644 neque

2082 2657 2409 2728 quidquam
2441 2675 2945 2729 supervacaneum
3001 2661 3061 2715 in
3111 2661 3373 2731 perfecta
3421 2663 3727 2718 Trinitate.

2082 2746 2136 2799 Si
2169 2762 2303 2801 vero
2336 2749 2572 2818 quaaris,
2607 2765 2787 2819 quam
2818 2748 2891 2803 ob
2923 2765 3163 2804 causam
3185 2750 3435 2819 Spiritus
3457 2767 3525 2804 ex
3556 2753 3728 2806 Patre

2078 2836 2405 2906 procedens
2453 2837 2633 2891 etiam
2690 2836 2972 2908 procedat
3019 2854 3089 2893 ex
3130 2838 3296 2907 Filio,
3346 2844 3404 2893 et
3453 2856 3727 2910 quamam

2080 2924 2206 2979 hmo
2238 2925 2316 2979 sit
2344 2927 2687 2995 necessitas,
2720 2943 2983 2997 quaaram
3016 2932 3074 2981 et
3104 2943 3208 2998 ego
3241 2944 3308 2981 ex
3342 2934 3397 2982 te
3445 2928 3513 3000 (ν)
3564 2946 3726 3000 quae-

2080 3030 2218 3069 nam
2250 3015 2573 3071 necessitas
2622 3015 2696 3070 sit
2744 3015 2926 3086 Patri,
2977 3021 3044 3070 ut
3089 3015 3301 3071 Filium
3350 3023 3591 3087 generet
3638 3018 3726 3073 vel

2078 3104 2361 3176 Spiritum
2391 3104 2641 3173 emittat,
2677 3110 2735 3160 et
2756 3121 2862 3161 cur
2877 3122 2998 3160 non
3020 3105 3113 3161 vel
3136 3111 3453 3177 utrumque
3481 3114 3727 3179 generet

317 3194 527 3264 Πνεῦμα
554 3185 1002 3266 προϐάλλεσθαι,
1032 3191 1118 3244 καὶ
1162 3187 1253 3245 διὰ
1288 3191 1340 3246 τί
1409 3193 1483 3264 μὴ
1526 3188 1563 3262 ἤ
1610 3190 1779 3267 ἄμφω
1807 3197 1965 3267 γεννᾷ

2081 3193 2164 3249 vel
2194 3199 2513 3266 utrumque
2545 3195 2750 3266 spiret,
2784 3200 2841 3250 et
2872 3212 3148 3267 quaenam
3181 3196 3257 3251 sit
3288 3197 3435 3251 ratio
3465 3212 3721 3270 genera-

315 3276 348 3347 ἦ
378 3276 541 3357 ἃμφω
572 3274 983 3354 προϐάλλεται,
1017 3278 1104 3333 καὶ
1132 3278 1215 3338 τίς
1248 3280 1276 3333 6
1310 3277 1473 3354 λόγος
1501 3287 1603 3350 τῆς
1648 3285 1746 3336 τοῦ
1795 3281 1963 3358 λόγου

324 3372 612 3442 γεννήσεως
651 3366 691 3439 ἤ
729 3375 832 3437 τῆς
885 3372 986 3422 τοῦ
1034 3367 1349 3440 Ηνεύματος
1388 3367 1778 3445 ἐκπορεύσεως.
1827 3369 1965 3429 Οὐδὲ

320 3455 411 3529 γὰρ
452 3459 512 3524 ἦν
544 3460 644 3511 τοῦ
677 3457 865 3533 Λόγου
896 3454 1067 3530 λόγος
1094 3455 1369 3530 ἀνώτερος
1397 3453 1522 3512 οὔτε
1562 3461 1660 3512 τοῦ
1712 3458 1968 3533 Ηνεύμα-

318 3560 415 3603 τος.
453 3544 663 3601 Οὐκοῦν
692 3542 819 3599 οὐδὲ
849 3543 965 3621 ἐγώ
995 3564 1080 3598 σοι
1120 3544 1292 3621 λέγω,
1345 3544 1430 3608 τίς
1463 3545 1490 3599 ὁ
1522 3544 1691 3621 λόγος
1746 3553 1844 3616 τῆς
1905 3545 1967 3603 ἔκ

322 3635 408 3685 τοῦ
438 3636 641 3709 Πατρὸς
690 3633 780 3689 καί
818 3633 884 3689 ἐκ
924 3636 1024 3688 τοῦ
1072 3634 1199 3688 Υὶοῦ
1248 3631 1640 3708 ἐκπορεύσεως,
1697 3632 1825 3690 οὐδὲ
1874 3632 1964 3691 διὰ

324 3717 369 3770 τί
392 3717 428 3788 ἤ
459 3726 572 3786 πῶς
599 3722 655 3793 ἒξ
685 3723 893 3801 ἀμφοῖν
927 3723 963 3791 ἡ
1023 3719 1356 3796 ἐκπόρευσις.
1393 3723 1457 3780 Ἠ
1506 3723 1611 3800 γὰρ
1659 3730 1758 3794 τῆς
1807 3724 1961 3801 ἁγίας

331 3806 547 3879 mea“
603 3811 831 3884 ῦπαρξις
890 3807 1199 3885 ὑπέρκειται
1253 3815 1351 3867 τοῦ
1404 3816 1522 3874 πῶς
1572 3812 1662 3866 καὶ
1719 3817 1815 3868 τοῦ
1873 3811 1962 3869 διὰ

336 3895 401 3966 τί,
429 3899 654 3953 καὶτῶν
703 3898 976 3953 τοιούτων
1028 3900 1327 3969 ζητήσεων.
1378 3902 1582 3975 Ὥσπερ
1643 3897 1700 3955 δὲ
1761 3899 1887 3957 οὐδὲ
1924 3906 1959 3974 ἡ

337 3984 561 4055 γέννησις
633 3987 860 4061 ἀτελὴς,
920 3987 1007 4042 ὅτι
1073 3986 1172 4042 οὐκ
1228 3987 1347 4043 ἁνευ
1403 3995 1503 4058 τῆς
1565 3989 1963 4066 ἐκπορεύσεως,

343 4070 384 4122 εἰ
415 4075 497 4128 καὶ
521 4073 847 4153 διακέκριται
898 4080 971 4150 τῇ
1016 4080 1114 4131 τοῦ
1160 4077 1367 4151 τρόπου
1415 4075 1791 4156 διαφερότητι,
1840 4079 1963 4139 οὔτε

342 4160 375 4225 ἡ
408 4160 724 4237 ἐκπόρευσις,
770 4165 857 4222 ὅτι
921 4172 1026 4234 τῆς
1082 4168 1385 4241 γεννήσεως
1440 4168 1504 4223 οὗ
1557 4170 1756 4245 χωρὶς,
1817 4170 1963 4228 ἀλλᾶ

343 4246 577 4309 τελείατὲ
614 4254 753 4310 ἐστιν
806 4255 1057 4329 ἑκατέρα,
1106 4256 1189 4310 καὶ
1249 4256 1403 4330 ὲτὲρα
1457 4263 1558 4327 τῆς
1617 4257 1821 4334 ἑτέρας,
1872 4261 1961 4316 καὶ

348 4334 401 4388 οὐ
434 4334 549 4416 δίχα
576 4351 672 4414 τῆς
727 4345 916 4420 ἒτὲρας
980 4338 1258 4419 οὐδετέρα.
1317 4345 1405 4409 Ὠς
1458 4346 1560 4421 γὰρ
1619 4348 1683 4403 οὐ
1744 4353 1962 4423 πρῶτον

352 4424 597 4516 μὲνγεννᾷ
631 4434 721 4489 τὸν
788 4435 915 4488 Υἳὸν
978 4432 1007 4486 6
1057 4435 1262 4506 Πατὴρ,
1314 4432 1429 4490 εἶτα
1478 4436 1542 4491 τὸ
1588 4441 1806 4511 Πνεῦμα
1854 4438 1961 4516 φῂς

347 4508 400 4566 ἔκ
445 4523 529 4572 τοῦ
588 4523 788 4599 [ἰατρὸς
837 4520 1247 4596 ἐκπορεύεσθαι,
1306 4521 1434 4579 ἀλλ’
1481 4522 1649 4601 ἄμφω
1698 4508 1810 4599 ἅμα
1854 4508 1958 4601 dei,

342 4601 421 4691 ξαὶ
456 4608 487 4675 ἦ
526 4586 761 4682 γέπηᾶις
812 4609 908 4667 καὶ
1065 4586 1403 4686 ἐκπόρνευσις,
1459 4586 1828 4691 κοίίὲκατὲρα
1875 4586 1961 4672 τεί
1991 4586 2037 4651 D

343 4686 448 4747 λεία
498 4699 577 4753 καὶ
629 4702 747 4755 καθ’
786 4699 990 4767 ὲαυτήν
1046 4699 1135 4754 καὶ
1190 4703 1325 4773 μετά
1376 4707 1477 4771 τῆς
1534 4686 1771 4776 ἑτέρας’.
1816 4705 1960 4761 οὕτω

338 4782 416 4835 καὶ
470 4787 527 4840 τὸ
579 4787 636 4843 ἐκ
687 4794 785 4845 τοῦ
841 4787 1067 4861 Πατρὸς
1105 4786 1486 4862 ἐκπορεύεσθαι
1554 4791 1643 4846 καὶ
1738 4790 1797 4846 ἐκ
1864 4799 1961 4850 τοῦ

335 4869 470 4957 ξ’ἱοῦ,
496 4873 582 4931 κᾶν
620 4880 692 4952 μὴ
725 4875 780 4933 ἓν
814 4878 907 4933 καὶ
938 4876 1006 4931 τὸ
1058 4874 1184 4931 αὐτὸ
1224 4875 1314 4932 καὶ
1364 4876 1575 4935 ἁπλοῦν
1619 4877 1779 4957 λέγῃ,
1833 4879 1959 4938 ἀλλ’

332 4951 499 5034 ἓτερον
531 4951 627 5020 καί
668 4963 874 5043 ἕτερον,
933 4960 1091 5037 ὅμως
1136 4965 1386 5040 ἑκάτερον
1439 4967 1651 5023 τέλειον
1696 4951 1791 5024 καὶ
1840 4972 1960 5035 καθ’

334 5043 474 5105 ἑαυτό
499 5056 581 5110 καὶ
612 5057 744 5129 μετὰ
772 5060 873 5111 τοῦ
926 5051 1138 5128 ἑτέρου,
1200 5055 1289 5109 καὶ
1347 5054 1410 5109 οὗ
1455 5060 1553 5111 τοῦ
1602 5057 1787 5132 ἑτέρου
1841 5078 1959 5133 χω-

328 5134 425 5208 Ρῖςο
456 5143 528 5200 Ού
555 5147 650 5221 γὰρ
701 5144 846 5202 διότι
897 5143 956 5199 ἐν
1000 5146 1079 5214 τῷ
1125 5141 1272 5216 αὐτῷ
1320 5144 1449 5220 πυρὶ
1496 5146 1586 5200 καὶ
1618 5148 1652 5216 ἡ
1685 5149 1957 5222 θερμότης

324 5222 397 5281 ἀεὶ
433 5232 600 5291 καὶτὸ
626 5241 763 5315 φῶς,
798 5234 898 5292 διὰ
956 5235 1120 5287 τοῦτο
1168 5233 1229 5287 τὸ
1280 5231 1465 5310 ἓτερον
1517 5235 1694 5292 αὐτῶν
1746 5236 1956 5309 ἀτελὲς,

384 5412 488 5487 (27)
518 5417 636 5474 Vat.
668 5435 726 5491 p.
772 5421 829 5489 7,
862 5415 941 5471 b:
981 5410 1311 5487 εἰρήκειμεν.

373 5592 450 5665 (9)
477 5597 555 5671 CI.
583 5598 740 5655 dicta
770 5595 853 5671 ad
878 5590 1193 5671 _Photium,
1227 5593 1304 5648 De
1359 5593 1557 5664 Spirit.
1606 5599 1790 5653 sancti
1832 5615 1954 5671 my.

310 5668 562 5740 “acacia,
593 5686 722 5743 cap.
757 5670 833 5727 64:
867 5665 983 5721 ﬁn.

2076 3282 2256 3338 tionis
2290 3283 2459 3339 Verbi
2481 3283 2574 3338 vel
2595 3284 2989 3355 processionis
3012 3284 3283 3356 Spiritus.
3325 3287 3524 3357 Neque
3560 3286 3721 3342 enim

2075 3377 2201 3427 erat
2216 3372 2459 3427 verbum
2475 3372 2661 3427 Verbo
2685 3373 2999 3429 sublimius
3023 3390 3215 3445 neque
3246 3375 3484 3446 Spiritu.
3518 3377 3721 3447 Itaque

2074 3477 2268 3532 neque
2302 3477 2406 3533 ego
2441 3462 2547 3516 tibi
2570 3461 2722 3532 dico,
2745 3479 3020 3533 quaenam
3039 3464 3116 3517 sit
3144 3465 3292 3519 ratio
3320 3464 3721 3535 processionis

2073 3546 2323 3616 Spiritus
2355 3563 2424 3602 ex
2459 3549 2633 3603 Patre
2662 3552 2721 3603 et
2749 3548 2919 3615 Filio,
2951 3565 3147 3619 neque
3182 3566 3360 3619 quam
3383 3550 3456 3604 ob
3480 3568 3721 3606 causam

2074 3634 2165 3689 vel
2189 3650 2447 3704 quanam
2471 3636 2698 3690 ratione
2730 3653 2800 3691 ex
2829 3642 3082 3706 utroque
3118 3636 3195 3691 sit
3223 3638 3544 3707 processio.
3577 3639 3723 3693 Nam

2072 3728 2288 3779 sanctas
2306 3723 2607 3778 Trinitatis
2621 3724 2964 3779 exsistentia
2976 3725 3201 3779 elevata
3213 3730 3301 3779 est
3315 3742 3491 3795 supra
3504 3742 3724 3782 omnem

2072 3812 2316 3868 modum
2347 3817 2406 3866 et
2444 3812 2737 3867 rationem
2798 3819 2858 3867 et
2899 3830 3076 3884 supra
3133 3813 3280 3868 tales
3340 3816 3718 3884 quaestiones.

2071 3901 2583 3968 Quemadmodum
2614 3917 2749 3956 vero
2782 3917 2976 3971 neque
3007 3902 3308 3974 generatio
3355 3903 3721 3975 imperfecta,

2073 3994 2212 4065 quia
2242 4010 2362 4049 non
2396 3998 2484 4047 est
2533 3992 2662 4047 sine
2711 3993 3111 4063 processione,
3159 3992 3298 4046 licet
3343 3993 3501 4047 modi
3550 3993 3718 4050 dilTe-

2071 4083 2266 4139 rentia
2294 4082 2367 4138 ab
2398 4098 2468 4137 ea
2497 4081 2572 4137 sit
2602 4080 2901 4149 distincta,
2962 4097 3155 4152 neque
3203 4082 3527 4153 processio,
3579 4084 3718 4155 quia

2071 4190 2193 4229 non
2225 4180 2312 4229 est
2343 4172 2566 4244 absque
2596 4173 3000 4244 generatione,
3033 4172 3136 4227 sed
3166 4174 3427 4243 perfecta
3466 4180 3717 4245 utraque

2073 4269 2131 4319 et
2156 4263 2342 4319 altera
2363 4263 2629 4325 alterius,
2655 4278 2722 4318 ac
2748 4267 2961 4318 neutra
2983 4263 3108 4318 sine
3132 4263 3347 4331 altera;
3373 4264 3525 4319 sicut
3554 4265 3716 4320 enim

2074 4354 2247 4409 Pater
2277 4370 2396 4409 non
2429 4353 2593 4424 prius
2631 4358 2873 4424 generat
2903 4353 3138 4418 Filium,
3174 4353 3390 4408 deinde
3442 4355 3721 4424 Spiritus,

2071 4448 2136 4498 ut
2165 4442 2272 4511 ais,
2308 4458 2379 4497 ex
2406 4444 2580 4498 Patre
2609 4441 2896 4513 procedit,
2922 4458 3123 4496 verum
3146 4446 3465 4510 utrumque
3484 4457 3720 4511 semper

2073 4530 2273 4599 simul,
2305 4536 2365 4586 et
2392 4531 2694 4604 generatio
2726 4535 2785 4585 et
2832 4530 3151 4603 processio,
3203 4535 3260 4584 et
3307 4536 3557 4598 utraque
3588 4545 3717 4599 per-

2068 4622 2223 4678 fecta
2253 4626 2379 4676 tum
2409 4621 2740 4677 secundum
2770 4638 2833 4676 se
2865 4626 2990 4676 tum
3020 4636 3139 4675 una
3178 4635 3313 4674 cum
3357 4618 3577 4674 altera:
3631 4619 3714 4673 ita

2070 4716 2128 4766 et
2156 4711 2480 4782 procedere
2517 4728 2586 4766 ex
2616 4712 2787 4767 Patre
2820 4715 2878 4765 et
2907 4727 2977 4766 ex
3003 4710 3173 4777 Filio,
3202 4709 3344 4764 licet
3372 4725 3493 4763 non
3523 4725 3714 4765 unum

2069 4800 2345 4870 idemque
2375 4817 2442 4855 ac
2475 4799 2725 4871 simplex
2757 4799 2934 4865 dicat,
2968 4798 3071 4854 sed
3093 4798 3342 4854 alterum
3367 4798 3711 4867 etalterum,

2069 4893 2268 4943 tamen
2298 4893 2618 4959 utrumque
2651 4887 2977 4959 perfectum
3009 4893 3133 4943 tum
3158 4887 3480 4943 secundum
3504 4904 3565 4943 se
3589 4893 3713 4943 tum

2068 4994 2203 5033 cum
2233 4977 2507 5046 altero,et
2528 4994 2647 5033 non
2669 4976 2892 5048 absque
2913 4978 3122 5033 altero.
3148 4980 3273 5033 Non
3300 4979 3458 5034 enim
3483 4982 3714 5049 propte-

2066 5083 2169 5123 rea
2198 5066 2357 5138 quod
2388 5067 2450 5123 in
2483 5066 2692 5122 eodem
2726 5067 2856 5140 igne
2889 5072 2946 5123 et
2977 5067 3137 5123 calor
3169 5084 3404 5139 semper
3426 5072 3483 5122 et
3506 5066 3711 5120 lumen

2066 5156 2313 5211 alterum
2337 5172 2541 5210 eorum
2565 5156 2978 5226 imperfectum
2993 5157 3213 5226 est,sed
3232 5156 3372 5227 quia
3386 5161 3707 5223 utrumque

2065 5261 2198 5299 cum
2231 5243 2417 5299 altero
2450 5248 2509 5297 et
2536 5243 2756 5298 idcirco
2798 5244 3145 5315 perfectum.
3199 5244 3497 5299 Perfectus
3547 5241 3706 5295 enim

2136 5424 2246 5495 (28)
2281 5421 2404 5477 Vat.
2436 5418 2681 5477 τελείων.

2134 5599 2208 5672 (r)
2238 5600 2510 5656 Imitatur
2538 5598 3155 5673 Gregorii‘Nazianzeni
3178 5608 3530 5667 responsum
3550 5593 3697 5647 orat.

2062 5670 2151 5741 37,
2182 5687 2240 5743 p.
2275 5673 2531 5741 597-598,
2564 5670 2866 5728 edeillii.
