4150 6292
458 382 572 442 199
1717 369 2029 433 ΝΙΟΕΤᾹΞ
2070 372 2097 432 ﬂ

2182 368 2617 434 ιιοΝιΕΝειε
3718 378 3821 441 200

451 511 608 584 ignis
631 517 690 566 et
711 515 777 567 ut
800 511 1058 583 perfecte
1096 511 1447 568 illuminans
1473 516 1532 567 et
1553 516 1620 566 ut
1655 511 1918 583 perfecte
1947 511 2090 567 cale-

2184 553 2199 577 ,
2228 503 2355 563 ἀλλ’
2390 507 2474 562 ’ότι
2531 507 2782 584 ἑκάτερον
2833 507 2968 581 μετὰ
3025 507 3250 580 θατὲρου
3304 509 3396 566 καὶ
3441 509 3522 566 διὰ
3565 515 3708 570 τοῦτο
3747 516 3823 572 τί·

451 600 676 656 faciens
711 601 830 655 sive
863 617 1079 669 urens;
1116 602 1376 673 perfecto
1409 601 1568 658 enim
1599 605 1660 656 et
1678 600 1963 658 eminenti
1983 616 2090 656 mo-

2222 593 2395 653 λειον.
2421 595 2648 655 Τίλειον
2674 597 2778 672 γὰρ
2825 597 2890 653 τὸ
2932 601 3062 672 πῦρ,
3115 597 3206 653 καὶ
3253 599 3329 662 ὡς
3373 597 3584 665 τελείως
3623 600 3827 678 φωτίζον

451 689 526 744 do
541 689 762 748 habent
784 695 1104 761 utrumque
1127 709 1140 756 ;
1165 691 1462 762 perfectus
1475 689 2090 760 vero,quiautrumqu1

2219 685 2309 740 καὶ
2364 685 2437 747 ὡς
2499 685 2722 747 τελείως
2787 689 3075 760 θερμαῖνον
3141 686 3270 756 ἢτοι
3341 693 3510 742 καῖον
3573 686 3678 764 ἔχει
3735 689 3823 766 γὰρ

459 785 742 850 Operatur
767 779 947 833 simul
976 784 1035 833 et
1063 780 1426 847 omnimodo,
1461 779 1680 850 duplex
1708 779 1869 834 enim
1917 778 2098 850 perfe-

2218 770 2402 847 ἄκρως
2460 773 2734 849 ἑκάτερον.
2775 772 2993 830 Τέλειον
3045 771 3126 843 δὲ,
3176 776 3264 830 δτι
3311 777 3400 831 καὶ
3447 774 3603 852 ἄμφω
3651 773 3830 852 ἔνεργεῖ

447 873 607 923 ctum
639 888 653 934 ;
690 867 946 923 alterum
971 869 1296 924 secundum
1321 875 1637 939 utramque
1658 867 2082 939 proprietatem

2220 863 2335 936 ἅμα
2357 863 2451 917 καί
2495 862 2798 928 παντελῶς·
2852 861 3082 920 διπλοῦν
3135 865 3238 941 γὰρ
3281 866 3344 920 τὸ
3391 863 3608 937 τέλειον,
3645 867 3703 921 τὸ
3746 867 3827 940 μὲν

451 957 706 1012 alterum
723 957 1051 1013 secundum
1069 975 1177 1014 con
1179 958 1552 1030 junctionem
1572 973 1706 1012 cum
1720 957 2028 1012 altero.Sic
2053 973 2083 1012 e

2217 953 2338 1016 καθ’
2385 951 2637 1029 ἑκατέραν
2698 950 2970 1025 ἰδιότητα,
3026 954 3091 1010 τὸ
3157 951 3213 1009 δὲ
3272 955 3409 1010 κατὰ
3461 957 3550 1023 τὴν
3608 955 3732 1030 πρὸς
3775 955 3831 1011 τὸ

454 1047 516 1100 in
533 1047 836 1102 Trinitate.
861 1048 1010 1102 Nam
1035 1047 1298 1113 perfecta
1324 1053 1412 1102 est
1440 1047 1626 1112 Trias,
1660 1051 1718 1100 et
1757 1046 1898 1117 quia
1925 1046 2088 1101 Trias

2216 1037 2399 1118 ἓτερον
2470 1041 2764 1120 συμφυίαν·
2812 1043 2956 1098 οὕτω
3013 1044 3102 1098 καὶ
3164 1043 3218 1100 ἄν
3277 1046 3349 1116 τῇ
3402 1043 3610 1120 Τριάδι.
3661 1043 3831 1101 Τελεία

453 1152 574 1191 non
601 1152 810 1191 monas
831 1136 1160 1207 personalis
1184 1137 1277 1191 vel
1297 1137 1440 1208 dyas
1462 1154 1476 1202 ;
1501 1134 1763 1206 perfecta
1779 1151 1938 1200 vero,
1971 1135 2092 1206 quit

2222 1131 2316 1202 μὲν
2346 1130 2449 1208 γὰρ
2497 1134 2532 1200 ἡ
2587 1131 2752 1208 Τριᾶς
2797 1132 2888 1188 καί
2942 1133 3026 1187 ὅτι
3075 1133 3260 1207 Τριὰς,
3309 1132 3370 1187 οὐ
3423 1133 3582 1205 μονὰς
3631 1153 3828 1207 προσω-

451 1225 633 1280 etiam
667 1225 952 1296 quaslibet
983 1242 1245 1297 persona
1275 1224 1605 1282 secundum
1627 1241 1688 1280 se
1713 1223 2088 1280 considerata

2217 1223 2352 1291 πική
2403 1219 2440 1290 ἤ
2489 1218 2639 1294 δυὰς,
2701 1221 2885 1279 τελεία
2931 1219 3010 1293 δὲ,
3060 1221 3142 1278 ὅτι
3183 1222 3273 1277 καὶ
3333 1223 3526 1294 ἑκάστη
3573 1223 3833 1285 ὑπόστασις

458 1315 566 1370 etsi
599 1331 722 1369 non
754 1314 825 1369 ab
857 1315 1110 1370 invicem
1135 1313 1919 1386 separantur,omnimodam
1933 1313 2097 1368 habet

2215 1310 2334 1364 καθ’
2372 1311 2546 1380 αὐτὴν
2610 1307 2986 1387 θεωρουμένη,
3017 1312 3065 1367 εί
3094 1311 3184 1368 καὶ
3237 1314 3314 1386 μὴ
3373 1310 3630 1384 όίλλήλων
3677 1309 3833 1387 χωρί-

440 1404 870 1476 perfectionem
886 1411 942 1461 et
958 1405 1347 1461 eminentiam
1367 1403 2079 1476 perfectionis.Secundut

2220 1403 2424 1470 ζονται,
2481 1399 2742 1464 παντελὲς
2812 1399 2932 1475 ἔχει
2993 1401 3057 1456 τὸ
3123 1399 3333 1458 τέλειον
3399 1405 3488 1457 καί
3553 1399 3835 1476 ὑπερτελὲς.

443 1493 712 1565 Ιιεοοίρείι
725 1509 861 1548 vero
882 1494 1063 1548 etiam
1081 1493 1379 1565 processio
1407 1493 1668 1565 perfecta
1688 1498 1746 1548 et
1762 1509 1834 1548 ex
1858 1492 2026 1548 Patre
2051 1509 2082 1548 e

2218 1488 2367 1545 Κατὰ
2419 1490 2488 1545 τὰ
2541 1489 2678 1546 αὐτᾶ
2723 1485 2780 1545 δὲ
2826 1490 2919 1546 καὶ
2973 1493 3008 1560 ἡ
3067 1488 3392 1566 ὶκπόρευσις
3434 1489 3611 1547 τελεία
3660 1491 3744 1546 καὶ
3785 1489 3835 1544 ἐκ

451 1599 522 1637 ex
550 1583 718 1652 Filio,
745 1588 806 1638 et
835 1599 905 1638 ex
942 1587 1193 1654 utroque
1251 1583 1511 1654 perfecta
1563 1587 1620 1637 et
1675 1598 1744 1636 ex
1797 1581 2086 1638 ambobus

2212 1582 2310 1634 106
2358 1580 2593 1655 Πατρὸς,
2651 1577 2835 1636 τελεία
2885 1580 2978 1636 καί
3023 1579 3083 1636 ἐκ
3126 1583 3224 1636 τοῦ
3273 1582 3404 1636 T106
3451 1582 3540 1636 καὶ
3586 1578 3635 1653 ἒξ
3683 1579 3839 1635 £10111-

455 1678 515 1728 et
560 1691 738 1746 supra
794 1674 1086 1730 rationem
1135 1679 1477 1744 utrumque,
1530 1674 1763 1729 etiamsi
1808 1690 1930 1728 non
1972 1672 2094 1728 sim-

2217 1687 2323 1743 ροον
2381 1666 2583 1724 τελεία·
2633 1669 2723 1724 καὶ
2776 1668 2827 1740 ἐξ
2876 1669 3080 1748 ἀμφοῖν
3137 1669 3227 1724 καὶ
3278 1670 3414 1746 ὑπὶρ
3464 1670 3628 1744 λόγον
3677 1668 3841 1724 ἑκάτε-

449 1762 667 1834 plicem
695 1779 889 1835 neque
921 1780 1101 1819 unam
1150 1763 1540 1835 eamdemque
1592 1763 1758 1818 illam
1809 1763 1992 1820 dicas.
2038 1763 2088 1817 Ε

2215 1778 2332 1832 ρον,
2361 1755 2456 1814 κᾶν
2491 1759 2568 1832 μή
2600 1757 2784 1828 ἁπλῆν
2823 1756 2965 1832 μηδὲ
2991 1759 3090 1829 τήν
3125 1759 3294 1829 αὐτὴν
3345 1761 3437 1816 καὶ
3495 1759 3620 1833 μίαν
3663 1759 3841 1829 ταύτην

452 1852 555 1908 tali
587 1857 759 1924 pacto
790 1852 1110 1909 difﬁcultas
1160 1859 1262 1909 tua
1306 1853 1553 1908 solvitur
1600 1851 1955 1922 nullumque
1999 1850 2091 1906 ab-

2213 1845 2385 1922 εἴπῃς.
2421 1847 2529 1904 Καὶ
2582 1847 2730 1904 οὕτω
2781 1846 3006 1904 λέλυταί
3054 1869 3140 1904 σοι
3191 1848 3254 1904 τὸ
3300 1847 3530 1924 ἄπορον,
3574 1848 3660 1904 καί
3704 1843 3839 1903 οὐδὶν

448 1941 696 1998 surdum
725 1942 880 1999 hanc
935 1943 1325 2014 consequitur
1375 1942 1730 1997 doctrinam.
1791 1941 1850 1996 Si
1899 1945 2087 1996 autem

2210 1934 2417 1992 ἄτοπον
2459 1940 2539 2009 τῷ
2597 1934 2748 2012 λόγῳ
2796 1935 3108 2002 ἄκολουθεῖ.
3161 1937 3230 1994 Εἴ
3278 1935 3338 1994 δὶ
3381 1938 3474 1995 καὶ
3531 1938 3655 2014 μίαν
3697 1934 3845 2006 αὐτὴν

445 2047 626 2086 unam
658 2032 823 2087 illam
856 2032 1038 2101 dicas,
1073 2031 1222 2086 nihil
1253 2031 1498 2087 omnino
1523 2030 1903 2098 adversatur;
1947 2029 2084 2086 sicut

2210 2023 2408 2097 εἴποις,
2439 2025 2502 2081 τὸ
2534 2023 2777 2096 ἀντίξουν
2811 2025 2985 2085 οὐδὲν.
3017 2028 3224 2102 ’Ὠσπερ
3284 2026 3396 2103 γὰρ
3445 2027 3493 2084 εἲ
3541 2049 3625 2092 τις
3661 2021 3843 2102 ἔροιτο·

449 2120 496 2176 si
529 2120 662 2190 quis
689 2126 1022 2190 quaereret:
1054 2120 1172 2176 Cur
1201 2125 1446 2194 generat
1487 2119 1709 2175 Pater?
1757 2121 1871 2174 Cur
1916 2119 2088 2174 Filius

2213 2115 2310 2170 Διὰ
2336 2113 2391 2170 τί
2419 2119 2581 2190 γεννᾷ
2610 2116 2638 2169 6
2669 2116 2854 2190 Πατήρ
2890 2133 2904 2186 ;
2951 2112 3040 2172 διὰ
3084 2117 3138 2171 τί
3193 2117 3221 2171 6
3250 2117 3380 2180 Υἱὸς
3435 2123 3688 2194 γεννᾶται
3715 2135 3732 2186 ;
3770 2111 3852 2170 διὰ

449 2209 818 2282 generatur?
845 2210 960 2264 Cur
991 2209 1246 2280 Spiritus
1285 2209 1608 2281 procedit?
1654 2207 1740 2263 nil
1789 2207 1953 2264 aliud
1999 2208 2088 2264 ha-

2210 2203 2258 2260 τί
2302 2205 2364 2259 τὸ
2402 2209 2621 2279 Πνεῦμα
2667 2204 3054 2280 ἐκπορεύεται;
3105 2205 3206 2262 οὐκ
3253 2203 3316 2262 ἄν
3365 2228 3422 2264 τι
3469 2203 3650 2285 ἕτερον
3696 2207 3849 2263 εἰπεῖν

450 2297 750 2362 heremus,
785 2298 943 2368 quod
975 2298 1496 2369 responderemus,
1529 2297 1645 2352 nisi
1677 2297 1836 2368 quod
1885 2297 2089 2353 horum

2216 2291 2432 2369 ἔχοιμεν
2462 2291 2498 2364 ἤ
2530 2293 2614 2350 ὅτι
2651 2293 2862 2350 τούτων
2900 2291 3125 2351 ’ἑκαστον
3173 2292 3392 2368 ἰδιότης
3444 2297 3590 2354 εστὶν
3637 2297 3855 2366 ἑκάστης

451 2383 761 2455 quodlibet
777 2384 1109 2456 proprietas
1129 2390 1220 2439 est
1235 2383 1602 2456 singularum
1634 2383 1966 2440 divinarum
1996 2383 2090 2456 hy-

2214 2388 2312 2438 τῶν
2363 2384 2522 2448 θείων
2584 2384 2948 2440 ὑποστάσεων·
3006 2385 3180 2448 οὕτως
3239 2383 3340 2442 κᾶν
3403 2387 3570 2451 αὐτὸς
3644 2386 3853 2460 ἐρωτᾷς,

447 2478 785 2544 postaseon.
822 2473 914 2528 Sic
948 2479 1006 2527 et
1035 2475 1082 2528 si
1117 2479 1180 2528 tu
1205 2473 1574 2546 interrogas:
1608 2475 1794 2539 Quam
1843 2472 1917 2529 ob
1963 2489 2086 2529 cau-

2220 2474 2305 2529 διὰ
2333 2473 2388 2528 τί
2417 2474 2446 2528 6
2481 2495 2574 2547 μεν
2635 2475 2824 2548 Πατὴρ
2875 2478 3032 2549 γεννᾷ
3077 2476 3168 2530 τὸν
3227 2475 3353 2532 Υἱὸν
3401 2477 3494 2533 καὶ
3537 2477 3603 2533 τὸ
3653 2479 3859 2549 Πνεῦμα

446 2579 572 2618 sam
603 2564 778 2617 Pater
808 2562 1050 2634 quidem
1079 2569 1325 2634 generat
1346 2563 1557 2618 Filium
1582 2568 1640 2618 et
1661 2563 1942 2635 Spiritum
1957 2579 2085 2634 pro-

2217 2556 2582 2638 προϐάλλεται
2612 2567 2708 2618 τοῦ
2765 2563 2895 2618 T106
2953 2564 3362 2636 μεσιτεύοντος,
3417 2567 3447 2620 6
3499 2564 3560 2622 δδ
3606 2567 3730 2628 Υἱὸς
3775 2563 3856 2620 καί

438 2652 600 2707 ducit
633 2651 930 2708 mediante
958 2652 1127 2721 Filio,
1160 2652 1342 2708 Filius
1375 2669 1509 2708 vero
1565 2658 1624 2708 et
1671 2652 1797 2724 ipse
1843 2668 2077 2725 genera-

2218 2650 2363 2714 ιιῦτὸς
2391 2655 2640 2728 γεννᾶται
2670 2650 2732 2707 ἐκ
2755 2656 2854 2707 τοῦ
2903 2652 3135 2728 Πατρὸς,
3197 2655 3287 2710 καὶ
3346 2655 3416 2711 τὸ
3465 2660 3695 2730 Πνεῦμα
3735 2673 3857 2730 προ·

437 2748 534 2798 tur
563 2760 635 2798 ex
660 2744 830 2798 Patre
864 2747 922 2798 et
955 2743 1237 2816 Spiritum
1269 2743 1544 2815 producit
1583 2743 1750 2798 nullo
1799 2743 1916 2800 alio
1965 2759 2076 2799 am-

2226 2735 2467 2796 ἶάλλεται
2512 2742 2706 2814 μηκέτι
2755 2741 2902 2804 τινὸς
2956 2741 3363 2815 μεσιτεύοντος,
3424 2746 3492 2800 τὸ
3547 2742 3608 2800 δὲ
3657 2747 3865 2817 Ηνεῦμα

440 2831 598 2903 plius
631 2831 952 2900 mediante,
987 2833 1238 2904 Spiritus
1267 2831 1523 2904 denique
1555 2838 1614 2888 et
1643 2849 1712 2888 ex
1755 2834 1926 2889 Patre
1955 2848 2079 2904 pro-

2222 2831 2290 2886 ιαὶ
2358 2829 2418 2886 ἐκ
2473 2835 2570 2886 τοῦ
2626 2831 2836 2907 Πατρός
2881 2832 3234 2907 ἒκπορεύεται
3293 2834 3390 2890 καὶ
3437 2833 3502 2891 ἐκ
3577 2838 3674 2890 τοῦ
3720 2834 3861 2901 T106,

437 2921 594 2976 cedit
625 2927 684 2976 ct
712 2938 782 2976 ex
805 2921 976 2988 Filio,
1011 2927 1068 2976 et
1099 2938 1170 2976 ex
1201 2921 1298 2976 illo
1328 2922 1566 2993 quidem
1595 2923 1952 2988 mediate,ex
1981 2922 2076 2976 ho<

2224 2919 2288 2975 :al
2321 2921 2381 2976 ἐκ
2407 2924 2504 2976 τοῦ
2545 2921 2642 2994 μὲν
2693 2917 2968 2994 ἐμμέσως,
3024 2921 3084 2978 ἐκ
3129 2926 3226 2978 τοῦ
3275 2920 3336 2978 δὲ
3389 2923 3670 2997 ἁμέσως;
3721 2919 3863 2979 οὖδὶν

438 3027 574 3064 vero
608 3011 951 3066 immediate
978 3010 1005 3064 ‘I
1032 3042 1100 3051 —
1125 3010 1364 3066 nullum
1415 3011 1578 3066 aliud
1608 3011 1812 3066 audies
1841 3027 2077 3081 respon-

2227 3005 2342 3064 ῐλλο
2391 3007 2662 3076 ἀκούσειε,
2693 3005 2841 3078 ἤὸτι
2891 3009 3066 3072 οὕτως
3116 3003 3308 3086 ἔχουσι
3366 3012 3441 3068 τὰ
3491 3017 3606 3069 τῶν
3659 3009 3866 3081 1810175-

441 3115 573 3154 sum
604 3099 716 3153 nisi
749 3099 908 3170 quod
939 3099 1020 3154 ita
1051 3116 1112 3153 se
1144 3100 1365 3154 habent
1395 3117 1526 3170 qum
1569 3099 1643 3156 ad
1699 3100 2080 3172 proprie:ates

2234 3119 2328 3156 ων.
2359 3098 2520 3171 Ὁρᾷς
2549 3096 2632 3152 ὅτι
2666 3097 2700 3152 ἅ
2729 3096 2909 3174 λέγεις
2928 3094 3148 3154 ἕπεσθαι
3195 3103 3274 3172 τῷ
3329 3100 3502 3176 λόγῳ
3555 3103 3634 3165 ὡς
3685 3103 3873 3168 5101a,

439 3191 728 3258 spectant.
763 3187 936 3242 Vides
959 3203 1029 3242 ea
1051 3203 1182 3258 qum
1214 3188 1430 3242 asseris
1459 3187 1792 3244 doctrinam
1815 3192 2078 3245 nostram

441 3275 606 3300 -Α,...ζ
643 3273 892 3300 -ι.-....,1..
955 3281 1052 3300 -..ι
1086 3274 1327 3300 ...ε-ιε..-
1392 3277 1554 3300 --.η-2
1608 3283 1706 3300 ---ι
1755 3293 1869 3300 ..-η
1925 3294 2050 3300 ..-..-

2234 3190 2366 3240 αῦτα
2415 3183 2679 3241 δείκνυται
2733 3183 2770 3256 ἤ
2835 3187 2910 3260 μὴ
2965 3186 3201 3260 ἑπόμενα
3257 3187 3293 3257 ἤ
3370 3193 3454 3264 μή
3521 3187 3673 3261 ὄντα,
3732 3185 3873 3244 ἀλλᾶ

2246 3275 2492 3300 ...ῌΙη-..--
2531 3269 2697 3300 !_-__-

440 3275 610 3345 sequi
641 3273 920 3342 absurda,
953 3281 1054 3330 aut
1086 3274 1331 3330 minime
1391 3277 1556 3346 sequi
1606 3283 1709 3332 aut
1755 3293 1876 3332 non
1925 3294 2079 3344 vera,

1086 3274 1331 3330 minime
1391 3277 1556 3346 sequi
1606 3283 1709 3332 aut
1755 3293 1876 3332 non
1925 3294 2081 3344 vera,
2121 3269 2172 3300 υ
2201 3275 2494 3354 φαινόμενα
2526 3269 2718 3333 ἄτοπα.

445 3363 551 3419 sed
581 3363 926 3434 apparentia
955 3379 1085 3419 esse
1117 3363 1375 3421 absurda
1403 3365 1820 3421 demonstrari.

515 3453 570 3506 8.
600 3454 711 3508 GR.
765 3455 1042 3509 Attamen
1095 3453 1257 3509 aliud
1305 3453 1472 3510 video
1521 3454 1865 3524 absurdum,
1931 3454 2088 3526 quod

2271 3456 2352 3512 H‘.
2385 3456 2488 3511 ΓΡ.
2523 3454 2627 3511 Καὶ
2663 3457 2769 3528 μὴν
2799 3453 2944 3512 ἄλλο
2975 3457 3177 3513 ἄτοπον
3208 3456 3496 3533 ἑπόμενον
3564 3463 3780 3536 συνορῶ
3809 3461 3877 3531 τῇ

447 3543 833 3614 consequitur
861 3544 1301 3615 processionem
1334 3545 1586 3616 Spiritus
1616 3561 1683 3600 ex
1707 3546 1876 3600 Patre
1909 3551 2086 3617 atque

2240 3565 2259 3599 ι
2295 3548 2392 3600 τοῦ
2462 3545 2672 3621 Ηατρὸς
2737 3545 2828 3600 καὶ
2899 3545 2959 3602 ἐκ
3017 3551 3115 3602 τοῦ
3181 3547 3317 3602 T106
3391 3548 3730 3623 ἐκπορεύσει
3788 3550 3879 3604 τοῦ

447 3651 516 3689 ex
546 3633 712 3691 Filio.

2196 3634 2535 3708 Ηνεύματος.

513 3724 664 3779 LAT.
696 3723 969 3780 Edissere
1001 3728 1058 3779 et
1087 3723 1262 3780 istud.
1299 3726 1566 3782 Fortasse
1599 3725 1757 3782 enim
1804 3725 2084 3782 adversus

2262 3727 2420 3781 ΑΑΤ.
2468 3723 2622 3782 Ἐἰπὲ
2670 3721 2737 3794 δὴ
2793 3723 2884 3780 καὶ
2939 3729 3124 3782 τοῦτο.
3179 3729 3348 3791 Ἴσως
3399 3729 3519 3807 γὰρ
3583 3729 3881 3803 εὐπορῆσω

437 3814 549 3869 hoc
580 3831 814 3885 quoque
843 3831 1178 3870 sermonem
1211 3821 1413 3888 aptum
1458 3817 1706 3872 reddere
1753 3821 1980 3888 potero,
2033 3817 2076 3872 si

2243 3813 2280 3868 ιὶ
2329 3814 2466 3889 πρὸς
2518 3815 2646 3870 αὐτὸ
2703 3813 2876 3893 λόγου
2915 3817 3084 3884 τινὸς,
3126 3816 3172 3871 εί
3220 3813 3357 3890 δοίη
3415 3821 3489 3877 τὸ
3543 3824 3779 3895 Πνεῦμα
3823 3815 3882 3871 τὸ

438 3903 668 3958 dederit
695 3905 944 3976 Spiritus
973 3911 1234 3962 sanctus.

727 3905 944 3976 upiritus
973 3911 1234 3962 sanctus.
2190 3904 2366 3979 ἅγιον.

505 3993 614 4048 GR.
653 3995 715 4061 (δ)
746 3994 800 4046 Si
836 4010 904 4047 ex
964 3995 1111 4048 Filio
1170 3999 1327 4049 esset
1385 3995 1659 4066 Spiritus,
1714 4001 1854 4050 tunc
1899 3995 2079 4052 Filius

2263 3998 2361 4049 ΓΡ.
2396 3995 2508 4067 (29)
2541 3993 2606 4049 E1
2638 3990 2698 4048 ὲκ
2728 3997 2826 4050 τοῦ
2853 3995 2981 4050 T106
3009 3995 3072 4050 τὸ
3118 3999 3372 4070 Ηνεῦμα,
3432 4000 3658 4075 πατὴρ·
3686 3996 3752 4054 ἂν
3801 3993 3885 4065 εἴη

439 4081 589 4134 foret
619 4081 870 4150 Spiritus
903 4088 1088 4152 pater,
1123 4087 1182 4137 et
1210 4083 1462 4154 Spiritus
1492 4083 1648 4138 filius
1693 4083 1842 4152 Filii,
1895 4101 2078 4156 nepos

2254 4085 2283 4134 6
2313 4081 2629 4154 ΙΙνεύματος
2671 4082 2699 4136 6
2731 4082 2877 4150 Υἱὸς,
2924 4082 3015 4137 καὶ
3065 4082 3127 4138 τὸ
3171 4088 3409 4158 Πνεῦμα
3460 4090 3592 4152 υἱὸς
3643 4088 3745 4162 μὶν
3799 4087 3893 4141 τοῦ

439 4174 636 4222 autem
673 4169 874 4232 Patris,
937 4176 994 4224 et
1045 4172 1220 4225 Pater
1271 4171 1521 4241 Spiritus
1579 4189 1740 4227 avus.
1792 4173 1903 4228 Sed
1953 4173 2078 4228 haec

2253 4173 2338 4240 οῦ,
2398 4169 2596 4232 υἱωνὸς
2656 4167 2756 4243 (δὲ)
2814 4171 3048 4247 Πατρὸς,
3123 4171 3215 4226 καὶ
3273 4175 3304 4227 ὁ
3373 4179 3590 4253 Πατήρ
3663 4176 3889 4232 πάππος

437 4261 577 4311 sunt
605 4256 862 4312 ridicula
917 4264 1092 4329 atque
1146 4276 1180 4314 a
1237 4260 1480 4316 veritate
1538 4267 1597 4316 et
1637 4263 1854 4332 pietate
1903 4261 2076 4335 longe

2262 4263 2282 4314 3
2314 4259 2648 4333 Πνεόματος·
2677 4259 2824 4316 ἀλλὰ
2851 4265 3019 4317 ταῦτα
3050 4259 3246 4336 γελοῖα
3285 4265 3392 4319 καὶ
3455 4273 3571 4338 τῆς
3627 4265 3901 4338 ἀληθείας

433 4345 650 4402 aﬁena.

2185 4349 2274 4406 καὶ
2305 4356 2406 4418 τῆς
2439 4344 2710 4413 εὐσεϐείας
2741 4349 3029 4425 ἀλλότρια.

505 4437 657 4492 LAT.
692 4435 908 4492 Contra
939 4437 1091 4494 hanc
1119 4439 1413 4494 rationem
1445 4439 1805 4511 respondere
1846 4440 2075 4496 licitum

2266 4443 2414 4511 VAT,
2446 4440 2589 4515 Πρὸς
2619 4443 2812 4495 τοῦτον
2847 4441 2939 4495 τὸν
2993 4438 3156 4518 λόγον
3203 4438 3335 4512 ἐξῆν
3387 4444 3782 4525 ἀντεπᾶγειν,
3834 4444 3905 4504 ὡς

431 4530 542 4593 est,
574 4542 703 4582 eam
735 4543 857 4582 non
889 4533 1094 4582 contra
1136 4527 1349 4600 dogma
1398 4533 1669 4583 nostrum
1728 4528 1923 4584 valere
1970 4530 2070 4586 de-

2273 4531 2394 4604 περὶ
2426 4529 2490 4585 τὸ
2521 4526 2701 4604 δόγμα
2729 4531 2892 4602 ἡμῶν
2939 4531 2974 4600 ἠ
3026 4529 3420 4602 ἀκολούθησις
3471 4541 3596 4592 τῶν
3653 4533 3896 4611 γελοίων

430 4615 773 4672 ductionem
805 4617 1278 4688 propositionum
1327 4617 1718 4672 ridicularum
1766 4623 1823 4674 et
1864 4619 2069 4691 impia-

2268 4612 2538 4673 ;dcs6t‘bv'
2575 4617 2691 4673 ἐπεὶ
2723 4618 2869 4673 εἶπεν
2903 4615 2964 4673 ἂν
3014 4640 3120 4688 τις,
3169 4617 3214 4673 εἰ
3263 4623 3349 4692 μὴ
3411 4619 3705 4689 εὐλαϐῶς
3759 4623 3907 4698 εἶχεν

428 4722 580 4759 rum.
628 4707 773 4760 Nam
827 4711 1028 4778 posset
1079 4709 1212 4778 quis
1272 4705 1489 4773 dicere,
1547 4706 1786 4777 quando
1836 4709 2067 4778 quidem

2273 4713 2391 4768 τοῖς
2422 4705 2545 4782 περὶ
2581 4710 2714 4762 Θεοῦ
2747 4704 2943 4782 λόγοις
2972 4709 3059 4762 καὶ
3111 4711 3180 4764 τὰ
3223 4710 3506 4785 τυχόντα
3567 4713 3906 4792 φθέγγεσθαι

430 4809 551 4846 non
581 4801 880 4849 vereretur
909 4797 968 4850 in
1001 4796 1377 4852 sermonibus
1409 4796 1480 4852 de
1512 4795 1631 4851 Deo
1682 4797 1970 4869 quidquid
2014 4799 2069 4854 in

2305 4797 2339 4850 εἰ
2372 4797 2448 4869 μὴ
2479 4797 2900 4884 τάνθεόπνευστα
2933 4793 3096 4870 λόγια
3144 4793 3380 4867 δίδωσι,
3441 4803 3608 4859 καθᾶ
3659 4802 3778 4884 φῂς
3823 4798 3918 4858 καὶ

429 4881 677 4936 buccam
707 4883 934 4938 venerit
963 4885 1158 4955 eloqui
1191 4901 1380 4957 eaque
1412 4903 1543 4956 quae
1575 4885 1858 4942 divinitus
1887 4887 2068 4959 inspi-

2279 4886 2370 4955 τὸς,
2402 4884 2485 4940 ὅτι
2519 4883 2582 4940 Εἴ
2613 4883 2672 4940 ἐκ
2699 4889 2796 4940 τοῦ
2831 4885 3038 4962 ΙΙατρὸς
3068 4887 3159 4940 καί
3211 4885 3273 4941 τὸ
3333 4893 3626 4966 Πνεῦμα,
3675 4881 3813 4954 -υίὸς
3861 4887 3918 4944 ἂν

429 4974 559 5025 rata
589 4970 828 5026 oracula
857 4972 1103 5028 minime
1131 4975 1532 5045 suppeditant,
1563 4980 1630 5030 ut
1656 4980 1714 5029 et
1741 4975 1866 5047 ipse
1903 4977 2068 5047 dicis,

1624 4993 1630 5028 ι
1656 4980 1714 5029 et
1741 4975 1866 5047 ipse
1903 4977 2073 5047 dicis,
2181 4979 2278 5030 106
2310 4974 2525 5049 Πατρὸς
2555 4973 2645 5029 καὶ
2677 4971 2913 5052 ἀδελφὸς
2939 4978 3038 5030 τοῦ
3067 4975 3196 5029 T106
3226 5017 3263 5031 ..

429 5064 632 5130 posset
661 5059 816 5130 quis,
851 5060 1115 5131 inquam,
1148 5063 1343 5119 dicere
1369 5082 1382 5119 :
1417 5065 1475 5120 Si
1499 5080 1568 5118 ex
1600 5065 1770 5120 Patre
1793 5067 2073 5124 estetiam

431 5149 704 5220 Spiritus,
737 5155 877 5204 tunc
910 5149 1068 5206 ﬁlius
1101 5153 1283 5208 Patris
1335 5160 1391 5208 et
1423 5153 1549 5210 Filii
1593 5155 1776 5210 frater
1823 5156 2072 5216 erit......

453 5420 472 5441 ,ι
496 5353 611 5478 ἓὲθ)
640 5352 727 5436 ᾼά
758 5368 946 5437 marg.
981 5354 1108 5408 Vat.
1217 5356 1270 5420 8,
1324 5370 1396 5409 a:
1446 5354 1665 5425 Ἕτερον
1718 5354 1948 5443 ἃςεοτεονζ
1987 5357 2062 5413 ὅτι

423 5442 468 5476 ει
525 5442 683 5478 κτου
740 5422 867 5478 T100
919 5422 981 5478 τὸ
1043 5429 1264 5478 Πνευιια
1305 5424 1422 5478 υἱὸς
1471 5419 1620 5478 ἔσται
1676 5446 1770 5478 του
1823 5429 1951 5478 Υἱου
2005 5430 2062 5478 τὲ

2296 5377 2430 5478 ῦματ
2459 5374 2610 5478 καίρ
2649 5375 2778 5478 Υἱὸς
2837 5375 3024 5462 Ῑξατήρ
3079 5378 3178 5430 τοῦ
3235 5377 3648 5458 Πνεύματος,
3706 5382 3809 5440 καὶ
3865 5377 3935 5436 τὰ

456 5419 559 5478 ζ’ἐκ
586 5419 683 5478 106
740 5419 981 5478 T106'16
1043 5419 1264 5497 Πνεῦμα
1305 5424 1422 5486 υἱὸς
1471 5419 1620 5480 ἔσται
1676 5427 1770 5480 τοῦ
1823 5419 1951 5483 T106
2005 5430 2070 5486 τὸ
2184 5419 2898 5516 Stagirghrigh;garo-6:

493 5624 560 5710 gs)
902 5623 1450 5710 argumentum‘jSi
1485 5640 1574 5710 ex_
1607 5623 1774 5710 Filnio.
1795 5625 2069 5710 Spiritus,
2180 5626 2596 5710 gonferfbpt.
2631 5630 2710 5685 De
2736 5629 2936 5710 δρψ-ξι.
2967 5635 3140 5685 sanet.
3173 5633 3605 5710 mystagogia,

424 5694 536 5752 erit
574 5694 705 5750 Filii
737 5695 896 5754 ﬁlius
929 5694 1180 5771 spiritus
1202 5702 1262 5755 et
1283 5695 1460 5754 Filius
1481 5702 1652 5770 pater
1682 5694 1932 5770 Spiritus
1955 5694 2066 5759 etc;
2180 5699 2372 5758 Nicol.
2403 5699 2662 5756 Methon.
2697 5694 2871 5757 0.321.
