4150 6292
456 297 576 359 203
1719 287 2029 354 NICETE
2070 289 2608 356 MARONIENSIS
3717 295 3822 356 204

525 428 801 500 Sequitur
829 427 1049 499 prolixa
1079 428 1147 483 de
1175 428 1280 483 hoc
1312 430 1658 499 argumento
1691 425 1980 500 tractatio,
2013 423 2105 479 cui
2135 424 2454 500 innectitur
2483 431 2540 481 et
2578 425 2892 500 Athanasii
2935 425 3379 500 celeberrimus,
3400 429 3592 500 textus
3637 427 3782 484 Orat.
3811 430 3834 483 Ι

455 497 658 558 contra
691 497 952 567 Ariahos,
989 503 1025 554 f.
1061 517 1120 554 n.
1147 501 1236 566 50,
1271 497 1470 570 quo—et
1507 500 1746 570 Andron
1777 497 2116 570 Camaterus
2148 497 2333 570 (apud,
2357 497 2605 570 Beccum
2639 498 2739 555 Gr.
2773 497 3016 555 Ortbod.
3048 502 3094 554 ι.
3131 498 3201 566 Il,
3235 515 3292 570 p.
3323 498 3447 561 382)
3491 499 3700 569 aliique
3728 500 3839 570 plu-

456 573 592 628 rimi
625 578 889 641 utuntur,
922 574 992 626 de
1017 587 1132 642 quo
1163 569 1361 627 confer
1381 571 1463 625 De
1493 569 1708 625 Rubeis
1739 570 1981 642 Dissert.
2017 569 2076 622 in
2103 583 2238 639 opp.
2271 569 2692 642 Theophyiacti
2753 575 2796 625 t.
2847 571 2892 640 Ι,
2932 587 2986 640 p.
3038 587 3164 638 XLV,
3199 569 3256 624 n2
3287 571 3358 624 75
3387 571 3484 624 lin.
3517 569 3840 640 Poscquitur

454 645 662 701 deinde
693 645 750 700 in
783 640 994 712 Vatic.,
1027 640 1156 698 cod.
1192 643 1330 696 1115
1359 642 1398 698 f.
1436 643 1496 696 11
1533 642 1589 696 b.
1622 642 1774 697 med.
1807 640 2067 695 Latinus.

526 771 712 841 Majus
778 769 958 841 igitur
1016 769 1340 824 secundum
1394 772 1650 824 vestram
1718 766 2102 822 assertionem
2131 765 2165 831 Α

2288 765 2368 821 Τὸ
2425 771 2608 838 μεῖζον
2659 763 2762 840 ἄρα
2819 766 2954 821 κατὰ
3019 766 3110 820 τὸν
3170 764 3430 839 ὑμέτερον
3475 763 3632 840 λόγον
3662 763 3845 840 εἴληχε

457 860 782 917 secundum
834 863 1148 929 utrumque
1201 858 1447 913 sortitus
1507 861 1596 912 est
1655 857 1821 912 Pater
1880 860 1936 910 et
1993 870 2096 908 non

2219 856 2337 909 κατ’
2367 853 2675 932 ἀμφότερον
2711 857 2738 911 ὁ
2772 857 2980 930 Ηαττςρ·
3017 857 3107 910 καὶ
3149 856 3262 934 οὐχ
3291 858 3428 928 ἡμῖν
3465 853 3669 928 μᾶλλον
3697 858 3840 908 τοῦτο

458 949 648 1020 magis
679 946 866 1014 nobis,
903 963 1076 1018 quam
1113 947 1308 1018 potius
1357 945 1524 1003 vobis
1573 945 1718 1014 ipsis
1759 944 1864 998 hoc
1912 943 2097 997 absur-

2219 944 2281 998 τὸ
2313 941 2534 1013 ἂτοπον,
2566 943 2695 1000 ἀλλ’
2725 946 2937 1006 ἑαυτοῖς
2967 946 3323 1022 συνηγάγετε,
3355 944 3465 1021 εἷ’γε
3495 945 3622 1022 φατὶ
3659 943 3843 998 ἄτοπον

457 1038 598 1093 dum
631 1035 933 1097 intulistis,
980 1034 1264 1108 siquidem
1314 1035 1640 1090 absurdum
1691 1031 1880 1088 dicitis
1919 1031 2096 1102 majus

2219 1031 2283 1086 τὸ
2319 1037 2505 1104 μεῖζον
2544 1035 2680 1088 κατά
2706 1034 2806 1102 τὴν
2841 1031 3109 1105 ἰδιότητα.
3155 1034 3220 1090 Εἰ
3253 1033 3310 1088 δὲ
3343 1034 3420 1108 μὴ
3449 1032 3608 1089 τοῦτο
3640 1031 3845 1100 ἃτοπον,

458 1127 784 1183 secundum
819 1125 1289 1198 proprietatem;
1355 1124 1402 1179 si
1459 1140 1592 1178 vero
1651 1123 1814 1178 vobis
1861 1123 1966 1178 hoc
1997 1137 2097 1176 nor

1286 1145 1289 1184 ;
1355 1124 1402 1179 si
1459 1140 1592 1178 vero
1651 1123 1814 1178 vobis
1861 1123 1966 1178 hoc
1997 1137 2110 1176 non
2227 1118 2368 1193 μηδὲ
2397 1124 2533 1196 ἡμῖν
2567 1121 2742 1178 ἐκεῖνο
2773 1122 2925 1200 φατὲ.

459 1221 546 1272 est
566 1216 917 1280 absurdum,
949 1229 1140 1284 neque
1184 1213 1352 1268 nobis
1389 1213 1715 1268 absurdum
1757 1227 1884 1266 esse
1917 1209 2110 1266 dicite.

525 1305 580 1359 2.
613 1305 694 1375 (ιι)
726 1304 844 1359 GR.
884 1303 1031 1368 Quid
1074 1301 1309 1374 igitur?
1346 1300 1551 1356 Nonne
1607 1301 1723 1356 duo
1769 1300 1909 1356 facis
1951 1299 2111 1371 prin-

2298 1304 2364 1377 β’.
2400 1308 2498 1360 ΓΡ.
2533 1303 2601 1361 Τί
2633 1301 2724 1358 οὗν
2762 1303 2933 1378 ;οὐχὶ
2987 1301 3083 1359 δύο
3141 1309 3318 1367 ποιεῖς
3357 1304 3557 1381 ἀρχὰς,
3605 1303 3654 1358 εἶ
3677 1325 3735 1378 γε
3761 1301 3853 1376 φῂς

457 1393 630 1464 cipia,
665 1393 711 1447 si
746 1391 980 1462 quidem
1013 1391 1100 1446 ais
1133 1391 1413 1461 Spiritum
1455 1405 1524 1445 ex
1557 1393 1726 1444 Patre
1771 1392 1828 1443 et
1870 1404 1940 1444 ex
1973 1387 2096 1443 Filit

2223 1392 2284 1446 τὸ
2321 1393 2538 1465 Πνεῦμα
2593 1390 2653 1446 ἐκ
2689 1397 2786 1448 τοῦ
2843 1394 3052 1467 Πατρὸς
3108 1391 3198 1448 καὶ
3264 1393 3324 1448 ἐκ
3376 1398 3473 1448 τοῦ
3529 1394 3656 1448 ficii
3712 1391 3856 1446 ἐκπο-

459 1482 774 1554 procedere
801 1479 828 1534 ?

2227 1479 2471 1556 ρεύεσθαι
2505 1484 2618 1555 (34)
2653 1501 2665 1551 ;

537 1571 690 1625 LAT.
723 1569 1004 1640 Equidem
1030 1583 1146 1624 non
1179 1575 1333 1638 puto.
1385 1567 1530 1624 Nam
1579 1567 1694 1622 duo
1737 1567 1977 1638 quidem
2027 1567 2114 1620 di-

2298 1573 2466 1627 ΛΑΤ.
2501 1565 2817 1648 ΟύκἜγωγε
2865 1573 3046 1645 οἶμαι·
3104 1572 3166 1627 τὸ
3227 1573 3324 1646 μὲν
3383 1572 3488 1648 γὰρ
3549 1569 3643 1627 δύο
3701 1569 3858 1644 λέγειν

465 1660 598 1715 dem
626 1658 815 1713 dicere
839 1657 1126 1729 principia
1151 1657 1481 1712 absurdum
1514 1660 1622 1724 est,
1657 1656 1814 1712 sicut
1844 1657 2104 1711 asserunt

2227 1659 2403 1735 ἀρχὰς
2434 1659 2658 1715 ἅτοποψ
2693 1661 2882 1716 ὁποῖόν
2911 1683 3038 1739 φασι
3067 1659 3258 1724 παῖδες
3289 1663 3598 1737 αἱρετικῶν,
3653 1662 3746 1730 τὴν
3781 1659 3862 1732 μὶν

465 1747 873 1804 haereticorum
905 1746 1092 1817 pueri,
1124 1746 1219 1818 qui
1247 1763 1426 1800 unum
1463 1749 1729 1801 statuunt
1767 1746 2014 1812 bonum,
2041 1743 2104 1798 al!

2229 1747 2458 1813 τιθέντες
2497 1751 2729 1826 ἀγαθὴν,
2761 1751 2861 1818 τήν
2903 1748 2960 1805 δὲ
2989 1751 3251 1824 πονηρὰν,
3283 1752 3374 1806 καὶ
3425 1754 3527 1822 τήν
3573 1752 3664 1826 μὲν
3699 1750 3868 1822 πηγὴν

469 1841 662 1892 terum
708 1834 938 1903 malum,
999 1833 1142 1890 illud
1187 1835 1416 1906 quidem
1463 1835 1649 1890 omnis
1697 1834 1837 1890 boni
1877 1835 2108 1899 fonteml

2234 1840 2431 1902 παντὸς
2463 1839 2684 1915 ἀγαθοῦ,
2715 1840 2814 1909 τὴν
2849 1836 2906 1894 δὲ
2964 1840 3136 1895 αἰτίαν
3195 1845 3363 1895 κακοῦ
3397 1842 3628 1913 παντὸς,
3659 1837 3873 1897 ἐναντίας

467 1924 580 1980 hoc
611 1940 745 1980 vero
769 1923 962 1979 omnis
995 1923 1130 1979 mali
1163 1940 1421 1988 causam,
1475 1923 1762 1994 principia
1809 1922 1922 1978 sibi
1971 1922 2106 1977 invi-

1654 1923 1762 1994 ipia
1809 1922 1922 1978 Bibi
1971 1922 2121 1977 ἱῐινί·
2229 1927 2508 1999 ἀλλήλαις
2537 1929 2628 1984 καὶ
2659 1927 2910 1984 ἐναντίων
2939 1931 3293 2004 πραγμάτων.

465 2029 590 2069 cem
623 2014 914 2069 contraria
946 2021 1120 2085 atque
1151 2029 1348 2068 rerum
1376 2013 1822 2069 contrariarum.

545 2103 662 2158 GR.
699 2103 970 2200 Attamen
1005 2101 1192 2157 multo
1222 2102 1433 2202 magis,
1469 2117 1639 2202 quam
1671 2101 1862 2202 dicere
1892 2105 2122 2202 contra-
2158 2137 2184 2202 Ι

2304 2111 2407 2164 ΓΡ.
2445 2107 2636 2164 Καίτοι
2680 2107 2878 2180 πολλῷ
2915 2108 3082 2164 πλέον
3145 2109 3507 2184 ἀτοπώτερον
3563 2113 3661 2165 τοῦ
3719 2107 3882 2182 λέγειν

466 2192 687 2248 riorum
719 2191 1014 2246 contraria
1061 2189 1349 2261 principia
1395 2195 1454 2244 et
1507 2190 1622 2244 duo
1671 2189 1900 2244 duabus
1953 2189 2105 2244 rebu:

2247 2196 2494 2252 ἐναντίων
2527 2197 2769 2261 ἐναντίας
2798 2197 2975 2273 ἀρχὰς
3005 2198 3091 2252 καὶ
3125 2199 3222 2260 τὰς
3282 2194 3380 2253 δύο
3420 2196 3574 2253 δυσὶν
3613 2198 3886 2269 ἀπονέμειν

468 2278 730 2333 tribuere
764 2276 1076 2348 principia,
1102 2275 1269 2331 alteri
1301 2275 1571 2346 alterum,
1599 2276 1925 2330 absurdum
1961 2275 2107 2346 plan:

2247 2285 2488 2362 ἑκατέραν
2519 2285 2756 2362 ἐκατέρῳ
2794 2287 2856 2342 τὸ
2897 2284 2992 2342 δύο
3024 2285 3228 2342 τιθέναι
3256 2291 3352 2342 τοῦ
3409 2288 3584 2343 αὐτοῦ
3613 2287 3703 2342 καὶ
3759 2285 3886 2344 ἑνός.

469 2371 555 2422 θεῖ
585 2367 701 2454 duo
747 2365 926 2420 unius
972 2365 1357 2454 βίυεάθωίίυθ
1405 2363 1690 2436 principia
1741 2379 1970 2454 Ροηθῗθ·
2023 2364 2130 2418 Ριθι·
2239 2375 2624 2452 Εὐλογώτερον
2657 2377 2761 2450 γὰρ
2790 2375 2854 2431 τὸ
2883 2369 2934 2430 ἓν
2973 2373 3187 2450 μᾶλλον
3215 2381 3322 2431 τῶν
3353 2374 3460 2431 δύο
3495 2376 3679 2454 ἀρχὴν
3709 2374 3895 2429 τιθέναι

469 2453 618 2510 tioni
648 2454 803 2509 enim
826 2453 1017 2525 magis
1044 2458 1135 2508 est
1156 2456 1844 2518 consentaneum,unum
1876 2453 2108 2508 duorun

1159 2456 1844 2518 consentaneum,unum
1876 2453 2129 2508 duorum
2238 2465 2273 2533 ἢ
2307 2466 2374 2520 τά
2413 2463 2509 2520 δύο
2538 2469 2635 2520 τοῦ
2665 2465 2798 2526 ἑνός.

477 2543 834 2615 principium
867 2546 1146 2610 statuere,
1179 2557 1354 2613 quam
1387 2544 1500 2597 duo
1543 2541 1739 2596 unius.

552 2633 714 2687 LAT.
744 2630 962 2687 Verum
1023 2647 1139 2686 non
1204 2632 1319 2686 duo
1369 2631 1680 2702 principia,
1711 2647 1742 2687 ο
1778 2631 1951 2698 bone,
1989 2629 2133 2686 dici-

2311 2647 2476 2702 ΛΑΤ.
2509 2641 2670 2699 Ἀλλ’
2703 2642 2765 2699 ού
2797 2641 2892 2698 δύο
2922 2642 3119 2720 ἀρχὰς,
3153 2643 3197 2698 ὧ
3229 2641 3422 2714 οὗτος,
3487 2645 3694 2724 φαμὲν,
3729 2639 3901 2708 ἐπειδή

475 2721 1114 2811 muanuandoquidem
1149 2720 1292 2776 dum
1315 2735 1384 2775 ex
1405 2721 1636 2811 (limbus
1666 2719 1927 2811 decimus
1949 2735 2132 2811 “uuln
2244 2731 2294 2804 ἐξ
2327 2731 2529 2811 ἀμφοῖν
2561 2733 2622 2787 τὸ
2652 2729 2706 2787 ἓν
2741 2719 2990 2808 λέγοντες
3018 2731 3184 2787 πάλιν
3235 2733 3343 2787 τῶν
3381 2732 3485 2789 δύο
3501 2719 3584 2790 ’τὸ
3621 2732 3800 2809 ἕτερον
3841 2732 3908 2794 εἷς

485 2826 722 2867 rursum
755 2812 1004 2866 duorum
1034 2809 1283 2866 alterum
1307 2811 1378 2865 ad
1414 2809 1663 2866 alterum
1691 2809 2020 2876 referimus,
2055 2810 2124 2864 ita

2270 2821 2304 2875 ’ὸ
2332 2820 2515 2896 ἓτερον
2546 2821 2905 2900 ἂναφέρομεν,
2947 2821 3021 2883 ὡς
3057 2821 3184 2895 μίαν
3215 2825 3306 2877 καί
3339 2823 3528 2886 οὕτως
3563 2825 3750 2900 ἀρχὴν
3783 2822 3909 2876 εἶναι

487 2906 554 2956 ut
581 2905 642 2956 et
670 2898 755 2955 sic
787 2913 972 2954 unum
1003 2898 1356 2970 principium
1391 2899 1641 2955 duorum
1673 2897 1754 2954 sit
1785 2913 2038 2956 unum...

1077 2898 1356 2970 incipium
1391 2899 1641 2955 duorum
1673 2897 1754 2954 sit
1785 2913 2038 2956 unum...
2245 2915 2351 2966 τῶν
2377 2908 2472 2966 δύο
2501 2911 2564 2966 τὸ
2592 2897 2715 2970 ἓνξη

549 3115 649 3171 His
663 3115 904 3172 uberius
917 3117 1332 3173 demontratis
1349 3117 1587 3174 Latinus
1607 3117 1805 3184 f.12,a.
1831 3117 1982 3174 med.
2011 3116 2091 3173 ait
2121 3131 2136 3172 :

553 3323 657 3380 Dic
679 3322 882 3395 igitur,
907 3324 956 3378 si
978 3323 1179 3392 habes,
1212 3323 1374 3380 aliud
1415 3325 1738 3381 absurdum
1765 3326 1976 3396 dogma
2003 3342 2138 3383 nos-

2319 3332 2454 3402 Λὲγε
2483 3327 2664 3382 τοίνυν
2719 3325 2766 3380 εί
2824 3319 2971 3401 ἔχεις
3027 3325 3210 3402 ἓτερον
3263 3323 3480 3384 ἃτοπον
3529 3333 3617 3400 τῷ
3675 3325 3922 3398 ἡμετέρῳ

485 3417 644 3470 trum
677 3431 968 3486 sequens:
1003 3431 1129 3487 quae
1163 3416 1436 3487 praedicta
1461 3425 1620 3483 sunt,
1645 3433 1712 3472 ea
1741 3418 1830 3474 vel
1862 3434 1975 3473 non
2007 3435 2124 3474 vera

2292 3416 2515 3490 πιόμενον
2568 3413 2820 3490 δόγματι·
2855 3415 2929 3476 ὡς
2993 3412 3062 3469 τά
3117 3435 3178 3492 γε
3208 3417 3608 3492 προειρημένα
3671 3413 3931 3471 δέδεικται

491 3520 620 3562 esse
648 3503 902 3560 absurda
951 3504 1042 3559 vel
1091 3521 1207 3560 non
1259 3505 1394 3560 inde
1439 3507 1858 3578 consequentia
1905 3512 2130 3563 ostensa

2320 3502 2450 3560 ὄντα
2484 3506 2560 3578 μὴ
2621 3501 2799 3558 ἄτοπα
2830 3503 2866 3573 ἢ
2921 3503 2996 3576 μή
3057 3503 3309 3577 ἑπόμενα.
3357 3506 3710 3580 Σοφιστικὸν
3765 3502 3822 3558 δὲ
3873 3500 3937 3554 τὰ

493 3597 653 3650 sunt.
689 3593 1078 3664 Sophisticum
1111 3609 1242 3649 vero
1273 3598 1363 3650 est
1393 3611 1521 3665 quae
1553 3612 1666 3650 non
1718 3599 1858 3651 sunt
1905 3613 2132 3653 consec-

2300 3595 2603 3667 ὴέπόμενα
2650 3590 2826 3668 λέγειν
2889 3591 3146 3665 ἑπόμενα,
3195 3593 3286 3648 καὶ
3341 3596 3418 3650 τὰ
3485 3597 3571 3670 μὴ
3633 3593 3815 3650 litora
3873 3587 3939 3650 ὠς

495 3684 648 3740 taria
669 3682 960 3754 appellare
989 3684 1348 3739 consectaria
1377 3688 1433 3739 et
1464 3701 1595 3755 quae
1625 3701 1736 3740 non
1771 3690 1910 3741 sunt
1938 3687 2134 3745 absur-

1083 3684 1348 3739 isectaria
1377 3688 1433 3739 et
1464 3701 1595 3755 quae
1625 3701 1736 3740 non
1771 3690 1910 3741 sunt
1938 3687 2144 3745 absur-
2255 3683 2430 3740 ἄτοπα
2464 3681 2722 3746 τίθεσθαι.

505 3774 580 3828 da
609 3789 714 3844 pro
741 3773 1014 3828 absurdis
1043 3773 1372 3829 oblrudere.
2273 3765 2276 3768 ’

577 3864 630 3917 3.
659 3860 771 3916 GR.
806 3859 879 3932 (υ)
906 3861 1016 3916 Sed
1044 3861 1096 3915 si
1125 3863 1372 3932 Spiritus
1405 3863 1664 3932 procedit
1693 3863 1926 3934 quidem
1953 3880 2022 3919 ex
2042 3865 2148 3919 Pa-

2328 3869 2396 3936 γ’.
2446 3867 2549 3918 ΓΡ.
2582 3856 2737 3916 Ἀλλ’
2796 3858 2842 3912 εί
2899 3859 2960 3913 τὸ
3018 3859 3240 3932 Ηνεῦμα
3298 3857 3688 3936 ἐκπορεύεται
3747 3862 3840 3935 μὲν
3895 3855 3947 3910 ἐκ

500 3953 610 4018 tre,
643 3949 904 4020 procedit
933 3967 1063 4005 vero
1082 3951 1259 4004 etiam
1280 3967 1350 4005 ex
1365 3950 1525 4018 Filio,
1549 3957 1606 4006 et
1628 3951 1680 4006 si
1727 3952 1980 4023 Spiritus
2011 3969 2139 4024 pro-

2307 3953 2352 4004 ›ὕ
2393 3948 2626 4021 Ματρὸς,
2683 3945 3026 4021 ἐκπορεύεται
3087 3944 3143 4002 δὲ
3189 3949 3279 4002 καὶ
3347 3947 3416 4004 ἐκ
3501 3955 3610 4006 τοῦ
3677 3951 3828 4018 Ποῦ,
3865 3943 3946 4001 καί

503 4040 714 4094 ductor
740 4043 832 4093 est
860 4043 1049 4107 Pater,
1083 4044 1140 4093 et
1170 4039 1482 4110 productor
1509 4055 1737 4110 quoque
1767 4041 1970 4107 Filius,
2002 4059 2142 4112 quae-

2322 4059 2373 4092 τι
2402 4041 2499 4091 τοῦ
2533 4035 2845 4108 Πνεύματος
2869 4031 3175 4109 προϐολεὺς
3216 4037 3305 4091 καὶ
3369 4040 3400 4092 ὁ
3483 4043 3715 4116 Ηατῆρ,
3751 4033 3955 4112 προϐο-

509 4142 648 4180 nam
672 4131 761 4179 est
787 4125 1280 4180 diﬂerentiainler
1301 4129 1709 4197 productorem
1747 4135 1805 4184 et
1835 4131 2148 4200 producto-

2314 4126 2388 4188 εὺς
2419 4127 2506 4180 καὶ
2559 4127 2588 4179 ὁ
2659 4125 2805 4194 Υἱὸς,
2845 4125 2928 4186 τίς
2973 4127 3006 4193 ἡ
3043 4123 3274 4202 διαφορᾶ
3303 4124 3666 4202 προϐολέως
3695 4129 3790 4184 καὶ
3827 4145 3953 4202 προ-

510 4230 656 4280 rem,
690 4215 844 4269 inter
865 4215 1292 4284 processionem
1325 4233 1392 4270 ex
1424 4217 1590 4272 Patre
1625 4223 1683 4274 et
1723 4219 2149 4289 processionem

2321 4215 2495 4282 ιλέως,
2529 4213 2896 4289 ἐκπορεύσεως
2929 4221 3029 4284 τῆς
3060 4213 3118 4268 ἐκ
3158 4217 3370 4289 Πατρὸς
3407 4221 3512 4273 καὶ
3581 4219 3960 4294 Europe-335w:

507 4318 577 4358 ex
609 4301 751 4357 Filio
781 4301 808 4356 ?

2263 4311 2364 4374 τῆς
2392 4303 2452 4358 ἐκ
2470 4308 2566 4358 τοῦ
2597 4301 2724 4357 Υίοῦ
2757 4305 2866 4374 (35)
2901 4321 2913 4371 ;

583 4396 737 4451 LAT.
777 4395 872 4450 Dic
903 4394 1045 4450 mihi
1103 4396 1264 4465 prius
1322 4399 1379 4450 et
1429 4395 1575 4468 ipse,
1633 4413 1898 4466 quaenam
1949 4399 2022 4456 sit
2053 4399 2156 4454 dif-

2337 4394 2498 4450 ΛΑΤ.
2535 4394 2750 4464 Φράσον
2786 4411 2879 4462 μοι
2921 4392 3184 4466 πρότερον
3233 4393 3326 4447 καὶ
3399 4397 3617 4467 αὐτὸς,
3653 4399 3742 4454 τίς
3776 4401 3811 4467 ἡ
3847 4395 3963 4451 δια-

511 4486 756 4541 ferentia
801 4485 956 4540 inter
998 4486 1430 4555 generationem
1497 4493 1552 4539 et
1599 4487 2047 4556 processionem,
2101 4494 2150 4544 et

2325 4481 2410 4556 ›ρὰ
2471 4483 2768 4557 γεννήσεως
2824 4480 2914 4535 καὶ
2970 4479 3360 4555 ἐκπορεύσεως,
3445 4485 3624 4562 κάγώ
3691 4509 3782 4542 σοι
3845 4485 3964 4559 ἐρῶ,

508 4591 613 4646 ego
649 4575 754 4630 tibi
785 4575 999 4643 dicam,
1028 4591 1158 4646 quae
1189 4575 1266 4629 sit
1296 4573 1628 4630 differentia
1659 4575 1815 4630 inter
1843 4579 2147 4648 processio-

2334 4593 2350 4632 ;
2409 4573 2443 4640 ἡ
2507 4567 2738 4646 διαφορὰ
2803 4569 3174 4642 ἐκπορεύσεως
3258 4578 3362 4641 τῆς
3465 4575 3536 4631 ἐκ
3603 4579 3832 4653 Burgi);
3889 4571 3973 4628 καὶ

510 4681 644 4720 nem
679 4681 746 4720 ex
776 4666 941 4720 Patre
995 4670 1052 4720 et
1111 4664 1543 4736 processionem
1595 4681 1661 4720 ex
1705 4665 1867 4722 Filio.
1916 4668 1978 4722 In
2021 4686 2149 4740 prae-

2337 4656 2637 4734 πορεύσεως
2667 4659 2767 4728 τῆς
2797 4658 2856 4712 ἐκ
2886 4663 2984 4712 τοῦ
3025 4661 3173 4716 Υἱοῢ.
3207 4661 3317 4718 Νῦν
3385 4659 3452 4718 δὲ
3496 4672 3785 4722 τοσοῦτον
3823 4667 3976 4736 λέξω,

509 4753 698 4808 sentia
719 4759 942 4809 tantum
969 4754 1183 4818 dicam,
1217 4753 1374 4808 haud
1418 4753 1673 4809 dividere
1705 4757 1937 4826 tempus
1973 4757 2148 4812 ullum

2342 4770 2355 4802 t
2385 4746 2447 4802 οὐ
2481 4745 2682 4820 χρόνος
2711 4743 2984 4818 διατέμνει
3014 4767 3097 4809 τις
3143 4749 3242 4817 τὴν
3273 4745 3333 4801 ἐκ
3365 4756 3484 4806 τοῦ
3548 4756 3782 4830 Πατρὸς
3817 4750 3981 4808 ὲκπό..

512 4841 944 4909 processionem
975 4859 1044 4897 ex
1067 4841 1235 4897 Patre
1295 4847 1350 4897 et
1410 4843 1840 4914 processionem
1883 4862 1952 4900 ex
1999 4847 2141 4902 Filio

2346 4855 2452 4889 mv
2477 4835 2568 4889 καὶ
2593 4835 2694 4902 τήν
2726 4833 2785 4888 ἐκ
2811 4839 2908 4889 τοῦ
2939 4835 3092 4892 Υἱοῦ.
3127 4835 3204 4891 Οὐ
3265 4837 3374 4911 γὰρ
3445 4843 3753 4918 πρότερον
3805 4843 3902 4916 μὲν
3933 4838 3985 4891 ἐκ

505 4926 700 4998 Neque
755 4929 910 4984 enim
959 4933 1120 5000 prius
1195 4932 1435 5002 quidem
1517 4948 1585 4987 ex
1661 4939 1824 5002 patre
1893 4937 2134 5005 procedi

2348 4924 2611 4999 ΞΠατρὸς
2639 4923 3010 5000 ἐκπορεύεται,
3066 4925 3283 4999 ὕστερον
3341 4923 3411 4980 δὲ
3477 4927 3549 4986 ἐκ
3612 4936 3722 4988 τοῦ
3772 4925 3987 4996 1’ὶοῦ,ἢ

584 5090 696 5178 (ἓξ4)
747 5091 893 5180 Nota
951 5093 1349 5198 margipqlis’:
1395 5095 1618 5198 ’Έτερὲν
1664 5094 1888 5188 ἄτοπον,
1935 5097 2016 5152 ὃτι
2069 5095 2164 5154 δύο

584 5181 833 5198 υηυΛυη-ηι
869 5181 1034 5198 Alﬁ-un-
1069 5183 1161 5198 η-ηη
1243 5183 1507 5198 “gnua—rt-
1623 5173 1809 5198 11..-..-
1840 5169 1928 5198 ..-ξ
1965 5169 1988 5198 Σ.
2015 5171 2160 5198 γιςλ-.

2355 5103 2461 5198 ξ3Ἷ5)
2495 5106 2642 5193 Nota
2684 5104 3060 5198 marginalia:
3104 5103 3364 5192 ξΑπορία·
3405 5107 3506 5194 τίς
3575 5107 3836 5198 διαφορὰ
3867 5127 3994 5182 προ-

517 5167 837 5252 σονᾱγονται
869 5167 1161 5252 αρχοιίποῦ
1197 5167 1527 5236 Πνεύματος,
1561 5167 1589 5220 ὁ
1622 5170 1810 5241 Πατὴρ
1840 5169 1930 5223 καὶ
1963 5169 1990 5222 ὁ
2015 5171 2160 5234 Υἱὸς·
2276 5167 2487 5252 ϐολέώς
2525 5175 2615 5228 καὶ
2645 5167 2971 5252 προβοιλὲως
3029 5174 3120 5229 καὶ
3179 5167 3610 5248 ἐκπορεύεσθαι
3681 5167 3780 5239 καί
3836 5167 4000 5237 ἐκπο-

515 5232 604 5285 καὶ
637 5232 771 5306 τξρὸς
805 5232 981 5288 τοῦἒό
1003 5232 1178 5294 λύσις.
1340 5232 1350 5236 ⁷
1515 5232 1522 5235 ’
1761 5232 1791 5241 Ἶ
2127 5232 2132 5234 ’
2276 5232 2543 5322 ρεύεσθαι·
2573 5245 2664 5302 καὶ
2689 5232 2875 5308 λύσις.

587 5404 1370 5493 _(u)lA.lter‘um._absurdum,
1421 5410 1568 5493 quod
1641 5411 2168 5493 d_uo__i_nducu_ntur
2319 5413 2420 5493 _(v)
2455 5411 2783 5493 Difficultas
2816 5413 3542 5493 :_Qumnam_diﬂ'erentia
3581 5421 3754 5479 inter
3789 5419 4007 5493 produ-

513 5477 1089 5602 principiaﬁpiritus
1158 5479 1365 5546 sancti,
1415 5477 1587 5564 lfater
1634 5487 1690 5537 et
1741 5484 1941 5539 Filius.
1985 5491 2052 5542 Et
2093 5488 2162 5567 ad
2277 5477 2495 5540 ctorem
2531 5491 2588 5540 et
2620 5477 3047 5568 productorem,
3108 5489 3284 5557 atque
3345 5487 3532 5546 inter
3587 5477 3928 5568 procedere
3957 5493 4010 5546 et

558 5563 622 5601 00
653 5548 884 5602 solutio.
919 5551 998 5602 Cf.
1033 5549 1195 5602 Phot.
1232 5551 1304 5602 De
1349 5551 1542 5602 Smrlt.
1592 5557 1764 5602 sanat-
1798 5566 2162 5602 musta/mam-
2281 5559 2610 5602 nrnnedere.
2647 5557 2713 5602 Et.
2742 5557 2971 5602 snlnlm-

513 5548 622 5694 2:;
653 5548 998 5674 szlutiollf.
1033 5549 1195 5606 Phot.
1231 5551 1304 5608 De
1349 5551 1542 5624 Spirit.
1592 5557 1764 5610 sanet.
1798 5558 2162 5629 mystagogia,
2281 5548 2713 5630 procederefEt
2742 5557 2971 5615 solutio.
