4150 6292
314 326 399 387 265
1293 336 1395 396 DE
1438 335 1977 399 PROCESSIONE
2019 335 2376 399 SPlRlTUS
2419 338 2718 401 SANCTI.

3599 345 3716 405 206

328 459 555 530 ἆνᾶπαλιν,
585 461 721 518 ἀλλ’
765 463 1212 538 ἐκπορευόμενον
1245 464 1304 520 ἐκ
1353 471 1450 521 τοῦ
1481 468 1697 543 Πατρὸς
1739 465 1828 522 διὰ
1857 472 1949 523 τοῦ

2064 471 2334 543 Spiritus,
2367 475 2423 525 et
2453 472 2742 542 posterius
2771 488 2839 528 ex
2871 472 3015 529 Filio
3046 473 3134 530 vel
3189 473 3311 529 vice
3359 491 3527 532 versa
3561 494 3576 533 :
3618 479 3719 534 sed

339 549 427 603 Υἱοῦ
472 547 848 624 ἓκπορεύεται,
914 554 1007 607 καὶ
1066 551 1493 628 ἐκπορευόμενον
1548 556 1606 610 ἐκ
1651 561 1747 611 τοῦ
1798 558 1949 627 Υἱοῦ,

343 637 394 700 ὡς
415 635 479 692 διὰ
511 640 672 711 μέσου
703 646 809 696 τοῦ
874 645 1027 710 Υἱοῦ,
1057 645 1146 698 καὶ
1205 643 1264 699 ἐκ
1307 646 1539 719 Ηατρὸς,
1571 646 1645 707 ὡς
1676 647 1736 699 ἐκ
1766 653 1949 720 πηγῆς

340 732 408 781 τοῦ
432 730 558 797 Υἱοῦ,
593 730 978 806 ἐκπορεύεται’
1007 740 1097 788 καί
1149 735 1250 788 οὐκ
1281 730 1392 788 ἔστι
1448 742 1548 804 τῆς
1578 735 1949 809 ἐκπορεύσεως

334 817 488 886 ταύτης
549 816 808 898 διαφορὰ,
841 821 890 875 εἰ
952 823 1031 893 μή
1062 844 1143 884 τις
1176 824 1329 899 Λὲγοι
1380 825 1442 878 τὸ
1474 822 1710 897 ἔμμεσον
1743 824 1832 879 καὶ
1889 825 1950 878 τὸ

329 905 492 979 ἔμεσον
545 909 638 964 καὶ
695 911 836 964 κατᾶ
885 916 1058 966 ταῦτα
1114 909 1395 983 δυάζεσθαι
1440 913 1699 988 βούλοιτο
1731 917 1827 984 τὴν
1862 914 1950 969 ἐκ-

323 998 568 1071 πόρευσιν,
603 998 717 1054 ἐπεὶ
767 1003 906 1056 κατὰ
963 1000 1028 1075 γὲ
1089 1023 1140 1056 τι
1200 1001 1341 1058 ἄλλο
1370 1002 1469 1058 οὐκ
1513 1001 1654 1058 ἔστιν
1685 1001 1946 1077 οὐδεμίαν

321 1086 464 1156 αὐτῆς
493 1089 775 1157 ἐπινοῆσαι
810 1087 1092 1165 διαφοράν.

376 1172 430 1232 δ’.
464 1178 561 1232 ΓΡ.
595 1176 662 1232 Εἰ
704 1178 794 1231 οὖν
830 1179 858 1232 6
892 1183 1076 1252 Πατήρ
1113 1181 1206 1252 μὲν
1277 1179 1366 1236 διὰ
1399 1183 1563 1254 μέσου
1599 1186 1700 1237 τοῦ
1730 1184 1858 1237 Υἱοῦ
1887 1184 1948 1238 τὸ

306 1269 505 1338 Πνεῦμα
532 1261 992 1341 προϐαλλόμενος
1035 1267 1288 1343 ἐμμὲσως
1341 1276 1506 1328 τοῦτο
1545 1268 1946 1346 προϐάλλεται,

304 1355 330 1408 6
359 1355 473 1416 Υἱὸς
500 1352 555 1409 δὲ
593 1356 809 1428 ἆμέσως
841 1358 904 1412 τὸ
955 1357 1084 1414 αὐτὸ
1113 1361 1384 1434 προῖεται,
1425 1361 1510 1416 ὅτι
1545 1362 1622 1434 μὴ
1656 1359 1725 1416 δι’
1758 1361 1947 1436 ὲτὲρου

300 1443 464 1513 τινὸς,
495 1442 577 1513 εἲη
610 1442 672 1498 ἄν
703 1445 730 1499 ὁ
761 1445 887 1508 Υἱὸς
917 1449 1186 1523 προσεχὲς
1241 1453 1339 1504 τοῦ
1407 1450 1716 1522 Πνεύματος
1748 1447 1946 1521 αἴτιον,

302 1528 417 1586 ὁδε
445 1533 631 1606 Πατὴρ
698 1534 762 1588 οὐ
821 1538 1112 1610 προσεχέςο
1152 1537 1241 1592 καὶ
1301 1535 1476 1600 οὕτως
1543 1534 1684 1594 ἔσται
1749 1540 1776 1593 ὁ
1850 1541 1945 1612 μὲν

299 1621 480 1695 Πατήρ
539 1625 757 1696 πρῶτον
812 1623 1014 1692 αἴτιον,
1075 1626 1102 1680 6
1160 1623 1218 1680 δὲ
1272 1627 1402 1689 Υἱὸς
1459 1628 1573 1701 μετ’
1621 1626 1807 1697 αὐτὸν,
1852 1629 1944 1682 καὶ

299 1711 438 1765 οὓτω
506 1707 567 1764 δὲ
620 1711 787 1766 πάλιν
846 1711 1272 1784 ἆκολουθήσειή
1334 1717 1520 1793 ὕφεσις
1568 1721 1647 1788 τῷ
1677 1717 1787 1788 Υἱῷ
1846 1718 1940 1790 μὲν

2062 562 2378 630 procedens
2407 577 2474 617 ex
2506 562 2673 618 Patre
2703 579 2805 634 per
2854 563 3067 620 Filium
3125 565 3405 635 procedit,
3437 570 3496 622 et
3530 584 3721 638 prece.

2059 651 2205 706 deus
2236 667 2304 705 ex
2333 650 2498 720 Filio,
2531 656 2596 706 ut
2625 669 2728 724 per
2759 653 3016 709 medium
3046 653 3278 719 Filium,
3312 659 3370 709 et
3419 671 3488 710 ex
3530 660 3717 724 Patre,

2061 742 2126 793 ut
2154 756 2223 794 ex
2255 739 2409 794 fonte
2445 740 2590 808 Filii,
2622 741 2900 810 procedit.
2951 746 3018 797 Et
3068 760 3184 797 non
3235 747 3322 798 est
3371 743 3546 814 hujus
3577 762 3711 816 pro-

2060 828 2340 882 cessionis
2371 828 2718 898 differentia,
2755 830 2863 885 nisi
2926 832 3069 885 torte
3112 832 3244 902 quis
3296 833 3612 888 mediatum
3653 838 3712 889 et

2059 915 2466 971 immediatum
2500 918 2747 988 proferat
2775 924 2832 974 et
2868 921 3187 975 secundum
3244 921 3362 977 haec
3420 920 3705 991 duplicari

2059 1005 2191 1059 velit
2255 1007 2706 1076 processionem,
2755 1024 2886 1063 cum
2951 1010 3272 1064 secundum
3323 1009 3480 1064 aliud
3532 1010 3703 1082 quid-

2061 1090 2216 1162 piam
2251 1091 2414 1148 nulla
2439 1093 2567 1164 ejus
2597 1094 2924 1150 differentia
2953 1099 3151 1166 posset
3180 1095 3512 1166 excogitari.

2129 1179 2247 1235 GR.
2280 1182 2339 1236 Si
2391 1181 2567 1252 igitur
2616 1189 2784 1238 Pater
2830 1183 3065 1254 quidem
3133 1200 3234 1254 per
3289 1185 3549 1240 medium
3609 1186 3703 1242 Fi-

2059 1268 2201 1324 lium
2248 1269 2528 1340 Spiritum
2584 1273 2904 1343 producens
2955 1272 3202 1329 mediate
3247 1289 3378 1328 cum
3424 1273 3704 1344 producit,

2059 1358 2240 1414 Filius
2270 1374 2404 1414 vero
2435 1361 2773 1417 immediate
2806 1376 2942 1416 eum
2973 1362 3208 1429 emittit,
3257 1363 3394 1433 quia
3441 1376 3558 1418 non
3608 1378 3709 1434 per

2057 1447 2235 1503 alium
2269 1449 2622 1519 quempiam,
2645 1449 2821 1505 Filius
2850 1450 3000 1506 foret
3037 1451 3366 1522 proximum
3415 1467 3518 1508 seu
3567 1467 3707 1508 con-

2058 1536 2282 1607 tiguum
2313 1536 2563 1606 Spiritus
2591 1537 2969 1610 principium,
3026 1545 3197 1597 Pater
3241 1557 3372 1596 vero
3423 1557 3538 1596 non
3579 1557 3707 1598 con-

2056 1624 2302 1696 tiguum.
2337 1627 2405 1680 Et
2434 1626 2516 1680 sic
2554 1626 2660 1682 erit
2686 1627 2854 1684 Pater
2900 1629 3133 1700 quidem
3184 1629 3441 1701 primum
3489 1629 3707 1700 princi-

2055 1713 2241 1785 pium,
2277 1713 2449 1769 Filius
2483 1729 2618 1771 vero
2667 1723 2794 1788 post
2840 1717 3052 1786 ipsum,
3112 1724 3169 1772 et
3213 1718 3298 1775 sic
3335 1735 3573 1774 rursum
3616 1735 3705 1774 se-

295 1801 426 1873 πρὸς
452 1800 548 1854 τὸν
576 1799 810 1874 Πατέρα,
842 1805 922 1874 τῷ
975 1802 1246 1876 Πνεῦματι
1279 1803 1337 1859 δὶ
1365 1806 1500 1879 πρὸς
1528 1805 1620 1860 τὸν
1653 1807 1804 1875 Υἱον,
1854 1806 1945 1860 καὶ

2064 1807 2263 1873 quetur
2294 1802 2650 1860 inferioritas
2679 1809 2801 1860 tum
2831 1805 3042 1861 Filium
3076 1808 3267 1878 quoad
3305 1810 3534 1862 Patrem
3583 1814 3703 1863 tum

291 1886 595 1960 ἓξειοῧτως
629 1890 819 1965 χώραν
868 1891 1089 1966 "Apr-:10;
1145 1893 1236 1948 καὶ
1293 1893 1562 1968 Εὐνόμιος
1623 1896 1713 1950 καὶ
1775 1899 1946 1952 Μακε-

289 1975 463 2042 δόνιος
494 1979 588 2034 καὶ
619 1979 1081 2056 Ἀπολλινάριος.

349 2161 518 2216 ΛΑΤ.
543 2156 724 2216 Ἀλλὰ
755 2159 966 2236 θάῤῥει,
1007 2158 1052 2213 ὦ
1090 2160 1276 2237 ἀγαθέ’
1311 2162 1374 2216 οὐ
1408 2161 1598 2237 χώραν
1627 2163 1752 2237 παρ’
1807 2165 1944 2235 ἡμῖν

278 2244 380 2318 ’ἐξει
413 2244 539 2302 οὔτε
571 2253 790 2324 ’Ἄρειος
854 2246 978 2304 οὔτε
1032 2249 1301 2323 Εὐνόμιος
1359 2251 1482 2307 οὒτε
1540 2249 1870 2314 Μακεδόνιος
1910 2255 1944 2324 ἢ

279 2334 708 2411 Απολλινάριος.
743 2337 914 2395 Οὗτοι
946 2338 1048 2412 γὲιρ
1081 2339 1312 2402 ἅπαντες
1359 2343 1458 2409 τὴν
1515 2341 1745 2411 θεότητα
1777 2340 1812 2408 ἢ
1869 2340 1946 2401 εἷς

286 2423 576 2503 διαφόρους
606 2427 869 2498 θεότητας
929 2427 1346 2502 κατατέμνουσι,
1409 2429 1498 2484 καὶ
1556 2430 1655 2497 τὴν
1693 2429 1787 2502 μὲν
1824 2430 1948 2502 μεί·

289 2519 413 2582 ζονα
438 2515 690 2584 τίθενταί,
721 2518 824 2586 τήν
880 2514 936 2571 δὲ
967 2515 1254 2588 ἐλάττονα,
1309 2519 1409 2587 τὴν
1472 2516 1530 2573 δὲ
1572 2519 1750 2590 μέσως
1782 2516 1946 2593 ἔχουο

294 2623 409 2674 σιω,
437 2605 474 2671 ἣ
501 2612 600 2674 τῆς
628 2606 890 2661 ἀκτίστου
943 2607 1154 2680 φύσεως
1211 2611 1310 2664 τοῦ
1373 2609 1584 2682 Πατρὸς
1614 2606 1951 2683 ἀλλοτριοῦ-

303 2712 406 2758 σιν,
459 2693 496 2758 ἦ
549 2694 634 2748 καὶ
691 2695 785 2750 τὸν
847 2696 976 2750 Υἱὸν
1040 2696 1130 2750 καὶ
1187 2696 1248 2750 τὸ
1307 2700 1523 2768 Πνεῦμα
1591 2695 1952 2766 ὑπαλλήλους

306 2778 506 2854 φύσεις,
531 2781 594 2833 ἶν’
625 2783 796 2845 οὕτως
828 2783 970 2838 εἲπω
998 2788 1191 2855 ταῦτα,
1239 2784 1330 2840 καὶ
1382 2783 1584 2859 κτίσμα
1636 2782 1763 2839 τόδε
1790 2781 1952 2839 τοῦδε

297 2867 388 2923 ιιαέ
421 2872 580 2923 τοῦτο
628 2871 829 2927 ἐκείνου
887 2873 1188 2946 τιθέμενοι,
1257 2875 1291 2943 ἢ
1340 2875 1402 2928 τὸ
1463 2877 1679 2947 Πνεῦμα
1736 2873 1948 2934 πάντως

287 2958 367 3019 εἰς
397 2961 494 3029 τήν
524 2963 624 3014 τῶν
684 2962 1006 3034 κτισμάτων
1069 2962 1216 3032 τάξιν
1281 2963 1627 3038 κατάγοντες·
1688 2961 1816 3036 παρ’
1864 2962 1949 3022 οἷς

281 3048 374 3103 καὶ
402 3051 465 3104 τὸ
498 3056 717 3125 πρῶτον
780 3050 880 3105 οὐκ
937 3047 1166 3113 εὐλαϐὲς
1206 3053 1296 3107 καὶ
1353 3053 1416 3107 τὸ
1446 3053 1719 3127 προσεχὲς
1765 3046 1952 3112 ἀσεϐὲς

273 3139 453 3193 καὶτὸ
488 3141 655 3212 μέσον
717 3139 1060 3214 παρόμοιον,
1089 3139 1178 3195 καὶ
1210 3141 1272 3195 τὸ
1335 3146 1518 3214 μεῖζον
1569 3141 1659 3195 καὶ
1690 3141 1752 3194 τὸ
1790 3135 1949 3195 ἔλατ-

273 3248 359 3283 τον
387 3231 478 3282 καὶ
509 3231 548 3297 ἡ
577 3229 725 3298 τάξις
785 3228 983 3290 ἁπλῶς
1013 3229 1102 3283 καὶ
1156 3231 1220 3284 τὸ
1274 3231 1380 3303 πρὸ
1409 3228 1570 3285 τοῦδε
1594 3229 1686 3283 καὶ
1723 3229 1786 3284 τὸ
1817 3227 1951 3302 μετὰ

277 3315 395 3372 τόδε
423 3320 518 3372 καὶ
549 3320 620 3372 τὰ
650 3318 774 3388 ἑξῆς
803 3320 987 3374 καὶτὰ
1023 3317 1212 3374 τοιάδε
1240 3325 1348 3375 τῶν
1384 3319 1671 3394 ὀνομάτων
1702 3322 1772 3392 τῇ
1799 3322 1949 3395 σφῶν

283 3403 494 3479 ἀσεϐείᾳ
537 3406 918 3478 καταλλήλως
971 3409 1264 3479 νοούμενα.
1325 3410 1456 3485 Παρ⁹
1513 3411 1647 3481 ἡμῖν
1701 3406 1873 3462 δὲκαὶ
1914 3408 1948 3476 ἡ

281 3497 450 3564 τάξις,
497 3497 544 3552 εἷ
607 3497 852 3571 λέγοιτο,
914 3499 1036 3553 κατ’
1096 3493 1332 3560 εὐσεϐεῖς
1390 3495 1696 3573 λογισμοὺς
1738 3496 1824 3551 ἐπὶ
1853 3502 1955 3565 τῆς

289 3584 438 3658 ἁγίας
468 3584 711 3660 Τριάδος
741 3581 1230 3660 παραλαμϐάνεται
1261 3587 1352 3641 καὶ
1380 3587 1444 3642 τὸ
1503 3591 1720 3662 πρῶτον
1773 3585 1862 3640 καὶ
1890 3584 1952 3639 16

289 3677 623 3750 πρότερον...

2057 1890 2330 1961 Spiritum
2383 1892 2573 1963 quoad
2634 1892 2846 1948 Filium
2882 1917 2896 1962 ;
2947 1898 3003 1950 et
3041 1893 3123 1950 sic
3166 1894 3358 1951 locum
3403 1895 3704 1951 habebunt

2057 1981 2227 2036 Arius
2253 1987 2310 2036 et
2356 1982 2698 2048 Eunomius,
2750 1983 3125 2041 Macedonius
3173 1990 3350 2056 atque
3395 1984 3699 2056 Apollina-

2054 2069 2181 2125 rius
2212 2071 2312 2142 (τε).

2128 2160 2283 2218 LAT.
2317 2159 2526 2217 Verum
2556 2161 2709 2218 bono
2731 2162 2929 2220 animo
2955 2166 3104 2234 esto,
3162 2180 3194 2220 ο
3234 2163 3414 2232 bone;
3451 2180 3568 2220 non
3600 2164 3703 2221 ba-

2056 2249 2213 2306 bebit
2243 2250 2398 2322 apud
2430 2267 2536 2306 nos
2569 2248 2762 2308 locum
2800 2268 2984 2324 neque
3033 2253 3228 2319 Arius,
3277 2269 3466 2325 neque
3515 2257 3704 2310 Euno-

2057 2339 2232 2408 mius,
2265 2355 2450 2410 neque
2499 2341 2890 2410 Macedonius,
2939 2356 3126 2413 neque
3171 2342 3582 2414 Apollinarius.
3635 2342 3710 2398 Ut

2056 2428 2212 2485 enim
2245 2445 2446 2483 omnes
2505 2429 2790 2486 Deitatem
2845 2430 2934 2486 vel
2988 2431 3048 2484 in
3102 2431 3355 2487 diversas
3416 2432 3713 2488 dissecant

2057 2517 2319 2584 deitates,
2355 2523 2412 2572 et
2441 2517 2614 2572 aliam
2649 2519 2882 2588 quidem
2908 2520 3190 2589 majorem
3223 2525 3510 2586 statuunt,
3530 2520 3703 2575 aliam

2055 2620 2189 2660 vero
2222 2605 2528 2669 minorem,
2560 2605 2734 2660 aliam
2798 2607 2858 2661 in
2912 2608 3102 2662 medio
3152 2624 3215 2662 se
3266 2608 3714 2674 babentem,vel
3761 2631 3764 2633 λ

2059 2694 2130 2748 ab
2163 2694 2424 2748 increata
2466 2698 2666 2748 natura
2713 2696 2900 2748 Patris
2948 2700 3223 2765 separant
3270 2695 3357 2750 vel
3405 2696 3580 2751 etiam
3620 2695 3714 2749 Fi-

2059 2780 2206 2837 lium
2242 2786 2417 2852 atque
2441 2782 2724 2853 Spiritum
2784 2782 3149 2837 subalternas
3205 2789 3469 2850 naturas,
3514 2787 3578 2838 ut
3633 2783 3712 2837 ita

2058 2887 2122 2926 ea
2150 2871 2364 2939 dicam,
2397 2875 2455 2926 et
2484 2875 2808 2926 creaturam
2840 2870 3086 2926 alterum
3117 2870 3357 2927 alterius
3404 2876 3463 2927 et
3503 2871 3611 2926 hoc
3641 2872 3710 2927 il-

2057 2958 2172 3015 lius
2205 2963 2451 3030 ponunt,
2485 2958 2570 3015 vel
2605 2959 2885 3031 Spiritum
2920 2976 3159 3032 prorsus
3202 2959 3263 3015 in
3311 2964 3714 3017 creaturarum

2059 3051 2321 3107 ordinem
2355 3049 2706 3120 deprimunt.
2742 3049 2912 3122 Apud
2945 3049 3052 3106 bos
3101 3050 3353 3120 primum
3400 3067 3517 3106 non
3550 3051 3708 3121 pium

2063 3144 2120 3194 et
2140 3140 2482 3210 contignum
2516 3139 2764 3210 impium
2797 3145 2855 3194 et
2882 3140 3138 3195 medium
3170 3140 3384 3208 simile,
3417 3148 3473 3196 et
3521 3143 3712 3211 majus

2063 3234 2119 3283 et
2150 3230 2348 3284 minus
2379 3233 2436 3283 et
2466 3229 2607 3284 ordo
2638 3227 3005 3300 simpliciter,
3057 3235 3111 3285 et
3160 3245 3342 3286 unum
3387 3237 3518 3286 ante
3553 3229 3710 3285 aliud

2059 3321 2116 3373 et
2145 3317 2390 3372 alierum
2413 3322 2542 3386 post
2573 3316 2734 3372 aliud
2763 3323 2820 3372 et
2850 3322 3054 3374 caetera
3094 3327 3264 3390 atque
3313 3319 3488 3375 etiam
3549 3320 3712 3390 ejus-

2057 3407 2220 3462 modi
2270 3405 2385 3460 alia
2443 3405 2681 3460 nomina
2736 3422 2933 3461 eorum
2995 3407 3291 3477 impietate
3365 3407 3711 3480 excogitata.

2056 3495 2226 3566 Apud
2261 3509 2368 3548 nos
2394 3509 2527 3549 vero
2559 3494 2730 3549 etiam
2772 3494 2936 3565 ordo,
2984 3494 3033 3549 si
3091 3496 3336 3565 dicatur,
3387 3498 3712 3552 secundum

2057 3583 2357 3653 religiosas
2393 3583 2780 3653 cogitationes
2811 3584 2869 3638 in
2903 3587 3102 3638 sancta
3129 3584 3414 3640 Trinitate
3433 3585 3717 3654 accipitur

2056 3676 2114 3728 et
2144 3672 2396 3744 primum
2425 3687 2491 3725 ac
2521 3671 2753 3742 prius...

358 3802 514 3875 inter
538 3801 707 3875 plura
739 3801 853 3858 alia
886 3801 1192 3858 Athanasii
1221 3807 1279 3859 et
1305 3803 1563 3875 Gregorii
1595 3799 1938 3858 Nazianzeni
1971 3796 2326 3854 testimoniis
2350 3796 2532 3850 utitur
2563 3795 2806 3850 Latinus
2863 3795 2902 3850 f.
2967 3797 3054 3864 13,
3115 3796 3202 3851 14.
3254 3799 3443 3868 Atque
3493 3799 3708 3856 deinde

297 3868 467 3928 latius
495 3868 764 3946 eiplicat,
798 3875 940 3945 quid
982 3875 1061 3929 sit
1090 3875 1253 3943 ordo,
1283 3868 1536 3946 prirnum
1573 3875 1925 3942 secundum,
1955 3877 2065 3926 etc.

357 3987 470 4042 Ἵνα
499 3985 557 4042 δὲ
590 3989 617 4043 ὁ
685 3987 858 4063 λόγος
915 3987 1398 4063 ἐξεταστικώτερος
1438 3987 1680 4066 γένηται,
1715 3987 1946 4044 ἂλλοθεν

299 4071 454 4128 πάλιν
485 4075 786 4154 ἀρχόμενοι
847 4078 975 4151 περὶ
1029 4076 1253 4133 ἑκάστου
1304 4083 1411 4135 τῶν
1454 4079 1758 4153 εἰρημένων
1825 4077 1948 4132 ὀνο-

307 4161 485 4227 μάτων
521 4163 779 4239 λὲγομεν,
837 4170 1106 4245 ποσαχῶς
1162 4189 1218 4222 τε
1283 4167 1498 4242 λέγεται
1539 4168 1628 4222 καὶ
1671 4167 1817 4229 ὅπως
1861 4165 1944 4220 ἐπὶ

305 4254 397 4315 τῆς
437 4253 590 4327 ἁγίας
619 4253 850 4329 Τριάδος
898 4251 1408 4332 παραλαμϐάνεται·
1441 4257 1534 4311 καὶ
1574 4261 1793 4330 πρῶτον
1824 4255 1949 4330 περὶ

310 4337 502 4406 τάξεως
533 4343 635 4414 (36)
656 4387 669 4400 .

2129 3985 2203 4040 Ut
2230 3999 2361 4040 vero
2393 3983 2633 4055 probata
2662 3986 2720 4038 et
2749 3981 3003 4055 expolita
3036 3982 3226 4055 magis
3256 3983 3358 4040 fiat
3398 3984 3710 4043 ratiocina-

2058 4075 2162 4143 tio,
2195 4073 2434 4129 aliunde
2465 4087 2699 4127 rursum
2733 4069 3079 4143 incipientes
3137 4073 3211 4129 de
3258 4072 3516 4145 qualibet
3558 4091 3710 4147 prai-

2058 4164 2342 4220 dictarum
2374 4177 2580 4220 vocum
2623 4161 3000 4228 disseremus,
3060 4163 3474 4235 quotupliciter
3522 4181 3589 4221 ea
3628 4165 3714 4221 di-

2061 4257 2222 4308 catur
2262 4255 2316 4307 et
2367 4251 2653 4322 quomodo
2701 4250 2760 4306 in
2812 4259 3010 4307 sancta
3052 4251 3332 4308 Trinitate
3370 4253 3710 4326 accipiatur.

2055 4343 2134 4396 Ac
2167 4340 2358 4412 primo
2389 4340 2626 4410 quidem
2661 4340 2733 4394 de
2762 4340 2984 4396 ordine.

380 4427 435 4481 ε’.
475 4430 532 4485 Ἦ
559 4433 734 4488 τοίνυν
791 4435 943 4505 τάξις
1002 4435 1036 4504 ἢ
1088 4432 1140 4489 ἐν
1201 4435 1406 4498 οὐσίαις
1471 4441 1752 4511 θεωρεῖται
1896 4434 1946 4491 ἓν

2128 4411 2183 4485 5.
2215 4429 2367 4485 Ordo
2426 4428 2606 4501 igitur
2649 4429 3055 4485 consideratur
3111 4429 3199 4485 vel
3251 4430 3312 4486 in
3370 4431 3715 4485 substantiis

309 4518 555 4599 ποσοῖςῆ
586 4519 636 4575 ἐν
664 4529 847 4584 ποιοῖς
879 4525 914 4592 ἢ
947 4522 1000 4577 ἐν
1031 4528 1149 4586 τοῖς
1179 4524 1314 4599 πρός
1343 4546 1396 4579 τι
1434 4525 1469 4594 ἢ
1503 4523 1554 4579 ἐν
1612 4529 1731 4586 τοῖς
1778 4529 1953 4578 ποιεῖν

309 4596 343 4664 ἦ
372 4602 590 4680 πάσχειν
624 4607 948 4687 λεγομένοις
988 4613 1024 4682 ἢ
1059 4611 1112 4667 ἐν
1142 4596 1258 4674 τοῖς
1290 4616 1396 4667 ποῦ
1456 4613 1491 4682 ἢ
1546 4611 1598 4668 ἐν
1652 4617 1770 4674 τοῖς
1825 4613 1953 4668 πότε

306 4687 422 4780 {liv
451 4701 559 4758 τοῖς
613 4695 756 4774 ἔχειν
816 4702 908 4757 καὶ
967 4699 1190 4780 ἔχεσθαι
1217 4701 1252 4770 ἢ
1295 4702 1347 4756 ἐν
1390 4705 1522 4757 πᾶσι
1549 4701 1766 4764 τούτοις
1816 4703 1950 4777 πρὸς

306 4772 542 4850 ἄλληλαο
574 4772 780 4846 ἒν-πᾶσι
843 4792 941 4865 μὲν
998 4772 1089 4854 ’ὧς
1140 4789 1316 4861 οὐσία,
1359 4792 1549 4864 ποσὸν,
1582 4791 1762 4859 ποιὸν,
1821 4772 1955 4866 πρός

305 4881 353 4915 τι
385 4872 472 4924 καὶ
503 4875 564 4929 τᾶ
591 4877 728 4950 ἑξῆς·
782 4884 1228 4955 προσεπινοεῖται
1285 4880 1380 4952 μὶν
1427 4881 1530 4955 γὰρ
1598 4881 1674 4942 ὡς
1726 4880 1952 4934 ὑποκεί-

309 4973 466 5021 μενον
497 4971 600 5028 τοῖς
632 4966 822 5031 ἄλλοις
866 4973 1031 5024 πᾶσιν
1089 4969 1123 5037 ἡ
1167 4969 1346 5038 οὐσία,
1407 4969 1524 5023 εἶτα
1581 4968 1953 5043 ὲπιθεωρεῖται

301 5041 377 5134 τὸν
419 5053 600 5127 ποσὸν,
659 5061 776 5130 μεθ’
815 5060 844 5113 ὃ
900 5058 967 5112 τὸ
997 5058 1156 5111 ποιὸν
1205 5057 1294 5111 καὶ
1358 5059 1551 5134 ἐφεξῆς
1609 5059 1670 5112 τὸ
1701 5041 1837 5134 πρός
1901 5079 1954 5114 τι

295 5133 383 5186 καὶ
425 5140 496 5193 τὰ
537 5143 668 5214 ἒξῆς⁶
706 5145 760 5202 ἐν
801 5145 1022 5209 οὐσίαις
1089 5143 1144 5199 δὲ
1193 5146 1268 5207 ὡς
1335 5133 1490 5219 Θεὸς,
1549 5150 1697 5215 νοῦς,
1748 5133 1954 5225 taxat,

293 5223 535 5296 σώματα·
594 5232 644 5288 ἐν
707 5241 908 5300 ποσοῖς
971 5231 1030 5288 δὲ
1086 5233 1139 5289 ἐν
1209 5234 1302 5307 μὲν
1360 5241 1478 5298 τοῖς
1537 5223 1952 5309 συνεχέσινηὼς

286 5327 537 5399 σημεῖον,
603 5331 862 5406 γραμμὴ,
929 5326 1237 5405 ἐπιφάνεια,
1324 5331 1504 5402 σῶμα·
1595 5327 1648 5384 ἐν
1725 5325 1782 5383 δὲ
1838 5334 1955 5390 τοῖς

346 5503 471 5578 (36)
498 5509 556 5566 F.
588 5515 674 5580 l6,
707 5529 742 5568 δ.
771 5525 971 5582 marg.
1007 5506 1136 5580 Περὶ
1169 5507 1370 5578 τάξεως
1407 5505 1736 5583 τεχνολογια

2061 4519 2148 4575 vel
2178 4519 2240 4575 in
2273 4519 2506 4590 quantis
2532 4516 2620 4574 ael
2656 4519 2714 4574 in
2747 4517 3024 4589 qualibus
3057 4517 3148 4573 vel
3187 4519 3249 4574 in
3297 4519 3500 4574 relatis
3529 4518 3619 4574 vel
3652 4517 3713 4574 in

2062 4608 2136 4664 iis
2169 4624 2296 4679 quae
2327 4607 2600 4662 dicuntur
2624 4623 2792 4677 agere
2807 4612 2909 4663 aut
2932 4608 3052 4680 pati
3095 4606 3183 4662 vel
3221 4606 3322 4661 ubi
3344 4605 3434 4662 vel
3475 4607 3713 4678 quando

2065 4696 2153 4752 vel
2186 4696 2398 4751 habere
2430 4699 2485 4751 et
2516 4695 2714 4751 haberi
2769 4695 2856 4750 vel
2920 4697 3157 4750 demum
3206 4695 3266 4751 in
3318 4694 3411 4750 bis
3443 4695 3716 4752 omnibus

2065 4794 2161 4843 aut
2191 4785 2456 4841 invicem.
2489 4784 2550 4839 In
2601 4784 2892 4853 omnibus,
2939 4785 3206 4856 inquam,
3252 4789 3318 4842 ut
3363 4786 3711 4857 substantia,

2065 4878 2374 4948 quantum,
2409 4872 2601 4944 quale,
2635 4874 2701 4928 ad
2737 4871 2956 4944 aliquid
2988 4873 3058 4928 ad
3092 4873 3314 4947 reliqua
3347 4893 3360 4932 :
3396 4892 3532 4932 nam
3565 4875 3712 4931 sub-

2065 4963 2279 5021 stantia
2308 4965 2373 5017 ut
2404 4961 2671 5031 subjecta
2700 4962 2923 5018 caeteris
2973 4964 3246 5021 omnibus
3283 4963 3459 5021 simul
3490 4965 3712 5021 intelli-

2064 5053 2243 5126 gitur,
2304 5051 2517 5107 dtinde
2596 5050 3004 5108 consideratur
3053 5059 3358 5126 quantum,
3418 5059 3550 5125 post
3606 5054 3715 5109 hoc

2067 5143 2260 5214 quale,
2293 5146 2493 5212 postea
2567 5139 2812 5196 relatum
2891 5146 2948 5198 et
2971 5142 3218 5214 reliqua.
3265 5147 3330 5200 In
3371 5142 3716 5199 substantiis

2064 5247 2197 5287 vero
2274 5238 2334 5284 ut
2408 5230 2584 5300 Deus,
2675 5247 2865 5298 mens,
2958 5233 3186 5302 animai,
3283 5249 3542 5305 corpora.
3649 5231 3717 5286 In

2065 5317 2296 5390 quantis
2328 5317 2518 5390 iisque
2575 5321 2874 5377 continuis
2933 5324 2996 5378 ut
3040 5325 3345 5393 punctum,
3390 5320 3567 5389 linea,
3613 5335 3718 5375 su-

346 5648 438 5724 (ιτ)
472 5653 689 5715 Confer.
723 5656 900 5714 Pbot.
939 5655 1020 5711 De
1048 5652 1247 5727 Spiru.
1279 5658 1455 5711 sanet.
1481 5653 1840 5728 mystagogia,
1862 5669 1986 5726 cap.
2016 5653 2107 5724 62,
2140 5653 2228 5710 42.
