4150 6292
436 365 555 428 207

1687 361 2000 423 NICETIE
2044 355 2596 421 MARONiENSIS

3698 365 3802 426 208

439 504 731 577 perﬁcies,
762 517 1005 575 corpora
1036 526 1051 570 ;
1082 501 1143 557 in
1172 499 1437 557 discretis
1485 503 1703 566 autem,
1745 503 1802 555 et
1844 498 2082 570 quidem

2199 490 2614 569 διωρισμένοις,
2680 491 2733 549 ἒν
2809 492 3030 568 ἀριθμῷ
3120 492 3216 566 μὶν
3301 492 3376 555 ὡς
3465 493 3639 568 μονὰς,
3692 494 3805 552 δυὰς

437 596 497 650 in
535 608 795 662 numero,
829 595 892 648 ut
922 590 1137 658 unitas,
1179 588 1491 657 binarium,
1536 587 1896 655 ternarium;
1948 591 2082 659 etc.,

436 684 497 741 in
528 698 793 741 sermone
823 697 957 738 vero
991 684 1053 736 ut
1081 677 1853 749 litterae,syllabss,nomina,
1884 675 2083 741 verba,

435 776 495 829 et
526 773 730 829 oratio.
765 771 827 826 In
860 769 1136 843 qualibus
1166 773 1233 825 ut
1262 768 1480 841 passio,
1519 766 1769 834 affectio,
1809 765 2082 833 habitus;

439 863 497 916 et
528 860 588 915 in
619 859 842 930 ﬁguris,
893 862 955 913 ut
1005 860 1143 913 sunt
1187 856 1468 922 circulus,
1516 853 1902 925 triangulum,
1951 868 2087 924 qua-

438 946 794 1019 drangulum
823 951 883 1001 et
910 952 1151 1013 caetera;
1184 948 1242 1000 et
1272 945 1330 999 in
1356 944 1427 999 iis
1456 958 1584 1013 quis
1622 941 1973 1014 qualitatum
1996 956 2086 996 ca-

434 1037 600 1108 pacia
612 1034 1160 1091 suntetsecuudum
1177 1031 1309 1105 plus
1321 1037 1379 1088 et
1393 1032 1589 1088 minus
1613 1031 2080 1100 considerantur,
2134 1034 2137 1035 ⁷

434 1124 602 1196 quale
631 1128 719 1180 est
748 1122 942 1179 minus
981 1123 1182 1179 album
1236 1127 1294 1178 et
1343 1121 1527 1192 magis
1569 1121 1777 1188 album,
1806 1127 1861 1175 et
1890 1119 2081 1175 adhuc

431 1214 619 1286 magis
644 1213 845 1270 album
874 1221 928 1268 et
954 1212 1208 1268 maxime
1239 1211 1475 1266 album:
1498 1218 1551 1265 et
1580 1211 1777 1265 minus
1825 1208 2079 1264 calidum

431 1311 486 1360 et
516 1303 709 1375 magis
730 1301 1085 1371 calidum,et
1105 1301 1294 1357 adhuc
1311 1298 1562 1357 calidius
1579 1303 1637 1354 et
1669 1298 1921 1354 maxime
1950 1298 2085 1353 cali-

435 1394 467 1448 d
479 1409 572 1449 um
585 1396 777 1463 ,atque
792 1391 886 1447 his
901 1390 1111 1447 similia
1131 1406 1145 1457 ;
1161 1389 1317 1445 unde
1332 1392 1391 1443 et
1407 1388 1764 1444 medicorum
1788 1387 1950 1457 pueri
1968 1385 2083 1441 alia

438 1482 868 1537 medicamenta
884 1481 1055 1551 primi
1076 1478 1298 1534 ordinis
1311 1476 1657 1542 dicunt,alia
1677 1475 1934 1543 secundi,
1968 1474 2082 1530 alia

438 1570 756 1641 tertii,imo
787 1576 841 1624 et
870 1569 985 1624 alia
1012 1567 1224 1640 quarti.
1248 1570 1334 1622 Ita
1372 1565 1590 1638 pariter
1633 1570 1691 1621 et
1725 1566 1785 1620 in
1820 1564 2081 1619 faciendo

444 1667 499 1715 et
520 1658 793 1731 patiendo
816 1674 831 1713 :
856 1674 989 1713 nam
1024 1656 1210 1728 magis
1238 1662 1297 1712 et
1327 1657 1522 1711 minus
1553 1659 1617 1710 ut
1647 1658 1705 1710 et
1744 1654 1997 1709 maxime
2024 1656 2082 1708 et

440 1748 503 1804 in
534 1747 628 1804 his
656 1748 848 1803 locum
879 1747 1072 1813 habet,
1105 1746 1190 1801 sic
1219 1745 1388 1800 etiam
1421 1744 1483 1800 in
1538 1743 1684 1811 loco,
1726 1759 1861 1798 nam
1906 1757 2083 1813 supra

437 1837 525 1893 vel
552 1838 722 1902 infra,
751 1837 821 1891 ad
871 1835 1165 1891 dexteram
1222 1834 1308 1889 vel
1351 1834 1421 1889 ad
1476 1833 1801 1900 sinistram,
1847 1837 1981 1886 ante
2023 1834 2083 1885 et

439 1933 567 1999 post
596 1924 682 1982 vel
713 1925 931 1981 circum
972 1923 1064 1979 vel
1111 1924 1170 1978 in
1225 1922 1420 1978 medio
1464 1922 1729 1977 ordinem
1779 1920 2087 1992 quemdam

441 2015 675 2071 habent.
708 2014 802 2069 Sic
832 2019 890 2069 et
922 2013 979 2067 in
1012 2019 1292 2084 tempore,
1330 2011 1472 2081 heri,
1498 2010 1688 2078 hodie,
1719 2025 1871 2075 cras,
1903 2007 2085 2080 prius,

440 2119 593 2159 nunc
610 2107 667 2158 et
678 2100 1068 2173 posterius.ad
1080 2101 1343 2156 ordinem
1361 2103 1646 2169 spectant.
1669 2099 1812 2153 Item
1835 2101 1893 2153 et
1912 2098 1970 2153 in
1996 2111 2087 2152 re—

442 2192 577 2246 latis
601 2207 615 2259 ;
639 2191 759 2246 sive
779 2191 934 2245 enim
957 2190 1118 2260 prius
1138 2195 1197 2245 et
1218 2188 1529 2259 posterius,
1548 2188 1666 2243 sive
1680 2185 1927 2243 simulin
1943 2186 2088 2257 ipsis

442 2279 756 2347 invenitur,
784 2279 902 2334 hac
920 2294 1153 2349 quoque
1199 2281 1339 2332 sunt
1373 2276 1614 2332 ordinis.
1668 2275 1882 2332 Eodem
1915 2275 2088 2331 modo

447 2367 585 2425 etin
608 2369 882 2425 omnibus
903 2374 960 2423 et
990 2367 1315 2446 universim
1336 2366 1395 2421 in
1423 2365 1682 2438 quolibet
1707 2381 1930 2433 eorum,
1962 2380 2090 2436 quae

446 2456 825 2529 singulariter
841 2465 894 2513 et
914 2457 1236 2511 secundum
1256 2471 1317 2511 se
1338 2456 1466 2527 ipsa
1486 2453 1947 2523 considerantur,
1975 2468 2088 2507 non

442 2546 554 2601 erit
582 2546 761 2611 ordo;
796 2545 894 2601 ubi
924 2560 1058 2601 vero
1102 2559 1384 2599 numerus
1427 2543 1668 2614 quidam
1700 2540 1787 2596 vel
1811 2540 2089 2596 habitudo

440 2635 514 2691 ad
535 2634 782 2691 alterum
804 2634 1140 2706 percipitur,
1193 2633 1273 2688 ibi
1320 2637 1378 2687 et
1425 2633 1567 2687 ordo
1601 2634 1711 2697 est,
1742 2629 1862 2687 sive
1889 2645 1981 2686 res
2009 2636 2092 2685 est

440 2729 658 2781 naturas
681 2740 965 2795 corporeae
977 2722 1300 2794 cognitioni
1318 2720 1701 2787 subdita,sive
1714 2720 1785 2775 ad
1808 2721 2087 2775 rationem

437 2818 721 2884 spectans,
744 2815 862 2869 sive
892 2812 1297 2867 mathematice
1342 2810 1731 2875 considerata,
1765 2809 1884 2864 sive
1914 2809 2085 2864 etiam

438 2902 739 2974 theologia
762 2899 1326 2957 conveniens.Verbi
1349 2898 1569 2972 gratia:
1595 2914 1821 2968 monas,
1854 2898 2088 2969 quando

438 2993 762 3047 secundum
780 2990 871 3047 sei
879 3005 1042 3059 psam
1062 2988 1709 3057 consideratur,absque
1723 2985 2087 3056 habitudine,

440 3084 501 3135 et
538 3078 664 3135 sola
721 3083 808 3134 est
856 3085 1031 3149 atque
1083 3091 1261 3148 supra
1315 3075 1602 3141 ordinem,
1662 3075 1895 3147 quando
1956 3090 2087 3130 vero

439 3166 847 3224 consideratur
864 3166 934 3220 ad
957 3166 1252 3220 binarium
1267 3170 1325 3219 et
1341 3164 1656 3219 ternarium
1675 3179 1740 3218 ac
1777 3169 2084 3234 sequentes

2191 584 2371 658 τριὰς,
2430 584 2622 659 τετρὰς
2673 583 2764 639 καὶ
2822 584 2967 653 ἑξῆς,
3022 583 3074 638 ἐν
3122 580 3280 658 λόγῳ
3333 580 3388 639 δὲ
3441 585 3512 647 ὡς
3564 592 3808 661 στοιχεῖα,

2190 667 2489 745 συλλαϐαὶ,
2550 673 2814 746 ὀνόματα,
2875 672 3097 747 ῥήματα
3161 672 3250 727 καὶ
3308 670 3493 748 λόγος·
3556 674 3604 728 ἐν
3651 681 3813 740 ποιοῖς

2194 758 2253 817 δὲ
2283 762 2361 823 ὡς
2389 763 2583 832 πάθος,
2631 759 2889 831 διάθεσις,
2919 761 3049 833 ἓξις·
3110 762 3201 817 καὶ
3258 761 3309 817 ἐν
3367 767 3480 825 τοῖς
3536 766 3812 847 σχήμασιν,

2188 851 2263 912 ὡς
2295 849 2522 917 κύκλος,
2563 850 2858 926 τρίγωνον,
2896 851 3263 929 τετράγωνον,
3329 851 3419 906 καὶ
3481 852 3615 923 ἑξῆς·
3654 854 3733 908 καὶ
3763 852 3814 907 ἐν

2185 946 2306 1004 τοῖς
2343 946 2451 998 τῶν
2491 943 2804 1012 ποιοτήτων
2862 938 3132 1004 δεκτικοῖς
3177 942 3315 996 κατὰ
3369 939 3431 996 τὰ
3489 940 3686 1015 μᾶλλον
3738 942 3819 997 καὶ

2186 1030 2352 1100 ἦττον
2382 1030 2808 1106 θεωρουμένοις,
2840 1029 2965 1086 οἷόν
2996 1029 3107 1085 ἐστι
3164 1031 3227 1085 τὸ
3284 1030 3452 1099 ἦττον
3512 1029 3688 1086 λευκὸν
3741 1030 3818 1085 καὶ

2185 1121 2248 1176 τὸ
2303 1120 2515 1193 μᾶλλον
2548 1121 2635 1177 καὶ
2694 1122 2757 1176 τὸ
2813 1118 2890 1176 ἔτι
2949 1119 3273 1194 λευκότερον
3327 1120 3419 1176 καὶ
3474 1120 3534 1175 τὸ
3585 1119 3821 1194 μάλιστα,

2185 1207 2274 1264 καὶ
2304 1208 2365 1264 τὸ
2395 1210 2560 1279 ἧττον
2589 1216 2788 1284 θερμὸν
2820 1209 2909 1265 καὶ
2939 1209 3003 1264 τὸ
3039 1206 3274 1281 μᾶλλον,
3335 1209 3427 1264 καὶ
3480 1208 3543 1264 τὸ
3597 1204 3669 1265 ἔτι
3712 1220 3821 1282 θερ-

2190 1298 2421 1373 μότερον
2451 1300 2544 1353 καὶ
2570 1298 2633 1354 τὸ
2680 1296 2940 1371 μάλιστα,
2968 1297 3061 1352 καὶ
3116 1298 3184 1354 τὰ
3238 1302 3487 1354 τοιαῦτα.
3543 1300 3692 1363 Ὅθεν
3736 1296 3817 1351 καὶ

2183 1389 2383 1460 ὶατρῶν
2437 1384 2627 1449 παῖδες
2676 1386 2743 1441 τὰ
2821 1387 2916 1460 μὲν
2983 1388 3212 1462 πρώτης
3270 1387 3474 1458 τάξεώς
3554 1407 3677 1467 φασι
3723 1389 3819 1441 τῶν

2183 1476 2505 1551 φαρμάκων,
2536 1477 2604 1531 τὰ
2632 1472 2689 1530 δὲ
2746 1472 3016 1551 δευτέρας,
3074 1477 3143 1531 τὰ
3199 1473 3258 1531 δὲ
3310 1476 3524 1552 τρίτης,
3580 1474 3719 1531 ἄλλα
3771 1471 3821 1528 δὲ

2189 1565 2477 1639 τετάρτης.
2539 1563 2816 1627 Ὡσαύτως
2870 1561 2927 1620 δὲ
2982 1563 3075 1620 καὶ
3123 1563 3176 1620 ἐν
3253 1570 3332 1638 τῷ
3387 1570 3569 1621 ποιεῖν
3605 1566 3691 1620 καὶ
3742 1564 3833 1618 πά·

2186 1669 2363 1729 σχειν·
2394 1655 2456 1709 τὸ
2491 1652 2706 1727 μᾶλλον
2749 1653 2852 1728 γάρ
2908 1654 3001 1709 καὶ
3053 1654 3116 1710 τὸ
3176 1654 3347 1724 ἦττον
3407 1656 3500 1711 καὶ
3556 1653 3610 1710 ἐν
3635 1653 3829 1712 τούτοις

2183 1743 2365 1799 καὶτὸ
2400 1743 2660 1817 μάλιστα.
2718 1743 2908 1801 Ἀλλὰ
2971 1744 3062 1799 καὶ
3122 1742 3180 1799 ἐν
3239 1744 3418 1817 τόπῳ·
3479 1745 3543 1800 τὸ
3598 1744 3695 1821 γὰρ
3742 1741 3839 1798 ἄνω

2191 1830 2227 1902 ἥ
2260 1833 2408 1887 κάτω
2436 1832 2473 1902 ἤ
2506 1829 2652 1902 δεξιᾷ
2681 1831 2717 1901 ἢ
2746 1832 3025 1909 ἀριστερᾷ,
3087 1829 3125 1902 ἥ
3182 1827 3490 1908 ἔμπροσθεν
3549 1835 3585 1905 ἢ
3642 1829 3839 1887 ὄπισθεν

2196 1919 2233 1991 ἤ
2298 1917 2448 1995 πέριξ
2507 1921 2541 1990 ἢ
2592 1920 2644 1976 ἐν
2702 1925 2784 1994 τῷ
2844 1918 2995 1995 μέσῳ
3050 1922 3201 1991 τάξιν
3285 1917 3408 1997 ἔχει
3463 1923 3602 1979 τινά.
3655 1921 3747 1976 Καὶ
3793 1922 3846 1975 ἓν

2201 2011 2406 2085 χρόνῳ,
2435 2010 2498 2065 τὸ
2529 2011 2657 2085 χθὲς
2684 2009 2773 2065 καὶ
2804 2009 2868 2066 τὸ
2898 2012 2995 2081 uti,
3009 2031 3172 2084 μερον
3214 2012 3305 2066 καὶ
3334 2013 3404 2067 τὸ
3434 2010 3623 2088 αὔριον
3653 2009 3738 2066 καὶ
3788 2009 3845 2065 τὸ

2196 2098 2461 2174 πρότερον
2489 2099 2579 2153 καὶ
2608 2099 2670 2154 τὸ
2701 2101 2790 2153 νῦν
2847 2098 2937 2153 καὶ
3000 2100 3066 2154 τὸ
3122 2095 3343 2174 ὕστερον
3401 2102 3629 2171 τάξεως.
3683 2096 3853 2156 Ἀ)λᾶ

2198 2186 2286 2243 καὶ
2319 2187 2370 2242 ἐν
2420 2192 2535 2249 τοῖς
2567 2187 2703 2261 πρός
2758 2204 2832 2240 τι·
2894 2186 3002 2241 εἴτε
3056 2188 3158 2262 γὰρ
3215 2188 3278 2243 τὸ
3334 2190 3609 2266 πρότερον
3661 2188 3747 2243 καὶ
3795 2186 3852 2242 τὸ

2199 2275 2442 2353 ὕστερον,
2477 2275 2584 2331 sit:
2617 2275 2708 2331 καὶ
2737 2276 2800 2331 τὸ
2849 2274 2962 2349 ἅμα
3027 2275 3079 2331 ἐν
3138 2277 3348 2347 αὐτοῖς,
3414 2278 3507 2334 καὶ
3556 2282 3723 2335 ταῦτα
3767 2275 3856 2331 τά·

2199 2369 2352 2440 ξεως.
2411 2367 2681 2429 Ὡσαύτως
2738 2366 2828 2421 καὶ
2886 2365 2974 2421 ἐπὶ
3026 2366 3262 2425 πάντων.
3322 2370 3439 2425 Καὶ
3538 2368 3729 2430 ἁπλῶς
3783 2365 3854 2442 ἐφ’

2199 2455 2425 2510 ἑκάστου
2485 2455 2580 2528 μὲν
2638 2458 2746 2510 τῶν
2811 2452 3120 2528 μοναδικῶς
3174 2455 3263 2510 καὶ
3318 2459 3449 2512 καθ’
3520 2457 3685 2512 sunt}
3733 2456 3856 2510 θεω-

2202 2542 2481 2619 ρουμένων
2520 2544 2623 2599 οὐκ
2650 2541 2710 2598 ἄν
2742 2541 2825 2615 εἴη
2856 2544 3021 2614 τάξις·
3056 2541 3181 2599 ἔνθα
3233 2541 3291 2599 δὲ
3350 2547 3597 2620 ἀριθμός
3640 2547 3722 2607 τίς
3754 2545 3856 2599 ἐστι

2201 2632 2571 2706 θεωρούμενος
2601 2628 2638 2701 ἤ
2698 2633 2885 2707 σχέσις
2934 2633 3070 2706 πρὸς
3117 2629 3324 2707 ἕτερον,
3360 2633 3478 2689 ἐκεῖ
3532 2637 3624 2689 καὶ
3657 2637 3692 2703 ἡ
3724 2634 3861 2703 τάξις

2200 2720 2367 2793 ἐστὶν,
2398 2720 2506 2776 εἲτε
2555 2719 3055 2796 φυσιολογούμενόν
3089 2720 3233 2777 ἐστιν
3292 2720 3406 2778 εἴτε
3469 2722 3861 2800 λογικώτερον,

2200 2809 2309 2867 εἷ’τε
2341 2811 2738 2884 μαθηματικῶς
2793 2810 3188 2884 θεωρούμενον,
3238 2809 3345 2866 εἴτε
3408 2814 3506 2867 καὶ
3565 2810 3863 2886 θεολογού-

2203 2920 2377 2977 μενον·
2412 2901 2524 2956 οἷόν
2565 2922 2619 2956 τι
2662 2900 2825 2976 λέγω.
2884 2902 2948 2958 Ἦ
3000 2902 3191 2974 μονὰς,
3252 2900 3382 2957 ὅταν
3416 2912 3707 2977 θεωρῆται
3760 2903 3871 2958 καθ’

2200 2991 2417 3061 ἑαυτὴν,
2450 2989 2683 3067 ἅσχετός
2710 2989 2770 3045 τέ
2826 2990 2937 3045 ἐστι
2995 2990 3087 3046 καὶ
3149 2989 3288 3064 μόνη
3330 2994 3427 3048 καὶ
3500 2994 3641 3066 ὑπὲρ
3706 2994 3867 3064 τάξιν·

2198 3080 2326 3135 ὃταν
2355 3077 2413 3134 δὲ
2452 3080 2591 3153 πρὸς
2621 3076 2790 3133 δυάδα
2819 3079 2909 3134 καὶ
2939 3076 3131 3154 τριάδα
3187 3080 3276 3135 καὶ
3334 3080 3480 3146 τοὺς
3538 3082 3669 3153 ἑξῆς
3729 3081 3878 3156 ἀριθ-

2205 3168 2368 3241 μοὺς,
2399 3167 2509 3247 οὐχ
2539 3166 2729 3230 ἁπλῶς
2794 3165 3008 3244 λέγεται
3073 3168 3256 3241 μονὰς,
3308 3168 3471 3227 ἀλλᾶ
3540 3171 3633 3226 καὶ
3688 3171 3873 3244 πρώτη

444 3268 743 3322 numeros,
764 3269 882 3309 non
932 3252 1263 3323 simpliciter
1316 3252 1532 3307 dicitur
1584 3267 1814 3317 monas,
1869 3251 1967 3306 sed
2025 3254 2082 3307 et

2199 3258 2289 3313 καὶ
2349 3258 2493 3333 ἀρχὴ
2557 3258 2824 3332 ἀριθμῶν.
2881 3258 2961 3315 Τὸ
3029 3263 3304 3336 στοιχεῖον
3409 3260 3714 3322 ὡσαύτως·
3771 3260 3884 3315 οἷον

439 3343 628 3413 prima
660 3349 709 3398 et
727 3357 1105 3397 numerorum
1121 3340 1406 3413 principiu
1419 3340 1592 3396 m.Sic
1610 3338 2084 3411 pariterelemen-

438 3438 585 3499 tum,
618 3430 789 3503 quale
817 3434 907 3486 est
937 3435 1110 3498 terra,
1136 3446 1286 3501 aqua
1327 3438 1379 3485 ct
1427 3436 1654 3499 caetera,
1685 3429 1824 3483 dum
1885 3443 2084 3484 secun-

436 3520 575 3576 dum
604 3536 667 3576 se
696 3520 777 3575 ita
808 3520 1253 3577 considerantur
1294 3523 1352 3575 et
1398 3519 1689 3587 dicuntur,
1734 3517 1908 3574 relate
1950 3533 2080 3574 vero

429 3615 501 3668 ad
533 3614 816 3669 muudum
848 3614 1184 3668 universum
1232 3617 1289 3667 et
1336 3627 1405 3666 ea
1451 3627 1578 3681 quae
1626 3626 1693 3665 ex
1739 3610 1888 3682 ipsis
1919 3614 2078 3678 sunt,

431 3702 718 3758 elementa
747 3706 806 3757 et
835 3702 1122 3773 principia
1150 3706 1309 3757 sunt.
1333 3700 1545 3771 Viginti
1585 3705 1842 3770 quatuor
1869 3698 2076 3754 litterae

431 3793 749 3848 secundum
783 3809 846 3848 se
883 3796 1025 3848 sunt
1055 3791 1277 3859 litteras,
1310 3790 1601 3846 elementa
1637 3806 1770 3846 vero
1802 3797 1865 3844 ut
1912 3789 2079 3845 initia

428 3881 787 3953 syllabarum
809 3886 1077 3938 eteorum
1097 3897 1225 3951 quae
1238 3877 1754 3951 sequuntur.ldem
1771 3879 1863 3934 die
1878 3879 1948 3934 de
1962 3878 2075 3946 die;

423 3969 544 4025 dies
570 3972 727 4026 enim
754 3987 908 4026 unus
928 3979 1012 4027 est
1043 3970 1366 4025 secundum
1400 3985 1481 4037 se,
1519 3968 1741 4037 primus
1787 3983 1921 4024 vero
1977 3984 2076 4023 re-

426 4056 542 4113 late
568 4059 641 4113 ad
671 4059 796 4114 dies
848 4059 947 4128 qui
1003 4064 1138 4129 post
1194 4059 1387 4126 ipsum
1444 4064 1600 4124 sunt,
1634 4056 1787 4111 unde
1838 4056 2078 4112 fortasse

430 4145 622 4200 Moses
651 4160 884 4215 quoque
912 4143 1165 4215 primum
1198 4143 1353 4198 diem
1393 4144 1719 4200 secundum
1776 4159 1840 4199 se
1882 4142 2077 4199 consi-

433 4233 669 4299 derans,
735 4237 1011 4302 tanquam
1097 4232 1358 4287 nondum
1440 4233 1606 4288 factis
1690 4232 2075 4303 sequentibus

433 4321 641 4378 diebus
674 4343 702 4373 «
733 4338 915 4377 unum
946 4343 974 4372 »
1008 4321 1337 4392 appellavit,
1360 4337 1491 4377 cum
1524 4338 1653 4377 vero
1684 4327 1741 4376 et
1769 4330 2077 4392 sequentes

427 4411 550 4469 dies
616 4411 1028 4477 successerint,
1086 4409 1221 4464 licet
1269 4425 1401 4465 eum
1462 4415 1519 4465 et
1572 4411 1824 4481 primum
1883 4411 2077 4466 dicere

423 4500 603 4558 relate
632 4503 704 4557 ad
735 4501 895 4558 istos.
930 4500 1000 4555 Et
1022 4515 1139 4556 non
1172 4499 1377 4571 ignoro
1408 4514 1639 4567 causas,
1666 4503 1902 4570 propter
1928 4516 2075 4570 quas

2188 3348 2223 3416 ἡ
2254 3348 2328 3422 γῆ
2364 3348 2506 3419 (37),
2534 3346 2598 3400 τὸ
2630 3342 2799 3421 ὕδωρ,
2831 3346 2923 3401 καὶ
2968 3345 3037 3401 τὰ
3088 3344 3281 3417 λοιπὰ,
3321 3351 3449 3404 καθ’
3501 3350 3673 3405 ἑαυτᾶ
3734 3347 3875 3403 οὕτω

2189 3433 2541 3510 θεωρούμενα
2578 3434 2667 3489 καὶ
2701 3435 2990 3511 λεγόμενα,
3038 3437 3177 3512 πρὸς
3236 3433 3293 3491 δὲ
3346 3439 3450 3494 τὸν
3499 3435 3643 3495 ὅλον
3674 3439 3885 3511 κόσμον

2185 3523 2277 3578 καὶ
2331 3524 2399 3579 τὰ
2450 3522 2501 3596 ἐξ
2559 3524 2739 3579 αὐτῶν
2797 3524 3052 3600 στοιχεῖά
3106 3546 3166 3582 τε
3208 3527 3314 3583 καὶ
3376 3527 3593 3603 ἀρχαί·
3663 3530 3730 3582 τὰ
3784 3525 3884 3581 κό’”

2183 3614 2482 3687 γράμματα
2523 3613 2823 3687 γράμματα
2880 3614 2976 3686 μὲν
3033 3619 3152 3678 καθ’
3209 3614 3402 3686 ἑαυτὰ,
3480 3623 3755 3693 στοιχεῖα
3836 3612 3891 3670 δὲ

2187 3702 2261 3764 ὡς
2290 3702 2459 3777 ἀρχαὶ
2488 3706 2595 3756 τῶν
2630 3697 2923 3757 συλλαϐῶν
2981 3707 3071 3757 καὶ
3129 3701 3346 3759 λοιπῶν
3401 3712 3526 3762 τῶν
3565 3705 3788 3786 ἑφεξῆς.
3821 3706 3883 3760 Ἠ

2184 3793 2366 3866 ἡμέρα
2406 3790 2657 3863 ὁμοίως·
2715 3790 2805 3845 καὶ
2863 3790 2968 3866 γὰρ
3026 3792 3116 3846 καὶ
3175 3790 3313 3863 αὕτη
3419 3794 3533 3869 μία
3607 3796 3708 3870 μὲν
3771 3792 3888 3856 καθ’

2183 3880 2400 3949 ἑαυτὴν,
2434 3879 2628 3954 πρώτη
2659 3876 2716 3934 δὲ
2746 3879 2820 3941 ὡς
2875 3882 3011 3956 πρὸς
3070 3879 3167 3941 τὰς
3232 3882 3351 3954 μεθ’
3422 3884 3667 3955 ἑαυτήν.
3729 3886 3891 3947 "002v

2185 3966 2315 4029 ἴσως
2344 3969 2433 4025 καὶ
2467 3970 2494 4023 ὁ
2539 3970 2801 4035 Μωϋσῆς,
2841 3969 2941 4037 τὴν
3001 3971 3227 4043 πρώτην
3280 3971 3522 4047 ἡμέραν
3578 3975 3709 4028 καθ’
3768 3974 3889 4027 ἑαυ-

2183 4058 2280 4126 τὴν
2314 4059 2553 4131 θεωρῶν,
2588 4058 2664 4119 ὡς
2697 4059 2867 4131 μήπω
2914 4061 3023 4113 τῶν
3078 4058 3202 4128 ἑξῆς
3252 4060 3503 4135 ἡμερῶν
3547 4065 3897 4139 γενομένων,

2188 4148 2310 4220 μίαν
2414 4145 2719 4218 ὠνόμασεν·
2795 4145 3330 4218 ἐπακολουθησασῶν
3422 4146 3491 4205 δὲ
3607 4152 3710 4206 καὶ
3790 4154 3899 4205 τῶν

2182 4235 2328 4307 ἑξῆς,
2388 4229 2531 4289 ἔστιν
2591 4234 2758 4305 αὐτὴν
2815 4236 2905 4289 καὶ
2958 4236 3179 4310 πρώτην
3237 4235 3423 4293 εἰπεῖν
3490 4241 3649 4316 πρὸς
3714 4239 3909 4303 αὐτάς·

2181 4324 2273 4380 καὶ
2306 4324 2409 4379 οὐκ
2432 4324 2616 4400 ἀγνοῶ
2654 4344 2716 4400 γε
2756 4321 2880 4379 οὐδὲ
2936 4325 3035 4387 τὰς
3094 4325 3288 4392 αἰτίας,
3326 4322 3410 4380 δι’
3480 4328 3552 4393 ἅς
3628 4331 3792 4386 εἷπον
3856 4328 3908 4382 οἱ

2183 4411 2330 4488 ἃγιοι
2365 4413 2493 4487 μίαν
2547 4412 2680 4467 εἶναι
2738 4412 2947 4484 ἐκείνην
3006 4413 3141 4487 (καὶ)
3207 4411 3541 4487 κληθῆναι,
3612 4418 3752 4476 οῧτε
3806 4419 3915 4493 μῇν

2182 4499 2340 4563 εἰδὼς
2394 4502 2562 4562 αὐτὰς
2621 4499 3164 4577 ἂποπροσποιοῦμαι,
3213 4499 3372 4558 ἀλλᾶ
3438 4508 3548 4561 καὶ
3616 4506 3753 4564 οἶδα
3821 4506 3913 4562 καὶ

420 4590 681 4646 dixerunt
702 4589 889 4647 sancti
917 4604 1096 4643 unum
1134 4603 1263 4643 esse
1294 4590 1349 4642 et
1380 4586 1673 4641 nominari
1696 4585 1847 4641 diem
1879 4585 2068 4656 illum,

2191 4587 2690 4665 ὅπεραποὸἑχομαι.
2756 4589 2933 4646 Πάλιν
2993 4592 3021 4645 ὁ
3075 4591 3205 4654 θεὸς
3266 4594 3352 4655 εἷς
3398 4616 3471 4651 τε
3537 4597 3646 4653 καὶ
3717 4599 3913 4672 iniec:

422 4695 611 4749 neque
636 4679 829 4735 sciens
860 4694 960 4734 eas
990 4677 1232 4750 repudio
1257 4674 1341 4731 vel
1380 4673 1527 4730 mihi
1582 4675 1849 4746 proprias
1889 4676 2079 4731 facere

427 4767 704 4837 detrecto,
724 4768 840 4824 imo
864 4774 918 4824 et
951 4768 1081 4824 novi
1103 4772 1159 4822 et
1180 4771 1296 4822 tota
1318 4769 1513 4822 mente
1561 4764 1899 4836 amplector.
1936 4765 2079 4820 Rur-

430 4870 558 4909 sum
589 4855 742 4911 Deus
771 4865 825 4911 et
852 4873 1003 4911 unus
1033 4861 1089 4912 et
1118 4856 1280 4912 solus
1309 4859 1436 4923 est;
1476 4854 1574 4910 sed
1619 4855 1853 4925 quando
1884 4854 2080 4910 consi-

432 4944 666 4998 deratur
696 4944 874 5001 relate
895 4946 966 5000 ad
986 4945 1523 5014 mentem,animam
1552 4948 1610 5000 et
1640 4959 1905 5016 corpora,
1938 4948 2079 5000 tunc

429 5035 489 5085 et
512 5030 735 5101 primus
756 5034 1078 5087 secundum
1096 5033 1358 5088 ordinem
1376 5040 1431 5088 ut
1448 5032 1709 5089 omnium
1728 5032 2074 5103 principium

432 5125 489 5177 et
517 5124 608 5177 est
638 5126 695 5177 et
723 5121 954 5178 dicitur.
976 5122 1192 5179 Verum
1211 5124 1385 5179 etiam
1409 5123 1469 5179 in
1493 5123 1691 5179 divina
1730 5127 1940 5178 natura
1971 5139 2079 5179 nu-

433 5225 628 5264 merus
659 5218 741 5265 est
773 5211 1004 5266 trinitas
1051 5227 1229 5281 supra
1278 5227 1588 5267 numerum
1637 5211 1878 5280 elevata,
1913 5215 1969 5267 et
2018 5213 2076 5268 in

437 5297 780 5370 angelorum
813 5304 1021 5355 natura
1070 5303 1249 5370 atque
1292 5299 1350 5354 in
1395 5305 1602 5354 natura
1646 5300 1901 5356 hominis
1947 5317 2082 5357 con-

432 5402 617 5458 gruus
651 5403 969 5457 numerus;
1005 5386 1173 5443 multi
1201 5386 1359 5442 enim
1407 5392 1549 5443 sunt
1593 5389 1780 5457 angeli
1825 5398 1876 5445 el
1912 5389 2080 5447 multi

420 5474 728 5546 homines;
762 5481 905 5532 tunc
934 5480 991 5531 et
1012 5476 1154 5532 ordo
1193 5474 1254 5530 in
1294 5474 1389 5531 his
1420 5475 1849 5543 consideratur,
1884 5494 2079 5535 verum

445 5678 449 5683 ,
495 5618 607 5694 (37)
638 5617 697 5675 Ἦ
732 5620 828 5698 γῇ,
860 5616 938 5675 al.
968 5618 1101 5694 ἡγῆ.

2185 4675 2311 4732 ἀλλ’
2343 4677 2466 4731 ὅταν
2498 4677 2634 4750 πρὸς
2664 4680 2788 4730 νοῦν
2834 4676 2922 4731 καὶ
2979 4677 3163 4752 ψυχὴν
3222 4678 3313 4732 καὶ
3384 4683 3657 4755 σώματα
3703 4690 3921 4759 θεωρῆ-

2182 4787 2291 4837 ται,
2322 4766 2446 4820 τότε
2502 4766 2590 4820 καὶ
2660 4769 2879 4841 πρῶτος
2913 4765 3049 4821 κατὰ
3101 4766 3246 4836 τάξιν
3306 4766 3393 4832 ὡς
3454 4772 3637 4849 ἀρχὴ
3680 4775 3917 4831 πάντων

2185 4853 2293 4908 ἐστί
2360 4874 2419 4908 τε
2475 4853 2565 4907 καὶ
2620 4850 2856 4929 λέγεται.
2917 4851 3095 4910 Ἀλλὰ
3149 4853 3240 4908 καὶ
3297 4853 3355 4909 ἐν
3422 4864 3507 4934 τῇ
3593 4861 3728 4934 θείᾳ
3764 4863 3926 4941 φύσει

2186 4942 2416 5016 ἀριθμὸς
2480 4943 2515 5010 ἡ
2576 4941 2949 5016 ὑπεράριθμος
2998 4942 3175 5016 τριὰς,
3233 4942 3326 4998 καὶ
3375 4943 3442 5000 ἐν
3488 4953 3575 5025 τῇ
3642 4956 3756 5007 τοῦ
3832 4950 3933 5027 ἀγ.

2184 5030 2347 5105 γέλου
2380 5030 2533 5110 φύσει
2568 5031 2657 5085 καὶ
2715 5030 2767 5085 ἐν
2822 5035 2891 5105 τῇ
2951 5036 3045 5087 τοῦ
3100 5031 3413 5108 ἀνθρώπου
3456 5038 3490 5092 ὁ
3530 5040 3935 5111 κατάλληλος

2186 5120 2439 5196 ἀριθμός·
2474 5118 2681 5175 πολλοὶ
2710 5120 2810 5196 γὰρ
2871 5118 3105 5199 ἄγγελοι
3135 5122 3224 5176 καὶ
3267 5121 3517 5181 πολλοὶ
3598 5129 3937 5207 ἄνθρωποι·

2187 5210 2313 5265 τότε
2367 5210 2461 5263 καὶ
2506 5209 2665 5282 ’τάξις
2719 5210 2936 5272 τούτοις
3003 5208 3375 5286 ἐνθεωρεῖται,
3442 5216 3600 5274 ἀλλ’
3668 5222 3740 5276 οὺ
3799 5220 3941 5275 κατὰ

2230 5300 2243 5317 1
2379 5297 2392 5317 Ὶ
2445 5297 2456 5318 Ι
2895 5299 2907 5317 Ι
3165 5299 3179 5318 9

2185 5320 2285 5368 την
2338 5295 2721 5369 ουσιαν,ἀλλὰ
2775 5318 2911 5353 κατα
2963 5319 3115 5361 τινας
3168 5295 3509 5369 ιδιότητας·
3582 5310 3689 5365 καὶ
3740 5310 3772 5364 ὁ
3842 5308 3938 5383 μὲν

2187 5388 2307 5442 οἷον
2337 5386 2484 5461 ἀρχή
2515 5406 2598 5449 τις
2630 5385 2793 5456 ἐστὶν,
2863 5388 2891 5442 ὁ
2950 5385 3007 5442 δὶ
3058 5387 3240 5462 ἑτέραν
3299 5382 3451 5465 ἔχει
3499 5397 3707 5469 τάξιν.
3746 5382 3952 5462 Οὕτως

2190 5473 2379 5554 ἅρχων
2409 5495 2493 5537 τις
2524 5475 2579 5530 ἐν
2636 5474 2906 5554 ἀγγέλοις
2959 5477 3050 5533 καὶ
3105 5476 3534 5557 ἀρχαγγέλοις
3601 5491 3715 5544 καὶ
3775 5506 3946 5568 γηγε.
