4150 6292
340 331 421 390 909
1333 331 1434 390 DE
1473 329 2016 390 PROCESSIONE
2059 328 2422 391 SPIRITUS
2467 329 2780 392 SANCTI.
3624 331 3742 392 210

361 459 518 534 νάρκης
563 459 615 514 ἐν
652 465 788 522 τοῖς
851 459 1181 535 ἀνηρώποις
1235 457 1416 532 Αδάμο
1470 459 1560 514 καὶ
1591 460 1645 515 ἐν
1674 463 1742 533 τῇ
1789 457 1979 532 Τριάδι

2094 477 2207 518 non
2240 464 2562 518 secundum
2593 463 2931 531 essentiam,
2964 464 3064 520 sed
3096 464 3416 520 secundam
3456 464 3741 534 quasdam

373 550 499 604 τοίνυν
535 550 676 624 ἀρχὴ
741 551 773 603 ὁ
840 551 1062 623 Πατήρ.
1111 547 1286 605 Ἀλλά
1324 570 1440 623 μοι,
1474 548 1557 604 ὅτι
1587 547 1790 604 πολλοὶ
1824 548 1983 623 ἄγγε-

2097 551 2500 623 proprietates,
2533 557 2708 624 atque
2740 569 2890 609 unus
2923 553 3158 624 quidem
3189 553 3346 608 velut
3385 553 3739 624 principium

378 639 536 696 λοικαὶ
557 638 772 694 πολλοὶ
817 637 1138 713 ἀνηρωποι,
1182 639 1256 711 μὴ
1289 639 1483 712 σύναγε
1523 636 1604 692 ὅτι
1636 639 1726 693 καὶ
1756 636 1981 705 ζπολλοὶ

2096 642 2389 712 quoddam
2424 647 2528 710 est,
2561 643 2712 698 alius
2744 659 2874 698 vero
2907 643 3085 698 alium
3119 643 3379 699 ordinem
3421 643 3614 698 habet.
3647 643 3739 698 Sic

386 730 703 804 θεοί.Ἀπαγε
754 734 863 797 τῆς
941 726 1285 797 Ἑλληνικῆς
1346 727 1705 802 μωρολογίάς
1768 729 1778 782 !
1859 724 1983 781 ἀλλ’

2097 732 2368 803 princeps
2399 733 2530 802 quis
2552 737 2642 788 est
2670 733 2729 787 in
2780 732 3000 804 angelis
3035 740 3209 804 atque
3257 731 3643 802 archangelis,
3685 735 3741 786 et

372 819 432 873 ὅτι
478 817 559 872 καὶ
615 815 666 870 ὲν
719 816 904 890 Πατρὶ
973 816 1065 871 καὶ
1121 815 1229 886 Υίῴ
1306 816 1397 870 καὶ
1486 815 1626 889 ἁγίῳ
1711 815 1983 888 Ηνεύματι

2094 821 2518 891 terrigenarum
2544 821 2774 892 generis
2788 822 3056 892 princeps
3079 821 3137 875 in
3163 819 3499 876 hominibus
3517 821 3734 886 Adam;

368 908 479 977 τάξις
511 905 682 978 ἐστὶν,
716 904 868 959 ἀλλὰ
919 904 1102 973 πάσης
1157 903 1354 977 τάξεως
1409 905 1669 978 ἀνωτέρα.
1742 905 1828 965 Ὠς
1883 905 1983 978 γὰρ

2095 909 2268 964 etiam
2301 911 2358 963 in
2392 909 2672 965 Trinitate
2705 908 2886 980 igitur
2923 907 3275 980 principium
3309 906 3494 961 Pater.
3527 907 3639 962 Sed
3670 923 3739 961 ne

364 995 549 1072 ἡφύσις
587 995 904 1068 ὑπέρκειται
934 997 1046 1047 τῶν
1079 991 1285 1071 φύσεων
1325 993 1544 1047 ἁπασῶν
1609 992 1772 1066 (ὑπὲρ
1826 990 1983 1064 φύσιν

2095 1015 2160 1054 ex
2193 1015 2280 1065 eo,
2317 999 2471 1070 quod
2505 1000 2677 1054 multi
2706 1003 2843 1054 sunt
2879 998 3068 1070 angeli
3123 1001 3179 1054 et
3226 996 3398 1052 multi
3447 996 3738 1068 homines,

357 1087 440 1160 γὰρ
491 1085 576 1139 καὶ
633 1083 966 1155 ὑπερθουής).
1030 1083 1175 1136 οὕτω
1231 1081 1320 1136 καὶ
1380 1083 1416 1150 ἡ
1473 1082 1619 1154 τάξις
1648 1085 1758 1136 τῶν
1787 1081 1983 1151 τάξεων

2097 1087 2239 1142 mihi
2271 1087 2608 1157 concludas,
2641 1087 2813 1143 etiam
2866 1086 3081 1142 multos
3125 1102 3253 1143 esse
3301 1092 3470 1142 Deos.
3521 1086 3740 1160 (Apage

357 1174 552 1229 ἀπασῶν
608 1172 766 1246 (ὑπὲρ
822 1171 974 1241 τάξιν
1024 1171 1130 1245 γὰρ
1180 1171 1269 1224 καὶ
1330 1171 1664 1246 ὁπερταγης)
1704 1172 1814 1243 (38)
1895 1171 1985 1224 καὶ

351 1263 482 1337 ἁρχὴ
514 1263 541 1316 ὁ
591 1262 782 1334 Ηατήρ
840 1259 1202 1333 ὑπεράρχιος.
1232 1255 1383 1328 Μηδ’
1431 1257 1516 1314 ὅτι
1548 1258 1713 1314 πάλιν
1745 1261 1773 1314 ὁ
1808 1255 1987 1332 Ἀδὰμ

347 1349 683 1426 γηγενάρχτ,ς
713 1347 766 1401 ἐν
814 1353 936 1408 τοῖς
991 1347 1293 1421 ἀνθρώποις
1325 1347 1414 1400 καὶ
1449 1346 1477 1400 ὁ
1541 1346 1985 1421 ἀρχιστράτηγος

349 1438 563 1512 Μιχαήλ
618 1435 1006 1512 ἀγγελάρχης,
1054 1435 1128 1488 ’ἶν’
1168 1435 1339 1496 οὕτως
1396 1435 1557 1505 εἱπω,
1627 1433 1679 1490 ἐν
1732 1441 1852 1497 τοῖς
1885 1435 1985 1509 ἀγ-

340 1527 540 1603 γέλοις,
605 1524 936 1600 συμπέραινε
989 1521 1191 1600 πατέρα
1247 1523 1369 1579 τινὰ
1423 1523 1516 1578 καὶ
1560 1526 1861 1599 γεννήτορα
1885 1529 1984 1592 τῆς

341 1622 445 1672 τῶν
500 1615 752 1689 ἀγγέλων
841 1613 1094 1684 πληθύος
1145 1613 1236 1668 τὸν
1313 1611 1682 1688 ἀρχάγγελον,
1746 1613 1822 1674 ὡς
1888 1615 1983 1681 τῆς

2097 1619 2254 1689 (nam
2285 1635 2466 1690 super
2504 1622 2768 1676 ordinem
2800 1625 2888 1676 est
2941 1627 2998 1676 et
3047 1622 3248 1678 ordine
3296 1621 3641 1693 sublimior).
3675 1624 3743 1678 Et

337 1711 437 1761 τῶν
489 1704 792 1780 ἀνθρώπων
848 1701 1059 1782 ἔφημεν
1106 1703 1196 1756 τὸν
1251 1699 1434 1775 Ἀδάμ
1486 1699 1522 1770 ἤ
1570 1699 1698 1762 τοὺς
1758 1701 1817 1756 ἐκ
1887 1706 1983 1756 τοῦ

2097 1707 2450 1778 principium
2478 1709 2642 1764 Pater
2672 1725 2848 1779 super
2879 1709 3248 1781 principium.
3277 1710 3476 1780 Neque
3506 1727 3739 1765 rursum

335 1793 530 1867 Ἀδάμ.
589 1793 782 1848 Καίτοι
837 1794 915 1855 ὡς
978 1791 1065 1847 ἐπὶ
1116 1799 1216 1861 τῆς
1270 1798 1376 1866 γῆς
1435 1792 1656 1863 πατριὰ,
1690 1791 1865 1850 οὕτως
1895 1791 1983 1843 καὶ

336 1885 348 1896 ι
452 1886 464 1896 ι
621 1890 640 1896 -
733 1883 779 1896 ια
800 1882 853 1896 \l
884 1883 897 1896 Ω
1026 1880 1036 1896 Ι
1223 1881 1236 1896 1
1501 1878 1581 1896 I“
1641 1877 1661 1896 Χ
1799 1881 1812 1896 Ι

2098 1811 2165 1851 ex
2187 1812 2276 1863 eo,
2305 1798 2458 1867 quod
2493 1797 2647 1853 inter
2676 1797 2943 1853 homines
2972 1799 3153 1853 Adam
3186 1802 3277 1853 est
3324 1799 3549 1867 generis
3581 1798 3740 1869 prin-

334 1885 378 1940 ἒν
412 1886 694 1959 οὐρανοῖς,
724 1882 853 1937 ἀλλ’
884 1880 1112 1956 ἑκατέρᾳ
1173 1881 1324 1956 φύσει
1385 1877 1739 1950 κατάλληλος
1789 1881 1823 1948 ἡ
1882 1899 1983 1933 πα-

2097 1885 2316 1956 cipium
2346 1891 2403 1940 et
2431 1887 2747 1942 caelestium
2779 1887 3134 1943 exercituum
3168 1887 3284 1942 dux
3312 1887 3547 1942 Michael
3593 1887 3743 1942 inter

327 1977 445 2047 τριά
511 1975 604 2029 καὶ
664 1979 737 2047 τῇ
800 1973 957 2049 φύσει
1015 1973 1383 2046 προσήκουσα.
1442 1968 1809 2026 ’Έστιτοίνυν
1838 1968 1983 2038 τάξις

2099 1975 2358 2045 angelos,
2390 1979 2455 2030 ut
2482 1976 2568 2031 ita
2597 1976 3158 2048 dieam,angelorum
3184 1976 3478 2048 princeps,
3501 1976 3740 2047 inferas,

324 2087 397 2126 τις
434 2065 525 2119 καὶ
578 2064 670 2117 ἐπὶ
733 2070 840 2132 τῆς
883 2059 1141 2136 Τριάδοςο
1201 2059 1324 2116 ἀλλ’
1365 2059 1428 2113 οὗ
1481 2059 1691 2133 φύσεως
1734 2055 1983 2132 διαίρεσιν

2099 2068 2322 2135 patrem
2353 2065 2664 2135 quemdam
2688 2074 2742 2121 el
2762 2067 3082 2138 genitorem
3108 2064 3492 2120 multitudinis
3513 2066 3742 2136 angelo-

319 2137 733 2227 πετρεισάγούσα
787 2151 914 2224 (μία
959 2152 1064 2225 γὰρ
1112 2152 1147 2219 ἡ
1207 2149 1363 2228 φύσις
1415 2149 1506 2203 καὶ
1566 2145 1983 2224 ἀπαράλλακτος

2099 2167 2223 2206 rum
2247 2169 2372 2207 esse
2397 2137 2996 2226 archangelum,sicut
3019 2153 3414 2209 multitudinis
3436 2154 3744 2210 hominum

319 2249 432 2303 τοῖς
459 2243 662 2316 τρισὶν)
719 2238 850 2295 οὐδὲ
912 2239 1148 2306 τοπικὴν
1208 2238 1349 2302 θέσιν
1409 2236 1832 2314 (ἀπερίγραπτος
1886 2235 1983 2309 γὰρ

2100 2239 2359 2295 diximus
2389 2247 2609 2310 patrem
2644 2243 2931 2298 Adamum
2966 2242 3050 2298 vel
3081 2243 3178 2314 qui
3211 2261 3279 2298 ex
3311 2244 3551 2299 Adamo.
3586 2244 3745 2299 Sicut

316 2335 349 2399 ἡ
411 2332 586 2404 Τριὰς
647 2329 743 2384 καὶ
802 2329 937 2404 ὑπὲρ
987 2327 1163 2382 πάντα
1216 2323 1564 2400 τόπον)οὐδὲ
1603 2331 1868 2398 χρονικῆς
1900 2345 1983 2378 κι-

2101 2329 2337 2384 interra
2368 2335 2456 2384 est
2487 2333 2911 2401 pateruitas,ita
2942 2337 2998 2387 et
3037 2333 3092 2386 in
3123 2333 3286 2388 cmlis
3317 2333 3451 2401 ;sed
3496 2338 3745 2406 utraque

317 2424 517 2489 νῆσεως
551 2419 586 2489 ἤ
625 2418 814 2474 ἄλλου
840 2418 994 2478 τινὸς
1025 2413 1258 2492 ἔμφασιν
1289 2419 1400 2488 (39)
1431 2419 1540 2469 τῶν
1591 2413 1644 2469 ἐν
1692 2419 1810 2476 τοῖς
1854 2414 1983 2486 μετᾶ

2100 2426 2316 2473 naturai
2337 2435 2588 2489 congrua
2614 2426 2702 2476 est
2725 2423 3042 2491 paternitas
3065 2419 3144 2491 (y)
3176 2425 3230 2475 et
3271 2422 3620 2476 conveniens
3643 2438 3747 2476 na-

323 2511 446 2565 Θεὸν
480 2511 888 2583 θεωρουμένων
923 2507 1034 2580 (καὶ
1065 2507 1256 2568 αἰῶνες
1281 2504 1382 2581 γὰρ
1433 2505 1523 2559 καὶ
1583 2502 1783 2580 χρόνοι
1856 2501 1983 2576 μετὰ

2101 2511 2266 2561 turea.
2293 2507 2394 2562 Est
2417 2508 2592 2578 igitur
2625 2508 2838 2579 aliquis
2857 2511 2995 2564 ordo
3017 2509 3074 2562 in
3109 2509 3394 2563 Trinitate
3422 2526 3435 2576 ;
3487 2510 3585 2564 sed
3629 2525 3746 2564 non

325 2601 493 2671 Θεὸν),
524 2599 672 2654 ἀλλὰ
702 2597 841 2651 κατά
875 2598 974 2660 τὰς
1003 2600 1109 2649 τῶν
1168 2592 1460 2664 ἶὸιοτήτων
1521 2594 1754 2660 ἑκάστης
1839 2603 1995 2666 θεαρο

331 2695 496 2759 γικῆς
546 2688 896 2747 ὑποστάσεως
941 2682 1206 2758 διαφορὰς
1258 2682 1347 2737 καὶ
1405 2683 1489 2737 ὅτι
1540 2681 1917 2756 ἂναρχος(μέν
1961 2682 1988 2734 ὁ

339 2777 523 2849 Πατὴρ
544 2777 633 2829 καὶ
661 2777 807 2850 ἀρχὴ
832 2779 934 2830 τοῖ’)
955 2774 1111 2840 ἸἹοῦ,
1139 2771 1466 2846 ἀρχὴ,ἀρχή
1494 2767 1550 2825 δὲ
1573 2772 1599 2824 ὁ
1624 2771 1746 2831 Υἱὸς
1777 2769 1866 2824 καὶ
1890 2768 1989 2823 οὐκ

2096 1192 2227 1232 cum
2258 1177 2370 1232 isto
2402 1176 2760 1232 ethnicorum
2825 1175 3185 1246 stultiloquio
3211 1176 3248 1239 Ι)
3291 1176 3393 1230 sed
3444 1175 3638 1244 etiam,
3679 1175 3739 1230 iu

2095 1265 2258 1320 Patre
2287 1269 2344 1320 et
2373 1265 2516 1322 Filio
2547 1276 2598 1321 el
2629 1267 2846 1338 Spiritu
2877 1269 3074 1322 saneto
3125 1270 3214 1322 est
3251 1266 3413 1333 ordo,
3435 1264 3566 1321 licet
3599 1281 3742 1336 quo-

2093 1353 2179 1408 vis
2210 1353 2414 1408 ordine
2445 1355 2729 1425 superior.
2762 1356 2922 1411 Sicut
2957 1354 3114 1411 enim
3146 1359 3354 1410 natura
3386 1353 3508 1410 haec
3541 1370 3743 1426 super-

2095 1446 2212 1497 stat
2241 1443 2520 1498 omnibus
2550 1445 2772 1500 naturis
2803 1445 2961 1515 (nam
3009 1461 3190 1516 supra
3236 1449 3509 1500 naturam
3551 1447 3640 1499 est
3687 1448 3743 1499 et

2097 1532 2695 1600 supernaturalis),sic
2717 1536 2772 1588 et
2793 1535 2933 1588 ordo
2953 1533 3045 1588 hic
3064 1534 3220 1589 omni
3248 1533 3450 1589 ordine
3478 1533 3743 1605 superior

2099 2594 2418 2648 secundum
2457 2599 2680 2650 natura:
2711 2597 3052 2652 divisionem
3075 2600 3218 2663 (una
3233 2596 3386 2650 enim
3407 2595 3597 2650 tribus
3621 2613 3744 2664 per-

2098 2681 2256 2738 sonis
2289 2686 2378 2737 est
2423 2683 2642 2751 absque
2698 2683 2818 2738 ulla
2876 2684 3202 2738 differentia
3258 2685 3508 2753 natura),
3556 2700 3744 2755 neque

2097 2769 2337 2826 localem
2371 2770 2710 2840 positionem
2745 2773 3267 2842 (incircumscripta
3315 2777 3402 2826 est
3433 2771 3588 2827 enim
3615 2774 3738 2828 Tri-

329 2864 572 2939 ἇναρχος
629 2867 756 2918 κατά
810 2885 875 2940 γε
931 2864 996 2918 τὸ
1053 2856 1203 2935 ἔχειν
1250 2861 1343 2914 τὸν
1389 2858 1606 2933 Πατέρα
1636 2858 1835 2933 ἀρχὴν,
1871 2858 1985 2912 ἐπεὶ

319 2954 460 3009 κατὰ
525 2954 729 3028 χρόνον
776 2953 1026 3028 ἃναρχος
1084 2950 1173 3004 καὶ
1206 2949 1386 3016 αὐτὸς,
1424 2948 1487 3002 τὸ
1533 2945 1591 3002 δὲ
1621 2952 1844 3020 Ηνεῦμα
1895 2946 1984 3001 καὶ

308 3043 464 3118 ἁρχὴ
495 3042 587 3097 καὶ
631 3042 767 3097 αὐτὸ
835 3041 972 3114 μετὰ
1026 3045 1128 3108 τῆς
1183 3037 1364 3112 ἀρχῆς
1398 3039 1535 3110 (40)’
1589 3037 1735 3110 ἀρχῆ
1762 3037 1862 3112 γάρ
1892 3036 1983 3090 καὶ

307 3134 460 3211 ἀρχὴ
495 3134 590 3187 καὶ
649 3133 826 3207 ἀρχή,
885 3126 1016 3184 ἀλλ’
1076 3127 1138 3182 οὐ
1182 3131 1327 3201 τρεῖς
1363 3125 1550 3200 ἀρχαὶ,
1583 3122 1732 3179 ἀλλὰ
1765 3124 1861 3198 μία
1889 3126 1981 3180 καὶ

311 3186 522 3211 κίειν
687 3186 826 3207 Ir.”
1221 3186 1230 3201 ι
1316 3186 1325 3188 ‘
1400 3186 1548 3200 ι-ιιι
1765 3186 1775 3198 ι

311 3186 486 3285 οῧιέως
515 3220 700 3300 ἀρχὴ,
745 3221 822 3282 εἷς
867 3219 998 3293 μίαν
1055 3215 1238 3294 ἀρχὴν
1301 3214 1714 3292 ἄναφερομένων
1766 3218 1862 3269 τοῦ
1915 3235 1971 3269 τε
2013 3186 2055 3252 c

315 3313 436 3364 Υἱοῦ
486 3311 580 3366 καὶ
640 3313 742 3364 τοῦ
808 3309 1126 3379 Πνεύματος
1185 3301 1275 3358 διὰ
1327 3307 1424 3358 τοῦ
1487 3303 1632 3358 Υὶοῦ·
1706 3302 1850 3358 οὕτω
1880 3305 1969 3358 καὶ

312 3401 437 3463 θεὸς
462 3401 554 3454 καὶ
590 3399 728 3460 Θεός
757 3397 850 3452 καὶ
883 3396 1040 3462 Θεὸς,
1081 3391 1212 3448 ἀλλ’
1256 3392 1320 3447 οὐ
1345 3396 1494 3464 τρεῖς
1527 3391 1677 3460 Θεοὶ,
1717 3389 1843 3447 ἀλλ’
1898 3392 1979 3454 εἷς

315 3490 466 3552 Θεός.
520 3489 586 3546 Εἴ
650 3484 700 3541 δ’
754 3487 844 3541 οὖν
899 3485 1051 3553 τάξις
1103 3481 1215 3538 ἐστὶ
1249 3481 1342 3536 καὶ
1375 3481 1426 3535 ἐν
1455 3484 1524 3554 τῇ
1553 3478 1770 3555 Τριάδι,
1800 3480 1981 3544 καθὼς

307 3577 398 3629 καὶ
451 3578 508 3630 οἱ
556 3571 710 3651 ἅγιοι
771 3575 946 3642 εἷπον,
1003 3570 1153 3640 τάξις
1204 3566 1260 3624 δὲ
1289 3569 1352 3624 τὸ
1382 3573 1600 3644 πρῶτον
1631 3567 1812 3622 καὶτὸ
1843 3568 1982 3643 πρό-

311 3683 464 3738 τερον
518 3665 556 3734 ἥ
623 3661 872 3737 δεύτερον
934 3659 1026 3715 καὶ
1081 3658 1145 3714 τὸ
1201 3657 1315 3731 ἅμα
1345 3656 1422 3730 (ἐν
1454 3657 1541 3720 οῖς
1577 3656 1681 3733 γὰρ
1713 3652 1847 3726 αὕτη
1888 3656 1978 3710 καὶ

311 3757 522 3808 τούτων
581 3775 637 3808 τι
696 3755 834 3825 (41),
894 3748 1112 3824 ἀνάγλη
1171 3747 1261 3802 καὶ
1289 3752 1389 3815 τῆς
1430 3743 1722 3820 Τριάδοςῆ
1763 3745 1825 3799 τὸ
1865 3745 1980 3818 ἅμα

315 3844 642 3916 θεωρεῖσθαι
697 3839 735 3909 ἦ
794 3841 857 3895 τὸ
917 3843 1138 3913 πρῶτον
1184 3836 1274 3890 καὶ
1329 3835 1393 3890 τὸ
1444 3835 1708 3908 πρότερον
1757 3835 1847 3888 καὶ
1912 3834 1975 3888 τὸ

318 3927 567 4006 δε-ἓτερον
596 3932 634 4000 ἤ
665 3931 978 4007 ἀμφότερον
1009 3931 1144 4003 (42).

2099 2860 2251 2915 nilas
2280 2864 2336 2914 et
2365 2877 2542 2931 super
2566 2876 2801 2915 omnem
2832 2861 3073 2932 locum),
3107 2875 3296 2932 neque
3318 2860 3572 2932 speciem
3594 2865 3730 2916 tem-

2098 2947 2316 3020 poralis
2355 2948 2630 3004 motionis
2677 2949 2766 3005 vel
2814 2948 3058 3005 alterius
3114 2951 3466 3020 cujusquam
3510 2966 3734 3017 eorum,

2095 3053 2222 3109 qua:
2255 3038 2701 3094 considerantur
2755 3038 2814 3094 in
2874 3039 2964 3109 iis,
2998 3055 3122 3112 qum
3179 3043 3311 3112 post
3359 3043 3537 3094 Deum
3599 3044 3736 3095 sunt

2095 3129 2246 3197 (nam
2282 3131 2491 3184 saecula
2521 3133 2578 3184 et
2608 3133 2872 3202 tempora
2901 3133 3042 3186 sunt
3091 3133 3224 3202 post
3279 3133 3504 3202 Deum),
3533 3147 3735 3186 verum

2096 3219 2418 3273 secundum
2497 3218 2852 3275 differentias
2914 3219 3335 3292 proprietatum
3419 3219 3735 3290 cujuslibet

2095 3305 2299 3362 divinae
2332 3325 2588 3380 personae
2618 3313 2676 3364 et
2707 3311 2844 3380 quia
2879 3310 3148 3381 principii
3198 3326 3400 3382 expers
3435 3313 3520 3366 est
3567 3311 3736 3366 Pater

2091 3398 2150 3448 et
2180 3396 2527 3467 principium
2553 3397 2706 3466 Filii,
2734 3397 2913 3453 Filius
2960 3415 3091 3454 vero
3138 3398 3495 3470 principium
3535 3406 3588 3452 et
3618 3415 3733 3454 non

2091 3485 2361 3555 principii
2395 3501 2622 3558 expers,
2651 3503 2785 3542 cum
2838 3487 3071 3543 Patrem
3115 3486 3328 3542 habeat
3356 3486 3732 3558 principium,

2092 3573 2417 3628 secundum
2450 3591 2582 3629 vero
2611 3579 2843 3646 tempus
2874 3576 3066 3646 etipse
3085 3574 3353 3646 principii
3382 3590 3586 3646 expers
3612 3575 3690 3629 sit
3717 3591 3732 3641 ;

2090 3661 2343 3729 Spiritus
2375 3662 2609 3717 demum
2649 3663 3002 3734 principium
3037 3668 3094 3718 et
3123 3663 3252 3735 ipse
3274 3678 3404 3717 cum
3422 3661 3735 3733 principio.

2088 3750 2231 3805 Nam
2265 3755 2353 3806 est
2384 3752 2733 3823 principium
2768 3758 2825 3808 et
2860 3753 3209 3824 principium
3255 3757 3312 3809 et
3358 3752 3737 3825 principium,

2085 3839 2186 3894 sed
2221 3856 2335 3895 non
2365 3842 2475 3896 tria
2507 3840 2812 3912 principia,
2843 3858 3046 3897 verum
3079 3858 3264 3896 unum
3295 3846 3352 3897 et
3394 3841 3478 3897 sic
3524 3841 3742 3912 princi-

2085 3928 2270 3999 pium,
2313 3945 2446 3983 cum
2488 3930 2548 3985 in
2605 3947 2789 3985 unum
2847 3930 3202 4002 principium
3255 3931 3582 3986 referantur
3613 3939 3739 3987 tum

318 4021 504 4080 Pilius
534 4029 663 4080 tum
698 4038 802 4095 per
831 4020 1042 4076 Filium
1073 4017 1335 4090 Spiritus
1366 4020 1629 4073 sanctus.
1651 4014 1747 4071 Sic
1763 4019 1820 4070 et
1838 4020 1992 4071 Deus
2010 4019 2066 4070 et
2088 4017 2241 4072 Deus
2261 4021 2318 4072 et
2341 4019 2513 4090 Deus,
2539 4020 2639 4075 sed
2666 4037 2781 4076 non
2805 4024 2922 4075 tres
2940 4020 3260 4088 dii,verum
3287 4037 3442 4077 unus
3472 4022 3645 4077 Deus.
3679 4021 3740 4078 Si

313 4111 518 4186 itaque
551 4115 695 4169 ordo
718 4117 810 4168 est
835 4111 1015 4168 etiam
1039 4108 1100 4164 in
1125 4107 1428 4174 Trinitate,
1451 4105 1602 4162 sicut
1627 4109 1681 4161 et
1702 4105 1891 4161 sancti
1918 4104 2309 4176 afﬁrmarunt,
2339 4109 2480 4164 ordo
2517 4113 2665 4166 vero
2690 4114 2780 4167 est
2822 4110 3077 4183 primum
3123 4127 3188 4167 ac
3219 4111 3378 4182 prius
3406 4111 3497 4167 vel
3529 4127 3738 4168 secun-

316 4201 464 4257 dum
498 4209 557 4260 et
587 4203 766 4259 simul
799 4202 881 4272 (in
915 4200 1140 4272 quibus
1169 4197 1325 4254 enim
1365 4197 1528 4262 ordo,
1559 4199 1616 4251 et
1645 4194 1852 4251 borum
1888 4193 2210 4266 quidquam
2245 4200 2377 4271 est),
2410 4215 2516 4256 nec
2536 4216 2666 4257 esse
2695 4209 2785 4258 est
2805 4200 2980 4258 etiam
3002 4201 3062 4256 in
3095 4200 3380 4258 Trinitate
3429 4202 3517 4258 vel
3559 4201 3739 4258 simul

322 4292 688 4348 considerari
721 4290 808 4348 vel
841 4290 1105 4362 primum
1148 4289 1204 4342 et
1233 4285 1393 4358 prius
1424 4289 1602 4357 atque
1631 4283 1956 4340 secundum
1987 4282 2076 4340 vel
2103 4292 2483 4359 utrumque...

403 4379 576 4437 Hisce
605 4382 718 4438 late
745 4378 1018 4436 tractatis
1041 4377 1221 4432 ﬁnem
1252 4373 1506 4448 imponit
1531 4377 1732 4429 auctor
1751 4371 1978 4444 dialogo
1997 4372 2038 4428 f.
2071 4374 2138 4429 18
2171 4392 2223 4431 a.
2254 4380 2390 4436 Cod.
2421 4378 2707 4436 Vaticani.

409 4506 574 4562 AAT.
614 4509 795 4562 Ἔστω
846 4499 936 4559 καί
992 4504 1183 4570 ταῦτα,
1247 4499 1389 4563 καθά
1479 4517 1568 4553 σοι
1645 4493 1813 4552 δοκεῖ·
1897 4493 1983 4551 καὶ

2168 4506 2319 4559 LAT.
2353 4505 2476 4562 sint
2501 4511 2558 4563 et
2587 4506 2731 4574 haec,
2764 4509 2830 4562 ut
2857 4505 2962 4562 tibi
3004 4505 3257 4573 videtur,
3297 4508 3354 4561 et
3405 4503 3618 4559 habeat
3647 4502 3745 4558 hic

350 4587 528 4665 ἒχὲτω
554 4595 712 4668 πὲρας
743 4591 843 4649 ὡδὶ
877 4594 912 4662 ἡ
945 4592 1194 4666 παροῦσα
1225 4585 1478 4656 διάλεξις.

2099 4584 2275 4638 tinem
2307 4595 2558 4650 praesens
2590 4578 2932 4650 disputatio.

2103 4763 2164 4818 lu
2192 4777 2274 4818 or.
2305 4760 2509 4815 habita
2535 4773 2731 4814 coram
2761 4756 3033 4812 Patribus
3065 4755 3305 4812 secundi
3329 4754 3562 4812 Concilii
3600 4759 3743 4811 orat.

423 4773 536 4848 (38)
564 4776 700 4834 Vide
727 4777 931 4848 Chrys.
966 4774 1028 4830 in
1049 4773 1254 4829 Genes.
1272 4786 1426 4838 xnv,
1453 4767 1658 4840 2apud
1689 4767 1989 4824 Constant.
2103 4767 2164 4818 lu
2192 4777 2274 4818 or.
2306 4767 2509 4815 habita
2535 4773 2723 4842 coram

423 4846 531 4899 siit-
563 4854 700 4899 orat-
736 4851 784 4899 1-
820 4865 866 4899 e.
903 4847 977 4899 33
1007 4845 1121 4899 (Gr.
1156 4841 1314 4898 Orth.
1345 4849 1382 4897 ι.
1413 4841 1486 4899 ll.
1521 4857 1576 4899 ο.
1604 4839 1752 4899 72η.
2099 4835 2189 4896 32,
2225 4850 2282 4899 p.
2313 4833 2438 4899 520,
2470 4831 2560 4885 ed.
2596 4829 2723 4884 Bill.

351 4835 531 4923 Μέιιιζ
563 4854 700 4923 orat.
736 4851 786 4920 1,
820 4835 867 4903 οἳ
903 4847 977 4902 33
1007 4841 1314 4923 (θνηρνιιε.
1345 4835 1576 4923 t:_11,_p'.
1604 4839 1752 4904 γει).
1924 4908 1958 4923 η

2099 4835 2284 4923 ³²τ,ῐῖ;
2313 4835 2734 4923 eoae-39!;
2771 4915 2782 4923 _
2818 4896 2871 4923 ,,
3390 4899 3424 4923 ,η
3535 4898 3548 4917 ι

812 4896 972 4991 quas
995 4896 1205 4973 éi'iiii’
1232 4896 1411 4991 idocti
1469 4896 1664 4991 hernae
1710 4896 1983 4991 morantis

2115 4977 2128 4991 ,
2174 4896 2286 4991 (41)
2315 4896 2526 4976 Apdgr.
2560 4901 2736 4957 habet
2769 4915 2782 4954 :
2816 4896 2871 4952 ἐν
2919 4897 3002 4959 οἷς
3029 4897 3132 4974 γὰρ
3177 4900 3347 4953 ταῦτα
3387 4899 3424 4969 ἢ
3454 4898 3663 4954 τούτων
3692 4919 3744 4954 τι

342 4975 1111 5072 δέοεὲοιθηιὶἇξιοὶερὶιηυε
1141 4992 1196 5042 et
1227 4985 1446 5111 quibus
1477 4983 1620 5039 solis
1651 4985 1709 5065 in
1752 4981 1843 5036 bis
1869 4980 1993 5035 dia-
2105 4975 2335 5048 ἀνάγκη.
2372 4975 2377 4976 “
3235 5059 3247 5072 .
3434 5043 3448 5062 ἱ
3598 5042 3610 5062 1

342 5053 515 5111 Ῑοριὲ
547 5063 884 5111 fragmentis
918 5065 1198 5111 nitimur.
1270 5061 1555 5111 actionem
1604 5053 1699 5109 hic
1749 5053 1994 5108 dubium
2179 5048 2288 5111 (42)
2319 5045 2518 5103 Cod.f.
2555 5045 2641 5111 17,
2697 5059 2758 5111 a,_
2811 5042 2958 5099 Nota
3015 5057 3200 5111 marg.
3235 5084 3247 5097 .
3323 5044 3450 5111 Περι
3499 5062 3610 5111 πριι

340 5042 516 5138 logi—2
538 5042 1198 5138 ira—gmenti's'bitimur,
1242 5042 1555 5113 lectionem
1604 5053 1699 5109 hic
1749 5053 1983 5108 dubium

2179 5042 2518 5138 (112')'Cod$f.
2555 5045 2641 5138 i7,
2697 5059 2758 5130 aa
2811 5042 2961 5134 Nota
3015 5057 3200 5138 marg.
3235 5059 3247 5097 :
3282 5043 3450 5129 ,Περὶ
3499 5042 3744 5116 πρώτου,

340 5076 398 5113 Ῑο
480 5076 515 5118 Ζ
547 5076 884 5138 [τεεωθῑιῑιε
918 5076 1198 5126 nitimur,
1248 5076 1555 5113 lectionem
1605 5076 1699 5109 DIC
1749 5076 1994 5108 υυυιυω
2179 5076 2288 5121 (ιιι)
2319 5076 2454 5103 buu.
2483 5076 2518 5100 ι-
2556 5076 2578 5100 ,ι
2601 5076 2641 5112 ι,
2697 5076 2758 5130 αὖ
2812 5076 2961 5134 μυιεῖ
3015 5076 3200 5128 120.15.
3235 5084 3247 5097 ο
3282 5076 3374 5129 ,ιιι

331 5076 689 5209 Ρεῄῇιηᾳῃυηι,
851 5207 882 5209 η
1105 5201 1116 5209 _
1254 5199 1288 5209 Α
1466 5199 1478 5209 .
1603 5195 1651 5209 ι.
1726 5196 1738 5208 θ
2105 5118 2393 5194 προτέρου,
2429 5113 2700 5190 δευτέρου,
2732 5133 2846 5186 αμα
2873 5134 2963 5169 και
2999 5134 3109 5169 των
3140 5113 3374 5173 λοιπων.

381 5195 696 5282 (40)Ἠὶεοθ
733 5207 989 5267 vocibus
1037 5201 1217 5258 utitur
1247 5199 1560 5271 Gregorius
1603 5195 1998 5254 Nazianzenus

301 5459 324 5507 ι
379 5385 465 5457 (ν)
509 5383 710 5461 Πατριᾶ
740 5383 844 5440 hic
875 5392 1006 5434 non
1038 5376 1129 5430 est
1156 5387 1364 5444 genus,
1397 5385 1561 5443 gens,
1593 5368 1776 5440 origo,
1807 5367 1909 5424 sed
1943 5363 2283 5438 paternitas,
2317 5367 2382 5418 ut
2412 5362 2625 5434 Ephes.
2660 5376 2746 5429 ιη,
2782 5360 2870 5426 15,
2930 5359 3006 5416 ad
3053 5375 3228 5431 quem
3277 5359 3502 5415 textum
3530 5353 3741 5410 alludi-

325 5472 422 5507 nr-

325 5472 423 5517 11f.
