4150 6292
431 389 548 446 211
1697 375 2002 436 ΝΙΟΕΤιΕ
2045 379 2070 437 l

2209 375 2582 437 lONlENSlS
3731 371 3848 432 212

432 513 3841 542 W

1639 669 2044 766 ΛΟΓΟΣ
2140 669 2630 766 ΤΡΙΤΟΣ.

1515 1040 2150 1136 DIALOGUS
2199 1041 2771 1140 TERTIUS-

489 1367 610 1424 GR.
643 1368 844 1423 Adhuc
866 1367 976 1422 hoc
1004 1363 1236 1420 initium
1271 1371 1326 1418 et
1355 1377 1586 1417 rursum
1637 1359 1910 1432 ponimus
1959 1359 2081 1415 dis-
2113 1394 2128 1434 γ

2277 1363 2377 1418 ΓΡ.
2437 1361 2557 1416 Ἒτι
2611 1361 2806 1426 ταύτην
2873 1361 3018 1434 (τὴν)
3067 1361 3248 1440 ἀρχὴν
3307 1363 3398 1416 καὶ
3471 1363 3626 1424 αὖθις
3707 1362 3851 1418 tilla-

444 1457 816 1527 ceptationis,
852 1469 1028 1525 quam
1083 1452 1376 1508 vobiscum
1433 1449 1717 1504 habemus
1763 1449 1832 1504 de
1875 1449 2083 1520 Spiritt

2210 1469 2300 1520 μεν
2351 1453 2467 1520 (43)
2519 1457 2622 1519 τῆς
2683 1453 2800 1523 μεθ’
2859 1451 3010 1523 ὑμῶν
3061 1453 3184 1526 περί
3217 1456 3312 1506 τοῦ
3343 1454 3500 1526 ἁγίου
3533 1451 3849 1526 Πνεύματος

443 1543 964 1615 sancto,quomodo
989 1557 1105 1596 non
1133 1541 1214 1595 sit
1248 1541 1572 1595 absurdum
1599 1538 1790 1592 dicere
1827 1553 1959 1592 eum
1983 1553 2082 1592 nor

2214 1541 2574 1608 τυζητήσεως,
2635 1544 2752 1599 πῶς
2811 1539 2912 1594 οὐκ
2963 1538 3166 1594 ἄτοπον
3225 1542 3287 1596 τὸ
3342 1539 3522 1616 λέγειν
3563 1545 3728 1596 τοῦτο
3779 1545 3853 1614 μή

447 1651 515 1689 ex
550 1637 719 1689 Patre
753 1634 1122 1702 solo,verum
1167 1629 1340 1686 etiam
1377 1645 1445 1684 ex
1467 1628 1610 1684 Filio
1638 1629 1970 1699 procedere.
2005 1627 2086 1682 Et-

2219 1626 2264 1679 ἑκ
2308 1631 2406 1680 τοῦ
2465 1628 2674 1702 Ηατρὸς
2745 1627 2935 1700 μόνου,
2985 1625 3131 1682 ἀλλὰ
3171 1629 3259 1682 καὶ
3311 1627 3370 1683 ἐκ
3397 1633 3492 1684 τοῦ
3529 1630 3659 1683 Υἱοῦ
3691 1629 3858 1684 ἐκπο-

451 1722 606 1777 enim
641 1739 877 1777 necesse
898 1725 984 1776 est
1014 1725 1077 1776 ut
1111 1719 1196 1773 vel
1231 1735 1298 1774 ex
1327 1717 1585 1774 essentia
1621 1716 1802 1772 Patris
1853 1717 1932 1772 sit
1965 1732 2090 1786 pro-

2207 1715 2470 1788 ρεόεσθαι.
2507 1715 2610 1772 Καὶ
2659 1718 2760 1790 γὰρ
2813 1717 3042 1791 ἂνάγκη,
3097 1715 3132 1786 ἧ
3199 1717 3260 1772 ἐκ
3305 1725 3404 1786 τῆς
3463 1717 3648 1780 οὐσίας
3709 1721 3845 1773 εἶναι

451 1811 662 1866 cedens
691 1810 778 1865 vel
813 1827 880 1865 ex
908 1808 1278 1880 proprietate.
1309 1805 1486 1877 Atqui
1531 1806 1582 1860 si
1633 1805 1868 1876 quidem
1917 1821 1984 1859 ex
2015 1820 2090 1860 es-

2212 1809 2298 1860 τοῦ
2331 1806 2537 1880 Πατρὸς
2567 1804 3018 1880 ἐκπορευόμενον,
3051 1803 3088 1876 ἤ
3109 1805 3169 1861 ἐκ
3223 1809 3322 1876 τὴς
3355 1805 3651 1876 ἰδιότητος.
3685 1805 3851 1862 Ἀλλ’

451 1899 661 1966 sentis,
694 1915 825 1952 cum
875 1898 1132 1953 essentia
1175 1894 1506 1952 communis
1556 1894 1634 1950 sit
1671 1899 1846 1965 atque
1895 1893 2090 1948 eadem

2210 1893 2253 1948 εἰ
2289 1895 2381 1966 μὶν
2413 1895 2472 1948 ἐκ
2499 1902 2598 1963 τῆς
2629 1895 2838 1964 οὐσίας,
2863 1895 2978 1950 ἐπεὶ
3011 1897 3044 1964 ἡ
3077 1895 3235 1950 οὐσία
3283 1897 3441 1964 κοινή
3491 1895 3580 1950 καὶ
3623 1897 3657 1964 ἠ
3711 1895 3849 1966 αὗτή

449 1987 635 2044 Patris
666 1992 723 2043 et
752 1987 880 2042 Filii
929 1991 985 2042 et
1029 1985 1280 2058 Spiritus
1326 1983 1536 2052 sancti,
1583 1999 1698 2038 non
1753 1998 1823 2037 ex
1854 1981 2018 2037 Patre
2047 1986 2088 2038 e1

2214 1989 2300 2040 τοῦ
2334 1985 2782 2058 Ηατρὸςκαίτοῦ
2847 1986 2979 2042 Τῖοὖ
3037 1985 3128 2040 καὶ
3190 1990 3288 2040 τοῦ
3346 1987 3686 2058 Ηνεύματος,
3747 1986 3853 2040 οὐκ

451 2079 594 2134 Filio
621 2083 849 2134 tantum
883 2079 1214 2146 procederet
1260 2075 1532 2145 Spiritus,
1582 2089 1782 2129 verum
1829 2075 2004 2128 etiam
2034 2089 2090 2127 ex

2212 2073 2267 2128 ἐκ
2287 2077 2384 2128 τοῦ
2415 2073 2628 2146 Ηατρὸς
2659 2073 2748 2126 καὶ
2787 2077 2885 2128 τοῦ
2953 2073 3081 2128 Υἶοῦ
3151 2076 3317 2146 μόνον
3345 2073 3713 2145 ἱὲκπορεύοιτ’
3765 2073 3851 2140 ἄν,

451 2184 514 2224 se
542 2170 672 2240 ipso
705 2183 960 2238 quoque,
985 2167 1138 2236 quod
1175 2179 1298 2220 esse
1339 2163 1566 2234 nequit.
1593 2161 1654 2218 Si
1697 2177 1829 2216 vero
1878 2177 1946 2216 ex
1979 2177 2090 2232 pro-

2216 2161 2354 2218 ἰΛλὰ
2386 2163 2476 2217 καὶ
2543 2161 2596 2232 ἐξ
2647 2163 2838 2216 ἑαυτοῦ
2883 2163 2944 2216 τὸ
3005 2167 3244 2234 Ηνεῦμα,
3301 2163 3433 2238 ὅπερ
3465 2163 3565 2217 οὐκ
3585 2160 3755 2220 ἔστιν.
3791 2163 3855 2219 Εἰ

451 2256 852 2323 prietate,cum
879 2254 1207 2325 proprietas
1220 2268 1338 2306 non
1351 2252 1428 2306 sit
1447 2249 1826 2320 essentia,sed
1850 2249 2004 2306 circa
2017 2266 2090 2305 es-

2218 2247 2264 2305 δὲ
2293 2249 2354 2305 ἐκ
2380 2257 2483 2319 τῆς
2529 2248 2829 2320 ἱδιότητος,
2881 2253 2916 2319 ἠ
2953 2248 3008 2305 δὲ
3061 2249 3273 2322 ἴδιότης
3317 2251 3416 2306 οὐκ
3466 2251 3648 2320 οὐσία,
3709 2249 3857 2306 ἀλλὰ

451 2343 1021 2414 sentiam,quomodo
1044 2340 1104 2396 id
1129 2341 1282 2412 quod
1311 2339 1632 2395 secundum
1658 2353 1717 2393 se
1738 2338 2090 2394 estvidelicel

2220 2339 2328 2414 περὶ
2385 2340 2482 2407 τήν
2533 2337 2712 2394 οὐσίαν
2757 2341 2894 2413 (44),
2941 2343 3060 2401 πῶς
3111 2341 3174 2394 τὸ
3225 2341 3344 2394 καθ’
3403 2340 3558 2394 ἑαυτὸ
3613 2338 3744 2409 ἦτοι
3797 2340 3859 2394 τὸ

449 2433 724 2504 Spiritus,
755 2431 866 2486 erit
895 2430 1220 2501 procedens
1253 2444 1322 2483 ex
1351 2443 1440 2496 eo,
1464 2426 1622 2498 quod
1643 2443 1758 2482 non
1781 2427 2088 2482 secundum

2220 2431 2424 2500 Ηνεῦμα
2479 2425 2628 2482 ἔσται
2683 2425 2744 2482 ἐκ
2797 2431 2895 2482 τοῦ
2957 2429 3030 2499 μὴ
3075 2429 3190 2482 καθ’
3239 2429 3423 2496 ἑαυτὸ,
3505 2425 3654 2483 ἁλλὰ
3734 2427 3859 2502 περῖ

449 2538 514 2578 se
545 2525 654 2588 est,
687 2521 788 2576 sed
821 2520 978 2576 circa
1033 2519 1218 2586 aliud,
1273 2517 1382 2572 hoc
1438 2521 1528 2572 est
1584 2531 1653 2571 ex
1711 2516 2088 2586 proprietatel

2220 2515 2386 2590 ἕτερον
2447 2513 2873 2590 ἐκπορευόμενον
2913 2521 3049 2590 (4-ὄ),
3105 2515 3350 2572 τουτέστι
3379 2523 3478 2586 τῆς
3533 2514 3859 2586 ἰδιότητοςς

454 2612 656 2682 Itaque
677 2609 763 2665 vel
796 2609 958 2664 nullo
990 2623 1232 2680 prorsus
1283 2605 1454 2661 modo
1503 2611 1594 2660 est
1627 2605 1967 2676 procedens,
2017 2607 2093 2660 vel

2224 2607 2274 2677 ,Η
2317 2604 2408 2659 οὖν
2469 2601 2598 2664 οὐδὲ
2637 2603 2958 2679 ἐκπορευτὸν
3009 2603 3180 2668 ὅλως,
3249 2607 3284 2676 ἢ
3317 2607 3363 2660 εἳ
3411 2603 3764 2679 ἒκπορευτὸν,
3801 2605 3863 2660 ἐκ

455 2700 502 2756 si
525 2699 844 2772 procedens
861 2699 1120 2766 est,dum
1147 2712 1216 2750 ex
1245 2699 1405 2751 Patre
1439 2699 1495 2749 et
1530 2709 1598 2749 ex
1635 2691 1776 2748 Filio
1825 2693 2094 2764 proceditl

2209 2697 2304 2748 τοῦ
2338 2695 2548 2766 Ηατρὸς
2593 2693 2682 2748 καὶ
2730 2692 2791 2748 ἔκ
2837 2699 2934 2750 τοῦ
3001 2694 3128 2764 Υῒοᾷ
3183 2692 3639 2768 ἐκπορευόμενον,
3695 2695 3848 2750 ἔσται

457 2789 633 2845 etiam
665 2803 734 2842 ex
763 2803 824 2843 se
871 2787 1000 2858 ipso
1048 2786 1364 2857 procedens
1417 2783 1548 2854 erit,
1597 2782 1750 2854 quod
1801 2797 2096 2853 nunquam

1900 2797 2100 2853 aquam
2137 2780 2176 2789 ”
2211 2783 2302 2838 καὶ
2331 2780 2382 2852 ἒξ
2405 2783 2595 2838 ἑαυτοῦ
2623 2781 3070 2860 ἐκπορευόμενον,
3099 2785 3232 2858 ὅπερ
3261 2780 3539 2840 οὐδεποτε.

457 2875 580 2934 ﬁeri
611 2879 822 2948 potest.

517 2969 677 3025 LAT.
715 2968 843 3022 Haec
875 2965 1240 3022 ratiocinatio
1271 2963 1545 3033 ostendit,
1574 2979 1690 3018 non
1719 2963 1868 3033 quod
1898 2978 2100 3033 proce-

2281 2967 2442 3020 ΛΑΤ.
2475 2964 2646 3026 Οὗτος
2681 2964 2708 3018 ὁ
2739 2961 2908 3040 λόγος
2933 2961 3195 3018 δείκνυσιν
3231 2965 3339 3038 οὐχ
3369 2965 3453 3018 δτι
3501 2963 3578 3035 μὴ
3639 2960 3704 3018 ἒκ
3757 2967 3861 3017 τοῦ

462 3059 548 3114 dit
575 3073 642 3112 ex
682 3056 847 3122 Filio,
887 3055 990 3111 sed
1039 3055 1194 3125 quod
1249 3069 1438 3125 neque
1493 3068 1562 3109 ex
1608 3053 1775 3108 Patre
1819 3051 2099 3124 procedit,

2222 3051 2361 3120 ι’ἱοῦ,
2411 3051 2537 3108 ἀλλ’
2605 3051 2688 3107 ὅτι
2741 3051 2882 3125 μηδὲ
2939 3053 2999 3107 ἐκ
3057 3056 3157 3108 τοῦ
3207 3053 3412 3126 Πατρὸς
3481 3051 3861 3126 ἐκπορεύεται,

455 3161 642 3215 neque
673 3143 912 3200 omnino
945 3142 1261 3214 procedens
1285 3151 1438 3198 est...

2213 3139 2354 3214 μηδὲ
2385 3139 2530 3202 ὃλως
2564 3139 2887 3216 ἐκπορευτόν
2921 3139 3099 3200 ἐστι...

505 3233 623 3290 GR.
658 3233 926 3287 Probatio
955 3247 1087 3286 vero
1117 3237 1175 3285 et
1204 3230 1619 3284 demonstratio
1651 3229 1738 3284 vel
1786 3245 1885 3300 per
1915 3229 2100 3284 artiti—

2279 3229 2379 3284 ΓΡ.
2415 3231 2530 3302 (46)
2557 3229 2620 3286 Ἠ
2643 3226 2700 3284 δὲ
2729 3231 3026 3298 κοτασκευή
3069 3231 3158 3284 καὶ
3195 3231 3232 3298 ἡ
3291 3225 3455 3302 δεῖξις
3509 3229 3545 3298 ἤ
3607 3225 3698 3284 διὰ
3754 3229 3863 3284 λό-

453 3322 660 3377 cialem
687 3318 1190 3375 ratiocinationem
1218 3334 1286 3373 ex
1313 3317 1465 3372 veris
1496 3316 1801 3389 principiis
1832 3317 2092 3389 proﬁcis-

2226 3339 2320 3395 γου
2348 3323 2604 3394 τεχνικοῦ
2629 3319 2681 3390 ἐξ
2719 3320 2906 3394 ἀρχῶν
2949 3315 3337 3395 προϐαίνοντος
3385 3318 3634 3388 ἀληθῶν,
3693 3318 3730 3388 ἢ
3801 3315 3865 3373 δι

447 3418 693 3475 centem,
726 3409 812 3464 vel
845 3423 950 3480 per
977 3406 1242 3477 exempla
1273 3405 1362 3462 vel
1395 3421 1496 3477 per
1525 3406 1860 3462 testimonia
1879 3405 1964 3461 vel
1995 3422 2086 3478 per

2234 3404 2655 3482 ιποδειγμάτων,
2687 3407 2722 3476 ἢ
2755 3405 2844 3462 διὰ
2881 3411 3188 3483 μαρτυριῶν
3221 3409 3256 3476 ἢ
3307 3405 3397 3462 διά
3451 3429 3610 3463 τινων
3649 3407 3873 3479 ὲπομὲ-

442 3497 898 3570 consequentias
929 3513 999 3553 ex
1025 3495 1380 3552 testimoniis
1422 3499 1479 3551 et
1521 3496 1755 3565 scriptis
1789 3495 2081 3552 sententii:

2235 3517 2307 3551 ων
2361 3501 2482 3559 ταῖς
2541 3499 2860 3572 μαρτυρίαις
2910 3498 3000 3552 καὶ
3043 3502 3166 3558 ταῖς
3231 3501 3519 3573 γραφικαῖς
3584 3499 3871 3572 χρήσεσιν

447 3589 770 3656 conficitur,
807 3589 888 3643 ita
917 3591 984 3642 ut
1035 3586 1133 3656 qui
1179 3586 1398 3656 absque
1445 3585 1538 3641 his
1588 3584 1808 3655 aliquid
1851 3584 2086 3652 inducit,

2238 3606 2279 3647 ›ς
2339 3586 2367 3639 δ
2407 3607 2468 3659 γε
2525 3587 2702 3664 χωρὶς
2743 3587 2948 3642 τούτων
3009 3585 3242 3662 εἱσάχων
3296 3607 3348 3640 τι
3403 3587 3464 3640 οὗ
3514 3587 3737 3640 πιθανόν
3799 3609 3877 3644 τι

443 3695 560 3735 non
589 3677 906 3734 veriimile
935 3675 1079 3747 quid
1110 3675 1196 3730 vel
1228 3677 1448 3731 ratione
1473 3675 1782 3732 fundatum
1815 3674 1914 3746 (a).

2239 3671 2332 3730 ὐδὲ
2362 3671 2594 3751 εὔλογον
2664 3672 2813 3730 δοκεῖ
2848 3674 3047 3750 λέγειν,
3085 3678 3160 3748 μή
3195 3675 3279 3730 ὅτι
3307 3696 3368 3750 γε
3397 3673 3598 3745 ἀληθὲς
3627 3676 3664 3744 ἢ
3699 3675 3875 3732 εὗσε-

441 3763 552 3829 ϐἐς·
579 3763 724 3820 δοκεῖ
782 3762 840 3819 δὲ
885 3763 975 3818 καὶ
1015 3760 1352 3838 παράδόξους
1417 3761 1626 3824 ἑννοίας
1687 3763 1946 3838 εἰσάγειν,
1976 3761 2062 3816 ’ἰνα
2097 3763 2173 3835 μὴ
2236 3761 2384 3838 λέγω
2440 3761 2786 3838 ἒτεροδόξους
2843 3763 3021 3838 χωρὶς
3079 3767 3388 3838 μαρτυριῶν
3431 3765 3518 3818 καὶ
3551 3765 3644 3818 καὶ
3673 3785 3879 3820 κατοι-

437 3875 653 3924 σκευης.

478 3947 632 4002 LAT.
666 3947 782 4002 Hoc
815 3960 984 4017 porro
1028 3943 1202 4000 etiam
1254 3943 1482 4011 faciam,
1533 3944 1634 4000 sed
1693 3959 1870 4000 cras:
1930 3943 2086 4015 quod

2271 3947 2430 4002 AAT.
2463 3949 2632 4000 Τοῦτο
2665 3941 2730 4013 δὴ
2764 3943 2854 3998 καὶ
2881 3945 3117 4013 ποιήςω,
3141 3941 3290 4012 πλὴν
3323 3941 3449 3999 ἀλλ’
3517 3941 3570 4004 ἐς
3629 3941 3879 4019 αὔριον·

432 4043 502 4096 ad
537 4039 907 4112 prasentiam
941 4039 1188 4107 spectat,
1220 4035 1484 4106 linguam
1515 4033 1610 4090 hic
1657 4033 2071 4090 contineamus.

2252 4059 2256 4082 ι
2287 4029 2344 4087 δὲ
2381 4038 2550 4107 γενῦν
2585 4031 2712 4108 ἔχον
2754 4031 2980 4096 ἐνταῦθα
3017 4033 3127 4107 ,τὴν
3185 4031 3431 4108 γλῶτταν
3501 4031 3891 4108 ἐπίσχωμεν.

493 4170 570 4242 (α)
605 4171 676 4224 Ac
717 4166 920 4242 multo
977 4165 1171 4220 minus
1219 4181 1420 4242 verum
1467 4163 1554 4220 vel
1613 4165 1775 4242 pium
1827 4165 2090 4218 videatur
2197 4163 2604 4242 acrbmreticos
2633 4180 2846 4242 sensus
2895 4163 3167 4219 inducere
3215 4161 3564 4218 testimoniis
3614 4171 3671 4218 et
3723 4183 3902 4238 pro-

440 4235 648 4312 dicere,
679 4238 909 4294 videtur
937 4252 1074 4292 vero
1107 4236 1461 4308 peregrinos,
1495 4251 1566 4291 ne
1597 4235 1788 4291 dicam
1819 4251 2088 4290 erroneos
2199 4235 2430 4290 batione
2459 4235 2794 4291 destitutus.

437 4411 2244 4440 ψ

2249 4411 3904 4440 Μ

1537 4567 1940 4665 ΛΟΓΟΣ
2021 4568 2714 4666 ΤΕΤΑΡΤΟΣ.

1477 4897 2110 4996 DIALOGUS
2179 4899 2804 5016 QUARTUS-

493 5217 612 5276 GR.
647 5220 764 5286 Age
795 5229 950 5268 nunc
973 5211 1288 5278 videamus,
1323 5229 1354 5266 ο
1393 5211 1613 5278 Latine,
1665 5209 1714 5266 si
1764 5207 1940 5265 etiam
1981 5209 2086 5265 ha-
2119 5211 2132 5277 ]

2308 5210 2366 5264 P.
2405 5207 2542 5302 ίξ’ἐρε
2565 5204 2632 5276 δή
2651 5206 3011 5302 νυν-ἵδιυμεν,
3063 5213 3108 5266 ὦ
3167 5217 3380 5302 Λατῖνε,
3439 5215 3532 5270 καὶ
3591 5219 3640 5271 εἲ
3723 5243 3945 5302 τινας

437 5311 574 5367 bea
606 5305 834 5376 aliquas
865 5301 1150 5371 imagines
1177 5300 1264 5356 vel
1297 5299 1558 5370 exempla
1591 5300 1881 5370 quedam,
1913 5298 2032 5355 sive
2058 5317 2076 5355 ε

2304 5317 2346 5358 ις
2401 5296 2611 5386 εἰκόνας
2667 5297 2700 5366 ἢ
2759 5297 3149 5376 ὑποδείγματα,
3205 5300 3242 5370 ἤ
3299 5301 3462 5364 αὐτὸς
3521 5304 3824 5386 πλάσας,

429 5407 483 5456 te
515 5399 645 5470 ipso
683 5375 1026 5463 excogitata,
1086 5389 1209 5445 sive
1257 5387 1490 5445 aliunde
1561 5397 1814 5459 accepta.
1865 5389 1936 5445 ad
1967 5389 2068 5444 evil

2310 5384 2456 5442 ιωθέν
2511 5396 2672 5450 ποθεν
2760 5375 2969 5458 λαϐὼν,
3027 5393 3163 5464 πρὸς
3231 5389 3614 5468 ἐναργεστέραν

482 5552 593 5622 (43)
623 5550 683 5606 In
713 5547 842 5602 Vat.
875 5547 1001 5602 cod.
1037 5545 1075 5599 l'.
1107 5543 1170 5598 21
1206 5559 1258 5599 a.
1301 5543 1464 5614 Apud
1525 5543 1867 5612 Fabricium,
1925 5543 2072 5598 Bibl.

482 5641 518 5678 ν.
551 5622 670 5686 VIl,
730 5621 785 5675 d.
828 5619 955 5682 756,
989 5617 1078 5673 ed.
1113 5631 1243 5670 nov.
1277 5613 1489 5686 legitur
1517 5613 1626 5670 hoc
1655 5614 1892 5670 initium
1951 5612 2075 5670 Ἐπὶ

2257 5543 2371 5686 (44ζ
2399 5541 2542 5596 Vide
2568 5541 2734 5612 Greg.
2767 5547 2903 5600 Naz.
2936 5549 3080 5602 orat.
3107 5547 3196 5617 32,
3229 5563 3286 5620 p.
3318 5547 3446 5620 519,
3479 5550 3568 5608 ed.
3596 5550 3783 5620 Bill.

2259 5615 2350 5686 (45
2398 5613 2536 5686 Cod.
2570 5611 3020 5686 ἐκπορευομένου.

428 5625 518 5682 Gr.
551 5611 670 5690 VII,
730 5619 955 5690 (1.,756,
989 5617 1078 5673 ed.
1113 5631 1243 5690 n_ov.
1277 5611 1489 5690 legitur
1517 5613 1626 5670 hoc
1655 5611 1892 5670 initium
1951 5612 2067 5670 Ἐπῑ

1380 5614 1489 5690 itur
1517 5613 1626 5670 hoc
1655 5611 1892 5670 initium
1951 5612 2075 5670 Ἐπὶ
2398 5613 2536 5690 ςιοά.
2570 5611 3019 5690 ἐκπορευοᾲμενου,

425 5693 628 5766 ταύτην
657 5685 758 5764 τὴν
795 5687 975 5765 ἀρχὴν
1008 5709 1060 5744 κ.
1103 5687 1252 5748 αὖθις
1282 5685 1584 5760 τιθέμενος.

2257 5685 2370 5759 (46)
2403 5685 2466 5742 In
2499 5687 2622 5742 cod.
2655 5685 2780 5744 Vat.
2815 5685 2854 5744 f.
2886 5689 2978 5761 22,
3001 5689 3058 5748 b.
3090 5689 3239 5751 med.
