4150 6292
342 379 427 442 ‘t’t‘t
1355 389 1456 450 DE
1499 389 2026 451 PBOCESSIONE
2071 393 2436 460 SPIRITUS
2481 399 2780 464 SANCTl.

3646 411 3762 473 214

373 522 444 586 τῆς
485 514 543 571 ὲκ
591 519 824 592 Βατρὸς
861 518 966 573 καὶ
999 518 1150 585 Υἱοῦ,
1182 519 1316 583 καοᾶ
1347 519 1473 594 φῄς,
1496 518 1864 595 ἐκπορεύσεως
1900 525 1984 576 τοῐ

2119 524 2353 584 dentius
2375 535 2793 590 ostendendam
2820 536 3068 605 Spiritus
3088 539 3297 606 sancti,
3315 555 3490 610 quam
3521 546 3762 614 asseris,

385 607 486 680 ἁγίου
537 607 892 678 Ιῐνεῦματος,
951 608 1046 662 καὶ
1099 604 1167 661 δι’
1205 607 1278 661 ὦν
1335 605 1476 662 ἔστιν
1525 608 1781 663 είκονίσαι
1816 614 1984 688 σαφᾶι

2119 635 2176 673 ex
2205 623 2370 674 Patre
2400 625 2455 675 et
2487 622 2629 677 Filio
2663 624 3112 694 processionem,
3139 631 3196 680 et
3215 629 3563 684 sententiam
3597 632 3756 701 ejus~

386 698 427 750 τὸ
469 694 967 772 δογματιζόμενον,
1042 695 1096 752 εἶ’
1133 719 1236 752 που
1304 695 1528 752 δυνατὸν
1598 697 1858 769 κατιδεῖν,
1926 700 1984 755 ὧι

2119 709 2266 762 modi
2302 711 2608 781 perspicue
2641 713 2842 783 figuris
2878 718 2934 768 et
2988 715 3536 774 adumbrationibus
3588 694 3756 776 illus-

384 791 451 841 τοῦ
492 787 649 840 αὐτοῦ
709 788 804 840 καὶ
870 787 998 848 ἑνὸς
1069 783 1191 840 τόδε
1235 809 1289 841 τι
1349 785 1525 842 α’ἰτιον
1585 787 1673 842 καὶ
1731 785 1873 842 τόδε⁸
1908 791 1984 842 καῖ

2119 799 2396 866 trandam,
2430 802 2479 856 si
2511 817 2627 872 qua
2658 803 2932 872 possibile
2963 809 3052 859 est
3090 804 3432 877 intelligere,
3465 812 3758 878 quomodo

380 875 593 949 ἀρχὴκαὶ
625 875 920 951 ἀρχὴκαὶ
955 875 1020 929 οὑ
1051 872 1146 929 δύο
1184 876 1375 951 ἀρχαὶ,
1399 874 1526 931 οὐδὲ
1557 873 1652 931 δύο
1700 877 1764 931 τὰ
1830 877 1995 932 α’ἰτιαν

2108 888 2284 942 unius
2309 891 2696 962 ejusdemque
2727 891 2835 947 hoc
2889 897 2944 947 et
3001 893 3148 948 illud
3203 895 3280 950 sit
3321 913 3520 966 causa,
3553 901 3762 968 princi-

379 965 446 1018 ἳνα
498 964 579 1018 καὶ
637 969 736 1018 τοῦ
793 964 1125 1038 Ηνεύματος
1185 962 1355 1019 α’ἓτιὸν
1415 985 1496 1028 τις
1556 962 1740 1029 ὗιδοὺς
1799 967 1875 1039 μὴ
1908 967 1984 1021 τὸπ

2119 975 2263 1046 piam
2295 985 2347 1032 et
2371 978 2725 1051 principium
2758 987 2816 1036 et
2847 997 2959 1036 non
2989 982 3106 1037 dua
3139 984 3422 1054 principia
3479 1003 3583 1043 nec
3631 989 3759 1044 duae

376 1054 549 1126 Πατέρα
575 1052 761 1125 μόνον,
792 1051 945 1108 ἀλλὰ
975 1051 1068 1106 καὶ
1097 1053 1186 1106 τὸν
1219 1053 1342 1107 Υίὸν
1399 1057 1486 1108 καὶ
1556 1053 1736 1129 ἀρχὴν
1786 1055 1995 1126 ὁμοίως

2107 1079 2315 1133 cauete,
2345 1084 2416 1121 ne
2445 1069 2578 1139 quis
2611 1069 2864 1140 Spiritus
2890 1087 3128 1126 causam
3163 1076 3217 1127 et
3249 1073 3605 1144 principium
3639 1093 3754 1132 non

376 1143 439 1213 μή
467 1139 645 1210 δοκοίη
680 1140 778 1195 δύο
805 1141 1044 1215 εἰσάγειν
1068 1139 1241 1220 ἀρχὰς
1273 1143 1308 1212 ἢ
1367 1138 1461 1196 δύο
1526 1143 1593 1197 τά
1645 1143 1810 1209 αἶ’τια,
1851 1141 1984 1197 ἀλλά

2119 1152 2333 1210 Patrem
2358 1158 2573 1227 solum,
2605 1158 2708 1212 sed
2739 1160 2913 1214 etiam
2973 1159 3187 1214 Filium
3245 1177 3370 1217 esse
3429 1168 3756 1221 concedens

369 1229 446 1282 καὶ
480 1226 618 1283 οὕτω
649 1229 900 1307 φυλάττῃ
937 1231 1055 1301 (47)
1091 1231 1153 1284 τὸ
1183 1226 1360 1305 δόγμα
1387 1237 1489 1300 τῆς
1531 1229 1858 1306 μοναρχίας.

429 1429 580 1483 AAT.
631 1426 733 1481 Καὶ
795 1427 924 1498 μὴν,
970 1425 1018 1478 ὦ
1078 1426 1290 1500 Γραικὶ,
1335 1423 1680 1500 παράδειγμα
1714 1426 1808 1499 μὲν
1839 1424 1995 1502 ἐναρ-

2103 1241 2218 1297 duo
2245 1243 2512 1300 videatur
2540 1246 2816 1302 inducere
2864 1247 3150 1319 principia
3201 1249 3287 1303 vel
3340 1249 3488 1307 duas
3521 1269 3752 1322 causas,

2103 1331 2203 1385 sed
2237 1336 2293 1386 et
2325 1333 2408 1388 sic
2441 1335 2791 1390 monarcbite
2819 1335 3034 1408 dogma.
3063 1338 3372 1394 custodiat.

2156 1419 2309 1475 LAT.
2341 1422 2732 1489 Atenimvero,
2773 1441 2804 1479 o
2863 1424 3076 1492 Grece,
3132 1426 3367 1482 evidens
3415 1429 3748 1501 exemplum

358 1517 442 1590 γές
473 1515 569 1569 οὐκ
594 1511 731 1570 ἔστιν
777 1515 956 1587 εὑρεῖν
992 1521 1098 1583 τῆς
1155 1515 1310 1588 ἁγίας
1367 1513 1601 1585 Τριάδος
1653 1515 1753 1582 τήν
1811 1515 1984 1590 σχέσιν

2127 1508 2361 1564 nvenire
2391 1527 2506 1565 non
2540 1510 2695 1578 licet,
2727 1514 2876 1582 quod
2910 1517 3125 1570 sanctae
3166 1515 3470 1572 Trinitatis
3522 1517 3750 1574 habitu-

352 1604 605 1682 ἐμφαῖνον
637 1603 674 1672 ἤ
703 1605 803 1672 τὴν
829 1603 1006 1673 τάξιν·
1044 1601 1232 1658 πολλὰ
1262 1601 1311 1658 δ’
1352 1602 1446 1658 οὖν
1474 1605 1542 1659 τὰ
1598 1601 1858 1677 ἀμυδρῶς
1918 1605 1991 1659 εί-

2100 1597 2299 1652 dinem
2333 1599 2418 1653 vel
2452 1599 2714 1654 ordinem
2748 1601 3052 1672 exprimat.
3083 1603 3266 1659 Multa
3295 1621 3428 1661 vero
3451 1612 3592 1663 sunt
3624 1625 3751 1680 qua;

347 1695 551 1749 κονίσαι
614 1691 885 1766 δυνάμενα
950 1691 1015 1746 τὸ
1077 1690 1398 1768 λεγόμενον,
1453 1694 1526 1747 ὧν
1574 1692 1640 1748 τὰ
1697 1694 1789 1766 μὲν
1847 1693 1984 1770 παρᾶ

2119 1685 2211 1741 iub
2241 1688 2489 1744 obscura
2504 1688 2758 1760 imagine
2772 1690 3061 1746 reﬂectere
3079 1698 3329 1763 possunt
3342 1696 3496 1766 quod
3513 1695 3692 1752 dicitu
3705 1715 3751 1752 r.

349 1791 439 1851 τῆς
487 1789 707 1860 Γραφῆς
744 1778 1143 1858 ξέρανιζόμενα,
1181 1781 1247 1836 τὰ
1295 1780 1354 1836 δὲ
1409 1781 1496 1836 καὶ
1556 1782 1606 1854 ἐξ
1671 1781 1838 1851 αὐτῆς
1893 1790 1984 1852 τῆς

2119 1794 2353 1851 ιυονυῐῐι
2388 1778 2502 1834 alia
2529 1797 2562 1834 a
2590 1779 2908 1850 Scripturis
2938 1779 3176 1836 collecta
3205 1788 3363 1851 sunt,
3381 1784 3495 1840 alia
3522 1801 3656 1841 vero
3685 1802 3754 1842 ex

347 1877 448 1926 τῶν
495 1873 829 1946 πραγμάτων
905 1876 1002 1925 καῖ
1087 1871 1372 1944 νοημάτων
1456 1869 1667 1948 φύσεως
1743 1871 1984 1944 εὑρισκό-

2123 1886 2230 1942 psa
2258 1884 2452 1924 rerum
2483 1871 2540 1924 et
2572 1867 2874 1924 notionum
2902 1873 3112 1924 natura
3140 1868 3394 1926 inventa.

351 1982 478 2033 μενά
505 1965 640 2034 (48).

413 2052 516 2106 ΓΡ.
553 2050 770 2124 Ηάραγε
804 2048 871 2120 δή
902 2069 1000 2120 μοι
1049 2049 1139 2102 καὶ
1195 2053 1365 2104 ταῦτα
1429 2047 1517 2103 καί
1574 2049 1992 2123 συσκεψώμεθασ

2171 2048 2287 2104 GR.
2322 2048 2660 2119 Proferjam
2692 2047 2837 2104 mihi
2867 2053 2924 2105 et
2962 2048 3086 2106 haec
3139 2053 3315 2124 atque
3363 2069 3479 2108 una
3516 2068 3583 2110 ea
3615 2071 3746 2126 per-

353 2139 477 2200 ἴσως
515 2141 622 2214 γὰρ
663 2139 753 2193 καὶ
785 2138 952 2212 ἡμεῖς
992 2137 1499 2212 ἀντιπαραθήσομεν
1539 2135 1984 2213 καταλληλότερα

2119 2138 2450 2205 )endamus,
2483 2138 2726 2194 fortasse
2747 2138 2902 2193 enim
2935 2143 2992 2194 et
3021 2155 3134 2194 non
3185 2145 3390 2197 contra
3435 2157 3502 2197 ea
3534 2158 3746 2216 propo-

347 2227 780 2305 παραδείγματα.

414 2322 576 2378 ΛΑΤ.
638 2317 794 2392 Λέγω
872 2315 965 2388 δή·
1029 2316 1092 2372 σὺ
1147 2314 1714 2392 δὶνουνεχῶςίᾶκουε·
1747 2318 1830 2392 ἂρ’
1862 2317 1990 2394 οὐχὶ

2098 2243 2306 2283 nemus
2338 2226 2453 2282 alia
2483 2227 2748 2300 exempla
2777 2227 2966 2300 magis
2995 2245 3270 2301 congrua.

2170 2317 2333 2372 LAT.
2367 2316 2504 2372 Dico
2536 2317 2744 2388 igitur,
2776 2323 2838 2371 tu
2860 2334 2995 2373 vero
3027 2319 3162 2373 audi
3199 2319 3746 2390 prudenter.Nonne

349 2431 485 2464 πάσα
545 2408 708 2462 οὐσία
774 2404 893 2485 ἔχει
944 2408 1034 2461 καὶ
1085 2404 1312 2481 δύναμιν
1373 2407 1536 2482 ἑαυτῇ
1595 2414 1816 2486 συμφυῆ
1901 2407 1984 2462 καῖ

2119 2405 2289 2460 ιωοίε
2319 2406 2576 2461 essentia
2606 2405 2782 2462 habet
2811 2407 2983 2462 etiam
3015 2407 3294 2464 virtutem
3318 2408 3433 2464 sibi
3463 2416 3744 2468 connatu-

350 2499 616 2572 ἐνέργειαν
660 2499 896 2567 φυσικήν
923 2499 1038 2569 (94ὶ
1068 2515 1083 2565 ς

419 2591 518 2643 ΓΡ.
552 2586 827 2660 Φημί.....

427 2679 576 2730 ΛΑΤ.
605 2678 799 2730 Σκόπει
835 2677 968 2751 γοῦν
1023 2694 1118 2747 μοι
1183 2674 1464 2729 καὶτοῦτο
1522 2675 1584 2728 τὸ
1649 2671 1974 2750 ὒποδιιγμαο

356 2766 531 2818 Ἔστιν
587 2764 620 2830 ἡ
672 2768 766 2818 τοῦ
825 2763 1004 2837 πυρὸς
1063 2763 1223 2817 οὐσία
1270 2762 1359 2817 καὶ
1409 2765 1442 2832 ἡ
1493 2765 1756 2833 καυστικὴ
1789 2764 1984 2819 τούτου

359 2848 582 2922 δύναμις
631 2852 714 2905 καὶ
758 2855 791 2922 ἡ
855 2850 1102 2926 ἐνέργεια
1159 2859 1260 2920 τῆς
1319 2849 1622 2926 δυνάμεως,
1678 2855 1714 2922 ἡ
1773 2856 1982 2926 καῦσις,

342 2937 614 3014 ἐνέργημα
671 2937 722 2994 δὲ
773 2942 802 2996 ὁ
862 2939 1083 3016 ἃνθραξ,
1141 2942 1176 3009 ἡ
1223 2940 1410 3018 τέφρα·
1471 2941 1616 2996 οὓτω
1666 2941 1758 2996 καὶ
1811 2942 1839 2996 ὁ
1872 2944 1983 2999 Ha-

329 3031 436 3102 τήρ
467 3033 645 3102 (50)...

393 3121 549 3174 ΛΑΤ.
615 3119 766 3174 Ἐστι
815 3122 1050 3191 σημεῖον
1103 3117 1192 3172 καὶ
1237 3120 1469 3194 γραμμὴ
1529 3118 1618 3173 καὶ
1703 3117 1980 3199 ἐπιφάνεια

323 3206 382 3260 τά
444 3205 570 3279 τρία
630 3210 800 3260 ταῦτα
855 3207 958 3279 μία
1004 3209 1115 3260 τῶν
1175 3204 1484 3282 λεγομένων
1571 3213 1972 3281 μαθηματικῶν

332 3296 592 3366 σωμάτων
651 3295 826 3369 ἀρχή,
865 3295 944 3356 ὡς
992 3294 1103 3348 ἐκεῖ
1155 3296 1190 3363 ἡ
1242 3295 1420 3362 οὐσία,
1470 3297 1504 3365 ἡ
1538 3293 1764 3368 δύναμις
1809 3299 1899 3351 καὶ
1939 3299 1974 3366 ἡ

334 3382 564 3460 ὲνέργεια
631 3384 731 3457 μία
789 3388 900 3439 τῶν
951 3383 1351 3458 ἐνεργουμένων
1408 3385 1556 3459 ἀρχὴ
1611 3388 1742 3458 (51)’
1805 3383 1862 3457 ἤ,
1936 3386 1984 3441 εἷ’

337 3473 537 3546 βούλει,
597 3474 790 3546 μονὰς,
857 3470 1011 3542 δυὰς,
1105 3473 1280 3545 τριάς·
1349 3475 1383 3543 ἡ
1448 3472 1791 3548 ἀριθμητική
1843 3474 1979 3546 αὕτη

333 3563 476 3633 τριὰς
512 3563 666 3636 ἀρχή
689 3563 781 3616 καὶ
825 3559 972 3616 αἰτία
1002 3561 1094 3615 καὶ
1133 3569 1284 3638 πηγή
1315 3561 1515 3625 παντὸς
1542 3563 1777 3638 ἀριθμοῦ
1800 3568 1982 3636 (52)...

337 3652 533 3709 Ἐννόει
597 3658 703 3728 γάρ
768 3673 864 3724 μοι
915 3648 1182 3706 δάκτυλον
1245 3652 1338 3706 καὶ
1405 3655 1566 3728 χεῖρα
1623 3651 1784 3724 ὅλην,
1834 3654 1900 3722 ἧς
1955 3655 1982 3708 ὁ

341 3737 597 3804 δάκτυλος
630 3740 895 3816 ἤρτηται,
928 3741 1023 3796 καὶ
1073 3739 1204 3795 ὅλον
1248 3738 1554 3816 ἃνθρωπον,
1615 3742 1779 3816 οὗπέρ
1845 3742 1985 3798 ἐστιν

342 3831 373 3897 ἡ
427 3832 549 3905 χεὶρ
600 3831 689 3884 καὶ
751 3832 778 3884 ὁ
830 3828 1099 3892 δάκτυλος
1148 3831 1328 3903 (53)...
1381 3830 1690 3907 Ὀφθαλμὸν
1719 3828 1869 3894 οἶδας
1893 3832 1984 3886 καὶ

343 3922 515 3994 πηγὴν
545 3920 1135 3993 καὶΙποταμὸν(54-)...
1197 3918 1367 3975 Πάλιν
1429 3917 1571 3974 ἄλλο
1637 3919 1984 3999 παράδειγμα

343 4008 422 4059 καὶ
487 4007 617 4062 αὐτὸ
669 4013 768 4062 τοῦ
825 4007 1017 4077 αὐτοῦ,
1078 4005 1138 4061 ἐκ
1195 4013 1296 4076 τῆς
1356 4013 1575 4085 Γραφῆς
1646 4013 1725 4081 τῷ
1813 4011 1984 4086 Ἀγίῳ

344 4091 536 4172 ineas.
597 4098 625 4150 ὁ
684 4094 880 4170 Ἀδὰμ,
934 4098 970 4165 ἡ
1040 4097 1176 4166 Εὖα,
1236 4097 1264 4150 ὁ
1309 4099 1424 4168 Σήθ
1445 4101 1655 4171 (55)....
1690 4095 1846 4167 Πλὴν
1877 4099 1984 4174 ἐρῶ

346 4201 426 4235 σοι
458 4185 546 4238 καὶ
590 4185 729 4241 ἄλλο
779 4183 1114 4260 ὑπόδειγμα,
1179 4183 1232 4240 ἐν
1263 4185 1309 4260 ᾧ
1331 4186 1502 4251 πάθος
1525 4190 1771 4242 τοιοῦτον
1805 4185 1982 4243 οὐδέν·

416 4274 519 4329 ΓΡ.
547 4277 622 4332 Τὸ
651 4280 809 4331 ποῖον
846 4296 862 4344 ;

423 4365 580 4421 AAT.
612 4365 682 4421 Τὸ
709 4369 807 4420 τοῦ
835 4363 1014 4434 ἡλίου
1043 4361 1208 4418 πάλιν
1239 4362 1328 4419 καὶ
1349 4370 1450 4433 τῆς
1480 4364 1692 4428 ἀκτῖνος
1747 4366 1836 4421 καὶ
1887 4369 1986 4422 τοῦ

358 4450 530 4522 ⁶γνωτὸς
555 4453 684 4527 πρός
700 4455 763 4510 τὸ
784 4458 864 4527 τῷ
886 4451 1126 4528 δόγματι
1156 4455 1434 4528 χρήσιμον
1467 4456 1646 4526 (56)...

417 4541 540 4598 Ὀιτ
568 4545 600 4613 ἡ
629 4541 715 4599 διὰ
745 4543 899 4617 παρὰ
919 4547 990 4616 τῇ
1024 4545 1212 4618 Γραφῇ
1254 4538 1550 4618 ἀδιάφορός
1603 4541 1714 4598 ἐστι
1769 4546 1838 4616 τῇ
1904 4543 1982 4599 ἐκ.

407 4630 910 4711 Ἀνακεφαλαίωσις
987 4635 1099 4686 τῶν
1211 4629 1527 4696 ἱκτεθίντων

319 4737 433 4776 των
472 4727 605 4799 (57).

546 4897 671 4971 Eat.
698 4891 964 4971 φυλάττει
975 4931 990 4945 .

409 4966 526 5038 1118)
555 4967 673 5021 Vat.
705 4963 1166 5038 idpwxdpevov._
1342 5031 1357 5038 _
1417 5031 1422 5035 η

357 5093 383 5112 α
421 5034 533 5112 μθ)
596 5029 980 5112 Nota_'marg_.
1047 5033 1277 5105 Πρῶτον
1337 5029 1641 5106 ὑπόδειγμα
1689 5033 1740 5104 ἐξ
1773 5034 1984 5108 οὐσίας,

354 5103 618 5184 δυνάμεως
638 5107 721 5162 καὶ
753 5103 1058 5184 tumIs—[qu

414 5169 527 5249 (50)
555 5180 608 5234 ιτ.
641 5184 723 5250 25,
757 5198 806 5252 a,
842 5169 1019 5252 ἡβᾷ,
1056 5169 1363 5252 ΰ,πόδειγμα
1405 5175 1478 5247 β’,

413 5246 529 5319 (51⁷)
550 5252 600 5306 F.
632 5246 806 5321 25,1);
842 5246 1014 5306 ὑπόδ.
1048 5248 1115 5321 γ’.

411 5321 428 5392 ζ
431 5323 526 5396 52)
546 5321 695 5393 ὑπὸδ,
722 5320 783 5383 δ’.

415 5509 503 5580 (α)
535 5511 704 5567 Dehis
723 5506 1191 5583 imaginibus_et
1212 5503 1505 5583 exemplis
1532 5503 1656 5583 vide
1670 5503 1988 5583 Patavium.

330 5576 407 5634 De
445 5575 737 5654 Trinitate,
760 5575 998 5650 libTvu,
1036 5576 1144 5633 0.5
1172 5579 1230 5633 et
1280 5577 1351 5645 6;
1399 5575 1703 5646 Allatium,
1733 5577 1806 5632 De
1839 5593 1990 5648 proc,

1646 4605 1984 4710 ὑποδιίγμά-
2015 4605 2062 4670 D

2096 2493 2300 2563 ralem,
2333 2499 2390 2550 et
2421 2495 2817 2565 operationem
2851 2494 3175 2550 naturalem
3195 2495 3224 2549 ?

2167 2583 2284 2639 GR.
2313 2583 2378 2637 Id
2410 2584 2521 2638 aio.

2167 2673 2320 2730 LAT.
2353 2671 2667 2727 Considera
2721 2670 2904 2742 igitur
2959 2671 3106 2726 mihi
3159 2677 3215 2727 et
3243 2672 3352 2729 hoc
3383 2676 3741 2748 exemplum.

2093 2765 2193 2819 Est
2223 2761 2476 2818 essentia
2507 2761 2658 2832 ignis
2691 2762 2890 2830 etejus
2915 2761 3476 2819 combustivavirtus
3493 2765 3744 2836 ethujus

2089 2849 2314 2905 virtutis
2333 2847 2614 2918 operatio,
2637 2846 2987 2913 combustio,
3036 2847 3304 2904 effectum
3355 2867 3487 2908 vero
3541 2854 3737 2924 carbo,

2088 2939 2255 2995 cinis.
2279 2937 2371 2992 Sic
2399 2940 2456 2992 et
2480 2940 2714 2993 Pater...

2157 3123 2317 3178 LAT.
2353 3121 2452 3178 Est
2509 3123 2817 3193 punctum,
2875 3119 3031 3176 linea
3081 3123 3140 3176 et
3189 3121 3548 3193 superﬁcies,
3604 3124 3727 3181 haec

2086 3211 2198 3266 tria
2231 3227 2414 3266 unum
2463 3216 2598 3265 sunt
2656 3224 2857 3264 eorum
2907 3225 3034 3280 qua:
3092 3209 3364 3267 dicuntur
3419 3229 3728 3285 corporum

2091 3300 2641 3356 mathematicorum
2663 3297 3034 3370 principium,
3068 3303 3130 3353 ut
3159 3299 3277 3356 illie
3305 3304 3580 3372 essentia,
3617 3306 3731 3360 vir-

2090 3394 2184 3445 tus
2215 3394 2272 3445 et
2301 3389 2558 3460 operatio
2590 3404 2763 3442 unum
2819 3387 3154 3442 effectarum
3213 3390 3584 3462 principium,
3646 3393 3738 3449 vel

2089 3481 2135 3535 si
2162 3478 2270 3545 vis,
2332 3494 2554 3541 mones,
2615 3477 2782 3550 dyas,
2841 3476 3006 3544 trias,
3069 3476 3190 3532 haec
3235 3481 3538 3536 numerica
3594 3483 3743 3538 trias

2090 3566 2464 3639 principium,
2497 3582 2677 3622 causa
2705 3582 2771 3621 ac
2799 3566 2927 3620 fons
2978 3566 3172 3621 omnis
3218 3569 3514 3625 numeri...
3543 3571 3744 3641 cogita

2091 3655 2232 3710 mihi
2269 3654 2519 3725 digitum
2551 3659 2608 3709 et
2639 3669 2877 3708 manum
2919 3657 3124 3719 totam,
3150 3670 3182 3708 a
3238 3671 3353 3724 qua
3384 3656 3600 3726 digitus
3631 3659 3734 3712 de-

2091 3744 2324 3815 pendet,
2356 3748 2412 3798 et
2432 3746 2622 3797 totum
2653 3741 2972 3806 hominem,
3004 3742 3173 3812 cujus
3203 3750 3288 3798 est
3319 3759 3530 3798 manus
3561 3748 3618 3798 et
3643 3744 3732 3799 di-

2089 3834 2312 3901 gitus...
2349 3830 2590 3886 Oculum
2626 3829 2777 3884 nosti
2835 3833 2891 3883 et
2948 3829 3167 3884 fontem
3211 3834 3268 3885 et
3298 3831 3556 3886 ﬂuvium.
3594 3838 3734 3888 Rur-

2090 3937 2222 3977 sum
2255 3919 2414 3976 aliud
2457 3917 2786 3988 exemplum
2837 3917 3028 3988 ipsum
3079 3919 3342 3988 ejusdem
3375 3921 3449 3990 (S.
3479 3921 3732 3988 Gregorii

2090 4011 2248 4079 Naz).
2282 4026 2349 4064 ex
2362 4009 2662 4078 Scriptura
2675 4024 2708 4061 a
2723 4011 2918 4061 sancto
2933 4008 3340 4078 desumptum:
3361 4009 3541 4063 Adam
3555 4051 3570 4076 ,
3599 4013 3733 4074 Eva,

2091 4099 2298 4156 Seth...
2332 4100 2596 4154 Attamen
2628 4096 2818 4150 dicam
2850 4095 2956 4150 tibi
2987 4099 3043 4152 et
3071 4095 3228 4152 aliud
3255 4095 3608 4169 exemplum,
3641 4097 3736 4153 cui

2093 4187 2254 4244 nulla
2282 4186 2568 4257 ejusmodi
2599 4185 2794 4256 passio
2826 4184 2987 4240 insit.

2163 4277 2275 4332 GR.
2311 4276 2490 4341 Quale
2520 4279 2606 4331 est
2639 4275 2748 4331 hoc
2771 4275 2798 4330 ‘I

2164 4366 2324 4421 LAT.
2358 4363 2701 4436 Exemplum
2735 4363 2898 4432 solis,
2932 4363 3078 4419 radii
3110 4367 3168 4420 et
3196 4363 3442 4422 luminis
3472 4365 3544 4422 ad
3574 4365 3740 4422 illus-

2093 4455 2368 4510 trandum
2400 4455 2613 4526 dogma
2643 4454 2741 4524 (a).

2164 4544 2326 4608 Quod
2359 4542 2690 4615 praepositio
2717 4558 2818 4614 per
2846 4541 3005 4598 aliud
3028 4541 3386 4613 Scripturam
3411 4542 3740 4613 promiscue

2095 4648 2197 4704 pro
2223 4648 2295 4686 ea:
2325 4636 2661 4702 usurpatur.

2163 4719 2581 4792 Recapitulatio
2608 4720 3037 4793 propositorum
3067 4719 3487 4791 exemplorum.

2165 4894 2259 4964 (55
2310 4887 2468 4946 ὑπόδ.
2504 4891 2562 4945 e‘.

2165 4893 2366 5037 (513E.
2397 4963 2500 5037 26,Δ
2526 4979 2583 5037 a.
2619 4961 2778 5037 εει-ν.
2805 4961 2992 5037 __(§reg.
3044 4960 3182 5018 Naz.
3239 4968 3318 5022 De
3361 4963 3535 5037 Spiril
3563 4968 3741 5020 sanet.

2094 5032 2362 5100 orat.'37,
2397 5052 2452 5103 p.
2475 5035 2602 5103 611,
2634 5034 2725 5090 ed.
2759 5032 2888 5088 Bill.

2165 5052 2572 5176 artas:

2310 5178 2443 5234 COd-
2481 5173 2639 5244 ΐ-ί26,
2671 5178 2726 5233 b.
2763 5173 2920 5237 ὖπόδ.
2955 5179 3025 5249 η’.
3062 5179 3207 5235 Vide
3265 5180 3429 5248 Naz.,
3467 5181 3611 5234 orat.
3649 5178 3745 5234 cit.

2095 5268 2311 5323 p,ou_1.

2167 5321 2279 5394 (57)
2320 5322 2443 5377 Haec
2475 5323 2589 5378 duo
2620 5326 2916 5393 postrema
2945 5338 3013 5379 ex
3043 5327 3165 5380 not.
3199 5324 3447 5395 margin.
3482 5322 3520 5376 f.
3561 5321 3654 5387 28,
3686 5320 3745 5374 b.

2102 5505 2296 5578 Spirit.
2330 5507 2515 5563 sancti
2546 5525 2562 5577 ;
2594 5507 2875 5564 Enchirid.
2911 5523 2958 5562 c.
2989 5507 3022 5561 8
3053 5511 3110 5563 et
3137 5508 3222 5563 16.
