4150 6292
453 349 570 408 215

1715 340 2026 400 ΝΙΟΕΤΛΞ
2069 331 2608 397 MAHONIENSIS

455 475 2578 503 Μ...-

1579 634 1982 732 ΛΟΓΟΣ
2065 627 2701 727 ΠΕΜΠΤΟΣ.

1499 985 2133 1083 DIALOGUS
2243 981 2821 1098 QUINTUS.

521 1317 640 1373 GR.
673 1319 954 1372 Caeterum
987 1314 1033 1370 si
1068 1313 1180 1370 alia
1211 1311 1501 1386 dogmatis
1531 1309 1676 1366 ratio
1707 1307 1812 1364 tibi
1843 1307 2032 1374 adest,
2065 1322 2098 1362 ο

2281 1311 2384 1361 ΓΡ.
2436 1305 2640 1359 Λοιπὸν
2699 1303 2754 1358 εἷ’
2785 1303 2867 1366 τίς
2918 1325 3004 1359 σοι
3055 1303 3220 1380 λόγος
3275 1303 3480 1379 ἓτερος,
3539 1309 3582 1358 ὦ
3639 1309 3822 1371 native,

450 1407 675 1470 Latine,
707 1407 964 1461 edissere
995 1423 1010 1472 ;
1043 1403 1214 1459 nobis
1266 1401 1502 1474 quidem
1546 1398 1765 1455 sufﬁcit
1812 1395 2099 1468 evangeli-
2129 1449 2138 1458 ,

451 1513 586 1552 cum
619 1496 863 1561 dictum,
919 1493 1074 1564 quod
1131 1491 1431 1563 perspicue
1479 1505 1548 1546 ex
1605 1492 1771 1543 Patre
1818 1485 2100 1557 Spiritum

451 1585 763 1657 procedere
795 1583 1068 1637 declarat.

529 1673 682 1728 LAT.
717 1671 1053 1736 Retinuisti,
1095 1686 1126 1724 ο
1165 1669 1376 1736 Graece,
1431 1667 1543 1722 huc
1597 1681 1784 1737 usque
1833 1665 2100 1735 disputa-

451 1762 672 1817 tionem
729 1776 798 1815 ex
856 1759 1207 1814 testimoniis
1263 1762 1321 1812 et
1365 1761 1652 1828 postremo
1708 1755 1832 1810 loco
1889 1770 2014 1809 eam
2045 1757 2104 1808 et

456 1851 628 1908 ambo
651 1849 1060 1920 suscipiamus.
1109 1847 1276 1903 Nunc
1329 1863 1462 1902 vero
1515 1845 1656 1900 dio:
1709 1843 1759 1899 si
1806 1843 1981 1899 simul
2013 1859 2106 1914 ge-

459 1943 685 1996 neratio
718 1942 772 1994 et
811 1937 1121 2009 processio,
1171 1935 1464 2007 quomodo
1513 1950 1626 1989 non
1677 1933 1850 1988 etiam
1903 1948 2102 2003 proce-

460 2031 624 2098 dens,
652 2045 722 2084 ex
745 2029 940 2098 genito
977 2025 1134 2080 erit?
1177 2025 1227 2080 si
1276 2023 1456 2080 simul
1501 2038 1568 2078 ex
1621 2023 1782 2076 Patre
1821 2021 2000 2076 Filius
2049 2025 2104 2076 et

459 2119 736 2190 Spiritus,
786 2116 1076 2188 quomodo
1131 2131 1246 2170 non
1297 2113 1474 2168 etiam
1525 2127 1592 2167 ex
1659 2109 1800 2166 Filio
1848 2110 2102 2182 Spiritus

455 2211 697 2264 sanctus
729 2205 750 2260 ἒ

527 2297 640 2352 GR.
665 2295 865 2352 Dicam
888 2294 990 2350 tibi
1012 2297 1229 2366 etego:
1277 2293 1336 2348 Si
1385 2291 1564 2348 simul
1607 2295 1772 2346 Pater
1811 2294 1868 2346 et
1897 2288 2099 2358 Filius,

451 2385 741 2458 quomodo
767 2384 947 2440 Filius
969 2387 1144 2440 estex
1163 2381 1350 2452 Patre,
1370 2387 1426 2437 et
1453 2399 1564 2438 non
1593 2381 1760 2436 Pater
1790 2395 2016 2451 quoque
2033 2395 2102 2433 ex

449 2474 594 2530 Filio
625 2474 652 2528 ?
680 2473 738 2528 Si
771 2473 942 2528 simul
993 2471 1241 2544 Spiritus
1291 2475 1348 2527 et
1405 2470 1585 2526 Filius
1615 2485 1684 2524 ex
1735 2473 1923 2536 Patre,
1957 2483 2100 2538 quo-

453 2565 627 2620 modo
659 2564 770 2619 erit
797 2562 1044 2636 Spiritus
1068 2579 1134 2618 ex
1167 2561 1333 2628 Filio,
1361 2565 1419 2617 et
1453 2577 1566 2616 non
1599 2559 1774 2614 etiam
1821 2557 2000 2613 Filius
2032 2573 2102 2612 ex

452 2653 670 2726 Spiritu
705 2670 770 2708 ac
801 2653 1061 2723 genitum
1089 2668 1156 2707 ex
1187 2651 1535 2724 procedente
1555 2649 1646 2706 ?...

527 2743 680 2798 LAT.
713 2741 850 2798 Dico
881 2741 1058 2812 igitur
1085 2742 1404 2814 procedere,
1437 2741 1506 2794 de
1538 2738 1989 2810 quibuscumque
2015 2735 2101 2790 in-

451 2833 725 2889 veniatur
754 2833 998 2899 dictum,
1057 2829 1384 2902 signiﬁcare
1465 2829 1782 2884 motionem
1841 2825 2105 2897 qualem—

455 2937 708 2994 cunque,
743 2922 1038 2994 propriam
1071 2923 1266 2974 tamen
1301 2917 1404 2984 rei,
1433 2917 1506 2973 de
1545 2933 1662 2988 qua
1701 2915 1908 2988 agitur,
1935 2914 2104 2986 eique

451 3027 844 3082 congruam...

521 3099 680 3154 LAT.
711 3099 913 3152 Sentio
964 3111 1058 3151 me
1116 3099 1382 3151 coactum
1441 3110 1567 3150 esse
1609 3095 1731 3164 jam
1783 3093 1855 3148 ad
1885 3092 2102 3164 scripta

455 3186 791 3243 testimonia
822 3185 1112 3240 accedere.
1168 3185 1433 3238 Attamen
1491 3182 1588 3237 hic
1631 3181 1805 3236 etiam
1845 3180 1955 3236 hac
1981 3181 2104 3236 dis-

453 3275 754 3348 putatione
813 3273 1099 3344 absoluta,
1149 3272 1386 3327 initium
1431 3271 1589 3326 aliud
1647 3271 1782 3326 inde
1835 3271 2098 3339 faciens;

451 3363 918 3420 testimoniorum
969 3363 1073 3418 tali
1115 3367 1286 3436 pacto
1341 3361 1700 3416 mentionem
1751 3361 1961 3416 faciam
2020 3367 2100 3416 at-

450 3471 564 3526 que
593 3451 1105 3508 demonstrationis
1155 3468 1224 3508 ex
1277 3451 1506 3506 Patrum
1556 3451 1836 3506 doctrinis
1876 3451 2096 3506 deduc-

451 3551 544 3602 ιω.
603 3543 748 3600 Nam
798 3543 870 3598 ad
930 3539 2098 3611 demonstrationem,"superneturalium

449 3651 643 3690 rerum
665 3633 810 3689 ratio
833 3636 954 3688 arte
971 3637 1308 3704 comparata
1333 3630 1542 3686 debilis
1583 3638 1691 3700 est,
1721 3635 1891 3702 atque
1923 3629 2096 3686 etiam

451 3739 516 3779 ea
550 3740 676 3796 quae
711 3723 952 3779 fortasse
984 3721 1198 3777 directe
1225 3719 1516 3776 concludit
1549 3725 1604 3775 et
1634 3737 1760 3792 quas
1791 3721 1862 3775 ad
1893 3719 2096 3775 absur-

451 3815 588 3868 dum
624 3813 878 3880 deducit,
913 3829 978 3866 ac
1033 3811 1379 3882 simpliciter
1435 3809 1816 3882 syllogismus
1855 3810 2098 3882 quilibet

449 3903 908 3974 atqueinductio
959 3916 1028 3956 ex
1084 3899 1444 3970 imaginibus
1488 3903 1544 3954 et
1601 3898 1916 3970 exemplis;
1959 3917 2094 3954 nam

445 4009 622 4063 super
651 3990 1208 4046 demonstrationem
1243 3988 1464 4045 elevata
1512 3996 1666 4058 sunt,
1718 3989 1857 4060 quia
1915 3989 1962 4045 si
1995 3991 2094 4044 dc-

447 4079 904 4135 monstrationes
935 4083 1074 4133 sunt
1103 4093 1298 4133 eorum
1345 4094 1474 4148 quas
1521 4078 1798 4149 existunt,
1845 4097 1908 4134 ea
1968 4095 2096 4150 quae

2215 1397 2312 1450 τοῦ
2345 1391 2643 1468 δόγματος,
2676 1393 2876 1470 φράσον
2909 1397 3020 1467 (58)
3054 1413 3066 1426 ’
3097 1393 3176 1448 ὠσ
3199 1395 3336 1466 ἡμῖν
3377 1415 3438 1470 γε
3495 1394 3641 1467 ἀρκεῖ
3690 1395 3822 1467 ῥῆσις

2217 1486 2252 1552 ἡ
2309 1482 2634 1557 εὐαγγελική
2723 1483 2781 1538 ἐκ
2861 1488 2960 1538 τοῦ
3045 1484 3259 1558 Ηατρὸς
3335 1482 3707 1558 ἐκπορεύεσθαι
3773 1482 3826 1536 τὸ

2217 1579 2432 1647 Πνεῦμα
2461 1578 2778 1648 παριστῶσα
2817 1579 3066 1652 σαφῶς...

2289 1669 2436 1720 ΛΑΤ.
2499 1663 2776 1736 Ἐπίσχες,
2829 1661 2873 1716 ὦ
2943 1663 3156 1736 Γραικὶ,
3213 1661 3304 1716 καὶ
3365 1661 3530 1717 εἶσὲτι
3557 1663 3642 1716 τὸν
3671 1662 3833 1716 ἐκτῶν

2220 1765 2533 1836 μαρτυριῶν
2586 1759 2755 1836 λόγον
2821 1761 2912 1814 καὶ
2989 1761 3216 1816 ὕστατον
3287 1765 3484 1816 τοῦτον
3547 1760 3632 1814 καὶ
3689 1759 3835 1831 ἄμφω

2213 1851 2653 1924 ταμιευσώμεθα·
2685 1849 2778 1904 νῦν
2811 1847 2867 1904 δὲ
2907 1847 3034 1904 ἀλλ’
3092 1849 3227 1904 εἷπέ·
3299 1850 3347 1904 εἰ
3389 1850 3504 1922 ἅμα
3565 1851 3601 1918 ἡ
3664 1847 3839 1922 γεννη-

2217 1961 2299 2002 σις
2367 1939 2456 1993 καὶ
2507 1941 2540 2008 ἡ
2575 1937 2914 2010 ἐκπόρευσις,
2965 1943 3082 2000 πῶς
3151 1935 3278 2013 οὒχὶ
3341 1939 3406 1993 τὸ
3454 1937 3764 2012 ἐκπορευτὸν
3793 1933 3846 1990 ὲκ

2213 2032 2313 2085 τοῦ
2367 2031 2644 2103 γεννητνῦ·
2701 2027 2752 2082 εἴ
2801 2029 2914 2099 ἅμα
2972 2026 3032 2083 ἐκ
3061 2031 3158 2082 τοῦ
3209 2029 3432 2102 Ηατρὸς
3463 2029 3492 2084 ὁ
3523 2029 3648 2089 Υἱὸς
3673 2027 3760 2081 καὶ
3785 2025 3843 2081 τὸ

2215 2122 2457 2191 Πνεῦμα,
2488 2121 2604 2178 πῶς
2637 2117 2764 2191 οὐχὶ
2793 2117 2882 2172 καὶ
2911 2117 2970 2172 ἐκ
2997 2115 3094 2172 τοῦ
3125 2119 3254 2172 rio?)
3285 2119 3352 2174 τὸ
3385 2120 3608 2190 Ηνεῦμα
3640 2137 3654 2186 ;

2283 2303 2382 2350 I‘P'
2447 2297 2590 2370 Ἑρῶ
2657 2317 2740 2350 σοι
2799 2295 2970 2369 κάγώ·
3033 2295 3082 2350 εἴ
3135 2293 3246 2368 ἅμα
3306 2299 3506 2371 Ηατήρ
3561 2297 3652 2351 καὶ
3725 2295 3856 2364 Υἱὸς,

2211 2389 2327 2448 πῶς
2359 2387 2388 2439 ὁ
2409 2386 2534 2447 Υἱὸς
2565 2384 2624 2439 ἐκ
2654 2389 2749 2440 τοῦ
2781 2386 3012 2458 Ηατρὸς,
3047 2383 3173 2459 οὐχὶ
3199 2387 3306 2458 ξκαί
3341 2387 3370 2440 ὁ
3415 2387 3609 2459 Ηατὴρ
3659 2384 3718 2440 ἐκ
3769 2387 3856 2438 τοῦ

2211 2475 2338 2528 Υἱοῦ
2387 2493 2400 2544 ;
2443 2475 2487 2528 εἰ
2547 2473 2660 2545 ’ἁμα
2709 2479 2930 2546 Πνεῦμα
2985 2473 3072 2528 καὶ
3105 2475 3228 2534 Υἱὸς
3261 2471 3324 2529 ἐκ
3357 2475 3458 2530 τοῦ
3493 2477 3728 2548 Ηατρὸς,
3757 2479 3863 2535 πῶς

2207 2563 2272 2618 τὸ
2325 2567 2542 2636 Πνεῦμα
2600 2561 2660 2616 ἐκ
2717 2567 2813 2616 τοῦ
2871 2562 3020 2632 ι’ἶοῦ,
3081 2563 3168 2616 καὶ
3209 2562 3342 2638 οὐχὶ
3395 2565 3425 2618 ὁ
3479 2565 3606 2626 Υἱὸς
3655 2563 3736 2636 ,ἐκ
3775 2564 3862 2616 τοῦ

2213 2651 2544 2724 Πνεύματος,
2605 2651 2694 2706 καὶ
2749 2651 2810 2705 τὸ
2859 2651 3116 2727 γεννητὸν
3167 2651 3226 2706 ἐκ
3273 2658 3378 2707 τοῦ
3417 2651 3756 2724 ἓκπορευτοῦ
3791 2670 3868 2720 ;...

2285 2745 2437 2798 ΛΑΤ.
2495 2743 2606 2814 (59)
2667 2741 2826 2813 Φημὶ
2871 2739 3049 2796 τοίνυν
3107 2741 3192 2796 ὅτι
3229 2742 3295 2796 τὸ
3349 2742 3747 2817 ἐκπορεύεσθαι
3795 2739 3868 2816 ἐφ’

2213 2831 2288 2884 ὧν
2339 2833 2398 2885 ἄν
2439 2831 2752 2906 εὑρίσκηται
2817 2830 3132 2905 λεγόμενον,
3191 2831 3460 2904 σημαίνει
3518 2834 3619 2906 μὲν
3671 2831 3870 2902 κίνησιν

2211 2920 2450 2988 οἱανοῦν,
2507 2919 2655 2988 πλὴν
2703 2917 2906 2973 οἰκείαν
2967 2923 3046 2991 τῷ
3077 2922 3430 2995 προκειμένῳ
3463 2921 3752 2998 πράγματι
3791 2918 3872 2972 καὶ

2214 3005 2690 3077 κατάλληλον.....

2287 3101 2451 3155 ΛΑΤ.
2485 3097 2823 3170 Αἷσθάνομαι
2859 3098 2952 3170 μὲν
2987 3095 3095 3168 ἤδη
3127 3099 3266 3174 πρὸς
3289 3099 3396 3161 τὰς
3437 3100 3722 3178 γραφικᾶς
3755 3117 3884 3172 μαρ-

2207 3185 2392 3260 τυρίας
2445 3185 2632 3241 ἐλθεῖν
2697 3188 3126 3259 συνωθούμενος·
3183 3185 3342 3256 πλὴν
3376 3187 3520 3244 ἀλλ’
3553 3187 3782 3252 ἐνταῦθα
3807 3185 3894 3242 καὶ

2211 3280 2404 3329 τοῦτον
2465 3275 2556 3328 τὸν
2609 3273 2778 3350 λόγον
2831 3271 3190 3350 διαπεράνας,ξ
3220 3275 3418 3350 ἀρχὴν
3465 3279 3664 3352 ἑτέραν
3714 3277 3884 3332 ἐντεῦ-

2208 3367 2292 3420 θεν
2350 3365 2698 3439 ποιούμενος,
2739 3369 2846 3420 τῶν
2905 3370 3219 3439 μαρτυριῶν
3252 3365 3413 3422 οὕτω
3453 3371 3884 3444 μνησθήσομαι.

2205 3455 2293 3509 καὶ
2322 3462 2420 3524 τῆς
2461 3453 2520 3509 ἐκ
2562 3457 2669 3509 τῶν
2735 3455 3021 3529 Ηατρικῶν
3079 3451 3458 3528 διδαγμάτων
3524 3464 3888 3524 κατασκευῆς,

2205 3543 2354 3618 Πρὸς
2399 3543 2500 3616 γὰρ
2557 3543 2656 3610 τὴν
2701 3547 2810 3596 τῶν
2845 3543 3130 3617 ὑπερφυῶν
3178 3541 3480 3616 ἀπόδειξιν
3513 3547 3612 3600 καὶ
3645 3547 3675 3600 ὁ
3705 3563 3888 3619 τεχνι-

2204 3632 2297 3694 κὸς
2343 3631 2512 3706 λόγος
2569 3631 2794 3700 ἀσθενής
2825 3630 2935 3686 ἐστι
2975 3632 3065 3685 καὶ
3095 3631 3121 3685 ὁ
3153 3632 3268 3685 κατ’
3305 3635 3546 3691 εὐθεῖαν
3579 3637 3728 3697 ’ἰσως
3765 3634 3892 3688 συλ-

2207 3721 2583 3795 λογιζόμενος,
2615 3721 2703 3774 καὶ
2737 3722 2764 3774 ὁ
2795 3721 3017 3797 ἀπάγων
3041 3721 3118 3782 εἱς
3150 3721 3388 3794 ἂτοπον,
3425 3725 3528 3780 καὶ
3565 3723 3766 3786 ἁπλῶς
3793 3727 3896 3784 πᾶς

2203 3811 2595 3886 συλλογισμὸς,
2627 3810 2716 3864 καὶ
2751 3807 2872 3864 ὁδι’
2921 3809 3140 3864 εἰκόνιον
3185 3815 3360 3866 τινῶν
3417 3815 3522 3869 καὶ
3607 3812 3904 3889 παραδειγ-

2208 3901 2391 3973 μάτων
2453 3900 2696 3974 ἀμαυρός
2743 3920 2802 3952 τε
2853 3899 2944 3952 καὶ
3001 3897 3261 3972 ἀδρανήςί
3365 3899 3520 3977 ὑπὲρ
3623 3899 3901 3970 ἀπόδειξιν
3961 3903 3966 3908 ’

2205 3991 2325 4065 γάρ·
2385 3989 2430 4044 εἱ
2477 3991 2582 4065 γὰρ
2639 3995 2745 4044 τῶν
2825 3985 2992 4043 ὄντων
3053 3989 3106 4042 αἱ
3155 3986 3481 4062 ἀποδείξεις
3533 3995 3602 4049 τὸ
3661 3993 3802 4069 ὑπὲρ
3847 3989 3914 4045 τὰ

2209 4075 2338 4133 ὄντα
2361 4079 2576 4140 πάντως
2607 4077 2718 4133 ἐστὶ
2747 4078 2835 4132 καὶ
2869 4079 3002 4152 ὑπὲρ
3033 4075 3330 4150 ἀπόδειξιν,

445 4173 584 4225 sunt
613 4183 785 4239 super
815 4167 1422 4238 exsistentia,prorsus
1451 4169 1624 4222 etiam
1657 4185 1832 4238 super
1861 4169 2419 4226 demonstrationem
2453 4170 2669 4226 elevata
2699 4177 2855 4226 sunt.

1695 4495 2096 4593 ΛΟΓΟΣ
2180 4499 2584 4595 ΕΚΤΟΣ

1539 4820 2176 4918 DIALOGUS
2235 4821 2756 4918 SEXTUS-

511 5112 624 5168 GR.
649 5110 778 5166 Hec
800 5125 905 5178 ego
937 5125 1172 5181 quoque
1203 5111 1327 5180 ipse
1362 5111 1512 5166 dico.
1547 5110 1758 5167 Verum
1796 5109 1921 5181 jam
1958 5117 2100 5166 tem-

2285 5111 2388 5165 ΓΡ.
2417 5111 2592 5164 Ταῦτα
2616 5106 2681 5180 δή
2716 5131 2860 5186 φημι
2887 5113 2973 5166 καὶ
3009 5111 3170 5174 αὐτός
3205 5115 3352 5184 (60).
3399 5118 3621 5178 Ἀλλᾶ
3669 5123 3833 5186 τίνες
3891 5117 3951 5176 ἂν

441 5217 550 5272 pus
574 5203 660 5255 est
691 5199 942 5264 edicere,
974 5215 1006 5252 o
1039 5197 1264 5264 Latine,
1298 5215 1570 5269 quaenam
1619 5201 1728 5254 sint
1765 5200 2100 5256 testimonia

2221 5201 2339 5270 εἷεν,
2393 5199 2464 5253 ὧν
2511 5203 2723 5269 Λατῖνε,
2783 5201 2874 5253 καὶ
2929 5202 2984 5254 αἱ
3038 5201 3344 5278 μαρτυρίαι
3397 5209 3464 5262 αἱ
3533 5213 3841 5288 Γραφικαί
3897 5231 3956 5265 τε

445 5301 568 5346 tum
601 5307 668 5346 ex
685 5288 1022 5360 Soripturis,
1057 5295 1176 5342 tum
1213 5301 1282 5341 ex
1319 5292 1558 5344 Patrum
1596 5289 1850 5360 scriptis,
1885 5289 2100 5360 quibus

513 5413 846 5487 [58);Vatic.
883 5413 920 5467 f.
953 5413 1042 5482 32,
1075 5413 1131 5468 b.
1194 5411 1322 5467 init.
1369 5413 1523 5484 apud
1567 5411 1737 5468 Allat.
1784 5415 1853 5468 de
1879 5415 2097 5470 Nicetis

444 5507 502 5562 ι)-
522 5483 972 5562 ἶ13έξράγωσ9νε

2213 5289 2302 5342 καὶ
2343 5287 2629 5362 Πατρικαὶ,
2661 5289 2850 5364 καιρὸς
2877 5288 2984 5360 ἢδη
3028 5289 3227 5367 λέγειν,
3289 5289 3378 5346 δι’
3429 5297 3524 5352 ὧν
3605 5287 3692 5358 ἄνθ
3727 5307 3960 5383 fama.)

2276 5415 2781 5500 (69)Idem"bujus
2815 5415 3294 5500 dialogihinilium
3359 5425 3583 5500 etiam
3641 5431 3818 5500 apud
3857 5433 3964 5488 Fa-

2207 5486 2782 5577 briciulm‘indi‘c’atur
2838 5486 3142 5577 gib!fGr.,
3206 5487 3329 5545 vol.
3389 5493 3520 5568 VI,
3577 5517 3648 5573 ρ.
3685 5486 3962 5577 Ἀδιηὲᾶ.

515 5553 635 5632 (59)
660 5553 918 5632 Vitti_c.._f.
951 5557 1129 5632 33,_a._
1155 5555 1307 5632 med.
1341 5553 1481 5632 Nota
1523 5555 1864 5626 marginalis
1897 5571 1909 5610 :
1971 5556 2100 5632 Περὶ
2207 5563 2316 5613 vct.
2351 5563 2406 5614 et
2437 5563 2578 5613 tom.
2610 5557 2732 5628 VII,
2765 5575 2818 5630 p.
2851 5561 2977 5614 756.

444 5623 540 5686 τοῧ
571 5623 954 5703 ἐκπορεύεσθαι
983 5625 1073 5682 καὶ
1106 5624 1328 5700 ὁσαχῶς
1357 5623 1591 5700 ε’ἰρηται.
