4150 6292
375 342 476 401 ﬁt

1304 341 1556 404 MARCI
1599 343 1834 404 PATR.
1882 342 2113 404 ALEX.
2160 344 2459 412 QUIEST.
2506 345 2608 406 ET
2651 346 2880 408 RESP.

3684 347 3804 406 222

403 473 685 548 διαιρὲσεως
715 472 932 542 αἴτιον,
967 475 1057 530 ’ὁτι
1100 473 1190 530 καὶ
1243 473 1404 538 αὗτὸς
1437 476 1464 530 ὁ
1516 475 1680 552 μὲγας
1723 474 2042 538 Ἀθανάσιος
2071 483 2107 548 Α

2156 481 2342 536 sancti
2368 482 3280 553 processionemmanifestarunt,
3312 482 3412 538 sed
3447 482 3505 537 in
3538 482 3803 553 symbolo

408 569 708 644 καίὁσοφὸς
740 566 1038 644 Κύριλλος
1092 566 1238 622 οὕτω
1283 567 1532 631 νοοῦντες
1574 571 1674 638 τήν
1725 568 1784 624 ἐκ
1831 570 2041 644 Ματρὸς

404 656 693 731 ἐκπόρευσιν
775 656 831 711 ἐν
914 655 1084 719 ἰδίοις
1139 658 1230 732 μὲν
1307 657 1698 735 συγγράμμασι
1771 660 1870 726 τήν
1945 662 2043 712 τοῦ

401 747 700 818 Μνεύματος
775 746 1104 820 ἐκπόρευσιν
1182 743 1579 826 διεσαφήνισαν,
1670 746 1720 801 ἐν
1821 745 1878 801 δὲ
1963 752 2044 819 τῷ

400 831 657 908 συμϐόλῳ
714 835 1068 910 προσέθηκαν
1127 833 1304 891 οὐδὲν·
1387 837 1645 899 ὡσαύτως
1713 834 1770 891 δὲ
1859 836 1948 891 καὶ
2014 838 2042 891 ὁ

399 924 773 998 Δαμασκηνός.
808 926 895 982 Ἐν
950 925 1054 1001 γὰρ
1104 929 1174 999 τῇ
1223 923 1478 981 ἀποδόσει
1536 932 1635 996 τῆς
1693 925 1926 988 πίστεως
1978 926 2041 982 τὸ

390 1018 449 1072 ἐκ
501 1020 600 1070 τοῦ
661 1016 896 1092 Ματρὸς,
957 1015 1060 1071 οὐκ
1117 1015 1177 1072 ἐκ
1223 1021 1321 1072 τοῦ
1383 1017 1512 1070 Υἱοῦ
1588 1016 2038 1092 ἐκπορευόμενον,

395 1103 506 1176 ἰδίᾳ
534 1102 592 1160 δὲ
621 1103 1064 1178 ἐπισημαίνεται,
1097 1106 1173 1168 ὡς
1203 1107 1267 1160 οὗ
1297 1105 1516 1183 λέγεται
1561 1104 1620 1161 ἐκ
1664 1111 1762 1162 τοῦ
1802 1105 1932 1160 Υἰοῦ
1977 1106 2038 1160 τὸ

388 1197 611 1266 Πνεῦμα
633 1191 850 1264 δηλαδή
875 1194 952 1257 ὡς
984 1193 1046 1248 ἐκ
1073 1195 1295 1268 πρώτης
1344 1195 1526 1270 ἀρχῆς
1574 1197 1660 1250 καὶ
1717 1196 1792 1250 ὡς
1835 1195 1895 1248 ἐκ
1939 1200 2037 1250 τοῦ

390 1284 622 1357 Ματρὸς.
656 1283 878 1340 Τούτων
912 1284 1004 1338 οὖν
1057 1289 1177 1348 ταῖς
1225 1283 1601 1344 διδασκαλίαις
1640 1284 1897 1359 ἑπόμενοι
1947 1287 2039 1339 καὶ

387 1375 556 1445 ἡμεῖς
586 1371 739 1426 τὸέκ
765 1376 864 1426 τοῦ
917 1373 1132 1447 Ματρὸς
1193 1372 1619 1448 ἐκπορευόμενον
1669 1373 2036 1448 ἐκφωνοῦντες

389 1465 624 1533 νοοῦμεν
657 1461 750 1534 μὲν
781 1463 880 1529 τήν
926 1460 1244 1538 ἐκπορευσιν
1293 1461 1353 1517 ἐκ
1401 1464 1610 1539 Ματρὸς
1653 1462 1728 1525 ὠς
1778 1463 1838 1518 ἐκ
1885 1465 2041 1536 πρώ-

379 1570 486 1618 της
512 1549 715 1624 ἀρχῆς,
745 1549 894 1620 πλην
929 1553 1020 1605 οιὰ
1051 1556 1149 1606 τοῦ
1181 1551 1306 1606 Υὶοῦ
1345 1555 1443 1606 τοῦ
1490 1559 1782 1631 προσεχῶς
1831 1552 1891 1607 ἐκ
1937 1557 2038 1607 τοῖ’)

385 1642 607 1713 Πατρός
637 1641 788 1712 ὅμως
849 1640 912 1695 οὐ
963 1639 1195 1716 λὲγομεν
1249 1640 1300 1695 ἐν
1350 1646 1431 1714 τῷ
1489 1637 1776 1715 συμϐόλῳ·
1829 1643 1891 1697 τὸ
1946 1643 2039 1698 Ἐκ

373 1733 479 1784 τοῦ
551 1730 757 1803 Ματρὸς
827 1727 917 1784 διὰ
978 1733 1077 1784 τοῦ
1146 1731 1271 1785 Υἱοῦ
1355 1729 1800 1806 ἐκπορευόμενον·
1859 1733 2037 1787 καίτοι

2151 569 2297 626 nihil
2319 571 2671 626 addiderunt
2694 592 2708 640 ;
2730 571 2999 628 similiter
3020 576 3075 627 et
3090 571 3346 627 Joannes
3378 573 3798 628 Damascenus.

2148 657 2292 713 Nam
2317 661 2373 714 in
2400 660 2757 730 expositione
2780 661 2912 716 ﬁdei
2939 660 3211 732 exprimit
3231 659 3374 715 illud
3399 676 3467 716 ex
3483 660 3797 728 Patre,non

2149 762 2215 802 ex
2240 747 2384 804 Filio
2414 753 2722 820 procedere
2752 750 3056 822 Spiritum,
3090 750 3310 822 private
3351 766 3484 805 vero
3534 750 3792 822 adsigni-

2149 836 2304 904 ﬁcat,
2332 855 2446 894 non
2479 839 2593 894 dici
2636 855 2704 894 ex
2761 839 2902 895 Filio
2968 839 3267 911 Spiritum,
3331 839 3610 894 nimirum
3667 845 3794 896 tan-

2146 942 2320 996 quam
2345 943 2413 982 ex
2443 929 2628 999 primo
2687 928 2972 1000 principio
3029 934 3082 983 et
3139 932 3205 984 ut
3233 944 3302 983 ex
3327 931 3514 982 Patre.
3572 927 3790 983 Horum

2148 1014 2328 1086 igitur
2372 1016 2666 1073 doctrinas
2714 1018 2924 1083 secuti,
2975 1019 3115 1072 dum
3170 1016 3313 1072 illud
3365 1016 3472 1085 Qui
3515 1033 3585 1072 ex
3632 1022 3796 1072 Patre

2143 1104 2384 1174 procedit
2423 1106 2824 1176 enuntiemus,
2856 1106 3244 1179 intelligimus
3284 1106 3521 1177 quidem
3568 1123 3799 1177 proces-

2146 1197 2368 1252 sionem
2403 1214 2472 1252 ex
2502 1202 2671 1253 Patre
2704 1205 2766 1253 ut
2810 1215 2878 1254 ex
2934 1200 3122 1270 primo
3183 1198 3489 1269 principio,
3537 1201 3792 1254 attamen

2147 1302 2247 1355 per
2276 1286 2511 1354 Filium,
2539 1289 2641 1358 qui
2689 1288 2962 1358 contigue
3019 1291 3108 1344 est
3153 1304 3222 1344 ex
3267 1291 3440 1343 Patre
3509 1305 3523 1355 ;
3567 1291 3627 1342 at
3676 1303 3789 1343 non

2145 1372 2394 1428 dicimus
2423 1373 2482 1428 in
2516 1374 2778 1445 symbolo
2808 1377 2917 1440 Qui
2936 1392 3006 1430 ex
3034 1376 3203 1430 Putre
3231 1391 3328 1445 per
3350 1373 3569 1430 Filium
3598 1391 3791 1446 proce-

2143 1461 2262 1529 dit;
2296 1463 2560 1532 quamvis
2594 1464 2672 1518 ita
2710 1464 2903 1519 dicere
2936 1464 3342 1520 rationabilius
3381 1468 3522 1534 erat,
3555 1465 3788 1535 quando

2144 1553 2380 1624 quidem
2423 1559 2480 1608 et
2509 1555 2662 1624 apud
2695 1571 2802 1610 nos
2835 1559 2891 1609 et
2933 1556 3084 1626 apud
3133 1572 3230 1611 vos
3279 1555 3673 1611 indubitatum
3707 1563 3791 1611 est

2146 1644 2344 1711 utpote
2375 1641 2446 1696 ab
2477 1644 2744 1712 utrisque
2775 1644 3100 1699 admissum
3132 1651 3186 1699 et
3227 1661 3460 1700 omnem
3506 1644 3796 1715 ambigui-

2145 1736 2320 1786 tatem
2351 1733 2748 1787 exterminans
2779 1751 2793 1799 ;
2853 1749 3056 1788 verum
3117 1735 3271 1804 quod
3333 1735 3527 1789 Patres
3559 1750 3675 1788 non
3709 1735 3792 1789 fe-

375 1823 545 1874 τοῦτο
576 1817 747 1894 λέγειν
781 1819 1164 1896 εὐλογώτερον
1203 1821 1290 1893 ἦν,
1322 1820 1438 1896 ε’ἰγε
1466 1822 1556 1876 moi
1585 1823 1720 1894 ἡμῖν
1767 1822 1857 1876 καὶ
1908 1822 2034 1894 ὑμῖν
2067 1855 2107 1920 Β

2144 1828 2366 1884 cerunt,
2391 1837 2463 1875 ne
2485 1837 2626 1876 ansa
2645 1823 2993 1890 praeberetur
3015 1837 3083 1876 ex
3123 1821 3520 1878 oborientibus
3556 1820 3787 1876 dubilu-

374 1905 500 1982 ἔχει
529 1908 596 1964 τὸ
643 1904 1048 1986 ἀναμφίϐολον,
1099 1909 1173 1972 ὡς
1227 1911 1354 1984 παρ’
1409 1910 1614 1987 ἀμφοῖν
1672 1907 2030 1983 δοξαζόμενον
2067 1904 2107 1920 ³³

2143 1912 2402 1967 tionibus
2432 1913 2756 1969 additiones
2799 1913 2888 1969 vel
2934 1913 3335 1985 ademptiones
3362 1913 3454 1968 vel
3493 1918 3790 1968 transmu-

370 1999 467 2051 καὶ
499 1994 842 2076 ἀμφιϐολίαν
887 1999 1097 2054 ἃπασαν
1144 1998 1414 2074 ἆναιροῦν·
1467 1997 1596 2053 ἀλλ’
1644 1998 1776 2073 ὅπερ
1823 2000 1874 2055 οἱ
1921 2005 2028 2054 Πα-

364 2089 523 2160 τὲρες
558 2086 661 2141 οὐκ
691 2085 976 2158 ἐποίησαν,
1012 2089 1087 2150 ὡς
1132 2090 1207 2161 μή
1262 2086 1445 2159 δοθείη
1495 2089 1765 2166 πρόφασις
1812 2087 1871 2142 ἐκ
1917 2089 2024 2143 τῶν

365 2181 879 2248 παρεμπιπτουσῶν
949 2173 1280 2253 ἀμφιϐολῶν
1346 2178 1660 2251 προσθήκας
1717 2179 1752 2248 ἢ
1810 2177 2027 2254 ἀφαιρέ-

360 2285 473 2325 σεις
503 2265 542 2333 ἢ
579 2261 896 2338 μεταϐολὰς
924 2287 1078 2328 τινας
1111 2266 1344 2322 ἐπινοεῖν
1367 2271 1447 2338 τῷ
1493 2261 1760 2338 συμϐολῳ
1797 2272 1896 2335 τῆς
1929 2265 2025 2320 πί-

363 2374 560 2425 στεως,
600 2354 698 2409 καὶ
757 2353 934 2417 οὕτως
992 2355 1419 2428 καινοτομηθείη
1475 2358 1510 2425 ἡ
1568 2354 1797 2424 ἔκθεσις,
1855 2359 2018 2410 τοῦτο

359 2441 450 2495 καὶ
483 2445 653 2514 ἡμεῖς
682 2449 872 2518 τηρεῖν
905 2442 1182 2508 ἐθέλοντες
1206 2442 1328 2500 οὔτε
1354 2445 1416 2500 τὸ
1448 2442 1537 2500 διὰ
1573 2449 1670 2500 τοῦ
1719 2445 1848 2500 Υἱοῦ
1897 2442 2020 2501 οὕτε

355 2530 420 2584 τό
453 2529 512 2586 ἐκ
555 2536 658 2586 τοῦ
714 2533 845 2586 Υἱοῦ
876 2534 911 2604 ἢ
950 2534 1026 2606 μὴ
1080 2532 1140 2588 ἐκ
1183 2537 1279 2588 τοῦ
1326 2533 1454 2588 Υἱοῦ
1502 2537 1846 2609 προπιθὲναι
1901 2532 2017 2589 δέον

361 2621 672 2695 ἡγούμεθα.
707 2624 984 2694 Σιγήσατε
1015 2627 1144 2696 γοῦν
1195 2625 1306 2698 (⁸77)
1353 2624 1444 2679 καὶ
1493 2624 1648 2678 αὑτοί
1694 2626 1796 2694 την
1844 2645 2017 2699 προσ-

368 2711 549 2778 θήκην
577 2712 774 2781 ταύτης
797 2718 901 2780 τῆς
929 2710 1152 2781 λέξεως,
1183 2711 1272 2768 καὶ
1307 2711 1504 2786 μηκὲτι
1537 2713 1588 2768 ἐν
1620 2718 1700 2785 τῷ
1747 2709 2016 2788 συμϐόλῳ

363 2795 660 2873 ἐκφωνεῖτε
705 2799 761 2852 τὸ
808 2797 867 2854 ἐκ
921 2802 1022 2854 τοῦ
1074 2799 1280 2875 Ηανρὸς
1335 2801 1424 2855 καὶ
1473 2800 1532 2855 ἐκ
1585 2805 1682 2856 τοῦ
1739 2802 1873 2855 Υἱοῦ
1929 2801 2016 2856 ἐκ·

352 2885 753 2960 πορευόμενον,
787 2885 936 2943 ἀλλὰ
996 2887 1133 2944 κατὰ
1184 2889 1312 2953 τοὺς
1371 2891 1614 2966 Πατὲρας
1675 2893 1794 2964 μεθ’
1852 2893 2013 2962 ἡμῶν

351 2976 415 3030 τὸ
468 2975 527 3031 ἐκ
583 2980 685 3032 τοῦ
751 2979 967 3049 Ματρὸς
1036 2977 1482 3053 ἐκπορευόμενον,
1556 2981 1619 3035 τὸ
1697 2979 1788 3035 σὺν
1844 2980 2014 3054 Πατρὶ

343 3065 436 3121 καὶ
533 3068 650 3138 Υἱῷ
748 3063 1214 3140 συνδοξαζόμενον
1307 3068 1510 3126 εἷ’πατε.
1609 3067 1854 3144 ’Δρκέσει
1957 3067 2015 3122 δὲ

2141 2001 2387 2056 tationes
2416 2002 2782 2073 excogitandi
2814 2001 3078 2071 symbolo
3109 2003 3291 2068 Fidei,
3314 2006 3371 2058 et
3397 2002 3476 2057 ita
3504 2003 3782 2074 expositio

2137 2090 2532 2157 innovaretur,
2593 2091 2650 2146 id
2731 2096 2788 2147 et
2847 2108 2952 2146 nos
3001 2108 3230 2147 servare
3283 2090 3541 2147 volentes
3599 2107 3786 2162 neque

2134 2195 2331 2234 vocem
2364 2197 2462 2250 per
2496 2179 2702 2236 Filium
2751 2197 2940 2252 neque
2997 2197 3070 2236 ex
3115 2182 3256 2236 Filio
3288 2180 3371 2236 vel
3399 2197 3508 2236 non
3537 2199 3610 2237 ea:
3640 2182 3782 2236 Filio

2133 2269 2461 2324 addendam
2495 2285 2624 2325 esse
2682 2269 3062 2326 arbitramur.
3122 2269 3382 2326 Similem
3445 2271 3643 2341 itaque
3691 2271 3782 2326 di-

2130 2357 2340 2412 ctionis
2365 2358 2724 2414 additionem
2771 2359 3006 2415 silentio
3061 2376 3163 2415 vos
3208 2375 3435 2430 quoque
3484 2358 3776 2427 involvite,

2129 2463 2316 2518 neque
2344 2446 2404 2503 in
2463 2448 2723 2519 symbolo
2774 2449 2832 2503 in
2892 2457 3189 2519 posterum
3223 2449 3634 2519 pronuntiate:
3672 2449 3778 2516 Qui

2126 2557 2195 2597 ex
2227 2547 2395 2597 Patre
2422 2541 2670 2613 Filioque
2715 2541 2983 2612 procedit,
3034 2542 3135 2598 sed
3194 2544 3516 2598 secundum
3582 2543 3778 2598 Patres

2128 2626 2432 2681 nobiscum
2464 2627 2638 2682 dicite
2671 2643 2684 2682 :
2719 2628 2826 2695 Qui
2874 2643 2946 2682 ea:
2990 2633 3159 2682 Patre
3212 2627 3480 2696 procedit,
3511 2630 3608 2699 qui
3652 2644 3777 2682 cum

2127 2717 2294 2770 Patre
2323 2719 2376 2770 et
2399 2716 2544 2770 Filio
2584 2715 2755 2770 simul
2782 2716 3148 2785 gloriﬁcatur.
3175 2716 3324 2771 Satis
3373 2715 3635 2785 utrisque
3673 2733 3777 2771 no-

2127 2805 2217 2860 bis
2249 2809 2306 2859 et
2336 2805 2494 2859 vobis
2528 2805 2831 2862 consensio
2862 2805 2919 2858 in
2953 2819 3132 2860 unum
3165 2819 3270 2875 per
3295 2805 3546 2875 Spiritus
3586 2805 3775 2861 sancti

2125 2892 2373 2964 gratiam
2399 2894 2510 2948 erit
2529 2893 2642 2963 (79)
2687 2908 2821 2948 cum
2867 2892 3114 2948 invicem
3155 2892 3602 2960 concordemus,
3632 2894 3774 2950 dum

2125 2982 2378 3038 dicimus
2405 2988 2457 3036 et
2489 2981 2838 3036 conﬁtemur
2883 2997 2952 3036 ex
3002 2985 3170 3037 Patre
3218 2997 3322 3053 per
3351 2981 3561 3038 Filium
3592 2983 3775 3055 Spiri-

2125 3075 2221 3126 tus
2253 3070 2695 3142 processionem.

348 3156 474 3228 ὑμῖν
502 3157 596 3212 καὶ
632 3161 776 3230 ἡμῖν
821 3155 1145 3233 ἀμφονέρων
1179 3157 1253 3220 εἷς
1307 3157 1363 3214 ἓν
1423 3179 1694 3232 συμπνοια
1753 3161 1865 3232 (78)
1926 3156 2014 3212 διὰ
2071 3165 2170 3227 τῆς
2230 3163 2327 3213 τοῦ
2382 3158 2538 3232 ἁγίου
2595 3159 2908 3231 Πνεῦματος
2961 3159 3213 3234 χάριτος,
3270 3156 3385 3214 ἐπεὶ
3445 3164 3770 3240 συμφωνοῦ-

357 3267 442 3317 μεν
471 3246 769 3318 ἆλλήλοις
803 3248 942 3303 κατᾶ
968 3248 1032 3302 τὸ
1063 3243 1242 3323 λέγειν
1277 3246 1338 3304 ἔκ
1368 3249 1581 3324 ΙΙατρὸς
1615 3246 1705 3303 διὰ
1732 3252 1828 3302 τοῦ
1859 3248 1987 3302 Υἱοῦ
2015 3251 2116 3302 τοῦ
2150 3248 2456 3321 Πνεύματος
2483 3248 2582 3316 τὴν
2613 3242 2948 3321 ἐκπόρευσιν.

417 3385 523 3453 (‘77)
555 3383 691 3440 Haec
727 3397 920 3453 usque
953 3382 1025 3438 ad
1057 3381 1232 3438 ﬁnem
1263 3399 1496 3439 rursum
1543 3384 1644 3440 dat
1691 3383 1940 3441 Allatius
1966 3384 2009 3439 Ι.

358 3470 400 3510 ο.
434 3472 481 3524 ρ.
516 3457 646 3522 469,
679 3455 814 3522 470,
849 3454 980 3509 472.

405 3522 508 3599 (78)
538 3528 638 3586 Sic
670 3527 807 3584 Vat.
845 3527 885 3593 f,
921 3526 1015 3593 45,
1043 3525 1101 3581 b.
1161 3526 1334 3583 Allat.
1369 3525 1444 3588 εἷς
1502 3525 1808 3601 σύμπνοιαν
1833 3525 1913 3589 εἷς
1941 3522 2010 3582 ἓν.

2193 3382 2307 3450 (79)
2335 3381 2488 3437 Allat
2520 3399 2533 3437 :
2562 3383 2724 3458 quod
2766 3383 2910 3440 satis
2949 3385 3233 3456 utrisque,
3289 3385 3456 3441 nobis
3495 3393 3547 3441 et
3577 3385 3763 3458 vobis,

2122 3469 2380 3509 amorem
2413 3453 2766 3510 conciliabit.

1749 3835 1902 3877 ANNO
1936 3836 2134 3876 DOKINI
2167 3836 2368 3878 MCCIH.

855 3996 1642 4175 JOANNIS
1791 4003 2642 4179 EPISCOPI
2783 4005 3260 4183 CITRI

1447 4297 2016 4386 liESPONSA
2069 4301 2670 4388 CANONICA.

1236 4463 1370 4520 Vide
1397 4464 1730 4537 Patralogiae
1752 4466 1980 4540 hujusce
2008 4434 2208 4530 tm
2234 4477 2372 4528 tom.
2395 4472 2581 4543 CXIX,
2610 4474 2713 4530 col.
2744 4475 2870 4532 959.

329 4631 3230 4664 Μ

1847 4761 2000 4802 ANNO

2051 4761 2255 4804 BODEI.

476 4904 1057 5040 MARCI
1143 4905 2298 5033 PATRIARGHfE
2389 4910 3578 5040 ALEXANDRINI

1191 5128 1950 5242 QUfESTIONES
2024 5135 2168 5220 ET
2253 5133 2859 5227 RESPONSA.

1726 5300 1851 5357 Vide
1879 5302 2040 5371 ibid,
2070 5303 2174 5360 col.
2210 5304 2368 5362 1031.
