4150 6292
2004 301 2264 362 JOELIS
3688 316 3788 374 224

425 307 481 364 2;

471 308 541 366 23

1819 595 1972 636 ANNO
2021 593 2220 636 οοιιικι
2277 597 2416 637 MCC]
2425 599 2488 639 ιι.

675 773 780 970 J
796 774 1251 972 OEL
1373 773 3570 1098 CHRONOGBAPHUS.

1873 1223 2379 1312 ΝΟΤΙΤΙΑ,

1422 1405 1652 1476 (Oudin.
1685 1406 1757 1462 de
1785 1405 1992 1478 Script.
2031 1405 2235 1462 eccles.
2267 1409 2410 1464 tom.
2445 1405 2517 1473 II,
2551 1421 2608 1477 p.
2643 1405 2824 1478 1712).

493 1751 637 1820 Josl,
671 1751 1145 1823 chronographus
1171 1767 1420 1824 graecus,
1453 1751 1661 1806 claruit
1717 1751 1928 1808 iisdem
1981 1751 2366 1823 temporibus,
2425 1750 2642 1822 quibus
2699 1750 3018 1806 Balduinus
3067 1747 3352 1806 Flandrim
3416 1753 3474 1804 et
3525 1746 3814 1804 ﬂannonize

429 1855 625 1896 comes
656 1845 712 1895 et
743 1838 1060 1895 Gaufridus
1091 1839 1162 1894 de
1193 1837 1640 1907 Villaharduini,
1676 1839 1774 1894 sed
1809 1839 1932 1908 ipse
1962 1839 2114 1894 inter
2137 1838 2387 1894 Graecos.
2421 1837 2655 1908 Scripsit
2687 1837 2784 1893 ille
2837 1837 3262 1907 Chronologiam
3311 1837 3532 1891 brevem
3581 1852 3674 1891 sru
3697 1851 3816 1890 con-

424 1929 798 2002 pendiariam,
834 1945 1012 2000 quam
1041 1944 1144 2000 pro
1176 1927 1507 1983 Graecorum
1537 1944 1696 1983 more
1721 1927 1951 1983 orditur
1979 1929 2050 1982 ab
2083 1929 2218 1983 orbe
2249 1927 2504 1996 condito,
2563 1927 2874 1982 adductam
2927 1929 2994 1982 ad
3045 1943 3153 1982 sua
3205 1941 3398 1997 usque
3455 1935 3724 1998 tempora,
3759 1924 3822 1978 ad

429 2023 652 2090 captam
687 2033 897 2088 nempe
927 2017 1496 2088 Constantinopolim
1529 2033 1562 2071 a
1592 2017 1814 2072 Latinis
1844 2033 1996 2072 anno
2054 2017 2267 2072 Christi
2329 2017 2465 2070 1204
2498 2033 2510 2070 :
2573 2015 2664 2071 cui
2721 2017 3076 2088 expeditioni
3131 2017 3378 2072 aderant
3435 2015 3748 2071 Balduinus
3776 2021 3828 2068 et

427 2108 766 2174 Gaufridus,
799 2107 870 2162 de
901 2107 1114 2176 quibus
1144 2122 1338 2177 supra.
1371 2105 1604 2160 Studuit
1635 2107 1733 2160 ille
1767 2106 2034 2162 brevitati
2057 2105 2520 2176 nimium,atque
2539 2105 2639 2161 ubi
2659 2105 2833 2161 latius
2861 2122 2924 2162 se
2943 2105 3270 2162 diffundere
3317 2107 3624 2170 debuerat,
3665 2104 3824 2159 nimi-

425 2211 553 2250 rum
591 2195 743 2250 circa
765 2195 1150 2267 imperatores
1171 2195 1420 2250 Orientis
1439 2194 1775 2250 ultimorum
1805 2199 2158 2266 temporum,
2189 2195 2308 2251 illic
2339 2195 2709 2263 obtumescit,
2731 2195 3039 2266 solamque
3063 2197 3376 2252 nominum
3411 2196 3828 2252 successionem

427 2284 680 2340 exhibet.
712 2286 917 2340 Cessat
938 2284 996 2338 in
1028 2283 1225 2339 Alexio
1257 2288 1411 2339 Duca
1439 2283 1538 2355 qui
1568 2288 1623 2339 et
1651 2284 2027 2355 Murzupblus
2061 2285 2249 2339 dictus
2280 2287 2390 2350 est,
2439 2301 2589 2339 anno
2635 2285 2772 2340 1204
2819 2288 3108 2352 mortuus,
3157 2284 3249 2340 his
3299 2302 3477 2341 suam
3531 2281 3832 2340 Chronolo-

426 2372 580 2444 giam
617 2371 828 2426 ﬁniens
859 2371 1052 2426 verbis
1084 2389 1101 2424 :
1135 2373 1287 2427 Hunc
1315 2387 1440 2426 cum
1477 2372 1757 2428 occidisset
1784 2372 2057 2444 patruelis
2088 2373 2315 2428 Alexim
2349 2373 2534 2439 Ducas,
2567 2375 2666 2444 qui
2718 2375 2768 2427 et
2823 2371 3191 2443 Marzuphlus
3239 2373 3426 2429 dictus
3470 2382 3576 2440 est,
3611 2371 3832 2442 imperio

423 2463 662 2530 prro/uit
691 2477 896 2517 menses
923 2463 1073 2518 duos.
1107 2463 1226 2517 Heu
1253 2478 1350 2516 nos
1391 2463 1618 2518 miseros
1643 2467 1662 2516 !
1707 2463 1770 2518 Et
1797 2463 2052 2518 maxime
2097 2479 2224 2519 cum
2258 2462 2432 2517 simus
2469 2463 2793 2531 Christiani,
2818 2463 2956 2518 talia
2979 2465 3042 2518 in
3069 2464 3426 2520 Christianos
3449 2465 3835 2519 machinamur

421 2551 488 2604 Et
517 2567 756 2622 quanam
788 2553 1005 2607 ratione
1037 2553 1295 2607 Divinum
1315 2551 1600 2623 judicium
1629 2558 1708 2606 tot
1736 2553 1946 2608 scelera
1979 2553 2224 2607 laturum
2271 2557 2427 2619 esset,
2465 2557 2518 2607 et
2549 2567 2658 2606 non
2707 2557 2840 2606 esset
2879 2567 2976 2607 nos
3017 2553 3326 2623 captivitati
3371 2563 3428 2609 et
3471 2549 3834 2608 internecioni

420 2639 781 2696 traditurum.
819 2641 970 2710 Quod
999 2645 1051 2696 ct
1077 2645 1291 2712 factum
1320 2645 1418 2710 est,
1449 2647 1504 2696 et
1531 2643 1928 2710 spectatissima
1948 2642 2077 2696 urbs
2108 2641 2474 2711 Constantini,
2515 2641 2577 2696 ob
2625 2641 2837 2696 similia
2880 2643 3156 2712 facinora,
3206 2643 3638 2716 impietatesque
3686 2639 3832 2697 Italis

424 2729 632 2786 tradita
659 2738 756 2787 est.
791 2729 872 2786 Ita
905 2729 1001 2785 ille
1033 2747 1201 2786 suam
1237 2747 1352 2802 qua
1381 2729 1670 2786 scribebat
1691 2735 1916 2786 aetatem
1952 2730 2230 2802 pandens,
2256 2730 2427 2800 cujus
2472 2745 2642 2786 nemo
2685 2747 2860 2802 quem
2911 2731 3170 2802 legerim,
3203 2731 3521 2803 hucusque
3551 2731 3836 2800 meminit,

423 2821 605 2872 Caveo
637 2824 891 2889 excepto.
926 2817 1288 2891 Opusculum
1321 2818 1481 2874 istud
1508 2819 1784 2874 eductum
1815 2835 1882 2874 ex
1917 2835 2026 2874 ms.
2057 2819 2252 2876 codice
2279 2819 2472 2891 Regiis
2502 2818 2822 2874 Gailiarum
2857 2819 3242 2888 bibliothecae,
3277 2821 3512 2877 editum
3560 2821 3759 2876 Graece
3788 2821 3841 2874 et

420 2906 624 2962 Latine
656 2924 708 2962 a.
741 2909 901 2977 1651,
925 2907 1164 2964 Parisiis
1197 2907 1422 2962 in-folio
1453 2923 1520 2962 ex
1555 2909 1935 2980 typographia
1964 2908 2162 2980 Regia,
2213 2909 2366 2964 inter
2411 2907 2557 2964 alios
2615 2908 2926 2980 scriptores
2977 2908 3244 2965 Historiae
3289 2909 3661 2983 Byzantina,
3712 2913 3842 2981 post

424 2995 734 3052 Chronicon
761 2997 1235 3069 compendiariam
1265 2999 1498 3070 Georgii
1525 2998 1873 3071 Acropolitae,
1905 3013 2038 3070 pag.
2065 2998 2167 3052 149
2195 3006 2250 3054 et
2275 3015 2398 3069 seq.
2421 3013 2490 3054 ex
2517 2996 2779 3054 versione
2805 2997 3012 3053 Leonis
3037 2997 3253 3054 Allatii.

767 3304 1684 3478 ΙΩΗΛΟΥ
1831 3307 3526 3482 ΧΡΟΝΟΓΡΑΦΙΑ

1754 3605 1916 3700 ΕΝ
2013 3605 2574 3703 ΣΥΝΟΨΕΙ

503 3969 1030 4123 JOELIS
1137 3969 2453 4128 CHRONOGRAPHIA
2564 3974 3780 4135 COMPENDIABIA

499 4443 630 4499 1-8
653 4440 964 4498 Sciendum
987 4442 1075 4496 est
1095 4439 1388 4496 Adamum
1415 4438 1551 4496 ﬁliis
1579 4444 1638 4497 et
1658 4441 1934 4499 omnibus
1956 4443 2078 4500 ani-
2099 4455 2138 4520 Α

2257 4443 2450 4502 Ἰστὲον
2501 4443 2586 4502 ὅτι
2625 4448 2653 4504 ὁ
2701 4449 2785 4524 ρέν
2843 4447 3024 4524 Ἀδὰμ
3077 4448 3340 4523 ἐπέθηκεν
3439 4454 3709 4530 ὀνόματα
3765 4457 3881 4514 τοῖς

425 4533 722 4590 montibus
748 4548 882 4589 cum
908 4529 1284 4588 terrestribus
1303 4533 1428 4586 tum
1450 4530 1693 4587 marinis
1715 4531 1955 4590 nomine
1973 4533 2064 4589 imI

2244 4535 2367 4588 ιισίν
2403 4535 2573 4590 αὐτοῦ
2612 4537 2705 4592 καὶ
2755 4544 2885 4593 πᾶσι
2933 4545 3048 4603 τοῖς
3095 4541 3263 4611 ζώοις
3314 4529 3634 4620 χερσαίοις
3685 4566 3748 4602 τε
3794 4542 3883 4599 καὶ

422 4624 707 4696 posuisse,
741 4637 962 4678 nomen
981 4637 1118 4678 vero
1133 4619 1293 4676 illius
1319 4625 1373 4675 et
1393 4619 1589 4676 uxoris
1611 4619 1683 4675 ab
1729 4621 1930 4692 angelo
1971 4625 2061 4679 Do-

2246 4621 2521 4692 ιλαττίοις,
2575 4627 2638 4680 τὸ
2698 4624 2756 4681 δὲ
2812 4626 2975 4683 αὐτοῦ
3035 4625 3208 4704 ὄνομα
3263 4632 3362 4686 καὶ
3405 4619 3544 4705 ίτῆς
3625 4633 3885 4711 γυναικὸς

423 4712 569 4768 mini
599 4713 778 4768 fuisse
809 4711 1202 4767 manifestata.
1235 4709 1450 4766 Gainus
1493 4710 1773 4780 majorem
1817 4728 2062 4768 sororem

2246 4716 2351 4767 ιτοῦ
2409 4712 2642 4798 ἃγγξλος
2709 4717 2907 4784 Κυρίου
2965 4719 3112 4774 εἶπεν
3182 4719 3402 4784 αὐτοῖς.
3503 4709 3650 4782 Καὶή
3689 4727 3719 4780 ὁ
3791 4723 3885 4798 μὲν

424 4801 916 4867 Azuram,8ethus
937 4794 1224 4856 minoi-em
1253 4801 1571 4856 Asuamam
1613 4817 1850 4856 uxorem
1889 4803 2063 4859 duxit.

2248 4802 2324 4855 ὶϊν
2401 4797 2566 4857 ἔλαϐε
2641 4811 2868 4878 γυναῖκα
2939 4807 3039 4875 τὴν
3115 4809 3342 4884 πρώτην
3403 4813 3595 4870 αὐτοῦ
3639 4794 3887 4886 ἆδελῷἠν

423 4889 642 4944 Abelus
671 4887 834 4959 virgo
857 4889 1151 4959 justitiam
1185 4888 1430 4944 colebat.
1456 4888 1670 4944 Cainus
1697 4891 1936 4961 propria:
1969 4892 2062 4948 do-

2257 4891 2475 4966 ζούραν,
2517 4892 2546 4946 ὁ
2597 4889 2654 4948 δὲ
2714 4895 2829 4963 Σὴθ
2889 4897 2990 4964 τὴν
3050 4895 3298 4970 δευτέραν
3367 4901 3681 4976 ’Δσουὰμ,
3741 4905 3770 4958 ὁ
3837 4899 3891 4956 δὶ

428 4993 561 5032 mus
593 4976 766 5031 ruina
797 4976 1093 5031 emoritur.
1125 4975 1337 5032 Sethus
1366 4977 1590 5048 primus
1628 4977 1941 5036 Hebraicas
1980 4979 2067 5034 lit-

2244 4976 2361 5036 ιϐελ
2392 4980 2657 5053 παρθένος
2705 4983 2794 5038 καὶ
2863 4981 3072 5048 δίκαιος
3125 4987 3412 5062 ὑπῆρχεν.
3477 4993 3547 5051 Ὁ
3603 4975 3667 5049 δὲ
3721 4995 3883 5055 Κάϊν,

423 5071 600 5132 teras,
633 5064 931 5133 scientias,
964 5065 1134 5134 signa
1178 5065 1306 5120 coeli
1363 5069 1420 5120 et
1448 5069 1862 5137 tempestatum
1893 5068 2062 5137 vices,

2263 5090 2285 5130 ς
2336 5069 2514 5133 οἰκίας
2581 5072 2732 5145 αὐτῷ
2790 5073 3080 5146 πεσνῦοης,
3150 5075 3448 5139 ἀπέθανεν,
3521 5083 3594 5139 '0
3657 5081 3722 5136 δὲ
3778 5081 3891 5148 Σήθ

429 5169 909 5219 ιηοιιεθε,ηθοηοῑι
941 5152 1338 5208 hebdomadas
1375 5154 1742 5223 excogitavit;
1785 5155 2068 5213 sideribus

2252 5162 2407 5221 νῶτος
2467 5161 2647 5234 ἒξεῦρε
2687 5162 3006 5250 γράμματα
3064 5159 3325 5237 Ἑϐραϊκὰ
3393 5171 3500 5224 καὶ
3548 5171 3757 5250 σοφίαν
3803 5169 3891 5225 καὶ

427 5259 658 5315 quoque
687 5247 740 5299 et
774 5241 1033 5313 quinque
1065 5241 1340 5312 planetis,
1375 5247 1436 5296 ut
1468 5243 1540 5297 ab
1585 5243 1922 5300 hominibus
1950 5249 2066 5301 tan-

2247 5269 2250 5300 ;
2281 5253 2484 5321 σημεῖα
2511 5253 2609 5303 τοῦ
2643 5249 2875 5324 οὐρανοῦ
2904 5253 2992 5305 καὶ
3039 5253 3134 5314 τὰς
3181 5255 3404 5328 τροπὰς
3441 5263 3566 5313 τῶν
3619 5241 3886 5315 ἐνιαυτῶν

425 5339 548 5388 tum
579 5331 843 5403 dignosci
874 5329 1379 5401 possent,nomioa
1405 5329 1706 5400 imposuit,
1731 5337 1787 5387 et
1816 5335 2064 5403 primum

2257 5336 2432 5399 ὶτοὺς
2468 5344 2640 5409 μῆνας
2669 5340 2757 5393 καὶ
2789 5339 2884 5402 τὰς
2926 5335 3254 5414 ἑϐδομάδας,
3303 5345 3408 5399 καὶ
3469 5355 3606 5410 τοῖς
3665 5348 3891 5423 ἄστροις

424 5421 1092 5488 Saturnum,secundum
1114 5419 1575 5486 Jovem,tertium
1599 5424 1860 5490 Martem,
1887 5440 2063 5494 quar-

2256 5424 2442 5495 ἑθηκεν
2475 5425 2716 5498 ὀνόματα
2759 5429 2848 5481 καὶ
2900 5434 3017 5490 τοῖς
3076 5429 3231 5484 πέντε
3293 5429 3650 5505 πλανήταις
3709 5419 3790 5499 εἷς
3835 5437 3895 5490 τὸ

428 5516 554 5568 tum
601 5511 904 5574 Venerem,
957 5510 1232 5582 quintum
1289 5509 1642 5565 Mercurium
1694 5516 2067 5586 nuncupavit,

2264 5515 2537 5589 υρίζεσθαι
2601 5515 2703 5570 ὑπὸ
2760 5521 2865 5572 τῶν
2953 5517 3254 5594 ἀνθρώπων
3314 5523 3426 5575 καὶ
3505 5527 3740 5599 μόνων.
3801 5532 3903 5586 Καὶ

433 5601 575 5656 Post
605 5598 880 5656 diluvium
905 5599 1196 5656 Cainanus
1216 5597 1543 5670 Arpbaxadi
1566 5599 1721 5658 ﬁlius
1749 5617 1880 5658 cum
1907 5603 2066 5661 Sethi

2263 5605 2402 5678 ’μὲν
2441 5609 2662 5680 πρῶτον
2719 5605 3004 5679 πλανήτην
3061 5606 3279 5664 ἐκάλεσε
3339 5597 3610 5687 Κρόνον,
3683 5617 3782 5672 τὸν
3841 5613 3902 5672 δὲ
