4150 6292
364 329 453 389 9.ὶὶ
1717 329 2385 391 CHRONOGRAPHIA
2402 374 2417 388 .

3653 335 3777 396 9.26

385 457 586 536 δεύτερον
616 460 733 530 Δία,
794 462 897 517 τὸν
948 457 1130 532 τρίτον
1173 460 1365 535 Ἄρεα,
1396 458 1489 514 τὸν
1521 457 1774 534 τέταρτον
1805 463 2003 539 Ἀφρο-

2123 461 2278 518 illius
2313 462 2565 519 ﬁliorum
2595 469 2651 520 et
2681 463 2940 521 siderum
2969 468 3214 525 nomina
3235 473 3286 526 Δ
3310 469 3368 526 in
3400 485 3571 526 saxeo
3603 469 3777 541 cippo

396 547 509 620 δίτην
557 552 642 606 καὶ
696 551 798 606 τὸν
849 547 1063 622 πέμτον
1120 549 1345 622 Ἑρμῆν.
1399 550 1548 604 Μετὰ
1600 544 1657 602 δὲ
1701 549 1793 602 τὸν
1840 567 2007 603 κατα-

390 637 587 712 κλυσμὸν
667 642 883 696 Καῖνᾶν
978 638 1008 692 6
1092 636 1206 698 υἱὸς
1284 633 1558 716 Ἀρφαξὰδ
1637 636 2007 711 συνεγράψατο

386 729 463 798 τὴν
509 728 897 805 ἀστρονομίαν,
956 726 1203 803 εὑρηκὼς
1259 726 1359 795 τήν
1413 730 1513 781 τοῦ
1581 726 1697 795 Σήθ
1752 727 1842 780 καὶ
1897 728 2005 781 τῶν

379 818 515 875 αύτοῦ
568 819 775 873 τέκνων
836 817 1139 890 ὀνομασίαν
1186 814 1276 870 καὶ
1331 819 1439 870 τῶν
1485 814 1724 889 ἀστέρων
1754 814 1805 869 ἐν
1838 813 2008 869 πλακὶ

378 908 540 983 λιθίνη
565 905 991 984 γεγλυμμένην.
1052 905 1121 963 Oi.
1173 904 1273 980 γὰρ
1323 907 1422 959 τοῦ
1452 905 1568 972 Σὴθ
1599 902 1838 981 ἔκγονοι,
1869 923 2013 975 προ-

376 996 653 1073 μυηθέντες
705 993 905 1051 ἄνωθεν
963 995 1065 1064 τήν
1129 991 1437 1067 μέλλουσαν
1490 991 1736 1069 γενέσθαι
1806 992 2009 1070 φθορὰν

372 1091 466 1144 τῶν
531 1085 857 1160 ἀνθρώπων,
925 1083 1187 1154 ἐποίησαν
1254 1080 1351 1137 δύο
1415 1079 1646 1153 στηλας,
1716 1081 1840 1155 μίαν
1915 1081 2009 1155 μὶν

369 1175 588 1248 λιθίνην,
641 1172 825 1249 ἑτέραν
886 1174 974 1247 [Ρ.
1012 1173 1136 1246 150]
1185 1168 1242 1227 δὲ
1287 1169 1607 1243 πλινθίνην,
1657 1171 2011 1246 λογισάμενοι

364 1264 463 1339 ὅτι,
493 1266 541 1321 εἱ
574 1264 671 1338 μὲν
699 1261 769 1319 δι’
811 1260 1009 1324 ὕδατος
1038 1262 1068 1317 6
1096 1260 1505 1334 κατακλυσμὸς,
1538 1262 1573 1331 ἡ
1607 1259 1786 1331 λιθίνη
1830 1259 2010 1331 στήλη

366 1359 510 1430 μενεῖ
556 1354 649 1408 καὶ
696 1353 763 1407 τὰ
818 1350 872 1407 ἐν
933 1350 1072 1424 αὐτῇ
1125 1349 1503 1427 γεγλυμμένα,
1536 1349 1588 1405 εἴ
1614 1346 1673 1404 δὲ
1701 1345 1792 1404 διὰ
1818 1349 2012 1422 πυρὸς,

2116 552 2519 623 comperisset,
2555 552 2846 609 stellarum
2899 571 3107 614 cursus
3157 550 3572 614 commentario
3621 573 3778 613 com-

2119 638 2321 711 plexus
2379 645 2464 697 est
2515 645 2658 698 Nam
2715 642 2875 699 Sethi
2931 661 3299 704 successores
3365 647 3773 703 imminentem

2117 729 2314 799 generi
2340 729 2601 787 humano
2660 732 2977 803 perniciem
3038 735 3229 793 edocti
3268 737 3417 792 duas
3452 736 3777 802 columnas,

2120 835 2299 874 unam
2331 819 2565 890 quidem
2604 818 2919 891 lapideam,
2983 822 3221 880 alteram
3282 824 3626 891 latericiam,
3679 841 3782 881 ex-

2120 913 2376 974 struunt,
2404 909 2534 978 rati,
2565 909 2616 965 si
2648 911 2910 968 mundus
2960 928 3249 984 aquarum
3296 913 3495 969 illuvie
3550 914 3759 969 immer

2120 1000 2374 1067 geretur,
2406 994 2695 1068 lapideam
2728 1015 3177 1071 permansuram
3221 1006 3279 1058 et
3325 1018 3692 1075 quaecunque
3725 1003 3782 1059 in

2120 1100 2185 1140 ea
2213 1085 2509 1157 exsculpta
2528 1095 2719 1157 erant;
2746 1088 2797 1145 si
2833 1088 3222 1163 conﬂagraret
3260 1090 3549 1158 incendio,
3581 1090 3776 1147 lateri.

2123 1173 2277 1229 ciam
2311 1190 2638 1232 evasuram.
2670 1178 2714 1232 A
2743 1175 3057 1250 Magusmis
3088 1179 3208 1236 sive
3238 1181 3430 1237 Persis
3461 1179 3780 1252 astrologia

2122 1267 2179 1318 et
2209 1263 2397 1336 magia
2429 1264 2662 1321 initium
2720 1266 2961 1338 duxere,
3010 1285 3043 1324 a
3088 1268 3417 1326 Nembrode
3462 1269 3780 1343 Babylonis

2124 1352 2423 1410 conditore
2451 1354 2758 1412 occasione
2788 1361 3045 1428 sumpta.

357 1447 392 1514 ἡ
424 1440 678 1511 πλινθίνη
711 1442 1035 1511 σωτήσεται.
1069 1441 1201 1496 Ἀπὸ
1234 1437 1600 1513 Μαγουσαίων
1633 1436 1691 1493 8‘s
1719 1437 1848 1508 ἤτοι
1875 1441 2097 1512 Περσῶν
2136 1434 2340 1513 ἤρξατο
2368 1439 2709 1519 ἀστρολογία
2739 1443 2830 1498 καὶ
2872 1445 3091 1521 μαγεία,
3121 1440 3406 1503 λαϐόντων
3435 1446 3613 1523 ἀρχὰς
3649 1445 3777 1504 Ξιπὸ.

354 1527 583 1607 Νεϐρὼό
609 1534 708 1587 τοῦ
736 1531 837 1600 τὴν
876 1523 1177 1585 Βαϐυλῶνα
1205 1528 1505 1590 κτίσαντος.

424 1623 580 1681 Μετᾶ
634 1627 798 1677 Νῖνον
874 1615 1215 1675 ἐϐασίλευσεν
1279 1618 1583 1695 Ἀσσυρίων
1648 1617 1858 1696 suppa;
1922 1638 2007 1681 τις

2168 1620 2301 1677 Post
2326 1620 2543 1678 Ninum
2582 1623 2956 1696 Assyriorum
3001 1642 3182 1699 regno
3226 1627 3462 1700 praefuit
3514 1628 3742 1702 Thyrra

351 1707 597 1782 τοῦνομα
663 1702 760 1778 ἔτη
829 1705 902 1776 λ’,
969 1705 1030 1761 ὅν
1098 1704 1189 1761 καὶ
1269 1704 1631 1779 μετεκάλεσαν
1699 1709 1866 1777 Ἄρεα
1932 1705 2010 1768 εἰς

350 1800 520 1873 ὄνομα
570 1800 671 1851 τοῦ
725 1793 1012 1866 πλανήτου
1073 1796 1314 1871 ἂστέρος,
1375 1794 1530 1866 ᾧτινι
1583 1794 1738 1869 Ἀρει
1787 1793 2013 1867 πρώτην

352 1886 564 1960 στήλην
624 1883 916 1954 ἀνέστησαν
970 1887 1023 1939 οὶ
1073 1883 1376 1960 Ἀσσύριοι,
1425 1883 1516 1938 καὶ
1563 1882 1638 1945 ὡς
1684 1883 1803 1938 θεὸν
1844 1882 2010 1957 μέχρι

346 1983 442 2034 τοῦ
491 1980 587 2032 νῦν
631 1977 1064 2050 προσκυνοῦντες
1114 1970 1346 2029 καλοῦσι
1395 1972 1649 2046 Περσιστὶ
1710 1969 2011 2044 Βαὰλθεὸς,

348 2069 375 2123 δ
401 2066 544 2123 ἐστιν
574 2068 761 2140 ’Ἄρης
791 2061 1054 2136 πολέμων
1088 2062 1227 2132 θεὸς,
1255 2061 1317 2117 οὗ
1347 2062 1435 2116 καὶ
1464 2060 1678 2129 Λανιὴλ
1714 2061 2009 2134 μέμνηται.

410 2158 500 2214 Ἐν
551 2159 676 2218 τοῖς
732 2152 963 2229 χρόνοις
1019 2158 1120 2221 τῆς
1177 2147 1457 2226 βασιλείας
1518 2153 1613 2205 τοῦ
1655 2149 1914 2210 Φοίνικος
1939 2148 2011 2218 ἦν

341 2244 618 2322 Ἡρακλῆς
678 2242 1013 2321 φιλόσοφος,
1069 2240 1098 2294 6
1148 2239 1367 2313 Τύριος,
1424 2239 1516 2294 καὶ
1566 2244 1668 2309 τῆς
1722 2235 2012 2316 κογχύλης

343 2335 654 2415 έφευρετής.
726 2328 1215 2415 Μετεωριζόμενος
1275 2329 1379 2405 γὰρ
1446 2325 1535 2382 έπὶ
1610 2327 1674 2383 τὸ
1738 2325 2012 2415 παρᾴλιον

349 2413 505 2500 μέρος
557 2429 664 2492 τῆς
746 2419 941 2495 Τύρου
1018 2414 1129 2473 εἶδε
1183 2417 1500 2491 ποιμενικὸν
1574 2415 1708 2471 κύνα
1758 2413 2007 2479 ἐσθίοντα

348 2515 441 2582 τὴν
466 2511 777 2587 λεγομένην
808 2506 1128 2583 κογχύλην,
1177 2506 1263 2562 καὶ
1310 2510 1407 2561 τοῦ
1457 2506 1718 2579 ποιμένος
1746 2507 2009 2578 νομίσαν-

349 2624 437 2665 τος
475 2603 759 2676 αἱμάσσειν
826 2600 924 2653 τὸν
989 2595 1145 2667 κύνα,
1188 2591 1459 2661 λαϐόντος
1506 2596 1676 2650 πόκον
1717 2589 1862 2670 ἔριον
1900 2593 2010 2650 ἀπὸ

2121 1728 2308 1768 annos
2328 1712 2588 1783 triginta.
2615 1712 2701 1769 Illi
2734 1729 2765 1769 e
2797 1714 3027 1786 planeta
3049 1732 3263 1773 nomen
3289 1717 3493 1773 Martis
3518 1718 3772 1774 inditum

2120 1804 2230 1885 est,
2260 1803 2317 1856 et
2344 1809 2536 1858 statua
2566 1800 2755 1873 prima
2791 1807 3002 1862 erecta.
3048 1808 3191 1861 Eum
3250 1806 3475 1878 Assyrii
3530 1806 3598 1860 ad
3650 1807 3773 1863 haec

2119 1895 2384 1963 tempore
2410 1908 2512 1964 pro
2560 1892 2667 1950 deo
2711 1892 2986 1963 colentes,
3037 1895 3236 1969 lingua
3275 1894 3497 1952 Persica
3546 1895 3774 1952 Baalem

2120 1980 2294 2037 deum
2314 1983 2701 2054 vocant,quod
2725 1987 2890 2041 notat
2910 1983 3061 2041 Mars
3080 1983 3372 2041 bellorum
3407 1986 3573 2042 deus.
3611 1982 3778 2039 illius

2121 2068 2391 2125 meminit
2418 2069 2642 2126 Daniel.

2170 2157 2554 2231 Temporibus
2577 2159 2866 2217 Phcenicis
2889 2161 3042 2235 regis
3074 2162 3346 2219 Heracles
3392 2161 3777 2236 philosophus

2119 2247 2332 2320 Tyrius
2361 2264 2756 2322 purpureaque
2784 2251 3049 2308 inventor
3098 2251 3364 2322 ﬂorebat,
3392 2251 3604 2324 quippe
3640 2251 3774 2324 Tyri

2117 2336 2407 2392 maritima
2427 2337 2816 2396 obambulans
2848 2340 3227 2412 pastoricium
3259 2341 3540 2413 comperit
3570 2355 3775 2396 canem

2120 2423 2489 2494 conchylium
2540 2427 2969 2498 depascentem,
3021 2445 3194 2501 quem
3255 2434 3453 2505 pastor
3490 2429 3774 2500 sanguine

2117 2513 2319 2570 videns
2341 2514 2644 2585 infectum,
2666 2516 2810 2572 lanae
2835 2517 3044 2574 vellere
3069 2534 3139 2574 ex
3161 2518 3369 2575 ovibus
3398 2525 3583 2591 rapto,
3618 2518 3774 2589 quod

2120 2602 2192 2656 ab
2221 2602 2349 2671 ejus
2379 2618 2476 2659 ore
2502 2604 2825 2675 proﬂuebat
2854 2607 3131 2661 abstersit
3160 2622 3175 2673 ;
3235 2622 3369 2661 cum
3429 2611 3620 2661 autem
3663 2609 3771 2659 Hc-

354 2696 456 2746 τῶν
497 2686 783 2765 προϐάτων
847 2689 940 2743 καὶ
993 2682 1372 2759 ἀπομᾶξκντος
1436 2686 1499 2740 τὸ
1570 2684 2007 2766 καταφερόμενον

2123 2689 2307 2745 racles
2326 2688 2511 2746 vellus
2532 2708 2645 2747 non
2665 2693 2951 2765 sanguine
2983 2693 3148 2765 tingi,
3180 2695 3280 2749 sed
3328 2709 3477 2748 nova
3506 2694 3763 2765 quadam

359 2779 420 2834 ἐκ
445 2784 542 2835 τοῦ
571 2780 839 2852 στόματος
878 2780 982 2832 τοῦ
1030 2776 1211 2843 κυνὸς,
1257 2774 1346 2829 καὶ
1396 2772 1654 2850 βαφέν-τος
1685 2778 1781 2828 τοῦ
1810 2773 2006 2843 πόκου,

2123 2778 2379 2835 tinctura
2406 2779 2563 2835 inﬁci
2596 2781 2984 2850 observasset,
3036 2782 3362 2839 admiratus
3410 2782 3610 2855 magni
3642 2782 3768 2841 loco

352 2872 655 2947 προσέσχεν
711 2869 737 2922 6
792 2864 1083 2942 Ἡρακλῆς
1144 2867 1219 2938 μή
1280 2864 1416 2918 εἶναι
1473 2861 1603 2919 αὐτὸ
1661 2864 1820 2937 αἷμα,
1861 2860 2008 2918 ἀλλὰ

2123 2866 2384 2922 muneris
2407 2866 2664 2924 Phtenici
2689 2868 2812 2942 regi
2829 2869 3170 2942 obtulit,qui
3192 2876 3250 2927 et
3270 2870 3393 2942 ipse
3416 2870 3460 2926 5
3490 2870 3778 2928 attonitus

346 2960 638 3036 βάμματος
666 2958 954 3034 πρόξενον,
994 2953 1024 3010 6'
1053 2953 1142 3009 καὶ
1190 2952 1468 3028 θαυμάσας
1536 2952 1611 3015 ὡς
1668 2953 1804 3027 μέγα
1834 2949 2008 3029 δῶρον

2123 2953 2316 3010 lanam
2339 2954 2642 3025 conchylio
2671 2956 2819 3029 tingi
2851 2956 3115 3030 praecipit
3130 2957 3362 3028 sibique
3380 2966 3599 3015 vestem
3625 2958 3769 3014 ﬁeri.

338 3049 489 3106 τουτί
518 3049 854 3124 προσήγαγε
900 3048 984 3116 τῷ
1038 3041 1252 3119 βασιλεῖ
1281 3040 1521 3111 Φοίνικι,
1554 3042 1613 3103 ὃς
1658 3041 1750 3096 καὶ
1794 3037 2007 3114 μᾶλλον

2123 3041 2213 3098 Sic
2242 3041 2465 3113 primus
2494 3044 2621 3116 ipse
2651 3050 3032 3118 purpuratam
3083 3045 3449 3119 chlamydem
3494 3046 3772 3120 gestavit.

336 3141 629 3215 ἐκπλαγεὶς
668 3136 957 3194 ἐκέλευσεν
988 3134 1096 3189 ἀπὸ
1126 3131 1411 3211 κογχύλης
1442 3126 1587 3207 ἔριον
1621 3133 1862 3212 βαφῆναι
1901 3130 1993 3186 καὶ
2046 3129 2292 3207 γενέσθαι
2334 3130 2480 3206 αότῷ
2506 3129 2889 3209 περιϐόλαιον,
2918 3136 3007 3192 καὶ
3042 3136 3189 3193 οὕτω
3219 3139 3439 3211 πρῶτον
3472 3135 3631 3192 αὐτὸν
3668 3157 3777 3214 φο-

344 3230 482 3304 ρέσαι
508 3228 741 3302 ἱμάτιον
770 3224 831 3280 ἐκ
858 3224 1169 3301 πορφύρας.

332 3380 346 3398 ,
403 3319 547 3373 Μετὰ
626 3308 1134 3388 Ναϐουχοδονόσορ
1202 3310 1291 3365 καὶ
1367 3308 1655 3384 Βαλτάσαρ
1720 3309 1814 3398 τον
1883 3308 2000 3398 υἱὸν

347 3404 496 3461 αὐτοῦ
547 3400 878 3461 ἐϐασίλευσε
934 3406 1145 3476 Περσην
1200 3404 1380 3470 Κῦρος
1427 3400 1456 3454 6
1504 3400 1716 3475 Πέρσης
1758 3394 1855 3469 ’ἐτη
1889 3396 1998 3473 λβ’,

348 3492 403 3554 ὃς
454 3493 705 3567 πόλεμον
766 3488 994 3564 μέλλων
1069 3483 1369 3563 συμϐαλεῖν
1429 3487 1565 3564 πρὸς
1621 3491 1856 3561 Κροῖσον
1910 3486 2003 3541 τὸν

349 3585 450 3636 τῶν
483 3579 673 3638 Λυδῶν
726 3577 961 3657 βασιλέα
1009 3576 1101 3632 καὶ
1159 3572 1421 3654 φοϐηθεὶς
1482 3575 1866 3650 μετεπέμψατο
1896 3572 2002 3631 ἀπὸ

358 3676 451 3739 τῆς
471 3669 699 3742 Ἰνδικῆς
731 3671 927 3746 χώρας
947 3667 1043 3723 τὸν
1062 3667 1351 3745 προφήτην
1374 3665 1601 3735 Δανιὴλ,
1625 3663 1683 3725 ὅς
1714 3663 2005 3739 ἐρωτηθεὶς

366 3759 475 3814 εἶπε
528 3761 663 3833 πρὸς
723 3764 923 3835 Κῦρον
985 3756 1200 3831 Θάρσει,
1258 3759 1408 3826 νικᾷς
1473 3754 1566 3810 τὸν
1618 3753 1816 3829 ἐχθρόν
1885 3772 2002 3812 σου.

369 3848 485 3923 Περῖ
541 3853 636 3906 σοῦ
709 3849 817 3925 γὰρ
896 3848 1048 3902 εἶπεν
1103 3844 1131 3898 6
1189 3850 1481 3919 προφῆτης
1536 3838 1783 3904 ’Πσαΐαςο
1847 3842 2006 3899 Οὕτω

366 3936 502 4014 λέγει
563 3939 766 4017 Κύριος
815 3940 898 4007 τῷ
965 3933 1154 4009 Κύρῳ,
1216 3933 1278 3987 οὗ
1336 3930 1609 4006 ἐκράτησα
1672 3936 1774 3999 τῆς
1834 3925 2010 3999 δεξιᾶς

364 4026 670 4085 Ἐπακούσει
791 4025 1102 4100 ἔμπροσθεν
1198 4020 1361 4077 αὐτοῦ
1463 4019 1618 4091 έονη,
1690 4021 1782 4075 καὶ
1843 4017 2007 4097 ὶσχυν

359 4116 621 4190 βασιλέως
722 4113 1030 4193 διαρῥῆξω.
1147 4110 1316 4173 Δύτὸς
1437 4107 1800 4183 οἰκοδομήσει
1907 4107 2005 4176 τὴν

355 4205 515 4265 πόλιν
584 4229 713 4284 μου,
782 4205 876 4262 καὶ
934 4204 1037 4271 τήν
1097 4198 1487 4276 αῗχμαλωσίαν
1549 4204 1649 4256 τοῦ
1715 4197 1852 4254 λαοῦ
1904 4220 2010 4274 μου

354 4292 679 4373 ἒπιστρέψει·
757 4295 877 4352 εἶπε
953 4290 1159 4365 Κύριος
1236 4283 1492 4352 Σαϐαὼθ.
1568 4289 1630 4346 '0
1707 4284 1764 4342 δὲ
1829 4292 2009 4362 Κῦρος

2164 3309 2302 3368 Post
2354 3311 2989 3372 Nabuchodonosorem
3045 3319 3105 3372 et
3157 3315 3519 3374 Baltasarem
3578 3315 3769 3373 ﬁlium

2112 3403 2418 3455 Persarum
2479 3416 2721 3474 regnum
2779 3403 2965 3460 tenuit
3018 3403 3201 3476 Cyrus
3280 3420 3468 3460 annos
3525 3405 3774 3476 triginta

2112 3488 2283 3543 duos.
2315 3486 2420 3544 Hic
2448 3505 2582 3546 cum
2616 3492 2893 3548 adversus
2921 3495 3184 3547 Croesum
3236 3491 3527 3564 Lydorum
3570 3507 3767 3563 regem

2114 3575 2334 3631 bellum
2366 3583 2612 3646 pararet,
2644 3579 2856 3636 timore
2884 3580 3143 3652 percitus
3188 3580 3261 3636 ab
3294 3580 3495 3637 Indica
3529 3580 3768 3650 regione

2113 3664 2412 3722 Danielem
2435 3669 2774 3738 pr0pbetam
2806 3668 3154 3725 accersitum
3206 3669 3276 3724 ad
3323 3684 3387 3724 se
3430 3668 3610 3723 misit.
3652 3667 3774 3724 Da-

2115 3756 2230 3812 niel
2282 3756 2673 3826 interrogatus
2756 3759 3105 3831 respondit:
3175 3763 3321 3815 Bono
3377 3761 3486 3814 esto
3550 3758 3768 3825 animo,

2115 3847 2329 3903 hostem
2358 3856 2517 3906 tuum
2544 3846 2796 3903 devinces
2824 3849 3058 3921 quippe;
3102 3848 3167 3904 de
3214 3857 3267 3904 te
3296 3849 3474 3904 Isaias
3501 3852 3769 3920 propheta

2117 3942 2453 3997 vaticinatus
2482 3942 2561 3995 est
2592 3954 2606 3993 :
2641 3936 2731 3993 Sic
2757 3937 2893 3993 dicit
2927 3938 3201 3993 Dominus
3235 3938 3401 4010 Cyro,
3441 3938 3603 4009 cujus
3632 3939 3776 3994 dea:-

2118 4035 2293 4085 teram
2347 4026 2702 4102 apprehendi,
2762 4030 2824 4082 ut
2879 4026 3173 4098 subjiciam
3222 4031 3352 4084 ante
3395 4027 3599 4099 faciem
3653 4028 3773 4097 eius

2117 4124 2300 4187 gentes
2355 4126 2406 4174 et
2453 4115 2626 4172 robur
2680 4114 2830 4184 regis
2886 4115 3257 4186 confringam.
3299 4118 3423 4190 Ipse
3474 4115 3778 4188 aediﬁcabit

2118 4205 2394 4262 civitatem
2423 4220 2624 4272 meam,
2654 4206 2707 4260 et
2734 4204 3114 4276 captivitatem
3148 4206 3345 4278 populi
3385 4205 3499 4262 mei
3547 4221 3775 4263 conver-

2121 4299 2215 4364 tet,
2246 4295 2381 4351 dicit
2412 4294 2682 4350 Dominus
2709 4292 2964 4350 Sabaoth.
3006 4293 3106 4349 His
3171 4294 3390 4350 auditis
3438 4294 3622 4364 Cyrus
3670 4300 3777 4350 Da-

358 4382 580 4449 ἇκούσας
608 4391 778 4442 ταῦτα
828 4385 948 4439 εἷπε
995 4380 1132 4455 πρὸς
1174 4377 1303 4441 τοὺς
1342 4374 1512 4440 πόδας
1550 4380 1648 4432 τοῖ’)
1680 4374 1885 4443 Δανιὴλ
1916 4396 2008 4430 πε.

2123 4383 2289 4439 nielis
2318 4384 2388 4439 ad
2424 4383 2600 4456 pedes
2636 4382 2974 4448 concidens,
3038 4382 3208 4451 Vivat,
3267 4382 3480 4454 inquit,
3516 4384 3781 4438 Dominus

361 4473 492 4527 σών.
545 4478 618 4549 Ζῇ
672 4475 878 4545 Κύριος
936 4471 966 4525 6
1021 4470 1152 4531 Θεός
1223 4488 1340 4523 σου.
1399 4465 1545 4542 Ἐγὼ
1597 4463 1860 4520 ἀπολύσω
1917 4464 2009 4519 τὸν

362 4558 577 4632 Ἰσραὴλ
634 4562 693 4618 ὲκ
740 4568 846 4632 τῆς
903 4565 1012 4638 γῆς
1076 4576 1204 4630 μου,
1253 4556 1342 4610 ἳνα
1396 4554 1734 4628 λατρεύσωσι
1765 4557 1846 4623 τῷ
1890 4557 2007 4625 Θεῷ

368 4644 536 4703 αὐτῶν
604 4649 692 4706 ἓν.
744 4647 1138 4724 Ἰερουσαλήμ.
1229 4642 1687 4720 ΙΙάραταξάμενος
1765 4639 1856 4697 οὖν
1931 4645 2011 4714 τῷ

368 4736 596 4812 Κροίσῳ,
640 4739 775 4794 κατὰ
821 4737 1026 4813 κράτος
1072 4734 1312 4803 ἡττήσας
1362 4730 1454 4786 καὶ
1508 4727 1768 4805 χιλιάδας
1798 4730 1842 4783 υ¹
1872 4729 2012 4784 ἀπο-

364 4818 549 4901 λέσας,
586 4828 710 4891 τοὺς
758 4826 818 4883 δὲ
864 4823 1104 4884 λοιποὺς
1154 4820 1547 4896 αἰχμαλώτους
1598 4817 1691 4873 σὺν
1733 4818 1881 4890 αὐτῷ
1912 4815 2013 4872 λα·

362 4904 495 4984 θὼν,
547 4917 631 4972 καὶ
677 4919 777 4987 τήν
820 4919 936 4971 τῶν
1000 4908 1197 4968 Λυδῶν
1254 4909 1539 4984 βασιλείαν
1577 4905 1800 4971 τελείως
1845 4926 2014 4962 κατα-

358 4999 549 5075 λύσας,
602 5009 729 5070 τοὺς
796 5005 954 5068 υἱοὺς
1035 4996 1255 5074 Ἰσραὴλ
1324 4998 1526 5058 πάντας
1605 4995 1801 5060 εὐθέως
1877 4996 2013 5069 μετᾶ

354 5090 666 5166 Ζοροϐάϐελ
697 5094 968 5153 ἀπέλυσεν
1011 5088 1065 5145 έν
1092 5085 1476 5163 Ἰερουσαλήμ.

424 5186 577 5243 Πετᾶ
627 5184 682 5242 δὲ
735 5189 919 5259 Κῦρον
980 5173 1301 5236 ἐϐασίλευσε
1356 5179 1579 5250 Δαρεῖος
1613 5175 1642 5229 6
1671 5175 1788 5237 υἱὸς
1824 5174 2010 5246 αὐτοῦ,

352 5274 380 5326 ὁ
409 5276 506 5331 καὶ
535 5272 861 5351 Καμϐύσης,
920 5267 1022 5340 ἔτη
1075 5267 1145 5338 η’.
1197 5266 1343 5323 Μετὰ
1389 5263 1449 5321 δὲ
1487 5259 1791 5337 Καμϐύσης
1820 5265 2012 5339 Ἀρτα-

346 5366 537 5441 ξέρξης
566 5369 592 5424 ὁ
622 5369 869 5442 Μνήμων
894 5358 997 5430 ἔτη
1026 5358 1093 5414 κ’.

413 5456 610 5515 Ἱστέον
648 5456 707 5515 δέ
763 5455 855 5512 ὅτι
913 5452 1138 5521 Ῥῶμος
1192 5447 1222 5501 6
1274 5452 1377 5516 τῆς
1420 5444 1643 5518 Ῥώμης
1685 5441 2012 5518 βασιλεύσας

2124 4477 2274 4529 Deus
2295 4481 2423 4529 tuus
2445 4489 2464 4527 :
2489 4487 2587 4540 ego
2611 4471 2877 4527 Israetem
2910 4487 2981 4527 ea:
3008 4485 3164 4526 servo
3190 4471 3401 4540 faciam
3419 4473 3476 4524 ut
3504 4472 3581 4525 sit
3613 4471 3777 4536 liber,

2117 4565 2169 4618 et
2196 4579 2237 4618 a
2265 4577 2396 4617 mea
2425 4562 2633 4617 ditionc
2668 4560 2967 4627 dimittam,
2998 4565 3059 4614 ut
3088 4558 3488 4629 Hierosolymis
3527 4559 3634 4613 Dr-o
3678 4574 3778 4613 suo

2118 4648 2329 4704 cultum
2376 4648 2653 4704 exhibeat.
2703 4648 2798 4704 Sic
2847 4647 2971 4703 acie
3009 4645 3293 4702 instructa
3357 4650 3563 4703 contra
3617 4646 3776 4702 Croe-

2123 4739 2330 4794 sumin
2361 4738 2795 4793 dimicationem
2812 4736 3189 4806 venit,eoque
3221 4735 3485 4806 subjecto
3542 4739 3599 4791 et
3628 4751 3776 4805 qua-

2123 4825 2450 4898 dringentis
2508 4824 2776 4880 millibus
2828 4824 3013 4890 caesis,
3064 4824 3167 4894 qui
3224 4823 3376 4879 cladi
3434 4829 3783 4896 supererant

2123 4916 2378 4986 captivos
2404 4915 2556 4982 fecit,
2587 4914 2993 4986 Lydorumque
3024 4913 3266 4985 imperio
3289 4914 3555 4972 funditus
3584 4931 3780 4972 everso

2122 5004 2279 5060 nulla
2344 5020 2509 5060 mora
2592 5001 2890 5059 Israelitas
2959 5018 3166 5059 omnes
3234 5020 3367 5061 cum
3427 5005 3779 5061 Zorobabelo

2122 5095 2374 5163 dimisit,
2406 5098 2473 5149 ut
2499 5093 2816 5149 Jerusalem
2852 5096 3196 5165 repeterent.

2176 5182 2314 5239 Post
2340 5184 2553 5256 Cyrum
2584 5180 2791 5237 Darius
2823 5181 2999 5252 filius,
3023 5182 3125 5254 qui
3162 5187 3222 5240 et
3249 5185 3571 5258 Cambyses
3593 5183 3780 5239 dirius

2124 5273 2230 5340 est,
2264 5285 2505 5339 regnum
2536 5268 2727 5324 tenuit
2782 5284 2967 5325 annos
3020 5272 3174 5326 octo.
3236 5275 3372 5328 Post
3426 5271 3775 5341 Cambyscm

2121 5360 2463 5428 Artaxeryes
2493 5358 2718 5415 Memor
2748 5374 2932 5416 annos
2961 5358 3188 5432 viginti.

2175 5446 2225 5501 Β
2256 5446 2571 5503 Sciendum
2604 5450 2693 5503 est
2732 5450 3006 5515 Remum,
3066 5446 3169 5518 qui
3210 5450 3408 5504 Romaa
3449 5443 3776 5517 imperavit,

334 5546 403 5601 τὰ
451 5546 723 5628 λεγόμενα
766 5534 1117 5628 Βρουμᾴλια
1164 5534 1454 5628 ὶπενόησεν
1502 5530 2008 5628 θέ’“αίιτίας.τοιαι;ς-

2125 5534 2418 5590 Brumalia
2446 5551 2564 5591 non
2621 5534 2735 5592 alia
2790 5536 2861 5592 de
2916 5548 3093 5591 causa
3146 5535 3530 5606 excogitasse.
3563 5533 3779 5628 Ferunt

331 5654 466 5711 της.
506 5616 642 5696 tiae!
694 5616 829 5715 γὰρ’
871 5624 1055 5687 αὐτόν
1097 5645 1130 5681 τ
1210 5624 1302 5680 καὶ
1346 5624 1441 5680 τὸν
1491 5616 1726 5702 ἀδελφὸν
1756 5619 1922 5676 αὐτοῦ
1952 5619 2013 5676 ἐκ

2125 5639 2375 5698 namque
2426 5623 2622 5697 ipsum
2678 5641 2794 5681 una
2847 5639 2979 5681 cum
3027 5622 3205 5681 fratre
3260 5621 3545 5678 adulterio
3583 5617 3771 5676 editos
