  <div class='ocr_page' id='page_1' title='image "/cluster/home/n/w/nwhite01/storage/ocr_20150623/139/mdp.39015078384214/121.png"; bbox 0 0 4150 6292; ppageno 0'>
   <div class='ocr_carea' id='block_1_1' title="bbox 450 321 2089 392">
    <p class='ocr_par' dir='ltr' id='par_1_1' title="bbox 450 321 2089 392">
     <span class='ocr_line' id='line_1_1' title="bbox 450 321 2089 392; baseline -0.003 -2"><span class='ocrx_word' id='word_1_1' title='bbox 450 333 567 392; x_wconf 72' lang='grc'><strong>22⁸1</strong></span> <span class='ocrx_word' id='word_1_2' title='bbox 2023 321 2089 386; x_wconf 70' lang='grc' dir='ltr'><strong>εἰ(</strong></span> 
     </span>
    </p>
   </div>
   <div class='ocr_carea' id='block_1_2' title="bbox 2177 321 3816 392">
    <p class='ocr_par' dir='ltr' id='par_1_2' title="bbox 2177 321 3816 386">
     <span class='ocr_line' id='line_1_2' title="bbox 2177 321 3816 386; baseline 0.002 -4"><span class='ocrx_word' id='word_1_3' title='bbox 2177 321 2290 382; x_wconf 89' lang='lat' dir='ltr'><strong>LIS</strong></span> <span class='ocrx_word' id='word_1_4' title='bbox 3717 326 3816 386; x_wconf 72' lang='lat'><strong>228</strong></span> 
     </span>
    </p>
   </div>
   <div class='ocr_carea' id='block_1_3' title="bbox 451 451 2090 538">
    <p class='ocr_par' dir='ltr' id='par_1_3' title="bbox 451 459 2090 536">
     <span class='ocr_line' id='line_1_3' title="bbox 451 459 2090 536; baseline -0.005 -14"><span class='ocrx_word' id='word_1_5' title='bbox 451 463 630 536; x_wconf 83' lang='lat' dir='ltr'><strong>sylvis</strong></span> <span class='ocrx_word' id='word_1_6' title='bbox 660 463 950 532; x_wconf 84' lang='lat' dir='ltr'><strong>expositos</strong></span> <span class='ocrx_word' id='word_1_7' title='bbox 979 465 1036 519; x_wconf 90' lang='lat' dir='ltr'><strong>et</strong></span> <span class='ocrx_word' id='word_1_8' title='bbox 1064 461 1138 518; x_wconf 92' lang='lat' dir='ltr'><strong>ab</strong></span> <span class='ocrx_word' id='word_1_9' title='bbox 1167 462 1382 534; x_wconf 86' lang='lat' dir='ltr'><strong>agrasti</strong></span> <span class='ocrx_word' id='word_1_10' title='bbox 1415 461 1668 534; x_wconf 87' lang='lat' dir='ltr'><strong>quadam</strong></span> <span class='ocrx_word' id='word_1_11' title='bbox 1718 462 1967 518; x_wconf 83' lang='lat' dir='ltr'><strong>muliere</strong></span> <span class='ocrx_word' id='word_1_12' title='bbox 2006 459 2090 515; x_wconf 89' lang='lat' dir='ltr'><strong>in-</strong></span> 
     </span>
    </p>
   </div>
   <div class='ocr_carea' id='block_1_4' title="bbox 2170 451 3809 538">
    <p class='ocr_par' dir='ltr' id='par_1_4' title="bbox 2170 451 3809 536">
     <span class='ocr_line' id='line_1_4' title="bbox 2170 451 3809 536; baseline 0.002 -27"><span class='ocrx_word' id='word_1_13' title='bbox 2170 523 2178 536; x_wconf 65' lang='lat'><strong><em>_</em></strong></span> <span class='ocrx_word' id='word_1_14' title='bbox 2208 453 2462 530; x_wconf 80' lang='grc' dir='ltr'><strong>πορνείας</strong></span> <span class='ocrx_word' id='word_1_15' title='bbox 2519 453 2872 529; x_wconf 67' lang='grc' dir='ltr'><strong>γεννηθέντας</strong></span> <span class='ocrx_word' id='word_1_16' title='bbox 2909 451 2983 510; x_wconf 80' lang='grc' dir='ltr'>,έν</span> <span class='ocrx_word' id='word_1_17' title='bbox 3039 451 3275 510; x_wconf 80' lang='grc' dir='ltr'>ἀλσώδει</span> <span class='ocrx_word' id='word_1_18' title='bbox 3323 451 3483 528; x_wconf 81' lang='grc' dir='ltr'>τόπῳ</span> <span class='ocrx_word' id='word_1_19' title='bbox 3508 456 3708 533; x_wconf 74' lang='grc' dir='ltr'>ῥιφῆναι</span> <span class='ocrx_word' id='word_1_20' title='bbox 3735 461 3809 514; x_wconf 83' lang='grc' dir='ltr'><strong>καί</strong></span> 
     </span>
    </p>
   </div>
   <div class='ocr_carea' id='block_1_5' title="bbox 455 545 2094 620">
    <p class='ocr_par' dir='ltr' id='par_1_5' title="bbox 455 551 2094 620">
     <span class='ocr_line' id='line_1_5' title="bbox 455 551 2094 620; baseline -0.003 -10"><span class='ocrx_word' id='word_1_21' title='bbox 455 557 680 620; x_wconf 89' lang='lat' dir='ltr'><strong>ventos,</strong></span> <span class='ocrx_word' id='word_1_22' title='bbox 705 553 987 609; x_wconf 86' lang='lat' dir='ltr'><strong>enutritos</strong></span> <span class='ocrx_word' id='word_1_23' title='bbox 1009 551 1206 608; x_wconf 85' lang='lat' dir='ltr'><strong>fuisse.</strong></span> <span class='ocrx_word' id='word_1_24' title='bbox 1243 555 1418 607; x_wconf 85' lang='lat' dir='ltr'><strong>Porro</strong></span> <span class='ocrx_word' id='word_1_25' title='bbox 1457 551 1948 608; x_wconf 88' lang='lat' dir='ltr'><strong>contumeliosum</strong></span> <span class='ocrx_word' id='word_1_26' title='bbox 1979 555 2094 606; x_wconf 82' lang='lat' dir='ltr'><strong>eral</strong></span> 
     </span>
    </p>
   </div>
   <div class='ocr_carea' id='block_1_6' title="bbox 2170 545 3809 620">
    <p class='ocr_par' dir='ltr' id='par_1_6' title="bbox 2217 545 3809 620">
     <span class='ocr_line' id='line_1_6' title="bbox 2217 545 3809 620; baseline 0.001 -20"><span class='ocrx_word' id='word_1_27' title='bbox 2217 547 2320 600; x_wconf 88' lang='grc' dir='ltr'>ὑπὸ</span> <span class='ocrx_word' id='word_1_28' title='bbox 2386 545 2707 620; x_wconf 79' lang='grc' dir='ltr'><strong>ἀγροικικῆς</strong></span> <span class='ocrx_word' id='word_1_29' title='bbox 2777 565 2925 607; x_wconf 90' lang='grc' dir='ltr'>τινος</span> <span class='ocrx_word' id='word_1_30' title='bbox 3019 545 3272 619; x_wconf 85' lang='grc' dir='ltr'>γυναικὸς</span> <span class='ocrx_word' id='word_1_31' title='bbox 3343 545 3628 618; x_wconf 77' lang='grc' dir='ltr'><strong>εὑρεθέντας</strong></span> <span class='ocrx_word' id='word_1_32' title='bbox 3695 547 3809 602; x_wconf 80' lang='grc' dir='ltr'>ἀνα-</span> 
     </span>
    </p>
   </div>
   <div class='ocr_carea' id='block_1_7' title="bbox 456 631 2095 716">
    <p class='ocr_par' dir='ltr' id='par_1_7' title="bbox 456 639 2095 716">
     <span class='ocr_line' id='line_1_7' title="bbox 456 639 2095 716; baseline -0.005 -16"><span class='ocrx_word' id='word_1_33' title='bbox 456 644 608 716; x_wconf 90' lang='lat' dir='ltr'><strong>apud</strong></span> <span class='ocrx_word' id='word_1_34' title='bbox 629 649 924 700; x_wconf 86' lang='lat' dir='ltr'><strong>Romanos</strong></span> <span class='ocrx_word' id='word_1_35' title='bbox 951 641 1138 696; x_wconf 87' lang='lat' dir='ltr'><strong>alieno</strong></span> <span class='ocrx_word' id='word_1_36' title='bbox 1159 639 1289 698; x_wconf 87' lang='lat' dir='ltr'><strong>cibo</strong></span> <span class='ocrx_word' id='word_1_37' title='bbox 1318 640 1547 705; x_wconf 86' lang='lat' dir='ltr'><strong>nutriri,</strong></span> <span class='ocrx_word' id='word_1_38' title='bbox 1571 645 1628 696; x_wconf 89' lang='lat' dir='ltr'><strong>et</strong></span> <span class='ocrx_word' id='word_1_39' title='bbox 1651 639 1900 696; x_wconf 89' lang='lat' dir='ltr'><strong>aliarum</strong></span> <span class='ocrx_word' id='word_1_40' title='bbox 1939 654 2095 694; x_wconf 89' lang='lat' dir='ltr'><strong>men-</strong></span> 
     </span>
    </p>
   </div>
   <div class='ocr_carea' id='block_1_8' title="bbox 2171 631 3810 716">
    <p class='ocr_par' dir='ltr' id='par_1_8' title="bbox 2211 631 3810 711">
     <span class='ocr_line' id='line_1_8' title="bbox 2211 631 3810 711; baseline 0.002 -22"><span class='ocrx_word' id='word_1_41' title='bbox 2211 641 2497 711; x_wconf 74' lang='grc' dir='ltr'>τραφῆναι.</span> <span class='ocrx_word' id='word_1_42' title='bbox 2531 631 2778 698; x_wconf 86' lang='grc' dir='ltr'>Ὀνειδος</span> <span class='ocrx_word' id='word_1_43' title='bbox 2812 631 2868 689; x_wconf 75' lang='grc' dir='ltr'>δὲ</span> <span class='ocrx_word' id='word_1_44' title='bbox 2915 635 2981 704; x_wconf 79' lang='grc' dir='ltr'>ἦν</span> <span class='ocrx_word' id='word_1_45' title='bbox 3031 633 3330 708; x_wconf 85' lang='grc' dir='ltr'>Ῥωμαίοις</span> <span class='ocrx_word' id='word_1_46' title='bbox 3360 637 3420 690; x_wconf 90' lang='grc' dir='ltr'>τὸ</span> <span class='ocrx_word' id='word_1_47' title='bbox 3450 633 3496 707; x_wconf 74' lang='grc' dir='ltr'><strong>ἐξ</strong></span> <span class='ocrx_word' id='word_1_48' title='bbox 3533 633 3810 710; x_wconf 88' lang='grc' dir='ltr'>ἀλλοτρίων</span> 
     </span>
    </p>
   </div>
   <div class='ocr_carea' id='block_1_9' title="bbox 453 723 2092 804">
    <p class='ocr_par' dir='ltr' id='par_1_9' title="bbox 453 725 2092 804">
     <span class='ocr_line' id='line_1_9' title="bbox 453 725 2092 804; baseline -0.006 -15"><span class='ocrx_word' id='word_1_49' title='bbox 453 747 652 789; x_wconf 86' lang='lat' dir='ltr'><strong>sarum</strong></span> <span class='ocrx_word' id='word_1_50' title='bbox 673 735 1024 804; x_wconf 86' lang='lat' dir='ltr'><strong>captatorem</strong></span> <span class='ocrx_word' id='word_1_51' title='bbox 1049 730 1180 786; x_wconf 89' lang='lat' dir='ltr'><strong>dici.</strong></span> <span class='ocrx_word' id='word_1_52' title='bbox 1201 729 1562 802; x_wconf 81' lang='lat' dir='ltr'><strong>Quapropter</strong></span> <span class='ocrx_word' id='word_1_53' title='bbox 1579 728 1796 784; x_wconf 80' lang='lat' dir='ltr'><strong>Romus</strong></span> <span class='ocrx_word' id='word_1_54' title='bbox 1810 725 2092 784; x_wconf 83' lang='lat' dir='ltr'><strong>Brumalis</strong></span> 
     </span>
    </p>
   </div>
   <div class='ocr_carea' id='block_1_10' title="bbox 2172 723 3811 804">
    <p class='ocr_par' dir='ltr' id='par_1_10' title="bbox 2208 723 3811 804">
     <span class='ocr_line' id='line_1_10' title="bbox 2208 723 3811 804; baseline 0 -24"><span class='ocrx_word' id='word_1_55' title='bbox 2208 725 2494 803; x_wconf 72' lang='grc' dir='ltr'>τρέφεσθαι</span> <span class='ocrx_word' id='word_1_56' title='bbox 2559 725 2648 780; x_wconf 79' lang='grc' dir='ltr'><strong>καὶ</strong></span> <span class='ocrx_word' id='word_1_57' title='bbox 2715 724 3190 804; x_wconf 74' lang='grc' dir='ltr'>ἀλλοτριοφάγους</span> <span class='ocrx_word' id='word_1_58' title='bbox 3283 723 3574 789; x_wconf 80' lang='grc' dir='ltr'>καλεῖσθαι.</span> <span class='ocrx_word' id='word_1_59' title='bbox 3627 730 3680 784; x_wconf 89' lang='grc' dir='ltr'>Ὁ</span> <span class='ocrx_word' id='word_1_60' title='bbox 3732 725 3811 781; x_wconf 76' lang='grc' dir='ltr'><strong>οὖν</strong></span> 
     </span>
    </p>
   </div>
   <div class='ocr_carea' id='block_1_11' title="bbox 455 809 2094 887">
    <p class='ocr_par' dir='ltr' id='par_1_11' title="bbox 455 817 2094 887">
     <span class='ocr_line' id='line_1_11' title="bbox 455 817 2094 887; baseline -0.004 -11"><span class='ocrx_word' id='word_1_61' title='bbox 455 823 826 876; x_wconf 87' lang='lat' dir='ltr'><strong>commentus</strong></span> <span class='ocrx_word' id='word_1_62' title='bbox 856 823 963 886; x_wconf 88' lang='lat' dir='ltr'><strong>est,</strong></span> <span class='ocrx_word' id='word_1_63' title='bbox 997 823 1062 874; x_wconf 88' lang='lat' dir='ltr'><strong>ut</strong></span> <span class='ocrx_word' id='word_1_64' title='bbox 1093 820 1376 873; x_wconf 82' lang='lat' dir='ltr'><strong>maculam</strong></span> <span class='ocrx_word' id='word_1_65' title='bbox 1435 817 1668 887; x_wconf 88' lang='lat' dir='ltr'><strong>deleret,</strong></span> <span class='ocrx_word' id='word_1_66' title='bbox 1711 832 1946 872; x_wconf 89' lang='lat' dir='ltr'><strong>necesse</strong></span> <span class='ocrx_word' id='word_1_67' title='bbox 1977 827 2094 871; x_wconf 84' lang='lat' dir='ltr'><strong>esse</strong></span> 
     </span>
    </p>
   </div>
   <div class='ocr_carea' id='block_1_12' title="bbox 2177 809 3816 887">
    <p class='ocr_par' dir='ltr' id='par_1_12' title="bbox 2209 809 3816 887">
     <span class='ocr_line' id='line_1_12' title="bbox 2209 809 3816 887; baseline -0.001 -17"><span class='ocrx_word' id='word_1_68' title='bbox 2209 815 2424 884; x_wconf 78' lang='grc' dir='ltr'>Ῥῶμος</span> <span class='ocrx_word' id='word_1_69' title='bbox 2479 813 2542 868; x_wconf 88' lang='grc' dir='ltr'>τὸ</span> <span class='ocrx_word' id='word_1_70' title='bbox 2617 812 2817 868; x_wconf 75' lang='grc' dir='ltr'>οἴκεῖον</span> <span class='ocrx_word' id='word_1_71' title='bbox 2905 809 3112 876; x_wconf 66' lang='grc' dir='ltr'>ὄνειδος</span> <span class='ocrx_word' id='word_1_72' title='bbox 3183 811 3454 886; x_wconf 81' lang='grc' dir='ltr'>ἐξαλεῖψαι</span> <span class='ocrx_word' id='word_1_73' title='bbox 3513 813 3816 887; x_wconf 87' lang='grc' dir='ltr'>βουλόμενος</span> 
     </span>
    </p>
   </div>
   <div class='ocr_carea' id='block_1_13' title="bbox 456 900 2095 978">
    <p class='ocr_par' dir='ltr' id='par_1_13' title="bbox 456 905 2095 976">
     <span class='ocr_line' id='line_1_13' title="bbox 456 905 2095 976; baseline -0.004 -11"><span class='ocrx_word' id='word_1_74' title='bbox 456 909 756 966; x_wconf 82' lang='lat' dir='ltr'><strong>afﬁrmans</strong></span> <span class='ocrx_word' id='word_1_75' title='bbox 787 912 1054 964; x_wconf 88' lang='lat' dir='ltr'><strong>senatum</strong></span> <span class='ocrx_word' id='word_1_76' title='bbox 1089 906 1214 962; x_wconf 88' lang='lat' dir='ltr'><strong>alia</strong></span> <span class='ocrx_word' id='word_1_77' title='bbox 1238 905 1570 976; x_wconf 81' lang='lat' dir='ltr'><strong>rege,veluti</strong></span> <span class='ocrx_word' id='word_1_78' title='bbox 1591 905 1809 962; x_wconf 86' lang='lat' dir='ltr'><strong>honore</strong></span> <span class='ocrx_word' id='word_1_79' title='bbox 1831 905 2095 976; x_wconf 88' lang='lat' dir='ltr'><strong>dignum,</strong></span> 
     </span>
    </p>
   </div>
   <div class='ocr_carea' id='block_1_14' title="bbox 2171 900 3810 978">
    <p class='ocr_par' dir='ltr' id='par_1_14' title="bbox 2209 900 3810 978">
     <span class='ocr_line' id='line_1_14' title="bbox 2209 900 3810 978; baseline -0.001 -21"><span class='ocrx_word' id='word_1_80' title='bbox 2209 901 2467 972; x_wconf 81' lang='grc' dir='ltr'>ἐπενόησε</span> <span class='ocrx_word' id='word_1_81' title='bbox 2525 901 2592 956; x_wconf 81' lang='grc' dir='ltr'><strong>τὰ</strong></span> <span class='ocrx_word' id='word_1_82' title='bbox 2657 901 3001 976; x_wconf 84' lang='grc' dir='ltr'>Βρουμάλια,</span> <span class='ocrx_word' id='word_1_83' title='bbox 3059 900 3293 976; x_wconf 77' lang='grc' dir='ltr'>εἰρηκὼς</span> <span class='ocrx_word' id='word_1_84' title='bbox 3359 901 3637 978; x_wconf 86' lang='grc' dir='ltr'>ἀναγκαῖον</span> <span class='ocrx_word' id='word_1_85' title='bbox 3695 903 3810 956; x_wconf 78' lang='grc' dir='ltr'>εἶναι</span> 
     </span>
    </p>
   </div>
   <div class='ocr_carea' id='block_1_15' title="bbox 453 987 2092 1068">
    <p class='ocr_par' dir='ltr' id='par_1_15' title="bbox 453 993 2092 1068">
     <span class='ocr_line' id='line_1_15' title="bbox 453 993 2092 1068; baseline -0.004 -14"><span class='ocrx_word' id='word_1_86' title='bbox 453 998 666 1054; x_wconf 84' lang='lat' dir='ltr'><strong>hiemis</strong></span> <span class='ocrx_word' id='word_1_87' title='bbox 695 1002 952 1068; x_wconf 88' lang='lat' dir='ltr'><strong>tempore</strong></span> <span class='ocrx_word' id='word_1_88' title='bbox 993 995 1243 1067; x_wconf 86' lang='lat' dir='ltr'><strong>bellique</strong></span> <span class='ocrx_word' id='word_1_89' title='bbox 1275 995 1550 1062; x_wconf 84' lang='lat' dir='ltr'><strong>induciis,</strong></span> <span class='ocrx_word' id='word_1_90' title='bbox 1575 993 1888 1050; x_wconf 80' lang='lat' dir='ltr'><strong>exercitum</strong></span> <span class='ocrx_word' id='word_1_91' title='bbox 1929 1011 1962 1048; x_wconf 87' lang='lat' dir='ltr'><strong>a</strong></span> <span class='ocrx_word' id='word_1_92' title='bbox 2005 1009 2092 1048; x_wconf 86' lang='lat' dir='ltr'><strong>se-</strong></span> 
     </span>
    </p>
   </div>
   <div class='ocr_carea' id='block_1_16' title="bbox 2181 987 3820 1068">
    <p class='ocr_par' dir='ltr' id='par_1_16' title="bbox 2206 987 3820 1068">
     <span class='ocr_line' id='line_1_16' title="bbox 2206 987 3820 1068; baseline 0 -23"><span class='ocrx_word' id='word_1_93' title='bbox 2206 993 2298 1046; x_wconf 89' lang='grc' dir='ltr'>τὸν</span> <span class='ocrx_word' id='word_1_94' title='bbox 2357 987 2588 1068; x_wconf 81' lang='grc' dir='ltr'>βασιλέα</span> <span class='ocrx_word' id='word_1_95' title='bbox 2635 991 2846 1068; x_wconf 77' lang='grc' dir='ltr'>τρέφειν</span> <span class='ocrx_word' id='word_1_96' title='bbox 2900 993 3000 1060; x_wconf 80' lang='grc' dir='ltr'><strong>τήν</strong></span> <span class='ocrx_word' id='word_1_97' title='bbox 3059 989 3263 1048; x_wconf 73' lang='grc' dir='ltr'>οἴκείαν</span> <span class='ocrx_word' id='word_1_98' title='bbox 3325 989 3622 1068; x_wconf 84' lang='grc' dir='ltr'>σύγκλητον</span> <span class='ocrx_word' id='word_1_99' title='bbox 3665 989 3712 1046; x_wconf 84' lang='grc' dir='ltr'><strong>έν</strong></span> <span class='ocrx_word' id='word_1_100' title='bbox 3753 995 3820 1062; x_wconf 82' lang='grc' dir='ltr'><strong>τῷ</strong></span> 
     </span>
    </p>
   </div>
   <div class='ocr_carea' id='block_1_17' title="bbox 453 1079 2092 1156">
    <p class='ocr_par' dir='ltr' id='par_1_17' title="bbox 453 1081 2092 1154">
     <span class='ocr_line' id='line_1_17' title="bbox 453 1081 2092 1154; baseline -0.004 -11"><span class='ocrx_word' id='word_1_101' title='bbox 453 1091 616 1144; x_wconf 86' lang='lat' dir='ltr'><strong>natu.</strong></span> <span class='ocrx_word' id='word_1_102' title='bbox 645 1083 912 1142; x_wconf 86' lang='lat' dir='ltr'><strong>Convivio</strong></span> <span class='ocrx_word' id='word_1_103' title='bbox 937 1101 1148 1141; x_wconf 86' lang='lat' dir='ltr'><strong>nomen</strong></span> <span class='ocrx_word' id='word_1_104' title='bbox 1183 1083 1538 1140; x_wconf 88' lang='lat' dir='ltr'><strong>Brumalium</strong></span> <span class='ocrx_word' id='word_1_105' title='bbox 1583 1083 1762 1150; x_wconf 85' lang='lat' dir='ltr'><strong>dedit,</strong></span> <span class='ocrx_word' id='word_1_106' title='bbox 1788 1083 1942 1154; x_wconf 90' lang='lat' dir='ltr'><strong>quod</strong></span> <span class='ocrx_word' id='word_1_107' title='bbox 1994 1081 2092 1136; x_wconf 83' lang='lat' dir='ltr'><strong>Ro-</strong></span> 
     </span>
    </p>
   </div>
   <div class='ocr_carea' id='block_1_18' title="bbox 2176 1079 3815 1156">
    <p class='ocr_par' dir='ltr' id='par_1_18' title="bbox 2205 1079 3815 1156">
     <span class='ocr_line' id='line_1_18' title="bbox 2205 1079 3815 1156; baseline -0.002 -20"><span class='ocrx_word' id='word_1_108' title='bbox 2205 1086 2380 1154; x_wconf 82' lang='grc' dir='ltr'>καιρῷ</span> <span class='ocrx_word' id='word_1_109' title='bbox 2415 1085 2513 1136; x_wconf 77' lang='grc' dir='ltr'><strong>τοῦ</strong></span> <span class='ocrx_word' id='word_1_110' title='bbox 2573 1085 2852 1156; x_wconf 83' lang='grc' dir='ltr'>χειμῶνος</span> <span class='ocrx_word' id='word_1_111' title='bbox 2907 1079 2980 1142; x_wconf 83' lang='grc' dir='ltr'>ὡς</span> <span class='ocrx_word' id='word_1_112' title='bbox 3047 1079 3316 1152; x_wconf 75' lang='grc' dir='ltr'>ἐντίμους,</span> <span class='ocrx_word' id='word_1_113' title='bbox 3377 1079 3501 1134; x_wconf 78' lang='grc' dir='ltr'>ὅταν</span> <span class='ocrx_word' id='word_1_114' title='bbox 3563 1079 3815 1154; x_wconf 82' lang='grc' dir='ltr'>ἠρεμῶσιν</span> 
     </span>
    </p>
   </div>
   <div class='ocr_carea' id='block_1_19' title="bbox 444 1167 2083 1249">
    <p class='ocr_par' dir='ltr' id='par_1_19' title="bbox 444 1172 2083 1249">
     <span class='ocr_line' id='line_1_19' title="bbox 444 1172 2083 1249; baseline -0.004 -16"><span class='ocrx_word' id='word_1_115' title='bbox 444 1193 614 1233; x_wconf 89' lang='lat' dir='ltr'><strong>mana</strong></span> <span class='ocrx_word' id='word_1_116' title='bbox 671 1176 873 1249; x_wconf 82' lang='lat' dir='ltr'><strong>lingua</strong></span> <span class='ocrx_word' id='word_1_117' title='bbox 929 1179 1102 1232; x_wconf 88' lang='lat' dir='ltr'><strong>sonat</strong></span> <span class='ocrx_word' id='word_1_118' title='bbox 1181 1173 1371 1232; x_wconf 87' lang='lat' dir='ltr'><strong>alieno</strong></span> <span class='ocrx_word' id='word_1_119' title='bbox 1446 1173 1600 1231; x_wconf 88' lang='lat' dir='ltr'><strong>victu</strong></span> <span class='ocrx_word' id='word_1_120' title='bbox 1685 1188 1814 1230; x_wconf 89' lang='lat' dir='ltr'><strong>esse</strong></span> <span class='ocrx_word' id='word_1_121' title='bbox 1897 1172 2083 1228; x_wconf 90' lang='lat' dir='ltr'><strong>educa-</strong></span> 
     </span>
    </p>
   </div>
   <div class='ocr_carea' id='block_1_20' title="bbox 2184 1167 3823 1249">
    <p class='ocr_par' dir='ltr' id='par_1_20' title="bbox 2205 1167 3823 1246">
     <span class='ocr_line' id='line_1_20' title="bbox 2205 1167 3823 1246; baseline -0.001 -21"><span class='ocrx_word' id='word_1_122' title='bbox 2205 1169 2264 1226; x_wconf 79' lang='grc' dir='ltr'>ἐκ</span> <span class='ocrx_word' id='word_1_123' title='bbox 2287 1177 2382 1226; x_wconf 80' lang='grc' dir='ltr'><strong>τοῦ</strong></span> <span class='ocrx_word' id='word_1_124' title='bbox 2412 1169 2684 1245; x_wconf 78' lang='grc' dir='ltr'>πολέμου,</span> <span class='ocrx_word' id='word_1_125' title='bbox 2713 1172 2812 1240; x_wconf 75' lang='grc' dir='ltr'>τήν</span> <span class='ocrx_word' id='word_1_126' title='bbox 2871 1167 2928 1224; x_wconf 76' lang='grc' dir='ltr'>δὲ</span> <span class='ocrx_word' id='word_1_127' title='bbox 2987 1167 3296 1244; x_wconf 84' lang='grc' dir='ltr'>σύγκλητον</span> <span class='ocrx_word' id='word_1_128' title='bbox 3333 1169 3499 1226; x_wconf 84' lang='grc' dir='ltr'>πάλιν</span> <span class='ocrx_word' id='word_1_129' title='bbox 3521 1168 3716 1246; x_wconf 71' lang='grc' dir='ltr'>τρέφειν</span> <span class='ocrx_word' id='word_1_130' title='bbox 3743 1169 3823 1224; x_wconf 85' lang='grc' dir='ltr'>τὸν</span> 
     </span>
    </p>
   </div>
   <div class='ocr_carea' id='block_1_21' title="bbox 448 1257 3821 1336">
    <p class='ocr_par' dir='ltr' id='par_1_21' title="bbox 448 1257 3821 1336">
     <span class='ocr_line' id='line_1_21' title="bbox 448 1257 3821 1336; baseline -0.002 -14"><span class='ocrx_word' id='word_1_131' title='bbox 448 1275 595 1324; x_wconf 91' lang='lat' dir='ltr'><strong>tum.</strong></span> <span class='ocrx_word' id='word_1_132' title='bbox 2204 1260 2450 1336; x_wconf 86' lang='grc' dir='ltr'>στρατόν.</span> <span class='ocrx_word' id='word_1_133' title='bbox 2528 1259 2786 1318; x_wconf 81' lang='grc' dir='ltr'>Έκάλεσε</span> <span class='ocrx_word' id='word_1_134' title='bbox 2853 1257 2911 1314; x_wconf 75' lang='grc' dir='ltr'>δὲ</span> <span class='ocrx_word' id='word_1_135' title='bbox 2975 1259 3036 1314; x_wconf 86' lang='grc' dir='ltr'><strong>νὸ</strong></span> <span class='ocrx_word' id='word_1_136' title='bbox 3101 1257 3276 1332; x_wconf 78' lang='grc' dir='ltr'>ὄνομα</span> <span class='ocrx_word' id='word_1_137' title='bbox 3338 1263 3438 1314; x_wconf 73' lang='grc' dir='ltr'>τοῖ’)</span> <span class='ocrx_word' id='word_1_138' title='bbox 3509 1257 3714 1334; x_wconf 80' lang='grc' dir='ltr'>ἀρίστου</span> <span class='ocrx_word' id='word_1_139' title='bbox 3775 1259 3821 1333; x_wconf 78' lang='grc' dir='ltr'><strong>ἐξ</strong></span> 
     </span>
    </p>
   </div>
   <div class='ocr_carea' id='block_1_22' title="bbox 443 1346 2392 1428">
    <p class='ocr_par' dir='ltr' id='par_1_22' title="bbox 443 1346 2392 1428">
     <span class='ocr_line' id='line_1_22' title="bbox 443 1346 2392 1428; baseline -0.003 -18"><span class='ocrx_word' id='word_1_140' title='bbox 443 1354 652 1410; x_wconf 82' lang='grc' dir='ltr'>ἐκείνου</span> <span class='ocrx_word' id='word_1_141' title='bbox 683 1351 1109 1428; x_wconf 79' lang='grc' dir='ltr'>Βρουμάλιουμ,</span> <span class='ocrx_word' id='word_1_142' title='bbox 1143 1354 1172 1407; x_wconf 80' lang='lat'><em>8</em></span> <span class='ocrx_word' id='word_1_143' title='bbox 1193 1349 1304 1408; x_wconf 73' lang='grc' dir='ltr'>ἔστι</span> <span class='ocrx_word' id='word_1_144' title='bbox 1335 1347 1634 1424; x_wconf 83' lang='grc' dir='ltr'>Ῥωμαϊστὶ</span> <span class='ocrx_word' id='word_1_145' title='bbox 1673 1349 1724 1420; x_wconf 79' lang='grc' dir='ltr'><strong>ἐξ</strong></span> <span class='ocrx_word' id='word_1_146' title='bbox 1755 1346 2070 1423; x_wconf 84' lang='grc' dir='ltr'>ἀλλοτρίων</span> <span class='ocrx_word' id='word_1_147' title='bbox 2103 1353 2392 1426; x_wconf 74' lang='grc' dir='ltr'>τραφῆναι.</span> 
     </span>
    </p>
   </div>
   <div class='ocr_carea' id='block_1_23' title="bbox 509 1437 2148 1514">
    <p class='ocr_par' dir='ltr' id='par_1_23' title="bbox 509 1440 2089 1502">
     <span class='ocr_line' id='line_1_23' title="bbox 509 1440 2089 1502; baseline -0.004 0"><span class='ocrx_word' id='word_1_148' title='bbox 509 1446 644 1502; x_wconf 86' lang='lat' dir='ltr'><strong>Post</strong></span> <span class='ocrx_word' id='word_1_149' title='bbox 673 1445 927 1500; x_wconf 84' lang='lat' dir='ltr'><strong>Romum</strong></span> <span class='ocrx_word' id='word_1_150' title='bbox 949 1459 1080 1500; x_wconf 83' lang='lat' dir='ltr'><strong>cum</strong></span> <span class='ocrx_word' id='word_1_151' title='bbox 1133 1444 1314 1500; x_wconf 84' lang='lat' dir='ltr'><strong>Roma</strong></span> <span class='ocrx_word' id='word_1_152' title='bbox 1351 1458 1386 1498; x_wconf 90' lang='lat' dir='ltr'><strong>a</strong></span> <span class='ocrx_word' id='word_1_153' title='bbox 1427 1440 1766 1498; x_wconf 80' lang='lat' dir='ltr'><strong>consulibus</strong></span> <span class='ocrx_word' id='word_1_154' title='bbox 1811 1445 1868 1496; x_wconf 89' lang='lat' dir='ltr'><strong>et</strong></span> <span class='ocrx_word' id='word_1_155' title='bbox 1905 1441 2089 1496; x_wconf 82' lang='lat' dir='ltr'><strong>diota-</strong></span> 
     </span>
    </p>
   </div>
   <div class='ocr_carea' id='block_1_24' title="bbox 2184 1437 3823 1514">
    <p class='ocr_par' dir='ltr' id='par_1_24' title="bbox 2271 1437 3823 1514">
     <span class='ocr_line' id='line_1_24' title="bbox 2271 1437 3823 1514; baseline -0.002 -19"><span class='ocrx_word' id='word_1_156' title='bbox 2271 1439 2419 1496; x_wconf 78' lang='grc' dir='ltr'>Μετὰ</span> <span class='ocrx_word' id='word_1_157' title='bbox 2447 1437 2504 1494; x_wconf 73' lang='grc' dir='ltr'>δὲ</span> <span class='ocrx_word' id='word_1_158' title='bbox 2557 1445 2766 1514; x_wconf 84' lang='grc' dir='ltr'>Ῥωμον</span> <span class='ocrx_word' id='word_1_159' title='bbox 2822 1439 2926 1494; x_wconf 84' lang='grc' dir='ltr'>ὑπὸ</span> <span class='ocrx_word' id='word_1_160' title='bbox 2985 1437 3201 1494; x_wconf 80' lang='grc' dir='ltr'>ὑπάτων</span> <span class='ocrx_word' id='word_1_161' title='bbox 3251 1438 3342 1492; x_wconf 82' lang='grc' dir='ltr'><strong>καὶ</strong></span> <span class='ocrx_word' id='word_1_162' title='bbox 3397 1442 3704 1514; x_wconf 78' lang='grc' dir='ltr'>στρατηγῶν</span> <span class='ocrx_word' id='word_1_163' title='bbox 3733 1443 3823 1507; x_wconf 82' lang='grc' dir='ltr'>τῆς</span> 
     </span>
    </p>
   </div>
   <div class='ocr_carea' id='block_1_25' title="bbox 441 1526 2080 1605">
    <p class='ocr_par' dir='ltr' id='par_1_25' title="bbox 441 1528 2080 1605">
     <span class='ocr_line' id='line_1_25' title="bbox 441 1528 2080 1605; baseline -0.003 -17"><span class='ocrx_word' id='word_1_164' title='bbox 441 1534 668 1590; x_wconf 89' lang='lat' dir='ltr'><strong>toribus</strong></span> <span class='ocrx_word' id='word_1_165' title='bbox 699 1537 1017 1605; x_wconf 87' lang='lat' dir='ltr'><strong>regeretur,</strong></span> <span class='ocrx_word' id='word_1_166' title='bbox 1049 1533 1200 1588; x_wconf 90' lang='lat' dir='ltr'><strong>inter</strong></span> <span class='ocrx_word' id='word_1_167' title='bbox 1223 1548 1323 1588; x_wconf 89' lang='lat' dir='ltr'><strong>eos</strong></span> <span class='ocrx_word' id='word_1_168' title='bbox 1347 1531 1599 1586; x_wconf 78' lang='lat' dir='ltr'><strong>Manlius</strong></span> <span class='ocrx_word' id='word_1_169' title='bbox 1631 1529 1940 1587; x_wconf 83' lang='lat' dir='ltr'><strong>Februario</strong></span> <span class='ocrx_word' id='word_1_170' title='bbox 1967 1528 2080 1584; x_wconf 90' lang='lat' dir='ltr'><strong>cui-</strong></span> 
     </span>
    </p>
   </div>
   <div class='ocr_carea' id='block_1_26' title="bbox 2188 1526 3827 1605">
    <p class='ocr_par' dir='ltr' id='par_1_26' title="bbox 2199 1526 3827 1602">
     <span class='ocr_line' id='line_1_26' title="bbox 2199 1526 3827 1602; baseline -0.002 -17"><span class='ocrx_word' id='word_1_171' title='bbox 2199 1530 2422 1602; x_wconf 81' lang='grc' dir='ltr'>Ῥώμης</span> <span class='ocrx_word' id='word_1_172' title='bbox 2455 1526 2859 1602; x_wconf 75' lang='grc' dir='ltr'>διοικουμένης,</span> <span class='ocrx_word' id='word_1_173' title='bbox 2917 1527 2963 1582; x_wconf 83' lang='grc' dir='ltr'>ὦ</span> <span class='ocrx_word' id='word_1_174' title='bbox 3019 1529 3100 1590; x_wconf 79' lang='grc' dir='ltr'>εἷς</span> <span class='ocrx_word' id='word_1_175' title='bbox 3158 1527 3224 1596; x_wconf 83' lang='grc' dir='ltr'>ἦν</span> <span class='ocrx_word' id='word_1_176' title='bbox 3277 1527 3368 1582; x_wconf 86' lang='grc' dir='ltr'><strong>καὶ</strong></span> <span class='ocrx_word' id='word_1_177' title='bbox 3407 1527 3641 1598; x_wconf 82' lang='grc' dir='ltr'>Μάλιος,</span> <span class='ocrx_word' id='word_1_178' title='bbox 3671 1528 3696 1582; x_wconf 78' lang='grc' dir='ltr'><strong>ὁ</strong></span> <span class='ocrx_word' id='word_1_179' title='bbox 3725 1533 3827 1582; x_wconf 75' lang='grc' dir='ltr'>Φε-</span> 
     </span>
    </p>
   </div>
   <div class='ocr_carea' id='block_1_27' title="bbox 445 1613 2084 1694">
    <p class='ocr_par' dir='ltr' id='par_1_27' title="bbox 445 1617 2084 1689">
     <span class='ocr_line' id='line_1_27' title="bbox 445 1617 2084 1689; baseline -0.004 -10"><span class='ocrx_word' id='word_1_180' title='bbox 445 1623 582 1678; x_wconf 88' lang='lat' dir='ltr'><strong>dam</strong></span> <span class='ocrx_word' id='word_1_181' title='bbox 613 1622 861 1679; x_wconf 84' lang='lat' dir='ltr'><strong>senatori</strong></span> <span class='ocrx_word' id='word_1_182' title='bbox 911 1619 1152 1689; x_wconf 86' lang='lat' dir='ltr'><strong>invisus,</strong></span> <span class='ocrx_word' id='word_1_183' title='bbox 1199 1619 1331 1678; x_wconf 89' lang='lat' dir='ltr'><strong>aliis</strong></span> <span class='ocrx_word' id='word_1_184' title='bbox 1379 1619 1742 1676; x_wconf 70' lang='lat' dir='ltr'><strong>senatoribus</strong></span> <span class='ocrx_word' id='word_1_185' title='bbox 1791 1617 1942 1674; x_wconf 85' lang='lat' dir='ltr'><strong>mala</strong></span> <span class='ocrx_word' id='word_1_186' title='bbox 1988 1617 2084 1673; x_wconf 89' lang='lat' dir='ltr'><strong>Fe-</strong></span> 
     </span>
    </p>
   </div>
   <div class='ocr_carea' id='block_1_28' title="bbox 2190 1613 3829 1694">
    <p class='ocr_par' dir='ltr' id='par_1_28' title="bbox 2203 1613 3829 1694">
     <span class='ocr_line' id='line_1_28' title="bbox 2203 1613 3829 1694; baseline -0.002 -22"><span class='ocrx_word' id='word_1_187' title='bbox 2203 1613 2493 1693; x_wconf 85' lang='grc' dir='ltr'>ϐρουάριος</span> <span class='ocrx_word' id='word_1_188' title='bbox 2545 1615 2910 1694; x_wconf 79' lang='grc' dir='ltr'><strong>συγκλητικὸς</strong></span> <span class='ocrx_word' id='word_1_189' title='bbox 2968 1613 3044 1670; x_wconf 80' lang='grc' dir='ltr'>ὢν</span> <span class='ocrx_word' id='word_1_190' title='bbox 3100 1615 3190 1672; x_wconf 78' lang='grc' dir='ltr'><strong>καὶ</strong></span> <span class='ocrx_word' id='word_1_191' title='bbox 3247 1619 3327 1688; x_wconf 80' lang='grc' dir='ltr'>τῷ</span> <span class='ocrx_word' id='word_1_192' title='bbox 3387 1614 3592 1689; x_wconf 86' lang='grc' dir='ltr'>Μαλίῳ</span> <span class='ocrx_word' id='word_1_193' title='bbox 3647 1617 3829 1694; x_wconf 72' lang='grc' dir='ltr'>φθονή-</span> 
     </span>
    </p>
   </div>
   <div class='ocr_carea' id='block_1_29' title="bbox 441 1667 2080 1782">
    <p class='ocr_par' dir='ltr' id='par_1_29' title="bbox 441 1711 2080 1782">
     <span class='ocr_line' id='line_1_29' title="bbox 441 1711 2080 1782; baseline -0.002 -12"><span class='ocrx_word' id='word_1_194' title='bbox 441 1713 658 1770; x_wconf 88' lang='lat' dir='ltr'><strong>bruarii</strong></span> <span class='ocrx_word' id='word_1_195' title='bbox 691 1715 892 1770; x_wconf 86' lang='lat' dir='ltr'><strong>fraude</strong></span> <span class='ocrx_word' id='word_1_196' title='bbox 948 1713 1218 1780; x_wconf 78' lang='lat' dir='ltr'><strong>seductis,</strong></span> <span class='ocrx_word' id='word_1_197' title='bbox 1278 1713 1504 1768; x_wconf 89' lang='lat' dir='ltr'><strong>civitate</strong></span> <span class='ocrx_word' id='word_1_198' title='bbox 1562 1711 1811 1782; x_wconf 91' lang='lat' dir='ltr'><strong>ejicitur.</strong></span> <span class='ocrx_word' id='word_1_199' title='bbox 1866 1711 2080 1766; x_wconf 81' lang='lat' dir='ltr'><strong>Interea</strong></span> 
     </span>
    </p>
   </div>
   <div class='ocr_carea' id='block_1_30' title="bbox 2196 1667 3835 1782">
    <p class='ocr_par' dir='ltr' id='par_1_30' title="bbox 2205 1667 3835 1782">
     <span class='ocr_line' id='line_1_30' title="bbox 2210 1667 3799 1694; baseline -0.001 -4"><span class='ocrx_word' id='word_1_200' title='bbox 2210 1667 2492 1693; x_wconf 80' lang='lat' dir='ltr'><strong>&#39;r&quot;&quot;l&#39;&quot;‘</strong></span> <span class='ocrx_word' id='word_1_201' title='bbox 2548 1667 2906 1694; x_wconf 63' lang='grc' dir='ltr'><strong>’⁷1⁷’”“Ἱ“⁷’⁷““</strong></span> <span class='ocrx_word' id='word_1_202' title='bbox 2974 1667 3035 1670; x_wconf 66' lang='lat'><strong>&quot;&#39;</strong></span> <span class='ocrx_word' id='word_1_203' title='bbox 3102 1667 3189 1672; x_wconf 73' lang='grc'><strong>”⁷““</strong></span> <span class='ocrx_word' id='word_1_204' title='bbox 3260 1667 3320 1688; x_wconf 72' lang='grc' dir='ltr'>’Τ</span> <span class='ocrx_word' id='word_1_205' title='bbox 3387 1667 3586 1689; x_wconf 72' lang='grc' dir='ltr'><strong><em>“”“’““““Τ</em></strong></span> <span class='ocrx_word' id='word_1_206' title='bbox 3654 1667 3799 1694; x_wconf 69' lang='grc' dir='ltr'>Ῐν“⁷Ί</span> 
     </span>
     <span class='ocr_line' id='line_1_31' title="bbox 2205 1704 3835 1782; baseline -0.002 -20"><span class='ocrx_word' id='word_1_207' title='bbox 2205 1729 2298 1771; x_wconf 81' lang='grc' dir='ltr'><strong>σας</strong></span> <span class='ocrx_word' id='word_1_208' title='bbox 2397 1707 2762 1782; x_wconf 76' lang='grc' dir='ltr'>παρεσκεύασε</span> <span class='ocrx_word' id='word_1_209' title='bbox 2833 1707 2960 1768; x_wconf 82' lang='grc' dir='ltr'>τοὺς</span> <span class='ocrx_word' id='word_1_210' title='bbox 3019 1704 3420 1781; x_wconf 70' lang='grc' dir='ltr'>συγκλητικοὺς</span> <span class='ocrx_word' id='word_1_211' title='bbox 3493 1709 3679 1762; x_wconf 75' lang='grc' dir='ltr'>τοῦτον</span> <span class='ocrx_word' id='word_1_212' title='bbox 3746 1711 3835 1774; x_wconf 80' lang='grc' dir='ltr'>τῆς</span> 
     </span>
    </p>
   </div>
   <div class='ocr_carea' id='block_1_31' title="bbox 442 1791 2081 1872">
    <p class='ocr_par' dir='ltr' id='par_1_31' title="bbox 442 1799 2081 1872">
     <span class='ocr_line' id='line_1_32' title="bbox 442 1799 2081 1872; baseline -0.004 -12"><span class='ocrx_word' id='word_1_213' title='bbox 442 1803 590 1860; x_wconf 89' lang='lat' dir='ltr'><strong>Galli</strong></span> <span class='ocrx_word' id='word_1_214' title='bbox 623 1805 716 1860; x_wconf 90' lang='lat' dir='ltr'><strong>die</strong></span> <span class='ocrx_word' id='word_1_215' title='bbox 747 1802 978 1860; x_wconf 86' lang='lat' dir='ltr'><strong>Sextilis</strong></span> <span class='ocrx_word' id='word_1_216' title='bbox 1009 1802 1224 1858; x_wconf 90' lang='lat' dir='ltr'><strong>mensis</strong></span> <span class='ocrx_word' id='word_1_217' title='bbox 1267 1801 1545 1872; x_wconf 85' lang='lat' dir='ltr'><strong>vigesimo</strong></span> <span class='ocrx_word' id='word_1_218' title='bbox 1567 1799 1780 1872; x_wconf 88' lang='lat' dir='ltr'><strong>impetu</strong></span> <span class='ocrx_word' id='word_1_219' title='bbox 1827 1799 1975 1854; x_wconf 84' lang='lat' dir='ltr'><strong>facto</strong></span> <span class='ocrx_word' id='word_1_220' title='bbox 2007 1814 2081 1854; x_wconf 25' lang='lat' dir='ltr'><strong>uri</strong></span> 
     </span>
    </p>
   </div>
   <div class='ocr_carea' id='block_1_32' title="bbox 2198 1791 3837 1872">
    <p class='ocr_par' dir='ltr' id='par_1_32' title="bbox 2203 1791 3837 1869">
     <span class='ocr_line' id='line_1_33' title="bbox 2203 1791 3837 1869; baseline -0.002 -19"><span class='ocrx_word' id='word_1_221' title='bbox 2203 1796 2421 1860; x_wconf 80' lang='grc' dir='ltr'>πόλεως</span> <span class='ocrx_word' id='word_1_222' title='bbox 2452 1795 2724 1868; x_wconf 82' lang='grc' dir='ltr'>ἐκδιῶξαι.</span> <span class='ocrx_word' id='word_1_223' title='bbox 2783 1797 2904 1852; x_wconf 82' lang='grc' dir='ltr'><strong>Τῶν</strong></span> <span class='ocrx_word' id='word_1_224' title='bbox 2964 1793 3055 1850; x_wconf 78' lang='grc' dir='ltr'><strong>οὖν</strong></span> <span class='ocrx_word' id='word_1_225' title='bbox 3115 1791 3344 1849; x_wconf 79' lang='grc' dir='ltr'>Γάλλων</span> <span class='ocrx_word' id='word_1_226' title='bbox 3406 1799 3477 1869; x_wconf 79' lang='grc' dir='ltr'><strong>τῇ</strong></span> <span class='ocrx_word' id='word_1_227' title='bbox 3539 1793 3708 1850; x_wconf 75' lang='grc' dir='ltr'>εἷ’κάδι</span> <span class='ocrx_word' id='word_1_228' title='bbox 3751 1797 3837 1848; x_wconf 82' lang='grc' dir='ltr'><strong>τοῦ</strong></span> 
     </span>
    </p>
   </div>
   <div class='ocr_carea' id='block_1_33' title="bbox 443 1880 2082 1964">
    <p class='ocr_par' dir='ltr' id='par_1_33' title="bbox 443 1888 2082 1964">
     <span class='ocr_line' id='line_1_34' title="bbox 443 1888 2082 1964; baseline -0.004 -14"><span class='ocrx_word' id='word_1_229' title='bbox 443 1894 574 1950; x_wconf 73' lang='lat' dir='ltr'><strong>bern</strong></span> <span class='ocrx_word' id='word_1_230' title='bbox 605 1901 886 1964; x_wconf 91' lang='lat' dir='ltr'><strong>occupant</strong></span> <span class='ocrx_word' id='word_1_231' title='bbox 916 1899 968 1948; x_wconf 92' lang='lat' dir='ltr'><strong>et</strong></span> <span class='ocrx_word' id='word_1_232' title='bbox 1013 1892 1268 1948; x_wconf 73' lang='lat' dir='ltr'><strong>caedibus</strong></span> <span class='ocrx_word' id='word_1_233' title='bbox 1313 1891 1508 1946; x_wconf 89' lang='lat' dir='ltr'><strong>omnia</strong></span> <span class='ocrx_word' id='word_1_234' title='bbox 1554 1888 1868 1960; x_wconf 87' lang='lat' dir='ltr'><strong>complent.</strong></span> <span class='ocrx_word' id='word_1_235' title='bbox 1916 1889 2082 1944; x_wconf 87' lang='lat' dir='ltr'><strong>Sena-</strong></span> 
     </span>
    </p>
   </div>
   <div class='ocr_carea' id='block_1_34' title="bbox 2204 1880 3843 1964">
    <p class='ocr_par' dir='ltr' id='par_1_34' title="bbox 2206 1880 3843 1958">
     <span class='ocr_line' id='line_1_35' title="bbox 2206 1880 3843 1958; baseline -0.003 -18"><span class='ocrx_word' id='word_1_236' title='bbox 2206 1885 2486 1956; x_wconf 79' lang='grc' dir='ltr'>Σεξτιλίου</span> <span class='ocrx_word' id='word_1_237' title='bbox 2549 1887 2716 1958; x_wconf 88' lang='grc' dir='ltr'>μηνός</span> <span class='ocrx_word' id='word_1_238' title='bbox 2771 1883 2960 1946; x_wconf 85' lang='grc' dir='ltr'>νυκτὸς</span> <span class='ocrx_word' id='word_1_239' title='bbox 3015 1881 3354 1947; x_wconf 65' lang='grc' dir='ltr'>ἐπελθόντων</span> <span class='ocrx_word' id='word_1_240' title='bbox 3415 1884 3510 1939; x_wconf 83' lang='grc' dir='ltr'><strong>καὶ</strong></span> <span class='ocrx_word' id='word_1_241' title='bbox 3555 1887 3652 1952; x_wconf 76' lang='grc' dir='ltr'>τὴν</span> <span class='ocrx_word' id='word_1_242' title='bbox 3691 1880 3843 1937; x_wconf 82' lang='grc' dir='ltr'>πόλιν</span> 
     </span>
    </p>
   </div>
   <div class='ocr_carea' id='block_1_35' title="bbox 441 1970 2080 2052">
    <p class='ocr_par' dir='ltr' id='par_1_35' title="bbox 441 1975 2080 2052">
     <span class='ocr_line' id='line_1_36' title="bbox 441 1975 2080 2052; baseline -0.004 -16"><span class='ocrx_word' id='word_1_243' title='bbox 441 1985 614 2049; x_wconf 89' lang='lat' dir='ltr'><strong>tores,</strong></span> <span class='ocrx_word' id='word_1_244' title='bbox 647 1981 746 2050; x_wconf 92' lang='lat' dir='ltr'><strong>qui</strong></span> <span class='ocrx_word' id='word_1_245' title='bbox 779 1981 968 2052; x_wconf 89' lang='lat' dir='ltr'><strong>fugam</strong></span> <span class='ocrx_word' id='word_1_246' title='bbox 1001 1981 1388 2050; x_wconf 88' lang='lat' dir='ltr'><strong>arripuerant,</strong></span> <span class='ocrx_word' id='word_1_247' title='bbox 1431 1993 1632 2052; x_wconf 81' lang='lat' dir='ltr'><strong>rursus</strong></span> <span class='ocrx_word' id='word_1_248' title='bbox 1681 1975 1958 2031; x_wconf 90' lang='lat' dir='ltr'><strong>Manlium</strong></span> <span class='ocrx_word' id='word_1_249' title='bbox 1991 1975 2080 2030; x_wconf 33' lang='lat' dir='ltr'><strong>adi</strong></span> 
     </span>
    </p>
   </div>
   <div class='ocr_carea' id='block_1_36' title="bbox 2210 1970 3849 2052">
    <p class='ocr_par' dir='ltr' id='par_1_36' title="bbox 2210 1970 3849 2050">
     <span class='ocr_line' id='line_1_37' title="bbox 2210 1970 3849 2050; baseline -0.004 -20"><span class='ocrx_word' id='word_1_250' title='bbox 2210 1970 2630 2050; x_wconf 85' lang='grc' dir='ltr'>παραλαϐόντων</span> <span class='ocrx_word' id='word_1_251' title='bbox 2684 1973 2774 2030; x_wconf 81' lang='grc' dir='ltr'><strong>καὶ</strong></span> <span class='ocrx_word' id='word_1_252' title='bbox 2832 1971 3006 2028; x_wconf 85' lang='grc' dir='ltr'>πολὺν</span> <span class='ocrx_word' id='word_1_253' title='bbox 3083 1973 3247 2050; x_wconf 82' lang='grc' dir='ltr'>φόνον</span> <span class='ocrx_word' id='word_1_254' title='bbox 3323 1971 3733 2048; x_wconf 71' lang='grc' dir='ltr'>ἐργασαμένων,</span> <span class='ocrx_word' id='word_1_255' title='bbox 3801 1971 3849 2025; x_wconf 78' lang='grc' dir='ltr'>οἱ</span> 
     </span>
    </p>
   </div>
   <div class='ocr_carea' id='block_1_37' title="bbox 443 2061 2082 2139">
    <p class='ocr_par' dir='ltr' id='par_1_37' title="bbox 443 2063 2082 2136">
     <span class='ocr_line' id='line_1_38' title="bbox 443 2063 2082 2136; baseline -0.002 -12"><span class='ocrx_word' id='word_1_256' title='bbox 443 2069 928 2126; x_wconf 81' lang='lat' dir='ltr'><strong>vocant.Manlius</strong></span> <span class='ocrx_word' id='word_1_257' title='bbox 950 2077 1148 2125; x_wconf 87' lang='lat' dir='ltr'><strong>coacta</strong></span> <span class='ocrx_word' id='word_1_258' title='bbox 1174 2082 1350 2122; x_wconf 87' lang='lat' dir='ltr'><strong>manu</strong></span> <span class='ocrx_word' id='word_1_259' title='bbox 1375 2065 1573 2122; x_wconf 86' lang='lat' dir='ltr'><strong>Gallos</strong></span> <span class='ocrx_word' id='word_1_260' title='bbox 1593 2065 1776 2121; x_wconf 89' lang='lat' dir='ltr'><strong>armis</strong></span> <span class='ocrx_word' id='word_1_261' title='bbox 1797 2063 2082 2136; x_wconf 89' lang='lat' dir='ltr'><strong>opprimit.</strong></span> 
     </span>
    </p>
   </div>
   <div class='ocr_carea' id='block_1_38' title="bbox 2216 2061 3855 2139">
    <p class='ocr_par' dir='ltr' id='par_1_38' title="bbox 2216 2061 3855 2139">
     <span class='ocr_line' id='line_1_39' title="bbox 2216 2061 3855 2139; baseline -0.002 -21"><span class='ocrx_word' id='word_1_262' title='bbox 2216 2063 2560 2138; x_wconf 75' lang='grc' dir='ltr'>τυγκλητικοί</span> <span class='ocrx_word' id='word_1_263' title='bbox 2613 2063 2865 2139; x_wconf 80' lang='grc' dir='ltr'>φυγόντες</span> <span class='ocrx_word' id='word_1_264' title='bbox 2941 2061 3032 2118; x_wconf 77' lang='grc' dir='ltr'><strong>τὺν</strong></span> <span class='ocrx_word' id='word_1_265' title='bbox 3115 2061 3329 2120; x_wconf 90' lang='grc' dir='ltr'>Μάλιον</span> <span class='ocrx_word' id='word_1_266' title='bbox 3394 2061 3567 2118; x_wconf 88' lang='grc' dir='ltr'>πάλιν</span> <span class='ocrx_word' id='word_1_267' title='bbox 3625 2081 3855 2136; x_wconf 83' lang='grc' dir='ltr'>προσκα-</span> 
     </span>
    </p>
   </div>
   <div class='ocr_carea' id='block_1_39' title="bbox 441 2149 2080 2230">
    <p class='ocr_par' dir='ltr' id='par_1_39' title="bbox 441 2155 2080 2230">
     <span class='ocr_line' id='line_1_40' title="bbox 441 2155 2080 2230; baseline -0.004 -16"><span class='ocrx_word' id='word_1_268' title='bbox 441 2159 806 2230; x_wconf 90' lang='lat' dir='ltr'><strong>trucidatque</strong></span> <span class='ocrx_word' id='word_1_269' title='bbox 826 2174 1052 2223; x_wconf 88' lang='lat' dir='ltr'><strong>omnes,</strong></span> <span class='ocrx_word' id='word_1_270' title='bbox 1087 2162 1144 2214; x_wconf 90' lang='lat' dir='ltr'><strong>et</strong></span> <span class='ocrx_word' id='word_1_271' title='bbox 1193 2158 1370 2212; x_wconf 78' lang='lat' dir='ltr'><strong>Roma</strong></span> <span class='ocrx_word' id='word_1_272' title='bbox 1421 2163 1646 2225; x_wconf 89' lang='lat' dir='ltr'><strong>recepta</strong></span> <span class='ocrx_word' id='word_1_273' title='bbox 1695 2155 1934 2222; x_wconf 85' lang='lat' dir='ltr'><strong>mensis,</strong></span> <span class='ocrx_word' id='word_1_274' title='bbox 1977 2169 2080 2224; x_wconf 87' lang='lat' dir='ltr'><strong>quc</strong></span> 
     </span>
    </p>
   </div>
   <div class='ocr_carea' id='block_1_40' title="bbox 2222 2149 3861 2230">
    <p class='ocr_par' dir='ltr' id='par_1_40' title="bbox 2222 2149 3861 2228">
     <span class='ocr_line' id='line_1_41' title="bbox 2222 2149 3861 2228; baseline -0.003 -20"><span class='ocrx_word' id='word_1_275' title='bbox 2222 2158 2450 2223; x_wconf 66' lang='grc' dir='ltr'>ιοῦνται,</span> <span class='ocrx_word' id='word_1_276' title='bbox 2485 2155 2542 2216; x_wconf 82' lang='grc' dir='ltr'><strong>δς</strong></span> <span class='ocrx_word' id='word_1_277' title='bbox 2579 2153 2712 2226; x_wconf 83' lang='grc' dir='ltr'>μετὰ</span> <span class='ocrx_word' id='word_1_278' title='bbox 2743 2155 2973 2228; x_wconf 80' lang='grc' dir='ltr'>στρατοῦ</span> <span class='ocrx_word' id='word_1_279' title='bbox 3025 2151 3268 2216; x_wconf 80' lang='grc' dir='ltr'>ἐπελθὼν</span> <span class='ocrx_word' id='word_1_280' title='bbox 3313 2153 3411 2208; x_wconf 86' lang='grc' dir='ltr'><strong>καὶ</strong></span> <span class='ocrx_word' id='word_1_281' title='bbox 3455 2154 3588 2216; x_wconf 80' lang='grc' dir='ltr'>τοὺς</span> <span class='ocrx_word' id='word_1_282' title='bbox 3623 2149 3861 2210; x_wconf 79' lang='grc' dir='ltr'>Γάλλους</span> 
     </span>
    </p>
   </div>
   <div class='ocr_carea' id='block_1_41' title="bbox 435 2237 2074 2318">
    <p class='ocr_par' dir='ltr' id='par_1_41' title="bbox 435 2242 2074 2318">
     <span class='ocr_line' id='line_1_42' title="bbox 435 2242 2074 2318; baseline -0.005 -13"><span class='ocrx_word' id='word_1_283' title='bbox 435 2249 556 2306; x_wconf 69' lang='lat' dir='ltr'><strong>hinc</strong></span> <span class='ocrx_word' id='word_1_284' title='bbox 587 2253 714 2305; x_wconf 87' lang='lat' dir='ltr'><strong>acta</strong></span> <span class='ocrx_word' id='word_1_285' title='bbox 744 2253 902 2318; x_wconf 85' lang='lat' dir='ltr'><strong>sunt,</strong></span> <span class='ocrx_word' id='word_1_286' title='bbox 935 2256 1210 2318; x_wconf 88' lang='lat' dir='ltr'><strong>tanquam</strong></span> <span class='ocrx_word' id='word_1_287' title='bbox 1265 2247 1364 2318; x_wconf 89' lang='lat' dir='ltr'><strong>qui</strong></span> <span class='ocrx_word' id='word_1_288' title='bbox 1413 2245 1604 2302; x_wconf 57' lang='lat' dir='ltr'><strong>Romae</strong></span> <span class='ocrx_word' id='word_1_289' title='bbox 1657 2247 1890 2315; x_wconf 88' lang='lat' dir='ltr'><strong>pr0pter</strong></span> <span class='ocrx_word' id='word_1_290' title='bbox 1931 2242 2074 2298; x_wconf 66' lang='lat' dir='ltr'><strong>illius</strong></span> 
     </span>
    </p>
   </div>
   <div class='ocr_carea' id='block_1_42' title="bbox 2221 2237 3860 2318">
    <p class='ocr_par' dir='ltr' id='par_1_42' title="bbox 2221 2237 3860 2317">
     <span class='ocr_line' id='line_1_43' title="bbox 2221 2237 3860 2317; baseline -0.002 -19"><span class='ocrx_word' id='word_1_291' title='bbox 2221 2238 2535 2317; x_wconf 83' lang='grc' dir='ltr'>ταραλαϐὼν</span> <span class='ocrx_word' id='word_1_292' title='bbox 2613 2241 2817 2305; x_wconf 79' lang='grc' dir='ltr'>πάντας</span> <span class='ocrx_word' id='word_1_293' title='bbox 2907 2239 3107 2310; x_wconf 82' lang='grc' dir='ltr'>ἀνεῖλε,</span> <span class='ocrx_word' id='word_1_294' title='bbox 3192 2241 3284 2295; x_wconf 84' lang='grc' dir='ltr'><strong>καὶ</strong></span> <span class='ocrx_word' id='word_1_295' title='bbox 3351 2245 3642 2317; x_wconf 75' lang='grc' dir='ltr'>κρατήσας</span> <span class='ocrx_word' id='word_1_296' title='bbox 3717 2237 3860 2304; x_wconf 78' lang='grc' dir='ltr'>αὖθις</span> 
     </span>
    </p>
   </div>
   <div class='ocr_carea' id='block_1_43' title="bbox 434 2325 2073 2410">
    <p class='ocr_par' dir='ltr' id='par_1_43' title="bbox 434 2335 2073 2410">
     <span class='ocr_line' id='line_1_44' title="bbox 434 2335 2073 2410; baseline -0.004 -16"><span class='ocrx_word' id='word_1_297' title='bbox 434 2338 826 2410; x_wconf 86' lang='lat' dir='ltr'><strong>captivitatem</strong></span> <span class='ocrx_word' id='word_1_298' title='bbox 887 2337 1176 2393; x_wconf 85' lang='lat' dir='ltr'><strong>infaustus</strong></span> <span class='ocrx_word' id='word_1_299' title='bbox 1235 2336 1438 2401; x_wconf 81' lang='lat' dir='ltr'><strong>fuerat,</strong></span> <span class='ocrx_word' id='word_1_300' title='bbox 1497 2335 1618 2391; x_wconf 89' lang='lat' dir='ltr'><strong>dies</strong></span> <span class='ocrx_word' id='word_1_301' title='bbox 1666 2335 1994 2400; x_wconf 87' lang='lat' dir='ltr'><strong>detruncat,</strong></span> <span class='ocrx_word' id='word_1_302' title='bbox 2036 2349 2073 2387; x_wconf 82' lang='grc' dir='ltr'>ε·</span> 
     </span>
    </p>
   </div>
   <div class='ocr_carea' id='block_1_44' title="bbox 2224 2325 3863 2410">
    <p class='ocr_par' dir='ltr' id='par_1_44' title="bbox 2224 2325 3863 2404">
     <span class='ocr_line' id='line_1_45' title="bbox 2224 2325 3863 2404; baseline -0.002 -20"><span class='ocrx_word' id='word_1_303' title='bbox 2224 2339 2298 2401; x_wconf 74' lang='grc' dir='ltr'><strong>ῑῆς</strong></span> <span class='ocrx_word' id='word_1_304' title='bbox 2351 2332 2577 2403; x_wconf 84' lang='grc' dir='ltr'>Ῥώμης</span> <span class='ocrx_word' id='word_1_305' title='bbox 2637 2325 2950 2386; x_wconf 71' lang='grc' dir='ltr'>ἐκολόϐωσε</span> <span class='ocrx_word' id='word_1_306' title='bbox 3004 2329 3100 2392; x_wconf 74' lang='grc' dir='ltr'><strong>τὰς</strong></span> <span class='ocrx_word' id='word_1_307' title='bbox 3161 2329 3378 2404; x_wconf 79' lang='grc' dir='ltr'>ἡμέρας</span> <span class='ocrx_word' id='word_1_308' title='bbox 3431 2335 3536 2386; x_wconf 77' lang='grc' dir='ltr'><strong>τοῦ</strong></span> <span class='ocrx_word' id='word_1_309' title='bbox 3589 2327 3863 2402; x_wconf 78' lang='grc' dir='ltr'>Σεξτιλίου</span> 
     </span>
    </p>
   </div>
   <div class='ocr_carea' id='block_1_45' title="bbox 437 2415 2076 2498">
    <p class='ocr_par' dir='ltr' id='par_1_45' title="bbox 437 2421 2076 2498">
     <span class='ocr_line' id='line_1_46' title="bbox 437 2421 2076 2498; baseline -0.004 -15"><span class='ocrx_word' id='word_1_310' title='bbox 437 2428 812 2484; x_wconf 90' lang='lat' dir='ltr'><strong>Februarium</strong></span> <span class='ocrx_word' id='word_1_311' title='bbox 865 2427 1032 2482; x_wconf 85' lang='lat' dir='ltr'><strong>bonis</strong></span> <span class='ocrx_word' id='word_1_312' title='bbox 1081 2424 1391 2498; x_wconf 86' lang='lat' dir='ltr'><strong>publicatis</strong></span> <span class='ocrx_word' id='word_1_313' title='bbox 1444 2423 1684 2494; x_wconf 88' lang='lat' dir='ltr'><strong>turpiter</strong></span> <span class='ocrx_word' id='word_1_314' title='bbox 1731 2421 1804 2478; x_wconf 93' lang='lat' dir='ltr'><strong>ab</strong></span> <span class='ocrx_word' id='word_1_315' title='bbox 1855 2422 1996 2477; x_wconf 90' lang='lat' dir='ltr'><strong>urbe</strong></span> <span class='ocrx_word' id='word_1_316' title='bbox 2044 2423 2076 2476; x_wconf 73' lang='grc'>7</span> 
     </span>
    </p>
   </div>
   <div class='ocr_carea' id='block_1_46' title="bbox 2222 2415 3861 2498">
    <p class='ocr_par' dir='ltr' id='par_1_46' title="bbox 2222 2415 3861 2495">
     <span class='ocr_line' id='line_1_47' title="bbox 2222 2415 3861 2495; baseline -0.003 -20"><span class='ocrx_word' id='word_1_317' title='bbox 2222 2421 2377 2490; x_wconf 75' lang='grc' dir='ltr'>ιηνὸς</span> <span class='ocrx_word' id='word_1_318' title='bbox 2431 2420 2504 2482; x_wconf 85' lang='grc' dir='ltr'>ὠς</span> <span class='ocrx_word' id='word_1_319' title='bbox 2564 2417 2866 2494; x_wconf 81' lang='grc' dir='ltr'>δυστυχοῦς</span> <span class='ocrx_word' id='word_1_320' title='bbox 2931 2421 3002 2492; x_wconf 79' lang='grc' dir='ltr'><strong>τῇ</strong></span> <span class='ocrx_word' id='word_1_321' title='bbox 3051 2419 3242 2492; x_wconf 82' lang='grc' dir='ltr'>Ῥώμῃ</span> <span class='ocrx_word' id='word_1_322' title='bbox 3299 2422 3607 2495; x_wconf 70' lang='grc' dir='ltr'>γενομένου</span> <span class='ocrx_word' id='word_1_323' title='bbox 3668 2416 3754 2473; x_wconf 80' lang='grc' dir='ltr'>διὰ</span> <span class='ocrx_word' id='word_1_324' title='bbox 3806 2415 3861 2472; x_wconf 84' lang='grc' dir='ltr'>τὸ</span> 
     </span>
    </p>
   </div>
   <div class='ocr_carea' id='block_1_47' title="bbox 438 2503 2077 2587">
    <p class='ocr_par' dir='ltr' id='par_1_47' title="bbox 438 2511 2077 2587">
     <span class='ocr_line' id='line_1_48' title="bbox 438 2511 2077 2587; baseline -0.004 -15"><span class='ocrx_word' id='word_1_325' title='bbox 438 2517 688 2587; x_wconf 85' lang='lat' dir='ltr'><strong>ejectum</strong></span> <span class='ocrx_word' id='word_1_326' title='bbox 741 2515 1036 2578; x_wconf 86' lang='lat' dir='ltr'><strong>interﬁcit,</strong></span> <span class='ocrx_word' id='word_1_327' title='bbox 1091 2513 1478 2584; x_wconf 78' lang='lat' dir='ltr'><strong>Sextilemque</strong></span> <span class='ocrx_word' id='word_1_328' title='bbox 1529 2527 1788 2567; x_wconf 89' lang='lat' dir='ltr'><strong>mensem</strong></span> <span class='ocrx_word' id='word_1_329' title='bbox 1841 2511 2077 2567; x_wconf 83' lang='lat' dir='ltr'><strong>Februa-</strong></span> 
     </span>
    </p>
   </div>
   <div class='ocr_carea' id='block_1_48' title="bbox 2228 2503 3867 2587">
    <p class='ocr_par' dir='ltr' id='par_1_48' title="bbox 2231 2503 3867 2584">
     <span class='ocr_line' id='line_1_49' title="bbox 2231 2503 3867 2584; baseline -0.001 -20"><span class='ocrx_word' id='word_1_330' title='bbox 2231 2511 2296 2578; x_wconf 81' lang='grc' dir='ltr'><strong>ἠν</strong></span> <span class='ocrx_word' id='word_1_331' title='bbox 2352 2509 2664 2584; x_wconf 74' lang='grc' dir='ltr'>παράληψιν</span> <span class='ocrx_word' id='word_1_332' title='bbox 2741 2509 2906 2577; x_wconf 80' lang='grc' dir='ltr'>αὐτῆς</span> <span class='ocrx_word' id='word_1_333' title='bbox 2984 2509 3035 2562; x_wconf 77' lang='grc' dir='ltr'>ἐν</span> <span class='ocrx_word' id='word_1_334' title='bbox 3091 2507 3240 2577; x_wconf 84' lang='grc' dir='ltr'><strong>αὐτῷ</strong></span> <span class='ocrx_word' id='word_1_335' title='bbox 3305 2509 3589 2580; x_wconf 81' lang='grc' dir='ltr'>γενέσθαι.</span> <span class='ocrx_word' id='word_1_336' title='bbox 3651 2509 3756 2566; x_wconf 86' lang='grc' dir='ltr'><strong>Τὸν</strong></span> <span class='ocrx_word' id='word_1_337' title='bbox 3813 2503 3867 2562; x_wconf 61' lang='grc' dir='ltr'><strong>δέ</strong></span> 
     </span>
    </p>
   </div>
   <div class='ocr_carea' id='block_1_49' title="bbox 437 2593 2076 2678">
    <p class='ocr_par' dir='ltr' id='par_1_49' title="bbox 437 2603 1943 2678">
     <span class='ocr_line' id='line_1_50' title="bbox 437 2603 1943 2678; baseline -0.003 -16"><span class='ocrx_word' id='word_1_338' title='bbox 437 2607 586 2662; x_wconf 89' lang='lat' dir='ltr'><strong>rium</strong></span> <span class='ocrx_word' id='word_1_339' title='bbox 617 2611 893 2678; x_wconf 87' lang='lat' dir='ltr'><strong>tanquam</strong></span> <span class='ocrx_word' id='word_1_340' title='bbox 927 2621 995 2662; x_wconf 92' lang='lat' dir='ltr'><strong>eo</strong></span> <span class='ocrx_word' id='word_1_341' title='bbox 1023 2606 1250 2662; x_wconf 91' lang='lat' dir='ltr'><strong>nomine</strong></span> <span class='ocrx_word' id='word_1_342' title='bbox 1282 2605 1526 2674; x_wconf 88' lang='lat' dir='ltr'><strong>dignum</strong></span> <span class='ocrx_word' id='word_1_343' title='bbox 1555 2603 1943 2674; x_wconf 90' lang='lat' dir='ltr'><strong>cognominat.</strong></span> 
     </span>
    </p>
   </div>
   <div class='ocr_carea' id='block_1_50' title="bbox 2228 2593 3867 2678">
    <p class='ocr_par' dir='ltr' id='par_1_50' title="bbox 2228 2593 3867 2673">
     <span class='ocr_line' id='line_1_51' title="bbox 2228 2593 3867 2673; baseline -0.001 -21"><span class='ocrx_word' id='word_1_344' title='bbox 2228 2593 2570 2672; x_wconf 63' lang='lat' dir='ltr'><strong>beepoudptov</strong></span> <span class='ocrx_word' id='word_1_345' title='bbox 2631 2601 2739 2654; x_wconf 80' lang='grc' dir='ltr'>τῶν</span> <span class='ocrx_word' id='word_1_346' title='bbox 2805 2597 3168 2672; x_wconf 85' lang='grc' dir='ltr'>ὑπαρχόντων</span> <span class='ocrx_word' id='word_1_347' title='bbox 3234 2598 3545 2673; x_wconf 85' lang='grc' dir='ltr'>γυμνώσας</span> <span class='ocrx_word' id='word_1_348' title='bbox 3603 2597 3698 2652; x_wconf 86' lang='grc' dir='ltr'><strong>καὶ</strong></span> <span class='ocrx_word' id='word_1_349' title='bbox 3755 2595 3867 2650; x_wconf 86' lang='grc' dir='ltr'>ἀτί-</span> 
     </span>
    </p>
   </div>
   <div class='ocr_carea' id='block_1_51' title="bbox 439 2679 3874 2768">
    <p class='ocr_par' dir='ltr' id='par_1_51' title="bbox 439 2679 3874 2768">
     <span class='ocr_line' id='line_1_52' title="bbox 439 2679 3874 2768; baseline -0.003 -20"><span class='ocrx_word' id='word_1_350' title='bbox 439 2715 555 2768; x_wconf 86' lang='grc' dir='ltr'><strong>μως</strong></span> <span class='ocrx_word' id='word_1_351' title='bbox 634 2699 734 2764; x_wconf 77' lang='grc' dir='ltr'>τῆς</span> <span class='ocrx_word' id='word_1_352' title='bbox 806 2695 1022 2755; x_wconf 80' lang='grc' dir='ltr'>πόλεως</span> <span class='ocrx_word' id='word_1_353' title='bbox 1095 2686 1344 2747; x_wconf 84' lang='grc' dir='ltr'>ἐκϐαλὼν</span> <span class='ocrx_word' id='word_1_354' title='bbox 1420 2689 1620 2760; x_wconf 82' lang='grc' dir='ltr'>ἁνεῖλε,</span> <span class='ocrx_word' id='word_1_355' title='bbox 1707 2690 1940 2750; x_wconf 82' lang='grc' dir='ltr'>καλέσας</span> <span class='ocrx_word' id='word_1_356' title='bbox 2011 2687 2104 2744; x_wconf 86' lang='grc' dir='ltr'><strong>τὸν</strong></span> <span class='ocrx_word' id='word_1_357' title='bbox 2177 2685 2456 2760; x_wconf 82' lang='grc' dir='ltr'>Σεξτίλιον</span> <span class='ocrx_word' id='word_1_358' title='bbox 2535 2693 2676 2760; x_wconf 86' lang='grc' dir='ltr'>μῆνα</span> <span class='ocrx_word' id='word_1_359' title='bbox 2760 2679 3128 2760; x_wconf 82' lang='grc' dir='ltr'>Φεϐρουάριον</span> <span class='ocrx_word' id='word_1_360' title='bbox 3206 2686 3282 2750; x_wconf 81' lang='grc' dir='ltr'>ὡς</span> <span class='ocrx_word' id='word_1_361' title='bbox 3365 2685 3526 2758; x_wconf 81' lang='grc' dir='ltr'>ἄξιον</span> <span class='ocrx_word' id='word_1_362' title='bbox 3579 2691 3684 2743; x_wconf 76' lang='grc' dir='ltr'><strong>τοῦ</strong></span> <span class='ocrx_word' id='word_1_363' title='bbox 3745 2681 3874 2740; x_wconf 82' lang='grc' dir='ltr'>ὀνό-</span> 
     </span>
    </p>
   </div>
   <div class='ocr_carea' id='block_1_52' title="bbox 484 2805 630 2846">
    <p class='ocr_par' dir='ltr' id='par_1_52' title="bbox 484 2805 630 2846">
     <span class='ocr_line' id='line_1_53' title="bbox 484 2805 630 2846; baseline -0.014 -6"><span class='ocrx_word' id='word_1_364' title='bbox 484 2805 630 2846; x_wconf 87' lang='grc' dir='ltr'>ατος.</span> 
     </span>
    </p>
   </div>
   <div class='ocr_carea' id='block_1_53' title="bbox 442 2807 2081 2946">
    <p class='ocr_par' dir='ltr' id='par_1_53' title="bbox 442 2807 2081 2946">
     <span class='ocr_line' id='line_1_54' title="bbox 484 2807 630 2846; baseline -0.014 -6"><span class='ocrx_word' id='word_1_365' title='bbox 484 2807 630 2846; x_wconf 85' lang='grc' dir='ltr'>ατος.</span> 
     </span>
     <span class='ocr_line' id='line_1_55' title="bbox 442 2807 2081 2946; baseline -0.005 -14"><span class='ocrx_word' id='word_1_366' title='bbox 442 2807 640 2934; x_wconf 70' lang='grc' dir='ltr'><strong>μΡοει</strong></span> <span class='ocrx_word' id='word_1_367' title='bbox 695 2876 910 2932; x_wconf 86' lang='lat' dir='ltr'><strong>dictum</strong></span> <span class='ocrx_word' id='word_1_368' title='bbox 995 2878 1368 2931; x_wconf 85' lang='lat' dir='ltr'><strong>Artaxerxem</strong></span> <span class='ocrx_word' id='word_1_369' title='bbox 1439 2872 1786 2946; x_wconf 89' lang='lat' dir='ltr'><strong>principatui</strong></span> <span class='ocrx_word' id='word_1_370' title='bbox 1857 2869 2081 2944; x_wconf 58' lang='lat' dir='ltr'><strong>praefuit</strong></span> 
     </span>
    </p>
   </div>
   <div class='ocr_carea' id='block_1_54' title="bbox 2239 2807 3878 2946">
    <p class='ocr_par' dir='ltr' id='par_1_54' title="bbox 2267 2865 3878 2945">
     <span class='ocr_line' id='line_1_56' title="bbox 2267 2865 3878 2945; baseline -0.002 -21"><span class='ocrx_word' id='word_1_371' title='bbox 2267 2867 2416 2924; x_wconf 80' lang='grc' dir='ltr'>Μετὰ</span> <span class='ocrx_word' id='word_1_372' title='bbox 2473 2865 2530 2924; x_wconf 78' lang='grc' dir='ltr'>δὲ</span> <span class='ocrx_word' id='word_1_373' title='bbox 2587 2869 2678 2924; x_wconf 86' lang='grc' dir='ltr'>τὸν</span> <span class='ocrx_word' id='word_1_374' title='bbox 2750 2867 3041 2944; x_wconf 82' lang='grc' dir='ltr'>είρημένον</span> <span class='ocrx_word' id='word_1_375' title='bbox 3121 2867 3500 2945; x_wconf 73' lang='grc' dir='ltr'>Ἀρταξέρξην</span> <span class='ocrx_word' id='word_1_376' title='bbox 3562 2865 3878 2926; x_wconf 68' lang='grc' dir='ltr'>ἐϐασίλευσε</span> 
     </span>
    </p>
   </div>
   <div class='ocr_carea' id='block_1_55' title="bbox 433 2951 2072 3050">
    <p class='ocr_par' dir='ltr' id='par_1_55' title="bbox 433 2963 2072 3035">
     <span class='ocr_line' id='line_1_57' title="bbox 433 2963 2072 3035; baseline -0.003 -15"><span class='ocrx_word' id='word_1_377' title='bbox 433 2965 624 3022; x_wconf 86' lang='lat' dir='ltr'><strong>Chous</strong></span> <span class='ocrx_word' id='word_1_378' title='bbox 657 2964 835 3021; x_wconf 86' lang='lat' dir='ltr'><strong>ﬁlius.</strong></span> <span class='ocrx_word' id='word_1_379' title='bbox 869 2965 922 3020; x_wconf 87' lang='lat' dir='ltr'><strong>Is</strong></span> <span class='ocrx_word' id='word_1_380' title='bbox 953 2963 1298 3020; x_wconf 89' lang='lat' dir='ltr'><strong>debellatam</strong></span> <span class='ocrx_word' id='word_1_381' title='bbox 1331 2963 1660 3035; x_wconf 68' lang='lat' dir='ltr'><strong>Egyptum,</strong></span> <span class='ocrx_word' id='word_1_382' title='bbox 1707 2975 2072 3032; x_wconf 71' lang='lat' dir='ltr'><strong>eversamque</strong></span> 
     </span>
    </p>
   </div>
   <div class='ocr_carea' id='block_1_56' title="bbox 2236 2951 3875 3050">
    <p class='ocr_par' dir='ltr' id='par_1_56' title="bbox 2236 2951 3875 3034">
     <span class='ocr_line' id='line_1_58' title="bbox 2236 2951 3875 3034; baseline -0.001 -22"><span class='ocrx_word' id='word_1_383' title='bbox 2236 2957 2551 3019; x_wconf 66' lang='grc' dir='ltr'>ζῶοςὸυίὸς</span> <span class='ocrx_word' id='word_1_384' title='bbox 2599 2957 2788 3024; x_wconf 80' lang='grc' dir='ltr'>αὑτοῦ,</span> <span class='ocrx_word' id='word_1_385' title='bbox 2843 2957 2902 3019; x_wconf 78' lang='grc' dir='ltr'><strong>ὅς</strong></span> <span class='ocrx_word' id='word_1_386' title='bbox 2957 2957 3048 3012; x_wconf 85' lang='grc' dir='ltr'><strong>καὶ</strong></span> <span class='ocrx_word' id='word_1_387' title='bbox 3105 2957 3204 3025; x_wconf 80' lang='grc' dir='ltr'>τὴν</span> <span class='ocrx_word' id='word_1_388' title='bbox 3257 2955 3564 3034; x_wconf 63' lang='grc' dir='ltr'>Αἴγυπτον</span> <span class='ocrx_word' id='word_1_389' title='bbox 3599 2951 3875 3032; x_wconf 84' lang='grc' dir='ltr'>παρέλαϐε</span> 
     </span>
    </p>
   </div>
   <div class='ocr_carea' id='block_1_57' title="bbox 435 3043 2074 3124">
    <p class='ocr_par' dir='ltr' id='par_1_57' title="bbox 435 3051 2074 3123">
     <span class='ocr_line' id='line_1_59' title="bbox 435 3051 2074 3123; baseline -0.004 -13"><span class='ocrx_word' id='word_1_390' title='bbox 435 3055 496 3110; x_wconf 91' lang='lat' dir='ltr'><strong>in</strong></span> <span class='ocrx_word' id='word_1_391' title='bbox 528 3054 618 3110; x_wconf 85' lang='lat' dir='ltr'><strong>sui</strong></span> <span class='ocrx_word' id='word_1_392' title='bbox 653 3057 994 3122; x_wconf 87' lang='lat' dir='ltr'><strong>potestatem</strong></span> <span class='ocrx_word' id='word_1_393' title='bbox 1045 3053 1288 3123; x_wconf 85' lang='lat' dir='ltr'><strong>redegit,</strong></span> <span class='ocrx_word' id='word_1_394' title='bbox 1339 3051 1744 3106; x_wconf 87' lang='lat' dir='ltr'><strong>Necteuabone</strong></span> <span class='ocrx_word' id='word_1_395' title='bbox 1795 3057 1930 3104; x_wconf 89' lang='lat' dir='ltr'><strong>tunc</strong></span> <span class='ocrx_word' id='word_1_396' title='bbox 1981 3051 2074 3104; x_wconf 33' lang='lat' dir='ltr'><strong>imi</strong></span> 
     </span>
    </p>
   </div>
   <div class='ocr_carea' id='block_1_58' title="bbox 2240 3043 3879 3124">
    <p class='ocr_par' dir='ltr' id='par_1_58' title="bbox 2240 3043 3879 3124">
     <span class='ocr_line' id='line_1_60' title="bbox 2240 3043 3879 3124; baseline -0.001 -21"><span class='ocrx_word' id='word_1_397' title='bbox 2240 3049 2284 3103; x_wconf 78' lang='grc' dir='ltr'><strong>ιὶ</strong></span> <span class='ocrx_word' id='word_1_398' title='bbox 2317 3047 2586 3114; x_wconf 84' lang='grc' dir='ltr'>ἀπώλεσε,</span> <span class='ocrx_word' id='word_1_399' title='bbox 2647 3047 3028 3124; x_wconf 76' lang='grc' dir='ltr'>βασιλεύοντος</span> <span class='ocrx_word' id='word_1_400' title='bbox 3087 3049 3260 3118; x_wconf 85' lang='grc' dir='ltr'>αὐτῆς</span> <span class='ocrx_word' id='word_1_401' title='bbox 3319 3049 3456 3106; x_wconf 87' lang='grc' dir='ltr'>τότε</span> <span class='ocrx_word' id='word_1_402' title='bbox 3525 3043 3879 3117; x_wconf 74' lang='grc' dir='ltr'>Νεκτεναϐὼ,</span> 
     </span>
    </p>
   </div>
   <div class='ocr_carea' id='block_1_59' title="bbox 437 3135 2076 3218">
    <p class='ocr_par' dir='ltr' id='par_1_59' title="bbox 437 3135 2076 3212">
     <span class='ocr_line' id='line_1_61' title="bbox 437 3135 2076 3212; baseline -0.004 -14"><span class='ocrx_word' id='word_1_403' title='bbox 437 3147 694 3212; x_wconf 88' lang='lat' dir='ltr'><strong>perante,</strong></span> <span class='ocrx_word' id='word_1_404' title='bbox 727 3141 826 3212; x_wconf 90' lang='lat' dir='ltr'><strong>qui</strong></span> <span class='ocrx_word' id='word_1_405' title='bbox 859 3143 992 3211; x_wconf 90' lang='lat' dir='ltr'><strong>fuga</strong></span> <span class='ocrx_word' id='word_1_406' title='bbox 1024 3140 1136 3196; x_wconf 81' lang='lat' dir='ltr'><strong>sibi</strong></span> <span class='ocrx_word' id='word_1_407' title='bbox 1167 3139 1478 3207; x_wconf 70' lang='lat' dir='ltr'><strong>consuluit,</strong></span> <span class='ocrx_word' id='word_1_408' title='bbox 1510 3143 1568 3193; x_wconf 86' lang='lat' dir='ltr'><strong>et</strong></span> <span class='ocrx_word' id='word_1_409' title='bbox 1610 3138 1942 3210; x_wconf 71' lang='lat' dir='ltr'><strong>Egyptiaco</strong></span> <span class='ocrx_word' id='word_1_410' title='bbox 1973 3135 2076 3192; x_wconf 83' lang='lat' dir='ltr'><strong>ritu</strong></span> 
     </span>
    </p>
   </div>
   <div class='ocr_carea' id='block_1_60' title="bbox 2235 3135 3874 3218">
    <p class='ocr_par' dir='ltr' id='par_1_60' title="bbox 2235 3135 3874 3218">
     <span class='ocr_line' id='line_1_62' title="bbox 2235 3135 3874 3218; baseline -0.001 -26"><span class='ocrx_word' id='word_1_411' title='bbox 2235 3160 2250 3200; x_wconf 84' lang='lat'><strong>;</strong></span> <span class='ocrx_word' id='word_1_412' title='bbox 2302 3141 2488 3218; x_wconf 78' lang='grc' dir='ltr'>φυγὼν</span> <span class='ocrx_word' id='word_1_413' title='bbox 2541 3137 2632 3192; x_wconf 88' lang='grc' dir='ltr'><strong>καὶ</strong></span> <span class='ocrx_word' id='word_1_414' title='bbox 2689 3135 2778 3193; x_wconf 83' lang='grc' dir='ltr'><strong>διὰ</strong></span> <span class='ocrx_word' id='word_1_415' title='bbox 2835 3143 3140 3216; x_wconf 82' lang='grc' dir='ltr'>φαντασιῶν</span> <span class='ocrx_word' id='word_1_416' title='bbox 3213 3159 3387 3194; x_wconf 86' lang='grc' dir='ltr'>τινων</span> <span class='ocrx_word' id='word_1_417' title='bbox 3467 3141 3566 3196; x_wconf 83' lang='grc' dir='ltr'><strong>καὶ</strong></span> <span class='ocrx_word' id='word_1_418' title='bbox 3633 3141 3874 3214; x_wconf 85' lang='grc' dir='ltr'>μαγειῶν</span> 
     </span>
    </p>
   </div>
   <div class='ocr_carea' id='block_1_61' title="bbox 439 3225 2078 3306">
    <p class='ocr_par' dir='ltr' id='par_1_61' title="bbox 439 3225 2078 3299">
     <span class='ocr_line' id='line_1_63' title="bbox 439 3225 2078 3299; baseline -0.002 -15"><span class='ocrx_word' id='word_1_419' title='bbox 439 3229 594 3286; x_wconf 83' lang='lat' dir='ltr'><strong>ﬁctis</strong></span> <span class='ocrx_word' id='word_1_420' title='bbox 641 3229 986 3299; x_wconf 85' lang='lat' dir='ltr'><strong>imaginibus</strong></span> <span class='ocrx_word' id='word_1_421' title='bbox 1066 3233 1124 3284; x_wconf 90' lang='lat' dir='ltr'><strong>et</strong></span> <span class='ocrx_word' id='word_1_422' title='bbox 1183 3227 1426 3299; x_wconf 89' lang='lat' dir='ltr'><strong>magicis</strong></span> <span class='ocrx_word' id='word_1_423' title='bbox 1481 3227 1843 3298; x_wconf 89' lang='lat' dir='ltr'><strong>nugamentis</strong></span> <span class='ocrx_word' id='word_1_424' title='bbox 1897 3225 2078 3280; x_wconf 84' lang='lat' dir='ltr'><strong>futura</strong></span> 
     </span>
    </p>
   </div>
   <div class='ocr_carea' id='block_1_62' title="bbox 2238 3225 3877 3306">
    <p class='ocr_par' dir='ltr' id='par_1_62' title="bbox 2241 3226 3877 3306">
     <span class='ocr_line' id='line_1_64' title="bbox 2241 3226 3877 3306; baseline 0 -24"><span class='ocrx_word' id='word_1_425' title='bbox 2241 3231 2574 3305; x_wconf 81' lang='grc' dir='ltr'>ιγυπτιακῶν</span> <span class='ocrx_word' id='word_1_426' title='bbox 2647 3227 2937 3304; x_wconf 72' lang='grc' dir='ltr'>προλέγων</span> <span class='ocrx_word' id='word_1_427' title='bbox 3011 3227 3078 3282; x_wconf 73' lang='grc' dir='ltr'><strong>τὰ</strong></span> <span class='ocrx_word' id='word_1_428' title='bbox 3181 3226 3482 3301; x_wconf 85' lang='grc' dir='ltr'>μέλλοντα</span> <span class='ocrx_word' id='word_1_429' title='bbox 3589 3231 3877 3306; x_wconf 82' lang='grc' dir='ltr'>γνώριμος</span> 
     </span>
    </p>
   </div>
   <div class='ocr_carea' id='block_1_63' title="bbox 438 3312 2077 3394">
    <p class='ocr_par' dir='ltr' id='par_1_63' title="bbox 438 3314 2077 3389">
     <span class='ocr_line' id='line_1_65' title="bbox 438 3314 2077 3389; baseline -0.003 -16"><span class='ocrx_word' id='word_1_430' title='bbox 438 3318 810 3389; x_wconf 70' lang='lat' dir='ltr'><strong>praesagiens,</strong></span> <span class='ocrx_word' id='word_1_431' title='bbox 841 3315 1093 3388; x_wconf 87' lang='lat' dir='ltr'><strong>Philippi</strong></span> <span class='ocrx_word' id='word_1_432' title='bbox 1125 3323 1292 3386; x_wconf 86' lang='lat' dir='ltr'><strong>atque</strong></span> <span class='ocrx_word' id='word_1_433' title='bbox 1317 3315 1672 3388; x_wconf 83' lang='lat' dir='ltr'><strong>Olympiadis</strong></span> <span class='ocrx_word' id='word_1_434' title='bbox 1711 3314 1867 3370; x_wconf 81' lang='lat' dir='ltr'><strong>illius</strong></span> <span class='ocrx_word' id='word_1_435' title='bbox 1893 3314 2077 3369; x_wconf 84' lang='lat' dir='ltr'><strong>uxoris</strong></span> 
     </span>
    </p>
   </div>
   <div class='ocr_carea' id='block_1_64' title="bbox 2269 3312 3908 3394">
    <p class='ocr_par' dir='ltr' id='par_1_64' title="bbox 2269 3312 3908 3394">
     <span class='ocr_line' id='line_1_66' title="bbox 2269 3312 3908 3394; baseline -0.001 -22"><span class='ocrx_word' id='word_1_436' title='bbox 2269 3337 2392 3372; x_wconf 74' lang='grc' dir='ltr'>νεται</span> <span class='ocrx_word' id='word_1_437' title='bbox 2435 3315 2700 3390; x_wconf 81' lang='grc' dir='ltr'>Φιλίππῳ</span> <span class='ocrx_word' id='word_1_438' title='bbox 2749 3317 2838 3371; x_wconf 85' lang='grc' dir='ltr'>καὶ</span> <span class='ocrx_word' id='word_1_439' title='bbox 2886 3312 3223 3390; x_wconf 82' lang='grc' dir='ltr'>Ὀλυμπιάδι</span> <span class='ocrx_word' id='word_1_440' title='bbox 3279 3321 3356 3392; x_wconf 81' lang='grc' dir='ltr'><strong>τῇ</strong></span> <span class='ocrx_word' id='word_1_441' title='bbox 3417 3319 3656 3394; x_wconf 85' lang='grc' dir='ltr'>γυναικί</span> <span class='ocrx_word' id='word_1_442' title='bbox 3689 3319 3855 3372; x_wconf 76' lang='grc' dir='ltr'>αὑτοῦ</span> <span class='ocrx_word' id='word_1_443' title='bbox 3886 3371 3908 3394; x_wconf 76' lang='lat'>_</span> 
     </span>
    </p>
   </div>
   <div class='ocr_carea' id='block_1_65' title="bbox 434 3401 2073 3480">
    <p class='ocr_par' dir='ltr' id='par_1_65' title="bbox 434 3401 2073 3477">
     <span class='ocr_line' id='line_1_67' title="bbox 434 3401 2073 3477; baseline -0.002 -15"><span class='ocrx_word' id='word_1_444' title='bbox 434 3406 883 3462; x_wconf 81' lang='lat' dir='ltr'><strong>familiaritatem</strong></span> <span class='ocrx_word' id='word_1_445' title='bbox 943 3405 1056 3461; x_wconf 90' lang='lat' dir='ltr'><strong>sibi</strong></span> <span class='ocrx_word' id='word_1_446' title='bbox 1103 3409 1288 3477; x_wconf 90' lang='lat' dir='ltr'><strong>parat,</strong></span> <span class='ocrx_word' id='word_1_447' title='bbox 1341 3421 1410 3462; x_wconf 82' lang='lat' dir='ltr'><strong>ex</strong></span> <span class='ocrx_word' id='word_1_448' title='bbox 1467 3419 1648 3475; x_wconf 85' lang='lat' dir='ltr'><strong>eaque</strong></span> <span class='ocrx_word' id='word_1_449' title='bbox 1692 3401 2073 3460; x_wconf 82' lang='lat' dir='ltr'><strong>Alexandrum</strong></span> 
     </span>
    </p>
   </div>
   <div class='ocr_carea' id='block_1_66' title="bbox 2270 3401 3909 3480">
    <p class='ocr_par' dir='ltr' id='par_1_66' title="bbox 2271 3401 3909 3480">
     <span class='ocr_line' id='line_1_68' title="bbox 2271 3401 3909 3480; baseline 0 -20"><span class='ocrx_word' id='word_1_450' title='bbox 2271 3407 2338 3475; x_wconf 77' lang='grc' dir='ltr'><strong>ἧς</strong></span> <span class='ocrx_word' id='word_1_451' title='bbox 2369 3401 2516 3460; x_wconf 78' lang='grc' dir='ltr'>ἔτεκε</span> <span class='ocrx_word' id='word_1_452' title='bbox 2543 3405 2634 3460; x_wconf 83' lang='grc' dir='ltr'>τὸν</span> <span class='ocrx_word' id='word_1_453' title='bbox 2683 3401 3051 3480; x_wconf 81' lang='grc' dir='ltr'>Ἀλέξανδρον.</span> <span class='ocrx_word' id='word_1_454' title='bbox 3107 3405 3165 3459; x_wconf 82' lang='lat'><strong>&#39;0</strong></span> <span class='ocrx_word' id='word_1_455' title='bbox 3227 3401 3284 3459; x_wconf 76' lang='grc' dir='ltr'>δὲ</span> <span class='ocrx_word' id='word_1_456' title='bbox 3345 3405 3658 3470; x_wconf 78' lang='grc' dir='ltr'>Φίλιππος</span> <span class='ocrx_word' id='word_1_457' title='bbox 3693 3403 3909 3462; x_wconf 71' lang='grc' dir='ltr'>έϐασί-’</span> 
     </span>
    </p>
   </div>
   <div class='ocr_carea' id='block_1_67' title="bbox 433 3489 2072 3568">
    <p class='ocr_par' dir='ltr' id='par_1_67' title="bbox 433 3491 2072 3568">
     <span class='ocr_line' id='line_1_69' title="bbox 433 3491 2072 3568; baseline -0.003 -16"><span class='ocrx_word' id='word_1_458' title='bbox 433 3494 1027 3568; x_wconf 86' lang='lat' dir='ltr'><strong>procreat.Philippus</strong></span> <span class='ocrx_word' id='word_1_459' title='bbox 1051 3511 1240 3551; x_wconf 89' lang='lat' dir='ltr'><strong>annos</strong></span> <span class='ocrx_word' id='word_1_460' title='bbox 1263 3493 1472 3565; x_wconf 88' lang='lat' dir='ltr'><strong>viginti</strong></span> <span class='ocrx_word' id='word_1_461' title='bbox 1495 3493 1844 3548; x_wconf 66' lang='lat' dir='ltr'><strong>Macedoniae</strong></span> <span class='ocrx_word' id='word_1_462' title='bbox 1873 3491 2072 3562; x_wconf 86' lang='lat' dir='ltr'><strong>guber-</strong></span> 
     </span>
    </p>
   </div>
   <div class='ocr_carea' id='block_1_68' title="bbox 2250 3489 3889 3568">
    <p class='ocr_par' dir='ltr' id='par_1_68' title="bbox 2250 3489 3889 3567">
     <span class='ocr_line' id='line_1_70' title="bbox 2250 3489 3889 3567; baseline 0 -20"><span class='ocrx_word' id='word_1_463' title='bbox 2250 3516 2347 3550; x_wconf 86' lang='grc' dir='ltr'>,υσε</span> <span class='ocrx_word' id='word_1_464' title='bbox 2396 3501 2495 3564; x_wconf 85' lang='grc' dir='ltr'><strong>τῆς</strong></span> <span class='ocrx_word' id='word_1_465' title='bbox 2555 3491 2888 3558; x_wconf 72' lang='grc' dir='ltr'>Μακεδονίας</span> <span class='ocrx_word' id='word_1_466' title='bbox 2971 3489 3062 3564; x_wconf 82' lang='grc' dir='ltr'>ἔτη</span> <span class='ocrx_word' id='word_1_467' title='bbox 3133 3494 3202 3563; x_wconf 85' lang='grc' dir='ltr'><strong>κ’,</strong></span> <span class='ocrx_word' id='word_1_468' title='bbox 3261 3495 3324 3557; x_wconf 77' lang='grc' dir='ltr'><strong>ὅς</strong></span> <span class='ocrx_word' id='word_1_469' title='bbox 3393 3499 3508 3567; x_wconf 73' lang='grc' dir='ltr'>τὴν</span> <span class='ocrx_word' id='word_1_470' title='bbox 3581 3495 3889 3554; x_wconf 83' lang='grc' dir='ltr'>Θεσσαλίαν</span> 
     </span>
    </p>
   </div>
   <div class='ocr_carea' id='block_1_69' title="bbox 435 3579 2074 3656">
    <p class='ocr_par' dir='ltr' id='par_1_69' title="bbox 435 3581 2074 3656">
     <span class='ocr_line' id='line_1_71' title="bbox 435 3581 2074 3656; baseline -0.002 -15"><span class='ocrx_word' id='word_1_471' title='bbox 435 3585 645 3642; x_wconf 88' lang='lat' dir='ltr'><strong>nacula</strong></span> <span class='ocrx_word' id='word_1_472' title='bbox 665 3585 932 3656; x_wconf 85' lang='lat' dir='ltr'><strong>gessit,et</strong></span> <span class='ocrx_word' id='word_1_473' title='bbox 953 3583 1256 3640; x_wconf 88' lang='lat' dir='ltr'><strong>Thessalia</strong></span> <span class='ocrx_word' id='word_1_474' title='bbox 1277 3599 1557 3654; x_wconf 84' lang='lat' dir='ltr'><strong>oppressa</strong></span> <span class='ocrx_word' id='word_1_475' title='bbox 1593 3583 1796 3638; x_wconf 86' lang='lat' dir='ltr'><strong>urbem</strong></span> <span class='ocrx_word' id='word_1_476' title='bbox 1837 3581 2074 3638; x_wconf 87' lang='lat' dir='ltr'><strong>Thessa-</strong></span> 
     </span>
    </p>
   </div>
   <div class='ocr_carea' id='block_1_70' title="bbox 1852 3579 3491 3656">
    <p class='ocr_par' dir='ltr' id='par_1_70' title="bbox 1852 3579 3491 3655">
     <span class='ocr_line' id='line_1_72' title="bbox 1852 3579 3491 3655; baseline 0.002 -17"><span class='ocrx_word' id='word_1_477' title='bbox 1852 3581 2082 3638; x_wconf 81' lang='lat' dir='ltr'><strong>l‘hessa-</strong></span> <span class='ocrx_word' id='word_1_478' title='bbox 2193 3585 2455 3655; x_wconf 67' lang='grc' dir='ltr'>ὑποτάξας</span> <span class='ocrx_word' id='word_1_479' title='bbox 2484 3585 2584 3654; x_wconf 89' lang='grc' dir='ltr'><strong>τήν</strong></span> <span class='ocrx_word' id='word_1_480' title='bbox 2615 3581 3014 3654; x_wconf 84' lang='grc' dir='ltr'>Θεσσαλονίκην</span> <span class='ocrx_word' id='word_1_481' title='bbox 3046 3581 3209 3638; x_wconf 87' lang='grc' dir='ltr'>πόλιν</span> <span class='ocrx_word' id='word_1_482' title='bbox 3241 3579 3491 3642; x_wconf 77' lang='grc' dir='ltr'>ἔκτισεν.</span> 
     </span>
    </p>
   </div>
   <div class='ocr_carea' id='block_1_71' title="bbox 433 3675 1018 3731">
    <p class='ocr_par' dir='ltr' id='par_1_71' title="bbox 433 3675 1018 3731">
     <span class='ocr_line' id='line_1_73' title="bbox 433 3675 1018 3731; baseline -0.003 0"><span class='ocrx_word' id='word_1_483' title='bbox 433 3675 688 3731; x_wconf 90' lang='lat' dir='ltr'><strong>lonicam</strong></span> <span class='ocrx_word' id='word_1_484' title='bbox 719 3675 1018 3731; x_wconf 80' lang='lat' dir='ltr'><strong>exstruxit.</strong></span> 
     </span>
    </p>
   </div>
   <div class='ocr_carea' id='block_1_72' title="bbox 483 3752 2122 3836">
    <p class='ocr_par' dir='ltr' id='par_1_72' title="bbox 483 3758 2083 3836">
     <span class='ocr_line' id='line_1_74' title="bbox 483 3758 2083 3836; baseline -0.004 -16"><span class='ocrx_word' id='word_1_485' title='bbox 483 3763 750 3836; x_wconf 88' lang='lat' dir='ltr'><strong>Philippo</strong></span> <span class='ocrx_word' id='word_1_486' title='bbox 781 3764 840 3818; x_wconf 91' lang='lat' dir='ltr'><strong>in</strong></span> <span class='ocrx_word' id='word_1_487' title='bbox 889 3761 1238 3818; x_wconf 65' lang='lat' dir='ltr'><strong>Macedoniae</strong></span> <span class='ocrx_word' id='word_1_488' title='bbox 1287 3775 1468 3834; x_wconf 86' lang='lat' dir='ltr'><strong>regno</strong></span> <span class='ocrx_word' id='word_1_489' title='bbox 1514 3759 1797 3818; x_wconf 82' lang='lat' dir='ltr'><strong>successit</strong></span> <span class='ocrx_word' id='word_1_490' title='bbox 1841 3758 2083 3816; x_wconf 80' lang='lat' dir='ltr'><strong>Alexan-</strong></span> 
     </span>
    </p>
   </div>
   <div class='ocr_carea' id='block_1_73' title="bbox 2258 3752 3897 3836">
    <p class='ocr_par' dir='ltr' id='par_1_73' title="bbox 2263 3752 3897 3818">
     <span class='ocr_line' id='line_1_75' title="bbox 2263 3752 3897 3818; baseline -0.002 -1"><span class='ocrx_word' id='word_1_491' title='bbox 2263 3761 2412 3818; x_wconf 82' lang='grc' dir='ltr'><strong>Μετᾶ</strong></span> <span class='ocrx_word' id='word_1_492' title='bbox 2471 3757 2530 3814; x_wconf 78' lang='grc' dir='ltr'>δὲ</span> <span class='ocrx_word' id='word_1_493' title='bbox 2583 3757 2862 3814; x_wconf 83' lang='grc' dir='ltr'>Φίλιππον</span> <span class='ocrx_word' id='word_1_494' title='bbox 2921 3752 3237 3814; x_wconf 72' lang='grc' dir='ltr'>ἐϐασίλευσε</span> <span class='ocrx_word' id='word_1_495' title='bbox 3300 3759 3686 3818; x_wconf 82' lang='grc' dir='ltr'>Μακεδόνων</span> <span class='ocrx_word' id='word_1_496' title='bbox 3739 3756 3897 3817; x_wconf 76' lang='grc' dir='ltr'>Ἀλέ-</span> 
     </span>
    </p>
   </div>
   <div class='ocr_carea' id='block_1_74' title="bbox 435 3847 2074 3924">
    <p class='ocr_par' dir='ltr' id='par_1_74' title="bbox 435 3847 2074 3922">
     <span class='ocr_line' id='line_1_76' title="bbox 435 3847 2074 3922; baseline -0.003 -14"><span class='ocrx_word' id='word_1_497' title='bbox 435 3853 558 3922; x_wconf 88' lang='lat' dir='ltr'><strong>der,</strong></span> <span class='ocrx_word' id='word_1_498' title='bbox 593 3859 728 3908; x_wconf 89' lang='lat' dir='ltr'><strong>tunc</strong></span> <span class='ocrx_word' id='word_1_499' title='bbox 761 3869 891 3908; x_wconf 91' lang='lat' dir='ltr'><strong>cum</strong></span> <span class='ocrx_word' id='word_1_500' title='bbox 925 3851 1127 3908; x_wconf 90' lang='lat' dir='ltr'><strong>Darius</strong></span> <span class='ocrx_word' id='word_1_501' title='bbox 1183 3849 1410 3906; x_wconf 80' lang='lat' dir='ltr'><strong>Arsami</strong></span> <span class='ocrx_word' id='word_1_502' title='bbox 1467 3849 1622 3906; x_wconf 84' lang='lat' dir='ltr'><strong>filius</strong></span> <span class='ocrx_word' id='word_1_503' title='bbox 1680 3853 1811 3921; x_wconf 90' lang='lat' dir='ltr'><strong>post</strong></span> <span class='ocrx_word' id='word_1_504' title='bbox 1865 3847 2074 3906; x_wconf 87' lang='lat' dir='ltr'><strong>Choum</strong></span> 
     </span>
    </p>
   </div>
   <div class='ocr_carea' id='block_1_75' title="bbox 2250 3847 3889 3924">
    <p class='ocr_par' dir='ltr' id='par_1_75' title="bbox 2251 3847 3889 3924">
     <span class='ocr_line' id='line_1_77' title="bbox 2251 3847 3889 3924; baseline -0.003 -19"><span class='ocrx_word' id='word_1_505' title='bbox 2251 3847 2432 3924; x_wconf 80' lang='grc' dir='ltr'>νδρος,</span> <span class='ocrx_word' id='word_1_506' title='bbox 2488 3849 2578 3906; x_wconf 73' lang='grc' dir='ltr'><strong>ὅτε</strong></span> <span class='ocrx_word' id='word_1_507' title='bbox 2631 3847 2721 3903; x_wconf 81' lang='grc' dir='ltr'><strong>καὶ</strong></span> <span class='ocrx_word' id='word_1_508' title='bbox 2779 3851 3002 3923; x_wconf 84' lang='grc' dir='ltr'>Δαρεῖος</span> <span class='ocrx_word' id='word_1_509' title='bbox 3063 3847 3090 3902; x_wconf 88' lang='grc' dir='ltr'>ὁ</span> <span class='ocrx_word' id='word_1_510' title='bbox 3151 3847 3456 3922; x_wconf 79' lang='grc' dir='ltr'>Ἀρσάμου</span> <span class='ocrx_word' id='word_1_511' title='bbox 3525 3851 3676 3924; x_wconf 79' lang='grc' dir='ltr'>μετὰ</span> <span class='ocrx_word' id='word_1_512' title='bbox 3735 3851 3889 3907; x_wconf 80' lang='grc' dir='ltr'>Χῶον</span> 
     </span>
    </p>
   </div>
   <div class='ocr_carea' id='block_1_76' title="bbox 437 3935 2076 4014">
    <p class='ocr_par' dir='ltr' id='par_1_76' title="bbox 437 3938 2076 4013">
     <span class='ocr_line' id='line_1_78' title="bbox 437 3938 2076 4013; baseline -0.005 -17"><span class='ocrx_word' id='word_1_513' title='bbox 437 3943 736 4013; x_wconf 85' lang='lat' dir='ltr'><strong>occupatis</strong></span> <span class='ocrx_word' id='word_1_514' title='bbox 788 3939 1054 3996; x_wconf 86' lang='lat' dir='ltr'><strong>omnibus</strong></span> <span class='ocrx_word' id='word_1_515' title='bbox 1101 3938 1360 3996; x_wconf 89' lang='lat' dir='ltr'><strong>omnium</strong></span> <span class='ocrx_word' id='word_1_516' title='bbox 1414 3939 1688 3994; x_wconf 87' lang='lat' dir='ltr'><strong>dominus</strong></span> <span class='ocrx_word' id='word_1_517' title='bbox 1737 3939 1920 3994; x_wconf 84' lang='lat' dir='ltr'><strong>factus</strong></span> <span class='ocrx_word' id='word_1_518' title='bbox 1978 3941 2076 3993; x_wconf 89' lang='lat' dir='ltr'><strong>est.</strong></span> 
     </span>
    </p>
   </div>
   <div class='ocr_carea' id='block_1_77' title="bbox 2252 3935 3891 4014">
    <p class='ocr_par' dir='ltr' id='par_1_77' title="bbox 2252 3935 3891 4013">
     <span class='ocr_line' id='line_1_79' title="bbox 2252 3935 3891 4013; baseline -0.002 -20"><span class='ocrx_word' id='word_1_519' title='bbox 2252 3938 2495 3994; x_wconf 88' lang='grc' dir='ltr'>ισιλεύων</span> <span class='ocrx_word' id='word_1_520' title='bbox 2551 3939 2930 4012; x_wconf 79' lang='grc' dir='ltr'>κατεκυρίευσε</span> <span class='ocrx_word' id='word_1_521' title='bbox 2985 3935 3224 4009; x_wconf 87' lang='grc' dir='ltr'>πάντων,</span> <span class='ocrx_word' id='word_1_522' title='bbox 3285 3936 3349 3992; x_wconf 76' lang='grc' dir='ltr'><strong>δν</strong></span> <span class='ocrx_word' id='word_1_523' title='bbox 3423 3941 3455 3994; x_wconf 89' lang='grc' dir='ltr'>ὁ</span> <span class='ocrx_word' id='word_1_524' title='bbox 3511 3935 3891 4013; x_wconf 81' lang='grc' dir='ltr'>Ἀλέξανδρος</span> 
     </span>
    </p>
   </div>
   <div class='ocr_carea' id='block_1_78' title="bbox 431 4023 2070 4107">
    <p class='ocr_par' dir='ltr' id='par_1_78' title="bbox 431 4026 2070 4100">
     <span class='ocr_line' id='line_1_80' title="bbox 431 4026 2070 4100; baseline -0.003 -15"><span class='ocrx_word' id='word_1_525' title='bbox 431 4031 601 4085; x_wconf 88' lang='lat' dir='ltr'><strong>Dario</strong></span> <span class='ocrx_word' id='word_1_526' title='bbox 635 4029 936 4100; x_wconf 81' lang='lat' dir='ltr'><strong>proﬂigato</strong></span> <span class='ocrx_word' id='word_1_527' title='bbox 969 4029 1283 4085; x_wconf 82' lang='lat' dir='ltr'><strong>Alexander</strong></span> <span class='ocrx_word' id='word_1_528' title='bbox 1330 4027 1452 4096; x_wconf 89' lang='lat' dir='ltr'><strong>ejus</strong></span> <span class='ocrx_word' id='word_1_529' title='bbox 1509 4026 1816 4098; x_wconf 89' lang='lat' dir='ltr'><strong>imperium</strong></span> <span class='ocrx_word' id='word_1_530' title='bbox 1858 4026 2070 4080; x_wconf 90' lang='lat' dir='ltr'><strong>univer-</strong></span> 
     </span>
    </p>
   </div>
   <div class='ocr_carea' id='block_1_79' title="bbox 2259 4023 3898 4107">
    <p class='ocr_par' dir='ltr' id='par_1_79' title="bbox 2267 4023 3898 4104">
     <span class='ocr_line' id='line_1_81' title="bbox 2267 4023 3898 4104; baseline -0.002 -21"><span class='ocrx_word' id='word_1_531' title='bbox 2267 4029 2602 4104; x_wconf 80' lang='grc' dir='ltr'>ιρωσάμενος</span> <span class='ocrx_word' id='word_1_532' title='bbox 2651 4023 2926 4101; x_wconf 80' lang='grc' dir='ltr'>παρέλαϐε</span> <span class='ocrx_word' id='word_1_533' title='bbox 2972 4031 3144 4080; x_wconf 80' lang='grc' dir='ltr'>πᾶσαν</span> <span class='ocrx_word' id='word_1_534' title='bbox 3193 4026 3294 4093; x_wconf 81' lang='grc' dir='ltr'><strong>τήν</strong></span> <span class='ocrx_word' id='word_1_535' title='bbox 3355 4027 3678 4102; x_wconf 85' lang='grc' dir='ltr'>βασιλείαν</span> <span class='ocrx_word' id='word_1_536' title='bbox 3731 4027 3898 4083; x_wconf 71' lang='grc' dir='ltr'>αὐτοῦ</span> 
     </span>
    </p>
   </div>
   <div class='ocr_carea' id='block_1_80' title="bbox 432 4111 2071 4190">
    <p class='ocr_par' dir='ltr' id='par_1_80' title="bbox 432 4113 2071 4180">
     <span class='ocr_line' id='line_1_82' title="bbox 432 4113 2071 4180; baseline -0.003 -10"><span class='ocrx_word' id='word_1_537' title='bbox 432 4133 560 4170; x_wconf 88' lang='lat' dir='ltr'><strong>sum</strong></span> <span class='ocrx_word' id='word_1_538' title='bbox 595 4121 654 4170; x_wconf 91' lang='lat' dir='ltr'><strong>et</strong></span> <span class='ocrx_word' id='word_1_539' title='bbox 683 4115 1328 4180; x_wconf 86' lang='lat' dir='ltr'><strong>Persarum,Medorum</strong></span> <span class='ocrx_word' id='word_1_540' title='bbox 1379 4115 1518 4169; x_wconf 89' lang='lat' dir='ltr'><strong>item</strong></span> <span class='ocrx_word' id='word_1_541' title='bbox 1557 4119 1617 4168; x_wconf 88' lang='lat' dir='ltr'><strong>et</strong></span> <span class='ocrx_word' id='word_1_542' title='bbox 1647 4113 1996 4168; x_wconf 85' lang='lat' dir='ltr'><strong>Parthorum</strong></span> <span class='ocrx_word' id='word_1_543' title='bbox 2031 4118 2071 4167; x_wconf 80' lang='lat' dir='ltr'><strong>el</strong></span> 
     </span>
    </p>
   </div>
   <div class='ocr_carea' id='block_1_81' title="bbox 2260 4111 3899 4190">
    <p class='ocr_par' dir='ltr' id='par_1_81' title="bbox 2264 4111 3899 4190">
     <span class='ocr_line' id='line_1_83' title="bbox 2264 4111 3899 4190; baseline -0.004 -18"><span class='ocrx_word' id='word_1_544' title='bbox 2264 4117 2483 4172; x_wconf 84' lang='grc' dir='ltr'>ὶπᾶσαν</span> <span class='ocrx_word' id='word_1_545' title='bbox 2532 4119 2634 4186; x_wconf 82' lang='grc' dir='ltr'><strong>τήν</strong></span> <span class='ocrx_word' id='word_1_546' title='bbox 2683 4119 2898 4189; x_wconf 81' lang='grc' dir='ltr'>Περσῶν</span> <span class='ocrx_word' id='word_1_547' title='bbox 2958 4113 3049 4168; x_wconf 80' lang='grc' dir='ltr'><strong>καὶ</strong></span> <span class='ocrx_word' id='word_1_548' title='bbox 3098 4111 3307 4184; x_wconf 75' lang='grc' dir='ltr'>Μήδων</span> <span class='ocrx_word' id='word_1_549' title='bbox 3367 4117 3474 4170; x_wconf 83' lang='grc' dir='ltr'><strong>καὶ</strong></span> <span class='ocrx_word' id='word_1_550' title='bbox 3529 4121 3780 4190; x_wconf 71' lang='grc' dir='ltr'>Πάρθων</span> <span class='ocrx_word' id='word_1_551' title='bbox 3809 4113 3899 4170; x_wconf 87' lang='grc' dir='ltr'><strong>καὶ</strong></span> 
     </span>
    </p>
   </div>
   <div class='ocr_carea' id='block_1_82' title="bbox 431 4197 2070 4282">
    <p class='ocr_par' dir='ltr' id='par_1_82' title="bbox 431 4201 2070 4276">
     <span class='ocr_line' id='line_1_84' title="bbox 431 4201 2070 4276; baseline -0.002 -16"><span class='ocrx_word' id='word_1_552' title='bbox 431 4205 876 4274; x_wconf 86' lang='lat' dir='ltr'><strong>Babyloniorum</strong></span> <span class='ocrx_word' id='word_1_553' title='bbox 901 4205 1194 4276; x_wconf 84' lang='lat' dir='ltr'><strong>regionum</strong></span> <span class='ocrx_word' id='word_1_554' title='bbox 1221 4214 1272 4260; x_wconf 85' lang='lat' dir='ltr'><strong>et</strong></span> <span class='ocrx_word' id='word_1_555' title='bbox 1295 4202 1528 4260; x_wconf 82' lang='lat' dir='ltr'><strong>Indicos</strong></span> <span class='ocrx_word' id='word_1_556' title='bbox 1555 4219 1753 4258; x_wconf 87' lang='lat' dir='ltr'><strong>omnes</strong></span> <span class='ocrx_word' id='word_1_557' title='bbox 1783 4209 1994 4258; x_wconf 90' lang='lat' dir='ltr'><strong>tractus</strong></span> <span class='ocrx_word' id='word_1_558' title='bbox 2025 4201 2070 4256; x_wconf 78' lang='lat' dir='ltr'><strong>ir</strong></span> 
     </span>
    </p>
   </div>
   <div class='ocr_carea' id='block_1_83' title="bbox 2266 4197 3905 4282">
    <p class='ocr_par' dir='ltr' id='par_1_83' title="bbox 2269 4197 3905 4282">
     <span class='ocr_line' id='line_1_85' title="bbox 2269 4197 3905 4282; baseline 0.002 -22"><span class='ocrx_word' id='word_1_559' title='bbox 2269 4201 2551 4260; x_wconf 89' lang='grc' dir='ltr'>ϐυλωνίων</span> <span class='ocrx_word' id='word_1_560' title='bbox 2601 4205 2788 4280; x_wconf 86' lang='grc' dir='ltr'>χώραν</span> <span class='ocrx_word' id='word_1_561' title='bbox 2847 4203 2936 4258; x_wconf 88' lang='grc' dir='ltr'><strong>καὶ</strong></span> <span class='ocrx_word' id='word_1_562' title='bbox 2991 4201 3058 4257; x_wconf 81' lang='grc' dir='ltr'><strong>τὰ</strong></span> <span class='ocrx_word' id='word_1_563' title='bbox 3116 4197 3314 4258; x_wconf 83' lang='grc' dir='ltr'>Ἰνδικᾶ</span> <span class='ocrx_word' id='word_1_564' title='bbox 3349 4205 3558 4261; x_wconf 85' lang='grc' dir='ltr'>πάντα</span> <span class='ocrx_word' id='word_1_565' title='bbox 3599 4205 3778 4282; x_wconf 82' lang='grc' dir='ltr'>μέρη.</span> <span class='ocrx_word' id='word_1_566' title='bbox 3807 4205 3905 4264; x_wconf 79' lang='grc' dir='ltr'><strong>’³ος</strong></span> 
     </span>
    </p>
   </div>
   <div class='ocr_carea' id='block_1_84' title="bbox 437 4287 2076 4369">
    <p class='ocr_par' dir='ltr' id='par_1_84' title="bbox 437 4290 2076 4364">
     <span class='ocr_line' id='line_1_86' title="bbox 437 4290 2076 4364; baseline -0.002 -15"><span class='ocrx_word' id='word_1_567' title='bbox 437 4309 598 4350; x_wconf 88' lang='lat' dir='ltr'><strong>suam</strong></span> <span class='ocrx_word' id='word_1_568' title='bbox 631 4293 909 4349; x_wconf 84' lang='lat' dir='ltr'><strong>ditionem</strong></span> <span class='ocrx_word' id='word_1_569' title='bbox 941 4293 1180 4364; x_wconf 68' lang='lat' dir='ltr'><strong>redegit.</strong></span> <span class='ocrx_word' id='word_1_570' title='bbox 1209 4293 1312 4348; x_wconf 86' lang='lat' dir='ltr'><strong>Hic</strong></span> <span class='ocrx_word' id='word_1_571' title='bbox 1344 4307 1476 4348; x_wconf 92' lang='lat' dir='ltr'><strong>cum</strong></span> <span class='ocrx_word' id='word_1_572' title='bbox 1523 4307 1798 4363; x_wconf 89' lang='lat' dir='ltr'><strong>magnam</strong></span> <span class='ocrx_word' id='word_1_573' title='bbox 1837 4290 2076 4346; x_wconf 84' lang='lat' dir='ltr'><strong>Alexan-</strong></span> 
     </span>
    </p>
   </div>
   <div class='ocr_carea' id='block_1_85' title="bbox 2266 4287 3905 4369">
    <p class='ocr_par' dir='ltr' id='par_1_85' title="bbox 2266 4287 3905 4369">
     <span class='ocr_line' id='line_1_87' title="bbox 2266 4287 3905 4369; baseline -0.003 -21"><span class='ocrx_word' id='word_1_574' title='bbox 2266 4295 2405 4363; x_wconf 78' lang='grc' dir='ltr'>ἱτὴν</span> <span class='ocrx_word' id='word_1_575' title='bbox 2469 4293 2715 4369; x_wconf 81' lang='grc' dir='ltr'>μεγάλήν</span> <span class='ocrx_word' id='word_1_576' title='bbox 2772 4287 3178 4364; x_wconf 79' lang='grc' dir='ltr'>’Δλεξάνδρειαν</span> <span class='ocrx_word' id='word_1_577' title='bbox 3237 4288 3316 4351; x_wconf 75' lang='grc' dir='ltr'><strong>είς</strong></span> <span class='ocrx_word' id='word_1_578' title='bbox 3379 4294 3456 4348; x_wconf 88' lang='grc' dir='ltr'>τὸ</span> <span class='ocrx_word' id='word_1_579' title='bbox 3525 4293 3684 4350; x_wconf 71' lang='grc' dir='ltr'>ἴδιον</span> <span class='ocrx_word' id='word_1_580' title='bbox 3727 4291 3905 4366; x_wconf 76' lang='grc' dir='ltr'>ὄνομα</span> 
     </span>
    </p>
   </div>
   <div class='ocr_carea' id='block_1_86' title="bbox 439 4355 2078 4456">
    <p class='ocr_par' dir='ltr' id='par_1_86' title="bbox 439 4379 2078 4454">
     <span class='ocr_line' id='line_1_88' title="bbox 439 4379 2078 4454; baseline -0.003 -16"><span class='ocrx_word' id='word_1_581' title='bbox 439 4383 624 4438; x_wconf 87' lang='lat' dir='ltr'><strong>driam</strong></span> <span class='ocrx_word' id='word_1_582' title='bbox 647 4382 1024 4450; x_wconf 87' lang='lat' dir='ltr'><strong>condidisset,</strong></span> <span class='ocrx_word' id='word_1_583' title='bbox 1075 4397 1143 4438; x_wconf 82' lang='lat' dir='ltr'><strong>ex</strong></span> <span class='ocrx_word' id='word_1_584' title='bbox 1191 4381 1422 4454; x_wconf 82' lang='lat' dir='ltr'><strong>proprio</strong></span> <span class='ocrx_word' id='word_1_585' title='bbox 1463 4383 1852 4450; x_wconf 85' lang='lat' dir='ltr'><strong>nuncupatam</strong></span> <span class='ocrx_word' id='word_1_586' title='bbox 1882 4379 1942 4434; x_wconf 89' lang='lat' dir='ltr'><strong>iu</strong></span> <span class='ocrx_word' id='word_1_587' title='bbox 1974 4379 2078 4434; x_wconf 88' lang='lat' dir='ltr'><strong>Ba-</strong></span> 
     </span>
    </p>
   </div>
   <div class='ocr_carea' id='block_1_87' title="bbox 2265 4355 3904 4456">
    <p class='ocr_par' dir='ltr' id='par_1_87' title="bbox 2265 4355 3904 4456">
     <span class='ocr_line' id='line_1_89' title="bbox 2265 4355 3904 4456; baseline -0.001 -18"><span class='ocrx_word' id='word_1_588' title='bbox 2265 4382 2370 4446; x_wconf 83' lang='grc' dir='ltr'>ίσας</span> <span class='ocrx_word' id='word_1_589' title='bbox 2412 4381 2488 4446; x_wconf 83' lang='grc' dir='ltr'><strong>είς</strong></span> <span class='ocrx_word' id='word_1_590' title='bbox 2543 4355 2846 4438; x_wconf 64' lang='grc' dir='ltr'>ίᾶαϐυλῶνα</span> <span class='ocrx_word' id='word_1_591' title='bbox 2902 4377 3248 4454; x_wconf 83' lang='grc' dir='ltr'>ὑπέστρεψεν,</span> <span class='ocrx_word' id='word_1_592' title='bbox 3299 4376 3363 4434; x_wconf 79' lang='grc' dir='ltr'>ἒν</span> <span class='ocrx_word' id='word_1_593' title='bbox 3402 4381 3448 4456; x_wconf 74' lang='grc' dir='ltr'><strong>ᾖ</strong></span> <span class='ocrx_word' id='word_1_594' title='bbox 3483 4383 3592 4440; x_wconf 81' lang='grc' dir='ltr'><strong>καὶ</strong></span> <span class='ocrx_word' id='word_1_595' title='bbox 3645 4355 3904 4452; x_wconf 71' lang='grc' dir='ltr'>τελευτᾷ,</span> 
     </span>
    </p>
   </div>
   <div class='ocr_carea' id='block_1_88' title="bbox 437 4467 2076 4547">
    <p class='ocr_par' dir='ltr' id='par_1_88' title="bbox 437 4467 2076 4541">
     <span class='ocr_line' id='line_1_90' title="bbox 437 4467 2076 4541; baseline -0.003 -14"><span class='ocrx_word' id='word_1_596' title='bbox 437 4469 804 4541; x_wconf 87' lang='lat' dir='ltr'><strong>hyloniorum</strong></span> <span class='ocrx_word' id='word_1_597' title='bbox 837 4487 1152 4528; x_wconf 88' lang='lat' dir='ltr'><strong>conversus</strong></span> <span class='ocrx_word' id='word_1_598' title='bbox 1205 4471 1338 4526; x_wconf 70' lang='lat' dir='ltr'><strong>vitae</strong></span> <span class='ocrx_word' id='word_1_599' title='bbox 1387 4469 1563 4525; x_wconf 83' lang='lat' dir='ltr'><strong>finem</strong></span> <span class='ocrx_word' id='word_1_600' title='bbox 1625 4468 1839 4540; x_wconf 90' lang='lat' dir='ltr'><strong>posuit,</strong></span> <span class='ocrx_word' id='word_1_601' title='bbox 1897 4467 2076 4524; x_wconf 73' lang='lat' dir='ltr'><strong>aetatis</strong></span> 
     </span>
    </p>
   </div>
   <div class='ocr_carea' id='block_1_89' title="bbox 1543 4467 3182 4547">
    <p class='ocr_par' dir='ltr' id='par_1_89' title="bbox 1543 4467 3182 4547">
     <span class='ocr_line' id='line_1_91' title="bbox 1543 4467 3182 4547; baseline 0.001 -23"><span class='ocrx_word' id='word_1_602' title='bbox 1543 4485 1563 4524; x_wconf 74' lang='lat'><strong>1</strong></span> <span class='ocrx_word' id='word_1_603' title='bbox 1625 4468 1839 4540; x_wconf 88' lang='lat' dir='ltr'><strong>posuit,</strong></span> <span class='ocrx_word' id='word_1_604' title='bbox 1897 4467 2081 4524; x_wconf 69' lang='lat' dir='ltr'><strong>aetatis</strong></span> <span class='ocrx_word' id='word_1_605' title='bbox 2183 4471 2316 4528; x_wconf 79' lang='grc' dir='ltr'>ἐτῶν</span> <span class='ocrx_word' id='word_1_606' title='bbox 2351 4467 2424 4528; x_wconf 80' lang='grc' dir='ltr'>ὤν</span> <span class='ocrx_word' id='word_1_607' title='bbox 2455 4469 2564 4547; x_wconf 85' lang='grc' dir='ltr'>λβ’,</span> <span class='ocrx_word' id='word_1_608' title='bbox 2609 4469 2930 4547; x_wconf 82' lang='grc' dir='ltr'>βασιλεύσας</span> <span class='ocrx_word' id='word_1_609' title='bbox 2962 4467 3055 4540; x_wconf 84' lang='grc' dir='ltr'>ἔτη</span> <span class='ocrx_word' id='word_1_610' title='bbox 3091 4467 3182 4544; x_wconf 88' lang='grc' dir='ltr'><strong>ιβ’.</strong></span> 
     </span>
    </p>
   </div>
   <div class='ocr_carea' id='block_1_90' title="bbox 431 4558 2078 4634">
    <p class='ocr_par' dir='ltr' id='par_1_90' title="bbox 431 4558 2078 4634">
     <span class='ocr_line' id='line_1_92' title="bbox 431 4558 2078 4634; baseline -0.002 -17"><span class='ocrx_word' id='word_1_611' title='bbox 431 4577 714 4618; x_wconf 87' lang='lat' dir='ltr'><strong>annorum</strong></span> <span class='ocrx_word' id='word_1_612' title='bbox 743 4561 986 4634; x_wconf 87' lang='lat' dir='ltr'><strong>triginta</strong></span> <span class='ocrx_word' id='word_1_613' title='bbox 1035 4561 1302 4626; x_wconf 91' lang='lat' dir='ltr'><strong>duorum,</strong></span> <span class='ocrx_word' id='word_1_614' title='bbox 1336 4559 1498 4630; x_wconf 88' lang='lat' dir='ltr'><strong>regni</strong></span> <span class='ocrx_word' id='word_1_615' title='bbox 1537 4573 1689 4612; x_wconf 88' lang='lat' dir='ltr'><strong>anno</strong></span> <span class='ocrx_word' id='word_1_616' title='bbox 1713 4558 2078 4614; x_wconf 91' lang='lat' dir='ltr'><strong>duodecimo.</strong></span> 
     </span>
    </p>
   </div>
   <div class='ocr_carea' id='block_1_91' title="bbox 502 4647 2141 4733">
    <p class='ocr_par' dir='ltr' id='par_1_91' title="bbox 502 4647 2078 4708">
     <span class='ocr_line' id='line_1_93' title="bbox 502 4647 2078 4708; baseline -0.003 -2"><span class='ocrx_word' id='word_1_617' title='bbox 502 4652 932 4708; x_wconf 84' lang='lat' dir='ltr'><strong>Advertendum</strong></span> <span class='ocrx_word' id='word_1_618' title='bbox 979 4655 1070 4707; x_wconf 90' lang='lat' dir='ltr'><strong>est</strong></span> <span class='ocrx_word' id='word_1_619' title='bbox 1119 4650 1265 4706; x_wconf 89' lang='lat' dir='ltr'><strong>duos</strong></span> <span class='ocrx_word' id='word_1_620' title='bbox 1307 4647 1474 4704; x_wconf 90' lang='lat' dir='ltr'><strong>nobis</strong></span> <span class='ocrx_word' id='word_1_621' title='bbox 1523 4647 1839 4704; x_wconf 85' lang='lat' dir='ltr'><strong>Lamechos</strong></span> <span class='ocrx_word' id='word_1_622' title='bbox 1876 4665 1910 4703; x_wconf 91' lang='lat' dir='ltr'><strong>a</strong></span> <span class='ocrx_word' id='word_1_623' title='bbox 1937 4647 2078 4703; x_wconf 87' lang='lat' dir='ltr'><strong>Scri-</strong></span> 
     </span>
    </p>
   </div>
   <div class='ocr_carea' id='block_1_92' title="bbox 2276 4647 3915 4733">
    <p class='ocr_par' dir='ltr' id='par_1_92' title="bbox 2276 4647 3915 4733">
     <span class='ocr_line' id='line_1_94' title="bbox 2276 4647 3915 4733; baseline -0.001 -27"><span class='ocrx_word' id='word_1_624' title='bbox 2276 4649 2451 4707; x_wconf 76' lang='grc' dir='ltr'>ἰστέον</span> <span class='ocrx_word' id='word_1_625' title='bbox 2509 4651 2592 4706; x_wconf 85' lang='grc' dir='ltr'>ὃτι</span> <span class='ocrx_word' id='word_1_626' title='bbox 2665 4647 2759 4706; x_wconf 90' lang='grc' dir='ltr'><strong>δύο</strong></span> <span class='ocrx_word' id='word_1_627' title='bbox 2843 4653 3042 4729; x_wconf 83' lang='grc' dir='ltr'>Λάμεχ</span> <span class='ocrx_word' id='word_1_628' title='bbox 3114 4656 3150 4724; x_wconf 81' lang='grc' dir='ltr'><strong>ἡ</strong></span> <span class='ocrx_word' id='word_1_629' title='bbox 3223 4655 3440 4733; x_wconf 79' lang='grc' dir='ltr'>Γραφή</span> <span class='ocrx_word' id='word_1_630' title='bbox 3523 4653 3915 4730; x_wconf 82' lang='grc' dir='ltr'>μνημονεύει,</span> 
     </span>
    </p>
   </div>
   <div class='ocr_carea' id='block_1_93' title="bbox 437 4736 2076 4818">
    <p class='ocr_par' dir='ltr' id='par_1_93' title="bbox 437 4736 2076 4810">
     <span class='ocr_line' id='line_1_95' title="bbox 437 4736 2076 4810; baseline -0.002 -16"><span class='ocrx_word' id='word_1_631' title='bbox 437 4745 608 4810; x_wconf 88' lang='lat' dir='ltr'><strong>ptura</strong></span> <span class='ocrx_word' id='word_1_632' title='bbox 638 4740 1104 4809; x_wconf 89' lang='lat' dir='ltr'><strong>commemorari,</strong></span> <span class='ocrx_word' id='word_1_633' title='bbox 1137 4740 1380 4794; x_wconf 83' lang='lat' dir='ltr'><strong>alterum</strong></span> <span class='ocrx_word' id='word_1_634' title='bbox 1427 4739 1498 4792; x_wconf 85' lang='lat' dir='ltr'><strong>ab</strong></span> <span class='ocrx_word' id='word_1_635' title='bbox 1539 4736 1737 4805; x_wconf 88' lang='lat' dir='ltr'><strong>Caiuo,</strong></span> <span class='ocrx_word' id='word_1_636' title='bbox 1770 4736 1868 4808; x_wconf 91' lang='lat' dir='ltr'><strong>qui</strong></span> <span class='ocrx_word' id='word_1_637' title='bbox 1917 4746 1974 4794; x_wconf 88' lang='lat' dir='ltr'><strong>et</strong></span> <span class='ocrx_word' id='word_1_638' title='bbox 2001 4737 2076 4792; x_wconf 90' lang='lat' dir='ltr'><strong>vi-</strong></span> 
     </span>
    </p>
   </div>
   <div class='ocr_carea' id='block_1_94' title="bbox 2276 4736 3915 4818">
    <p class='ocr_par' dir='ltr' id='par_1_94' title="bbox 2277 4741 3915 4818">
     <span class='ocr_line' id='line_1_96' title="bbox 2277 4741 3915 4818; baseline 0.003 -24"><span class='ocrx_word' id='word_1_639' title='bbox 2277 4761 2302 4802; x_wconf 90' lang='grc' dir='ltr'><strong>ς</strong></span> <span class='ocrx_word' id='word_1_640' title='bbox 2336 4741 2431 4813; x_wconf 81' lang='grc' dir='ltr'>μὶν</span> <span class='ocrx_word' id='word_1_641' title='bbox 2457 4745 2553 4796; x_wconf 78' lang='grc' dir='ltr'>τοῦ</span> <span class='ocrx_word' id='word_1_642' title='bbox 2583 4741 2690 4796; x_wconf 86' lang='grc' dir='ltr'><strong>ἀπὸ</strong></span> <span class='ocrx_word' id='word_1_643' title='bbox 2723 4743 2882 4814; x_wconf 77' lang='grc' dir='ltr'>Κάϊν,</span> <span class='ocrx_word' id='word_1_644' title='bbox 2929 4747 3026 4799; x_wconf 80' lang='grc' dir='ltr'><strong>τοῦ</strong></span> <span class='ocrx_word' id='word_1_645' title='bbox 3079 4743 3171 4799; x_wconf 89' lang='grc' dir='ltr'><strong>καὶ</strong></span> <span class='ocrx_word' id='word_1_646' title='bbox 3228 4747 3692 4818; x_wconf 80' lang='grc' dir='ltr'>πεφονευκότος</span> <span class='ocrx_word' id='word_1_647' title='bbox 3737 4741 3915 4818; x_wconf 76' lang='grc' dir='ltr'>ἄνδρα</span> 
     </span>
    </p>
   </div>
   <div class='ocr_carea' id='block_1_95' title="bbox 441 4826 2080 4908">
    <p class='ocr_par' dir='ltr' id='par_1_95' title="bbox 441 4826 2080 4900">
     <span class='ocr_line' id='line_1_97' title="bbox 441 4826 2080 4900; baseline -0.001 -17"><span class='ocrx_word' id='word_1_648' title='bbox 441 4844 568 4884; x_wconf 87' lang='lat' dir='ltr'><strong>rum</strong></span> <span class='ocrx_word' id='word_1_649' title='bbox 589 4833 646 4884; x_wconf 92' lang='lat' dir='ltr'><strong>et</strong></span> <span class='ocrx_word' id='word_1_650' title='bbox 676 4829 1172 4886; x_wconf 86' lang='lat' dir='ltr'><strong>adolescentulum</strong></span> <span class='ocrx_word' id='word_1_651' title='bbox 1195 4827 1410 4886; x_wconf 86' lang='lat' dir='ltr'><strong>occidit</strong></span> <span class='ocrx_word' id='word_1_652' title='bbox 1433 4826 1615 4900; x_wconf 65' lang='lat' dir='ltr'><strong>(casis</strong></span> <span class='ocrx_word' id='word_1_653' title='bbox 1649 4826 1807 4882; x_wconf 87' lang='lat' dir='ltr'><strong>enim</strong></span> <span class='ocrx_word' id='word_1_654' title='bbox 1855 4826 2080 4882; x_wconf 92' lang='lat' dir='ltr'><strong>duobus</strong></span> 
     </span>
    </p>
   </div>
   <div class='ocr_carea' id='block_1_96' title="bbox 2278 4826 3917 4908">
    <p class='ocr_par' dir='ltr' id='par_1_96' title="bbox 2278 4829 3917 4908">
     <span class='ocr_line' id='line_1_98' title="bbox 2278 4829 3917 4908; baseline 0.001 -24"><span class='ocrx_word' id='word_1_655' title='bbox 2278 4829 2358 4884; x_wconf 71' lang='grc' dir='ltr'><strong>καὶ</strong></span> <span class='ocrx_word' id='word_1_656' title='bbox 2383 4829 2660 4884; x_wconf 87' lang='grc' dir='ltr'>νεανίσκον</span> <span class='ocrx_word' id='word_1_657' title='bbox 2705 4831 2851 4900; x_wconf 87' lang='grc' dir='ltr'>(τοὺς</span> <span class='ocrx_word' id='word_1_658' title='bbox 2909 4835 3012 4908; x_wconf 74' lang='grc' dir='ltr'><strong>γὰρ</strong></span> <span class='ocrx_word' id='word_1_659' title='bbox 3061 4829 3155 4888; x_wconf 87' lang='grc' dir='ltr'><strong>δύο</strong></span> <span class='ocrx_word' id='word_1_660' title='bbox 3187 4829 3504 4908; x_wconf 76' lang='grc' dir='ltr'>ἀδελφοὺς</span> <span class='ocrx_word' id='word_1_661' title='bbox 3539 4841 3653 4891; x_wconf 79' lang='grc' dir='ltr'><strong>τοῦ</strong></span> <span class='ocrx_word' id='word_1_662' title='bbox 3693 4833 3917 4890; x_wconf 85' lang='grc' dir='ltr'>δικαίου</span> 
     </span>
    </p>
   </div>
   <div class='ocr_carea' id='block_1_97' title="bbox 437 4915 2076 5000">
    <p class='ocr_par' dir='ltr' id='par_1_97' title="bbox 437 4915 2076 4988">
     <span class='ocr_line' id='line_1_99' title="bbox 437 4915 2076 4988; baseline 0 -18"><span class='ocrx_word' id='word_1_663' title='bbox 437 4917 580 4988; x_wconf 86' lang='lat' dir='ltr'><strong>justi</strong></span> <span class='ocrx_word' id='word_1_664' title='bbox 609 4917 824 4973; x_wconf 77' lang='lat' dir='ltr'><strong>Enocbi</strong></span> <span class='ocrx_word' id='word_1_665' title='bbox 847 4917 1118 4974; x_wconf 84' lang='lat' dir='ltr'><strong>fratribus</strong></span> <span class='ocrx_word' id='word_1_666' title='bbox 1145 4933 1343 4974; x_wconf 90' lang='lat' dir='ltr'><strong>eorum</strong></span> <span class='ocrx_word' id='word_1_667' title='bbox 1369 4931 1578 4972; x_wconf 82' lang='lat' dir='ltr'><strong>uxores</strong></span> <span class='ocrx_word' id='word_1_668' title='bbox 1602 4915 1810 4986; x_wconf 82' lang='lat' dir='ltr'><strong>duxit),</strong></span> <span class='ocrx_word' id='word_1_669' title='bbox 1837 4915 2076 4971; x_wconf 83' lang='lat' dir='ltr'><strong>alterum</strong></span> 
     </span>
    </p>
   </div>
   <div class='ocr_carea' id='block_1_98' title="bbox 2280 4915 3919 5000">
    <p class='ocr_par' dir='ltr' id='par_1_98' title="bbox 2281 4919 3919 5000">
     <span class='ocr_line' id='line_1_100' title="bbox 2281 4919 3919 5000; baseline 0.002 -27"><span class='ocrx_word' id='word_1_670' title='bbox 2281 4921 2370 4994; x_wconf 88' lang='grc' dir='ltr'>ὼχ</span> <span class='ocrx_word' id='word_1_671' title='bbox 2437 4919 2642 4974; x_wconf 76' lang='grc' dir='ltr'>ἂνελὼν</span> <span class='ocrx_word' id='word_1_672' title='bbox 2709 4921 2797 4976; x_wconf 81' lang='grc' dir='ltr'><strong>καὶ</strong></span> <span class='ocrx_word' id='word_1_673' title='bbox 2855 4925 2966 4976; x_wconf 82' lang='grc' dir='ltr'>τῶν</span> <span class='ocrx_word' id='word_1_674' title='bbox 3023 4920 3120 4978; x_wconf 88' lang='grc' dir='ltr'><strong>δύο</strong></span> <span class='ocrx_word' id='word_1_675' title='bbox 3175 4922 3270 4982; x_wconf 77' lang='grc' dir='ltr'><strong>τὰς</strong></span> <span class='ocrx_word' id='word_1_676' title='bbox 3339 4931 3650 5000; x_wconf 81' lang='grc' dir='ltr'>γυναῖκας</span> <span class='ocrx_word' id='word_1_677' title='bbox 3697 4919 3919 4992; x_wconf 81' lang='grc' dir='ltr'>ἔλαϐε),</span> 
     </span>
    </p>
   </div>
   <div class='ocr_carea' id='block_1_99' title="bbox 441 5003 2080 5094">
    <p class='ocr_par' dir='ltr' id='par_1_99' title="bbox 441 5003 1972 5076">
     <span class='ocr_line' id='line_1_101' title="bbox 441 5003 1972 5076; baseline -0.001 -16"><span class='ocrx_word' id='word_1_678' title='bbox 441 5005 844 5072; x_wconf 88' lang='lat' dir='ltr'><strong>recentiorem,</strong></span> <span class='ocrx_word' id='word_1_679' title='bbox 873 5005 992 5062; x_wconf 69' lang='lat' dir='ltr'><strong>Noe</strong></span> <span class='ocrx_word' id='word_1_680' title='bbox 1025 5013 1344 5076; x_wconf 86' lang='lat' dir='ltr'><strong>parentem,</strong></span> <span class='ocrx_word' id='word_1_681' title='bbox 1375 5021 1408 5060; x_wconf 88' lang='lat' dir='ltr'><strong>a</strong></span> <span class='ocrx_word' id='word_1_682' title='bbox 1435 5003 1611 5061; x_wconf 88' lang='lat' dir='ltr'><strong>Setho</strong></span> <span class='ocrx_word' id='word_1_683' title='bbox 1642 5003 1972 5059; x_wconf 89' lang='lat' dir='ltr'><strong>oriundum.</strong></span> 
     </span>
    </p>
   </div>
   <div class='ocr_carea' id='block_1_100' title="bbox 2283 5003 3922 5094">
    <p class='ocr_par' dir='ltr' id='par_1_100' title="bbox 2283 5006 3922 5094">
     <span class='ocr_line' id='line_1_102' title="bbox 2283 5006 3922 5094; baseline 0.001 -30"><span class='ocrx_word' id='word_1_684' title='bbox 2283 5029 2368 5064; x_wconf 69' lang='lat' dir='ltr'><strong>sou</strong></span> <span class='ocrx_word' id='word_1_685' title='bbox 2413 5006 2472 5063; x_wconf 71' lang='grc' dir='ltr'>δὲ</span> <span class='ocrx_word' id='word_1_686' title='bbox 2507 5013 2604 5064; x_wconf 75' lang='grc' dir='ltr'>τοῦ</span> <span class='ocrx_word' id='word_1_687' title='bbox 2651 5010 2854 5084; x_wconf 88' lang='grc' dir='ltr'>πατρὸς</span> <span class='ocrx_word' id='word_1_688' title='bbox 2891 5016 3037 5084; x_wconf 81' lang='grc' dir='ltr'>Νῶε,</span> <span class='ocrx_word' id='word_1_689' title='bbox 3087 5015 3185 5067; x_wconf 73' lang='grc' dir='ltr'><strong>τοῦ</strong></span> <span class='ocrx_word' id='word_1_690' title='bbox 3237 5011 3340 5066; x_wconf 82' lang='grc' dir='ltr'>καὶ</span> <span class='ocrx_word' id='word_1_691' title='bbox 3407 5015 3922 5094; x_wconf 74' lang='grc' dir='ltr'>μεταγενεστέρου</span> 
     </span>
    </p>
   </div>
   <div class='ocr_carea' id='block_1_101' title="bbox 2185 5098 2985 5177">
    <p class='ocr_par' dir='ltr' id='par_1_101' title="bbox 2185 5098 2985 5177">
     <span class='ocr_line' id='line_1_103' title="bbox 2185 5098 2985 5177; baseline 0.005 -22"><span class='ocrx_word' id='word_1_692' title='bbox 2185 5101 2274 5155; x_wconf 82' lang='grc' dir='ltr'>καὶ</span> <span class='ocrx_word' id='word_1_693' title='bbox 2305 5098 2412 5153; x_wconf 84' lang='grc' dir='ltr'>ἀπὸ</span> <span class='ocrx_word' id='word_1_694' title='bbox 2442 5101 2559 5168; x_wconf 74' lang='grc' dir='ltr'><strong>Σὴθ</strong></span> <span class='ocrx_word' id='word_1_695' title='bbox 2587 5099 2985 5177; x_wconf 77' lang='grc' dir='ltr'>καταγομένου.</span> 
     </span>
    </p>
   </div>
   <div class='ocr_carea' id='block_1_102' title="bbox 493 5185 2132 5274">
    <p class='ocr_par' dir='ltr' id='par_1_102' title="bbox 493 5185 2080 5260">
     <span class='ocr_line' id='line_1_104' title="bbox 493 5185 2080 5260; baseline -0.001 -16"><span class='ocrx_word' id='word_1_696' title='bbox 493 5187 542 5244; x_wconf 88' lang='lat'><strong>8</strong></span> <span class='ocrx_word' id='word_1_697' title='bbox 571 5187 790 5245; x_wconf 87' lang='lat' dir='ltr'><strong>Tharra</strong></span> <span class='ocrx_word' id='word_1_698' title='bbox 810 5187 1436 5260; x_wconf 80' lang='lat' dir='ltr'><strong>genuitAbrahamum,</strong></span> <span class='ocrx_word' id='word_1_699' title='bbox 1461 5185 1693 5243; x_wconf 80' lang='lat' dir='ltr'><strong>Machoé</strong></span> <span class='ocrx_word' id='word_1_700' title='bbox 1722 5189 1780 5241; x_wconf 90' lang='lat' dir='ltr'><strong>et</strong></span> <span class='ocrx_word' id='word_1_701' title='bbox 1807 5187 2080 5242; x_wconf 89' lang='lat' dir='ltr'><strong>Aramum</strong></span> 
     </span>
    </p>
   </div>
   <div class='ocr_carea' id='block_1_103' title="bbox 2286 5185 3925 5274">
    <p class='ocr_par' dir='ltr' id='par_1_103' title="bbox 2286 5185 3925 5274">
     <span class='ocr_line' id='line_1_105' title="bbox 2286 5185 3925 5274; baseline 0 -27"><span class='ocrx_word' id='word_1_702' title='bbox 2286 5190 2316 5247; x_wconf 69' lang='grc' dir='ltr'><strong>ἶ)</strong></span> <span class='ocrx_word' id='word_1_703' title='bbox 2349 5189 2530 5264; x_wconf 82' lang='grc' dir='ltr'>Θάῤῥα</span> <span class='ocrx_word' id='word_1_704' title='bbox 2585 5189 2829 5266; x_wconf 78' lang='grc' dir='ltr'>ἐγέννησε</span> <span class='ocrx_word' id='word_1_705' title='bbox 2879 5191 2972 5247; x_wconf 89' lang='grc' dir='ltr'>τὸν</span> <span class='ocrx_word' id='word_1_706' title='bbox 3031 5185 3318 5265; x_wconf 80' lang='grc' dir='ltr'>’Δϐραὰμ,</span> <span class='ocrx_word' id='word_1_707' title='bbox 3371 5194 3486 5251; x_wconf 81' lang='grc' dir='ltr'><strong>τὸν</strong></span> <span class='ocrx_word' id='word_1_708' title='bbox 3527 5197 3778 5274; x_wconf 73' lang='grc' dir='ltr'>Μαχωὶ</span> <span class='ocrx_word' id='word_1_709' title='bbox 3833 5191 3925 5250; x_wconf 74' lang='grc' dir='ltr'><strong>καὶ</strong></span> 
     </span>
    </p>
   </div>
   <div class='ocr_carea' id='block_1_104' title="bbox 433 5275 2072 5354">
    <p class='ocr_par' dir='ltr' id='par_1_104' title="bbox 433 5275 2072 5348">
     <span class='ocr_line' id='line_1_106' title="bbox 433 5275 2072 5348; baseline -0.002 -16"><span class='ocrx_word' id='word_1_710' title='bbox 433 5279 558 5334; x_wconf 89' lang='lat' dir='ltr'><strong>Loti</strong></span> <span class='ocrx_word' id='word_1_711' title='bbox 590 5279 949 5348; x_wconf 83' lang='lat' dir='ltr'><strong>patrem,qui</strong></span> <span class='ocrx_word' id='word_1_712' title='bbox 977 5283 1034 5333; x_wconf 90' lang='lat' dir='ltr'><strong>et</strong></span> <span class='ocrx_word' id='word_1_713' title='bbox 1081 5285 1214 5332; x_wconf 87' lang='lat' dir='ltr'><strong>ante</strong></span> <span class='ocrx_word' id='word_1_714' title='bbox 1237 5275 1519 5330; x_wconf 87' lang='lat' dir='ltr'><strong>Tbarram</strong></span> <span class='ocrx_word' id='word_1_715' title='bbox 1565 5276 1682 5330; x_wconf 90' lang='lat' dir='ltr'><strong>vita</strong></span> <span class='ocrx_word' id='word_1_716' title='bbox 1721 5275 1952 5331; x_wconf 82' lang='lat' dir='ltr'><strong>functus</strong></span> <span class='ocrx_word' id='word_1_717' title='bbox 1972 5281 2072 5344; x_wconf 81' lang='lat' dir='ltr'><strong>est,</strong></span> 
     </span>
    </p>
   </div>
   <div class='ocr_carea' id='block_1_105' title="bbox 2286 5275 3925 5354">
    <p class='ocr_par' dir='ltr' id='par_1_105' title="bbox 2327 5277 3925 5354">
     <span class='ocr_line' id='line_1_107' title="bbox 2327 5277 3925 5354; baseline 0.001 -20"><span class='ocrx_word' id='word_1_718' title='bbox 2327 5277 2508 5352; x_wconf 79' lang='grc' dir='ltr'>Ἀρὰμ</span> <span class='ocrx_word' id='word_1_719' title='bbox 2559 5279 2653 5332; x_wconf 89' lang='grc' dir='ltr'>τὸν</span> <span class='ocrx_word' id='word_1_720' title='bbox 2705 5277 2912 5354; x_wconf 88' lang='grc' dir='ltr'>πατέρα</span> <span class='ocrx_word' id='word_1_721' title='bbox 2963 5283 3065 5335; x_wconf 78' lang='grc' dir='ltr'><strong>τοῦ</strong></span> <span class='ocrx_word' id='word_1_722' title='bbox 3130 5281 3276 5336; x_wconf 86' lang='grc' dir='ltr'><strong>Λώτ·</strong></span> <span class='ocrx_word' id='word_1_723' title='bbox 3361 5281 3436 5348; x_wconf 79' lang='grc' dir='ltr'>δς</span> <span class='ocrx_word' id='word_1_724' title='bbox 3506 5285 3616 5342; x_wconf 79' lang='grc' dir='ltr'><strong>καὶ</strong></span> <span class='ocrx_word' id='word_1_725' title='bbox 3683 5283 3925 5340; x_wconf 81' lang='grc' dir='ltr'>ἀπέθανε</span> 
     </span>
    </p>
   </div>
   <div class='ocr_carea' id='block_1_106' title="bbox 426 5362 2065 5454">
    <p class='ocr_par' dir='ltr' id='par_1_106' title="bbox 426 5362 2065 5430">
     <span class='ocr_line' id='line_1_108' title="bbox 426 5362 2065 5430; baseline -0.004 -10"><span class='ocrx_word' id='word_1_726' title='bbox 426 5365 570 5420; x_wconf 89' lang='lat' dir='ltr'><strong>Nam</strong></span> <span class='ocrx_word' id='word_1_727' title='bbox 621 5382 753 5422; x_wconf 92' lang='lat' dir='ltr'><strong>cum</strong></span> <span class='ocrx_word' id='word_1_728' title='bbox 812 5365 1179 5422; x_wconf 84' lang='lat' dir='ltr'><strong>Abrahamus</strong></span> <span class='ocrx_word' id='word_1_729' title='bbox 1247 5363 1582 5420; x_wconf 86' lang='lat' dir='ltr'><strong>incendium</strong></span> <span class='ocrx_word' id='word_1_730' title='bbox 1647 5362 1970 5430; x_wconf 86' lang='lat' dir='ltr'><strong>excitasset,</strong></span> <span class='ocrx_word' id='word_1_731' title='bbox 2017 5377 2065 5417; x_wconf 83' lang='grc' dir='ltr'><strong>ιιι</strong></span> 
     </span>
    </p>
   </div>
   <div class='ocr_carea' id='block_1_107' title="bbox 2292 5362 3931 5454">
    <p class='ocr_par' dir='ltr' id='par_1_107' title="bbox 2349 5367 3931 5454">
     <span class='ocr_line' id='line_1_109' title="bbox 2349 5367 3931 5454; baseline 0.004 -31"><span class='ocrx_word' id='word_1_732' title='bbox 2349 5372 2445 5423; x_wconf 83' lang='grc' dir='ltr'><strong>τοῦ</strong></span> <span class='ocrx_word' id='word_1_733' title='bbox 2499 5369 2704 5443; x_wconf 86' lang='grc' dir='ltr'>πατρὸς</span> <span class='ocrx_word' id='word_1_734' title='bbox 2771 5371 2938 5428; x_wconf 79' lang='grc' dir='ltr'>αὐτοῦ</span> <span class='ocrx_word' id='word_1_735' title='bbox 3010 5367 3206 5447; x_wconf 82' lang='grc' dir='ltr'>Θοίῤῥα·</span> <span class='ocrx_word' id='word_1_736' title='bbox 3263 5374 3391 5426; x_wconf 78' lang='grc' dir='ltr'><strong>τοῦ</strong></span> <span class='ocrx_word' id='word_1_737' title='bbox 3459 5375 3587 5454; x_wconf 75' lang='grc' dir='ltr'><strong>γὰρ</strong></span> <span class='ocrx_word' id='word_1_738' title='bbox 3651 5373 3931 5452; x_wconf 65' lang='grc' dir='ltr'>Ἀϐραὰμ</span> 
     </span>
    </p>
   </div>
   <div class='ocr_carea' id='block_1_108' title="bbox 426 5451 2065 5532">
    <p class='ocr_par' dir='ltr' id='par_1_108' title="bbox 426 5451 2065 5526">
     <span class='ocr_line' id='line_1_110' title="bbox 426 5451 2065 5526; baseline -0.001 -17"><span class='ocrx_word' id='word_1_739' title='bbox 426 5455 585 5511; x_wconf 86' lang='lat' dir='ltr'><strong>idola</strong></span> <span class='ocrx_word' id='word_1_740' title='bbox 610 5455 792 5526; x_wconf 85' lang='lat' dir='ltr'><strong>patris</strong></span> <span class='ocrx_word' id='word_1_741' title='bbox 842 5456 1191 5522; x_wconf 83' lang='lat' dir='ltr'><strong>absumeret,</strong></span> <span class='ocrx_word' id='word_1_742' title='bbox 1241 5455 1508 5518; x_wconf 88' lang='lat' dir='ltr'><strong>Aramus,</strong></span> <span class='ocrx_word' id='word_1_743' title='bbox 1559 5452 1700 5506; x_wconf 89' lang='lat' dir='ltr'><strong>dum</strong></span> <span class='ocrx_word' id='word_1_744' title='bbox 1749 5466 1816 5506; x_wconf 89' lang='lat' dir='ltr'><strong>ea</strong></span> <span class='ocrx_word' id='word_1_745' title='bbox 1846 5451 1917 5506; x_wconf 86' lang='lat' dir='ltr'><strong>ab</strong></span> <span class='ocrx_word' id='word_1_746' title='bbox 1949 5451 2065 5523; x_wconf 61' lang='lat' dir='ltr'><strong>igni</strong></span> 
     </span>
    </p>
   </div>
   <div class='ocr_carea' id='block_1_109' title="bbox 2293 5451 3932 5532">
    <p class='ocr_par' dir='ltr' id='par_1_109' title="bbox 2293 5451 3932 5532">
     <span class='ocr_line' id='line_1_111' title="bbox 2293 5451 3932 5532; baseline 0.004 -22"><span class='ocrx_word' id='word_1_747' title='bbox 2293 5457 2516 5532; x_wconf 77' lang='grc' dir='ltr'>τρησμὸν</span> <span class='ocrx_word' id='word_1_748' title='bbox 2572 5460 2902 5528; x_wconf 78' lang='grc' dir='ltr'>ποιήσαντος</span> <span class='ocrx_word' id='word_1_749' title='bbox 2955 5456 3094 5514; x_wconf 86' lang='grc' dir='ltr'>ὥστε</span> <span class='ocrx_word' id='word_1_750' title='bbox 3141 5451 3666 5521; x_wconf 15' lang='grc' dir='ltr'>κατακαῦσαιίτὰ</span> <span class='ocrx_word' id='word_1_751' title='bbox 3711 5451 3932 5520; x_wconf 73' lang='grc' dir='ltr'>εἴδωλα</span> 
     </span>
    </p>
   </div>
   <div class='ocr_carea' id='block_1_110' title="bbox 430 5539 2069 5624">
    <p class='ocr_par' dir='ltr' id='par_1_110' title="bbox 430 5539 2069 5616">
     <span class='ocr_line' id='line_1_112' title="bbox 430 5539 2069 5616; baseline 0 -17"><span class='ocrx_word' id='word_1_752' title='bbox 430 5559 662 5602; x_wconf 86' lang='lat' dir='ltr'><strong>servare</strong></span> <span class='ocrx_word' id='word_1_753' title='bbox 684 5547 1003 5616; x_wconf 89' lang='lat' dir='ltr'><strong>contendit,</strong></span> <span class='ocrx_word' id='word_1_754' title='bbox 1037 5545 1218 5616; x_wconf 89' lang='lat' dir='ltr'><strong>domi,</strong></span> <span class='ocrx_word' id='word_1_755' title='bbox 1249 5544 1308 5600; x_wconf 93' lang='lat' dir='ltr'><strong>in</strong></span> <span class='ocrx_word' id='word_1_756' title='bbox 1335 5558 1510 5614; x_wconf 91' lang='lat' dir='ltr'><strong>quam</strong></span> <span class='ocrx_word' id='word_1_757' title='bbox 1544 5541 1728 5598; x_wconf 84' lang='lat' dir='ltr'><strong>fuerat</strong></span> <span class='ocrx_word' id='word_1_758' title='bbox 1765 5539 2069 5612; x_wconf 63' lang='lat' dir='ltr'><strong>ingressus,</strong></span> 
     </span>
    </p>
   </div>
   <div class='ocr_carea' id='block_1_111' title="bbox 2304 5539 3943 5624">
    <p class='ocr_par' dir='ltr' id='par_1_111' title="bbox 2347 5545 3943 5624">
     <span class='ocr_line' id='line_1_113' title="bbox 2347 5545 3943 5624; baseline 0.004 -24"><span class='ocrx_word' id='word_1_759' title='bbox 2347 5547 2548 5620; x_wconf 87' lang='grc' dir='ltr'>πατρὸς</span> <span class='ocrx_word' id='word_1_760' title='bbox 2609 5545 2796 5616; x_wconf 79' lang='grc' dir='ltr'>αὑτοῦ,</span> <span class='ocrx_word' id='word_1_761' title='bbox 2855 5547 3109 5604; x_wconf 76' lang='grc' dir='ltr'>εἰσελθὼν</span> <span class='ocrx_word' id='word_1_762' title='bbox 3170 5548 3374 5622; x_wconf 75' lang='grc' dir='ltr'>Ἀρὰμ</span> <span class='ocrx_word' id='word_1_763' title='bbox 3441 5551 3768 5624; x_wconf 71' lang='grc' dir='ltr'>ὶξελέσῦαι</span> <span class='ocrx_word' id='word_1_764' title='bbox 3801 5551 3943 5610; x_wconf 77' lang='grc' dir='ltr'><strong>αὑτά</strong></span> 
     </span>
    </p>
   </div>
   <div class='ocr_carea' id='block_1_112' title="bbox 433 5631 2072 5724">
    <p class='ocr_par' dir='ltr' id='par_1_112' title="bbox 433 5631 1794 5712">
     <span class='ocr_line' id='line_1_114' title="bbox 433 5631 1794 5712; baseline -0.003 -19"><span class='ocrx_word' id='word_1_765' title='bbox 433 5635 660 5694; x_wconf 86' lang='lat' dir='ltr'><strong>vidente</strong></span> <span class='ocrx_word' id='word_1_766' title='bbox 689 5643 870 5712; x_wconf 88' lang='lat' dir='ltr'><strong>patre,</strong></span> <span class='ocrx_word' id='word_1_767' title='bbox 903 5637 1157 5696; x_wconf 88' lang='lat' dir='ltr'><strong>ﬂammis</strong></span> <span class='ocrx_word' id='word_1_768' title='bbox 1187 5643 1476 5696; x_wconf 84' lang='lat' dir='ltr'><strong>crematus</strong></span> <span class='ocrx_word' id='word_1_769' title='bbox 1507 5631 1794 5690; x_wconf 88' lang='lat' dir='ltr'><strong>occubuit.</strong></span> 
     </span>
    </p>
   </div>
   <div class='ocr_carea' id='block_1_113' title="bbox 2300 5631 3939 5724">
    <p class='ocr_par' dir='ltr' id='par_1_113' title="bbox 2300 5635 3939 5724">
     <span class='ocr_line' id='line_1_115' title="bbox 2300 5635 3939 5724; baseline 0.002 -33"><span class='ocrx_word' id='word_1_770' title='bbox 2300 5638 2444 5692; x_wconf 75' lang='grc' dir='ltr'>Βανεν</span> <span class='ocrx_word' id='word_1_771' title='bbox 2474 5635 2528 5691; x_wconf 73' lang='grc' dir='ltr'>ἐν</span> <span class='ocrx_word' id='word_1_772' title='bbox 2573 5640 2654 5710; x_wconf 83' lang='grc' dir='ltr'><strong>τῷ</strong></span> <span class='ocrx_word' id='word_1_773' title='bbox 2702 5637 2966 5714; x_wconf 76' lang='grc' dir='ltr'>οἰκήματι</span> <span class='ocrx_word' id='word_1_774' title='bbox 3023 5636 3252 5694; x_wconf 67' lang='grc' dir='ltr'>ἐνώπιον</span> <span class='ocrx_word' id='word_1_775' title='bbox 3289 5645 3419 5698; x_wconf 77' lang='grc' dir='ltr'><strong>τοῦ</strong></span> <span class='ocrx_word' id='word_1_776' title='bbox 3457 5648 3702 5724; x_wconf 83' lang='grc' dir='ltr'>πατρὸς</span> <span class='ocrx_word' id='word_1_777' title='bbox 3738 5645 3939 5702; x_wconf 78' lang='grc' dir='ltr'>αὐτοῦ.</span> 
     </span>
    </p>
   </div>
  </div>
