4150 6292
312 371 404 431 Ώίό

1672 362 2046 426 CHRONOG
2059 363 2366 425 RAPHIA.

3613 367 3732 428 230

383 501 467 555 Ἐκ
491 500 580 551 τοῦ
639 493 854 570 γένους
921 489 1090 547 Σίδου
1149 493 1267 546 υἱοῦ
1323 491 1635 568 Αἰγύπτου,
1699 491 1965 567 βασιλέως

2152 495 2232 551 Ex
2263 496 2544 566 sanguine
2575 496 2696 552 Sidi
2730 496 2832 552 ﬁlii
2861 497 3089 569 )Egypti
3139 497 3290 569 regis
3321 499 3721 571 Egyptiorum

338 587 632 662 “Tam‘mv’
687 585 967 661 κατήχθη
1031 581 1212 656 Μελχῖ
1244 583 1272 635 δ
1303 585 1486 656 πατὴρ
1525 587 1622 638 τοῦ
1662 580 1842 648 Σεδέκ,
1885 582 1963 651 ὃς,

337 678 580 752 γενόμενος
642 673 832 747 ἱερεὺς
892 675 992 726 τοῦ
1033 675 1165 726 Θεοῦ
1214 671 1303 726 καὶ
1351 671 1608 747 βασιλεὺς
1637 676 1745 726 τῶν
1779 675 1966 728 Χανα-

335 766 464 820 ναίων
517 762 806 832 ἐπεκλήθη
885 757 1236 834 Μελχισεδὲκ
1316 765 1774 835 πατρωνυμικῶς,
1876 758 1968 813 καὶ

331 858 486 917 κτίσας
542 852 709 908 πόλιν
773 851 826 905 έν
887 855 969 921 τῷ
1028 846 1141 925 ὄρει
1199 848 1345 904 Σιὼν
1407 848 1754 922 ἐπωνόμασεν
1802 847 1969 917 αὐτὴν

329 943 533 1014 Σαλήμ,
579 940 609 996 δ
662 940 808 996 ἔστιν
873 939 1099 1012 εἰρήνης
1155 938 1342 1004 πόλις,
1373 937 1425 993 έν
1519 938 1610 992 καὶ
1643 937 1968 1012 βασιλεύσας

328 1031 409 1102 ἔτη
467 1032 530 1106 ιγ’
590 1027 915 1098 ἐτελεύτησε
973 1024 1178 1088 δίκαιος
1233 1028 1325 1081 καὶ
1378 1026 1668 1099 παρθένος,
1701 1023 1774 1088 ὥς
1808 1046 1972 1100 φησιν

325 1123 603 1189 Ἰώσηπος.
666 1116 829 1192 Λέγει
881 1113 939 1170 δὲ
990 1118 1078 1170 καὶ
1134 1117 1162 1170 ὁ
1215 1115 1380 1192 μέγας
1437 1113 1736 1186 Κύριλλος.
1809 1115 1970 1187 ’Δγε-

325 1209 643 1284 νιαλόγητος
697 1206 914 1282 εἴρηται
974 1203 1324 1280 Μελχισεδὲκ
1378 1204 1527 1279 παρὰ
1565 1205 1628 1259 τὸ
1689 1205 1762 1278 μή
1801 1203 1974 1277 ὑπάρ-

326 1319 437 1376 χειν
492 1299 553 1353 έκ
601 1300 702 1352 τοῦ
760 1295 1073 1369 σπέρματος
1139 1289 1388 1368 Ἀϐρααμ
1445 1291 1614 1363 ὅλως,
1678 1290 1820 1364 μηδὲ
1870 1291 1972 1346 ὑπὸ

327 1389 565 1448 Μωσέως
637 1381 1124 1460 γενεαλογηθῆναι,
1199 1384 1337 1436 εἶναι
1423 1379 1482 1436 δέ
1552 1384 1850 1438 Χαναναῖον
1911 1379 1974 1434 τὸ

323 1479 475 1552 γένος
538 1475 631 1530 καὶ
694 1473 754 1527 ἐκ
818 1478 920 1540 τῆς
1005 1470 1276 1546 ἐπαράτου
1355 1475 1558 1544 σπορᾶς
1628 1470 1972 1544 ὁρμώμενον.

323 1568 475 1624 Ὅθεν
527 1560 652 1618 οὐδὲ
706 1559 1064 1638 γενεαλογίας
1118 1560 1366 1628 ἡξίωταισ
1429 1556 1554 1614 ούδὶ
1611 1559 1713 1635 γὰρ
1744 1578 1973 1632 πρεπω-

321 1652 571 1709 δέστατον
602 1652 672 1720 ἦν
701 1651 793 1704 τὸν
847 1655 947 1718 τῆς
1007 1645 1172 1721 ἄκρας
1226 1645 1576 1717 δικαιοσύνης
1630 1645 1976 1719 ἐπειλημμέ·

320 1767 404 1801 νον
466 1740 802 1815 συμπλέκειν
861 1743 943 1811 τῷ
999 1745 1098 1807 τῆς
1153 1737 1318 1812 ἄκρας
1355 1736 1566 1799 ἀδικίας
1628 1736 1788 1813 γένει.
1822 1738 1886 1793 Ἡ
1919 1733 1976 1790 δέ

319 1830 688 1908 Ἰερουσαλὴμ
744 1829 805 1883 ἐκ
853 1829 1182 1902 προσθήκης
1229 1833 1329 1896 τῆς
1381 1831 1477 1881 τοῦ
1509 1827 1658 1901 ἰεροῦ
1688 1819 1973 1894 συλλαϐῆς

325 1924 454 1996 μετὰ
508 1928 614 1990 τῆς
669 1916 872 1990 Σαλήμ
924 1916 1066 1971 κατὰ
1115 1914 1394 1990 συνάφειαν
1455 1915 1752 1987 ὠνομάσθη
1787 1933 1976 1990 φερω-

318 2013 500 2084 νύμως
564 2004 954 2082 Ἰερουσαλὴμ,
1033 2010 1106 2073 πῆ
1192 2005 1285 2076 μὲν
1362 2001 1451 2058 διὰ
1505 2005 1606 2072 τήν
1669 2002 1977 2078 ἶερουργίαν

318 2106 411 2156 τοῦ
467 2095 837 2173 Μελχισεδέκ,
897 2101 976 2163 πῆ
1054 2091 1110 2148 δὲ
1179 2091 1266 2147 διὰ
1333 2095 1434 2162 τήν
1486 2097 1586 2148 τοῦ
1643 2092 1792 2166 ἱεροῦ
1850 2095 1982 2146 ναοῦ

319 2190 680 2257 κατασκευήν·
712 2180 919 2245 Ἰεϐοὖς
953 2185 1056 2258 γὰρ
1088 2181 1334 2237 ἐκαλεῖτο
1373 2182 1586 2255 πρώην.

386 2282 515 2338 Λὼτ
565 2275 789 2349 ἀνεψιὸς
839 2278 935 2328 τοῦ
985 2267 1237 2345 Ἀϐραὰμ
1283 2270 1342 2326 ἐκ
1387 2276 1494 2327 τῶν
1540 2269 1635 2326 δύο
1675 2272 1981 2346 θυγατέρων

319 2372 479 2426 αὐτοῦ
511 2369 797 2442 ἐγέννησεν
846 2364 1000 2425 υἱοὺς
1056 2359 1174 2432 δύο,
1214 2357 1388 2419 Μωὰϐ
1418 2361 1508 2416 καὶ
1539 2363 1631 2417 τὸν
1661 2361 1898 2434 Ἀμμὰν,
1931 2358 1983 2432 ἐξ

322 2462 390 2514 ὧν
424 2452 719 2516 Μωαϐῖται
751 2454 844 2508 καὶ
879 2454 1233 2524 ’Δμμανῖται.

391 2550 452 2605 Ὀ
482 2540 821 2620 δὶἋϐραᾶμ
875 2541 936 2596 ἐκ
999 2541 1095 2613 μὲν
1147 2546 1250 2610 τῆς
1305 2538 1608 2614 Αἰγυπτίας
1661 2539 1828 2594 αὐτοῦ
1859 2559 1984 2592 παι-

334 2637 518 2706 δίσκης
568 2639 750 2708 Ἀγαρ
819 2632 1075 2708 ἐγέννησε
1157 2631 1250 2685 τὸν
1324 2628 1584 2702 Ἰσμαὴλ,
1642 2629 1703 2684 ἐκ
1769 2626 1827 2683 δὶ
1885 2635 1987 2697 τῆς

343 2726 548 2800 Σάρρας
573 2725 664 2779 τόν
709 2724 910 2778 Ἰσαάκ.
964 2723 1029 2777 '0
1077 2717 1134 2775 δὲ
1184 2720 1364 2776 Ἰσαὰκ
1410 2718 1659 2793 ἐγέννησε
1701 2719 1793 2773 τὺν
1823 2721 1988 2773 Ἢσαῦ

345 2814 438 2868 καὶ
466 2813 556 2866 τὸν
608 2807 796 2869 Ἰακὼϐ
856 2809 918 2866 ἔκ
973 2817 1075 2878 τῆς
1135 2804 1437 2870 Ῥεϐέκκας.
1490 2807 1595 2864 Καὶ
1644 2805 1705 2862 ἐκ
1756 2807 1850 2878 μὶν
1892 2809 1990 2860 τοῦ

345 2905 517 2960 Ἠσαῦ
557 2901 742 2979 ἐτέχθη
803 2897 996 2972 Έδὼμ
1052 2898 1168 2962 υἱὸς
1225 2898 1522 2970 ὁμώνυμος
1569 2900 1651 2968 τῷ
1704 2895 1870 2969 πατρὶ
1899 2893 1991 2949 καὶ

333 2991 615 3065 ’Δμαλὴκ,
674 2989 721 3063 ἐξ
781 2991 856 3045 ὧν
913 2986 1216 3060 Ἰδουμαῖοι
1266 2987 1358 3041 καὶ
1405 2984 1800 3060 Ἀμαληκῖται,
1847 2983 1906 3040 ἆκ
1936 2981 1994 3038 δὲ

323 3074 526 3137 Ἰακὼϐ
579 3081 678 3133 τοῦ
737 3079 826 3130 καί
889 3072 1111 3150 Ἰσραὴλ
1162 3071 1390 3141 Ἰούδας,
1447 3071 1536 3151 ἀφ’
1596 3071 1658 3126 οὗ
1714 3071 1804 3126 καὶ
1849 3073 1991 3124 Ἰου-

318 3167 469 3225 δαῖοι
498 3170 702 3229 πάντες
730 3166 821 3220 καὶ
855 3165 908 3218 οἱ
954 3163 1016 3218 ἐκ
1061 3166 1170 3217 τῶν
1208 3160 1418 3217 λοιπῶν
1447 3159 1989 3235 προσηγορεύθησαν,

315 3260 409 3314 καὶ
451 3253 800 3331 Ἰσραηλῖται
849 3254 944 3327 μὶν
1004 3251 1063 3307 ἐκ
1117 3255 1214 3306 τοῦ
1244 3251 1447 3323 πατρὸς
1478 3245 1699 3320 Ἰακὼϐ,
1731 3246 1988 3306 Ἰουδαῖοι

325 3345 381 3402 εὶ
425 3346 488 3402 ὲκ
535 3349 637 3401 τοῖ’)
688 3343 1095 3415 έπισημοτέρου
1145 3338 1384 3418 ἀδελφοῦ
1433 3339 1631 3394 αὐτῶν.
1684 3339 1782 3395 Ἐκ
1812 3335 1869 3392 δὲ
1896 3341 1994 3392 τοῦ

325 3434 570 3508 Ἰσμαήλ
603 3433 867 3509 ἄρχοντες
926 3431 1019 3487 καὶ
1078 3425 1203 3500 ἔθνη
1252 3431 1432 3485 αὐτῶν
1478 3427 1529 3499 ἓξ
1563 3427 1911 3502 Ἰσμαηλῖται
1944 3426 1996 3482 οἱ

330 3531 423 3580 νῦν
487 3522 782 3599 Ἀγαρηνοί
838 3543 900 3577 τε
951 3520 1043 3574 καὶ
1104 3518 1413 3592 Σαρακηνοὶ
1472 3517 1788 3594 λεγόμενοι.
1840 3518 1896 3571 Ὀ
1943 3514 2000 3572 δὲ

331 3637 393 3690 γε
448 3618 597 3676 θεῖος
653 3609 910 3688 Ἀϐραὰμ
967 3610 1250 3686 ἐγέννησεν
1281 3609 1341 3665 ἐκ
1367 3616 1468 3679 τῆς
1510 3609 1749 3684 ἐσχάτης
1807 3627 1998 3682 γυναι-

337 3707 434 3766 κὸς
466 3706 636 3759 αὑτοῦ
668 3703 975 3776 Χεττούρας
1035 3701 1184 3762 υἱοὺς
1243 3701 1302 3769 ε’,
1361 3698 1410 3768 ἐξ
1470 3700 1543 3752 ὧν
1603 3697 1715 3752 ἐστι
1752 3695 1998 3769 Μαδιὰμ,

348 3793 436 3869 ἀφ’
503 3793 566 3847 οὗ
653 3789 1007 3858 Μαδιανῖται,
1087 3788 1175 3842 καὶ
1253 3794 1446 3866 ’¹Αφερ,
1508 3787 1557 3858 ἐξ
1618 3787 1679 3840 οὗ
1743 3787 1998 3862 Ἀφρική.

348 3881 533 3936 Ἰσαὰκ
579 3879 635 3935 δὲ
693 3880 926 3935 ἀπέθανε
980 3879 1147 3948 ζήσας
1198 3878 1263 3931 τὰ
1320 3878 1494 3932 πάντα
1541 3872 1633 3945 ἔτη
1667 3877 1773 3949 ρπ“.
1808 3869 2001 3930 Ἰακὼϐ

356 3966 411 4022 δὶ
443 3973 608 4039 ζήσας
665 3967 756 4038 ἔτη
823 3965 933 4043 ρνδ“
992 3967 1249 4022 ἀπέθανεν
1297 3965 1373 4027 εἷς
1437 3963 1737 4042 Αἴγυπτον,
1770 3965 2004 4033 ποιήσας

360 4057 468 4112 ἐκεῖ
491 4057 580 4129 ἔτη
612 4061 694 4129 ιζ’.
725 4061 852 4125 "0;,
886 4056 976 4112 ὅτε
1009 4057 1255 4131 ὑπῆρχεν
1303 4054 1435 4109 ἐτῶν
1482 4055 1573 4121 σε’,
1622 4053 1806 4132 φυγὼν
1842 4055 2006 4109 Ἠσαῦ

365 4147 452 4200 τὸν
518 4145 745 4225 ἀδελφὸν
813 4146 982 4202 αὐτοῦ
1064 4146 1396 4214 κατήντησεν
1467 4142 1544 4204 είς
1621 4142 1840 4218 Χαρῥὰν
1906 4148 2007 4210 τῆς

369 4237 772 4309 Μεσοποταμίας
822 4236 961 4310 πρὸς
1019 4228 1200 4287 Λάϐαν
1244 4233 1339 4287 τὸν
1393 4228 1624 4307 ἀδελφὸν
1655 4238 1755 4299 τῆς
1800 4231 2007 4304 μητρὸς

373 4322 858 4393 αὐτοῦῬεϐέκκας,
908 4325 971 4378 οὗ
1026 4327 1134 4376 τῶν
1193 4316 1486 4396 προϐάτων
1544 4321 1742 4391 νομεὺς
1780 4321 2010 4394 γενόμε-

371 4432 453 4474 νος
509 4413 597 4484 ἔτη
650 4417 696 4470 κ’
754 4415 843 4470 καὶ
899 4414 997 4474 τας
1053 4409 1149 4465 δύο
1209 4410 1503 4484 θυγατέρας
1564 4409 1725 4463 αὐτοῦ
1764 4410 1922 4462 Λείαν
1951 4429 2011 4464 τε

372 4503 690 4579 καὶῬαχ-ὶ,λ
732 4508 998 4578 γυναῖκας
1058 4495 1239 4556 λαϐὼν
1289 4498 1446 4575 ἔσχεν
1503 4497 1654 4559 υἱοὺς
1699 4498 1790 4552 καὶ
1846 4510 2012 4572 θυγα-

2077 592 2248 639 natus
2279 589 2367 640 est
2407 584 2691 641 Mslchius
2748 594 2909 656 pater
2966 586 3187 641 Sedeci.
3245 587 3349 640 Hic
3399 588 3590 642 divino
3639 604 3727 642 sa-

2077 673 2333 728 cerdotio
2363 673 2724 746 imperioque
2754 675 3210 730 Chananieorum
3239 682 3446 732 auctus
3499 694 3532 731 a
3561 682 3722 748 patre

2079 779 2288 818 nomen
2310 764 2534 832 habuit,
2556 763 2861 836 dictusque
2882 768 2972 820 est
2989 764 3458 832 Melchisedecus,
3485 766 3720 820 urbem-

2080 867 2192 922 que
2226 853 2281 906 in
2316 857 2511 908 monte
2539 853 2677 909 Sion
2709 853 2988 920 condidit,
3029 853 3216 908 Salem
3261 853 3721 922 deuominatam,

2080 941 2244 1011 quasi
2277 940 2496 997 diceret
2515 942 2808 997 civitatem
2843 945 3037 1013 pacis:
3071 944 3129 997 in
3161 958 3225 997 ea
3260 958 3394 996 cum
3428 949 3725 1013 regnasset

2081 1045 2267 1085 annos
2297 1031 2596 1096 tredecim,
2629 1031 2782 1086 victa
2821 1033 3056 1086 functus
3088 1035 3197 1097 est,
3225 1032 3422 1100 justus
3453 1036 3510 1085 et
3541 1031 3722 1101 virgo,

2083 1124 2146 1173 ut
2168 1119 2460 1188 Josephus
2491 1120 2948 1191 tradit.Magnus
2986 1119 3238 1188 Cyrillus
3277 1119 3348 1174 de
3379 1135 3444 1176 eo
3468 1121 3586 1174 haec
3620 1120 3724 1174 ha—

2083 1207 2197 1264 bet.
2230 1207 2688 1264 Melchisedecus
2745 1208 2872 1263 sine
2928 1207 3266 1280 genealogia
3308 1209 3537 1274 dicitur,
3572 1210 3724 1280 quod

2081 1311 2151 1351 ex
2175 1296 2398 1352 semine
2425 1296 2742 1352 Abrahami
2801 1313 2915 1351 non
2975 1297 3166 1365 fuerit,
3219 1313 3405 1368 neque
3454 1315 3488 1353 a
3534 1303 3728 1369 Moyse

2083 1386 2210 1455 ejus
2242 1385 2576 1457 genealogis
2597 1386 3054 1457 descripta.Erat
3077 1402 3243 1458 porro
3265 1401 3474 1458 genere
3493 1387 3728 1444 Chana-

2085 1490 2268 1543 naeus,
2329 1475 2684 1530 exsecranda
2743 1474 2968 1530 semine
3024 1475 3334 1542 oriundus,
3384 1492 3564 1548 quare
3627 1493 3728 1532 nec

2085 1563 2298 1633 dignus
2325 1562 2558 1618 habitus
2588 1567 2678 1618 est
2706 1563 2876 1633 cujus
2905 1562 3245 1636 genealogia
3291 1565 3527 1637 scriptis
3561 1582 3731 1621 man-

2089 1652 2324 1707 daretur
2356 1676 2371 1720 ;
2403 1652 2712 1707 dedecebat
2741 1653 2954 1723 quippe
2995 1652 3449 1708 absolutissima
3487 1654 3730 1724 justitiaa

2086 1745 2431 1796 sectatorem
2460 1741 2872 1813 perditissima:
2902 1743 3170 1812 nequitiae
3209 1744 3408 1814 generi
3445 1745 3729 1816 capulari.

2087 1829 2444 1885 Hierusalem
2476 1846 2608 1885 vero
2639 1832 2835 1899 Hiera,
2868 1831 2926 1885 id
2975 1840 3059 1885 est
3103 1831 3276 1898 sacri,
3320 1849 3433 1887 una
3479 1849 3611 1887 cum
3640 1850 3732 1888 sa-

2091 1919 2199 1974 lem
2225 1919 2522 1974 additioue
2553 1917 2920 1974 Hierusalem
2968 1918 3118 1975 dicta
3166 1927 3254 1976 est
3285 1937 3299 1987 ;
3349 1921 3524 1992 idque
3550 1921 3636 1976 vel
3669 1939 3735 1977 ex

2089 2007 2488 2062 Melchisedeci
2523 2008 2846 2064 sacerdotio
2877 2007 2965 2063 vel
3009 2025 3078 2064 ex
3137 2008 3333 2079 templi
3382 2011 3736 2066 sacrosancti

2089 2098 2510 2152 exstructione:
2547 2113 2685 2152 nam
2719 2097 2882 2168 prius
2915 2098 3084 2153 Iebus
3117 2103 3504 2171 nuncupatur.

2164 2277 2338 2333 Lotus
2361 2275 2678 2332 Abrahami
2710 2277 2907 2334 fratris
2939 2277 3097 2334 ﬁlius
3127 2279 3274 2334 duos
3305 2277 3456 2335 ﬁlios
3488 2294 3553 2334 ex
3588 2278 3737 2334 ﬁlia-

2091 2366 2198 2421 bus
2243 2365 2462 2436 genuit,
2523 2365 2795 2422 Moabum
2851 2371 2910 2422 et
2965 2373 3348 2436 Ammanum,
3404 2384 3473 2423 ex
3520 2369 3738 2438 quibus

2091 2454 2354 2510 Moabitai
2386 2454 2668 2526 originem
2702 2455 2936 2514 habent.

2162 2543 2210 2597 9
2247 2543 2611 2599 Abrahamus
2641 2561 2709 2599 ex
2739 2549 2924 2615 Agare
2961 2545 3223 2616 [Egyptia
3269 2544 3482 2600 ancilla
3531 2548 3738 2602 Ismae-

2093 2629 2204 2686 lem
2237 2632 2583 2701 procreavit,
2615 2631 2876 2686 Isaacum
2902 2648 2971 2687 ex
2999 2637 3187 2687 Sarra.
3228 2634 3460 2688 Isaacus
3509 2633 3650 2687 Esau
3687 2639 3744 2689 et

2092 2718 2374 2773 Jacobum
2405 2735 2474 2773 ex
2495 2718 2774 2774 Rebecca.
2838 2720 2916 2774 Ex
2967 2721 3119 2775 Esau
3181 2722 3443 2775 nascitur
3487 2722 3742 2776 Edomus

2097 2807 2243 2878 patri
2274 2807 2640 2877 cognominis
2671 2815 2725 2862 et
2755 2807 3010 2877 Amalec,
3042 2825 3112 2864 ex
3143 2808 3357 2879 quibus
3397 2809 3634 2863 Idumaei
3685 2814 3744 2864 et

2095 2895 2447 2950 Amalecitai.
2479 2897 2560 2950 Ex
2614 2896 2848 2965 Jacobo,
2876 2897 2976 2968 qui
3032 2903 3090 2952 et
3146 2897 3424 2964 lsraalus,
3463 2898 3662 2967 ludas,
3709 2915 3744 2952 a

2099 3001 2213 3056 quo
2233 2983 2419 3040 Judaei
2448 3000 2674 3052 omnes,
2705 2985 2878 3040 etiam
2912 2986 2985 3040 ab
3017 2985 3145 3041 aliis
3177 2986 3381 3052 exorti,
3424 2986 3744 3058 nuncupati

2099 3083 2258 3144 sunt,
2291 3074 2564 3131 israelitaa
2593 3075 2644 3132 si
2676 3076 2909 3148 quidem
2941 3093 2974 3132 a
3031 3082 3193 3148 patre
3233 3077 3469 3147 Jacobo,
3503 3078 3684 3133 Judaei
3714 3095 3748 3133 α

2103 3165 2388 3221 nobiliore
2437 3165 2612 3220 fratre
2668 3165 2818 3222 Juda
2872 3166 3320 3238 appellationem
3384 3169 3616 3224 habent.
3667 3168 3747 3222 Ex

2105 3253 2352 3311 Ismaele
2376 3254 2667 3326 principes
2683 3259 2742 3312 et
2771 3271 2973 3311 eorum
3014 3272 3113 3312 sex
3143 3258 3430 3325 nationes,
3465 3257 3562 3329 qui
3595 3272 3749 3313 nunc

2106 3347 2406 3403 Sarraceni
2430 3351 2487 3402 et
2517 3347 2767 3419 Agareni
2797 3355 3094 3405 vocantur.
3129 3349 3548 3404 Porrodivinus
3568 3348 3749 3403 Abra-

2107 3436 2319 3492 hamus
2343 3453 2408 3491 ex
2431 3436 2704 3492 Chettura
2725 3442 3022 3509 postrema
3043 3454 3221 3493 uxore
3251 3437 3467 3493 liberos
3489 3439 3751 3508 quinque

2108 3527 2404 3597 suscepit:
2428 3526 2581 3581 inter
2601 3543 2701 3582 eos
2728 3526 3058 3583 Madiamus
3080 3535 3189 3594 est,
3205 3543 3238 3581 a
3257 3544 3372 3597 quo
3401 3527 3754 3594 Madianitm,

2109 3621 2167 3672 et
2187 3616 2345 3683 Afer,
2371 3633 2403 3670 a
2424 3632 2540 3686 quo
2565 3616 3026 3672 Africa.Isaacus
3049 3617 3343 3685 occubuit,
3360 3631 3490 3670 cum
3513 3616 3564 3670 vi
3583 3617 3755 3670 {isset

2111 3720 2296 3760 annos
2327 3719 2530 3760 omnes
2552 3704 2728 3759 simul
2759 3710 2994 3760 centum
3027 3703 3636 3775 octuaginta.Jacobus
3661 3721 3758 3757 an-

2112 3808 2322 3848 norum
2353 3796 2586 3847 centum
2637 3791 3064 3864 quinquaginta
3121 3797 3368 3864 quatuor
3416 3791 3566 3846 diem
3617 3791 3760 3846 obiit

2113 3880 2173 3934 in
2204 3881 2466 3951 Egypto,
2492 3887 2801 3950 postquam
2835 3880 2915 3935 ibi
2966 3884 3362 3935 commoratus
3393 3885 3545 3934 esset
3575 3896 3760 3935 annos

2116 3969 2548 4042 septemdecim.
2578 3969 2676 4024 Hic
2699 3986 2886 4025 annos
2911 3975 3079 4026 natus
3096 3970 3468 4041 septuaginta
3507 3971 3764 4040 quinque

2116 4059 2324 4113 timore
2355 4057 2545 4112 fratris
2577 4058 2725 4112 Esau
2775 4057 3006 4129 fugiens
3058 4057 3301 4112 Carrhas
3341 4056 3762 4127 MesOpolamiaa

2118 4147 2379 4218 pervenit
2401 4147 2471 4201 ad
2498 4146 2791 4200 Labanum
2820 4146 3024 4201 matris
3041 4145 3308 4202 Rebeccae
3335 4146 3770 4216 fratrem,eujus

2118 4252 2251 4291 cum
2285 4233 2489 4306 viginti
2520 4250 2707 4290 annos
2737 4250 2868 4289 oves
2901 4234 3174 4304 pavisset,
3209 4236 3310 4291 Lia
3341 4241 3517 4307 atque
3548 4234 3770 4290 Rache-

2120 4325 2172 4381 le
2206 4324 2426 4380 Labani
2459 4323 2692 4378 ﬁliabus
2720 4323 2911 4378 ductis
2943 4323 3092 4378 ﬁlios
3116 4324 3381 4394 ﬁliasque
3403 4324 3769 4394 tulil,partim

2121 4414 2193 4470 ab
2223 4411 2427 4468 liberis
2460 4411 2983 4482 uxoribus,partim
3028 4413 3099 4467 ab
3126 4412 3352 4468 ancillis
3381 4412 3536 4466 Balla
3565 4421 3615 4465 el
3647 4411 3770 4466 Zel-

2123 4502 2326 4574 phase.
2360 4507 2527 4555 Anno
2555 4500 2828 4571 vigesimo
2845 4501 3044 4572 elapso
3077 4501 3258 4555 redux
3300 4516 3331 4554 e
3362 4501 3771 4569 Mesopmamia

371 4589 540 4661 τέρας,
601 4593 722 4665 μίαν
803 4590 908 4645 ἀπό
981 4609 1043 4644 τε
1105 4594 1212 4642 τῶν
1271 4587 1565 4662 ἐλευθέρων
1623 4586 1729 4640 ἀπὸ
1787 4607 1844 4640 τε
1900 4587 1991 4641 τῶπ

2119 4589 2404 4644 interram
2439 4589 2710 4644 Chanaan
2736 4589 3012 4644 visionem
3055 4588 3289 4644 Bethele
3327 4588 3646 4658 conspexit.
3683 4587 3774 4660 Illi

373 4678 741 4752 θεραπαινίδων
777 4679 957 4741 Βάλας
999 4677 1091 4732 καὶ
1132 4674 1356 4755 Ζελφάν.
1399 4675 1551 4732 Μετὰ
1590 4673 1646 4729 δὲ
1683 4675 1774 4728 τὸν
1797 4681 1842 4728 κ’
1874 4675 2008 4748 χρό-

371 4786 459 4820 νον
507 4777 598 4839 τῆς
653 4769 714 4825 ἒκ
765 4768 1187 4839 Μεςοποταμίας
1260 4767 1398 4839 πρὸς
1453 4771 1554 4839 γῆν
1621 4763 1829 4818 Χαναὰν
1887 4765 2014 4816 ὑπο-

374 4866 596 4935 στροφῆς
628 4857 764 4914 εἶδεν
796 4860 985 4934 ὅρασιν
1038 4855 1091 4910 έν
1154 4853 1392 4923 Βαιθήλ,
1420 4853 1512 4907 καὶ
1542 4852 1716 4908 πάντα
1743 4849 2013 4906 ἀποδεκα-

371 4947 536 5010 τώσας
593 4952 723 5024 ἅπερ
783 4947 1046 5016 ἐκέκτητο
1123 4943 1464 5004 τελευταίους
1526 4937 1830 4996 ὑποϐάλλει
1885 4940 2014 5004 τοὺς

369 5034 574 5110 παῖδας,
627 5039 715 5094 καὶ
775 5038 886 5094 ἀπὸ
942 5040 1041 5092 τοῦ
1100 5034 1355 5107 Βενιαμὶν
1410 5033 1707 5108 ἀρξάμενος
1745 5029 2008 5086 ἀνάπαλιν

369 5127 454 5178 καὶ
493 5126 572 5182 ἐπὶ
613 5131 703 5184 τὸν
752 5127 892 5185 Λευῖ
948 5123 1125 5188 ἐλθὼν
1183 5127 1372 5176 τοῦτον
1422 5121 1740 5194 προσήγαγέ
1766 5124 1844 5190 τῷ
1874 5121 2010 5190 Θεῷ.

366 5215 428 5270 Ὀ
479 5223 596 5291 γοῦν
635 5219 816 5276 Ἰσαὰκ
873 5214 968 5269 καὶ
1027 5215 1063 5281 ἡ
1115 5207 1375 5267 Ῥεϐέκκα
1435 5211 1570 5282 μετά
1625 5210 1726 5277 τήν
1781 5210 2011 5264 τοῦἸα⁴

365 5302 476 5360 κὼϐ
506 5307 785 5376 ἐπάνοδον,
849 5301 1362 5378 προσκαλεσάμενοι
1425 5299 1516 5353 τόν
1579 5319 1637 5352 τε
1692 5294 1891 5353 Ἰακὼϐ
1922 5297 2013 5352 καὶ

363 5396 449 5450 τὸν
503 5400 687 5468 Ἡσαῦ,
782 5394 877 5451 καὶ
967 5387 1441 5465 παρακαλέσαντες
1505 5387 1700 5447 αὐτοὺς
1757 5386 1870 5459 ἃμα
1924 5386 2013 5440 καὶ

361 5484 786 5564 ἓνορκωσαμενοι
848 5483 1082 5558 εἰρήνην
1154 5478 1302 5552 ἃγειν
1386 5478 1521 5550 πρὸς
1581 5474 1866 5564 ἀλλήλους
1923 5475 2012 5529 καὶ

353 5563 457 5646 τήν
507 5579 808 5659 ἀδελφικὴν
892 5569 1213 5639 οἰκειότητα
1301 5569 1651 5637 ἂσπαζεσθαι,
1717 5563 2013 5619 τελευτῶσι

351 5668 576 5750 προτέρα
634 5653 736 5748 μέν
798 5669 837 5738 ἡ
902 5656 1192 5730 Ῥεϐέκκα,
1250 5657 1361 5712 εἶτα
1443 5655 1534 5710 καὶ
1591 5656 1620 5710 ὁ
1675 5653 1874 5721 Ἰσαὰκ,
1935 5658 2014 5729 τῷ

2123 4693 2252 4732 cum
2276 4694 2344 4732 ex
2366 4678 2640 4733 omnibus
2665 4694 2792 4748 quas
2819 4676 3415 4749 possideretdecimas
3437 4675 3768 4742 obtulisset,

2124 4770 2484 4835 postremum
2517 4771 2574 4821 et
2603 4783 2672 4820 ex
2708 4767 2860 4831 ﬁliis,
2904 4785 2936 4820 a
2987 4766 3329 4835 Benjamino
3385 4765 3557 4821 ducto
3605 4765 3772 4820 initio

2123 4853 2532 4918 dinumeratis,
2563 4855 2766 4910 ordine
2804 4863 3154 4924 praepostero
3178 4855 3252 4910 ad
3271 4855 3468 4911 Levim
3505 4872 3770 4928 progres-

2122 4959 2377 5012 sus,eum
2403 4943 2695 4997 decimum
2718 4949 3012 5013 repertum
3037 4945 3137 4998 ιο
3171 4949 3282 5000 Deo
3321 4946 3569 5002 devovit.
3604 4949 3773 5000 Porro

2124 5033 2351 5087 Isaacus
2381 5036 2437 5087 et
2483 5032 2739 5088 Rebecca
2782 5032 2999 5088 accitos
3055 5033 3338 5089 Jocobum
3399 5050 3636 5106 peregre
3695 5050 3778 5089 re-

2122 5137 2389 5193 gressum
2435 5126 2493 5176 et
2533 5122 2678 5177 Esau
2741 5122 3010 5193 precibus
3066 5127 3123 5178 et
3163 5124 3334 5189 votis,
3367 5140 3567 5179 eorum
3597 5123 3770 5177 etiam

2123 5212 2696 5282 ﬁdemjurejurando
2727 5213 3023 5282 adstricta,
3055 5215 3542 5272 adhortanturnti
3575 5228 3774 5285 pacem

2126 5307 2389 5356 mutuam
2421 5302 2764 5373 vinculaque
2824 5304 3099 5358 fraternm
3158 5303 3446 5358 societatis
3505 5301 3776 5356 inviolata

2123 5394 2380 5456 servent;
2402 5389 2598 5461 sicque
2613 5393 2761 5446 diem
2786 5395 3022 5460 obeunt,
3045 5391 3201 5462 prior
3229 5392 3465 5462 quidem
3491 5390 3770 5458 Rebecca,

2125 5495 2239 5533 non
2275 5478 2454 5533 multo
2505 5484 2634 5549 post
2683 5480 2933 5547 Isaacus,
2978 5480 3192 5535 Jacobo
3248 5477 3773 5549 primogenitijura

2125 5567 2370 5637 elargiti.
2395 5572 2531 5623 Post
2562 5569 2684 5624 haec
2717 5570 2864 5624 Esau
2915 5569 3170 5624 Amaleci
3217 5567 3323 5622 ﬁlii
3356 5560 3775 5622 cohortationi-

2127 5659 2234 5714 bus
2260 5659 2318 5714 in
2345 5657 2629 5716 Jacobum
2663 5661 2899 5716 fratrem
2933 5661 3274 5727 concitatus,
3308 5656 3559 5711 militum
3592 5663 3770 5706 manu
