4150 6292
307 361 407 421 233

1681 352 1780 414 GH
1789 347 2361 413 RONOGRAPHIA

3612 350 3733 416 ΞΜ

380 487 521 546 Μετὰ
547 485 605 543 δὲ
651 485 802 550 τοὺς
842 486 1037 563 κριτὰς
1100 479 1274 562 ἔκρινε
1328 486 1421 542 τὸν
1479 482 1612 541 λαὸν
1676 481 1963 563 ἀρχιερεὺς

2144 482 2280 538 Post
2294 481 2528 553 judices
2544 480 2831 553 judicavit
2856 482 3141 554 populum
3162 498 3434 542 summus
3454 485 3733 543 sacerdos

333 575 458 633 Ἡλεί
486 575 575 646 ἔτη
614 582 689 645 κ’,
749 575 855 631 καὶ
916 579 984 649 τῇ
1039 574 1293 649 παροινίᾳ
1338 573 1429 628 καὶ
1471 574 1660 645 ἀταξίᾳ
1698 576 1805 627 τῶν
1839 572 1968 625 υἱῶν

343 665 469 720 αὐτοῦ
496 664 672 742 Ὁφνεὶ
711 665 812 720 καὶ
876 665 1063 729 Φινεὲς
1112 670 1181 740 τῇ
1242 662 1329 718 ἐπὶ
1372 668 1478 718 τῶν
1512 665 1704 718 θυσιῶν
1734 660 1968 731 ἐπῆλθεν

344 754 550 824 αὐτοῖςή
582 754 702 810 θεία
764 751 922 824 δίκη·
976 754 1029 808 οὶ
1090 755 1184 827 μὲν
1238 754 1342 829 γαρ
1371 754 1425 808 ἒν
1453 758 1533 826 τῷ
1581 752 1814 825 πολέμῳ
1856 747 1970 805 δει-

340 849 421 906 νῶς
445 844 809 918 ἀνῃρέθησαν,
872 845 903 897 6
957 840 1016 897 δὲ
1073 843 1177 898 ἀπὸ
1229 847 1326 898 τοῦ
1385 840 1580 921 δίφρου
1635 842 1811 896 πεσὼν
1847 839 1973 894 ὀπι-

341 933 479 997 σθίως
503 932 598 988 καὶ
627 933 724 989 τὸν
755 936 936 988 νῶτον
972 926 1268 1007 συντριϐεὶς
1301 931 1557 987 ἀπέθανεν
1593 930 1728 985 ἐτῶν
1758 930 1826 1006 ἴτ’.

397 1022 533 1077 Μετὰ
588 1019 647 1077 δὲ
703 1019 862 1078 Ἠλεὶ
922 1020 1190 1095 Σαμουὴλ
1247 1022 1275 1076 6
1331 1021 1622 1099 προφήτης
1666 1018 1757 1074 καὶ
1797 1018 1971 1092 ἱερεὺς

339 1108 419 1180 ἔτη
473 1109 540 1166 λ“.
601 1111 701 1165 Καὶ
757 1108 1163 1184 συναθροίζεται
1219 1111 1247 1163 6
1298 1108 1433 1171 λαός
1483 1109 1619 1183 πρὸς
1679 1106 1840 1163 αὐτὸν
1898 1107 1974 1167 είς

336 1200 635 1273 Ἀρμαθαὶμ
686 1199 1015 1272 αἰτούμενος
1076 1195 1321 1273 βασιλέα.
1376 1202 1465 1271 Τῷ
1524 1195 1580 1252 δὲ
1637 1194 1843 1276 σφόδρα
1875 1195 1975 1252 λυ-

332 1287 541 1359 πηθέντι
615 1289 762 1344 εἶπεν
818 1290 847 1343 6
907 1288 1060 1350 Θεός·
1135 1288 1400 1343 ’Ἄκουσον
1476 1294 1579 1357 τῆς
1630 1293 1818 1364 φωνῆς
1874 1288 1974 1340 τοῦ

333 1378 479 1450 λαοῦ,
546 1378 631 1432 δτι
700 1377 768 1432 οὗ
836 1378 896 1432 σὶ
958 1373 1429 1448 ἐξουδενώσουσιν,
1497 1373 1623 1432 ἀλλ’
1689 1375 1809 1448 ἐμὲ,
1877 1375 1973 1431 τοῦ

330 1467 408 1540 μὴ
463 1464 767 1541 βασιλεύειν
825 1465 910 1520 ἐπ’
968 1464 1162 1521 αὐτῶν.
1217 1465 1322 1523 Καὶ
1390 1462 1588 1520 ἔδωκεν
1648 1464 1833 1526 αὐτοῖς
1884 1463 1976 1518 τὸν

324 1555 504 1611 Σαοὺλ
544 1556 603 1611 ἐκ
645 1556 824 1636 φυλῆς
856 1558 1142 1628 Βενιαμὶν,
1176 1556 1372 1635 χρίσας
1405 1556 1570 1611 αὐτὸν
1615 1554 1691 1617 εἷς
1725 1552 1970 1629 βασιλέα.

389 1645 540 1703 Meti
590 1643 682 1701 οὖν
733 1642 1005 1719 Σαμουὴλ
1067 1640 1377 1701 ἐϐασίλευσε
1428 1641 1611 1699 Σαοὺλ
1661 1637 1754 1714 ἔτη
1806 1644 1879 1717 μ’,
1914 1641 1973 1705 ὅς

318 1735 605 1809 τολμήσας
659 1738 927 1811 πρότερον
1000 1736 1094 1809 μὲν
1157 1739 1415 1809 θυμιᾶσαι
1488 1740 1568 1805 τῷ
1644 1739 1778 1807 Θεῷ,
1860 1734 1976 1790 εἶτα

320 1820 566 1902 παραϐάς
596 1826 697 1894 τὴν
726 1823 960 1895 ἐντολὴν
1004 1828 1100 1879 τοῦ
1148 1830 1280 1880 Θεοῦ
1338 1824 1426 1879 ἐπὶ
1484 1828 1603 1886 τοῖς
1661 1822 1975 1897 Ἀμαληκί-
2003 1860 2051 1926 Β

319 1938 453 1987 ταις,
488 1921 850 1989 ζωογονησας
902 1913 1077 1987 Ἀγὰγ
1124 1914 1212 1969 τὸν
1265 1911 1493 1990 βασιλέα
1542 1912 1742 1986 αὐτῶν,
1775 1912 1973 1982 ἢκουσε

320 2006 461 2081 παρὰ
518 2008 621 2060 τοῦ⁹
679 2005 997 2081 προφήτου,
1056 2001 1137 2057 ὅτι
1178 2001 1570 2076 Μεματαίωταί
1622 2024 1728 2075 σοι,
1761 2004 1845 2058 ὅτι
1876 2001 1977 2057 οὐκ

318 2093 583 2172 ἐφύλαξας
613 2095 717 2163 τὴν
748 2089 981 2163 ἐντολήν
1016 2112 1143 2166 μου,
1188 2089 1255 2162 ἤν
1307 2090 1604 2148 ἐνετείλατό
1634 2113 1719 2147 σοι
1751 2092 1973 2168 Κύριος,

315 2186 401 2240 καὶ
431 2186 498 2239 τὰ
529 2184 677 2256 ἑξῆς.

383 2274 529 2330 Μετὰ
576 2272 636 2330 δὶ
696 2272 887 2328 Σαοὺλ
937 2267 1248 2329 ἐϐασίλευσε
1302 2268 1467 2328 Δαϐὶδ
1500 2272 1559 2327 ἐκ
1586 2269 1765 2351 φυλῆς
1797 2270 1973 2330 Ἰούδα

312 2358 402 2434 ἔτη
458 2370 533 2438 μ’.
590 2362 652 2425 ὅς
710 2362 805 2417 καὶ
864 2361 1091 2432 ἐποίησε
1142 2363 1208 2416 τὰ
1274 2359 1557 2433 θελήματα
1614 2365 1712 2416 τοῦ
1770 2361 1971 2437 Κυρίου

315 2454 499 2511 πάντα.
560 2452 820 2522 Ηατάξας
890 2450 950 2506 δὲ
1005 2451 1094 2505 καὶ
1146 2451 1237 2506 τὸν
1301 2449 1512 2526 Μελχὼ
1581 2449 1808 2526 βασιλέα
1863 2455 1968 2507 τῶν

318 2544 524 2618 Σύρων,
553 2542 649 2598 καὶ
695 2536 889 2596 λαϐὼν
938 2540 1034 2595 τὸν
1094 2540 1181 2596 ἐπὶ
1234 2548 1333 2611 τῆς
1390 2541 1632 2617 κεφαλῆς
1666 2541 1830 2595 αὐτοῦ
1862 2541 1974 2596 στέ-

321 2653 481 2709 φανον
511 2636 751 2707 χρυσοῦν
813 2629 1013 2707 μέγαν,
1070 2625 1269 2706 ἔχοντα
1328 2626 1517 2691 λίθους
1576 2628 1813 2703 τιμίους,
1846 2629 1971 2706 ἐφό-

328 2739 469 2794 ρεσεν
501 2721 683 2790 αὑτὸν,
724 2720 814 2775 mi
873 2721 943 2789 ἦν
1004 2719 1091 2774 ἐπὶ
1146 2726 1245 2789 τῆς
1286 2716 1534 2794 κεφαλῆς
1564 2717 1732 2774 αὐτοῦ
1764 2718 1970 2792 κόσμος

328 2807 774 2883 εὐπρεπέστατος,
830 2810 968 2886 ὅπερ
1065 2806 1249 2879 δηλῶν
1325 2803 1450 2887 ἔφη·
1520 2807 1706 2883 Κύριε,
1783 2807 1834 2863 ἐν
1900 2813 1970 2883 τῇ

323 2896 558 2972 δυνάμει
629 2918 728 2953 σου
790 2900 1211 2977 εὐφρανθήσεται
1276 2901 1304 2952 ὁ
1389 2896 1667 2973 βασιλεὺς,
1742 2897 1832 2952 καὶ
1906 2898 1973 2952 τά

309 2988 492 3044 λοιπά
547 2992 647 3044 τοῦ
711 2986 958 3062 ψαλμῶ.
1022 2983 1391 3062 Ηρεσϐύτερος
1451 2984 1542 3042 οὗν
1597 2985 1687 3040 καὶ
1744 2983 1969 3060 πλήρης

298 3081 536 3155 ἡμερῶν
596 3079 916 3152 γενόμενος,
973 3078 1062 3132 καὶ
1128 3074 1450 3151 βασιλεύσας
1494 3076 1587 3131 τὸν
1636 3076 1750 3130 υἱὸν
1805 3074 1970 3130 αὐτοῦ

2090 570 2207 628 Heli
2242 588 2394 627 anno
2429 570 2654 644 viginti.
2690 571 2747 627 Is
2786 570 3044 629 ﬁliorum
3100 572 3324 644 Ophnis
3377 578 3434 630 et
3486 574 3737 634 Phineas

2085 661 2410 734 petulantia
2438 679 2503 717 ac
2535 662 2911 732 perversitate
2940 662 3002 719 in
3032 663 3338 721 sacriﬁciis
3368 665 3545 721 simul
3597 682 3734 724 cum

2086 752 2223 808 ﬁliis
2248 768 2416 821 grave
2446 751 2723 807 Numinis
2744 752 3038 823 judicium
3072 753 3294 809 subiit:
3327 753 3388 809 hi
3428 755 3644 828 quippe
3672 757 3735 814 in

2086 839 2279 910 praelio
2311 838 2626 895 crudeliter
2655 840 2786 896 caesi
2820 843 2979 909 sunt,
3009 839 3109 896 ille
3138 842 3208 897 de
3238 840 3383 897 sella
3408 847 3732 903 retrorsum

2086 929 2300 984 cadens
2329 929 2622 984 contracto
2655 929 2827 985 dorso
2860 934 3131 986 mortuus
3147 933 3236 986 est
3252 947 3541 988 annorum
3563 933 3656 990 90.

2156 1015 2294 1072 Post
2321 1016 2450 1073 Heli
2489 1017 2779 1088 judicavit
2825 1017 3105 1090 papulum
3157 1018 3389 1075 Samuel
3448 1021 3732 1094 propheta

2086 1109 2145 1164 et
2174 1107 2445 1163 sacerdos
2476 1123 2659 1162 annos
2687 1106 2947 1179 triginta.
2981 1107 3048 1162 Et
3076 1112 3463 1180 congregatus
3479 1110 3732 1183 populus

2085 1195 2147 1251 in
2197 1196 2572 1252 Armathaem
2622 1211 2817 1269 regem
2866 1197 3148 1268 exposcit.
3200 1199 3322 1264 Quo
3365 1214 3500 1255 cum
3553 1200 3732 1261 nimis

2085 1283 2319 1341 Samuel
2350 1283 2721 1353 indoluisset,
2757 1285 2876 1340 haec
2904 1285 3020 1343 sibi
3049 1302 3084 1341 a
3112 1285 3231 1343 Deo
3261 1286 3377 1344 dici
3404 1287 3733 1349 intellexit:

2085 1374 2231 1431 Audi
2246 1389 2427 1430 vocem
2439 1375 2654 1447 populi,
2676 1377 2937 1446 quoniam
2951 1392 3063 1434 non
3081 1380 3132 1432 te
3150 1383 3496 1450 spreverunt,
3508 1379 3602 1436 sed
3621 1397 3730 1451 me,

2086 1473 2148 1522 ut
2176 1482 2287 1522 non
2317 1477 2537 1538 regnem
2552 1482 2717 1538 super
2735 1482 2846 1524 eos.
2872 1465 2938 1522 Et
2957 1466 3118 1524 dedit
3134 1467 3252 1524 illis
3274 1467 3517 1526 Saulum
3540 1469 3731 1528 filium

2085 1558 2301 1615 Cisiex
2336 1557 2489 1612 tribu
2549 1558 2875 1628 Benjamin,
2936 1575 3111 1631 quem
3169 1558 3337 1616 unxit
3389 1560 3452 1617 in
3507 1577 3729 1637 regem.

2155 1649 2295 1702 Post
2315 1644 2647 1701 Samuelem
2682 1645 2897 1704 Saulus
2926 1648 3093 1721 regni
3119 1649 3518 1722 gubernacula
3534 1668 3734 1709 susce-

2085 1737 2167 1808 pit
2198 1752 2300 1807 per
2329 1751 2515 1791 annos
2546 1736 2955 1808 quadraginta.
2988 1737 3089 1793 Hio
3118 1754 3253 1795 cum
3276 1740 3533 1812 primum
3554 1740 3732 1799 thura

2086 1825 2201 1881 Deo
2232 1824 2614 1892 incendisset,
2654 1824 2861 1881 deinde
2893 1826 3168 1883 mandato
3200 1827 3471 1885 Numinis
3515 1829 3729 1887 violato

2081 1917 2152 1971 de
2179 1913 2518 1971 Amalecitis
2546 1917 2818 1987 Agagum
2844 1931 3050 1972 eorum
3097 1932 3291 1991 regem
3340 1920 3532 1977 vivum
3585 1935 3730 1978 con-

2077 2008 2388 2075 servasset,
2419 2004 2609 2060 audiit
2641 2005 2738 2060 13
2770 2022 2804 2060 a
2834 2005 3157 2078 propheta:
3191 2007 3366 2064 Stulte
3383 2011 3592 2081 factum
3607 2018 3724 2069 est:

2076 2093 2404 2150 mandatum
2432 2110 2638 2164 meum,
2673 2093 2814 2168 quod
2838 2097 3107 2170 praecepit
3134 2096 3241 2154 tibi
3269 2099 3570 2174 Dominus,
3615 2116 3729 2159 non

2076 2186 2327 2254 servasti,
2358 2189 2462 2240 etc.

2147 2271 2323 2329 Saulo
2357 2272 2638 2329 successit
2676 2272 2736 2328 in
2785 2287 2965 2348 regno
3010 2274 3195 2333 David
3247 2292 3317 2334 ex
3361 2279 3521 2337 tribu
3566 2281 3723 2339 Juda

2075 2379 2259 2420 annos
2291 2362 2699 2434 quadraginta,
2731 2363 2833 2435 qui
2868 2364 2979 2421 Deo
3001 2380 3221 2423 morem
3244 2368 3429 2440 gessit
3445 2370 3517 2427 de
3536 2374 3726 2429 omni-

2077 2453 2207 2510 bus.
2242 2451 2344 2507 Hic
2374 2451 2696 2510 Melchomo
2735 2452 3014 2525 Syrorum
3046 2470 3180 2528 rege
3218 2456 3508 2517 debellato
3550 2477 3725 2520 coro-

2077 2559 2215 2599 nam
2269 2557 2566 2612 rr.agnam,
2618 2542 2889 2613 pretiosis
2946 2542 3239 2602 illustrem
3284 2547 3601 2621 lapidibus,
3652 2569 3723 2610 ex

2076 2630 2238 2687 illius
2267 2631 2456 2702 capite
2486 2629 2781 2686 sublatam
2812 2631 2923 2688 sibi
2954 2633 3255 2704 imposuit,
3286 2642 3557 2696 ornatum
3585 2640 3721 2711 pul-

2078 2721 2435 2777 cherrimum
2492 2736 2557 2775 ac
2613 2719 2886 2791 regalem,
2946 2723 3100 2793 quod
3145 2723 3271 2795 ipse
3327 2725 3449 2782 illis
3489 2725 3724 2788 innuit:

2080 2811 2337 2876 Domine,
2367 2809 2430 2864 in
2454 2808 2664 2865 virtute
2725 2812 2819 2865 tua
2876 2810 3163 2868 laetabitur
3212 2829 3334 2884 rex,
3385 2818 3444 2871 et
3498 2816 3727 2890 reliqua

2076 2899 2235 2955 illius
2272 2897 2505 2969 psalmi.
2537 2897 2715 2954 David
2758 2901 3033 2969 praeterea
3090 2900 3254 2958 senio
3309 2904 3611 2962 confectus
3667 2910 3726 2965 et

2077 2989 2286 3045 diebus
2318 2991 2549 3058 auctus,
2582 3003 2716 3042 cum
2772 2987 3141 3047 Salomonem
3198 3007 3390 3064 regem
3451 3003 3724 3065 creasset,

2078 3078 2261 3134 dixit:
2291 3081 2369 3134 Et
2397 3094 2565 3149 nunc,
2594 3077 2873 3147 Salomon,
2904 3094 3067 3136 nosce
3093 3080 3269 3138 Deum
3313 3088 3547 3156 patrum
3602 3089 3727 3143 tuo-

296 3170 682 3241 Σολομῶντα,
742 3167 892 3222 εἶπεν
952 3165 1122 3238 αὐτῷ·
1179 3166 1276 3221 Καὶ
1331 3169 1446 3235 νῦν,
1500 3163 1774 3238 Σολομὸν,
1804 3166 1971 3238 γνῶθι

2088 3186 2227 3236 rum,
2260 3172 2314 3225 et
2339 3169 2490 3224 servi
2510 3168 2563 3223 ei
2594 3169 2656 3223 in
2684 3168 2845 3224 corde
2884 3170 3124 3241 perfecto
3150 3181 3207 3228 et
3245 3174 3441 3231 anima
3489 3176 3724 3245 volente,

297 3261 386 3313 τὸν
436 3260 576 3314 Θεὸν
629 3261 745 3313 τῶν
802 3258 1056 3332 πατέρων
1109 3276 1223 3328 σου,
1281 3255 1372 3311 καὶ
1433 3252 1658 3310 δούλευε
1722 3254 1870 3325 αὐτῷ
1918 3252 1970 3308 ἐν

2088 3260 2343 3330 quoniam
2372 3256 2539 3314 corda
2565 3257 2815 3314 omnium
2843 3264 3129 3316 scrutatur
3158 3264 3449 3335 Dominus,
3498 3272 3557 3322 et
3601 3236 3726 3324 om;

305 3346 492 3421 καρδίᾳ
549 3344 746 3418 τελείᾳ
812 3347 905 3401 καὶ
970 3349 1128 3423 ψυχῇ
1202 3343 1454 3420 θελούσῃ’
1561 3345 1645 3399 ὅτι
1746 3340 1969 3416 καρδίας

309 3436 470 3499 πάσας
548 3436 739 3504 ἐτάζει
815 3434 1018 3510 Κύριος
1091 3434 1176 3489 καὶ
1253 3437 1357 3489 πᾶν
1433 3431 1724 3507 ἐνθύμημα
1805 3432 1973 3507 γινώ-

308 3544 439 3585 σκει.
500 3525 606 3581 Καὶ
688 3523 780 3579 ἐὰν
860 3525 1108 3597 ζητήσῃς
1179 3521 1363 3593 αὐτὸν,
1441 3519 1781 3596 εὖρεθήσεταί
1861 3538 1967 3575 σοι·

306 3617 393 3668 καὶ
471 3615 566 3671 ἐάν
643 3612 992 3688 καταλείψῃς
1092 3610 1274 3683 αὐτὸν,
1376 3611 1690 3685 καταλείψει
1766 3632 1823 3666 σε
1897 3609 1975 3674 εἷς

310 3702 490 3766 τέλος.
552 3706 657 3760 Καὶ
698 3701 899 3758 ἔδωκεν
960 3700 1108 3773 αὐτῷ
1160 3701 1224 3757 τὸ
1279 3698 1628 3777 παράδειγμα
1682 3704 1780 3756 τοῦ
1844 3703 1973 3755 ναοῦ

324 3796 517 3856 παντὸς
594 3793 649 3848 ἐν
730 3797 940 3872 γραφῇ,
1004 3789 1198 3866 λέγων·
1276 3793 1465 3864 ’Ίσχυε
1536 3789 1626 3845 καὶ
1700 3787 1974 3864 ἀνδρίζου,

330 3877 404 3932 ὅτι
461 3881 668 3957 Κύριος
701 3881 730 3935 6
761 3880 893 3942 Θεός
945 3899 1056 3952 μου
1121 3878 1254 3951 μετὰ
1292 3883 1412 3936 σοῦ.
1465 3876 1565 3933 Καὶ
1625 3877 1758 3951 μετὰ
1809 3880 1977 3933 ταῦτα

329 3964 668 4042 ἐτελεύτησεν
716 3968 769 4024 ἐν
820 3971 970 4043 γήρα
1019 3966 1173 4040 καλῷ
1228 3966 1457 4041 πλούτῳ
1495 3987 1553 4022 τε
1595 3967 1683 4022 καὶ
1726 3964 1854 4041 δόξῃ
1886 3964 1976 4021 καὶ

329 4054 567 4130 εὐσεϐείᾳ
625 4057 762 4114 ἒτῶν
820 4059 884 4114 ο“.
936 4058 1039 4113 Ἢν
1083 4053 1138 4111 δὲ
1172 4054 1305 4111 ἐτῶν
1339 4054 1394 4111 λ’
1425 4051 1592 4110 Δαϐὶδ
1632 4055 1684 4110 ἐν
1711 4059 1790 4128 τῷ
1826 4056 1974 4129 βασι-

331 4141 503 4202 λεύειν
544 4148 733 4217 αὐτὸν,
768 4142 1092 4204 ἐϐασίλευσε
1141 4142 1198 4200 δὲ
1251 4147 1340 4201 καὶ
1387 4142 1479 4217 ἔτη
1544 4147 1618 4218 μ’.
1675 4145 1850 4202 Ἀλλὰ
1878 4151 1981 4215 τῆς

328 4234 423 4303 μὲν
465 4237 756 4310 βασιλικῆς
787 4235 1032 4312 χρίσεως
1077 4231 1166 4289 διὰ
1210 4233 1479 4309 Σαμουὴλ
1510 4235 1720 4306 ἠξιώθη
1752 4235 1814 4290 τὸ
1844 4235 1983 4310 πρό-

325 4341 499 4397 τερον·
561 4326 660 4389 τάς
720 4326 826 4402 γὰρ
883 4328 983 4379 τοῦ
1043 4320 1179 4378 λαοῦ
1232 4322 1613 4400 ἀναγορεύσεις
1668 4327 1704 4394 ἡ
1771 4323 1985 4396 ἱστορία

328 4414 544 4486 χρίσεις
646 4412 945 4492 διαφόρους
1018 4411 1318 4486 ὠνόμασεν.
1386 4414 1730 4485 Τελευτήσας
1804 4413 1982 4469 τοίνυν

324 4499 581 4559 θάπτεται
612 4503 667 4560 ἐν
727 4508 797 4578 τῇ
857 4501 1024 4558 πόλει
1084 4501 1449 4577 Ἰερουσαλὴμ
1499 4501 1574 4564 εἷς
1624 4503 1687 4558 τὸ
1735 4502 1981 4578 μέγιστον

2074 3363 2203 3404 nem
2230 3345 2619 3417 cogitationem
2648 3348 2946 3418 cognoscit.
2979 3348 3124 3405 Etsi
3154 3352 3440 3422 quaesieris
3469 3370 3617 3424 eum,
3637 3357 3724 3413 in-

2076 3436 2323 3493 venietur
2355 3435 2479 3505 tibi,
2509 3440 2563 3491 et
2589 3437 2641 3491 si
2666 3437 3028 3507 dereliqueris
3064 3453 3212 3510 eum,
3262 3441 3617 3517 derelinquet
3671 3450 3727 3504 te

2079 3526 2137 3580 in
2168 3526 2355 3596 ﬁnem.
2396 3524 2465 3579 Et
2510 3523 2672 3579 dedit
2718 3523 2804 3580 illi
2850 3524 3147 3597 exemplar
3188 3530 3393 3601 templi
3443 3533 3723 3603 universi,

2080 3613 2320 3670 dicens:
2357 3613 2685 3683 Confortare
2712 3617 2764 3669 et
2791 3614 3033 3671 viriliter
3060 3631 3182 3688 age,
3229 3622 3493 3690 quoniam
3537 3623 3729 3679 Domi-

2078 3718 2186 3758 nus
2214 3703 2355 3759 Deus
2383 3716 2530 3758 meus
2559 3704 2758 3760 tecum.
2790 3705 2927 3759 Post
2955 3703 3075 3759 haec
3105 3721 3341 3764 summa
3382 3708 3508 3779 jam
3560 3727 3727 3769 sene-

2082 3795 2260 3860 ctute,
2296 3789 2536 3860 divitiis,
2568 3789 2775 3861 gloria.
2807 3795 2866 3846 et
2896 3792 3111 3863 pietate
3140 3794 3410 3869 celebris,
3438 3815 3724 3864 annorum

2083 3878 2502 3953 sueptuaginta
2530 3894 2562 3934 e
2593 3877 2743 3935 vivis
2773 3880 3036 3939 excessit.
3069 3882 3207 3938 Erat
3244 3889 3442 3943 autem
3489 3887 3732 3961 triginta

2084 3984 2374 4027 annorum
2405 3983 2541 4024 cum
2572 3968 2699 4040 ipse
2730 3968 3014 4041 regnavit,
3038 3974 3096 4027 et
3126 3972 3513 4047 quadraginta
3542 3993 3730 4037 annos

2086 4059 2364 4133 regnavit.
2392 4057 2498 4115 Hic
2526 4059 2688 4131 regia
2718 4058 2991 4117 unctione
3020 4079 3054 4118 a
3099 4062 3367 4122 Samuele
3415 4066 3731 4142 dignatus:

2086 4152 2184 4207 sed
2234 4148 2550 4222 populares
2606 4147 2845 4220 plausus
2883 4148 3128 4209 historia
3172 4152 3575 4216 indifferenter
3620 4175 3731 4219 un-

2087 4240 2310 4297 ctiones
2322 4238 2566 4295 vocavit.
2581 4237 2915 4296 Exstinctus
2930 4256 3067 4313 ergo
3085 4241 3143 4299 in
3162 4244 3306 4302 urbe
3318 4246 3648 4307 Jerusalem
3668 4252 3731 4308 in

2088 4329 2341 4385 maximo
2364 4330 2766 4397 monumento,
2782 4329 2932 4400 quod
2956 4330 3432 4401 sapientissimus
3455 4337 3612 4395 illius
3632 4340 3737 4396 Sa-

2090 4418 2289 4475 lomon
2322 4419 2423 4473 14
2445 4417 2920 4485 exaediﬁcaverat,
2953 4420 3251 4492 sepelitur.
3274 4427 3342 4479 Et
3360 4425 3419 4481 in
3442 4441 3529 4495 eo,
3554 4429 3735 4485 utJo-

2092 4506 2312 4579 sephus
2335 4510 2537 4561 auctor
2566 4509 2672 4573 est,
2695 4506 2909 4562 multas
2925 4511 3601 4571 aureorumtalentorum
3615 4531 3735 4590 my-

332 4593 541 4661 μνῆμα,
601 4593 631 4647 6'
687 4590 1081 4649 κατεσκεύασεν
1152 4592 1180 4646 6
1246 4592 1561 4668 σοφώτατος
1641 4593 1756 4654 υἱὸς
1822 4593 1975 4647 αὐτοῦ

2097 4598 2285 4655 riadas
2306 4595 2745 4667 contumulavit,
2760 4597 2916 4669 quod
2935 4601 2991 4653 et
3011 4615 3113 4671 per
3130 4602 3476 4673 posteriores
3493 4610 3739 4666 eventus

330 4676 621 4753 Σολομῶν,
673 4683 729 4738 ἐν
789 4683 837 4754 ᾧ
895 4681 989 4736 καὶ
1050 4682 1422 4756 συγκατώρυξε
1458 4684 1538 4752 τῷ
1576 4681 1738 4756 πατρὶ
1768 4679 1975 4744 πολλὰς

2097 4686 2535 4759 comprobatum
2568 4691 2675 4744 est.
2696 4688 2919 4761 Quippe
2940 4706 3209 4748 summus
3230 4696 3502 4753 sacerdos
3521 4701 3743 4771 Hyrca-

334 4768 595 4841 μυριάδας
647 4770 931 4827 ταλάντων
995 4769 1251 4848 χρυσίου,
1324 4768 1398 4831 ὥς
1461 4791 1622 4844 φησιν
1690 4771 1979 4842 Ἰώσηπος.

331 4856 438 4908 Καὶ
495 4855 660 4927 δῆλον
718 4859 780 4914 ἐκ
832 4862 945 4915 τῶν
1009 4856 1086 4919 εἷς
1147 4859 1365 4933 ὕστερον
1405 4859 1733 4935 γενομένων·
1797 4860 1825 4914 6
1877 4859 1981 4936 γὰρ

337 4938 612 5020 ἀρχιερεὺς
667 4949 948 5023 Ἱρκανὸς,
1010 4943 1313 5021 πολιορκου
1389 4946 1553 5021 μένης
1609 4954 1709 5018 τῆς
1766 4945 1981 5011 πόλεως

342 5026 426 5083 ὕπ’
494 5036 774 5114 Ἀντιόχου
840 5040 943 5093 τοῦ
998 5038 1319 5110 Δημητρίου
1377 5035 1595 5110 παιδὸς,
1654 5035 1868 5108 ἀνοίξας
1920 5038 1983 5092 τὸ

346 5127 529 5197 μνῆμα
576 5127 813 5185 τάλαντα
865 5133 915 5202 γ’
976 5125 1177 5179 ἐκεῖθεν
1240 5124 1581 5203 ἐξεφόρησεν.
1649 5128 1726 5185 Τὸ
1778 5125 1837 5182 δὲ
1886 5128 1983 5183 τά·

344 5203 532 5268 λαντον
588 5214 703 5294 ἔχει
786 5216 1117 5291 νομίσματα
1206 5223 1327 5288 ρκε’.
1380 5217 1511 5275 Μεθ’
1585 5216 1644 5271 ὅν
1710 5214 1982 5292 Ἡρώδης,

346 5300 500 5373 γνοὺς
572 5308 645 5372 ὡς
700 5306 943 5385 γρκανὸς
1012 5306 1176 5358 τοῦτο
1248 5305 1565 5374 πεποίηκεν,
1640 5306 1823 5377 ἤνοιξε
1895 5307 1985 5362 καὶ

342 5389 494 5477 αὖτὸς
520 5400 606 5453 τὸν
638 5400 836 5477 τάφον,
886 5396 978 5452 καὶ
1048 5394 1309 5468 χρήματα
1345 5397 1439 5469 μὲν
1473 5394 1580 5470 οὐχ
1609 5394 1753 5472 εὗρε,
1782 5396 1986 5471 κόσμον

343 5471 393 5533 δὲ
420 5484 504 5539 καὶ
531 5471 799 5564 κειμήλια
852 5485 1069 5562 χρύσεα
1124 5482 1437 5555 πάμπολλα
1486 5471 1746 5542 ἀνείλετο.
1786 5492 1987 5561 Πειρα-

2097 4793 2210 4833 nus
2244 4776 2316 4831 ab
2347 4775 2631 4832 Antiocho
2665 4777 2937 4834 Demetrii
2969 4778 3090 4836 tilio
3121 4780 3263 4839 urbe
3292 4783 3556 4857 obsessa,
3584 4804 3743 4847 rese-

2093 4869 2218 4923 rato
2250 4868 2631 4921 monumento
2663 4864 2778 4921 tria
2808 4865 2991 4924 millia
3023 4866 3377 4931 talentorum
3398 4874 3534 4933 inde
3553 4882 3744 4937 extra-

2091 4955 2196 5011 xit.
2230 4952 2537 5009 Talentum
2566 4969 2699 5010 vero
2731 4961 2817 5011 est
2848 4972 3226 5016 nummorum
3256 4966 3491 5021 centum
3534 4966 3742 5040 viginti

2094 5043 2376 5117 quinque.
2408 5042 2663 5099 Herodes
2697 5043 2973 5117 deinceps
3011 5063 3231 5118 gnarus
3262 5050 3320 5107 id
3350 5056 3614 5126 Hyrcano
3645 5056 3741 5114 fa-

2093 5137 2275 5200 ctum,
2294 5135 2735 5190 monumentum
2754 5138 2811 5192 et
2826 5135 2952 5207 ipse
2965 5138 3288 5211 adaperuit,
3305 5142 3403 5198 ubi
3419 5143 3743 5204 licetnullm

2095 5225 2292 5279 essent
2320 5221 2600 5292 pecuniis,
2633 5232 2905 5281 ornatum
2936 5228 3133 5285 tamen
3182 5246 3424 5289 aureum
3456 5233 3743 5307 plurima-

2094 5326 2207 5383 que
2239 5308 2483 5366 donaria
2511 5324 2580 5365 ex
2609 5326 2676 5367 eo
2708 5313 2972 5371 sustulit.
3006 5316 3116 5374 Sed
3148 5333 3285 5376 cum
3317 5321 3560 5380 ulterius
3608 5339 3742 5395 pro-

2095 5398 2259 5472 gredi
2289 5402 2557 5467 tentaret,
2591 5399 2692 5456 ubi
2741 5403 2980 5462 Davidis
3028 5410 3085 5462 et
3130 5407 3457 5467 Salomonis
3503 5428 3746 5484 corpora

2098 5487 2353 5561 reposita
2382 5488 2630 5561 fuerant,
2650 5489 2805 5563 ignis
2826 5494 3100 5553 exsiliens
3119 5496 3268 5553 duos
3289 5514 3358 5555 ex
3376 5500 3504 5571 ejus
3526 5498 3746 5556 satelli-

341 5568 505 5637 θέντος
557 5574 611 5633 δὲ
666 5578 840 5635 αὐτοῦ
910 5570 1189 5648 ἐνδοτέρω
1244 5578 1472 5649 χωρεῖν,
1531 5574 1590 5628 οὗ
1646 5576 1714 5630 τὰ
1761 5576 1975 5649 σώματα

2098 5578 2263 5635 tibus
2293 5577 2643 5650 absumpsit.

350 5657 503 5720 Δαῧίδ
532 5688 585 5724 τε
615 5666 705 5724 καὶ
737 5665 1137 5737 Σολομῶντος
1164 5657 1344 5733 ἒτέθη,
1377 5664 1485 5737 πῦρ
1518 5661 1730 5735 ἐξελθὸν
1766 5660 1862 5719 δύο
1894 5670 1999 5721 τῶν
2033 5662 2351 5743 δορυφόρων
2379 5661 2544 5741 ᾳῦτοῦ
2573 5663 2860 5748 διέφθειρε.

805 5787 1102 5850 PATnOL.
1149 5780 1258 5844 Gn.
1306 5779 1629 5844 CXXXIX.
