4150 6292
431 346 556 434 236

2007 369 2272 434 JOELIS

3687 376 3790 436 23b

506 503 642 560 Post
669 501 950 560 Davidem
977 517 1155 576 regno
1177 502 1399 576 potitur
1418 501 1694 560 Salomon
1718 501 1874 559 ﬁlius
1896 519 2076 560 annos

2273 503 2424 560 Μετᾶ
2453 501 2544 556 οὗν
2578 495 2744 556 Δαϐὶδ
2776 495 3090 557 ἐϐασίλευσε
3128 499 3399 577 Σολομῶν
3441 503 3470 558 ὁ
3516 502 3618 566 υἱὸς
3658 501 3795 560 αὗτοῦ

434 591 844 669 quadraginta,
875 590 1100 648 eximia
1123 591 1451 664 divinaque
1471 596 1531 648 et
1551 608 1732 664 supra
1751 593 2081 649 humanum

435 685 671 756 captum
703 681 1004 754 sapientia
1035 681 1342 754 particeps.
1366 681 1470 738 Hic
1492 681 1696 738 urbem
1721 686 1778 738 et
1798 681 2082 753 templum

434 770 668 830 Domini
691 770 1053 843 longitudine
1077 769 1411 827 cubitcrum
1431 772 1752 844 sexaginta,
1777 769 2087 827 latitudine

433 860 664 934 viginti,
697 859 1006 916 altitudine
1034 864 1270 917 centum
1291 860 1520 933 viginti,
1545 864 1768 932 septem
1795 876 2083 916 annorum

435 950 623 1024 spatio
656 947 940 1006 absolvit:
975 950 1124 1006 duas
1154 950 1371 1022 quippe
1401 949 1867 1022 contignationes
1905 949 2083 1005 habe-

434 1041 560 1108 bat,
593 1042 658 1096 ut
689 1039 864 1096 refert
891 1037 1204 1112 Josephus.
1237 1039 1302 1096 In
1334 1039 1647 1112 prandium
1666 1039 1794 1111 ejus
1821 1038 2082 1110 quotidie

435 1128 888 1187 insumebantur
917 1127 1124 1184 simila
1155 1129 1276 1186 cori
1306 1127 1569 1201 triginta,
1590 1129 1787 1184 farina
1817 1127 2081 1185 cribrata

436 1218 557 1278 cori
585 1217 908 1291 sexaginta,
938 1217 1105 1274 electi
1134 1217 1300 1275 vituli
1331 1218 1554 1284 decem,
1587 1219 1690 1290 qui
1737 1221 1934 1274 autem
1983 1233 2084 1289 per

437 1325 678 1380 campos
710 1308 1100 1381 pascebantur
1138 1307 1315 1365 boves
1358 1307 1586 1380 viginti,
1637 1323 1772 1363 oves
1822 1313 2079 1376 centum,

438 1403 644 1472 prater
673 1413 874 1455 cervos
903 1401 962 1453 et
989 1413 1230 1469 capreas
1259 1399 1316 1453 et
1345 1411 1477 1453 aves
1506 1394 1721 1452 electas
1767 1398 1825 1452 et
1869 1394 2078 1450 altiles.

439 1491 620 1544 Corus
641 1485 887 1558 triginta
907 1486 1235 1542 modiorum
1259 1501 1538 1542 mensura
1557 1491 1666 1552 est,
1689 1485 1768 1541 ita
1789 1489 1854 1540 ut
1873 1500 2080 1540 omnes

441 1576 623 1634 modii
649 1575 818 1633 simul
849 1573 1194 1648 colligantur
1222 1575 1337 1632 duo
1368 1573 1554 1631 millia
1582 1578 1639 1630 et
1683 1575 2078 1646 septuaginta.

2200 586 2293 662 ἔτη
2332 591 2404 665 μ’,
2455 589 2538 660 δς,
2592 591 2692 660 τὴν
2743 591 3164 664 πανθαύμαστον
3194 592 3281 646 καὶ
3315 589 3555 648 Θεόδοτον
3581 592 3660 648 καὶ
3691 593 3802 668 ὑπὲρ

2199 677 2482 754 ἄνθρωπον
2571 679 2761 759 σοφίαν
2849 678 3156 753 δεξάμενος,
3227 678 3549 754 ᾠκοδόμησε
3605 683 3693 752 τήν
3753 703 3803 737 τε

2193 768 2358 824 πόλιν
2417 769 2504 824 καὶ
2561 769 2653 824 τὸν
2707 769 2832 824 ναὸν
2891 771 3091 845 Κυρίου
3158 768 3211 824 ἐν
3279 768 3446 825 ἔτεσιν
3481 769 3620 840 ἔπτὰ,
3655 773 3804 844 μῆκος

2191 859 2422 933 πήχεων
2484 859 2543 928 ξ’,
2604 856 2760 932 εὖρος
2844 861 3074 937 πήχεων
3130 865 3177 914 κ’
3240 858 3374 932 ὕψος
3431 862 3646 934 πήχεων
3703 867 3802 935 Ρκ”

2191 943 2450 1024 διόροφος
2489 948 2593 1021 γὰρ
2638 947 2728 1014 ἦν,
2780 945 2855 1010 ὥς
2905 969 3069 1020 φησιν
3104 949 3394 1018 Ἰώσηπος.
3428 949 3504 1004 Τὸ
3535 946 3588 1003 δὲ
3614 949 3804 1020 ἄριστον

2193 1037 2290 1091 τοῦ
2322 1033 2692 1108 Σολομῶντος
2725 1036 2790 1105 ἧν
2823 1037 2942 1090 καθ’
2973 1034 3182 1113 ἡμέραν
3215 1037 3370 1112 κόροι
3403 1035 3721 1111 σεμιδάλεως
3745 1037 3804 1107 λ’,

2190 1125 2344 1200 κόροι
2376 1122 2609 1198 ἀλεύρου
2649 1127 3112 1199 κεκοπανισμένου
3159 1127 3218 1196 ξ’,
3274 1125 3478 1202 μόσχοι
3511 1127 3732 1182 ἐκλεκτοὶ
3760 1129 3808 1197 ι’,

2193 1215 2318 1289 βόες
2375 1211 2610 1286 νομᾳδες
2665 1216 2710 1270 κ’
2767 1215 2856 1270 καὶ
2916 1211 3161 1290 πρόϐατα
3219 1217 3263 1292 ρ’
3320 1215 3476 1279 ἐκτὸς
3507 1217 3702 1294 ἐλάφων
3728 1218 3803 1272 καὶ

2192 1301 2470 1381 δορκάδων
2529 1305 2618 1359 καὶ
2677 1305 2904 1380 ὀρνίθων
2970 1305 3237 1362 ἐκλεκτῶν
3298 1309 3388 1362 καὶ
3447 1313 3704 1366 σιτευτῶν.
3757 1308 3806 1360 Ὁ

2191 1391 2250 1449 δὲ
2278 1395 2444 1467 κόρος
2474 1391 2643 1449 ἐποίει
2675 1392 2840 1467 μόδια
2899 1393 2968 1452 λ’.
3032 1398 3207 1469 Ὀμοῦ
3237 1397 3504 1471 γινόμενα
3533 1395 3685 1471 μόδια

2189 1483 2446 1541 Ἀπέθανε
2477 1479 2534 1538 δὲ
2569 1482 2841 1556 Σολομῶν
2875 1483 3006 1540 ἐτῶν
3067 1491 3168 1560 of,
3220 1486 3309 1540 καὶ
3372 1484 3545 1563 ἐταφη
3581 1485 3705 1558 μετᾶ
3730 1488 3812 1541 τοῦ

2196 1574 2400 1646 πατρὸς
2458 1572 2646 1628 αὐτοῦ.
2708 1574 2825 1650 Ἐφ’
2881 1573 2942 1628 οὗ
2993 1575 3060 1643 ἦν
3117 1575 3369 1651 Ὅμηρος
3428 1577 3520 1630 καὶ
3576 1573 3816 1636 Ἡσίοδος.

446 1667 574 1724 Vita
602 1683 772 1740 porro
801 1666 1039 1723 functus
1063 1669 1153 1722 est
1175 1665 1449 1722 Salomon
1481 1663 1668 1722 atatis
1733 1679 1886 1720 anno
1937 1663 2372 1736 septuagesimo
2433 1663 2630 1735 tertio,
2667 1665 3064 1737 sepeliturque
3092 1682 3226 1722 cum
3261 1671 3427 1738 patre
3459 1667 3684 1723 Davide.
3710 1665 3812 1722 Sub

444 1772 511 1814 eo
543 1757 834 1814 Homerus
863 1761 919 1812 et
947 1753 1238 1810 Hesiodus
1277 1753 1561 1810 claruere.

510 1847 608 1904 15
644 1843 942 1902 Salomonl
963 1844 1023 1899 in
1055 1859 1232 1916 regno
1254 1842 1540 1899 successit
1561 1843 1895 1900 Roboamus
1918 1843 2076 1898 filius

441 1949 733 2007 regnoque
788 1932 1022 2006 praefuit
1073 1947 1259 1988 annos
1315 1931 1750 2003 septemdecim,
1807 1931 1960 1988 male
2011 1932 2082 1988 de
2112 1933 2160 1999 B
2195 1928 2362 1986 αὐτοῦ
2419 1925 2512 2000 ἔτη

443 2022 709 2092 Domino,
742 2039 906 2096 aque
935 2039 1001 2078 ac
1035 2027 1216 2094 pater,
1248 2019 1515 2078 meritus.
1569 2025 1834 2078 Mortuus
1891 2027 1979 2077 est
2025 2019 2084 2075 in

442 2112 699 2184 peccatis
729 2111 877 2169 suis.
909 2110 989 2166 Eo
1020 2115 1283 2182 tempore
1312 2126 1412 2166 rex
1457 2109 1683 2182 Egypti
1711 2109 2083 2176 Susacemus,

444 2198 862 2272 Hierosolymis
892 2199 1099 2272 captis,
1131 2199 1412 2272 pecunias
1440 2215 1567 2272 qua
1611 2199 1671 2254 in
1719 2197 1936 2271 templo
1985 2214 2084 2254 re-

445 2289 658 2362 giaque
685 2292 872 2357 erant,
902 2292 963 2344 et
1003 2303 1208 2344 aureas
1256 2287 1458 2344 hastas
1505 2291 1564 2344 et
1610 2291 1776 2344 scuta
1819 2285 2084 2359 diripuit,

447 2389 702 2450 quorum
730 2376 856 2435 loco
887 2393 1046 2434 anea
1074 2377 1346 2434 restituta
1375 2380 1535 2434 sunt.

511 2545 654 2602 Post
707 2541 1070 2600 Roboamum
1112 2539 1286 2599 Abias
1340 2539 1502 2597 ﬁlius
1558 2538 1841 2613 regnavit,
1883 2541 1943 2595 et
1986 2538 2084 2595 hic

441 2648 678 2706 quoque
706 2630 858 2689 male
884 2646 949 2688 se
977 2630 1160 2704 gessit
1186 2645 1326 2702 erga
1355 2628 1692 2696 Dominum,
1721 2633 1780 2685 et
1819 2631 2085 2686 mortuus

437 2727 528 2780 est
555 2738 709 2780 anno
731 2719 897 2794 regni
923 2721 978 2779 6.

506 2812 646 2868 Post
671 2810 884 2868 Abiam
915 2807 1176 2892 regnavit
1213 2808 1444 2864 Asnaus
1498 2805 1680 2878 (llius,
1743 2809 1801 2862 et
1857 2806 1908 2862 is
1965 2823 2082 2862 non

434 2905 590 2959 recte
617 2915 818 2958 secum
847 2897 1093 2956 Domino
1121 2897 1326 2970 gessit,
1353 2913 1628 2969 annoque
1650 2897 1814 2970 regni
1847 2898 1914 2952 16
1937 2914 2087 2953 mor-

435 2994 1013 3138 mfsafgauceessit
1040 3077 1101 3131 in
1135 3089 1310 3146 regno
1339 3075 1701 3147 Josaphatus
1750 3075 1926 3146 illius,
1981 3076 2082 3146 qui

431 3169 580 3225 bene
595 3167 818 3238 agendo
847 3165 1160 3222 Dominum
1183 3163 1502 3220 demeritos
1528 3163 1900 3235 est,0biitque
1929 3181 2081 3221 anno

433 3255 599 3328 regni
627 3255 718 3314 25.

503 3310 642 3404 rlicet
668 3310 1053 3416 .lbsaphatum
1084 3359 1262 3416 regno
1304 3341 1537 3416 prafuit
1575 3345 1849 3398 Joramus
1894 3342 2070 3408 ﬁlius,
2108 3310 2151 3377 Ο

431 3438 534 3510 qui
565 3439 622 3494 in
646 3437 831 3494 Deum
849 3435 1064 3508 impius
1087 3435 1234 3504 fuit;
1258 3434 1414 3490 diem
1438 3434 1582 3490 obiit
1602 3434 1892 3492 viscerum
1916 3451 2071 3491 mor-

429 3529 504 3586 bo
536 3527 834 3584 confectus
865 3541 1017 3582 anno
1045 3525 1206 3596 regni
1238 3527 1458 3580 octavo.
1757 3598 1762 3604 ι

499 3619 638 3674 Post
664 3616 969 3674 Joramum
999 3629 1248 3687 regnum
1279 3613 1542 3686 suscepit
1585 3613 1866 3670 Ochosias
1914 3612 2072 3670 filius

428 3724 650 3764 annum
682 3721 890 3775 unum,
923 3704 1026 3777 qui
1057 3703 1132 3760 oh
1161 3702 1384 3760 scelera
1418 3704 1529 3760 Deo
1561 3703 1801 3760 odiosus
1828 3704 1938 3760 fuit
1965 3720 2072 3759 ca-

427 3813 646 3868 susque
675 3799 765 3854 est
792 3794 866 3852 ab
892 3794 1026 3850 Jeu.

495 3886 753 3944 Ochozia
783 3885 844 3941 in
876 3899 1052 3957 regno
1083 3884 1368 3941 successit
1387 3883 1656 3940 Gotholia
1677 3888 1864 3940 mater
1885 3900 2072 3940 annos

427 3991 548 4045 sex,
580 3992 707 4048 qua
738 3991 942 4032 omnes
969 3973 1228 4030 Ochozia
1259 3973 1475 4030 liberos
1505 3978 1712 4046 prater
1751 3989 1933 4029 unum
1981 3973 2074 4028 in-

427 4067 647 4122 fantem
675 4064 747 4120 ab
777 4065 954 4119 Jodae
983 4063 1305 4119 sacerdotis
1335 4079 1514 4119 uxore
1543 4066 1750 4134 prater
1770 4063 2072 4118 hominum

427 4153 762 4226 opinionem
815 4163 1104 4208 servatum
1127 4153 1437 4208 interemit.
1473 4152 1528 4208 ls
1556 4168 1626 4208 ex
1653 4151 1967 4222 improviso
1997 4152 2069 4208 ab

425 4243 609 4300 Jodae
663 4241 964 4298 sacerdote
1019 4243 1318 4313 septennia
1367 4258 1468 4298 rex
1513 4245 1760 4300 creatur.
1805 4241 2077 4299 Gotholia

424 4347 560 4389 vero
592 4330 652 4386 in
679 4329 838 4404 regia
865 4330 1234 4388 interﬁcitur.

493 4513 596 4568 ἰθ
623 4511 951 4569 Gotholiam
1001 4511 1214 4583 excipit
1263 4510 1402 4567 Joas
1448 4509 1714 4566 Ochozia
1761 4509 1919 4567 {llius
1973 4527 2068 4567 se-

422 4603 677 4674 ptennis,
709 4602 1093 4676 regnavitque
1125 4617 1311 4657 annos
1341 4599 1744 4672 quadraginta.
1771 4598 1873 4654 llic
1903 4600 2068 4672 prius

2266 1839 2418 1896 Μετᾶ
2475 1838 2532 1896 δὲ
2589 1839 2936 1914 Σολομῶντα
2985 1837 3302 1898 ἐϐασίλευσε
3341 1837 3592 1917 Ῥοϐοὰμ
3647 1842 3674 1896 ὁ
3727 1841 3832 1903 υίὸς

2599 1932 2680 2002 ιζ’,
2741 1930 2801 1992 ὃς
2866 1931 2928 1986 τὸ
2986 1932 3227 2006 πονηρὸν
3305 1929 3566 2002 ἐποίησεν
3622 1931 3836 1987 ἐνώπιον

2195 2018 2426 2094 Κυρίου,
2475 2020 2553 2082 ὡς
2612 2021 2640 2074 ὁ
2697 2021 2878 2094 πατὴρ
2937 2020 3122 2092 αὐτοῦ,
3180 2021 3270 2075 καὶ
3325 2021 3590 2086 ἀπέθανεν
3637 2021 3686 2076 ἐν
3731 2025 3838 2082 ταῖς

2196 2109 2488 2184 ἂμαρτίαις
2547 2108 2733 2166 αὐτεῦ.
2797 2110 2912 2180 Ἐφ’
2972 2110 3033 2164 οὗ
3087 2111 3397 2185 Σουσακείμ
3460 2109 3716 2187 βασιλεὺς
3750 2110 3844 2166 Al-

2193 2197 2404 2275 γῦπτου
2462 2199 2562 2267 τήν
2617 2197 2983 2274 Ἰερουσαλὴμ
3043 2197 3184 2254 ἐλὼν
3242 2198 3503 2278 ἀφείλετο
3563 2201 3632 2256 τὰ
3680 2200 3732 2254 ἐν
3775 2203 3847 2268 τῷ

2192 2291 2303 2358 ναῷ
2333 2289 2424 2343 καὶ
2459 2293 2578 2351 τοῖς
2613 2287 2918 2362 βασιλείοις
2977 2290 3244 2367 χρήματα
3300 2289 3394 2344 καὶ
3451 2291 3521 2345 τὰ
3559 2293 3738 2365 χρυσᾶ
3767 2284 3851 2342 ’δό-

2195 2396 2328 2451 ρατα
2383 2377 2472 2431 καὶ
2527 2377 2655 2439 τοὺς
2714 2379 2950 2453 χρυσοῦς
3010 2375 3253 2452 θυρεοὺς,
3310 2376 3431 2433 ἀνθ’
3493 2379 3569 2433 ὧν
3617 2379 3851 2454 ἐγένοντο

2193 2461 2420 2540 χαλκοῖ.

2263 2554 2411 2607 Μετὰ
2486 2549 2541 2607 δὲ
2615 2548 2866 2626 Ῥοϐοὰμ
2939 2549 3283 2608 ἐϐασίλευσεν
3366 2549 3567 2617 Ἀϐίας
3647 2557 3675 2608 ὁ
3751 2555 3862 2614 υίὸς

2191 2640 2376 2710 αὐτοῦ,
2412 2641 2502 2696 καὶ
2543 2640 2769 2711 ἐποίησε
2812 2643 2876 2698 τὸ
2932 2643 3172 2718 πονηρὸν
3228 2641 3474 2699 ἐνώπιον
3509 2643 3744 2722 Κυρίου,
3779 2641 3862 2696 καὶ

2192 2730 2450 2786 ἀπέθανεν
2487 2726 2814 2803 βασιλεύσας
2847 2724 2937 2801 ἔτη
2976 2731 3041 2794 ς’.

2265 2819 2412 2876 Μετά
2443 2819 2499 2874 δὲ
2529 2814 2712 2876 Ἀϐίαν
2754 2813 3098 2875 ἐϐασίλευσεν
3161 2821 3292 2876 Ἀσᾶ
3350 2822 3477 2885 υἱὸς
3536 2821 3730 2890 αὐτοῦ,
3779 2827 3863 2882 καὶ

2192 2907 2417 2979 ἐποίησε
2463 2909 2525 2964 τὸ
2581 2909 2822 2984 πονηρὸν
2882 2909 3112 2964 ἐνώπιον
3175 2909 3428 2984 Κυρίου,.
3478 2911 3578 2967 καὶ
3648 2911 3876 2966 ἆπεθανε

2197 2995 2522 3072 βασιλεΰσας
2553 2994 2644 3069 ἔτη
2685 2999 2766 3066 ιζ’.

2263 3087 2410 3141 Μετὰ
2440 3085 2497 3141 δὲ
2521 3088 2655 3144 Ἀσᾶ
2683 3081 2861 3142 ἐϐασί)
2880 3107 3024 3142 ευσεν
3061 3089 3218 3144 Ἰωσα
3281 3090 3289 3103 ’
3452 3091 3468 3110 ‘
3609 3089 3670 3127 ’σ-
3707 3094 3734 3106 ”’

2823 3129 2870 3140 ..
3223 3109 3328 3168 φατ
3381 3092 3511 3154 υἷος
3563 3111 3760 3159 αυιου,
3793 3087 3879 3142 καὶ

2191 3171 2415 3246 ἐποίησε
2470 3176 2534 3230 τὸ
2593 3176 2744 3238 εὐθὲς
2799 3175 3031 3232 ἐνώπιον
3085 3179 3314 3251 Κυρίου,
3380 3181 3478 3235 καὶ
3554 3178 3877 3248 ἐτελεύτησε

2194 3263 2520 3338 βασιλεύσας
2551 3260 2642 3337 ἔτη
2677 3267 2774 3324 κε’.

2258 3355 2407 3409 Μετᾶ
2458 3353 2513 3409 δὲ
2563 3355 2828 3432 Ἰωσαφὰτ
2873 3350 3214 3411 ἐϐασίλευσεν
3265 3358 3493 3433 Ἰωρὰμ.
3525 3360 3654 3422 υἱὸς
3685 3358 3869 3424 αὐτοῦ,

2177 3442 2267 3497 καὶ
2301 3441 2522 3513 ἐποίησε
2555 3444 2617 3498 τὸ
2666 3445 2902 3518 πονηρὸν
2955 3443 3188 3500 ἐνώπιον
3221 3447 3467 3520 Κυρίου,
3505 3449 3607 3503 καὶ
3643 3445 3876 3504 ἆπέθανε

2177 3528 2568 3608 δυσεντερικὸς,
2605 3531 2926 3607 βασιλεύσας
2953 3530 3046 3603 ἓτη
3083 3541 3154 3604 η’.

2248 3623 2396 3676 Μετὰ
2453 3622 2659 3694 Ἰωρὰμ
2715 3617 3060 3678 ἐϐασίλευσεν
3140 3624 3407 3698 Ὀχοζίας
3495 3627 3628 3690 υἱὸς
3712 3625 3880 3681 αὗτοῦ

2177 3705 2294 3773 ἔτος
2354 3712 2420 3780 α’,
2481 3711 2570 3765 καὶ
2629 3709 2851 3782 ἐποίησε
2907 3713 2969 3767 τὸ
3026 3715 3292 3788 πονηρὸν,
3327 3716 3426 3770 καὶ
3479 3717 3741 3793 ἀνῃρέθη
3780 3715 3882 3770 ὑπό

2178 3800 2350 3871 Ἰηοῦ.

2248 3889 2399 3945 Μετᾶ
2438 3886 2496 3944 δὲ
2551 3891 2807 3965 Ὀχοζίαν
2857 3887 3171 3946 ἐϐασίλευσε
3229 3892 3491 3949 Γοθολία
3541 3898 3747 3972 μήτηρ
3795 3895 3887 3948 αὖ·

2174 3982 2272 4034 τοῦ
2321 3976 2412 4048 ἔτη
2465 3979 2532 4050 ς’,
2590 3980 2680 4034 καὶ
2744 3978 3018 4035 ἀπέκτεινε
3071 3981 3277 4042 πάντας
3325 3984 3475 4045 τοὺς
3513 3984 3686 4047 υἱοὺς
3717 3985 3890 4063 Ὀχο-

2176 4067 2293 4138 ζίου
2340 4069 2606 4142 παρεκτὸς
2656 4067 2857 4139 νηπίου
2901 4070 3045 4130 ,ὲνδς
3103 4067 3492 4135 διασωθέντος
3551 4072 3898 4149 παραδόξως

2177 4157 2281 4212 ὑπὸ
2339 4156 2590 4231 γυναικὸς
2651 4156 2838 4212 ’1ωὸαέ
2892 4162 2990 4212 τοῦ
3047 4159 3255 4231 ἱερέως·
3291 4159 3354 4221 ὃς
3423 4161 3528 4216 καὶ
3591 4160 3894 4243 αἰφνιδίως

2175 4245 2520 4320 ἀνηγορεύθη
2556 4244 2814 4321 βασιλεὺς
2875 4247 2978 4301 ὑπὸ
3034 4245 3218 4301 Ἰωδαὲ
3274 4252 3382 4303 τοῦ
3429 4247 3677 4326 ἱερέως,
3717 4253 3899 4326 ὑπάρο

2176 4353 2292 4410 χιον
2321 4335 2455 4390 ἐτῶν
2519 4336 2580 4405 ζ’.
2640 4338 2700 4392 Ἣ
2763 4332 2820 4390 δὲ
2875 4334 3114 4400 Γοθολία
3143 4335 3480 4412 ἀπεκτάνθη
3519 4341 3582 4397 ἐν
3622 4342 3776 4414 οἲκῳ
3801 4343 3898 4395 τοῦ

2178 4421 2468 4500 βασιλεως.

2245 4515 2396 4572 Μετᾶ
2464 4516 2556 4570 οὖν
2625 4514 2888 4580 Γοθολίαν
2950 4514 3212 4586 ἐπταετῆς
3277 4519 3661 4591 βασιλεύσας
3739 4522 3904 4581 Ἰωᾶς

2181 4604 2296 4667 υἱὸς
2331 4603 2598 4678 Ὀχοζίου
2657 4601 2748 4675 ἔτη
2813 4611 2884 4678 μ’,
2938 4603 3113 4660 ἐποίει
3168 4606 3231 4660 τὸ
3277 4605 3449 4672 εὗθές
3487 4609 3758 4669 ἐνώπιον
3793 4614 3910 4670 Κυ-

423 4667 494 4748 ob
526 4667 806 4763 pietatem
833 4697 944 4748 Deo
975 4667 1178 4764 gratus
1227 4667 1469 4757 exstitit,
1503 4667 1714 4744 deinde
1761 4667 2069 4751 aberravit,

2207 4695 2324 4766 ιίου,
2367 4693 2483 4748 εἶτα
2537 4693 2907 4769 παρατραπεὶς
2965 4693 3172 4774 ἐσφάγη
3233 4693 3285 4748 ἐν
3346 4702 3446 4770 τῷ
3513 4701 3678 4776 οἲκῳ
3710 4702 3908 4757 αὐτοῦ.

422 4778 694 4849 domique
725 4784 981 4836 necatur.
1013 4779 1152 4836 Joas
1181 4776 1522 4834 Zachariam
1560 4775 1904 4850 prophetam
1931 4795 2069 4850 pra-

423 4867 675 4939 ceptoris
703 4871 798 4924 sui
827 4868 1016 4924 ﬁlium
1046 4867 1173 4924 neci
1201 4867 1462 4924 tradidit.
1498 4867 1616 4924 Sub
1649 4867 1742 4924 his
1785 4868 2062 4940 tempori-

423 4955 536 5012 bus
563 4955 780 5027 Sibylla
807 4955 962 5012 clara
981 4956 1284 5012 habeatur.

493 5045 628 5102 Post
655 5045 790 5102 Joas
821 5045 1062 5117 imperio
1095 5046 1320 5114 prafuit
1351 5045 1622 5103 Amasias
1670 5047 1827 5104 ﬁlius
1877 5065 2064 5106 annos

420 5133 632 5206 viginti
663 5150 889 5204 novem,
916 5133 1007 5189 vir
1049 5137 1321 5204 spectatae
1342 5133 1403 5189 in
1456 5135 1634 5192 Deum
1685 5137 1943 5208 pietatis.
1999 5141 2060 5194 In

421 5224 622 5298 pralio
651 5223 1033 5280 obtruncatus
1059 5227 1171 5279 est.

489 5313 735 5370 Amasia
768 5311 1028 5370 succedit
1055 5312 1114 5366 in
1138 5326 1312 5382 regno
1330 5312 1492 5370 Ozias
1513 5315 1687 5384 ﬁlius,
1713 5316 1810 5388 qui
1835 5321 1891 5374 et
1911 5319 2054 5374 Aza-

417 5405 556 5470 rias,
579 5404 749 5460 annis
773 5403 864 5458 52.
892 5403 941 5458 Is
958 5401 1228 5458 Numinis
1251 5402 1702 5461 benevolentiam
1725 5412 2053 5476 assecutus,

415 5509 548 5549 cum
581 5509 858 5566 prospera
887 5495 1096 5548 cuncta
1127 5491 1236 5548 sibi
1269 5492 1450 5548 ﬂuere
1477 5494 1721 5564 videret,
1767 5495 1909 5551 ﬂatu
1960 5502 2053 5552 tu-

414 5598 580 5640 mens
607 5582 791 5640 voluit
817 5583 1063 5655 ipsemet
1084 5581 1198 5638 Deo
1220 5581 1524 5639 incensum
1549 5584 1752 5639 oll‘errc
1776 5597 1792 5650 ;
1816 5584 1896 5641 sic
1914 5603 2048 5643 cum

2175 4783 2268 4844 Ὀς
2327 4781 2416 4837 καὶ
2488 4781 2766 4837 ἀπέκτεινε
2848 4782 3122 4860 Ζαχαρίαν
3189 4782 3282 4836 τὸν
3362 4792 3742 4868 προφήτην,
3814 4791 3912 4846 τὸν

2176 4872 2290 4927 υἱὸν
2318 4875 2416 4926 τοῦ
2449 4867 2779 4926 διδασκάλου
2809 4869 2994 4928 αὐτοῦ.
3050 4873 3165 4949 Ἐφ’
3212 4872 3274 4926 οὗ
3305 4873 3348 4942 ἡ
3393 4867 3698 4935 Σίϐυλλα
3739 4879 3916 4955 ἐγνω-

2177 4963 2376 5038 ρίζετο.

2245 5050 2397 5109 Μετὰ
2454 5049 2509 5106 δὲ
2562 5050 2717 5116 Ἰωᾶς
2773 5046 3117 5107 ἐϐασίλευσεν
3179 5051 3480 5124 Ἀμασίας
3531 5061 3674 5125 ὒὶὸς
3733 5061 3918 5116 αὐτοῦ

2169 5140 2262 5212 ἔτη
2294 5143 2390 5212 κθ’,
2424 5141 2513 5196 καὶ
2544 5139 2764 5212 ἐποίησε
2789 5142 2851 5196 τὸ
2883 5140 3034 5205 εὖθὲς
3086 5139 3324 5196 ἐνῶπιον
3370 5146 3650 5222 Κυρίου·
3690 5149 3915 5231 ἐσφάγη

2171 5229 2229 5286 δὲ
2257 5231 2310 5287 ἐν
2341 5235 2420 5303 τῷ
2453 5227 2712 5302 πολὲμῳ.

2239 5321 2388 5377 Μετὰ
2454 5316 2511 5372 δὲ
2579 5318 2839 5388 Ἀμασίαν
2908 5313 3250 5374 ἐϐασίλευσεν
3325 5322 3560 5394 Ὀζίας
3686 5330 3720 5384 ὁ
3828 5325 3925 5384 καὶ

2165 5410 2442 5484 Ἀζαρίας,
2496 5409 2611 5470 υἱὸς
2671 5409 2836 5463 αὐτοῦ
2897 5407 2989 5478 ἔτη
3045 5409 3150 5481 νβ’,
3206 5407 3298 5462 καὶ
3343 5409 3626 5489 ἐποίησε
3660 5422 3735 5476 τὸ
3770 5420 3930 5483 εὖθὲς

2163 5501 2395 5556 ἐνώπιον
2454 5497 2682 5572 Κυρίου,
2743 5497 2834 5552 καὶ
2892 5495 3252 5570 εὐοδοῦμενος
3319 5496 3620 5580 ἐπήρθη,
3691 5508 3794 5564 καὶ
3852 5507 3925 5578 δὴ

2161 5590 2393 5662 θελήσας
2453 5591 2712 5660 θυμιᾶσαι
2775 5593 2857 5661 τῷ
2912 5593 3027 5660 Θεῷ
3110 5587 3272 5646 αὐτὸς
3347 5591 3463 5670 aq)’
3534 5597 3766 5656 ἑαυτοῦ
3830 5597 3927 5656 καὶ
