4150 6292
332 415 424 475 231
1711 400 2378 464 CHRONOGRAPHIA

895 537 1224 613 ἓλεπρώοη,
1290 536 1381 592 καὶ
1450 532 1626 597 οὕτως
1706 533 1976 608 ἐτελεύτη-

2107 538 2169 594 in
2199 538 2415 610 templo
2449 539 2816 611 adolevisset,
2849 545 3086 614 repente
3117 541 3279 616 lepra
3309 542 3534 600 obsitus
3572 547 3663 600 est
3691 549 3751 602 et

343 545 567 620 Θυμιᾶσας
634 543 772 598 εὖῦὺ
784 561 812 603 ς

348 657 414 690 σεν
422 679 432 691 .

399 729 531 785 Μετὰ
594 724 653 781 δὲ
729 723 923 794 Ὀζίαν
985 714 1331 776 ἐϐασίλευσεν
1388 719 1613 774 Ἰωάθαν
1660 718 1776 782 υἱὸς
1822 717 1986 773 αὐτοῦ

345 815 418 889 ἔτη
451 825 529 888 ις’,
573 815 670 872 καὶ
736 813 972 883 ἐποίησε
1022 811 1084 866 τὸ
1138 808 1287 873 εύθὲς
1354 807 1582 866 ἐνώπιον
1637 808 1860 882 Κυρίου,
1893 809 1982 863 καὶ

347 907 575 978 ἐτελεύ-ιη
584 927 671 960 σεν
683 950 696 962 .

404 997 546 1055 Μετὰ
597 993 656 1049 δὲ
709 994 936 1056 ἰωάθαν
1004 985 1340 1045 ἐϐασίλευσεν
1411 989 1588 1065 Ἀχᾶζ
1641 989 1756 1052 υἱὸς
1823 987 1987 1044 αὐτοῦ

344 1086 423 1157 ἔτη
481 1093 565 1155 ιζ’,
621 1084 716 1139 καὶ
777 1083 1018 1153 ποιήσας
1069 1081 1130 1134 τὸ
1186 1080 1426 1150 πονηρὸν
1485 1079 1717 1134 ἐνώπιον
1777 1076 1986 1153 Κυρίου

341 1178 605 1234 ἀπέθανεν.

404 1266 557 1324 Μετὰ
624 1262 682 1318 δὲ
743 1263 925 1336 Ἀχαζ
981 1255 1320 1316 ἐϐασίλευσεν
1380 1257 1622 1328 Ἐζεκίας
1671 1259 1787 1320 υἱὸς
1818 1259 1985 1314 αὐτοῦ

335 1355 423 1426 ἔτη
465 1357 568 1425 κθ’,
632 1353 722 1407 καὶ
780 1351 1006 1420 ἐποίησε
1059 1350 1119 1404 τὸ
1173 1348 1321 1410 εύθές
1377 1346 1609 1402 ἐνώπιον
1643 1346 1864 1422 Κυρίου,
1895 1347 1985 1402 καὶ

329 1445 699 1511 ἐτελεύτησεν·
756 1441 871 1518 Ἐφ’
929 1439 990 1493 9'5
1047 1438 1110 1506 ἦν
1166 1438 1193 1491 δ
1243 1438 1535 1498 Μωσαῖκός
1587 1435 1831 1514 χαλκοῦς
1863 1432 1984 1515 ὄφις

321 1533 399 1589 ἔτι
471 1533 617 1606 παρὰ
675 1527 955 1586 Ἰουδαίων
1030 1521 1345 1600 σεϐόμενος,
1402 1525 1460 1580 ὅν
1521 1525 1773 1602 ἠφάνισεν
1834 1526 1985 1594 Ἐζε-

317 1624 462 1694 κίας,
497 1621 681 1694 ὥσπερ
742 1618 808 1690 δὴ
869 1618 964 1674 καὶ
1022 1619 1116 1680 τὰς
1174 1613 1404 1693 βίϐλους
1440 1620 1537 1672 τοῦ
1596 1615 1982 1689 Σολομῶντος.

317 1714 435 1789 Ἐφ’
500 1712 577 1766 ὧν
637 1710 854 1784 χρόνων
909 1709 1130 1779 Ῥῶμος
1187 1706 1274 1761 καὶ
1332 1703 1526 1779 Ῥέμος
1585 1699 1894 1760 ἐϐασίλευον
1930 1703 1982 1760 ἐν

315 1804 541 1876 Ῥώμῃ,
603 1799 696 1854 καὶ
757 1793 1010 1852 Σίϐυλλα
1061 1799 1096 1865 ἡ
1157 1797 1446 1872 Ἐρυθραία
1493 1793 1836 1872 ἐγνωρίζετο.
1869 1797 1984 1874 Ἐφ’

317 1894 378 1947 οὗ
434 1893 531 1946 καὶ
593 1887 951 1964 Σεναχηρεῖμ
1005 1887 1141 1941 κατὰ
1187 1882 1552 1958 Ἰερουσαλὴμ
1612 1880 1838 1985 ἀναϐὰξ,
1897 1883 2062 1985 διάΒ

316 1983 467 2037 θείου
515 1976 765 2057 ἀγγέλου
796 1977 848 2031 ἐν
882 1980 984 2049 μιᾷ
1014 1976 1164 2029 νυκτὶ
1217 1981 1329 2050 ρπε*
1373 1970 1633 2049 χιλιάδας
1664 1969 1982 2046 ἀποϐαλὼν,

317 2073 438 2146 μετ’
472 2069 714 2148 αἰσχύνη
728 2090 750 2130 ς
781 2067 1130 2140 ὑπέστρεψεν.

383 2250 544 2308 Μετὰ
649 2246 708 2302 δὲ
784 2245 1030 2315 Ἐζεκίαν
1116 2238 1429 2299 ἐϐασίλευσε
1502 2244 1792 2312 Μανασσῆς
1869 2243 1983 2306 υἱὸς

310 2340 485 2395 αὐτοῦ
523 2334 618 2406 ἔτη
664 2337 757 2406 vs',
811 2337 840 2390 6
891 2333 982 2389 καὶ
1026 2333 1116 2388 τὸν
1165 2331 1325 2408 μέγαν
1381 2330 1603 2386 Ἡσαΐαν
1651 2333 1853 2407 πρίσας
1890 2333 1982 2388 καὶ

307 2432 411 2498 τὴν
468 2423 841 2502 Ἰερουσαλὴμ
895 2424 1091 2488 ἆθώων
1151 2423 1397 2495 αἱμάτων
1461 2420 1677 2492 πλήσας
1758 2421 1848 2477 καὶ
1917 2422 1980 2476 τὸ

315 2516 562 2590 πονηρὸν
595 2513 831 2570 ἐναντίον
888 2511 1097 2585 Κυρίου
1155 2511 1409 2580 ποιήσας.
1467 2515 1720 2584 Ὕστερον
1759 2507 1814 2564 δὲ
1849 2509 1982 2583 μετὰ

319 2608 424 2673 τὴν
460 2606 661 2660 eam»,
689 2605 780 2658 καὶ
811 2598 1205 2677 αἰχμαλωσίαν
1257 2599 1428 2655 αὐτοῦ
1463 2598 1714 2672 μετανοίᾳ
1742 2596 1977 2674 διορθω-

339 2696 574 2766 σάμενος
595 2695 829 2750 ἀπέθανε.

413 2781 563 2837 Μετᾶ
614 2778 667 2836 δὲ
708 2784 998 2850 Μανασσῆν
1055 2773 1400 2835 ἐϐασίλευσεν
1449 2778 1635 2851 Ἀμὼς
1665 2777 1782 2840 οἰὸς
1812 2779 1980 2834 αὐτοῦ

332 2867 438 2942 ἴτη
473 2870 540 2945 β’,
574 2871 657 2923 καὶ
702 2869 910 2940 ἐποίησε
955 2870 1020 2925 τὸ
1077 2868 1315 2943 πονηρὸν
1364 2866 1594 2923 ἐνώπιον
1638 2865 1858 2940 Κυρίου,
1889 2867 1979 2922 καὶ

318 2961 546 3036 ἐσφάγη
577 2957 630 3014 ἐν
660 2964 735 3031 τῷ
764 2959 898 3032 οἲκῳ
931 2957 1121 3013 αὐτοῦ.

385 3051 550 3110 Μετὰ
593 3047 650 3107 δὲ
699 3050 884 3122 Ἀμὼς
934 3044 1277 3103 ἐϐασίλευσεν
1330 3045 1542 3109 Ἰωσίας
1591 3045 1757 3102 αὐτοῦ
1807 3045 1980 3120 ὑπάρ-

308 3162 431 3217 χων
466 3141 587 3204 uici;
627 3141 723 3213 ἔτη
754 3141 866 3210 λα’,
917 3140 1052 3193 ἐτῶν
1101 3136 1363 3216 ὑπάρχων
1412 3138 1483 3208 η’,
1527 3137 1617 3192 καὶ
1664 3134 1888 3207 ἐποίησε
1915 3136 1978 3192 τὸ

313 3234 457 3295 ευθὶς
491 3233 736 3288 ἐνώπιον
765 3231 999 3304 Κυρίου,
1032 3229 1120 3282 καὶ
1168 3226 1484 3298 ἐτελεύτησε
1509 3227 1776 3300 τοξευθεὶς
1809 3227 1860 3282 ἐν
1895 3232 1975 3300 τῷ

3629 407 3750 467 238

2106 628 2289 684 vitam
2323 629 2550 686 eﬁ‘udit.

2175 717 2312 774 Post
2341 718 2537 775 Oziam
2565 737 2810 793 regnum
2834 721 3086 778 obtinuit
3101 722 3430 780 Joathanus
3453 723 3610 779 ﬁlius
3642 743 3750 780 an-

2104 823 2208 862 nos
2237 809 2550 875 sexdecim,
2591 826 2721 881 plus
2761 829 2827 868 ac
2870 811 3180 882 religiosus
3239 812 3346 883 vir,
3395 819 3448 868 et
3482 818 3747 871 mortuus

2103 899 2212 953 est.

2174 988 2308 1045 Post
2337 990 2690 1048 Joathanum
2725 993 2965 1064 imperio
3005 992 3234 1065 praefuit
3280 994 3543 1051 Acbarus
3589 994 3745 1053 ﬁlius

2100 1093 2284 1135 annos
2316 1081 2734 1153 sexdecim,vir
2756 1099 3011 1155 nequam
3044 1087 3100 1140 et
3129 1083 3366 1156 impius,
3396 1089 3452 1141 et
3483 1093 3743 1143 mortuus

2101 1175 2206 1224 est.

2171 1258 2376 1316 Achazi
2410 1277 2651 1332 regnum
2674 1263 2899 1336 excepit
2925 1263 3200 1321 Ezechias
3231 1265 3411 1336 ﬁlius,
3443 1267 3652 1338 pietate
3684 1266 3742 1322 in

2101 1347 2285 1406 Deum
2331 1353 2798 1409 commendatus.
2843 1353 3027 1424 Regni
3087 1371 3240 1411 anno
3268 1355 3551 1428 vigesimo
3592 1374 3742 1414 nono

2101 1437 2255 1492 diem
2301 1438 2466 1494 obiit.
2501 1438 2664 1495 Illius
2705 1444 2870 1498 astate
2920 1441 3211 1500 Mosaicus
3267 1461 3465 1502 aeneus
3504 1463 3745 1518 serpens

2101 1524 2294 1580 adhuc
2324 1531 2626 1596 supererat
2673 1544 2705 1582 a
2752 1528 2973 1585 Judaeis
3003 1530 3061 1586 in
3092 1532 3462 1589 veneratione
3493 1533 3746 1590 habitus.

2100 1614 2247 1669 Eum
2281 1613 2572 1680 Ezechias,
2605 1616 2758 1672 sicut
2787 1621 2844 1673 et
2868 1617 3196 1676 Salomonis
3235 1620 3437 1692 libros,
3472 1625 3752 1694 expunxit

2101 1707 2158 1758 et
2214 1703 2284 1758 de
2344 1703 2536 1760 medio
2592 1705 2848 1761 sustulit.
2883 1707 2986 1764 His
3034 1710 3401 1782 temporibus
3441 1713 3662 1769 Romus
3695 1721 3756 1769 et

2101 1792 2317 1848 Remus
2376 1794 2567 1849 Romae
2601 1794 2915 1867 imperium
2949 1798 3245 1867 tenebant,
3286 1803 3347 1855 et
3377 1800 3598 1873 Sibylla
3625 1802 3757 1874 Ery-

2100 1880 2278 1937 thraea
2331 1882 2580 1940 illustris
2613 1889 2760 1943 erat.
2803 1887 2873 1943 Et
2924 1889 3019 1942 17
3056 1888 3508 1946 Senacherimus
3537 1892 3748 1948 Hieru-

2092 1969 2274 2027 salem
2289 1988 2658 2045 oppugnans,
2675 1981 2908 2032 centum
2939 1977 3277 2050 octuaginta
3291 1980 3550 2050 quinque
3568 1981 3745 2038 milli-

2091 2060 2202 2116 bus
2234 2077 2337 2132 per
2395 2063 2664 2135 angelum
2719 2081 2836 2121 una
2884 2074 3045 2122 nocte
3085 2068 3412 2140 trucidatis,
3443 2071 3726 2128 dedecore

2092 2154 2330 2222 opertus
2359 2169 2628 2210 reversus
2656 2158 2764 2210 est.

2161 2244 2300 2296 Post
2321 2241 2624 2299 Ezechiam
2666 2244 2966 2303 Manasses
3005 2246 3165 2304 ﬁlius
3211 2264 3454 2320 regnum
3486 2251 3733 2310 obtinuit

2090 2344 2273 2384 annos
2288 2330 2721 2404 quinquaginta
2753 2335 3035 2406 quinque,
3051 2353 3324 2410 magnum
3339 2339 3546 2398 Isaiam
3571 2359 3734 2398 serra

2089 2417 2305 2489 divisit,
2335 2419 2797 2492 Hierosolymam
2830 2423 3228 2482 innocentium
3243 2430 3528 2500 sanguine
3559 2431 3733 2488 inun-

2089 2507 2268 2575 davit,
2316 2509 2428 2564 Deo
2487 2525 2718 2567 exosus.
2754 2512 3012 2568 Tandem
3047 2522 3174 2586 post
3225 2517 3517 2574 excidium
3550 2525 3606 2574 et
3636 2537 3736 2576 ca~

2089 2599 2419 2671 ptivitatem
2451 2617 2584 2656 eum
2601 2601 2894 2659 sceleratas
2928 2605 3056 2660 vitae
3091 2606 3379 2678 paenituit,
3411 2610 3739 2681 sicquevila

2090 2690 2332 2758 functus
2364 2694 2474 2748 est.

2159 2778 2411 2834 Manassi
2441 2779 2726 2836 successit
2748 2780 2808 2836 in
2830 2785 3008 2853 r'egno
3036 2786 3290 2842 Amosus
3314 2784 3494 2853 ﬁlius,
3526 2801 3737 2859 regna-

2085 2867 2168 2923 vit
2198 2883 2383 2924 annos
2421 2868 2590 2935 duos,
2630 2883 2736 2924 nec
2765 2883 2828 2926 se
2870 2886 3009 2942 erga
3039 2871 3222 2928 Deum
3278 2873 3436 2944 pium
3469 2874 3734 2947 praebuit,

2086 2956 2454 3030 propriisque
2485 2956 2545 3012 in
2587 2957 2807 3014 sedibus
2837 2960 3169 3018 trucidatus
3207 2966 3314 3019 est.

2155 3051 2439 3102 Amosum
2459 3046 2683 3119 excepit
2702 3046 2894 3103 Josias
2913 3047 3069 3106 ﬁlius
3080 3051 3564 3110 aetatisannorum
3581 3058 3732 3114 octo.

2086 3136 2370 3208 Regnavit
2421 3153 2605 3193 annos
2651 3138 2894 3206 triginta
2927 3156 3134 3200 unum.
3192 3143 3290 3198 Hic
3339 3144 3473 3201 fecit
3509 3155 3730 3205 rectum

2089 3241 2284 3281 coram
2309 3226 2574 3284 Domino.
2623 3227 2849 3300 Sagitta
2887 3230 3196 3287 confossus
3242 3232 3298 3288 in
3334 3236 3529 3306 prselio
3560 3253 3732 3294 occu-

319 3320 566 3396 πολὲμῳ-
592 3323 716 3400 Ἐφ’
747 3323 827 3375 ὧν
855 3319 1078 3397 χρόνων
1106 3318 1194 3372 καὶ
1228 3316 1290 3372 τὸ
1341 3317 1630 3386 Βυζάντιον
1666 3316 1768 3372 ὑπὸ
1797 3316 1974 3387 Βύζου

2103 3313 2235 3370 nuit.
2269 3314 2346 3369 Eo
2376 3317 2634 3386 tempore
2685 3290 3018 3389 liyzanlium
3053 3336 3086 3375 a
3108 3321 3252 3391 Byzo
3280 3290 3732 3399 Tbracuvm'regwe

323 3411 582 3482 βασιλέως
617 3411 844 3474 ἐκτίσθη
879 3409 984 3479 τῆς
1008 3406 1240 3480 Θρᾴκης.

378 3505 531 3560 Μετὰ
576 3502 638 3559 δὲ
687 3501 907 3560 Ἰωσίαν
974 3494 1315 3555 ἐϐασίλευσεν
1366 3498 1606 3576 Ἰωάχαζ
1649 3497 1766 3560 υἱὸς
1809 3495 1977 3553 αὐτοῦ

317 3600 487 3663 μῆνας
529 3595 602 3668 γ’,
654 3591 750 3647 καὶ
803 3589 1035 3659 ἐποίησε
1078 3589 1141 3646 τὸ
1189 3587 1432 3660 πονηρὸν
1465 3585 1696 3641 ἐνώπιον
1744 3583 1975 3662 Κυρίοο,

321 3683 401 3735 καὶ
431 3681 670 3756 ληφθεὶς
705 3681 812 3734 ὕπὸ
857 3677 1063 3753 Νεχαὼ
1114 3674 1385 3753 βασιλὲως
1432 3675 1712 3750 Αἰγύπτου
1741 3677 1972 3750 ἀπήχθη

330 3768 398 3830 εἷς
424 3771 732 3845 Αἴγυπτον,
767 3769 820 3825 ἐν
909 3768 1000 3823 καὶ
1023 3765 1301 3830 ἀπέθανεν.

394 3860 536 3915 Μετὰ
621 3858 680 3914 δὲ
765 3858 1007 3933 Ἰωάχαζ
1078 3851 1422 3914 ἐϐασίλευσεν
1487 3856 1745 3928 Ἰωακεῖμ
1789 3856 1817 3910 6
1884 3857 1974 3911 καὶ

333 3945 628 4022 Ἐλιακείμ,
689 3950 718 4003 6
760 3946 1000 4024 ἀδελφὸς
1059 3945 1244 4006 αὐτοῦ.
1294 3941 1386 4015 ἔτη
1423 3947 1515 4014 ια¹,
1544 3945 1632 4002 καὶ
1666 3945 1888 4016 ἐποίησε
1910 3947 1972 4001 τὸ

326 4040 556 4112 πονηρὸν
619 4038 851 4093 ἐνώπιον
919 4033 1145 4110 Κυρίου.
1221 4036 1318 4090 Καὶ
1377 4033 1550 4090 ἐλθὼν
1611 4029 1972 4108 Ναϐουχοδο-

322 4123 478 4198 vdeo;
549 4129 652 4198 τήν
745 4132 922 4182 πᾶσαν
999 4120 1262 4180 Ἰουδαίαν
1337 4123 1614 4200 ὁπόφορον
1698 4122 1970 4194 ἐποίησεν.

325 4213 707 4286 Ἀθετήσαντος
759 4215 816 4272 δὲ
894 4213 1226 4290 φορολογίαν
1301 4214 1556 4288 Ἰωακεὶμ
1628 4213 1767 4284 ἦλθε
1807 4213 1974 4271 πάλιν

325 4301 399 4363 εἷς
438 4307 800 4381 Ἰερουσαλήμ
849 4301 1366 4378 Ναϐουχοδονόσορ,
1416 4305 1506 4360 καὶ
1544 4307 1737 4360 τοῦτον
1767 4324 1973 4380 χειρω-

327 4392 544 4463 σάμὲνος
563 4397 647 4452 καὶ
670 4395 883 4452 ἀνελὼν
904 4391 1013 4450 ἀπὸ
1041 4396 1139 4448 τοῦ
1168 4392 1386 4468 τείχους
1408 4391 1628 4472 ῥιφῆναι
1658 4393 1974 4469 προσέταξε,

327 4481 416 4534 καὶ
445 4480 634 4564 ἕταρον
654 4486 744 4542 ἐπὶ
781 4483 964 4540 πολὺν
993 4481 1254 4538 κατέλιπε
1283 4486 1509 4557 χρόνον.

399 4573 536 4627 Βετᾶ
599 4573 655 4630 δὲ
714 4575 979 4646 ἰωακεὶμ
1042 4565 1387 4627 ἐϐασίλέυσεν
1444 4570 1707 4646 Ἰεχονίας
1755 4573 1784 4627 6
1854 4573 1970 4635 υἱὸς

2089 3403 2500 3460 exaediﬁcatur.

2151 3492 2284 3548 Post
2311 3491 2532 3548 Josiam
2564 3497 2827 3566 regnavit
2857 3497 3183 3554 Joacbazus
3230 3499 3409 3558 ﬁlius.
3444 3506 3497 3558 Is
3529 3504 3731 3560 volun-

2081 3581 2187 3637 tati
2234 3579 2337 3636 Dei
2381 3581 2742 3650 adversatus,
2798 3589 3006 3657 captus
3058 3605 3090 3644 a
3149 3604 3281 3660 rege
3330 3593 3728 3664 Egyptiorum

2079 3670 2390 3728 Nechaone
2421 3671 2829 3744 abductusque
2874 3683 2958 3730 est
2989 3677 3046 3732 in
3079 3682 3410 3750 Egyptum,
3445 3681 3544 3738 ubi
3575 3683 3726 3739 occi-

2081 3761 2188 3831 dit,
2222 3775 2353 3815 cum
2375 3760 2691 3832 imperium
2713 3762 3002 3819 tenuisset
3034 3781 3262 3822 menses
3293 3772 3430 3826 tres.

2148 3849 2431 3906 Joachazo
2462 3851 2746 3906 successit
2785 3851 3122 3912 Joachimus
3155 3858 3350 3928 frater,
3374 3861 3466 3914 cui
3492 3865 3549 3917 et
3578 3862 3728 3918 Elia-

2078 3941 2229 3996 cimo
2260 3955 2496 4009 nomen,
2529 3957 2716 3997 annos
2738 3943 3032 4000 undecim.
3060 3945 3223 4003 Hunc
3246 3954 3480 4022 propter
3508 3952 3727 4010 scelera

2077 4033 2378 4087 aversatus
2445 4034 2534 4086 est
2590 4031 2896 4090 Dominus.
2949 4037 3136 4098 Quare
3191 4037 3728 4100 Nabuchodonosor

2076 4120 2342 4176 Judaam
2404 4119 2683 4175 invadens
2741 4138 2874 4177 eum
2917 4124 3032 4179 sibi
3063 4127 3402 4201 vectigalem
3428 4131 3580 4189 fecit.
3611 4135 3722 4191 Sed

2078 4226 2212 4266 cum
2239 4210 2580 4266 Joachimus
2601 4208 2892 4281 imperata
2924 4213 3147 4272 solvere
3171 4227 3486 4290 recusaret,
3514 4223 3722 4283 iterum

2078 4299 2416 4371 irrumpens
2437 4298 2902 4370 Hierosolymam
2934 4306 3108 4378 cepit,
3147 4323 3457 4382 regemque
3487 4319 3724 4385 captum

2077 4403 2411 4460 caesumque
2443 4404 2657 4446 emuro
2689 4391 3046 4464 praecipitem
3079 4395 3226 4463 dari,
3251 4397 3727 4474 insepultumque

2080 4477 2178 4533 diu
2204 4477 2622 4548 jacerejussit.

2148 4565 2248 4621 18
2283 4565 2659 4623 Joacbimum
2711 4569 2942 4642 excepit
2983 4573 3296 4630 Jecbonias
3330 4576 3506 4646 lilius,
3538 4579 3637 4650 qui
3670 4585 3726 4637 et

331 4656 508 4728 αὖτοῦ,
563 4664 590 4719 ὁ
635 4663 724 4718 καί
776 4662 1064 4733 Ἰωακεὶμ,
1133 4657 1220 4715 διὰ
1264 4659 1690 4736 προστάγματος
1756 4657 1970 4717 Ναϐου-

2109 4655 2546 4727 oachimus,per
2561 4673 2795 4716 menses
2815 4664 2931 4716 tres
2959 4662 3072 4718 :sio
3095 4663 3249 4720 enim
3268 4665 3726 4728 Nabuchodono-

334 4743 618 4826 χοδονόσορ
689 4761 862 4826 μῆνας
927 4755 1099 4824 τρεῖς,
1159 4750 1248 4803 καὶ
1313 4747 1537 4819 ἐποίησε
1600 4750 1663 4804 τὸ
1722 4751 1966 4826 πονηρὸν

334 4831 549 4896 ἐναντίον
593 4843 809 4917 Κυρίου.
870 4842 972 4897 Καὶ
1027 4839 1152 4913 περί
1209 4859 1337 4900 τους
1395 4840 1596 4914 φόρους
1643 4841 1968 4915 ἀγνωμονή-

333 4940 506 4990 amo;
572 4932 734 4989 αὖτοῦ
827 4930 1004 5002 ἦλθεν
1077 4926 1231 4991 αὖθις
1307 4923 1804 5003 Μαϐουχοδονόσορ
1892 4929 1967 4992 εἰς

328 5008 690 5095 Ἰερουσαλὴμ,
739 5019 832 5077 καὶ
901 5019 1002 5074 τόν
1053 5012 1301 5070 Σεδεκίαν
1341 5016 1454 5070 ἀντ’
1503 5015 1666 5070 αὐτοῦ
1699 5018 1968 5088 καταπή-

325 5118 407 5164 τις
448 5105 714 5181 ἀπῴκισεν
770 5108 856 5171 εἰς
911 5097 1226 5161 Βαϐυλῶνα
1279 5099 1546 5180 Ἰεχονίαν
1603 5102 1691 5156 καὶ
1723 5104 1822 5171 τὴν
1859 5125 1970 5174 μη·-

315 5188 426 5262 τὲιεα
453 5198 542 5252 καί
579 5199 708 5260 τοὺς
741 5197 1036 5269 ἄρχοντας
1087 5188 1272 5245 αὐτοῦ.
1327 5191 1608 5263 Ἐξήνεγκε
1639 5186 1696 5244 δὲ
1725 5191 1811 5244 καὶ
1843 5189 1970 5252 τοὺς

315 5280 601 5359 Θησαυροὺς
645 5285 860 5358 Κυρίου
913 5278 1011 5336 καὶ
1069 5281 1167 5331 τοῦ
1227 5276 1498 5352 βασιλέως
1544 5277 1632 5332 καὶ
1678 5279 1745 5333 τὰ
1794 5285 1973 5354 χρυσᾶ

321 5371 462 5444 σκεύη
492 5377 685 5444 πάντα,
716 5369 748 5428 ἆ
781 5371 1026 5438 ἐποίησε
1057 5364 1324 5439 Σολομῶν
1358 5365 1408 5421 ἐν
1437 5367 1552 5438 νοὶᾦ
1581 5365 1800 5442 Κυρίου.

380 5554 521 5610 Μετὰ
553 5554 609 5611 δὲ
642 5550 923 5630 Ἰεχονίαν
992 5540 1308 5601 ἐϐασίλευσε
1365 5543 1615 5611 Σεδεκίας
1666 5544 1975 5622 πατραδελ-

322 5654 404 5708 ;g;
449 5645 608 5701 αὐτος
664 5644 763 5715 ἔτη
807 5643 884 5717 γ’,
938 5635 1036 5692 καὶ
1086 5632 1305 5706 ἐποίησε
1352 5637 1415 5692 τὸ
1462 5639 1700 5711 πονηρὸν
1732 5635 1968 5694 ἐναντίον

317 5729 516 5804 Κυρίου·
569 5737 656 5791 καὶ
717 5730 855 5808 περὶ
921 5727 1027 5798 τὴν
1090 5725 1418 5803 φορολογίαν
1479 5721 1739 5792 ὡσαύτως
1791 5746 1970 5804 παρα-

2077 4760 2247 4802 sorus
2281 4745 2338 4800 in
2363 4746 2654 4801 mandatis
2678 4747 2938 4805 dederat.
2959 4751 3109 4822 Erga
3141 4753 3330 4810 Deum
3364 4757 3580 4829 impius
3596 4760 3722 4820 fuit.

2076 4833 2182 4890 Hic
2203 4848 2338 4888 cum
2395 4832 2616 4888 tributa
2645 4835 2804 4892 mala
2832 4836 2946 4893 ﬁde
2982 4843 3353 4913 persolveret,
3394 4847 3588 4906 valida
3617 4849 3723 4908 ite-

2077 4939 2208 4979 rum
2237 4938 2414 4978 manu
2446 4921 3054 4986 Nabuchodonosorus
3084 4929 3540 5008 Hierosolymam
3573 4941 3724 4998 obsi-

2077 5012 2248 5068 dione
2298 5011 2505 5084 cingit,
2560 5015 2617 5067 et
2671 5013 2962 5072 Jechoniaa
3006 5035 3250 5093 regnum
3310 5024 3368 5080 in
3422 5028 3720 5086 Sedecium

2079 5101 2373 5166 transfert,
2406 5117 2494 5170 eo,
2558 5105 2738 5158 matre
2771 5105 3128 5180 reliquisque
3171 5113 3328 5170 illius
3359 5119 3722 5189 principibus

2079 5190 2431 5263 Babylonem
2477 5191 2770 5250 adductis.
2813 5195 3143 5257 Thesauros
3198 5202 3334 5259 item
3367 5223 3571 5264 omnes
3602 5213 3720 5264 tam

2084 5458 2424 5532 exportavit.

2151 5551 2290 5606 Post
2317 5547 2663 5608 Jecboniam
2702 5554 2976 5614 Sedecias
3018 5565 3264 5630 patruus
3299 5579 3540 5631 regnum
3573 5563 3723 5614 obti-

2081 5641 2206 5698 nuit
2237 5652 2424 5693 annos
2475 5641 2613 5707 tres,
2645 5641 2733 5696 vir
2788 5645 3048 5715 injustus
3092 5655 3146 5704 et
3177 5649 3414 5718 impius,
3457 5648 3715 5716 quicum

2079 5728 2264 5804 pactis
2298 5741 2406 5786 nec
2431 5726 2552 5799 ipse
2578 5730 2858 5804 stetisset,
2904 5733 3074 5790 tertio
3105 5734 3708 5792 Nabuchodonosorus
