4150 6292
372 335 484 394 241

1768 327 2453 395 CHRONOGRAPHIA

3690 334 3812 394 242

467 463 617 520 Μετᾶ
654 457 710 514 δέ
766 459 946 521 Ἰωὰς
1012 453 1355 513 ἐϐασίλευσεν
1409 451 1695 534 Ἰεροϐοὰμ
1723 459 1839 521 υἱὸς
1892 454 2041 514 uia-toi

2246 464 2384 522 Post
2437 465 2573 523 Joas
2644 465 3034 522 Jeroboamus
3089 462 3247 519 filius
3318 476 3564 535 regnum
3621 463 3815 520 tenuit

404 550 495 622 ἔτη
524 549 622 622 λδ’,
639 549 728 605 καὶ
756 548 1003 620 ἐποίησε
1032 548 1098 603 τὸ
1124 548 1383 622 πονηρὸν,
1410 546 1499 602 καὶ
1532 546 1805 603 ἀπέθανεν.

469 735 613 793 Μετὰ
689 733 751 789 8‘s
821 727 1129 808 Ἰεροϐοὰμ
1201 727 1542 787 ἐϐασίλευσεν
1620 730 1867 805 Ἀζαρίας
1944 732 2057 793 υἱὸς

403 827 563 881 αὐτοῦ
599 832 776 899 μῆνας
808 825 876 895 ς’,
907 824 1001 879 καὶ
1054 820 1280 894 ἐποίησε
1323 822 1387 877 τὸ
1434 821 1696 896 πονηρὸν,
1729 820 1817 876 καὶ
1848 819 2055 899 ἐσφάγη

403 915 503 971 ὑπὸ
534 912 713 969 Σελού
724 935 786 987 μ.

467 1005 618 1060 Μετὰ
661 1000 722 1058 δὲ
771 1004 1026 1076 Ἀζαρίαν
1080 998 1393 1057 ἐϐασίλευσε
1439 997 1666 1074 Σελοὺμ
1699 1003 1846 1072 μῆνα
1871 999 1937 1071 α’,
1968 1000 2057 1054 καὶ

400 1090 621 1164 ἐποίησε
649 1093 717 1148 τὸ
746 1092 1012 1167 πονηρὸν,
1048 1091 1142 1145 καὶ
1175 1089 1381 1170 ἐσφάγη
1417 1089 1521 1144 ὑπὸ
1559 1090 1809 1163 Μαναῖμ.

464 1183 616 1239 Μετὰ
675 1179 735 1236 δὲ
793 1179 1019 1253 Σελοὺμ
1072 1176 1391 1235 ἐϐασίλευσε
1448 1176 1677 1251 Μαναΐμ
1722 1176 1816 1249 ἔτη
1860 1184 1927 1254 γ’,
1967 1177 2057 1233 καὶ

394 1270 629 1343 ἐποίησε
657 1270 721 1326 τὸ
750 1270 1015 1344 πονηρὸν,
1046 1270 1137 1324 καὶ
1177 1266 1384 1345 ἐσφάγη
1419 1267 1521 1323 ὑπὸ
1553 1266 1842 1324 Φακεσίου.

473 1450 629 1509 Μετᾶ
660 1447 720 1505 δὲ
758 1450 986 1523 Μαναῗμ
1032 1444 1347 1504 ἐϐασίλευσε
1407 1446 1676 1511 Φακεσίας
1724 1448 1840 1509 υἱὸς
1894 1446 2058 1502 αὐτοῦ

397 1536 498 1613 ἔτη
564 1542 634 1615 β’,
694 1540 784 1596 καὶ
834 1538 1061 1610 ἐποίησε
1113 1538 1179 1594 τὸ
1233 1537 1494 1613 πονηρὸν,
1549 1537 1639 1592 καὶ
1696 1535 1902 1616 ἐσφάγη
1953 1537 2057 1591 ὑπὸ

394 1632 597 1686 Φακεὲ.

465 1719 627 1778 Μετὰ
687 1717 743 1774 δὲ
796 1718 1064 1774 Φακεσίαν
1124 1712 1440 1773 ἐϐασίλευσε
1499 1717 1673 1772 Φακεὲ
1730 1714 1824 1787 ἔτη
1864 1717 1932 1786 κ’,
1962 1714 2054 1771 καὶ

388 1811 624 1880 ἐποίησε
654 1809 719 1863 τὸ
755 1809 1025 1883 πονηρὸν,
1053 1806 1144 1861 καὶ
1176 1804 1375 1881 ἐσφάγη
1409 1807 1513 1861 ὑπὸ
1542 1804 1723 1875 Ὡσηέ.

465 1900 617 1954 Μετᾶ
649 1895 707 1953 δὲ
739 1898 915 1952 Φακεὲ
949 1890 1291 1951 ἐϐασίλευσεν
1318 1896 1478 1967 Ὠσηέ
1516 1892 1609 1966 ἔτη
1642 1896 1706 1964 θ’,
1738 1895 1829 1951 καὶ
1874 1898 2051 1952 ποιῶν

382 1989 453 2045 τὸ
480 1988 730 2063 πονηρὸν
758 1986 1015 2051 ἀπέθανε.

459 2078 616 2135 Μετὰ
692 2073 753 2131 δὲ
824 2074 953 2137 τοὺς
1030 2073 1349 2150 εἰρημένους
1422 2075 1726 2149 Ἀσσυρίων
1803 2076 2049 2150 βασιλεῖς

377 2162 749 2237 ἐϐασίλευσεν,
814 2164 890 2226 ὠς
952 2161 1190 2238 εἴρηται,
1254 2159 1747 2241 Ναϐουχοδονόσορ
1788 2161 1882 2237 ἔτη
1934 2165 2017 2235 κζ’
2027 2206 2041 2227 .

375 2258 481 2312 Καὶ
540 2254 630 2312 διὰ
680 2257 745 2311 τὸ
806 2251 1117 2330 ἐπαρθῆναι
1176 2253 1308 2307 κατὰ
1360 2251 1502 2309 θείαν
1551 2253 1723 2330 ὀργῆν
1752 2252 1805 2325 ἐξ
1834 2252 2049 2327 ἀνθρώ-

381 2367 503 2402 πων
532 2343 861 2421 ἐκδιωχθεὶς
907 2343 1002 2398 καὶ
1047 2342 1184 2416 μετὰ
1232 2341 1435 2416 Θηρίων
1469 2342 1695 2412 οἰκήσας
1726 2342 1817 2398 καὶ
1848 2344 2050 2418 χόρτον

381 2436 585 2515 φαγὼν,
633 2433 860 2508 ὕστερον
909 2429 1171 2506 ἐπιγνοὺς
1224 2431 1317 2485 τὸν
1373 2436 1484 2487 τῶν
1535 2429 1681 2486 ’ὀλων
1715 2431 1845 2487 Θεὸν
1876 2430 2044 2488 πάλιν

386 2525 683 2595 ἐπανῆλθεν
715 2526 795 2588 εἷς
845 2525 952 2595 τήν
1004 2523 1201 2577 ἑαυτοῦ
1235 2519 1513 2596 βασιλείαν
1542 2519 1633 2577 καὶ
1665 2519 2049 2599 λαμπρότερος

392 2615 595 2689 γέγονε.

478 2794 620 2850 Μετὰ
646 2792 700 2848 6‘s
728 2788 1232 2868 Ναϐουχοδονόσορ
1264 2785 1608 2848 ἐϐασίλευσεν
1639 2788 2049 2867 Ούλεμαροδάχ

404 2885 524 2946 υίὸς
553 2884 718 2939 αὑτοῦ
746 2882 835 2953 ἔτη
865 2884 919 2942 ε’.

466 2974 619 3032 Μετὰ
647 2970 702 3026 δὲ
734 2966 1148 3050 Οόλεμαροδὰχ
1171 2964 1484 3026 ἐϐασίλευσε
1508 2968 1798 3047 Βαλτάσαρ
1830 2972 1859 3025 6
1891 2968 2047 3026 ἀδελ-

380 3063 487 3142 φὸς
516 3062 682 3119 αὐτοῦ
729 3058 823 3134 ἔτη
859 3064 933 3140 γ’,
966 3060 1046 3129 ὅς,
1082 3061 1272 3135 μιάνας
1323 3058 1390 3115 τὰ
1443 3058 1562 3134 ἱερᾶ
1591 3058 1752 3131 σκεύη
1783 3064 1880 3115 τοῦ
1910 3064 2044 3115 Θεοῦ

367 3152 426 3209 ἐν
456 3158 537 3226 τῷ
570 3151 870 3226 συμποσίῳ
900 3150 1094 3221 αὐτοῦ,
1127 3148 1260 3224 ἆπερ
1289 3148 1495 3225 ἢγαγεν
1554 3150 1582 3203 6
1638 3150 1821 3225 πατὴρ
1871 3150 2038 3205 αὐτοῦ

368 3238 882 3318 Ναϐουχοδονόσορ
940 3239 991 3310 ἐξ
1041 3236 1428 3313 Ἰερουσαλὴμ,
1461 3238 1694 3312 ἀνῃρέθη
1727 3239 1865 3294 κατὰ
1894 3239 2038 3296 θείαν

382 3333 567 3412 ὀργὴν,
596 3334 695 3389 καὶ
724 3325 1014 3408 παρέλαϐε
1043 3329 1143 3399 τὴν
1169 3326 1445 3405 βασιλείαν
1478 3333 1722 3403 Δαρεῖος.

450 3513 596 3571 Μετὰ
629 3511 690 3568 δὲ
722 3507 1020 3584 Βαλτάσαρ
1078 3502 1398 3563 ἐϐασίλευσε
1446 3510 1673 3582 Δαρεῖος
1705 3506 1733 3561 6
1768 3504 1983 3579 Μῆδος,
2016 3508 2045 3562 6

379 3602 468 3657 καὶ
533 3600 859 3678 Ἀστυάγης
934 3598 1027 3654 καὶ
1104 3596 1485 3673 Ἀρταξέρξης,
1537 3589 1630 3667 ἔτη
1696 3597 1778 3665 ιζ’.
1843 3598 1942 3673 Ἐφ
1983 3597 2046 3651 οὗ

382 3692 473 3746 καὶ
498 3691 582 3766 τῷ
613 3690 825 3760 Δανιὴλ
856 3686 1176 3763 ἑωράθησαν
1208 3686 1264 3740 αἱ
1308 3682 1396 3740 διὰ
1443 3688 1540 3740 τοῖ’)
1605 3682 1842 3759 ἀγγέλου
1875 3685 2045 3740 ὀπτά-

395 3783 516 3854 σίαι,
544 3784 641 3839 καὶ
671 3783 701 3838 6
733 3781 939 3859 χρόνος
971 3776 1229 3847 ἐδηλώθη
1286 3779 1385 3840 τῆς
1442 3778 1687 3849 Χριστοῦ
1725 3775 2044 3852 παρουσίας·

396 3872 470 3942 ὃς,
517 3871 814 3950 φθονηθεὶς
863 3869 968 3924 ὑπὸ
1016 3870 1123 3921 τῶν
1182 3864 1510 3950 μεγιστάνων
1562 3861 1651 3919 διὰ
1697 3864 1760 3919 τὸ
1789 3862 2048 3941 μεγάλως

391 3949 645 4035 τιμᾶσθαι
712 3960 817 4016 ὑπὸ
871 3962 971 4015 τοῦ
1015 3952 1312 4033 βασιλέως,
1360 3949 1629 4025 ἐνεϐλήθη
1663 3951 1714 4008 ἐν
1745 3957 1824 4026 τῷ
1856 3953 2046 4028 λάκκῳ

388 4057 494 4107 τῶν
524 4052 789 4109 λεόντων.

459 4145 603 4198 Πετᾶ
658 4139 719 4195 δέ
800 4144 1025 4212 Δαρεῖον
1085 4129 1403 4190 ἐϐασίλευσε
1478 4137 1652 4211 Κῦρος
1728 4134 1756 4188 6
1832 4132 2045 4209 Πέρσης

397 4222 488 4299 ἔτη
516 4229 586 4297 λ’,
614 4231 676 4291 ’ὸς
731 4226 937 4284 ἀνελὼν
1000 4229 1222 4298 Δαρεῖον
1273 4223 1533 4298 ἐκράτησε
1559 4223 1738 4293 πάσης
1765 4229 1867 4293 τῆς
1893 4220 2047 4278 Χαλ-

403 4314 556 4374 δαίων
617 4319 709 4375 καὶ
766 4317 1075 4391 Ἀσσυρίων
1134 4314 1223 4367 καὶ
1274 4317 1495 4388 Ηερσῶν
1549 4313 1637 4367 καὶ
1681 4310 2047 4382 Ηαλαιστίνης

402 4408 487 4461 καὶ
533 4409 709 4479 πάσης
739 4415 839 4477 τῆς
869 4404 1080 4473 Ἀσίας,
1149 4403 1264 4475 μετ’
1292 4403 1363 4456 ὧν
1396 4403 1497 4471 τὴν
1528 4397 1718 4455 Λυδῶν
1761 4399 2043 4478 βασιλείαν

2170 568 2357 610 annos
2390 555 2633 628 triginta
2684 560 2953 627 quatuor,
2985 552 3103 611 vita
3131 550 3369 624 ﬂagitiis
3398 551 3724 625 inquinata,
3755 557 3814 610 et

2168 650 2430 700 morluus
2460 650 2569 702 est.

2237 733 2586 792 Jeroboamo
2604 734 2891 792 successit
2921 732 3155 790 Azarias
3184 731 3338 790 ﬁlius
3379 748 3520 790 sane
3550 747 3811 805 nequam

2168 837 2234 877 ac
2265 823 2550 894 perditus.
2602 828 2794 882 Casus
2843 827 2931 881 est
2985 840 3021 881 a
3049 822 3327 892 Sellumo,
3376 826 3687 897 postquam
3717 838 3810 879 re-

2164 917 2406 984 gnasset
2436 930 2670 971 menses
2698 914 2754 970 6.

2237 1002 2456 1060 Azariee
2486 1005 2768 1062 suffectus
2780 1007 2868 1062 est
2893 1002 3189 1061 Sellumus
3218 1003 3445 1061 fraudis
3458 1001 3812 1075 scelerisque

2168 1090 2401 1163 plenus,
2432 1093 2764 1151 trucidatus
2790 1111 2823 1149 a
2861 1093 3154 1149 Manaimo
3180 1094 3342 1165 regni
3366 1109 3571 1150 mense
3598 1092 3810 1164 primo.

2239 1181 2373 1239 Post
2417 1182 2741 1240 Sellumum
2774 1182 3035 1255 regnavit
3086 1181 3416 1240 Manaimus
3460 1198 3647 1239 annos
3667 1186 3809 1240 tres.

2166 1271 2653 1343 Proﬂigatissime
2709 1272 2871 1340 vixit,
2931 1276 2990 1328 et
3018 1288 3053 1328 a
3103 1271 3383 1329 Phacesia
3426 1271 3810 1343 interemptus

2167 1365 2279 1417 est.

2237 1451 2595 1508 Manaimum
2608 1452 2835 1523 excepit
2851 1450 3161 1509 Phaoesias
3175 1450 3335 1509 filius
3360 1451 3433 1509 ab
3454 1451 3615 1509 omni
3628 1450 3810 1509 hone-

2167 1543 2319 1597 state
2349 1542 2619 1600 relictus:
2652 1546 2710 1600 et
2739 1559 2871 1599 cum
2896 1547 3199 1615 regnasset
3220 1560 3405 1602 annos
3417 1544 3566 1602 duos
3596 1561 3629 1602 a
3658 1543 3811 1601 Pha-

2165 1646 2263 1685 cea
2293 1631 2596 1690 occiditur.

2236 1720 2374 1776 Post
2402 1721 2744 1779 Phacesiam
2791 1722 3051 1797 regnavit
3079 1722 3337 1780 Phaceas
3366 1740 3553 1781 annos
3580 1724 3807 1797 viginti,

2082 1845 2130 1910 Β
2163 1813 2281 1865 Deo
2310 1824 2542 1881 exosus,
2570 1817 2978 1884 mactatusque
3005 1814 3078 1869 ab
3118 1812 3290 1871 Osea.

2229 1900 2366 1956 Post
2395 1900 2681 1958 Phaceam
2732 1901 2996 1974 regnavit
3032 1902 3181 1959 Osea
3208 1918 3395 1960 annos
3424 1917 3652 1974 novem,
3684 1903 3807 1977 ple-

2158 2005 2389 2062 nusque
2410 1991 2646 2049 sceleris
2676 1991 2973 2048 occubuit.

2226 2080 2677 2138 Postenarratos
2701 2080 3069 2153 Assyriorum
3081 2097 3268 2155 reges,
3294 2085 3357 2138 ut
3376 2082 3675 2155 proditum
3689 2086 3804 2154 est,

2156 2185 2406 2242 regnum
2438 2172 2509 2227 ad
2532 2171 3172 2228 Nabuchodonosorum
3202 2173 3298 2229 2‘!
3330 2175 3420 2228 est
3439 2171 3802 2242 devolutum,

2155 2259 2255 2331 qui
2281 2259 2817 2334 Hierosolymorum
2868 2277 3051 2318 annos
3076 2261 3148 2316 27
3187 2277 3436 2334 regnum
3467 2261 3793 2335 occupavit.

2156 2346 2257 2402 Hic
2314 2352 2553 2420 propter
2599 2349 2939 2422 superbiam
2991 2348 3189 2406 divina
3250 2349 3339 2406 ira
3367 2366 3436 2405 ex
3486 2349 3798 2407 hominum

2155 2440 2306 2493 coetu
2335 2439 2557 2510 ejeotus
2588 2455 2723 2496 cum
2773 2438 3077 2496 sodalibus
3106 2439 3320 2496 belluis
3350 2440 3569 2497 foenum
3598 2440 3803 2514 epula-

2153 2527 2348 2586 batur.
2376 2529 2643 2586 Tandem
2666 2528 2783 2585 Deo
2814 2544 3011 2586 rerum
3032 2528 3297 2585 omnium
3327 2529 3534 2601 opiﬁce
3549 2530 3801 2602 cognito,

2153 2634 2363 2675 rursus
2393 2617 2643 2690 pristino
2671 2616 2918 2690 imperio
2957 2617 3257 2675 restitutus
3282 2623 3370 2674 est
3397 2616 3804 2689 illustriorque

2151 2708 2417 2766 effectus.

2224 2806 2362 2862 Post
2402 2804 3050 2862 Nabuchodonosorum
3100 2803 3346 2878 imperio
3394 2803 3625 2877 prefuit
3664 2803 3796 2863 Ule-

2153 2895 2544 2952 marodachus
2576 2894 2733 2952 illius
2761 2910 2944 2952 annos
2972 2894 3030 2951 5.

2221 2983 2681 3042 Ulemarodacbo
2739 2982 3023 3041 successit
3061 2981 3327 3041 Baltasar
3377 2982 3577 3054 frater,
3607 2983 3795 3041 trien-

2151 3074 2434 3147 niumque
2483 3073 2765 3147 regnavit.
2825 3075 2881 3130 Is
2925 3073 3074 3130 vasis
3124 3071 3363 3129 Numini
3413 3074 3614 3145 sacris,
3664 3090 3793 3148 quas

2150 3163 2562 3235 Hierosolymis
2575 3162 3182 3221 Nabuchodonosorus
3198 3165 3792 3238 paterasportaverat,

2149 3252 2213 3311 in
2242 3253 2502 3312 convivio
2516 3252 2952 3323 contaminatis,
2972 3252 3221 3312 Numine
3257 3264 3640 3312 succensente
3668 3254 3792 3312 vio-
3861 3250 3867 3256 ’

2148 3346 2308 3403 lenta
2335 3349 2521 3403 morte
2540 3344 2836 3412 occubuit,
2859 3346 2916 3400 et
2944 3360 3190 3416 regnum
3225 3344 3295 3402 ad
3327 3343 3563 3402 Darium
3592 3348 3792 3404 trans-

2144 3434 2332 3492 latum
2360 3441 2470 3493 est.
2956 3489 2960 3493 .

2219 3525 2357 3582 Post
2412 3525 2778 3582 Baltasarum
2831 3523 3042 3581 Darius
3090 3522 3317 3593 Medus,
3366 3523 3469 3596 qui
3509 3526 3792 3598 Astyages

2148 3614 2287 3670 item
2308 3617 2367 3670 et
2392 3616 2736 3671 Artaxerxes
2752 3613 3077 3683 dicebatur,
3102 3627 3345 3684 regnum
3363 3612 3798 3669 administravit

2150 3719 2336 3759 annos
2368 3701 2807 3774 septemdecim.
2840 3701 2960 3757 Sub
2994 3701 3101 3757 hoc
3115 3715 3217 3772 per
3237 3698 3512 3771 angelum
3544 3700 3799 3758 visiones

2152 3781 2386 3839 Danielo
2427 3785 2678 3838 ostensa
2722 3784 2881 3851 sunt,
2921 3784 3276 3852 tempusque
3324 3778 3540 3836 Christi
3565 3780 3797 3837 venturi

2148 3872 2499 3930 indicatum.
2560 3872 2661 3927 Hic
2693 3870 2849 3943 quod
2908 3886 3121 3943 magno
3148 3873 3304 3927 esset
3335 3870 3395 3926 in
3426 3871 3610 3943 pretio
3636 3871 3796 3944 apud

2149 3977 2369 4035 regem,
2399 3959 2621 4017 invidia
2672 3958 3007 4034 principum
3037 3959 3099 4016 in
3130 3959 3355 4018 foveam
3383 3959 3618 4018 leonum
3659 3976 3795 4034 pro-

2146 4051 2369 4123 jicitur.

2220 4140 2355 4198 Post
2395 4139 2632 4196 Darium
2690 4139 2874 4212 Cyrus
2902 4143 3074 4196 Persa
3102 4154 3350 4212 regnum
3384 4140 3576 4199 tenuit
3604 4157 3793 4200 annos

2150 4228 2410 4302 triginta,
2470 4229 2568 4301 qui
2623 4228 2799 4285 Dario
2841 4245 2990 4286 caeso
3035 4228 3308 4287 universa
3362 4229 3791 4302 Chaldaeorum,

2145 4318 2542 4391 Assyriorum,
2558 4317 2866 4375 Persarum
2890 4318 3127 4391 regione
3155 4319 3399 4392 potitus,
3424 4319 3793 4378 Palaestinam

2148 4408 2289 4464 item
2311 4411 2368 4464 et
2396 4411 2577 4463 totam
2600 4407 2793 4465 Asiam
2800 4407 3117 4480 ,Lydorum
3136 4408 3376 4480 posthac
3398 4409 3790 4481 dominatum,

408 4496 665 4569 ὑπέταξεν,
722 4495 930 4553 ἀνελὼν
992 4496 1254 4562 Κροῖσον,
1313 4492 1387 4555 ὡς
1441 4490 1787 4566 προείρηται.
1827 4493 1946 4569 Ἐφ’
1978 4489 2040 4545 οὗ

2174 4497 2342 4552 lroeso
2377 4500 2567 4569 capto,
2591 4501 2656 4552 ut
2695 4496 2823 4567 jam
2855 4496 3135 4567 diximus,
3175 4498 3287 4553 sub
3316 4495 3536 4554 ditione
3558 4498 3795 4570 propria

409 4568 617 4658 Δανιὴλ,
684 4586 1106 4661 ἐπιφανέστερος
1166 4579 1428 4655 ὑπάρχων
1488 4575 1567 4633 ἔτι
1616 4580 1708 4633 καὶ
1768 4576 1860 4633 τὸν
1916 4577 2038 4647 Βὴλ

2174 4587 2387 4658 λεάεείι.
2448 4568 2526 4642 Ea
2554 4590 2905 4659 tempestate
2961 4584 3162 4643 Daniel
3213 4586 3497 4659 dignitate
3526 4568 3593 4644 ac
3623 4568 3793 4647 factis

414 4677 680 4752 συντρίψας
738 4677 829 4731 καὶ
888 4674 983 4729 τὸν
1044 4667 1311 4746 δράκοντα
1377 4667 1656 4748 φονεύσας,
1710 4668 1778 4722 τὰ
1824 4671 2043 4743 Περσῶν

411 4759 720 4839 σεϐάσματα,
772 4760 992 4835 ἐϐλήθη
1037 4758 1089 4814 ἐν
1151 4762 1231 4830 τῷ
1285 4756 1474 4831 λάκκῳ
1516 4761 1626 4813 τῶν
1658 4755 1917 4827 λεόντων,
1948 4756 2035 4811 καὶ

404 4852 465 4924 ἦν
491 4853 592 4911 ἐκεῖ
618 4854 827 4932 ἡμέρας

466 4947 605 5004 Μετὰ
632 4946 688 5003 δὲ
720 4930 895 5021 Κῦρόν
948 4934 1271 4995 ἐϐασίλευσε
1314 4930 1610 5010 Καμϐύσης
1641 4934 1672 4991 6'
1701 4935 1817 4997 υἱὸς
1850 4933 2036 5006 αὐτοῦ,

402 5035 537 5093 ὁκαὶ
590 5029 1100 5114 Ναϐουχοδονόσορ
1150 5024 1487 5114 ἐπικληθεὶς,
1536 5021 1633 5114 ἔτη
1689 5026 1778 5096 ιη’.
1824 5025 1940 5099 Ἐφ’
1974 5024 2035 5078 οὗ

394 5128 469 5182 Mi
516 5127 725 5199 Ἰουδήθ
916 5122 1021 5177 τοῦ
1078 5112 1215 5172 Θεοῦ
1274 5112 1499 5188 βοηθείᾳ
1550 5113 1641 5170 καὶ
1698 5117 1767 5187 τῇ
1836 5114 2032 5182 ἑαυτῆς

393 5219 531 5294 σοφίᾳ
582 5221 913 5291 ἀπατήσασα
960 5206 1059 5266 καὶ
1118 5201 1566 5294 ἀποκεφαλίσασα
1618 5202 1710 5294 τὸν
1764 5201 2035 5294 Ὁλοςρὲρ-

384 5284 479 5383 νηί,
507 5284 845 5383 ’πορθοζέρτα
872 5303 982 5373 τὴν
1033 5291 1327 5352 Βετουλίαν
1382 5290 1567 5383 πόλιν,
1595 5290 1747 5383 νίκην
1780 5291 2028 5383 μεγάλην

376 5370 630 5469 rogabit:
663 5394 903 5479 Ἰσραὴλ
937 5370 1313 5467 ’προεξένησῆ
1369 5380 1459 5437 καὶ
1510 5379 1828 5452 ἐτελεύτησε
1880 5382 2030 5458 χήρα

373 5491 599 5576 NW5-
885 5572 940 5578 ,4
1120 5558 1178 5578 ..
1261 5561 1296 5578 ,ς
1495 5559 1674 5578 ,..
1800 5562 1815 5578 .
1907 5560 1929 5578 .,

421 5558 559 5647 Πεέά
607 5588 667 5647 δὲ
726 5572 1060 5657 Καμϐύσην
1116 5558 1436 5621 ἐϐασίλευσε
1494 5559 1761 5639 Σμέρδιος
1794 5562 1821 5619 6
1855 5560 2027 5639 μάγος

367 5687 515 5757 μῆνας
536 5683 598 5756 ξι

2150 4675 2527 4747 conspicuus,
2559 4676 2694 4732 Belo
2730 4675 3043 4733 contracto
3073 4675 3440 4747 draconeque
3468 4677 3793 4754 interfecto,

2150 4763 2459 4820 Persarum
2509 4764 2863 4819 sacresantis
2906 4761 3264 4833 numinibus,
3322 4762 3383 4819 in
3413 4765 3640 4823 foveam
3669 4766 3792 4824 leo-

2150 4868 2292 4908 num
2323 4852 2622 4922 conjeclus
2654 4855 2764 4916 est,
2797 4851 2897 4908 ubi
2920 4854 3142 4922 septem
3172 4851 3297 4910 dies
3321 4856 3669 4926 permansit.

2219 4943 2320 5000 22
2351 4941 2563 5015 Cyrum
2594 4942 2806 5014 excipit
2835 4941 3151 5014 Cambyses
3181 4943 3360 5014 ﬁlius,
3382 4947 3485 5019 qui
3514 4954 3568 5005 et
3597 4948 3795 5007 Nabu-

2146 5032 2511 5089 chodonosor
2559 5032 2898 5103 vocabatur,
2948 5047 3052 5103 per
3100 5050 3288 5091 annos
3336 5037 3673 5095 octodecim.
3702 5043 3791 5097 Ea

2142 5124 2487 5195 tempestate
2516 5119 2759 5177 Juditha
2779 5120 2980 5177 divina
3009 5138 3119 5195 ope
3148 5128 3205 5179 et
3220 5125 3525 5196 prudentia
3554 5128 3788 5199 propria

2142 5209 2462 5283 Olopherne
2511 5209 2738 5282 deluso,
2779 5211 3026 5283 ejusque
3073 5212 3310 5269 Betulias
3357 5231 3582 5288 magna;
3620 5215 3785 5273 urbis

2140 5299 2434 5355 excidium
2466 5298 2796 5356 minitantis
2826 5300 3016 5373 capite
3046 5303 3633 5375 amputato,ingentis
3661 5302 3786 5360 vic-

2138 5387 2299 5444 torias
2351 5387 2630 5444 Israelitis
2690 5405 2868 5446 causa
2895 5388 3036 5459 fuit;
3093 5389 3355 5460 obiitque
3385 5390 3557 5447 vidua
3595 5388 3781 5449 elatis

2138 5490 2426 5533 annorum
2447 5475 2570 5534 105.

2208 5566 2516 5641 Cambysis
2572 5582 2819 5640 regnum
2843 5584 2911 5626 eo
2941 5567 3243 5640 defuncto,
3271 5567 3548 5640 Sperdius
3575 5566 3781 5638 Magus

2140 5671 2371 5717 menses
2392 5656 2430 5713 7
2457 5657 2780 5730 occupavit.
