4150 6292
438 283 571 371 ,843

2023 278 2286 343 JOELIS

3709 282 3810 340 244

523 434 665 490 Post
718 432 1031 505 Sperdium
1062 431 1270 488 Darius
1329 430 1631 505 Hystaspis
1668 430 1822 487 titius
1852 446 2089 503 regnum

2282 411 2433 468 Μετᾶ
2495 408 2552 465 δὲ
2620 406 2890 485 Σμέρδιον
2942 403 3225 505 ἐϐασίλευε
3282 412 3505 481 Δαρεῖος
3557 409 3812 464 Ὑστάσπου

447 520 883 578 administravit
912 538 1097 578 annos
1118 520 1347 593 viginti,
1379 520 1488 577 sub
1522 537 1636 594 quo
1668 536 1900 577 rursum
1924 525 2094 575 Zoro-

445 610 693 667 babelus
725 618 781 667 et
807 611 979 668 Jesus
1001 610 1471 667 exaediﬁcationis
1500 610 1704 683 templi
1733 610 2094 684 provinciam

449 700 564 756 sibi
612 699 990 756 commissam
1043 699 1370 757 absolvunt.
1418 700 1660 764 Quando
1703 700 2096 757 Zorobabelus

444 789 720 858 superior
776 791 833 845 in
908 790 1238 862 exponendo
1323 788 1683 864 problemate
1745 788 2093 861 declaratur,

452 877 621 950 eique
679 894 782 951 pro
840 877 1008 935 lihito
1085 878 1372 952 quidquid
1458 882 1610 935 esset
1664 879 2095 946 concederetur,

452 965 1055 1039 primumlibertatem
1083 967 1305 1041 populi,
1331 968 1545 1025 deinde
1558 966 2096 1040 Hierosolymorum

435 1055 915 1127 _exstructionem
978 1058 1275 1129 exposcit;
1309 1058 1462 1128 quod
1513 1060 1570 1113 et
1597 1056 1815 1113 exitum
1870 1055 2095 1112 habuit.

436 1144 523 1215 .Et
554 1148 694 1201 tunc
734 1145 874 1201 anni
931 1144 1305 1218 septuaginta
1334 1144 1687 1218 captivitatis
1732 1144 1908 1201 etira
1937 1160 2099 1201 com-

453 1233 594 1309 pleti
649 1239 809 1292 sunt.
865 1235 1091 1293 Interea
1148 1252 1421 1293 summus
1468 1236 1743 1292 sacerdos
1786 1236 2098 1308 scribaque

460 1321 644 1381 Esdra
676 1324 958 1397 populum
989 1324 1217 1398 legibus
1259 1325 1472 1381 divinis
1503 1325 1877 1391 informabat,
1909 1332 1962 1381 et
1994 1340 2095 1397 pro

450 1438 560 1479 sua
595 1421 813 1494 ingenii
853 1424 1192 1481 dexteritate
1222 1423 1731 1495 interpretabatur.
1784 1422 1891 1479 Hic
1920 1422 2095 1478 etiam

453 1511 638 1570 libros
695 1528 894 1569 sacros
939 1513 1012 1568 ab
1065 1511 1335 1569 hostibus
1393 1516 1699 1585 corruptos
1755 1512 2093 1581 renovavit;

452 1600 850 1657 Chaldaeorum
912 1602 1127 1675 quippe
1173 1618 1350 1657 manu
1392 1605 1523 1673 post
1560 1601 2095 1675 Hierosolymorum

458 1690 749 1747 excidium
797 1690 1211 1764 deﬂagrarant.
1245 1693 1611 1764 Quapropter
1648 1692 1804 1748 Deus
1828 1708 1934 1748 suo
1962 1708 2095 1749 eum

462 1778 658 1836 aﬂlatu
693 1781 773 1836 ita
804 1781 1036 1850 muniit,
1071 1780 1287 1838 utillos
1303 1781 1499 1838 ederet
1526 1785 1583 1836 et
1602 1780 1943 1853 publicaret.

527 1868 700 1925 Dario
732 1869 791 1926 in
836 1886 1010 1942 regno
1053 1870 1314 1929 succedit
1369 1870 1694 1928 Artabanes
1724 1885 1829 1943 per
1876 1886 2107 1929 menses

458 1961 704 2030 septem.
1268 2022 1275 2032 η

522 2049 816 2104 Artabano
845 2051 1188 2108 Artaxerxes
1235 2048 1641 2121 Longimanus
1670 2065 1774 2123 per
1801 2066 1987 2106 annos
2018 2050 2104 2108 41.

448 2142 528 2193 Ea
555 2141 898 2209 tempestate
939 2138 1271 2211 Sophocles,
1319 2137 1680 2205 Heraclitus,
1712 2141 2107 2213 Anaxagoras,

448 2227 830 2299 Pythagoras,
860 2228 1249 2302 Thucydides,
1274 2227 1601 2301 Euripides,
1628 2229 1973 2299 Herodotus,
2006 2231 2107 2289 28

457 2314 856 2388 Empedocles,
887 2316 1192 2388 Diogenes,
1239 2319 1411 2387 Zeno,
1437 2318 1817 2392 Pherecydes,
1850 2320 2107 2377 Aristar-

468 2404 637 2476 chus,
661 2404 1059 2478 Hippocrates,
1094 2406 1489 2476 Parmenides,
1523 2407 1706 2481 Plato,
1750 2408 2105 2482 Aristoteles,

468 2494 888 2553 Demosthenes
918 2500 976 2553 et
1003 2500 1265 2553 Socrates
1288 2496 1593 2554 ﬂorebant.

530 2648 668 2706 Post
698 2653 1073 2707 Artaxerxem
1118 2651 1460 2708 Artaxerxes
1486 2650 1639 2707 alius
1677 2654 1772 2721 ;et
1810 2652 1910 2725 qui
1941 2654 2103 2711 Arta-

447 2738 606 2794 xerxi
627 2754 1235 2812 successere,regnum
1259 2740 1613 2800 obtinentad
1637 2741 1871 2798 Darium
1894 2758 2102 2816 usque,

446 2843 618 2899 quem
659 2827 986 2884 Alexander
1025 2828 1341 2886 interemit.
1375 2831 1478 2888 Hic
1532 2850 1667 2889 cum
1701 2846 1943 2904 regnum
1976 2831 2103 2888 Per-

441 2932 638 2973 sarum
688 2920 1000 2986 vastasset,
1034 2919 1306 2974 universa
1334 2923 1489 2977 terra
1521 2922 1769 2978 subacta
1805 2917 2099 2993 Babylone

443 3004 755 3074 occubuit;
814 3012 871 3060 et
919 3020 985 3061 eo
1018 3006 1134 3063 fato
1186 3007 1384 3065 functo
1440 3009 1798 3077 administri,
1860 3013 1927 3064 ut
1972 3011 2098 3079 jam

443 3093 660 3148 dictum
682 3098 789 3164 est,
818 3093 1128 3165 imperium
1155 3095 1430 3167 divisere;
1457 3114 1711 3171 quorum
1736 3098 2090 3155 Ptolemaeus

444 3181 585 3253 Lagi
618 3181 773 3236 filius
831 3182 1055 3254 Egypti
1085 3198 1331 3255 regnum
1378 3186 1701 3260 occupavit,
1735 3192 1792 3243 et
1826 3186 1925 3259 qui
1958 3193 2091 3259 post

444 3285 581 3326 eum
629 3270 928 3325 subsecuti
951 3275 1091 3326 sunt
1139 3271 1432 3329 Ptolemaei
1482 3276 1763 3332 tredecim
1797 3291 1985 3345 usque
2018 3275 2090 3331 ad

443 3358 806 3430 Cleopatram
842 3358 1097 3431 Dionysii
1148 3359 1351 3418 tiliam.
1385 3362 1678 3421 Universae
1710 3363 1860 3421 Asiae
1893 3364 2090 3436 impe-

445 3448 601 3503 rium
651 3447 897 3520 arripuit
954 3449 1300 3522 Antigonus,
1379 3453 1574 3526 Syriae,
1625 3453 1975 3526 Babyloniae,
2035 3457 2093 3509 et

445 3536 767 3595 Palaestinae
790 3537 1066 3596 Seleucus
1089 3539 1363 3610 Nicanor,
1413 3544 1513 3616 qui
1546 3544 1692 3600 duas
1715 3544 1869 3615 apud
1884 3542 2090 3600 Cilices

444 3631 502 3685 et
532 3629 762 3685 tertiam
796 3631 948 3702 apud
979 3630 1159 3705 Syrps
1192 3633 1367 3690 urbes
1391 3634 1832 3703 condidit,hanc
1852 3635 2087 3707 quidem

441 3716 791 3791 Seleuciam,
817 3717 978 3776 illam
1010 3721 1399 3794 Antiochiam,
1424 3724 1656 3781 tertiam
1688 3724 2029 3781 Laodiceam
2054 3740 2088 3780 a

440 3825 569 3878 suo,
594 3808 722 3880 ﬁlii,
753 3808 1002 3883 ﬁliasque
1023 3811 1259 3868 nomine
1283 3818 1698 3887 nuncupatam.
1727 3815 1804 3870 Eo
1831 3818 2087 3887 tempore

435 3897 644 3954 Rhodii
680 3916 814 3955 cum
846 3899 1156 3972 imperium
1190 3904 1371 3960 maris
1389 3904 1807 3974 obtinuissent,
1832 3909 2084 3962 statuam

433 4003 653 4043 teneam
682 3987 740 4043 in
802 4004 869 4044 ea
898 3990 1037 4045 urbe
1081 3990 1200 4046 sive
1231 3990 1425 4048 insula
1472 3992 1581 4049 soli
1612 4009 1837 4050 sacram
1889 4009 2082 4050 erexe-

432 4080 590 4145 runt,
626 4092 802 4148 quam
837 4093 905 4132 ex
934 4078 1655 4150 magnitudineColossum
1689 4082 2081 4155 appellarunt,

434 4181 467 4221 a
500 4180 613 4236 qua
643 4164 754 4236 ipsi
787 4169 994 4236 postea
1019 4166 1396 4226 Colossenses
1426 4169 1567 4227 dicti
1599 4173 1759 4229 sunt.

506 4349 744 4410 Seleuco
766 4352 1049 4410 successit
1076 4352 1391 4411 Antiochus
1408 4353 1568 4411 ﬁlius
1585 4359 1641 4412 et
1669 4354 1766 4412 alii
1797 4354 2076 4429 quinque,

2133 1788 2181 1855 B

2120 3141 2169 3209 C

2203 494 2296 568 ἔτη
2344 499 2409 557 κ’.
2445 498 2565 574 Ἐφ’
2610 498 2671 554 οὗ
2718 498 2883 553 πάλιν
2931 491 3239 574 Ζοροϐάϐελ
3273 496 3365 550 καὶ
3397 496 3595 566 Ἰησοῦς
3620 494 3809 571 ἐπιτρα-

2203 585 2391 649 πέντες
2422 585 2746 642 ἐτελείωσαν
2787 588 2887 655 τήν
2921 583 3223 659 οἰκοδομὴν
3252 589 3354 640 τοῦ
3393 589 3540 655 ναοῦ,
3571 586 3653 639 ὅτε
3681 586 3705 639 6
3733 591 3816 639 Ζο-

2206 671 2442 753 ροϐάϐελ
2479 674 2531 730 ἐν
2568 671 2926 751 προϐλήματι
2960 676 3208 746 νικήσας,
3241 674 3330 729 καὶ
3362 673 3656 748 ἐπιτραπεὶς
3684 674 3816 744 αίτήο

2205 776 2394 829 σασθαι
2443 765 2473 819 6'
2529 763 2806 841 βούλεται,
2852 764 3081 835 ἠξίωσεν
3120 763 3379 840 ἀφεθῆναι
3423 764 3519 831 τήν
3552 759 3824 836 αἰχμαλω-

2206 853 2321 908 σίαν
2387 852 2479 909 καὶ
2542 851 2978 927 οἶκοδομηθῆναι
3047 854 3146 922 τήν
3212 849 3592 925 Ἰερουσαλήμ·
3658 851 3686 904 6'
3742 849 3821 904 καὶ

2202 942 2411 1021 γέγονε,
2439 943 2531 999 καὶ
2559 944 2685 999 τότε
2729 940 3096 1017 πεπλήρωται
3127 940 3205 1006 εἰς
3241 938 3405 1005 τέλος
3429 939 3493 994 τὰ
3521 946 3617 1009 τῆς
3643 939 3828 1018 αίχμα-

2207 1033 2411 1099 λωσίας
2456 1035 2545 1090 καὶ
2594 1040 2694 1105 τῆς
2748 1034 2917 1110 όργῆς
2982 1028 3075 1104 ἔτη
3139 1033 3204 1089 ο“.
3255 1031 3317 1089 Ὀ
3366 1026 3423 1085 δέ
3465 1051 3525 1107 γε
3567 1028 3828 1105 ἀρχιερεὺς

2206 1125 2297 1181 καὶ
2362 1123 2717 1201 γραμματεὺς
2783 1121 3021 1198 Ἔσδρας
3077 1123 3145 1193 ἦν
3214 1118 3481 1177 διδάσκων
3540 1120 3626 1176 τὸν
3676 1119 3828 1193 νόμον

2206 1220 2303 1270 τοῦ
2353 1218 2488 1270 Θεοῦ
2530 1214 2620 1269 καὶ
2673 1211 3048 1289 διερμηνεύων
3099 1211 3173 1274 ὠς
3220 1211 3573 1288 εὐφυέστατος
3611 1210 3825 1280 πάντων,

2207 1303 2267 1367 ὅς
2324 1303 2415 1359 καὶ
2470 1303 2565 1365 τὰς
2625 1303 2774 1379 ἱερὰς
2835 1296 3065 1377 βίϐλους
3122 1300 3528 1371 ἀποκατέστησε
3556 1295 3831 1376 διαφθαρεί-

2208 1414 2303 1456 σας
2333 1393 2436 1448 ὑπὸ
2491 1397 2599 1447 τῶν
2655 1390 2963 1466 πολεμίων·
3017 1392 3069 1446 οἱ
3130 1390 3235 1468 γὰρ
3274 1410 3363 1445 τοι
3424 1385 3676 1447 Χαλδαῖοι
3714 1386 3837 1460 μετὰ

2205 1484 2305 1550 τήν
2337 1480 2541 1537 ἅλωσιν
2590 1487 2691 1550 τῆς
2746 1480 3114 1555 Ἰερουσαλὴμ
3170 1475 3472 1555 ἐνέπρησαν
3526 1479 3707 1538 πάσας.
3754 1476 3832 1530 Διὸ

2206 1571 2297 1626 καὶ
2329 1568 2632 1626 ἐνέπνευσεν
2692 1571 2720 1625 6
2778 1570 2909 1632 Θεὸς
2966 1568 3149 1640 τούτῷ
3215 1568 3353 1624 ὥστε
3409 1568 3572 1629 αὐτὰς
3603 1564 3832 1631 ἐκθέσθαι.

2280 1841 2432 1897 Μετᾶ
2489 1836 2547 1895 δῖ
2613 1843 2834 1914 Δαρεῖον
2931 1833 3277 1895 ἐϐασίλευσεν
3348 1832 3693 1915 Ἀρταϐάνης
3749 1840 3848 1910 μῆ-

2209 1950 2303 1992 νας
2335 1932 2398 2001 ζ’.

2282 2020 2435 2076 Μετᾶ
2509 2016 2567 2074 δῖε
2637 2013 2977 2096 ’Δρταϐάνην
3061 2013 3411 2075 ἐϐασίλευσεν
3521 2016 3861 2094 Ἀρταξέρξης

2211 2109 2586 2185 ὁΜακρὸχειρ
2616 2104 2709 2180 ἔτη
2747 2115 2853 2182 μα’.
2889 2108 3004 2187 Ἐφ’
3051 2108 3114 2163 οὗ
3164 2107 3493 2188 Σοφοκλῆς,
3523 2106 3869 2183 Ἡράκλειτος

2202 2201 2301 2255 καὶ
2333 2199 2693 2276 Ἀναξαγόρας
2749 2199 2839 2253 καὶ
2879 2198 3192 2275 Ηυθαγόρας
3250 2198 3345 2253 καὶ
3407 2193 3751 2267 Θουκυδίδης
3786 2195 3869 2250 καὶ

2212 2287 2519 2366 Εὐριπίδης
2573 2288 2664 2344 καὶ
2724 2285 3017 2363 Ἡρόδοτος
3056 2288 3145 2342 καὶ
3203 2285 3604 2362 Ἐμπεδοκλῆς
3638 2286 3730 2342 καὶ
3762 2292 3873 2340 Διο-

2210 2378 2373 2457 γένης
2405 2379 2495 2433 καὶ
2528 2381 2710 2450 Ζήνων
2745 2375 3055 2454 Φερεκύδης
3111 2397 3171 2432 τε
3225 2378 3317 2432 καὶ
3376 2376 3760 2455 Ἀρίσταρχος
3793 2374 3874 2429 καὶ

2207 2468 2589 2543 Ἱπποκράτης,
2644 2464 3018 2543 Παρμενίδης,
3072 2464 3300 2522 Πλάτων
3363 2467 3463 2522 καὶ
3495 2463 3877 2543 Ἀριστοτέλης

2208 2556 2300 2613 καὶ
2331 2557 2685 2631 Δημοσθένης
2717 2556 2808 2611 καὶ
2840 2554 3143 2631 Σωκράτης
3174 2553 3574 2631 ἔγνωρίζοντο.

2280 2647 2433 2705 Μετᾶ
2489 2644 2547 2702 δέ
2613 2645 2969 2722 Ἀρταξέρξην
3056 2640 3421 2701 ’ἐϐασίλευσεν
3517 2646 3876 2722 ’Δρταξέρξης

2206 2737 2378 2802 ἄλλος
2418 2737 2507 2794 καὶ
2537 2738 2589 2794 οἱ
2618 2739 2845 2810 καθεξῆς
2890 2734 2996 2800 ἕως
3028 2737 3276 2813 Δαρείου,
3325 2738 3389 2793 ’ὸν
3445 2736 3670 2793 ἀνεῖλεν
3702 2731 3878 2804 Ἀλέξ-

2206 2826 2424 2905 ανδρος,
2492 2827 2554 2883 οὗ
2628 2829 2727 2899 τήν
2808 2831 3026 2903 Περσῶν
3103 2824 3391 2901 βασιλείαν
3476 2826 3882 2886 καταλύσαντος

2203 2919 2293 2973 καὶ
2393 2916 2571 2989 πάσης
2678 2923 2782 2987 τῆς
2882 2923 2988 2992 γῆς
3088 2917 3477 2992 κρατήσαντος
3570 2916 3627 2972 ἐν
3709 2910 3883 2973 8169-

2203 3005 2339 3063 λῶνί
2438 3027 2495 3062 τε
2568 3004 2996 3077 τελευτήσαντος
3085 3002 3289 3060 διεῖλον
3383 3009 3499 3077 τήν
3585 3003 3885 3083 βασιλείαν,

2204 3097 2278 3159 ὡς
2344 3095 2576 3172 πρόσθεν
2636 3094 2873 3172 ε’ἰρηται,
2930 3095 2983 3149 οἱ
3042 3094 3232 3158 παῖδες
3291 3095 3478 3153 αὐτοῦ
3522 3095 3732 3160 οὕτως.
3778 3097 3890 3162 Τῆς

2207 3185 2300 3259 μὶν
2353 3184 2638 3262 Αἰγύπτου
2686 3182 3037 3257 Πτολεμαῖος
3095 3178 3463 3241 ἐϐασίλευσεν
3497 3186 3529 3241 6
3566 3185 3756 3260 Λάγου
3809 3180 3895 3236 καὶ

2204 3275 2255 3329 0".
2310 3273 2538 3344 καθεξης
2595 3271 2936 3346 Πτολεμαῖοι
2995 3273 3063 3349 ιγ’
3124 3268 3230 3335 ἓως
3289 3271 3690 3351 Κλεοπάτρας
3742 3275 3902 3347 θυγα-

2198 3365 2327 3439 τρὸς
2382 3361 2681 3434 Διονυσίου,
2736 3369 2839 3431 τῆς
2918 3361 2977 3418 δέ
3053 3363 3235 3426 Ἀσίας
3285 3366 3498 3438 πάσης
3561 3365 3899 3441 Ἀντίγονος,

2197 3460 2297 3524 τῆς
2365 3452 2423 3511 δὲ
2484 3453 2685 3531 Συρίας
2746 3453 2836 3510 καὶ
2906 3448 3263 3518 Βαϐυλωνίας
3330 3458 3447 3513 καὶ
3524 3454 3904 3522 Παλαιστίνης

2198 3543 2462 3605 Σέλευκος
2508 3543 2537 3598 6
2583 3542 2865 3617 Νικάνωρ,
2925 3540 2984 3605 ὅς
3025 3542 3116 3597 καὶ
3172 3541 3380 3609 πόλεις
3457 3544 3567 3602 δύο
3629 3566 3827 3608 κτισας
3855 3542 3904 3597 ἐν

2195 3637 2312 3695 τοῖς
2346 3633 2528 3708 μέρεσι
2560 3631 2813 3694 Κιλικίας
2873 3632 2965 3686 καὶ
3023 3629 3206 3705 ἄλλην
3254 3631 3306 3688 ἐν
3361 3636 3586 3712 Συρίᾳ,
3646 3636 3752 3705 τὴν
3811 3634 3904 3707 μὶν

2198 3720 2517 3777 Σελεύκειαν
2573 3719 2818 3792 ἐκάλεσε,
2872 3722 2972 3791 τὴν
3040 3719 3099 3777 δέ
3164 3721 3570 3801 Ἀντιόχειαν,
3650 3729 3758 3796 τήν
3847 3721 3904 3777 δὲ

2195 3808 2511 3868 Λαοδίκειαν
2566 3809 2642 3873 εἷς
2703 3810 2767 3866 τὸ
2819 3810 3011 3866 ἑαυτοῦ
3068 3806 3244 3885 ὄνομα
3306 3814 3420 3869 καὶ
3484 3820 3597 3872 τοῦ
3654 3816 3785 3872 υἱοῦ
3813 3812 3904 3869 καὶ

2192 3906 2292 3971 τῆς
2343 3901 2608 3976 θυγατρὸς
2658 3896 2956 3970 Λαοδίκης.
3015 3899 3131 3977 Ἐφ’
3191 3901 3253 3955 οὗ
3313 3901 3563 3961 Ῥόδιοι
3629 3904 3907 3971 θαλασσοο

2192 3991 2553 4065 κρατήσαντες
2584 3988 2880 4060 ἀνέστησαν
2935 3987 2987 4043 ἐν
3041 3990 3112 4061 τῇ
3140 3988 3331 4061 πόλει,
3370 3989 3569 4068 ἤγουν
3600 3996 3681 4069 τῇ
3734 3993 3911 4051 ἐκεῖσε

2190 4079 2359 4151 νήσῳ,
2389 4076 2633 4153 χαλκοῦν
2676 4074 2965 4150 ἀνδριάντα
3007 4079 3105 4134 τοῦ
3158 4075 3357 4150 ἡλίου,
3397 4080 3470 4137 ὅν
3510 4081 3616 4139 διὰ
3646 4086 3715 4140 τὸ
3752 4085 3910 4159 μέγε-

2192 4176 2284 4231 οος
2360 4164 2618 4221 ἐκάλεσαν
2708 4164 2997 4238 κολοσσὸν,
3099 4165 3190 4221 καὶ
3285 4167 3468 4225 αὐτοὶ
3557 4171 3916 4235 Κολοσσαεῖς

2190 4256 2298 4312 ὠνο
2307 4256 2485 4330 μάσΘη
2493 4277 2584 4312 σαν
2595 4298 2609 4314 .

2257 4349 2408 4408 Μετὰ
2475 4346 2533 4403 δὲ
2598 4346 2864 4404 Σέλευκον
2940 4342 3282 4405 ἐϐασίλευσεν
3374 4352 3715 4434 Ἀντίοχος
3793 4352 3912 4417 υίὸς

431 4441 651 4502 Deinde
680 4443 1033 4500 subsecutus
1056 4443 2075 4517 estAntiochusEpiphanes,Seleuei

2212 4438 2352 4494 ιύτοῦ
2401 4439 2491 4494 καὶ
2544 4437 2711 4494 ἄλλοι
2771 4439 2829 4497 ε’.
2883 4438 3020 4496 Εἶτα
3075 4434 3446 4500 ἐϐασίλευσεν
3528 4449 3855 4525 Ἀντίοχος
3886 4448 3915 4501 6

432 4532 820 4605 Philopatoris
880 4530 1058 4603 ﬁlius,
1092 4531 1201 4588 sub
1233 4548 1349 4605 quo
1380 4532 1703 4589 secundum
1743 4533 2076 4609 Hierosoly-

2212 4530 2507 4606 Επιφανής,
2553 4528 2672 4617 υίὸς
2724 4526 2998 4617 Σελεύκου
3047 4533 3145 4586 τοῦ
3200 4528 3667 4615 Φιλοπάτορος,
3725 4517 3815 4617 ἔρξ’
3845 4536 3910 4592 οὗ

427 4640 651 4682 morum
681 4624 974 4683 excidium
1034 4629 1091 4681 et
1122 4624 1577 4682 Maccahaeorum
1620 4642 1711 4683 res
1736 4631 1906 4698 gestas
1936 4645 2071 4685 nar-

428 4713 1064 4788 rantur,templumque
1085 4716 1412 4772 secundum
1439 4713 1696 4772 Danielis
1725 4716 2069 4774 vaticinium

430 4804 827 4873 profanatum.
883 4806 989 4861 Ilic
1075 4806 1429 4863 nefariorum
1485 4804 1768 4863 scelerum
1821 4807 2071 4866 archite-

426 4897 557 4969 ctus
604 4891 778 4948 vitam
805 4893 864 4948 in
897 4893 1087 4951 aliena
1131 4899 1295 4953 terra,
1333 4912 1468 4953 cum
1500 4896 1842 4970 turpissima
1883 4901 2068 4956 morte

426 4981 827 5037 commutavit.

495 5070 598 5126 24
626 5069 972 5128 Antiochum
1006 5075 1232 5147 excepit
1263 5075 1421 5133 ﬁlius
1447 5077 1719 5150 Eupator.

499 5232 746 5292 Posthac
794 5231 984 5290 Julius
1014 5237 1223 5303 Czesar,
1264 5236 1363 5308 qui
1403 5239 1635 5310 genitus
1687 5256 1799 5297 non
1832 5243 1942 5311 est,
1971 5257 2065 5299 res

424 5323 658 5397 imperii
718 5322 1186 5379 administravit:
1253 5341 1406 5381 nono
1453 5329 1663 5383 etenim
1715 5345 1939 5398 mense,
1996 5348 2066 5387 ex

422 5429 538 5487 quo
563 5415 795 5469 uterum
828 5415 1013 5467 mater
1044 5412 1191 5468 ferre
1238 5421 1510 5485 cmperat,
1544 5417 1747 5475 matris
1785 5423 2063 5476 emortuis

424 5507 590 5562 utero
621 5504 777 5560 secto
807 5500 1148 5559 extrahitur.
1181 5500 1347 5558 Unde
1374 5510 1429 5559 et
1450 5503 1880 5579 Czssar‘dictus,
1913 5513 1971 5567 et
1989 5511 2063 5567 ab

425 5611 491 5660 eo
520 5597 775 5654 Caesares
804 5608 1006 5653 omnes
1033 5595 1429 5653 Romanorum
1459 5592 1862 5673 imperatores,
1888 5616 1921 5659 a
1953 5617 2063 5660 cas-

2181 4618 2399 4694 γέγονεν
2459 4619 2493 4688 ἡ
2549 4614 2769 4704 δευτέρα
2817 4616 3024 4681 ἅλωσις
3077 4625 3179 4690 τῆς
3230 4614 3660 4704 Ἰερουσαλὴμ
3716 4614 3813 4685 καὶ
3846 4630 3917 4684 τὰ

2178 4708 2315 4762 κατὰ
2366 4711 2474 4762 τῶν
2531 4701 2895 4763 Μακκαϐαίων
2954 4706 3202 4784 ἐπράχθη
3252 4709 3351 4765 καὶ
3402 4716 3482 4770 τὸ
3547 4701 3716 4794 ἱερὸν
3783 4717 3915 4793 ἐμο-

2179 4794 2351 4868 λύνοη
2401 4796 2537 4851 κατᾶ
2591 4797 2689 4867 τήν
2744 4800 2841 4851 τοῦ
2897 4794 3525 4875 Δανιὴλ,πρὸῤῥησιν,
3585 4809 3668 4867 Ὃ
3701 4809 3802 4865 καὶ
3846 4806 3920 4864 δι’

2180 4883 2427 4963 ἃὲπραξε
2481 4883 2669 4941 πολλὰ
2723 4887 2863 4942 κακᾶ
2922 4886 3192 4967 αἰσχίστῷ
3249 4889 3429 4966 μόρῳ
3478 4897 3592 4954 τὸν
3645 4899 3782 4975 βίον
3827 4899 3917 4954 ἐπὶ

2176 4977 2332 5050 ξένης
2362 4976 2740 5052 κατέστρεψεν.

2249 5066 2398 5125 Μετὰ
2446 5062 2504 5121 δὶ
2559 5064 2848 5142 Ἀντίοχον
2907 5061 3254 5125 ἐϐασίλευσεν
3316 5070 3352 5126 6
3430 5076 3575 5142 υἱὸς
3642 5080 3832 5138 αὐτοῦ
3895 5081 3924 5136 6

2176 5153 2460 5229 Εὐπάτωρ.

2245 5242 2493 5339 Μετὰ-δέ
2542 5249 2743 5339 ταῦταΔ
2776 5240 3121 5339 ἐϐασίλευσεν
3161 5245 3429 5339 ’,Ιούλιος
3476 5263 3731 5339 Καῖσαρ
3765 5265 3795 5319 6
3842 5265 3922 5337 μὴ

2174 5331 2465 5429 γεννηθείς·
2529 5340 2629 5429 τῆς
2688 5335 2789 5429 γ’ἆρ
2850 5336 3059 5429 μητρὸς
3125 5331 3801 5429 αὐτοῦ-θανούσηςῑέν

2174 5421 2378 5496 ἐννάτῳ
2420 5423 2576 5497 μηνὶ,
2634 5422 2835 5496 ταύτην
2906 5424 3255 5501 ἀνατεμόντες
3311 5421 3646 5503 ἐξέϐαλον
3712 5421 3921 5502 αὐτόν..

2171 5513 2320 5607 ἶροεν
2371 5513 2481 5607 ,καὶ
2568 5515 2773 5590 Καῖσαρ
2838 5512 3111 5607 λέγεταιοᾷ
3159 5516 3251 5607 ἄρ’
3330 5522 3410 5575 οὗ
3484 5528 3800 5607 Καίσαρες
3864 5534 3921 5592 οἱ

2171 5601 2459 5682 Ῥωμαίων
2508 5602 3023 5687 προσηγορεύθησαν
3089 5605 3371 5689 βασιλεῖς³
3448 5615 3490 5674 ὅ
3556 5601 3732 5684 eaut,
3785 5626 3923 5683 ἀνα.
