4150 6292
395 334 503 394 ⁸1ιὸ

1798 328 2472 395 CHRONOGRAPHIA

3724 345 3843 407 246

420 460 723 535 τομὴκατδι
750 462 871 531 τὴν
906 460 1203 534 Ῥωμαίων
1235 459 1512 535 γλῶτταν.
1570 462 1672 523 "Oc
1721 466 1937 536 πρῶτος
1994 483 2063 516 κα

2202 492 2341 533 sura
2370 476 2456 534 sic
2495 476 2652 533 dicta
2696 474 2899 547 lingua
2947 474 3228 530 Romana.
3287 472 3391 531 Hi0
3440 474 3667 547 primus
3713 492 3845 533 om-

440 552 588 626 μῦνος
651 551 935 625 ἐκράτησε
1008 550 1115 606 τῶν
1182 550 1506 622 Ῥωμαϊκῶν
1593 551 1884 625 σκήπτρων
1955 551 2089 623 μετὰ

435 640 634 710 πολλῆς
694 638 1114 716 ὑπερηφανίας·
1177 638 1293 693 ’ὅθεν
1350 640 1440 693 καὶ
1500 636 1766 714 δικτάτωρ
1815 639 2085 709 ἐκαλεῖτο,

429 729 587 784 ὅέστι
623 732 951 804 μονὶρχης.
991 729 1210 783 Πάντων
1262 726 1317 782 δὲ
1368 731 1645 803 κρατήσας
1695 729 1747 784 ἐν
1791 729 2085 803 ἰταμότητι

422 820 499 874 καέ
546 817 836 893 τυραννίδι
900 818 995 872 ἐπὶ
1057 812 1149 888 ἔτη
1215 818 1281 887 ιη’
1329 817 1561 891 ἀνῃρέθη
1611 817 1697 873 ἐπὶ
1747 819 2080 895 συγκλήτου.

416 912 507 970 Ὃς
559 910 774 981 νόμους
854 907 1160 981 Ῥωμαίοις
1236 900 1425 978 ἔδωκε,
1502 908 1590 961 καὶ
1663 908 1757 962 τὸν
1835 908 2079 981 βίσεκτον

412 997 625 1075 ἐφεῦρε,
656 999 756 1053 καὶ
786 997 883 1052 τὸν
920 1004 1072 1070 μῆνα
1104 994 1336 1052 Ἰούλιον
1389 998 1763 1070 μετωνόμασε,
1812 998 2077 1073 πρόαερον

410 1085 753 1141 Κυντίλλιον
810 1084 1176 1158 καλούμενον.
1233 1086 1352 1163 Ἐφ’
1415 1085 1475 1139 οὗ
1531 1087 1595 1154 ἦν
1655 1085 1742 1139 καί
1801 1083 2009 1147 Ἰούδας
2049 1086 2076 1140 6

406 1174 714 1237 Γαλιλαῖος
748 1175 776 1229 6
810 1174 862 1229 ἐν
893 1180 1018 1236 ταῖς
1063 1173 1287 1249 Πράξεσι
1319 1175 1426 1229 τῶν
1477 1172 1799 1230 ἀποστόλων
1852 1196 2076 1248 μνημο-

404 1267 732 1339 νευόμενος,
773 1265 865 1320 καὶ
926 1264 1287 1339 ’Λντίπατρος
1321 1264 1349 1319 6
1391 1262 1639 1338 Ἡρώδου
1686 1265 1866 1341 πατὴρ
1919 1266 2076 1339 βασι-

408 1354 537 1418 λεὺς
566 1362 671 1424 τῆς
701 1352 972 1418 Ἰουδαίας
1000 1352 1254 1425 κατέστη.

475 1445 629 1499 Μετὰ
662 1442 725 1498 δὲ
782 1444 1020 1500 Ἰούλιον
1082 1446 1321 1520 Καίσαρα
1371 1439 1713 1500 ἐϐασίλευσεν
1762 1444 2070 1521 Αὔγουστος

408 1540 617 1609 Καῖσαρ
648 1528 941 1589 Ὀκταϐίου
1002 1534 1145 1605 υἱὸς,
1205 1534 1262 1596 ὅς
1318 1534 1408 1588 καὶ
1466 1530 1761 1606 Σεϐαστὸς,
1819 1532 1911 1606 ἔτη
1969 1537 2066 1599 vr,“

402 1624 494 1701 ἀφ’
526 1622 598 1678 οὗ
634 1619 899 1678 Σεϐαστοῖ
939 1625 1032 1679 καὶ
1094 1621 1398 1698 Αύγουστοι
1444 1624 1964 1701 προσηγορεύθησαν
2015 1626 2068 1680 οἱ

401 1713 707 1788 Ῥωμαίων
744 1713 1019 1788 βασιλεῖς,
1054 1712 1144 1767 καὶ
1179 1714 1205 1767 ὁ
1229 1715 1335 1787 μὴν
1366 1712 1679 1789 Αὔγουστος
1702 1713 1892 1787 ἐκλθη,
1930 1716 2066 1791 πρό-

2198 568 2362 625 nium
2393 571 2452 623 et
2483 565 2645 623 solus
2677 563 2989 636 imperium
3042 564 3374 620 Romanum
3431 563 3641 631 tenuit,
3684 571 3839 636 quod

2194 659 2446 729 superbe
2505 654 2822 712 admodum
2871 657 3327 726 arroganterque
3359 654 3837 722 administravit;

2192 746 2329 803 hinc
2359 744 2630 801 dictatori
2651 759 2861 800 nomen
2896 741 2981 798 illi
3004 742 3132 800 fuit.
3168 742 3224 798 Is
3246 758 3441 799 severe
3461 741 3841 812 astyrannice

2189 835 2270 891 rei
2303 834 2546 906 publica:
2604 831 3021 906 gubernaculis
3077 831 3440 903 pertractatis
3494 846 3599 904 per
3648 847 3835 888 annos

2187 925 2508 981 octodecim
2541 924 2600 979 in
2633 927 2839 980 senatu
2870 922 3215 978 trucidatur.
3245 919 3527 977 Romanis
3551 919 3705 993 leges
3734 922 3836 977 de-

2186 1015 2290 1084 dit,
2347 1014 2676 1071 bissextum
2704 1012 2980 1078 instituit,
3014 1026 3276 1067 mensem
3310 1009 3473 1081 prius
3514 1009 3830 1077 Quintilem

2185 1104 2407 1161 dictum
2461 1103 2686 1161 Julium
2720 1101 3065 1159 nominavit.
3119 1099 3236 1155 Sub
3287 1114 3353 1155 eo
3407 1098 3601 1155 ﬂoruit
3647 1099 3830 1155 Judas

2183 1192 2479 1263 Galilaeus,
2513 1194 2685 1265 cujus
2712 1192 2774 1247 in
2805 1192 3049 1248 Actibus
3079 1188 3478 1262 apostolorum
3503 1188 3719 1247 mentio
3741 1187 3826 1257 ﬁt,

2179 1287 2236 1340 et
2265 1285 2573 1357 Antipater
2599 1282 2843 1340 Herodis
2874 1286 3038 1355 pater
3058 1295 3159 1337 rex
3185 1279 3400 1337 Judaei
3430 1282 3680 1337 creatur.

2250 1449 2386 1504 Post
2408 1446 2628 1503 Iulium
2651 1447 2936 1502 Caesarem
2976 1442 3289 1515 imperium
3310 1442 3499 1498 tenuit
3520 1445 3825 1515 Augustus

2175 1538 2366 1595 Caesar
2394 1537 2617 1593 Octavii
2648 1535 2832 1603 tilius,
2856 1534 2954 1606 qui
2972 1541 3026 1590 et
3052 1537 3356 1604 Augustus
3377 1532 3706 1606 appellatus
3730 1538 3823 1591 est

2175 1645 2361 1685 annos
2392 1625 2824 1699 quinquaginta
2853 1641 2972 1680 sex.
3000 1624 3084 1679 Ab
3116 1624 3224 1679 hoc
3247 1623 3489 1680 Romani
3510 1623 3824 1696 imperato-

2176 1735 2269 1775 res
2298 1716 2528 1774 Sebasti
2577 1714 2946 1787 Augustique
2976 1713 3163 1771 vocati
3186 1721 3340 1784 sunt,
3373 1717 3427 1769 et
3450 1712 3670 1770 mensis
3700 1713 3819 1768 Au-

398 1824 556 1880 τερον
591 1801 880 1872 Σεξτίλιος
928 1802 1355 1876 ὀνομαζόμενος.
1402 1804 1490 1860 Ἐν
1536 1808 1615 1875 τῷ
1669 1805 1757 1880 μβ¹
1814 1801 1918 1860 ἔτει
1964 1811 2065 1874 τῆς

2177 1814 2411 1882 gustus,
2471 1806 2566 1864 cui
2598 1811 2771 1862 antea
2802 1820 3015 1861 nomen
3072 1803 3293 1861 Sextili.
3352 1804 3517 1859 Anno
3566 1804 3818 1874 quadra-

399 1893 569 1947 αύτοῦ
606 1891 891 1967 βασιλείας
923 1891 1188 1968 ἐγεννήθη
1222 1892 1249 1946 6
1282 1892 1483 1965 Κύριος
1506 1894 1665 1965 ἡμῶν
1699 1894 1912 1964 Ἰησοῦς
1934 1896 2072 1967 Χρισ

396 1986 548 2048 στός.
582 1985 672 2041 Ἐν
701 1982 759 2038 δὲ
779 1984 858 2056 τῷ
898 1990 987 2056 μα’
1017 1976 1129 2038 ἔτει
1158 1990 1255 2052 τῆς
1289 1982 1569 2058 βασιλεία)
1601 1983 1787 2056 αὐτοῦ,
1811 1986 1915 2041 ἀπὸ
1945 1985 2064 2041 κτί-

396 2096 537 2136 σεως
556 2072 773 2146 κόσμοῦ
804 2070 914 2127 ἔτει
941 2079 1038 2149 scp',
1070 2071 1160 2126 καὶ
1185 2070 1437 2146 Ἡρώδης
1468 2075 1517 2143 ἐξ
1552 2072 1718 2130 ἐθνῶν
1760 2072 1870 2146 ἤδη
1907 2077 2063 2151 βασι-

396 2161 528 2225 λεὺς
559 2169 664 2230 τῆς
695 2159 976 2223 Ἰουδαίας
1011 2159 1395 2238 ἀνηγόρευται.
1430 2164 1545 2219 Τοῦ
1578 2160 1635 2217 δὲ
1666 2162 1862 2237 Κυρίου
1901 2166 2062 2237 ἡμῶν

396 2257 582 2325 Ἰησοῦ
607 2257 860 2329 Χριστοῦ
885 2252 1032 2307 κατὰ
1056 2250 1225 2324 σάρκα
1265 2252 1612 2327 γεννηθέντος
1642 2253 1730 2307 καὶ
1760 2258 1856 2308 τοῦ
1887 2254 2065 2329 Ἡρώ-

404 2342 506 2399 δου
534 2350 719 2406 κακῶς
746 2345 845 2399 16v
879 2344 1007 2419 βίον
1054 2340 1514 2416 μεταλλάξαντος,
1567 2341 1932 2418 πεπλήρωται
1980 2344 2062 2416 τὸ,

408 2435 525 2491 Οὐκ
553 2433 797 2509 ὶκλείψει
832 2430 1031 2511 ἅρχων
1068 2430 1121 2501 ἐξ
1154 2429 1348 2500 Ἰούδα,
1405 2431 1510 2493 ἓως
1565 2429 1623 2486 ἅ)
1676 2427 1808 2507 ἔλθῃ
1850 2434 1895 2505 ᾧ
1925 2432 2065 2487 ἀπά-

412 2548 607 2600 κειται,
639 2530 701 2590 ὃς
733 2526 884 2583 ἐστιν
917 2528 948 2581 6
981 2523 1241 2601 Χριστός.
1274 2527 1335 2582 Ὁ
1385 2522 1441 2580 δέ
1498 2546 1561 2603 γε
1608 2524 1860 2600 Ἡρώδης
1907 2521 2065 2601 ἔσχεν

412 2618 561 2688 αὖτῷ
589 2618 733 2680 υἱοὺς
766 2616 1114 2692 ὁμωνύμους
1173 2615 1262 2670 καὶ
1316 2612 1626 2689 διωνύμους
1670 2621 1836 2691 τρεῖς.
1893 2617 2068 2691 Ἡρώ-

426 2701 521 2772 δην
552 2706 795 2761 Ἀντίπαν
852 2708 947 2761 τὸν
1008 2708 1102 2758 καί
1163 2705 1255 2758 τὸν
1313 2703 1635 2780 Πρόδρομον
1703 2703 2064 2778 ἀποτεμόντα,

421 2791 485 2870 ἔρ
516 2792 580 2847 οἵ)
620 2795 710 2848 καὶ
759 2797 786 2849 6
825 2794 1030 2871 Κύριος
1081 2793 1421 2867 ἐσταυρώθη,
1465 2791 1717 2869 Ἡρώδην
1762 2794 2066 2865 Φίλιππον,

420 2882 469 2953 ᾧ
527 2888 747 2958 πρῶτον
813 2880 1083 2959 Ἡρωδιὰς
1176 2885 1493 2961 συναφθεῖσα
1579 2878 1725 2938 ἔτεκε
1807 2885 2070 2958 θυγατέρα

412 2972 697 3047 Σαλώμην
740 2974 841 3044 τὴν
883 2972 1309 3048 ὀρχησάμὲνην,
1357 2972 1447 3027 καὶ
1504 2969 1756 3047 Ἡρώδην
1810 2971 2071 3029 Ἀντίπα-

402 3083 535 3139 τρον
564 3064 658 3118 τὸν
706 3063 799 3118 καὶ
858 3056 1128 3120 Ἰάκωϐον
1183 3058 1444 3117 ἀνελόντα
1498 3061 1594 3117 τὸῦ
1640 3056 1947 3134 Ζεϐεδαίου,
2007 3061 2067 3125 ὅς

394 3151 560 3226 ἐν.τῷ
594 3149 950 3227 δημηγορεῖν
991 3154 1093 3205 τοῦ
1145 3147 1326 3225 δήμου
1372 3155 1672 3226 φωνοῦτος,
1720 3154 1887 3220 Φωνή
1933 3155 2066 3207 θεοῦ

395 3244 487 3296 καὶ
544 3243 651 3298 οὐκ
706 3242 1035 3318 ἀνθρώπου,
1097 3237 1250 3311 δίκην
1307 3238 1503 3296 ἔδωκεν
1558 3239 1773 3296 αὐτίκα·
1834 3239 2064 3319 ἄγγελος

406 3332 498 3405 γὰρ
538 3332 753 3408 Κυρίου
815 3330 973 3393 εὐθὺς
1036 3332 1228 3384 τοῦτο)
1287 3329 1497 3404 ἀθρόως
1554 3328 1801 3402 ἐπάταξε,
1856 3330 1947 3385 καὶ
2006 3330 2066 3393 ὅς

410 3419 711 3493 ἀνεπήδησε
740 3427 846 3490 τῆς
890 3415 1163 3489 καθὲδησε
1227 3417 1280 3473 ἐν
1320 3419 1398 3490 τῷ
1439 3416 1629 3482 δεινῶς
1682 3419 1781 3487 τὴν
1832 3418 2068 3495 γαστέρα

408 3511 564 3565 αὐτοῦ
632 3509 1071 3584 σπαράττεσθαι.
1152 3507 1254 3565 Τὸν
1341 3504 1395 3562 δὲ
1460 3528 1523 3582 γε
1599 3509 1741 3563 θεῖον
1804 3505 2067 3564 Ἰάκωϐον

406 3599 531 3656 ἰδὼν
600 3601 963 3677 ἀπαγόμενον
1030 3598 1134 3667 τὴν
1201 3595 1288 3651 ἐπὶ
1371 3598 1599 3652 θάνατον
1668 3598 1695 3652 ὁ
1762 3600 2065 3674 κατήγορος

404 3686 560 3744 αξιτοῦ
619 3691 713 3745 καὶ
778 3684 1209 3763 μεταμεληθεὶς,
1266 3685 1566 3760 προσέπεσε
1620 3692 1738 3752 τοῖς
1790 3689 1918 3742 πὸσὶ
1969 3692 2065 3744 τοῦ

412 3778 713 3836 ἆποστόλου
776 3776 979 3853 λέγων’
1045 3775 1416 3850 Συγχώρησόν
1479 3796 1594 3849 μοι,
1664 3775 1912 3851 ἄνθρωπε
1967 3782 2064 3833 τοῦ

414 3872 552 3939 Θεοῦ,
612 3869 701 3924 ὅτι
766 3863 1237 3941 μεταμεμέλημαι
1296 3863 1375 3944 ἐφ’
1434 3864 1515 3928 οἷς
1600 3862 1846 3937 ἐλᾶλησα
1929 3868 2065 3922 κατὰ

410 3954 514 4012 :05.
589 3958 645 4010 Ὁ
725 3953 789 4010 δὲ
871 3954 1142 4029 μακάριος
1213 3958 1403 4009 τοῦτον
1462 3952 1839 4033 καταφιλήσας
1915 3956 2061 4011 εἶπεν

414 4044 569 4117 αὐτῷ’
602 4045 817 4120 Εἰρήνη
852 4065 961 4111 σοι,
1021 4043 1232 4100 τέκνον.
1283 4041 1474 4117 εἰρήνη
1531 4064 1639 4113 σοι,
1698 4044 1788 4099 καὶ
1839 4046 2065 4120 συγχώ-

420 4152 563 4203 ρησις
623 4138 722 4189 τοῦ
776 4135 1147 4207 πταίσματος.
1206 4132 1266 4188 Ὁ
1344 4127 1401 4185 δὲ
1462 4131 1596 4206 μετά
1651 4139 1839 4210 φωνῆς
1901 4134 2066 4210 μεγά-

416 4218 515 4291 λης
563 4224 758 4287 εύθέως
808 4219 1139 4298 Χριστιανὸν
1199 4219 1385 4275 ἑαυτὸν
1440 4218 1529 4275 ἐπὶ
1587 4221 1804 4276 πάντων
1858 4222 2063 4301 ἀνηγό-

420 4329 577 4385 ρευσε,
631 4314 722 4370 καὶ
783 4313 960 4377 οὕτως
1021 4312 1557 4386 συγκαταριθμηθεὶς
1611 4317 1691 4384 τῷ
1752 4314 1840 4368 ὑπ’
1898 4313 2063 4370 αὐτοῦ

2175 1901 2398 1973 gesimo
2460 1897 2717 1955 secundo
2747 1895 3013 1967 ejusdem
3045 1892 3275 1965 imperii
3310 1892 3591 1948 Dominus
3623 1896 3819 1949 noster

2167 1991 2199 2046 J
2204 2006 2333 2047 esus
2346 1989 2614 2046 Christus
2629 1986 2914 2042 nascitur.
2935 1988 3095 2041 Anno
3108 1999 3242 2040 vero
3257 1982 3414 2038 illius
3430 1981 3809 2055 quadragesi-

2170 2097 2265 2136 mo
2296 2080 2482 2152 primo
2537 2078 2607 2133 ab
2640 2077 2780 2133 orbe
2810 2075 3046 2131 condito
3076 2089 3264 2130 annus
3287 2074 3426 2129 5500
3457 2073 3808 2145 completur,

2169 2187 2302 2226 curn
2358 2169 2612 2225 Herodes
2646 2183 2744 2223 rex
2793 2166 3005 2223 Judaaaa
3038 2164 3291 2237 eligitur.
3350 2164 3525 2220 Porro
3553 2163 3813 2234 lDomino

2170 2262 2374 2314 nostro
2430 2258 2570 2314 Jesu
2623 2255 2853 2314 Christo
2903 2255 2963 2311 in
2993 2270 3168 2313 carne
3206 2258 3366 2323 nato,
3401 2254 3623 2311 Herode
3672 2253 3814 2310 item

2171 2347 2537 2405 atrocissime
2565 2346 2683 2402 vita
2716 2347 2941 2413 functo,
2964 2343 3349 2418 adimpletum
3373 2347 3462 2400 est
3484 2343 3629 2399 illud
3659 2346 3817 2401 :Non

2171 2437 2392 2507 deﬁciet
2419 2437 2679 2510 princeps
2707 2451 2776 2492 ex
2794 2434 2953 2506 Juda,
2986 2434 3164 2492 donec
3190 2434 3375 2491 veniat
3394 2435 3491 2491 cui
3517 2435 3819 2505 repositum

2172 2528 2268 2585 25
2293 2530 2391 2595 est,
2444 2527 2545 2599 qui
2586 2528 2675 2581 est
2703 2526 2992 2583 Christus.
3040 2524 3295 2581 Herodes
3323 2540 3454 2580 vero
3480 2523 3695 2581 liberos
3724 2523 3816 2579 bi-

2173 2617 2442 2674 nomines
2474 2616 2702 2687 sibique
2751 2615 3129 2688 cognomines
3158 2620 3277 2671 tres
3306 2614 3601 2685 suscepit:
3636 2614 3812 2669 Hero-

2171 2707 2305 2761 dem
2363 2705 2665 2776 Antipam,
2697 2703 2799 2776 qui
2850 2703 3227 2760 Praecursoris
3256 2709 3433 2774 caput
3480 2701 3731 2757 abscidit
3759 2708 3816 2758 et

2172 2796 2282 2852 sub
2314 2811 2428 2867 quo
2460 2794 2748 2851 Dominus
2771 2793 2927 2849 cruci
2951 2793 3159 2849 afﬁxus
3190 2796 3319 2861 est;
3352 2792 3635 2848 Herodem
3655 2792 3812 2849 Phil-

2170 2885 2399 2958 ippum,
2423 2883 2515 2941 cui
2545 2883 2803 2956 primum
2833 2882 3112 2938 Herodias
3142 2885 3320 2954 nupta
3341 2880 3611 2939 Salomen
3635 2882 3814 2941 salta-

2173 2975 2377 3031 tricem
2426 2972 2745 3046 generavit,
2778 2978 2834 3028 et
2882 2971 3171 3028 Herodem
3219 2970 3586 3044 Antipatrum
3615 2973 3814 3029 Jacobi

2170 3063 2429 3121 Zebedasi
2458 3061 2834 3136 parricidam,
2858 3062 2981 3135 qui,
3014 3078 3150 3117 cum
3172 3061 3326 3119 inter
3345 3061 3812 3122 concionandum

2174 3153 2549 3211 inclamasset
2581 3152 2832 3226 populus
2866 3169 2880 3208 :
2938 3154 3048 3210 Vox
3074 3152 3175 3209 Dei
3209 3162 3260 3209 et
3289 3168 3397 3210 non
3428 3152 3688 3221 hominis,
3722 3170 3815 3212 re-

2177 3248 2350 3319 pente
2378 3260 2581 3317 poenas
2609 3242 2771 3298 dedit
2802 3258 2816 3299 :
2852 3241 3095 3315 angelus
3126 3241 3342 3315 quippe
3372 3242 3606 3300 Domini
3628 3246 3816 3302 conte-

2176 3334 2315 3390 stim
2346 3350 2480 3391 eum
2510 3332 2834 3406 percussit;
2867 3331 3005 3388 hinc
3034 3332 3400 3390 cruciatuum
3423 3333 3726 3393 doloribus
3754 3337 3818 3394 in

2174 3428 2374 3480 ventre
2426 3421 2745 3481 convulsus
2801 3438 2832 3478 e
2879 3420 3025 3479 solio
3078 3421 3310 3482 exsiliit.
3370 3424 3643 3482 Divinum
3685 3442 3816 3484 vero

2172 3514 2452 3570 Iacobum
2474 3528 2609 3568 cum
2632 3512 2758 3583 ejus
2791 3514 3094 3569 accusator
3110 3513 3180 3567 ad
3215 3519 3454 3569 mortem
3486 3515 3621 3570 duci
3646 3516 3820 3573 vidis-

2175 3605 2285 3674 set,
2318 3600 2659 3674 pmnitentia
2687 3602 2899 3657 ductus
2932 3600 2993 3655 in
3024 3601 3201 3673 pedes
3231 3602 3478 3673 apostoli
3510 3605 3817 3675 procubuit

2175 3691 2375 3747 dicens
2408 3704 2422 3743 :
2458 3689 2727 3746 Condona
2757 3690 2919 3756 mihi,
2949 3691 3038 3744 vir
3084 3692 3220 3758 Dei;
3259 3692 3389 3764 jam
3441 3707 3529 3749 me
3577 3693 3817 3763 pamitet

2173 3779 2441 3852 facinoris
2498 3779 2756 3835 adversus
2803 3787 2856 3835 te
2893 3781 3212 3851 perpetrati.
3270 3779 3338 3835 Et
3393 3780 3598 3837 beatus
3640 3780 3810 3838 illum

2174 3868 2546 3929 exosculatus
2570 3867 2754 3923 dixit:
2775 3869 3034 3936 Paxtibi,
3056 3869 3163 3939 ﬁli,
3184 3885 3295 3940 pas:
3324 3870 3425 3925 tibi
3442 3873 3516 3927 sit
3536 3879 3586 3927 et
3604 3871 3815 3929 erroris

2172 3961 2358 4018 venia.
2417 3957 2519 4014 Ille
2548 3957 2802 4014 distenta
2831 3972 2966 4012 voce
2996 3956 3189 4029 palam
3248 3958 3513 4016 omnibus
3552 3976 3614 4016 se
3643 3960 3816 4017 {idem

2174 4046 2389 4105 Christi
2446 4045 2614 4118 sequi
2673 4046 2993 4117 professus,
3036 4061 3152 4102 una
3199 4062 3332 4102 cum
3386 4064 3452 4104 eo
3486 4064 3659 4122 quem
3690 4047 3819 4121 ipse

2173 4137 2337 4210 prius
2362 4133 2731 4208 injudicium
2780 4138 3034 4203 vocarat,
3068 4135 3332 4210 martyrii
3376 4152 3652 4195 coronam
3681 4153 3822 4195 con-

2174 4227 2457 4300 sequitur.
2486 4225 2662 4281 Miser
2689 4228 2887 4281 autem
2919 4225 3171 4282 Herodes
3199 4225 3351 4282 fcsda
3379 4228 3667 4284 vermium
3688 4229 3824 4287 tabe

2173 4333 2277 4391 per
2305 4316 2595 4388 plurimos
2644 4314 2769 4371 dies
2800 4314 3120 4385 confectus,
3171 4318 3665 4391 quemadmodum
3713 4335 3817 4391 pa-

416 4403 828 4479 κατηγορηθέντι
863 4402 955 4458 σὺν
1005 4401 1163 4472 αὐτῷ
1214 4400 1304 4455 καὶ
1356 4400 1418 4456 τὸ
1474 4396 1729 4475 βραϐεῖον
1772 4406 1869 4457 τοῦ
1923 4425 2054 4480 μαρ-

2176 4412 2255 4464 ter
2300 4406 2428 4477 ejus
2456 4421 2523 4461 eo
2553 4404 2874 4476 improbior
2925 4420 2991 4460 ac
3022 4406 3366 4477 perversior,
3396 4408 3578 4463 vitam
3637 4406 3813 4463 finiit.

428 4491 603 4564 τνρίου
658 4493 1019 4568 ἀπηνέγκατο.
1081 4489 1143 4547 Ὁ
1204 4487 1262 4543 δὲ
1312 4510 1372 4564 γε
1425 4487 1628 4556 ἄθλους
1679 4488 1929 4566 Ἡρώδης
1989 4492 2077 4550 ἐπὶ
2134 4493 2344 4570 ἡμέρας
2402 4493 2763 4574 φθειρόμενος
2817 4491 2909 4547 καὶ
2961 4490 3254 4564 σκώληκας
3311 4488 3587 4569 ἒκϐράζων
3642 4490 3815 4551 ὲλεει-

422 4582 519 4640 νῶς
545 4581 629 4637 τδν
659 4582 777 4659 βίον
811 4583 1136 4647 κατέλυσεν,
1168 4577 1347 4656 ὥσπερ
1378 4579 1467 4635 καὶ
1500 4581 1527 4635 6
1562 4575 1982 4657 δυσσεϐέστερος
2013 4583 2178 4642 αὐτοῦ
2204 4585 2407 4658 πατήρ.

484 4674 625 4727 Lis-ri
653 4670 708 4729 δὲ
739 4674 1060 4749 Αὔγουστον
1088 4665 1403 4726 ἐϐασίλευσε
1432 4665 1692 4745 Τιϐέριος
1736 4670 1854 4734 υἱὸς
1886 4671 2048 4729 αὐτοῦ

427 4752 508 4826 ἔτη
535 4765 632 4837 κγ’,
661 4760 718 4825 6';
744 4764 934 4823 κτίσας
970 4758 1143 4816 πόλιν
1177 4757 1227 4812 ἐν
1260 4761 1328 4832 τῇ
1378 4755 1612 4830 Ἰουδαίᾳ
1657 4756 1907 4815 ἐκάλεσεν
1952 4761 2051 4816 αύ-

428 4847 514 4915 τὴν
546 4849 616 4912 εἷς
645 4853 707 4907 τὸ
734 4850 878 4907 ἴδιον
913 4851 1095 4923 ὄνομα
1126 4843 1443 4922 Τιϐεριάδα.
1476 4846 1555 4904 Οὗ
1583 4852 1663 4920 τῷ
1699 4848 1758 4902 ts'
1806 4846 1911 4903 ἔτει
1959 4856 2060 4919 τῆς

432 4934 681 5007 βισιλείας
715 4944 742 4998 ὁ
802 4943 1015 5016 Κύριος
1065 4939 1226 5010 ἡμῶν
1280 4935 1589 5012 βαπτισθεὶς
1627 4941 1725 4992 τοῦ
1776 4936 2062 5017 εὐαγγελι-

429 5029 513 5080 κοῦ
540 5032 883 5108 κηρᾶγματος
913 5027 1031 5097 ἀπή
1043 5025 1226 5100 ρξατο.
1259 5026 1345 5081 Ἐν
1377 5023 1434 5081 δὲ
1480 5030 1558 5098 τῷ
1612 5026 1683 5096 ιη’
1735 5027 2064 5103 σταυρωθεῖς

426 5112 592 5189 ἀνέστη
624 5125 690 5196 τῇ
722 5123 796 5177 κε’
828 5123 931 5175 τοῦ
976 5114 1254 5187 Φαμενὼθ
1291 5116 1456 5187 μηνὸς
1497 5114 1623 5185 ἢτοι
1665 5116 1932 5189 Μαρτίου,
1962 5121 2060 5173 τοῦ

419 5211 796 5280 πρωτοκτῖστου
833 5206 1016 5283 μηνὸς
1052 5203 1225 5258 Νισὰν
1253 5206 1382 5279 παρ’
1412 5199 1691 5278 Ἑϐραίοις
1732 5202 2058 5281 λεγομένου,

414 5291 807 5374 ἐπιφωσκούσης
879 5293 1198 5370 Κυριακῆς.
1267 5290 1365 5344 Διὰ
1426 5291 1478 5346 τί
1540 5290 1597 5347 δὲ
1653 5288 1821 5369 ὀγδόη
1963 5298 2060 5349 τοῦ

406 5392 591 5469 Κυρίου
650 5395 953 5453 ἀνάστασις
1019 5382 1411 5454 ἐπωνόμασται
1462 5400 1475 5451 ;
1540 5380 1766 5453 Ἐπειδή
1835 5381 2058 5448 ἑπτάκις

406 5491 581 5562 νεκρῶν
621 5485 920 5543 ἀνάστασιν
997 5474 1231 5562 εὕρομεν
1292 5469 1344 5526 ἐν
1413 5472 1665 5562 τῇῗθείᾳ
1730 5476 1916 5562 Γραφῇ
1968 5472 2058 5529 καὶ

398 5561 519 5648 μετά
547 5579 672 5641 τοὺς
736 5577 783 5649 ζ’
850 5567 1062 5647 ὄγδοος
1121 5561 1183 5617 ἐκ
1237 5564 1439 5637 νεκρῶν
1495 5561 1685 5633 ἀνέστη
1740 5563 1769 5617 6
1837 5561 2059 5637 Κύριος.

390 5670 495 5751 Πρὸ
546 5670 651 5750 γὰρ
709 5673 820 5739 τῆς
884 5656 1142 5737 Χριστοῦ
1198 5650 1536 5717 ἀναστάσεως
1584 5651 1635 5707 ἐν
1717 5655 1787 5729 τῇ
1847 5649 2059 5726 Παλαιᾷ

2232 4678 2367 4734 Post
2416 4679 2749 4748 Augustum
2780 4675 3046 4733 Tiberius
3095 4676 3224 4747 ejus
3284 4675 3441 4734 ﬁlius
3499 4676 3817 4751 imperium

2159 4765 2353 4822 tenuit
2386 4781 2572 4822 annos
2595 4765 2804 4837 viginti
2862 4767 3006 4822 tres.
3032 4765 3086 4821 Is
3105 4766 3304 4822 urbem
3334 4766 3394 4822 in
3412 4766 3614 4824 Judaea
3637 4784 3818 4844 prope

2170 4853 2368 4910 lacum
2419 4853 2719 4910 conditam
2751 4870 2786 4909 a
2814 4868 2919 4910 suo
2952 4854 3188 4910 nomine
3215 4854 3585 4914 Tiberiadem
3616 4859 3815 4932 appel-

2170 4941 2331 5000 lavit.
2365 4942 2600 5014 Imperii
2658 4943 2788 5014 ejus
2827 4958 2981 4998 anno
3011 4943 3238 5000 decimo
3300 4945 3504 5018 quinto
3534 4949 3822 5009 Dominus

2170 5039 2372 5092 noster
2431 5033 2763 5106 baptizatus
2834 5033 3178 5107 evangelicae
3231 5036 3332 5093 26
3392 5039 3820 5111 pradicationis

2170 5124 2341 5181 initia
2372 5123 2588 5198 posuit,
2622 5126 2680 5179 et
2721 5122 2948 5180 decimo
2996 5127 3214 5195 octavo,
3285 5126 3670 5185 Pbamenolbi
3701 5129 3820 5187 sive

2168 5214 2358 5270 Martii
2387 5213 2564 5287 primi
2622 5213 2841 5271 conditi
2864 5214 3109 5285 mensis,
3144 5216 3246 5289 qui
3275 5216 3532 5275 Nisanus
3562 5218 3819 5276 Hebraeis

2170 5310 2280 5371 est,
2310 5303 2587 5359 vicesimo
2644 5304 2847 5376 quinto
2897 5303 3011 5374 die,
3063 5305 3368 5362 Dominico
3426 5307 3814 5379 illucescente,

2169 5392 2328 5448 cruci
2382 5392 2588 5450 afﬁxus
2636 5394 2952 5452 resurrexit
3007 5410 3043 5450 a
3099 5396 3368 5452 mortuis.
3413 5397 3521 5453 Sed
3556 5413 3814 5467 quanam

2169 5480 2395 5536 ratione
2451 5486 2653 5538 octava
2713 5482 2945 5539 Domini
3002 5485 3344 5542 resurrectio
3384 5485 3816 5554 nuncupatur?

2168 5572 2400 5641 Septem
2424 5569 2645 5627 scilicet
2663 5571 2722 5626 in
2745 5572 2958 5629 divinis
2978 5571 3209 5629 Litteris
3231 5576 3590 5629 mortuorum
3615 5586 3808 5626 resur-

2167 5658 2455 5717 rectiones
2528 5660 3043 5733 deprehendimus,
3114 5661 3390 5734 deinceps
3462 5663 3700 5717 octavus
3776 5674 3812 5713 a
