4150 6292
453 368 574 428 247

461 500 714 559 mortuis
737 499 1024 558 Dominus
1041 497 1308 572 resurgit.
1333 498 1476 554 Nam
1507 501 1642 554 ante
1671 497 1886 554 Christi
1906 513 2108 554 resur-
2141 501 2192 568 Α

461 591 775 650 rectionem
798 589 859 646 in
889 589 1083 645 Veteri
1103 589 1475 644 Testamento
1498 587 1686 644 viduas
1711 587 1817 643 ﬁlii
1841 588 2110 644 excitatio

462 685 984 747 commemoratur,
1021 694 1193 750 quem
1223 677 1382 735 Elias
1413 677 1762 750 Saraphthis
1805 677 2108 734 excitavit:

461 771 719 830 secunda
748 768 850 825 ﬁlii
899 767 1284 824 Sunamitidis
1335 767 1526 824 Elisaei
1575 767 1858 824 beneﬁcio
1893 785 1908 836 ;
1941 766 2114 824 tertia

459 860 663 926 militis
709 859 882 931 juxta
909 873 1123 930 corpus
1181 857 1371 913 Etisaai
1424 855 1658 929 sepulti,
1691 857 1794 928 qui
1838 856 1939 912 ubi
1981 872 2112 927 pro-

457 949 646 1022 pheta
677 947 964 1020 reliquias
993 947 1308 1020 tetigisset,
1341 947 1544 1003 statim
1565 945 1726 1001 velut
1756 945 1828 1000 ab
1857 945 1992 1017 igne
2016 961 2112 1000 ex-

458 1037 604 1096 siliit
630 1057 648 1109 ;
678 1045 908 1111 quarta,
927 1035 989 1092 in
1018 1035 1200 1108 Novo,
1238 1035 1370 1092 filia:
1396 1034 1842 1108 arcbisynagogi
1868 1050 1882 1102 ;
1911 1034 2115 1106 quinta

458 1127 569 1184 ﬁlii
607 1127 839 1197 vidum;
897 1129 1061 1182 sexta
1119 1125 1372 1194 Lazari;
1431 1123 1682 1198 septima
1738 1140 1868 1180 cum
1929 1122 2116 1179 multa

459 1221 800 1274 sanctorum
831 1231 1076 1288 corpora
1105 1218 1486 1272 surrexerunt
1517 1233 1532 1284 ;
1569 1217 1768 1270 octava
1800 1219 1927 1286 post
1958 1211 2112 1268 salu-

456 1311 644 1364 tarem
675 1304 1015 1380 passionem
1038 1304 1278 1361 Domini
1301 1303 1674 1361 resurrectio.
1697 1301 1964 1359 Tiberius
1982 1318 2114 1358 vero

453 1395 606 1468 justi
637 1394 815 1451 nimis
867 1398 1037 1450 tenax
1072 1391 1352 1464 subjectis
1383 1391 1714 1448 civitatibus
1773 1390 1991 1463 scripto
2023 1389 2117 1446 in-

459 1483 768 1541 culcabat:
819 1483 885 1539 Si
921 1482 1055 1555 quid
1107 1483 1270 1539 exlex
1322 1483 1591 1554 scripsero
1625 1495 2002 1552 praeceperove
2055 1484 2117 1535 ut

455 1576 705 1646 faciatis,
739 1573 875 1630 huic
915 1589 1268 1646 nequaquam
1295 1573 1550 1628 animum
1574 1571 1875 1627 advertatis
1902 1586 1916 1626 :
1940 1571 2118 1627 inscio

459 1662 662 1736 quippe
685 1662 911 1720 excidit.
953 1662 1062 1718 Sed
1096 1663 1354 1729 tandem,
1386 1678 1468 1716 vae
1500 1661 1582 1716 illi
1611 1659 1846 1731 misero,
1879 1663 2117 1730 repente

459 1752 706 1810 descivit
736 1753 809 1810 ad
866 1750 1028 1819 vitia,
1061 1751 1120 1807 in
1155 1751 1356 1808 omnia
1402 1749 1711 1818 scelerum,
1773 1748 2019 1805 caedium
2061 1753 2118 1804 et

459 1841 782 1898 libidinum
835 1841 1250 1898 ell‘renatarum
1302 1856 1520 1912 genera
1559 1839 1876 1910 impulsus.
1908 1839 2117 1910 Sicque

461 1928 595 1986 vitm
624 1928 804 1985 finem
835 1927 1057 2002 posuit.

541 2025 680 2084 Post
707 2026 1004 2084 Tiberium
1045 2025 1225 2084 Gaius
1250 2025 1408 2084 illius
1438 2043 1623 2084 annos
1653 2031 1906 2100 quatuor
1934 2027 2121 2100 impe-

469 2118 629 2175 rium
665 2117 876 2176 tenuit.
917 2117 1024 2174 Hic
1053 2118 1309 2190 primum
1338 2117 1576 2190 quidem
1609 2120 1888 2176 muniﬁce
1918 2120 2123 2176 admo-

471 2209 616 2264 dum
645 2206 875 2278 imperii
903 2205 1136 2264 clavum
1161 2208 1499 2264 moderatus
1531 2213 1642 2276 est,
1675 2209 1928 2266 subditis
1945 2208 2122 2265 etiam

469 2298 770 2355 moderate
783 2301 840 2355 et
854 2301 914 2354 ut
928 2315 1035 2371 par
1051 2301 1177 2356 erat
1194 2315 1338 2356 usus
1357 2299 1659 2372 ;deincepe
1671 2304 1803 2374 post
1815 2301 2118 2368 biennum,

467 2393 536 2444 nt
564 2388 720 2462 patri
750 2388 1062 2458 acciderat,
1085 2393 1284 2446 tantus
1317 2390 1414 2446 ππ
1463 2391 1625 2447 furor
1649 2406 1717 2448 ac
1749 2395 1956 2463 stupor
1984 2406 2118 2446 eum

465 2477 777 2546 invasit,ut
793 2477 925 2535 sein
941 2477 1184 2536 deorum
1208 2496 1516 2537 numerum
1532 2481 1766 2538 referret
1779 2485 2040 2552 statuasq
2052 2494 2121 2535 ue

467 2567 580 2626 sibi
613 2583 716 2638 per
743 2568 1009 2641 singulas
1039 2567 1306 2626 civitates
1331 2568 1391 2625 in
1423 2569 1662 2642 templis
1695 2571 2118 2642 erigeret.Eum

467 2657 687 2715 milites
718 2657 778 2714 in
813 2657 1037 2729 balneo,
1071 2674 1188 2732 quo
1228 2657 1480 2716 lavatum
1511 2659 1756 2729 abierat,
1811 2659 2119 2715 obtrunca-

467 2751 628 2816 runt,
659 2764 796 2807 cum
828 2747 1010 2822 aquis
1043 2747 1232 2804 oculis
1261 2751 1483 2806 atrocia
1511 2747 1672 2804 illius
1706 2746 2122 2820 proﬂigatissi-

471 2851 686 2910 maque
734 2837 888 2894 facta
916 2836 1180 2894 contueri
1225 2853 1342 2894 non
1372 2843 1634 2909 possent.
1667 2836 1788 2892 Sub
1836 2851 1902 2892 eo
1927 2835 2121 2891 Theu-

470 2921 602 2994 das,
631 2924 803 2995 cujus
832 2925 1052 2981 mentio
1082 2924 1256 2981 estin
1277 2925 1522 2980 Actibus
1547 2923 2121 2996 apostolorum,cum

471 3027 603 3069 sese
633 3013 964 3070 divisurum
1001 3012 1319 3069 Jordanem
1343 3014 1630 3084 jactasset
1660 3029 1766 3070 nec
1795 3013 1976 3068 exitus
2008 3029 2125 3068 ver-

470 3102 566 3158 bis
593 3102 918 3172 accederet,
950 3101 1296 3158 interfectus
1325 3105 1432 3158 est.
1466 3103 1628 3158 Tunc
1649 3109 1702 3158 et
1733 3101 1970 3158 Siloami
1999 3105 2122 3157 tur-

471 3190 556 3246 ris
585 3207 698 3246 sua
717 3189 890 3246 ruina
909 3189 1231 3246 octodecim
1262 3190 1417 3247 viros
1447 3194 1759 3264 oppressit.
1792 3190 2122 3262 Stephanus

470 3283 867 3355 protomartyr
914 3280 1190 3354 martyrio
1221 3281 1401 3338 vitam
1434 3253 1648 3354 posuit.
1682 3253 2122 3338 Paulus-Chris-
2160 3253 2206 3318 (ἶ

469 3369 686 3427 tianam
717 3368 1060 3441 religionem
1091 3369 1399 3442 amplexus
1418 3374 1526 3426 est.
1553 3368 1714 3426 Philo
1750 3374 1809 3427 et
1835 3369 2126 3444 Josephus

471 3456 696 3516 Hebraei
725 3456 974 3515 scientia
1011 3457 1270 3515 celebres
1300 3458 1569 3517 ﬂoruere.

545 3555 685 3614 Gaio
715 3555 1003 3613 successit
1031 3555 1334 3625 Claudius,
1355 3556 1664 3629 tenuitque
1686 3556 1997 3630 imperium
2031 3574 2130 3614 an-

473 3663 582 3706 nos
639 3646 933 3704 tredecim.
983 3645 1126 3718 Ejus
1188 3646 1433 3719 imperio
1491 3651 1720 3704 Marcus
1777 3647 2130 3721 evangelista

475 3737 703 3810 primus
733 3736 888 3810 apud
943 3735 1246 3808 Egyptios
1305 3734 1579 3792 ecclesias
1623 3735 1822 3802 erexit,
1853 3735 2130 3810 pleraque

485 3827 632 3884 item
688 3825 1052 3883 monasteria
1090 3825 1380 3896 fundavit,
1411 3841 1532 3898 quae
1564 3829 1780 3899 σεμνεῖα
1809 3825 1928 3883 sive
1956 3843 2128 3884 vene-

476 3916 688 3974 rabilia
719 3915 875 3972 dicta
899 3918 1063 3986 sunt,
1097 3919 1537 3973 sacrosanctum
1579 3917 1718 3973 item
1749 3915 2128 3989 Evangelium

476 4004 715 4078 scriptis
770 4005 1089 4076 mandavit,
1147 4008 1206 4061 et
1244 4004 1304 4061 in
1336 4005 1468 4078 ipsa
1495 4003 1844 4062 Alexandria
1873 4005 2128 4077 primum

474 4091 748 4150 Ecclesiae
777 4091 1160 4150 fundamenta
1188 4093 1362 4164 jecit.

549 4187 790 4248 Claudio
810 4193 1040 4246 mortuo
1063 4189 1121 4245 in
1145 4189 1434 4248 Neronem
1457 4191 1536 4247 im
1545 4193 1774 4262 perium
1793 4191 2130 4251 devolutum

479 4285 589 4338 est.
655 4277 886 4334 Prafuit
915 4293 1102 4334 annos
1151 4279 1240 4334 Μ.
1276 4280 1340 4336 Id
1372 4282 1652 4352 temporis
1699 4282 1903 4338 Simon
1935 4285 2132 4357 Magne

481 4367 686 4428 multis
715 4366 1000 4440 prodigiis
1029 4382 1096 4424 ac
1129 4369 1418 4440 portentis
1450 4371 1592 4428 artis
1625 4370 1865 4442 magicae
1897 4371 1972 4440 vi,
1998 4390 2133 4430 nec-

481 4475 599 4518 non
646 4456 956 4531 prmstigiis
1000 4455 1368 4530 fallaciieque
1417 4459 1614 4529 editis,
1655 4459 1748 4516 dei
1779 4477 1991 4518 nomen
2022 4462 2132 4518 sibi

481 4549 902 4608 vindicaverat.
935 4546 1038 4604 Hic
1095 4545 1410 4619 aliquando
1443 4549 1684 4605 meridie
1729 4548 1789 4604 in
1839 4550 2132 4608 theatrum

483 4655 832 4714 progressus
888 4652 1017 4696 sese
1066 4653 1169 4712 per
1224 4653 1417 4694 acrem
1464 4637 1798 4695 volaturam
1851 4641 2132 4712 promisit.
2168 4622 2212 4687 D

488 4730 639 4785 Dum
668 4727 926 4784 volatum
949 4725 1223 4797 intendit,
1263 4729 1472 4784 Petrus
1502 4729 1774 4800 precibus
1805 4729 2008 4788 eil‘usis
2033 4732 2134 4788 de-

487 4816 736 4888 ﬁxisque
784 4816 972 4874 oculis
1029 4816 1091 4872 in
1137 4832 1318 4874 eum:
1364 4815 1580 4892 Simon,
1613 4817 1714 4885 ait,
1774 4819 1824 4875 si
1859 4819 2136 4892 apostolus

483 4904 616 4961 Iesu
647 4903 854 4960 Christi
901 4920 999 4975 ego
1027 4921 1149 4962 sum
1179 4915 1230 4963 et
1257 4923 1366 4964 non
1412 4909 1634 4981 planus,
1682 4909 2135 4981 quemadmodum

490 4999 556 5048 tu
573 4991 762 5046 Simon
783 4994 1065 5062 es,pravis
1095 4994 1434 5051 (immanibus
1471 4995 1680 5068 impero
1709 4999 1795 5052 uti
1823 4999 2056 5054 missum
2083 5001 2136 5054 te

488 5081 699 5153 faciant
727 5094 828 5137 nec
849 5079 1000 5136 ultra
1045 5087 1284 5138 teneant.
1317 5083 1426 5141 Vix
1456 5084 1578 5142 hac
1636 5086 1859 5143 dixerat
1906 5086 2134 5158 Petrus,

489 5173 548 5228 et
574 5167 674 5224 ille
702 5183 838 5224 cum
882 5168 1108 5242 ingenti
1138 5172 1389 5243 strepitu
1425 5173 1486 5228 in
1519 5178 1736 5230 terram
1769 5174 2000 5230 delatus
2032 5176 2133 5233 28

489 5256 804 5316 contractis
861 5256 1143 5312 membris
1181 5257 1421 5316 interiit.
1480 5261 1733 5319 Simonis
1765 5263 1981 5320 caedem
2033 5265 2132 5320 ubi

489 5345 724 5404 rescivit
738 5349 886 5402 Nero
904 5361 938 5400 a
951 5345 1113 5402 Petro
1130 5351 1437 5418 patratam,
1458 5366 1605 5422 aegre
1627 5353 1820 5408 ferens
1833 5358 2004 5409 contu
2013 5370 2137 5410 me-

490 5436 656 5504 liam,
685 5434 748 5491 in
778 5450 1009 5492 erucem
1068 5434 1160 5508 agi
1193 5435 1427 5493 Petrum
1452 5439 1654 5510 jussit.
1688 5443 1898 5497 Petrus
1928 5443 2133 5512 prefe-

495 5530 656 5584 ctum
677 5525 1020 5598 deprecatus
1032 5541 1103 5582 ne
1117 5533 1308 5583 rectus
1322 5527 1483 5583 cruci
1499 5527 2095 5600 attigereturobtinuit
2115 5551 2130 5602 ;

493 5614 655 5672 illius
685 5613 901 5688 quippe
917 5615 1114 5686 jussu,
1133 5617 1198 5671 ut
1216 5614 1340 5687 ipse
1363 5631 1466 5688 pro
1487 5632 1596 5674 sua
1624 5617 1955 5677 humilitate
1975 5626 2137 5693 opta-

496 5709 681 5774 verat,
739 5704 897 5763 cruci
929 5704 1102 5764 datus
1133 5709 1239 5766 est.
1269 5705 1408 5765 Post
1437 5707 1671 5766 Petrum
1693 5707 1912 5768 Paulus
1941 5709 2136 5782 gladio

1939 439 1947 445 _
2023 362 2288 425 JOELIS

3715 374 3820 436 218

2222 497 2416 570 πρώτη
2448 497 2663 574 γέγονεν
2703 501 2738 568 ἡ
2778 503 2875 555 τοῦ
2915 501 3034 555 υἱοῦ
3072 506 3173 571 τῆς
3211 501 3410 577 χήρας,
3453 497 3507 557 ὅν
3560 502 3723 565 Ἠλίας
3761 508 3806 560 ἐν

2223 585 2495 664 Σαράροις
2537 585 2848 657 ἀνέστησεν,
2911 590 2956 664 β’
3011 592 3046 660 ἡ
3107 593 3206 645 τοῦ
3257 591 3376 644 υἱοῦ
3426 598 3522 660 τῆς
3571 593 3810 666 Σουναμί-

2219 672 2391 744 τιδος,
2427 676 2484 730 ὅν
2541 676 2848 739 Ἐλισσαῖος
2893 676 3132 754 ἤγειρεν,
3185 679 3234 753 γ’
3285 681 3320 748 ἡ
3361 683 3454 734 τοῦ
3494 683 3810 754 στρατιώτου,

2221 763 2279 826 ὃς
2321 764 2477 840 ἐγγὺς
2541 764 2852 822 Ἐλισσαίου
2917 769 3103 847 ταφεὶς
3169 769 3259 823 καὶ
3314 774 3427 830 τοῖς
3489 769 3678 833 ὀστέοις
3735 775 3818 826 τοῦ

2221 856 2513 934 προφήτου
2544 854 2856 927 πλησιάσας
2891 858 2966 922 ὡς
3014 858 3118 912 ἀπὸ
3167 857 3337 933 πυρὸς
3380 855 3676 931 ἐξεπήδησε,
3705 857 3745 915 δ’
3773 859 3817 915 ἐν

2220 946 2288 1016 τῇ
2349 948 2522 1018 Καινῇ
2556 947 2590 1014 ἡ
2630 953 2733 1016 τῆς
2787 946 3051 1022 Θυγατρὸς
3089 950 3186 1001 τοῦ
3227 947 3686 1023 ἀρχισυναγώγου,
3729 953 3763 1003 εἰ
3789 951 3822 1016 ἡ

2219 1037 2318 1089 τοῦ
2350 1035 2470 1089 υἱοῦ
2499 1038 2598 1104 τῆς
2655 1038 2857 1111 χήρας,
2890 1039 2934 1100 ς’
2963 1039 2997 1106 η
3028 1041 3125 1092 τοῦ
3170 1039 3442 1112 Λαζάρου,
3478 1039 3514 1107 ζ’
3543 1038 3626 1094 ὅτε
3661 1036 3826 1093 πολλὰ

2224 1124 2450 1195 σώματα
2479 1129 2590 1179 τῶν
2623 1145 2855 1199 κεκοιμη
2869 1123 3042 1199 μὲνων
3077 1125 3247 1200 ἁγίων
3277 1125 3503 1202 ἠγέρθη,
3531 1127 3577 1198 η’
3607 1124 3660 1181 δέ
3685 1129 3718 1196 ἡ
3741 1130 3828 1182 τοῦ

2225 1210 2428 1287 Κυρίοὸ
2463 1213 2750 1277 ἀνάστασις
2786 1215 2920 1288 μετά
2935 1215 2997 1269 τὸ
3025 1217 3294 1290 σωτήριον
3328 1214 3831 1292 πάθος,οὗτοςφρον-

2221 1304 2387 1372 τίζων
2418 1307 2520 1358 τοῦ
2551 1301 2765 1360 δικαίου
2797 1298 3025 1381 ἔγραφεν
3055 1303 3137 1359 ἀεὶ
3175 1309 3295 1365 ταῖς
3335 1305 3428 1359 ὑπ’
3468 1305 3614 1360 αὐτὸν
3655 1306 3830 1360 πόλεσι

2226 1388 2418 1468 λέγων·
2455 1393 2578 1448 Ἐὰν
2618 1413 2671 1447 τι
2721 1395 2917 1469 γράψω
2971 1393 3117 1467 παρᾶ
3157 1391 3286 1455 τοὺς
3335 1393 3539 1466 νόμους
3581 1393 3836 1468 προστάσ-

2224 1502 2331 1535 σων
2359 1480 2618 1554 γίνεσθαι,
2679 1483 2860 1555 τούτῳ
2896 1483 2996 1554 ,μὴ
3045 1484 3400 1557 προσεκτέονο
3455 1483 3688 1559 ἠγνόηκε
3727 1481 3834 1557 γάρ.

2224 1569 2386 1627 Ἀλλ’
2417 1571 2660 1646 ὕστερον,
2693 1572 2825 1648 φεῦί
2862 1568 3128 1648 αἰφνίδιον
3163 1569 3240 1633 είς
3278 1573 3386 1641 τήν
3437 1572 3652 1650 χείρονα
3699 1591 3836 1644 μετα-

2225 1653 2456 1730 ϐληθεὶς
2515 1659 2745 1734 γνώμην
2806 1659 2942 1734 πρὸς
2991 1665 3162 1716 πᾶσαν
3217 1660 3599 1736 ἀνοσιουργίαν
3649 1680 3840 1737 μιαιφο-

2225 1747 2343 1803 νίαν
2371 1769 2428 1803 τε
2457 1747 2548 1802 καὶ
2580 1747 2966 1823 οἷ’στρηλασίαν
2999 1748 3228 1824 ἐτράπη,
3267 1748 3365 1805 καὶ
3423 1749 3568 1804 οὕτω
3613 1749 3700 1804 τὸν
3748 1747 3848 1823 βίον

2226 1834 2598 1913 κατέστρεψεν.

2298 2019 2449 2078 Μετὰ
2507 2017 2565 2074 δὲ
2619 2014 2871 2091 Τιϐέριον
2914 2015 3232 2076 ἐϐασίλευσε
3296 2020 3469 2084 Γάϊος
3538 2021 3654 2082 υἱὸς
3713 2017 3862 2073 αὐτοῦ

2227 2103 2319 2179 ἔτη
2355 2105 2400 2163 6'
2436 2108 2493 2171 ὃς
2523 2113 2741 2184 πρῶτον
2804 2109 2898 2183 μὲν
2949 2107 3387 2188 μεγαλοφρόνως
3451 2107 3628 2165 διεῖπε
3685 2110 3750 2164 τὰ
3781 2113 3873 2174 τῆς

2231 2195 2514 2273 βασιλείας
2555 2199 2851 2274 πράγματα
2906 2199 2998 2254 καὶ
3045 2204 3165 2262 τοῖς
3215 2198 3493 2270 ὑπηκόοις
3542 2199 3876 2268 καθηκόντως

2227 2287 2518 2365 ἐκέχρητο,
2547 2289 2765 2366 ὕστερον
2796 2287 2853 2345 δὲ
2905 2291 3042 2364 μετᾶ
3099 2288 3194 2345 δύο
3247 2293 3497 2366 χρόνους
3549 2290 3742 2353 ἐκστὰς
3791 2295 3882 2358 τῆς

2227 2377 2572 2455 ἀνθρωπίνης
2632 2381 2944 2459 φρονήσεως
3005 2381 3140 2435 κατὰ
3205 2380 3450 2454 μίμησιν
3537 2385 3638 2437 τοῦ
3697 2379 3882 2454 πατρὸς

2228 2469 2417 2524 ἑαυτὸν
2450 2469 2722 2533 ἀπεθέωσε
2767 2470 2854 2524 καὶ
2909 2467 3232 2544 ἀνδριάντας
3283 2470 3494 2526 ἑαυτοῦ
3547 2470 3691 2526 κατᾶ
3735 2467 3884 2524 πόλιν

2226 2557 2279 2614 ἐν
2311 2564 2428 2621 τοῖς
2473 2564 2625 2622 ναοῖς
2672 2555 2912 2628 ἔστησεν.
2965 2560 3063 2616 Ὃν
3118 2560 3170 2614 οἱ
3217 2565 3568 2631 στρατιῶται
3617 2559 3670 2615 ἐν
3731 2556 3889 2634 βαλα-

2225 2647 2353 2722 νείῳ
2385 2644 2683 2722 λουόμενον
2717 2647 3138 2724 διεχειρίσαντο,
3194 2651 3268 2722 μὴ
3328 2649 3604 2726 φέροντες
3656 2649 3784 2724 ὁρᾷν
3831 2645 3891 2700 τὰ

2229 2741 2332 2795 ὑπὸ
2435 2741 2601 2796 αὐτοῦ
2675 2739 3086 2818 παναισχίστως
3162 2740 3548 2815 αραττόμενα.
3652 2742 3771 2817 Ἐφ’
3839 2737 3894 2793 οὗ

2229 2827 2426 2892 Θευδᾶς
2504 2830 2532 2884 6
2608 2829 2659 2884 ἐν
2735 2835 2856 2893 ταῖς
2931 2829 3159 2903 Πράξεσι
3239 2833 3751 2904 μνημονευόμενος
3811 2827 3894 2883 τὸν

2227 2916 2502 2993 Ἰορδάνην
2561 2923 2746 2992 τεμεῖν
2805 2916 3266 2993 ἐπαγγειλάμενος
3328 2920 3431 2974 καὶ
3528 2919 3905 2994 διαμαρτησας

2228 3007 2490 3084 ἀνῃρέθη,
2523 3007 2613 3062 καὶ
2646 3009 2673 3062 6
2705 3006 2908 3082 πύργος
2949 3011 3046 3062 τοῦ
3100 3004 3342 3080 Σιλωὰμ
3397 3007 3601 3065 ἔπεσεν
3651 3009 3743 3064 ἐπὶ
3788 3007 3904 3061 τοὺς

2235 3097 2304 3168 ιη’
2353 3095 2572 3171 ἄνδρας,
2629 3095 2718 3152 καὶ
2773 3094 3045 3174 Στέφανος
3104 3095 3132 3150 6
3185 3099 3622 3174 πρωτομάρτυς
3684 3095 3912 3172 ἐμαρτύ-

2235 3206 2388 3261 ρησε,
2435 3187 2526 3240 καὶ
2578 3185 2793 3247 Παῦλος
2852 3184 3149 3255 ἐπίστευσε,
3217 3186 3312 3240 καὶ
3385 3188 3596 3244 Φίλων
3652 3187 3746 3243 καὶ
3802 3185 3912 3242 Ἰώ-

2237 3295 2412 3346 σηπος
2441 3275 2493 3330 οἱ
2527 3273 2578 3348 ἐξ
2611 3269 2876 3349 Ἐϐραίων
2907 3273 3066 3355 σοφοὶ
3097 3273 3495 3351 ἐγνωρίζοντο.

2310 3562 2464 3622 Μετᾶ
2494 3559 2552 3617 δὲ
2599 3563 2762 3617 Γάϊον
2815 3554 3130 3620 ἐϐασίλευσε
3177 3557 3486 3632 Κλαύδιος
3547 3560 3649 3640 ἔτη
3715 3566 3803 3644 ιγ’,
3847 3563 3928 3645 ἐφ,

2239 3653 2302 3708 οὗ
2331 3653 2422 3708 καὶ
2455 3652 2678 3728 Μάρκος
2732 3653 2760 3706 6
2817 3651 3205 3729 εὖαγγελιστής
3257 3651 3313 3709 ἓν
3359 3655 3662 3734 Αἰγύτιτῷ
3721 3661 3938 3733 πρῶτος

2235 3741 2563 3813 Ἐκκλησίαν
2623 3741 2937 3815 πηξάμενος
2989 3741 3178 3799 πολλὰ
3237 3751 3622 3822 μοναστήρια
3685 3746 3937 3815 συνεστή-

2239 3853 2389 3902 σατο,
2436 3833 2570 3906 ἅπερ
2627 3836 2846 3904 σεμνεῖα
2900 3831 3026 3887 τότε
3081 3837 3675 3912 προσηγορεύθησαν,
3734 3836 3830 3893 καὶ
3882 3833 3941 3890 τὸ

2237 3920 2396 3997 ἅγιον
2428 3916 2771 3997 Εὐαγγέλιον
2805 3921 3192 3995 συνεγράψατο,
3238 3921 3335 3977 καὶ
3373 3921 3473 3980 ἐπ’
3527 3925 3715 3997 αὐτῆς
3766 3923 3944 3994 Ἀλεξ-

2238 4008 2486 4086 ανδρείας
2517 4008 2846 4080 Ἐκκλησίαν
2875 4013 3096 4086 πρῶτον
3129 4014 3557 4084 συνεστήσατο.

2311 4189 2458 4246 Μετά
2493 4185 2550 4244 δὲ
2597 4184 2869 4243 Κλαύδιον
2921 4183 3236 4246 ἐϐασίλευσε
3275 4191 3499 4268 Νέρων
3535 4195 3570 4251 6
3603 4194 3735 4260 υἱὸς
3788 4193 3952 4251 αὐτοῦ

2241 4276 2333 4350 ἔτη
2370 4276 2460 4351 ιδ’,
2492 4277 2570 4356 ἐφ’
2599 4277 2660 4333 οὗ
2690 4276 2878 4353 Σίμων
2908 4279 2936 4333 6
2973 4279 3156 4355 Μάγος
3187 4277 3278 4334 διὰ
3305 4283 3610 4358 γοητείας
3668 4285 3725 4342 ἐν
3760 4284 3950 4356 Ῥώμῃ

2239 4364 2426 4424 πολλᾶ
2474 4373 2676 4441 σημεῖα
2727 4367 2816 4424 καὶ
2877 4368 3171 4447 φαντασίας
3225 4367 3533 4430 ἐπιτελῶν
3604 4376 3710 4431 καὶ
3771 4371 3957 4430 ἑαυτὸν

2241 4457 2358 4512 θεὸν
2420 4457 2726 4531 ὀνομάζων.
2786 4455 2888 4512 Καί
2944 4478 3077 4512 ποτε
3123 4458 3415 4532 μεσούσης
3461 4465 3708 4540 ἡμέρας
3756 4461 3962 4540 προελ-

2242 4547 2348 4602 θὼν
2384 4547 2458 4610 εἰς
2487 4547 2549 4602 τὸ
2606 4547 2834 4619 θέατρον
2894 4544 3266 4624 ἐπηγγείλατο
3335 4546 3420 4605 δι’
3479 4552 3665 4632 ἀέρος
3731 4551 3968 4610 ἀναπτά-

2244 4647 2384 4701 σοαι.
2446 4633 2524 4694 Οῦ
2590 4637 2890 4711 γενομένου
2957 4637 3418 4711 προσευξάμενος
3493 4645 3528 4698 ὁ
3599 4647 3825 4721 Πέτρος
3880 4642 3970 4698 καὶ

2243 4724 2485 4787 ἀτενίσας
2553 4726 2671 4780 εἶπε
2738 4730 2819 4798 τῷ
2885 4724 3119 4800 Σίμωνι·
3191 4725 3254 4782 Εἰ
3341 4729 3711 4798 ἀπόστολος
3781 4734 3970 4805 Ἰησοῦ

2242 4819 2487 4890 Χριστοῦ
2554 4813 2668 4888 εἰμι
2737 4813 2848 4892 ἐγὼ
2914 4813 3004 4868 καὶ
3071 4813 3197 4890 οὐχὶ
3265 4814 3546 4896 πλάνος,
3642 4824 3845 4899 ὥσπερ
3913 4819 3973 4876 σὺ

2245 4905 2458 4978 Σίμων,
2568 4905 2892 4979 προστάσσω
3001 4909 3122 4968 ταῖς
3231 4917 3552 4986 πονηραῖς
3670 4912 3972 4988 δυνάμεσιν

2243 4993 2453 5074 ἂφεῖναί
2523 5013 2580 5048 σε
2645 5001 2746 5064 τῆς
2808 4995 3146 5070 κρατήσεως.
3217 4995 3323 5050 Καὶ
3408 5007 3617 5060 ταῦτα
3723 5005 3978 5064 εἰπόντος

2241 5080 2695 5170 τοῦγάποστόλου
2761 5089 3111 5170 παραχρῆμα
3146 5087 3532 5170 γκατηνὲχθη
3619 5096 3773 5166 μετά
3829 5095 3976 5170 ἤχου

2241 5169 2458 5226 πολλοῦ
2496 5170 2585 5226 καὶ
2645 5165 2954 5246 συνετρίϐη.
3013 5172 3074 5229 Ὁ
3142 5169 3201 5227 δὲ
3254 5175 3510 5251 Νέρων,
3591 5165 3984 5250 ἆκοῦσαςδτι

2241 5260 2561 5337 πεφόνευται
2618 5258 2803 5334 Σίμων
2869 5260 2972 5314 ὑπὸ
3052 5259 3254 5334 Πέτρου
3359 5267 3474 5321 καὶ
3556 5272 3984 5347 ἀγανακτήσας*

2244 5347 2515 5405 ἐκέλευσεν
2577 5349 2736 5404 αὐτὸν
2790 5351 3186 5425 σταυρωθῆναι·
3253 5349 3328 5408 Ὁ
3413 5351 3486 5412 δὲ
3565 5362 3980 5440 παρακαλέσας

2241 5441 2332 5495 τὸν
2367 5437 2609 5514 ἔπαρχον
2641 5437 2723 5494 ίνα
2757 5439 2834 5512 μὴ
2869 5435 3049 5514 ὅγθιος
3105 5443 3453 5518 σταυρωθῇ,
3514 5435 3678 5509 κατὰ
3730 5455 3986 5512 κέλευσιν

2245 5529 2554 5626 ἐσταυρωίξη
2587 5530 2796 5626 Δκοιριῖος
2838 5528 3100 5626 *ἠξίωσεν
3151 5528 3210 5626 tit
3244 5530 3552 5626 itali-7'};
3628 5565 3991 5626 μετριοφρο-

2245 5619 2430 5714 σύνης.
2466 5619 2613 5714 Meri-1
2659 5615 2716 5673 δὲ
2770 5621 2960 5714 τοῦτον
3013 5616 3138 5714 Ital‘
3162 5615 3409 5714 ξῙαῦλος
3456 5630 3571 5686 τὸν
3629 5615 3762 5691 διὰ·
3796 5615 3989 5714 ειᾴὸυς

2244 5711 2340 5766 τοῦ
2373 5708 2674 5785 μαρτυρίου
2713 5706 2972 5785 στέφανον
3018 5705 3360 5782 ἀνεδήσατο,
3421 5715 3500 5776 Ὀ
3559 5717 3632 5779 δέ
3680 5743 3755 5805 γε
3794 5705 3996 5808 Νέρων
