4150 6292
369 317 473 378 Ἃθ

1785 318 2454 382 CHRONOGRAPHIA

3693 317 3815 381 250

399 452 825 523 κραταιουμὲνης
862 452 1033 523 αὐτῷ
1086 453 1183 517 τῆς
1235 450 1416 527 ἀρχῆς
1456 450 1533 515 εἷς
1574 450 1794 513 ἀνοσίας
1839 451 2058 522 πράξεις

2181 453 2438 525 martyrii
2491 466 2771 509 coronam
2821 452 3058 524 accepit.
3092 451 3239 508 Nero
3297 452 3513 519 autem,
3544 466 3679 506 cum
3724 450 3820 507 illi

414 540 491 594 καὶ
530 540 847 617 μιαιφονίας
923 539 1021 594 καὶ
1071 539 1366 615 θεομαχίας
1414 539 1687 610 ἐξώκειλε,
1740 540 1830 595 καὶ
1889 538 2059 601 οὕτως

419 630 468 685 ἐκ
506 638 600 700 τῆς
654 628 800 704 ἄγαν
871 628 1071 704 μανίας
1139 632 1534 703 ἀποκτονηθείς
1597 632 1672 692 εἰς
1737 629 2057 707 προάστειον

418 719 620 790 ἐξελθὼν
698 721 904 775 ἑαυτὸν
990 717 1371 796 διεχειρίσατο.
1450 720 1721 783 Ὡσαύτως
1823 718 1879 775 δὲ
1970 721 2061 775 καὶ

416 810 635 871 Πιλάτος
707 807 1014 872 ποικίλαις
1088 811 1409 885 περιπεσὼνί
1469 816 1776 887 συμφοραῖς
1873 810 2056 864 ἑαυτὸν

414 899 581 954 ἀνεῖλε
590 942 602 956 .

477 990 627 1046 Μετᾶ
696 986 754 1044 δὲ
824 991 1055 1064 Νέρωνα
1121 985 1434 1047 ἐϐασίλευσε
1501 985 1714 1053 Γάλϐας
1781 997 1956 1064 μῆνας
1997 994 2059 1059 ζ’,

415 1078 543 1153 μετὰ
580 1075 639 1132 δὲ
702 1073 923 1133 Γάλϐαν
985 1073 1301 1134 ἐϐασίλευσε
1377 1076 1664 1142 Αουκίϐιος
1743 1086 1917 1153 μῆνας
1991 1079 2062 1154 γ’,

416 1169 545 1242 μετᾶ
577 1167 633 1224 δὲ
660 1164 957 1224 Λουκίϐιον
1018 1165 1359 1225 ἐϐασίλευσεν
1415 1168 1741 1233 Οὐϊτέλλιος
1773 1176 1949 1244 μῆνας
1992 1168 2060 1244 β’,

411 1259 501 1314 καὶ
542 1258 754 1337 ἐσφάγη
792 1259 956 1332 μέσον
992 1266 1097 1328 τῆς
1122 1260 1346 1335 Ῥώμης
1378 1261 1482 1315 ὑπὸ
1508 1264 1605 1316 τοῦ
1644 1257 1847 1333 δήμου.

476 1351 625 1407 Μετὰ
695 1348 753 1405 δὲ
825 1348 1160 1408 Οὐϊυὲλλιον
1239 1345 1584 1406 ἐϐασίλευσεν
1663 1349 2060 1410 Οὐεσπασιανὸς

412 1440 529 1502 υἱὸς
560 1438 812 1513 Νέρωνος
843 1436 937 1510 ἔτη
973 1440 1038 1503 θ’.

474 1529 626 1585 Μετᾶ
704 1525 760 1583 δὲ
832 1526 1234 1585 Οὐεσπασιανὸν
1306 1524 1621 1584 ἐϐασίλευσε
1695 1529 1857 1589 Τῖτος
1946 1527 2060 1586 νἰὁς

401 1616 572 1672 αὐτοῦ
602 1610 698 1687 ἔτη
746 1616 814 1692 γ’.
865 1616 969 1672 Καὶ
1028 1613 1147 1692 ὥρᾳ
1201 1619 1381 1691 θερινῇ
1436 1616 1773 1691 πανημέριον
1834 1611 2064 1669 ὁδοιπο-

406 1707 609 1781 ρήσας,
660 1705 751 1759 καὶ
820 1703 1233 1781 αἷμορῥαγησας
1293 1703 1382 1760 διὰ
1434 1709 1542 1760 τῶν
1604 1705 1896 1778 μυκτήρων
1960 1702 2063 1757 ὑπὸ

400 1799 501 1849 τοῦ
545 1793 720 1864 ἡλίου
778 1792 1157 1868 συμφλεχθεῖς
1203 1795 1289 1849 καὶ
1340 1794 1474 1849 πάνυ
1525 1794 1926 1865 Λιποθυμησας,
1986 1789 2065 1846 ἔτι

405 1882 655 1958 ἐμπνέων
704 1878 980 1953 ἐνεϐλήθη
1025 1882 1104 1945 εἷς
1139 1884 1231 1938 τὸν
1294 1884 1464 1963 τάφον
1530 1882 1676 1956 παρὰ
1734 1883 2066 1956 Δομετιανοῦ

403 1978 503 2028 τοῦ
554 1970 800 2050 ἂδελςμοῦ
866 1969 1037 2027 αὑτοῦ
1103 1972 1215 2028 κατ’
1272 1972 1572 2048 ἐπιτροπὴν
1648 1979 1751 2043 τῆς
1812 1969 2066 2048 γυναικὸς

401 2062 624 2131 τούτου,
657 2061 749 2116 καὶ
796 2060 974 2123 οὕτως
1021 2057 1340 2133 ἐτελεύτησε
1392 2061 1538 2137 πάσῃ
1594 2059 1929 2137 ἂγαθουργίᾳ
1973 2058 2063 2113 καὶ

404 2150 735 2230 σωιρροσύνῃ
811 2150 1249 2223 κεκοσμημένος,
1324 2149 1518 2215 πένθος
1591 2148 1737 2205 πολὺ
1817 2154 1936 2213 τοῖς
2008 2149 2059 2203 ἐν

395 2240 596 2314 Ῥώμῃ
662 2237 1030 2313 καταλείψας,
1103 2238 1174 2300 ὡς
1230 2242 1349 2295 κατ’
1415 2240 1598 2303 οἳκους
1666 2238 1754 2294 καὶ
1821 2236 2062 2312 δημοσίᾳ

403 2330 607 2392 πάντας
640 2327 854 2384 κλαίειν
885 2328 979 2383 καὶ
1010 2323 1392 2403 ἀποδύρεσθαι.

484 2509 633 2566 Μετὰ
665 2507 723 2564 δὲ
767 2511 938 2568 Τῖτον
997 2502 1312 2565 ἐϐασίλευσε
1373 2509 1698 2584 Δομετιανὸς
1751 2510 1779 2564 ὁ
1827 2506 2061 2587 ἀδελφὸς

421 2598 584 2651 αὐτοῦ
605 2595 696 2669 ἔτη
731 2600 809 2671 ιε’,
859 2597 952 2653 καὶ
1018 2596 1221 2676 ἐσφάγη
1273 2598 1325 2653 ἐν
1374 2603 1455 2672 τῷ
1509 2604 1620 2672 ναῷ
1668 2597 1889 2673 Ῥώμης
1946 2599 2064 2653 κατ’

430 2681 716 2757 ἐπιϐουλὴν
753 2695 852 2758 τῆς
920 2688 1096 2743 αὐτοῦ
1150 2689 1422 2765 γυναικός.
1480 2686 1750 2765 Διάδοχος
1806 2690 1909 2765 γὰρ
1967 2690 2064 2743 τοῦ

440 2772 671 2852 ἀδελῖαοῦ
697 2779 970 2851 γενόμενος
1015 2778 1080 2832 οῦ
1126 2780 1224 2848 τήν
1274 2780 1540 2854 πατρικήν
1590 2799 1650 2833 τε
1698 2777 1788 2833 καὶ
1835 2776 2066 2857 ἀδελφι-

429 2865 536 2933 κὴν
565 2862 827 2934 ἐζήλωσεν
855 2866 1083 2943 ἀρίστην
1116 2866 1419 2937 πολιτείαν,
1465 2865 1611 2922 ἀλλὰ
1656 2868 1756 2937 τὴν
1803 2861 2063 2943 Τιϐερίου

421 2954 516 3009 καί
582 2953 830 3029 Νέρωνος
886 2957 1292 3031 ἀνοσιουργίαν·
1352 2962 1454 3012 πᾶν
1508 2957 1609 3033 γὰρ
1669 2952 1811 3017 εἶδος
1867 2955 2064 3020 κακίας

405 3045 498 3101 καῖ
556 3044 986 3121 γυναικομανίας
1054 3046 1147 3100 καὶ
1212 3043 1576 3121 ἀνδρομανίας
1641 3043 1904 3117 ἐπελθὼν,
1969 3046 2062 3101 καὶ

400 3133 717 3191 τελευταῖον
776 3135 970 3191 ἑαυτὸν
1031 3136 1347 3199 ἀποθεώσεις
1399 3137 1487 3191 καὶ
1561 3135 1811 3212 ἔχθιστον
1873 3135 2061 3192 ἑαυτὸν

2170 542 2607 613 protraheretur
2638 540 2975 614 imperium,
3007 541 3065 596 in
3098 541 3319 597 nefaria
3346 557 3411 596 ac
3468 540 3816 596 detestanda

2171 630 2397 688 scelera
2428 632 2791 702 infamesque
2851 632 3038 687 caedes
3078 630 3388 703 prolapsus
3429 633 3538 695 est,
3572 629 3714 686 adeo
3746 632 3814 685 ut

2171 722 2412 778 immani
2444 723 2638 778 furore
2671 723 2927 795 percitus
2983 722 3374 794 eﬁ‘eratusque
3428 722 3487 777 in
3529 720 3815 777 suburbio

2171 829 2383 868 manus
2413 812 2523 868 sibi
2554 812 2836 867 intulerit.
2873 812 2967 867 Sic
2997 828 3229 884 quoque
3259 812 3483 868 Pilatus
3513 810 3689 866 variis
3719 826 3813 867 ca-

2168 900 2537 957 lamitatibus
2567 901 2758 957 victus
2791 918 3003 957 manus
3033 901 3143 957 sibi
3172 901 3474 957 conscivit.

2242 989 2377 1047 Post
2406 991 2689 1048 Neronem
2736 990 2951 1047 Galbas
3012 990 3323 1062 imperium
3383 988 3815 1046 administravit

2171 1096 2403 1136 menses
2433 1084 2819 1152 septem,post
2840 1080 3084 1137 Galbam
3113 1079 3395 1136 Lucibius
3423 1082 3810 1147 mensestres,

2170 1173 2301 1240 post
2332 1170 2636 1226 Lucibium
2670 1169 2942 1226 Vitellius
2969 1185 3202 1226 menses
3231 1170 3400 1240 duos,
3431 1172 3489 1225 et
3517 1186 3552 1225 a
3606 1167 3812 1225 multi-

2170 1259 2372 1315 tudine
2400 1258 2461 1313 in
2501 1259 2692 1314 medio
2724 1259 2918 1315 Romae
2949 1259 3279 1315 trucidatus
3320 1262 3431 1315 est.

2245 1349 2379 1404 Post
2395 1348 2700 1404 Vitellium
2732 1348 3127 1421 Vespasianus
3162 1347 3408 1405 Neronis
3439 1346 3596 1405 ﬁlius
3628 1364 3815 1406 annos

2172 1453 2398 1492 novem.

2246 1527 2379 1583 Post
2408 1525 2821 1598 Vespasianum
2858 1528 3025 1584 Titus
3077 1527 3236 1584 ﬁlius
3297 1543 3484 1583 annos
3514 1530 3657 1584 tres.
3710 1527 3813 1584 Hic

2171 1631 2303 1672 cum
2335 1619 2535 1671 aestate
2564 1615 2784 1673 solibus
2816 1616 3174 1673 calidissima
3203 1633 3306 1689 per
3334 1615 3489 1672 diem
3520 1617 3815 1690 integrum

2171 1704 2282 1761 iter
2313 1705 2929 1773 continuasset,radiis
2959 1705 3099 1762 solis
3124 1712 3362 1765 exustus
3393 1707 3819 1781 sanguinisque

2172 1811 2203 1850 e
2234 1795 2475 1851 naribus
2527 1794 2833 1867 eruptione
2883 1795 3067 1851 animi
3120 1795 3442 1868 deliquium
3474 1813 3680 1868 passus
3708 1798 3818 1867 est,

2175 1892 2232 1941 et
2260 1885 2453 1942 adhuc
2467 1884 2724 1941 animam
2743 1901 2925 1957 agens
2956 1902 2988 1940 a
3007 1885 3333 1943 Domitiano
3349 1887 3524 1943 fratre
3544 1885 3820 1942 suasione

2174 1975 2371 2031 uxoris
2400 1975 2517 2031 Titi
2573 1975 2634 2031 in
2695 1974 3028 2048 sepulcrum
3088 1976 3423 2047 conjicitur,
3455 1976 3654 2049 sicque
3691 1974 3818 2030 ani-

2174 2080 2328 2120 mam
2360 2063 2596 2134 efﬂavit,
2632 2064 2851 2136 optima
2880 2066 3007 2121 vitae
3023 2064 3247 2121 ratione
3278 2065 3445 2132 inita,
3460 2064 3820 2122 continentia

2174 2157 2230 2209 et
2251 2152 2486 2225 justitia
2516 2152 3065 2223 celebris,omnibus
3095 2156 3194 2212 29
3218 2154 3814 2213 desiderabilis.lllius

2174 2251 2357 2300 morte
2385 2247 2584 2300 tantus
2609 2243 2777 2300 dolor
2806 2243 3124 2301 Romanam
3159 2246 3363 2302 urbem
3396 2245 3718 2318 occupavit,
3752 2247 3818 2301 ut

2173 2332 2402 2404 publice
2430 2336 2489 2389 et
2518 2332 2793 2405 privatim
2852 2333 3104 2406 quilibet
3134 2334 3517 2391 afﬂictaretur
3561 2338 3621 2392 et
3649 2334 3817 2407 inge-

2172 2421 2466 2480 misceret.

2243 2510 2615 2568 Domitianus
2642 2512 2840 2582 frater,
2873 2529 2939 2569 eo
2960 2513 3329 2586 interempto,
3352 2513 3601 2586 imperio
3631 2527 3818 2568 annos

2173 2599 2503 2671 quindecim
2548 2602 2770 2672 potitus
2823 2605 2949 2658 est:
2986 2603 3224 2657 tandem
3256 2602 3313 2656 in
3373 2600 3586 2672 templo
3618 2600 3816 2656 Romae

2171 2688 2402 2744 insidiis
2460 2689 2657 2745 uxoris
2702 2690 3074 2746 interﬁcitur.
3125 2690 3228 2745 Hic
3287 2690 3525 2746 fraterni
3582 2689 3816 2761 imperii

2171 2778 2575 2850 hmres,neque
2604 2778 2790 2849 patris
2814 2793 3000 2849 neque
3025 2779 3220 2835 fratris
3241 2778 3476 2849 optimae
3500 2779 3628 2833 vitae
3653 2777 3821 2834 insti-

2170 2870 2363 2923 tutum
2396 2869 2778 2935 sectatus,sed
2804 2868 3120 2923 Tiberiana
3137 2868 3580 2940 Neronianaque
3600 2866 3820 2939 ﬂagitia

2170 2956 2502 3025 simulatus,
2532 2955 2828 3013 scelarum
2862 2956 3022 3013 omni
3044 2971 3275 3028 genere,
3307 2958 3563 3013 caedibus
3593 2956 3735 3012 item
3764 2959 3823 3013 et

2169 3047 2229 3103 in
2257 3063 2447 3103 mares
2475 3051 2531 3102 et
2549 3045 3169 3103 feminaslibidinibus
3183 3045 3815 3114 contaminatissimus,

2174 3135 2402 3194 divinos
2432 3136 2545 3192 sibi
2595 3135 2849 3193 honores
2877 3137 3206 3210 arrogavit;
3267 3136 3515 3210 ideoque
3543 3137 3820 3195 omnibus

402 3223 594 3281 ἅπασιν
644 3227 957 3305 ἀποφήνας,
1005 3224 1277 3301 αἲσχίστῳ
1338 3226 1494 3302 μόρῳ
1546 3226 1639 3282 τὸν
1689 3229 1923 3301 μυσαρὸν
1973 3228 2060 3282 καί

2181 3222 2534 3281 detestabilis
2565 3240 2895 3296 exosusque
2917 3206 3369 3297 probrosissimo
3386 3206 3589 3282 mortis
3607 3240 3820 3298 genere

413 3311 652 3390 βέϐηλον
684 3316 1054 3393 καταστρέφει
1109 3315 1245 3389 βίον.
1300 3317 1415 3396 Ἐφ’
1461 3314 1523 3371 οὗ
1574 3316 1839 3391 Τιμόθεος
1869 3318 1897 3372 ὁ
1927 3316 2063 3373 ἀπό-

409 3404 594 3468 στολος
648 3405 747 3461 καὶ
801 3405 1106 3477 Ὀνήσιμος
1154 3403 1552 3480 ἐμαρτύρησαν,
1580 3407 1681 3461 ’καὶ
1717 3408 1745 3462 ὁ
1793 3405 2063 3483 Θεολόγος

409 3493 665 3566 Ἰωάννης
742 3493 839 3550 καὶ
917 3493 1312 3568 εὖαγγελιστὴς
1387 3493 1438 3550 ἐν
1515 3494 1721 3570 Πάτμῳ
1792 3497 1864 3568 τῆ
1908 3498 2063 3571 νήσῳ

415 3581 701 3661 ἐξωρίσθη,
731 3584 826 3639 καὶ
871 3581 1263 3647 Ἀπολλώνιος
1306 3586 1333 3640 ὁ
1376 3586 1611 3651 Τυανεὺς
1647 3585 1990 3662 ἐγνωρίζετο.

481 3752 628 3821 Βίετᾶ
669 3762 730 3820 δὲ
784 3764 1119 3838 Δομετιανὸν
1160 3762 1472 3823 ἐϐασίλευσε
1514 3766 1760 3843 Νερούας
1815 3758 1934 3829 ἔτος
1982 3762 2061 3838 ἕν,

420 3851 474 3914 ὃς
502 3852 982 3928 ἀνακαλεσάμενος
1026 3854 1279 3926 Ἰωάννην
1329 3855 1389 3911 ἐκ
1434 3862 1537 3926 τῆς
1580 3858 1747 3929 νήσου
1799 3854 2060 3911 ἀπέλυσεν

422 3945 578 4001 οἰκεῖν
650 3945 704 4000 ἐν
744 3946 981 4024 Ἐφέσῳ,
1044 3946 1209 4018 μόνον
1258 3946 1381 4003 τότε
1423 3947 1482 4003 ἐκ
1524 3952 1631 4003 τῶν
1678 3947 1747 4023 ιβ’
1805 3951 2063 4023 μαθητῶν

420 4037 667 4108 περιόντα
724 4040 807 4108 τῷ
876 4035 1009 4110 βίῳ’
1070 4034 1130 4097 ’ὸς
1188 4035 1276 4091 καὶ
1329 4038 1775 4115 συγγραψάμενος
1830 4038 1893 4093 τὸ
1945 4039 2063 4094 κατ’

426 4122 572 4179 αὐτὸν
646 4124 995 4201 Εὖαγγέλιον
1097 4121 1151 4178 ἐν
1237 4125 1421 4201 εἰρήνῃ
1511 4125 1866 4184 ἀνεπαύσατο.
1960 4127 2064 4186 Καὶ

427 4213 692 4277 Φίλιππος
761 4216 790 4268 ὁ
858 4213 920 4268 ἐκ
982 4218 1092 4268 τῶν
1178 4214 1218 4284 ζ’
1285 4212 1548 4272 διακόνων
1643 4214 1697 4272 ἐν
1763 4216 2063 4292 Ἱεραπόλει

426 4298 735 4373 τελειοῦται,
811 4302 906 4359 καὶ
983 4300 1240 4367 θάπτεται
1327 4305 1463 4379 μετὰ
1555 4309 1661 4361 τῶν
1758 4306 2065 4382 θυγατέρων

431 4390 598 4451 αὐτοῦ.

497 4484 632 4539 Μετὰ
688 4480 745 4539 δὲ
809 4482 1063 4557 Νερούαν
1126 4476 1438 4539 ἐϐασίλευσε
1502 4485 1770 4560 Τραϊανὸς
1838 4480 1932 4558 ἔτη
2002 4488 2065 4559 0‘,

2172 3313 2627 3371 abominabilem
2659 3315 3094 3387 nefandamque
3124 3315 3300 3372 vitam
3332 3316 3645 3388 abjecit.Ea
3673 3320 3823 3372 tem-

2171 3407 2400 3476 postate
2430 3402 2768 3460 Timotheus
2798 3403 3101 3476 apostolus
3131 3408 3189 3461 et
3216 3405 3525 3462 Onesimus
3557 3421 3658 3477 pro
3682 3404 3819 3461 reli-

2170 3494 2345 3565 gione
2358 3493 3444 3565 Christianaexstinguuntur,Joannes
3458 3510 3816 3566 cognomen-

2168 3586 2228 3638 to
2253 3582 2579 3653 Theologus
2604 3587 2661 3638 et
2682 3582 3109 3654 evangelistain
3133 3582 3373 3640 Patmon
3393 3582 3647 3639 insulam
3670 3583 3819 3639 rele-

2171 3675 2364 3742 gatur.
2393 3669 2740 3743 Apollonius
2763 3670 2905 3726 item
2936 3675 3199 3743 Tyaneus
3229 3671 3479 3741 vigebat.

2241 3758 2426 3814 Nerva
2456 3762 2590 3830 post
2617 3758 3019 3814 Domitianum
3049 3758 3587 3831 imperavitannum
3607 3776 3818 3820 unum.

2173 3852 2229 3906 Is
2253 3866 2323 3905 ex
2343 3848 2537 3905 insula
2581 3849 2782 3905 Patmo
2824 3850 2895 3904 ab
2928 3848 3133 3905 exsilio
3165 3854 3498 3906 revocatum
3525 3851 3814 3908 Joannem

2174 3938 2383 4011 Ephesi
2413 3938 2665 3995 liberum
2694 3937 3047 4010 dimisit,qui
3079 3942 3222 3994 tunc
3252 3938 3415 3996 solus
3444 3956 3476 3996 e
3506 3939 3815 3996 duodecim

2172 4028 2389 4085 Christi
2409 4026 2716 4101 discipulis
2742 4031 3128 4100 supererat,et
3148 4029 3460 4102 Evangelio
3485 4028 3814 4102 conscripto

2172 4120 2324 4176 diem
2384 4117 2529 4176 obiit
2561 4121 2911 4175 extremum.
2943 4117 3249 4192 Philippus
3308 4119 3448 4176 item
3506 4136 3536 4176 ο
3596 4122 3816 4191 septem

2173 4208 2434 4265 diaconis
2465 4224 2619 4264 unus
2650 4206 2806 4280 apud
2834 4207 3194 4280 Hierapolim
3254 4209 3524 4280 moritur,
3578 4217 3632 4266 et
3684 4224 3819 4266 cum

2174 4297 2410 4355 ﬁliabus
2442 4296 2786 4355 tumulatur.

2246 4499 2535 4572 Traianus
2566 4504 2699 4574 post
2730 4500 2976 4557 Nervam
3008 4500 3322 4574 imperium
3384 4499 3820 4557 administravit

432 4570 517 4625 καὶ
565 4570 839 4648 ὑδεριάσας
900 4571 1184 4641 ἀπέθανεν,
1231 4573 1290 4634 ὃς
1338 4578 1595 4630 τοσοῦτον
1644 4574 1889 4655 ὑπῆρχεν
1939 4575 2060 4652 ἀγα-

2181 4570 2670 4657 ιηηοείιιονοῑῐῖβι
2701 4589 2962 4663 hydrops
2986 4570 3310 4646 exstinctus
3328 4592 3415 4646 est
3436 4606 3451 4657 ;
3471 4592 3820 4661 tantumque

433 4659 539 4733 θὸς,
580 4662 956 4739 μισοπόνηρός
1008 4681 1069 4715 τε
1115 4661 1206 4716 καὶ
1249 4659 1618 4740 φιλοδίκαιος,
1666 4664 1804 4721 ὥστε
1848 4667 2060 4743 γυμνώ-

2181 4677 2243 4733 in
2273 4694 2340 4735 eo
2366 4678 2425 4733 in
2456 4659 2764 4751 improbos
2788 4659 3055 4751 quosque
3086 4677 3288 4734 odium
3320 4680 3377 4734 et
3397 4677 3645 4749 justitiaa
3691 4659 3822 4733 stu-

436 4769 520 4812 σας
570 4753 698 4808 ποτε
753 4751 1040 4829 ῥομφαίαν
1091 4747 1320 4806 ἐνώπιον
1366 4756 1473 4807 τῶν
1536 4754 1861 4829 μεγιστάνων
1900 4750 2060 4809 δεδω-

2181 4766 2343 4823 dium
2376 4771 2521 4834 erat,
2543 4747 2615 4823 ut
2645 4747 2977 4839 aliquando
3023 4768 3084 4824 in
3135 4747 3445 4839 procerum
3503 4772 3822 4841 conspectu

428 4839 561 4896 κέναι
621 4847 697 4915 τῷ
762 4841 1024 4917 ἐπάρχῳ,

1120 4840 1209 4895 καὶ
1304 4839 1491 4897 εἷπεῖνο
1576 4843 1729 4913 Δέξαι
1793 4842 1856 4897 τὸ
1915 4842 2068 4921 ξίφος

2180 4855 2584 4929 gladiumipse
2616 4859 2840 4913 nudum
2875 4857 3147 4928 praefecto
3178 4858 3449 4930 praetorio
3482 4858 3667 4929 daret,
3687 4862 3824 4915 ute-

422 4934 593 5003 τοῦτο,
623 4933 709 4989 καὶ
759 4931 806 4987 εἰ
870 4930 971 5003 μὲν
1016 4925 1202 4991 καλῶς
1261 4928 1441 5007 ἃρχω,
1502 4931 1632 5019 ὑπερ
1691 4930 1850 5005 ἐμοῦ,
1908 4931 1952 4987 εί
2013 4930 2060 4987 δὲ

2181 4925 2450 5017 returque
2468 4925 2563 5001 his
2589 4946 2823 5002 verbis:
2850 4925 3095 5018 Ᾰεοίρίιο
3123 4925 3375 5019 gladium
3403 4947 3585 5018 hunc;
3616 4925 3668 5004 si
3683 4953 3826 5005 recte

422 5021 518 5109 μή,
554 5024 663 5079 κατ’
718 5021 862 5097 ἐμοῦ
923 5019 1513 5109 χρῇσαι-αύτῷ.-.
1570 5015 1714 5097 ἔχων
1772 5019 1828 5076 δέ
1873 5020 2060 5109 παῖδας

2181 5052 2294 5092 rem
2325 5035 2427 5091 80
2450 5034 2730 5107 publicam
2750 5034 3346 5109 administraver0,pro
3367 5054 3481 5109 me;
3508 5038 3598 5094 sin
3618 5041 3821 5107 minus,

411 5107 786 5186 κληρονόμους
843 5115 949 5179 τῆς
1016 5105 1292 5180 βασιλείας
1361 5102 1592 5182 ἔμελλεν
1654 5108 1705 5180 ἐξ
1776 5105 2066 5183 ὑποϐολῆς

404 5220 559 5258 τινων
612 5202 765 5258 ἐᾶσαι
823 5200 931 5269 τήν
988 5195 1216 5272 σύζυγον
1266 5196 1430 5252 αὐτοῦ
1477 5198 1569 5253 καὶ
1617 5194 1806 5255 λαϐεῖν
1881 5200 2063 5276 ἑτέραν

401 5296 533 5366 πρὸς
579 5295 641 5351 τό
689 5290 1130 5358 παιδοποιῆσαισ
1193 5290 1227 5358 ἡ
1290 5286 1346 5344 δὲ
1395 5292 1581 5359 συνετή
1629 5291 1760 5346 οὗσα
1810 5288 2064 5349 συνεϐού-

404 5381 580 5443 λε’)τεν
612 5386 764 5458 αὐτῷ
796 5383 902 5451 ὡς,
951 5375 1110 5452 εἴπερ
1172 5377 1432 5451 βούλεται
1479 5380 1904 5455 μνημονεύεσθαι
1958 5382 2061 5439 ὑπὸ

401 5476 607 5533 πάντων
666 5475 721 5532 ἦν
780 5472 997 5530 πάσαις
1052 5466 1282 5544 γενεαῖς,
1341 5467 1629 5526 πλακῶσαι
1697 5468 1787 5526 διὰ
1843 5475 2063 5547 μαρμά-

410 5588 511 5640 ρων
538 5568 629 5631 τὰς
662 5554 1094 5632 εἷσοδοεξόδους
1144 5560 1328 5613 πασῶν
1382 5564 1492 5615 τῶν
1541 5558 1998 5641 μεγαλοπόλεων·
2032 5563 2062 5618 ὅ

405 5650 470 5730 δὴ
496 5658 578 5714 καὶ
610 5652 948 5727 πεποίηκεν.
996 5643 1118 5721 Ἐφ’
1163 5643 1226 5700 οὗ
1271 5646 1365 5703 καὶ
1404 5650 1632 5727 Συμεὼν
1668 5650 1697 5706 ὁ
1723 5653 1824 5707 τοῦ
1868 5648 2060 5709 Κλοπᾶ

2173 5134 2370 5182 contra
2398 5139 2485 5179 me
2512 5126 2710 5180 utitor.
2745 5128 2885 5180 Cum
2906 5127 3264 5183 successoris
3309 5128 3477 5199 copia
3507 5145 3619 5184 non
3649 5132 3822 5195 esset,

2178 5213 2596 5271 nonnullorum
2648 5212 2902 5283 impulsu
2935 5217 3245 5289 conjugem
3300 5223 3422 5273 erat
3462 5218 3819 5273 dimissurus

2174 5304 2470 5374 aliamque
2500 5301 2614 5357 sibi
2682 5301 3105 5375 collocaturus,
3139 5310 3203 5362 ut
3255 5306 3411 5364 filios
3470 5312 3815 5379 procrearet.

2167 5392 2391 5463 Conjux
2421 5391 2679 5463 prudens
2714 5397 2773 5447 et
2809 5396 2972 5449 casta
3033 5396 3242 5465 suasit,
3275 5395 3324 5450 si
3357 5395 3701 5451 memoriam
3730 5391 3827 5447 sui

2166 5481 2337 5538 vellet
2353 5480 2508 5553 apud
2529 5496 2734 5537 omnes
2753 5484 3161 5553 sempiternam
3177 5483 3605 5551 conservari,ut
3620 5496 3824 5536 omnes

2174 5566 2438 5625 omnium
2469 5583 2821 5641 magnarum
2855 5568 3089 5625 urbium
3119 5570 3311 5626 exitus
3339 5574 3517 5641 atque
3548 5563 3823 5622 introitus

2170 5658 2562 5717 marmoribus
2633 5655 3023 5729 insculperet;
3084 5657 3261 5730 idque
3314 5672 3485 5728 opere
3528 5648 3822 5726 prestitlt,
