  <div class='ocr_page' id='page_1' title='image "/cluster/home/n/w/nwhite01/storage/ocr_20150623/139/mdp.39015078384214/133.png"; bbox 0 0 4150 6292; ppageno 0'>
   <div class='ocr_carea' id='block_1_1' title="bbox 408 253 528 317">
    <p class='ocr_par' dir='ltr' id='par_1_1' title="bbox 408 253 528 317">
     <span class='ocr_line' id='line_1_1' title="bbox 408 253 528 317; baseline 0.025 -3"><span class='ocrx_word' id='word_1_1' title='bbox 408 253 528 317; x_wconf 75' lang='grc'><strong>281</strong></span> 
     </span>
    </p>
   </div>
   <div class='ocr_carea' id='block_1_2' title="bbox 1987 264 2247 328">
    <p class='ocr_par' dir='ltr' id='par_1_2' title="bbox 1987 264 2247 328">
     <span class='ocr_line' id='line_1_2' title="bbox 1987 264 2247 328; baseline 0.008 -3"><span class='ocrx_word' id='word_1_2' title='bbox 1987 264 2247 328; x_wconf 82' lang='lat' dir='ltr'><strong>JOELIS</strong></span> 
     </span>
    </p>
   </div>
   <div class='ocr_carea' id='block_1_3' title="bbox 3703 267 3823 330">
    <p class='ocr_par' dir='ltr' id='par_1_3' title="bbox 3703 267 3823 330">
     <span class='ocr_line' id='line_1_3' title="bbox 3703 267 3823 330; baseline 0 0"><span class='ocrx_word' id='word_1_3' title='bbox 3703 267 3823 330; x_wconf 79' lang='lat'><strong>252</strong></span> 
     </span>
    </p>
   </div>
   <div class='ocr_carea' id='block_1_4' title="bbox 415 389 2063 475">
    <p class='ocr_par' dir='ltr' id='par_1_4' title="bbox 415 389 2054 468">
     <span class='ocr_line' id='line_1_4' title="bbox 415 389 2054 468; baseline 0.005 -24"><span class='ocrx_word' id='word_1_4' title='bbox 415 389 533 444; x_wconf 89' lang='lat' dir='ltr'><strong>Sub</strong></span> <span class='ocrx_word' id='word_1_5' title='bbox 557 403 623 444; x_wconf 93' lang='lat' dir='ltr'><strong>eo</strong></span> <span class='ocrx_word' id='word_1_6' title='bbox 653 390 897 458; x_wconf 77' lang='lat' dir='ltr'><strong>Symeon</strong></span> <span class='ocrx_word' id='word_1_7' title='bbox 930 389 1115 462; x_wconf 78' lang='lat' dir='ltr'><strong>Clopas</strong></span> <span class='ocrx_word' id='word_1_8' title='bbox 1149 390 1306 448; x_wconf 84' lang='lat' dir='ltr'><strong>ﬁlius</strong></span> <span class='ocrx_word' id='word_1_9' title='bbox 1325 395 1382 448; x_wconf 90' lang='lat' dir='ltr'><strong>et</strong></span> <span class='ocrx_word' id='word_1_10' title='bbox 1396 392 2054 468; x_wconf 88' lang='lat' dir='ltr'><strong>Ignatiuscognomento</strong></span> 
     </span>
    </p>
   </div>
   <div class='ocr_carea' id='block_1_5' title="bbox 2191 389 3824 475">
    <p class='ocr_par' dir='ltr' id='par_1_5' title="bbox 2191 395 3824 475">
     <span class='ocr_line' id='line_1_5' title="bbox 2191 395 3824 475; baseline 0.002 -25"><span class='ocrx_word' id='word_1_11' title='bbox 2191 395 2264 450; x_wconf 80' lang='grc' dir='ltr'>ιαὶ</span> <span class='ocrx_word' id='word_1_12' title='bbox 2323 397 2582 470; x_wconf 80' lang='grc' dir='ltr'><strong>Ἰγνάτιος</strong></span> <span class='ocrx_word' id='word_1_13' title='bbox 2641 397 2670 451; x_wconf 99' lang='lat'><strong>6</strong></span> <span class='ocrx_word' id='word_1_14' title='bbox 2730 399 3005 475; x_wconf 68' lang='grc' dir='ltr'>Θεοφόρος</span> <span class='ocrx_word' id='word_1_15' title='bbox 3059 395 3464 472; x_wconf 69' lang='grc' dir='ltr'>ἐμαρτύρησαν,</span> <span class='ocrx_word' id='word_1_16' title='bbox 3523 399 3613 454; x_wconf 78' lang='grc' dir='ltr'>καὶ</span> <span class='ocrx_word' id='word_1_17' title='bbox 3665 401 3824 455; x_wconf 79' lang='grc' dir='ltr'>Βασι-</span> 
     </span>
    </p>
   </div>
   <div class='ocr_carea' id='block_1_6' title="bbox 418 477 2061 556">
    <p class='ocr_par' dir='ltr' id='par_1_6' title="bbox 418 477 2061 556">
     <span class='ocr_line' id='line_1_6' title="bbox 418 477 2061 556; baseline 0.006 -22"><span class='ocrx_word' id='word_1_18' title='bbox 418 477 799 549; x_wconf 86' lang='lat' dir='ltr'><strong>Theopborus</strong></span> <span class='ocrx_word' id='word_1_19' title='bbox 833 480 1104 552; x_wconf 76' lang='lat' dir='ltr'><strong>martyrio</strong></span> <span class='ocrx_word' id='word_1_20' title='bbox 1133 477 1310 537; x_wconf 89' lang='lat' dir='ltr'><strong>vitam</strong></span> <span class='ocrx_word' id='word_1_21' title='bbox 1331 498 1596 553; x_wconf 89' lang='lat' dir='ltr'><strong>posuere.</strong></span> <span class='ocrx_word' id='word_1_22' title='bbox 1626 483 1930 556; x_wconf 80' lang='lat' dir='ltr'><strong>Basilides,</strong></span> <span class='ocrx_word' id='word_1_23' title='bbox 1965 485 2061 544; x_wconf 88' lang='lat' dir='ltr'><strong>Ce-</strong></span> 
     </span>
    </p>
   </div>
   <div class='ocr_carea' id='block_1_7' title="bbox 416 567 2057 644">
    <p class='ocr_par' dir='ltr' id='par_1_7' title="bbox 416 567 2057 644">
     <span class='ocr_line' id='line_1_7' title="bbox 416 567 2057 644; baseline 0.006 -22"><span class='ocrx_word' id='word_1_24' title='bbox 416 567 970 639; x_wconf 84' lang='lat' dir='ltr'><strong>rinthus,Nicolaus,</strong></span> <span class='ocrx_word' id='word_1_25' title='bbox 1004 571 1744 644; x_wconf 54' lang='lat' dir='ltr'><strong>Ebionaaus,bzsresiarchaa</strong></span> <span class='ocrx_word' id='word_1_26' title='bbox 1766 578 1822 632; x_wconf 89' lang='lat' dir='ltr'><strong>et</strong></span> <span class='ocrx_word' id='word_1_27' title='bbox 1850 575 2057 633; x_wconf 87' lang='lat' dir='ltr'><strong>verita-</strong></span> 
     </span>
    </p>
   </div>
   <div class='ocr_carea' id='block_1_8' title="bbox 422 657 1038 715">
    <p class='ocr_par' dir='ltr' id='par_1_8' title="bbox 422 657 1038 715">
     <span class='ocr_line' id='line_1_8' title="bbox 422 657 1038 715; baseline 0.005 -4"><span class='ocrx_word' id='word_1_28' title='bbox 422 657 495 713; x_wconf 89' lang='lat' dir='ltr'><strong>tis</strong></span> <span class='ocrx_word' id='word_1_29' title='bbox 527 657 719 714; x_wconf 84' lang='lat' dir='ltr'><strong>hostes</strong></span> <span class='ocrx_word' id='word_1_30' title='bbox 749 659 1038 715; x_wconf 80' lang='lat' dir='ltr'><strong>vivebant.</strong></span> 
     </span>
    </p>
   </div>
   <div class='ocr_carea' id='block_1_9' title="bbox 487 747 2062 828">
    <p class='ocr_par' dir='ltr' id='par_1_9' title="bbox 487 747 2062 828">
     <span class='ocr_line' id='line_1_9' title="bbox 487 747 2062 828; baseline 0.01 -30"><span class='ocrx_word' id='word_1_31' title='bbox 487 747 735 818; x_wconf 86' lang='lat' dir='ltr'><strong>Trajano</strong></span> <span class='ocrx_word' id='word_1_32' title='bbox 767 748 826 804; x_wconf 93' lang='lat' dir='ltr'><strong>in</strong></span> <span class='ocrx_word' id='word_1_33' title='bbox 860 748 1106 820; x_wconf 91' lang='lat' dir='ltr'><strong>imperio</strong></span> <span class='ocrx_word' id='word_1_34' title='bbox 1162 751 1448 808; x_wconf 82' lang='lat' dir='ltr'><strong>successit</strong></span> <span class='ocrx_word' id='word_1_35' title='bbox 1495 753 1810 824; x_wconf 83' lang='lat' dir='ltr'><strong>Adrianus,</strong></span> <span class='ocrx_word' id='word_1_36' title='bbox 1847 754 1947 828; x_wconf 91' lang='lat' dir='ltr'><strong>qui</strong></span> <span class='ocrx_word' id='word_1_37' title='bbox 2003 759 2062 813; x_wconf 90' lang='lat' dir='ltr'><strong>et</strong></span> 
     </span>
    </p>
   </div>
   <div class='ocr_carea' id='block_1_10' title="bbox 425 835 2062 917">
    <p class='ocr_par' dir='ltr' id='par_1_10' title="bbox 425 835 2062 917">
     <span class='ocr_line' id='line_1_10' title="bbox 425 835 2062 917; baseline 0.007 -27"><span class='ocrx_word' id='word_1_38' title='bbox 425 835 627 901; x_wconf 64' lang='lat' dir='ltr'><strong>Elius,</strong></span> <span class='ocrx_word' id='word_1_39' title='bbox 657 835 1086 910; x_wconf 87' lang='lat' dir='ltr'><strong>imperavitque</strong></span> <span class='ocrx_word' id='word_1_40' title='bbox 1117 856 1302 896; x_wconf 88' lang='lat' dir='ltr'><strong>annos</strong></span> <span class='ocrx_word' id='word_1_41' title='bbox 1331 841 1538 915; x_wconf 76' lang='lat' dir='ltr'><strong>viginti</strong></span> <span class='ocrx_word' id='word_1_42' title='bbox 1590 846 1862 915; x_wconf 82' lang='lat' dir='ltr'><strong>quatuor.</strong></span> <span class='ocrx_word' id='word_1_43' title='bbox 1895 849 2062 917; x_wconf 85' lang='lat' dir='ltr'><strong>Aqua</strong></span> 
     </span>
    </p>
   </div>
   <div class='ocr_carea' id='block_1_11' title="bbox 419 926 2062 1004">
    <p class='ocr_par' dir='ltr' id='par_1_11' title="bbox 419 926 2062 1004">
     <span class='ocr_line' id='line_1_11' title="bbox 419 926 2062 1004; baseline 0.005 -22"><span class='ocrx_word' id='word_1_44' title='bbox 419 926 705 982; x_wconf 89' lang='lat' dir='ltr'><strong>intercute</strong></span> <span class='ocrx_word' id='word_1_45' title='bbox 734 928 1060 985; x_wconf 79' lang='lat' dir='ltr'><strong>exstinctus</strong></span> <span class='ocrx_word' id='word_1_46' title='bbox 1081 933 1190 986; x_wconf 89' lang='lat' dir='ltr'><strong>est.</strong></span> <span class='ocrx_word' id='word_1_47' title='bbox 1224 931 1531 1004; x_wconf 86' lang='lat' dir='ltr'><strong>Templum</strong></span> <span class='ocrx_word' id='word_1_48' title='bbox 1565 933 1752 1004; x_wconf 82' lang='lat' dir='ltr'><strong>Cyzici</strong></span> <span class='ocrx_word' id='word_1_49' title='bbox 1773 935 2062 992; x_wconf 82' lang='lat' dir='ltr'><strong>exstruxit</strong></span> 
     </span>
    </p>
   </div>
   <div class='ocr_carea' id='block_1_12' title="bbox 415 1016 2058 1094">
    <p class='ocr_par' dir='ltr' id='par_1_12' title="bbox 415 1016 2058 1094">
     <span class='ocr_line' id='line_1_12' title="bbox 415 1016 2058 1094; baseline 0.007 -24"><span class='ocrx_word' id='word_1_50' title='bbox 415 1019 474 1071; x_wconf 85' lang='lat' dir='ltr'><strong>et</strong></span> <span class='ocrx_word' id='word_1_51' title='bbox 504 1016 708 1071; x_wconf 80' lang='lat' dir='ltr'><strong>urbem</strong></span> <span class='ocrx_word' id='word_1_52' title='bbox 748 1016 807 1072; x_wconf 90' lang='lat' dir='ltr'><strong>in</strong></span> <span class='ocrx_word' id='word_1_53' title='bbox 841 1017 1091 1075; x_wconf 87' lang='lat' dir='ltr'><strong>Thracia</strong></span> <span class='ocrx_word' id='word_1_54' title='bbox 1121 1019 1582 1094; x_wconf 84' lang='lat' dir='ltr'><strong>Adrianopolim.</strong></span> <span class='ocrx_word' id='word_1_55' title='bbox 1608 1023 1728 1080; x_wconf 92' lang='lat' dir='ltr'><strong>Sub</strong></span> <span class='ocrx_word' id='word_1_56' title='bbox 1759 1041 1826 1082; x_wconf 86' lang='lat' dir='ltr'><strong>eo</strong></span> <span class='ocrx_word' id='word_1_57' title='bbox 1858 1025 2058 1094; x_wconf 89' lang='lat' dir='ltr'><strong>Cerdo,</strong></span> 
     </span>
    </p>
   </div>
   <div class='ocr_carea' id='block_1_13' title="bbox 418 1104 2060 1188">
    <p class='ocr_par' dir='ltr' id='par_1_13' title="bbox 418 1104 2060 1188">
     <span class='ocr_line' id='line_1_13' title="bbox 418 1104 2060 1188; baseline 0.008 -29"><span class='ocrx_word' id='word_1_58' title='bbox 418 1104 784 1174; x_wconf 86' lang='lat' dir='ltr'><strong>Valentinus,</strong></span> <span class='ocrx_word' id='word_1_59' title='bbox 817 1108 1057 1178; x_wconf 86' lang='lat' dir='ltr'><strong>Marcio,</strong></span> <span class='ocrx_word' id='word_1_60' title='bbox 1085 1108 1420 1182; x_wconf 83' lang='lat' dir='ltr'><strong>Montanus,</strong></span> <span class='ocrx_word' id='word_1_61' title='bbox 1451 1113 1815 1186; x_wconf 90' lang='lat' dir='ltr'><strong>Satorninus,</strong></span> <span class='ocrx_word' id='word_1_62' title='bbox 1846 1118 2060 1188; x_wconf 89' lang='lat' dir='ltr'><strong>Carpo-</strong></span> 
     </span>
    </p>
   </div>
   <div class='ocr_carea' id='block_1_14' title="bbox 414 1197 1664 1272">
    <p class='ocr_par' dir='ltr' id='par_1_14' title="bbox 414 1197 1664 1272">
     <span class='ocr_line' id='line_1_14' title="bbox 414 1197 1664 1272; baseline 0.007 -21"><span class='ocrx_word' id='word_1_63' title='bbox 414 1200 601 1254; x_wconf 88' lang='lat' dir='ltr'><strong>crates</strong></span> <span class='ocrx_word' id='word_1_64' title='bbox 633 1197 1028 1256; x_wconf 72' lang='lat' dir='ltr'><strong>haeresiarchas</strong></span> <span class='ocrx_word' id='word_1_65' title='bbox 1061 1203 1118 1256; x_wconf 87' lang='lat' dir='ltr'><strong>et</strong></span> <span class='ocrx_word' id='word_1_66' title='bbox 1135 1201 1346 1272; x_wconf 87' lang='lat' dir='ltr'><strong>Aquila</strong></span> <span class='ocrx_word' id='word_1_67' title='bbox 1374 1201 1664 1260; x_wconf 86' lang='lat' dir='ltr'><strong>vivebant.</strong></span> 
     </span>
    </p>
   </div>
   <div class='ocr_carea' id='block_1_15' title="bbox 485 1382 2055 1462">
    <p class='ocr_par' dir='ltr' id='par_1_15' title="bbox 485 1382 2055 1462">
     <span class='ocr_line' id='line_1_15' title="bbox 485 1382 2055 1462; baseline 0.006 -25"><span class='ocrx_word' id='word_1_68' title='bbox 485 1382 779 1438; x_wconf 87' lang='lat' dir='ltr'><strong>Exstincto</strong></span> <span class='ocrx_word' id='word_1_69' title='bbox 809 1383 1066 1442; x_wconf 83' lang='lat' dir='ltr'><strong>Adriano</strong></span> <span class='ocrx_word' id='word_1_70' title='bbox 1097 1385 1168 1440; x_wconf 87' lang='lat' dir='ltr'><strong>ad</strong></span> <span class='ocrx_word' id='word_1_71' title='bbox 1202 1385 1564 1443; x_wconf 86' lang='lat' dir='ltr'><strong>Antoninum</strong></span> <span class='ocrx_word' id='word_1_72' title='bbox 1612 1388 1926 1462; x_wconf 89' lang='lat' dir='ltr'><strong>imperium</strong></span> <span class='ocrx_word' id='word_1_73' title='bbox 1960 1391 2055 1446; x_wconf 82' lang='lat' dir='ltr'><strong>de~</strong></span> 
     </span>
    </p>
   </div>
   <div class='ocr_carea' id='block_1_16' title="bbox 418 1471 2060 1552">
    <p class='ocr_par' dir='ltr' id='par_1_16' title="bbox 418 1471 2060 1552">
     <span class='ocr_line' id='line_1_16' title="bbox 418 1471 2060 1552; baseline 0.006 -25"><span class='ocrx_word' id='word_1_74' title='bbox 418 1471 688 1528; x_wconf 87' lang='lat' dir='ltr'><strong>volutum</strong></span> <span class='ocrx_word' id='word_1_75' title='bbox 720 1476 832 1541; x_wconf 89' lang='lat' dir='ltr'><strong>est,</strong></span> <span class='ocrx_word' id='word_1_76' title='bbox 867 1473 1020 1546; x_wconf 93' lang='lat' dir='ltr'><strong>quod</strong></span> <span class='ocrx_word' id='word_1_77' title='bbox 1053 1474 1202 1532; x_wconf 84' lang='lat' dir='ltr'><strong>rexit</strong></span> <span class='ocrx_word' id='word_1_78' title='bbox 1231 1492 1416 1533; x_wconf 87' lang='lat' dir='ltr'><strong>annos</strong></span> <span class='ocrx_word' id='word_1_79' title='bbox 1446 1477 1654 1550; x_wconf 84' lang='lat' dir='ltr'><strong>viginti</strong></span> <span class='ocrx_word' id='word_1_80' title='bbox 1699 1479 1869 1536; x_wconf 89' lang='lat' dir='ltr'><strong>duos.</strong></span> <span class='ocrx_word' id='word_1_81' title='bbox 1918 1481 2060 1552; x_wconf 85' lang='lat' dir='ltr'><strong>Ejus</strong></span> 
     </span>
    </p>
   </div>
   <div class='ocr_carea' id='block_1_17' title="bbox 417 1559 2056 1642">
    <p class='ocr_par' dir='ltr' id='par_1_17' title="bbox 417 1559 2056 1642">
     <span class='ocr_line' id='line_1_17' title="bbox 417 1559 2056 1642; baseline 0.007 -26"><span class='ocrx_word' id='word_1_82' title='bbox 417 1559 664 1633; x_wconf 90' lang='lat' dir='ltr'><strong>imperio</strong></span> <span class='ocrx_word' id='word_1_83' title='bbox 681 1561 1032 1635; x_wconf 84' lang='lat' dir='ltr'><strong>Polycarpus</strong></span> <span class='ocrx_word' id='word_1_84' title='bbox 1064 1563 1310 1622; x_wconf 88' lang='lat' dir='ltr'><strong>Joannis</strong></span> <span class='ocrx_word' id='word_1_85' title='bbox 1329 1566 1696 1639; x_wconf 63' lang='lat' dir='ltr'><strong>evangelista;</strong></span> <span class='ocrx_word' id='word_1_86' title='bbox 1708 1568 2056 1642; x_wconf 89' lang='lat' dir='ltr'><strong>discipulus,</strong></span> 
     </span>
    </p>
   </div>
   <div class='ocr_carea' id='block_1_18' title="bbox 418 1649 2056 1731">
    <p class='ocr_par' dir='ltr' id='par_1_18' title="bbox 418 1649 2056 1731">
     <span class='ocr_line' id='line_1_18' title="bbox 418 1649 2056 1731; baseline 0.005 -26"><span class='ocrx_word' id='word_1_87' title='bbox 418 1649 692 1707; x_wconf 86' lang='lat' dir='ltr'><strong>Justinus</strong></span> <span class='ocrx_word' id='word_1_88' title='bbox 713 1651 1099 1724; x_wconf 82' lang='lat' dir='ltr'><strong>philosophus</strong></span> <span class='ocrx_word' id='word_1_89' title='bbox 1123 1657 1180 1710; x_wconf 88' lang='lat' dir='ltr'><strong>et</strong></span> <span class='ocrx_word' id='word_1_90' title='bbox 1205 1653 1508 1728; x_wconf 77' lang='lat' dir='ltr'><strong>Dionysius</strong></span> <span class='ocrx_word' id='word_1_91' title='bbox 1532 1656 2056 1731; x_wconf 88' lang='lat' dir='ltr'><strong>episcopusCorin-</strong></span> 
     </span>
    </p>
   </div>
   <div class='ocr_carea' id='block_1_19' title="bbox 416 1738 2136 1838">
    <p class='ocr_par' dir='ltr' id='par_1_19' title="bbox 416 1738 2136 1838">
     <span class='ocr_line' id='line_1_19' title="bbox 416 1738 2136 1838; baseline 0.006 -43"><span class='ocrx_word' id='word_1_92' title='bbox 416 1738 503 1838; x_wconf 73' lang='lat' dir='ltr'><strong>tbi</strong></span> <span class='ocrx_word' id='word_1_93' title='bbox 537 1745 782 1796; x_wconf 88' lang='lat' dir='ltr'><strong>mortem</strong></span> <span class='ocrx_word' id='word_1_94' title='bbox 815 1756 920 1812; x_wconf 90' lang='lat' dir='ltr'><strong>pro</strong></span> <span class='ocrx_word' id='word_1_95' title='bbox 965 1741 1194 1799; x_wconf 89' lang='lat' dir='ltr'><strong>Christo</strong></span> <span class='ocrx_word' id='word_1_96' title='bbox 1225 1743 1440 1802; x_wconf 86' lang='lat' dir='ltr'><strong>obiere.</strong></span> <span class='ocrx_word' id='word_1_97' title='bbox 1473 1746 1636 1802; x_wconf 90' lang='lat' dir='ltr'><strong>Tunc</strong></span> <span class='ocrx_word' id='word_1_98' title='bbox 1683 1762 1912 1838; x_wconf 84' lang='lat' dir='ltr'><strong>quoque</strong></span> <span class='ocrx_word' id='word_1_99' title='bbox 1942 1749 2052 1805; x_wconf 85' lang='lat' dir='ltr'><strong>Ta-</strong></span> <span class='ocrx_word' id='word_1_100' title='bbox 2087 1772 2136 1838; x_wconf 76' lang='grc' dir='ltr'>Β</span> 
     </span>
    </p>
   </div>
   <div class='ocr_carea' id='block_1_20' title="bbox 412 1827 2057 1903">
    <p class='ocr_par' dir='ltr' id='par_1_20' title="bbox 412 1827 2057 1903">
     <span class='ocr_line' id='line_1_20' title="bbox 412 1827 2057 1903; baseline 0.008 -21"><span class='ocrx_word' id='word_1_101' title='bbox 412 1827 608 1892; x_wconf 58' lang='lat' dir='ltr'><strong>{ianus</strong></span> <span class='ocrx_word' id='word_1_102' title='bbox 647 1833 704 1886; x_wconf 88' lang='lat' dir='ltr'><strong>et</strong></span> <span class='ocrx_word' id='word_1_103' title='bbox 731 1831 1089 1890; x_wconf 82' lang='lat' dir='ltr'><strong>Bardesanes</strong></span> <span class='ocrx_word' id='word_1_104' title='bbox 1145 1833 1568 1903; x_wconf 70' lang='lat' dir='ltr'><strong>haeresiarchas,</strong></span> <span class='ocrx_word' id='word_1_105' title='bbox 1600 1841 1655 1892; x_wconf 90' lang='lat' dir='ltr'><strong>et</strong></span> <span class='ocrx_word' id='word_1_106' title='bbox 1705 1837 1969 1894; x_wconf 85' lang='lat' dir='ltr'><strong>Priscilla</strong></span> <span class='ocrx_word' id='word_1_107' title='bbox 1999 1843 2057 1895; x_wconf 88' lang='lat' dir='ltr'><strong>et</strong></span> 
     </span>
    </p>
   </div>
   <div class='ocr_carea' id='block_1_21' title="bbox 410 1917 2056 1996">
    <p class='ocr_par' dir='ltr' id='par_1_21' title="bbox 410 1917 2056 1996">
     <span class='ocr_line' id='line_1_21' title="bbox 410 1917 2056 1996; baseline 0.007 -21"><span class='ocrx_word' id='word_1_108' title='bbox 410 1917 726 1976; x_wconf 83' lang='lat' dir='ltr'><strong>Maximilla</strong></span> <span class='ocrx_word' id='word_1_109' title='bbox 744 1935 812 1976; x_wconf 88' lang='lat' dir='ltr'><strong>ex</strong></span> <span class='ocrx_word' id='word_1_110' title='bbox 831 1921 1328 1996; x_wconf 79' lang='lat' dir='ltr'><strong>Catapbrygarum</strong></span> <span class='ocrx_word' id='word_1_111' title='bbox 1351 1930 1512 1983; x_wconf 86' lang='lat' dir='ltr'><strong>secta</strong></span> <span class='ocrx_word' id='word_1_112' title='bbox 1533 1925 1780 1983; x_wconf 64' lang='lat' dir='ltr'><strong>fatidica</strong></span> <span class='ocrx_word' id='word_1_113' title='bbox 1801 1926 2056 1986; x_wconf 88' lang='lat' dir='ltr'><strong>celebres</strong></span> 
     </span>
    </p>
   </div>
   <div class='ocr_carea' id='block_1_22' title="bbox 411 2007 805 2068">
    <p class='ocr_par' dir='ltr' id='par_1_22' title="bbox 411 2007 805 2068">
     <span class='ocr_line' id='line_1_22' title="bbox 411 2007 805 2068; baseline 0.013 -6"><span class='ocrx_word' id='word_1_114' title='bbox 411 2007 805 2068; x_wconf 88' lang='lat' dir='ltr'><strong>habebantur.</strong></span> 
     </span>
    </p>
   </div>
   <div class='ocr_carea' id='block_1_23' title="bbox 485 2099 2059 2178">
    <p class='ocr_par' dir='ltr' id='par_1_23' title="bbox 485 2099 2059 2178">
     <span class='ocr_line' id='line_1_23' title="bbox 485 2099 2059 2178; baseline 0.008 -25"><span class='ocrx_word' id='word_1_115' title='bbox 485 2099 774 2156; x_wconf 81' lang='lat' dir='ltr'><strong>Antonino</strong></span> <span class='ocrx_word' id='word_1_116' title='bbox 790 2101 1073 2160; x_wconf 84' lang='lat' dir='ltr'><strong>successit</strong></span> <span class='ocrx_word' id='word_1_117' title='bbox 1087 2103 1313 2161; x_wconf 84' lang='lat' dir='ltr'><strong>Marcus</strong></span> <span class='ocrx_word' id='word_1_118' title='bbox 1328 2105 1486 2164; x_wconf 84' lang='lat' dir='ltr'><strong>ﬁlius</strong></span> <span class='ocrx_word' id='word_1_119' title='bbox 1507 2121 1520 2162; x_wconf 93' lang='lat'><strong>:</strong></span> <span class='ocrx_word' id='word_1_120' title='bbox 1535 2105 1849 2178; x_wconf 89' lang='lat' dir='ltr'><strong>imperium</strong></span> <span class='ocrx_word' id='word_1_121' title='bbox 1869 2109 2059 2166; x_wconf 85' lang='lat' dir='ltr'><strong>tenuit</strong></span> 
     </span>
    </p>
   </div>
   <div class='ocr_carea' id='block_1_24' title="bbox 414 2190 2056 2264">
    <p class='ocr_par' dir='ltr' id='par_1_24' title="bbox 414 2190 2056 2264">
     <span class='ocr_line' id='line_1_24' title="bbox 414 2190 2056 2264; baseline 0.007 -20"><span class='ocrx_word' id='word_1_122' title='bbox 414 2205 604 2249; x_wconf 87' lang='lat' dir='ltr'><strong>annos</strong></span> <span class='ocrx_word' id='word_1_123' title='bbox 635 2190 930 2248; x_wconf 84' lang='lat' dir='ltr'><strong>undecim.</strong></span> <span class='ocrx_word' id='word_1_124' title='bbox 952 2192 1072 2249; x_wconf 89' lang='lat' dir='ltr'><strong>Sub</strong></span> <span class='ocrx_word' id='word_1_125' title='bbox 1093 2210 1160 2250; x_wconf 90' lang='lat' dir='ltr'><strong>eo</strong></span> <span class='ocrx_word' id='word_1_126' title='bbox 1191 2193 1344 2264; x_wconf 81' lang='lat' dir='ltr'><strong>ignis</strong></span> <span class='ocrx_word' id='word_1_127' title='bbox 1371 2197 1512 2252; x_wconf 74' lang='lat' dir='ltr'><strong>cmlo</strong></span> <span class='ocrx_word' id='word_1_128' title='bbox 1541 2197 1612 2252; x_wconf 90' lang='lat' dir='ltr'><strong>ab</strong></span> <span class='ocrx_word' id='word_1_129' title='bbox 1636 2213 1842 2254; x_wconf 87' lang='lat' dir='ltr'><strong>occasu</strong></span> <span class='ocrx_word' id='word_1_130' title='bbox 1867 2201 1938 2254; x_wconf 85' lang='lat' dir='ltr'><strong>ad</strong></span> <span class='ocrx_word' id='word_1_131' title='bbox 1964 2217 2056 2255; x_wconf 88' lang='lat' dir='ltr'><strong>or-</strong></span> 
     </span>
    </p>
   </div>
   <div class='ocr_carea' id='block_1_25' title="bbox 415 2279 1548 2356">
    <p class='ocr_par' dir='ltr' id='par_1_25' title="bbox 415 2279 1548 2356">
     <span class='ocr_line' id='line_1_25' title="bbox 415 2279 1548 2356; baseline 0.007 -21"><span class='ocrx_word' id='word_1_132' title='bbox 415 2283 540 2335; x_wconf 92' lang='lat' dir='ltr'><strong>tum</strong></span> <span class='ocrx_word' id='word_1_133' title='bbox 571 2279 739 2352; x_wconf 86' lang='lat' dir='ltr'><strong>longe</strong></span> <span class='ocrx_word' id='word_1_134' title='bbox 769 2280 997 2353; x_wconf 86' lang='lat' dir='ltr'><strong>lateque</strong></span> <span class='ocrx_word' id='word_1_135' title='bbox 1021 2283 1219 2356; x_wconf 86' lang='lat' dir='ltr'><strong>vagari</strong></span> <span class='ocrx_word' id='word_1_136' title='bbox 1247 2284 1410 2342; x_wconf 88' lang='lat' dir='ltr'><strong>visus</strong></span> <span class='ocrx_word' id='word_1_137' title='bbox 1439 2291 1548 2343; x_wconf 88' lang='lat' dir='ltr'><strong>est.</strong></span> 
     </span>
    </p>
   </div>
   <div class='ocr_carea' id='block_1_26' title="bbox 488 2370 2059 2446">
    <p class='ocr_par' dir='ltr' id='par_1_26' title="bbox 488 2370 2059 2446">
     <span class='ocr_line' id='line_1_26' title="bbox 488 2370 2059 2446; baseline 0.007 -21"><span class='ocrx_word' id='word_1_138' title='bbox 488 2371 581 2425; x_wconf 76' lang='lat'><strong>8‘!</strong></span> <span class='ocrx_word' id='word_1_139' title='bbox 622 2370 755 2428; x_wconf 88' lang='lat' dir='ltr'><strong>Post</strong></span> <span class='ocrx_word' id='word_1_140' title='bbox 793 2371 1054 2429; x_wconf 84' lang='lat' dir='ltr'><strong>Marcum</strong></span> <span class='ocrx_word' id='word_1_141' title='bbox 1103 2375 1415 2446; x_wconf 86' lang='lat' dir='ltr'><strong>imperium</strong></span> <span class='ocrx_word' id='word_1_142' title='bbox 1470 2376 1905 2436; x_wconf 83' lang='lat' dir='ltr'><strong>administravit</strong></span> <span class='ocrx_word' id='word_1_143' title='bbox 1957 2383 2059 2436; x_wconf 81' lang='lat' dir='ltr'><strong>Se-</strong></span> 
     </span>
    </p>
   </div>
   <div class='ocr_carea' id='block_1_27' title="bbox 415 2459 2058 2532">
    <p class='ocr_par' dir='ltr' id='par_1_27' title="bbox 415 2459 2058 2532">
     <span class='ocr_line' id='line_1_27' title="bbox 415 2459 2058 2532; baseline 0.007 -18"><span class='ocrx_word' id='word_1_144' title='bbox 415 2473 590 2516; x_wconf 85' lang='lat' dir='ltr'><strong>verus</strong></span> <span class='ocrx_word' id='word_1_145' title='bbox 621 2459 777 2517; x_wconf 84' lang='lat' dir='ltr'><strong>ﬁlius</strong></span> <span class='ocrx_word' id='word_1_146' title='bbox 801 2477 988 2520; x_wconf 90' lang='lat' dir='ltr'><strong>annos</strong></span> <span class='ocrx_word' id='word_1_147' title='bbox 1017 2469 1178 2532; x_wconf 88' lang='lat' dir='ltr'><strong>octo;</strong></span> <span class='ocrx_word' id='word_1_148' title='bbox 1207 2470 1264 2520; x_wconf 90' lang='lat' dir='ltr'><strong>et</strong></span> <span class='ocrx_word' id='word_1_149' title='bbox 1294 2465 1352 2522; x_wconf 91' lang='lat' dir='ltr'><strong>in</strong></span> <span class='ocrx_word' id='word_1_150' title='bbox 1397 2465 1739 2526; x_wconf 76' lang='lat' dir='ltr'><strong>Prosconeso</strong></span> <span class='ocrx_word' id='word_1_151' title='bbox 1771 2472 2058 2528; x_wconf 85' lang='lat' dir='ltr'><strong>mactatus</strong></span> 
     </span>
    </p>
   </div>
   <div class='ocr_carea' id='block_1_28' title="bbox 414 2549 654 2609">
    <p class='ocr_par' dir='ltr' id='par_1_28' title="bbox 414 2549 654 2609">
     <span class='ocr_line' id='line_1_28' title="bbox 414 2549 654 2609; baseline 0.013 -3"><span class='ocrx_word' id='word_1_152' title='bbox 414 2549 654 2609; x_wconf 88' lang='lat' dir='ltr'><strong>interiit.</strong></span> 
     </span>
    </p>
   </div>
   <div class='ocr_carea' id='block_1_29' title="bbox 487 2640 2058 2716">
    <p class='ocr_par' dir='ltr' id='par_1_29' title="bbox 487 2640 2058 2716">
     <span class='ocr_line' id='line_1_29' title="bbox 487 2640 2058 2716; baseline 0.006 -19"><span class='ocrx_word' id='word_1_153' title='bbox 487 2640 618 2698; x_wconf 84' lang='lat' dir='ltr'><strong>Post</strong></span> <span class='ocrx_word' id='word_1_154' title='bbox 647 2641 920 2698; x_wconf 86' lang='lat' dir='ltr'><strong>Severum</strong></span> <span class='ocrx_word' id='word_1_155' title='bbox 965 2646 1166 2716; x_wconf 85' lang='lat' dir='ltr'><strong>regnat</strong></span> <span class='ocrx_word' id='word_1_156' title='bbox 1221 2645 1580 2704; x_wconf 89' lang='lat' dir='ltr'><strong>Commodus</strong></span> <span class='ocrx_word' id='word_1_157' title='bbox 1638 2648 1816 2706; x_wconf 83' lang='lat' dir='ltr'><strong>frater</strong></span> <span class='ocrx_word' id='word_1_158' title='bbox 1872 2666 2058 2708; x_wconf 85' lang='lat' dir='ltr'><strong>annos</strong></span> 
     </span>
    </p>
   </div>
   <div class='ocr_carea' id='block_1_30' title="bbox 417 2729 2058 2809">
    <p class='ocr_par' dir='ltr' id='par_1_30' title="bbox 417 2729 2058 2809">
     <span class='ocr_line' id='line_1_30' title="bbox 417 2729 2058 2809; baseline 0.006 -23"><span class='ocrx_word' id='word_1_159' title='bbox 417 2729 750 2788; x_wconf 89' lang='lat' dir='ltr'><strong>duodecim.</strong></span> <span class='ocrx_word' id='word_1_160' title='bbox 785 2731 889 2788; x_wconf 88' lang='lat' dir='ltr'><strong>Hic</strong></span> <span class='ocrx_word' id='word_1_161' title='bbox 919 2732 1229 2804; x_wconf 80' lang='lat' dir='ltr'><strong>sanguinis</strong></span> <span class='ocrx_word' id='word_1_162' title='bbox 1278 2735 1530 2809; x_wconf 89' lang='lat' dir='ltr'><strong>bilisque</strong></span> <span class='ocrx_word' id='word_1_163' title='bbox 1594 2739 1917 2796; x_wconf 81' lang='lat' dir='ltr'><strong>exoratione</strong></span> <span class='ocrx_word' id='word_1_164' title='bbox 1968 2755 2058 2796; x_wconf 90' lang='lat' dir='ltr'><strong>re-</strong></span> 
     </span>
    </p>
   </div>
   <div class='ocr_carea' id='block_1_31' title="bbox 419 2820 2058 2901">
    <p class='ocr_par' dir='ltr' id='par_1_31' title="bbox 419 2820 2058 2901">
     <span class='ocr_line' id='line_1_31' title="bbox 419 2820 2058 2901; baseline 0.006 -25"><span class='ocrx_word' id='word_1_165' title='bbox 419 2820 658 2892; x_wconf 89' lang='lat' dir='ltr'><strong>pentine</strong></span> <span class='ocrx_word' id='word_1_166' title='bbox 687 2820 922 2878; x_wconf 89' lang='lat' dir='ltr'><strong>occidit.</strong></span> <span class='ocrx_word' id='word_1_167' title='bbox 952 2822 1071 2878; x_wconf 86' lang='lat' dir='ltr'><strong>Sub</strong></span> <span class='ocrx_word' id='word_1_168' title='bbox 1102 2822 1160 2878; x_wconf 89' lang='lat' dir='ltr'><strong>id</strong></span> <span class='ocrx_word' id='word_1_169' title='bbox 1219 2826 1507 2898; x_wconf 88' lang='lat' dir='ltr'><strong>temporis</strong></span> <span class='ocrx_word' id='word_1_170' title='bbox 1563 2827 1924 2900; x_wconf 87' lang='lat' dir='ltr'><strong>Theodotus,</strong></span> <span class='ocrx_word' id='word_1_171' title='bbox 1958 2829 2058 2901; x_wconf 90' lang='lat' dir='ltr'><strong>qui</strong></span> 
     </span>
    </p>
   </div>
   <div class='ocr_carea' id='block_1_32' title="bbox 419 2908 2059 2982">
    <p class='ocr_par' dir='ltr' id='par_1_32' title="bbox 419 2908 2059 2982">
     <span class='ocr_line' id='line_1_32' title="bbox 419 2908 2059 2982; baseline 0.009 -18"><span class='ocrx_word' id='word_1_172' title='bbox 419 2908 647 2982; x_wconf 88' lang='lat' dir='ltr'><strong>primus</strong></span> <span class='ocrx_word' id='word_1_173' title='bbox 704 2909 867 2966; x_wconf 81' lang='lat' dir='ltr'><strong>Pauli</strong></span> <span class='ocrx_word' id='word_1_174' title='bbox 921 2914 1283 2970; x_wconf 86' lang='lat' dir='ltr'><strong>Samosateni</strong></span> <span class='ocrx_word' id='word_1_175' title='bbox 1341 2919 1400 2972; x_wconf 88' lang='lat' dir='ltr'><strong>et</strong></span> <span class='ocrx_word' id='word_1_176' title='bbox 1463 2917 1714 2974; x_wconf 88' lang='lat' dir='ltr'><strong>Nestorii</strong></span> <span class='ocrx_word' id='word_1_177' title='bbox 1761 2919 2059 2978; x_wconf 87' lang='lat' dir='ltr'><strong>erroribus</strong></span> 
     </span>
    </p>
   </div>
   <div class='ocr_carea' id='block_1_33' title="bbox 421 2999 1859 3077">
    <p class='ocr_par' dir='ltr' id='par_1_33' title="bbox 421 2999 1859 3077">
     <span class='ocr_line' id='line_1_33' title="bbox 421 2999 1859 3077; baseline 0.005 -21"><span class='ocrx_word' id='word_1_178' title='bbox 421 2999 645 3058; x_wconf 84' lang='lat' dir='ltr'><strong>semina</strong></span> <span class='ocrx_word' id='word_1_179' title='bbox 677 3000 858 3067; x_wconf 89' lang='lat' dir='ltr'><strong>dedit,</strong></span> <span class='ocrx_word' id='word_1_180' title='bbox 891 3003 949 3056; x_wconf 90' lang='lat' dir='ltr'><strong>et</strong></span> <span class='ocrx_word' id='word_1_181' title='bbox 979 3000 1301 3058; x_wconf 86' lang='lat' dir='ltr'><strong>Tbeodotio</strong></span> <span class='ocrx_word' id='word_1_182' title='bbox 1333 3007 1859 3077; x_wconf 86' lang='lat' dir='ltr'><strong>cognoscebantur.</strong></span> 
     </span>
    </p>
   </div>
   <div class='ocr_carea' id='block_1_34' title="bbox 2171 481 3828 560">
    <p class='ocr_par' dir='ltr' id='par_1_34' title="bbox 2171 481 3828 560">
     <span class='ocr_line' id='line_1_34' title="bbox 2171 481 3828 560; baseline 0.002 -22"><span class='ocrx_word' id='word_1_183' title='bbox 2171 481 2337 556; x_wconf 82' lang='grc' dir='ltr'>λίδης</span> <span class='ocrx_word' id='word_1_184' title='bbox 2395 485 2487 539; x_wconf 84' lang='grc' dir='ltr'>καὶ</span> <span class='ocrx_word' id='word_1_185' title='bbox 2545 486 2814 560; x_wconf 77' lang='grc' dir='ltr'>Κήρινθος</span> <span class='ocrx_word' id='word_1_186' title='bbox 2879 485 2970 542; x_wconf 84' lang='grc' dir='ltr'>καὶ</span> <span class='ocrx_word' id='word_1_187' title='bbox 3025 485 3295 548; x_wconf 81' lang='grc' dir='ltr'><strong>Νικόλαος</strong></span> <span class='ocrx_word' id='word_1_188' title='bbox 3351 486 3439 541; x_wconf 79' lang='grc' dir='ltr'>καὶ</span> <span class='ocrx_word' id='word_1_189' title='bbox 3507 481 3828 553; x_wconf 77' lang='grc' dir='ltr'>Ἐϐιωναῖος</span> 
     </span>
    </p>
   </div>
   <div class='ocr_carea' id='block_1_35' title="bbox 2170 573 3823 652">
    <p class='ocr_par' dir='ltr' id='par_1_35' title="bbox 2170 573 3823 652">
     <span class='ocr_line' id='line_1_35' title="bbox 2170 573 3823 652; baseline 0.002 -25"><span class='ocrx_word' id='word_1_190' title='bbox 2170 573 2223 627; x_wconf 76' lang='grc' dir='ltr'><strong>οἱ</strong></span> <span class='ocrx_word' id='word_1_191' title='bbox 2285 573 2635 650; x_wconf 72' lang='grc' dir='ltr'>αἱρεσιάρχαι</span> <span class='ocrx_word' id='word_1_192' title='bbox 2717 576 2804 631; x_wconf 84' lang='grc' dir='ltr'>καὶ</span> <span class='ocrx_word' id='word_1_193' title='bbox 2884 573 3074 652; x_wconf 70' lang='grc' dir='ltr'>ἐχθροὶ</span> <span class='ocrx_word' id='word_1_194' title='bbox 3149 583 3249 645; x_wconf 71' lang='grc' dir='ltr'>τῆς</span> <span class='ocrx_word' id='word_1_195' title='bbox 3324 574 3584 646; x_wconf 74' lang='grc' dir='ltr'>ἀληθείας</span> <span class='ocrx_word' id='word_1_196' title='bbox 3654 576 3823 652; x_wconf 84' lang='grc' dir='ltr'>ἐγνω-</span> 
     </span>
    </p>
   </div>
   <div class='ocr_carea' id='block_1_36' title="bbox 2173 661 2407 738">
    <p class='ocr_par' dir='ltr' id='par_1_36' title="bbox 2173 661 2407 738">
     <span class='ocr_line' id='line_1_36' title="bbox 2173 661 2407 738; baseline 0.017 -22"><span class='ocrx_word' id='word_1_197' title='bbox 2173 661 2407 738; x_wconf 86' lang='grc' dir='ltr'>ρίζοντο.</span> 
     </span>
    </p>
   </div>
   <div class='ocr_carea' id='block_1_37' title="bbox 2243 750 3820 830">
    <p class='ocr_par' dir='ltr' id='par_1_37' title="bbox 2243 750 3820 830">
     <span class='ocr_line' id='line_1_37' title="bbox 2243 750 3820 830; baseline 0 -20"><span class='ocrx_word' id='word_1_198' title='bbox 2243 753 2397 810; x_wconf 85' lang='grc' dir='ltr'><strong>Μετὰ</strong></span> <span class='ocrx_word' id='word_1_199' title='bbox 2454 751 2510 808; x_wconf 78' lang='grc' dir='ltr'><strong>δὲ</strong></span> <span class='ocrx_word' id='word_1_200' title='bbox 2566 755 2825 829; x_wconf 72' lang='grc' dir='ltr'>Τραϊανὸν</span> <span class='ocrx_word' id='word_1_201' title='bbox 2881 750 3223 811; x_wconf 84' lang='grc' dir='ltr'>ἐϐασίλευσεν</span> <span class='ocrx_word' id='word_1_202' title='bbox 3281 753 3563 830; x_wconf 74' lang='grc' dir='ltr'>Ἀδριανὸς</span> <span class='ocrx_word' id='word_1_203' title='bbox 3621 756 3681 818; x_wconf 75' lang='grc' dir='ltr'><strong>’ὸς</strong></span> <span class='ocrx_word' id='word_1_204' title='bbox 3732 757 3820 810; x_wconf 78' lang='grc' dir='ltr'>καὶ</span> 
     </span>
    </p>
   </div>
   <div class='ocr_carea' id='block_1_38' title="bbox 2169 838 3820 917">
    <p class='ocr_par' dir='ltr' id='par_1_38' title="bbox 2169 838 3820 917">
     <span class='ocr_line' id='line_1_38' title="bbox 2169 838 3820 917; baseline 0 -19"><span class='ocrx_word' id='word_1_205' title='bbox 2169 838 2368 904; x_wconf 74' lang='grc' dir='ltr'>Δί’λιος</span> <span class='ocrx_word' id='word_1_206' title='bbox 2423 839 2515 914; x_wconf 77' lang='grc' dir='ltr'>ἔτη</span> <span class='ocrx_word' id='word_1_207' title='bbox 2572 840 2673 914; x_wconf 84' lang='grc' dir='ltr'>κδ’,</span> <span class='ocrx_word' id='word_1_208' title='bbox 2728 843 2817 898; x_wconf 73' lang='grc' dir='ltr'><strong>καὶ</strong></span> <span class='ocrx_word' id='word_1_209' title='bbox 2881 841 3165 917; x_wconf 80' lang='grc' dir='ltr'>ὑδεριάσας</span> <span class='ocrx_word' id='word_1_210' title='bbox 3215 843 3490 908; x_wconf 81' lang='grc' dir='ltr'>ἀπέθανεν,</span> <span class='ocrx_word' id='word_1_211' title='bbox 3547 847 3646 906; x_wconf 72' lang='lat' dir='ltr'><strong>&quot;Oc;</strong></span> <span class='ocrx_word' id='word_1_212' title='bbox 3699 847 3820 900; x_wconf 71' lang='grc' dir='ltr'>ναὸν</span> 
     </span>
    </p>
   </div>
   <div class='ocr_carea' id='block_1_39' title="bbox 2169 929 3824 1012">
    <p class='ocr_par' dir='ltr' id='par_1_39' title="bbox 2169 929 3824 1012">
     <span class='ocr_line' id='line_1_39' title="bbox 2169 929 3824 1012; baseline 0.003 -26"><span class='ocrx_word' id='word_1_213' title='bbox 2169 929 2221 986; x_wconf 89' lang='grc' dir='ltr'><strong>ἐν</strong></span> <span class='ocrx_word' id='word_1_214' title='bbox 2255 931 2474 1006; x_wconf 82' lang='grc' dir='ltr'>Κυζίκῳ</span> <span class='ocrx_word' id='word_1_215' title='bbox 2522 934 2710 996; x_wconf 83' lang='grc' dir='ltr'><strong>κτίσας</strong></span> <span class='ocrx_word' id='word_1_216' title='bbox 2757 933 2850 989; x_wconf 81' lang='grc' dir='ltr'>καὶ</span> <span class='ocrx_word' id='word_1_217' title='bbox 2907 933 3071 989; x_wconf 87' lang='grc' dir='ltr'>πόλιν</span> <span class='ocrx_word' id='word_1_218' title='bbox 3125 935 3176 990; x_wconf 89' lang='grc' dir='ltr'><strong>ἐν</strong></span> <span class='ocrx_word' id='word_1_219' title='bbox 3230 939 3300 1009; x_wconf 81' lang='grc' dir='ltr'>τῇ</span> <span class='ocrx_word' id='word_1_220' title='bbox 3353 935 3532 1010; x_wconf 67' lang='grc' dir='ltr'><strong>Θρᾴκῃ</strong></span> <span class='ocrx_word' id='word_1_221' title='bbox 3597 934 3824 1012; x_wconf 79' lang='grc' dir='ltr'>Ἀδρια-</span> 
     </span>
    </p>
   </div>
   <div class='ocr_carea' id='block_1_40' title="bbox 2167 1019 3822 1100">
    <p class='ocr_par' dir='ltr' id='par_1_40' title="bbox 2167 1019 3822 1100">
     <span class='ocr_line' id='line_1_40' title="bbox 2167 1019 3822 1100; baseline 0.002 -24"><span class='ocrx_word' id='word_1_222' title='bbox 2167 1019 2430 1077; x_wconf 74' lang='grc' dir='ltr'>νοόπολιν</span> <span class='ocrx_word' id='word_1_223' title='bbox 2459 1019 2624 1092; x_wconf 76' lang='grc' dir='ltr'>αὐτὴν</span> <span class='ocrx_word' id='word_1_224' title='bbox 2671 1023 3134 1100; x_wconf 84' lang='grc' dir='ltr'>προσηγόρευσεν,</span> <span class='ocrx_word' id='word_1_225' title='bbox 3181 1025 3298 1100; x_wconf 80' lang='grc' dir='ltr'><strong>Ἐφ’</strong></span> <span class='ocrx_word' id='word_1_226' title='bbox 3349 1023 3411 1079; x_wconf 76' lang='grc' dir='ltr'>οὗ</span> <span class='ocrx_word' id='word_1_227' title='bbox 3463 1023 3681 1100; x_wconf 79' lang='grc' dir='ltr'>Κέρόων</span> <span class='ocrx_word' id='word_1_228' title='bbox 3731 1026 3822 1080; x_wconf 81' lang='grc' dir='ltr'>καὶ</span> 
     </span>
    </p>
   </div>
   <div class='ocr_carea' id='block_1_41' title="bbox 2172 1108 3822 1190">
    <p class='ocr_par' dir='ltr' id='par_1_41' title="bbox 2172 1108 3822 1190">
     <span class='ocr_line' id='line_1_41' title="bbox 2172 1108 3822 1190; baseline 0.001 -22"><span class='ocrx_word' id='word_1_229' title='bbox 2172 1108 2534 1176; x_wconf 82' lang='grc' dir='ltr'>Οὐαλεντῖνος</span> <span class='ocrx_word' id='word_1_230' title='bbox 2561 1111 2652 1167; x_wconf 80' lang='grc' dir='ltr'>καὶ</span> <span class='ocrx_word' id='word_1_231' title='bbox 2704 1113 2966 1188; x_wconf 79' lang='grc' dir='ltr'>Μαρκίων</span> <span class='ocrx_word' id='word_1_232' title='bbox 3017 1111 3108 1168; x_wconf 81' lang='grc' dir='ltr'>καὶ</span> <span class='ocrx_word' id='word_1_233' title='bbox 3157 1113 3436 1178; x_wconf 84' lang='grc' dir='ltr'>Μοντανὸς</span> <span class='ocrx_word' id='word_1_234' title='bbox 3479 1113 3568 1168; x_wconf 82' lang='grc' dir='ltr'>καὶ</span> <span class='ocrx_word' id='word_1_235' title='bbox 3618 1120 3822 1190; x_wconf 76' lang='grc' dir='ltr'>Σατορο</span> 
     </span>
    </p>
   </div>
   <div class='ocr_carea' id='block_1_42' title="bbox 2171 1199 3820 1280">
    <p class='ocr_par' dir='ltr' id='par_1_42' title="bbox 2171 1199 3820 1280">
     <span class='ocr_line' id='line_1_42' title="bbox 2171 1199 3820 1280; baseline 0.003 -26"><span class='ocrx_word' id='word_1_236' title='bbox 2171 1203 2320 1264; x_wconf 90' lang='grc' dir='ltr'>νῖνος</span> <span class='ocrx_word' id='word_1_237' title='bbox 2348 1199 2439 1256; x_wconf 86' lang='grc' dir='ltr'>καὶ</span> <span class='ocrx_word' id='word_1_238' title='bbox 2489 1203 2892 1278; x_wconf 79' lang='grc' dir='ltr'>Καρποκράτης</span> <span class='ocrx_word' id='word_1_239' title='bbox 2951 1202 3006 1257; x_wconf 75' lang='grc' dir='ltr'>οἱ</span> <span class='ocrx_word' id='word_1_240' title='bbox 3053 1203 3402 1280; x_wconf 72' lang='grc' dir='ltr'>αἱρεσιάρχαι</span> <span class='ocrx_word' id='word_1_241' title='bbox 3447 1204 3537 1257; x_wconf 85' lang='grc' dir='ltr'>καὶ</span> <span class='ocrx_word' id='word_1_242' title='bbox 3586 1201 3820 1266; x_wconf 74' lang='grc' dir='ltr'>Ἀκύλας</span> 
     </span>
    </p>
   </div>
   <div class='ocr_carea' id='block_1_43' title="bbox 2168 1287 2549 1367">
    <p class='ocr_par' dir='ltr' id='par_1_43' title="bbox 2168 1287 2549 1367">
     <span class='ocr_line' id='line_1_43' title="bbox 2168 1287 2549 1367; baseline 0.008 -23"><span class='ocrx_word' id='word_1_243' title='bbox 2168 1287 2363 1367; x_wconf 89' lang='grc' dir='ltr'>ἐγνωρί</span> <span class='ocrx_word' id='word_1_244' title='bbox 2373 1295 2549 1360; x_wconf 91' lang='grc' dir='ltr'>ζοντο.</span> 
     </span>
    </p>
   </div>
   <div class='ocr_carea' id='block_1_44' title="bbox 2241 1376 3814 1456">
    <p class='ocr_par' dir='ltr' id='par_1_44' title="bbox 2241 1376 3814 1456">
     <span class='ocr_line' id='line_1_44' title="bbox 2241 1376 3814 1456; baseline 0.002 -22"><span class='ocrx_word' id='word_1_245' title='bbox 2241 1379 2395 1434; x_wconf 82' lang='grc' dir='ltr'>Μετὰ</span> <span class='ocrx_word' id='word_1_246' title='bbox 2450 1376 2506 1435; x_wconf 77' lang='grc' dir='ltr'><strong>δὲ</strong></span> <span class='ocrx_word' id='word_1_247' title='bbox 2561 1377 2840 1456; x_wconf 81' lang='grc' dir='ltr'>Ἀδριανὸν</span> <span class='ocrx_word' id='word_1_248' title='bbox 2900 1378 3242 1438; x_wconf 87' lang='grc' dir='ltr'>ἐϐασίλευσεν</span> <span class='ocrx_word' id='word_1_249' title='bbox 3332 1384 3646 1444; x_wconf 79' lang='grc' dir='ltr'>Ἀντωνῖνος</span> <span class='ocrx_word' id='word_1_250' title='bbox 3719 1377 3814 1454; x_wconf 72' lang='grc' dir='ltr'>ἔτη</span> 
     </span>
    </p>
   </div>
   <div class='ocr_carea' id='block_1_45' title="bbox 2167 1465 3813 1547">
    <p class='ocr_par' dir='ltr' id='par_1_45' title="bbox 2167 1465 3813 1547">
     <span class='ocr_line' id='line_1_45' title="bbox 2167 1465 3813 1547; baseline 0.001 -25"><span class='ocrx_word' id='word_1_251' title='bbox 2167 1467 2274 1542; x_wconf 85' lang='grc' dir='ltr'><strong>κβ’.</strong></span> <span class='ocrx_word' id='word_1_252' title='bbox 2308 1469 2426 1546; x_wconf 80' lang='grc' dir='ltr'><strong>Ἐφ’</strong></span> <span class='ocrx_word' id='word_1_253' title='bbox 2475 1465 2536 1523; x_wconf 80' lang='grc' dir='ltr'>οὗ</span> <span class='ocrx_word' id='word_1_254' title='bbox 2594 1469 2954 1547; x_wconf 80' lang='grc' dir='ltr'>Πολὸκαρπας</span> <span class='ocrx_word' id='word_1_255' title='bbox 3015 1471 3043 1526; x_wconf 97' lang='lat'><strong>6</strong></span> <span class='ocrx_word' id='word_1_256' title='bbox 3105 1473 3351 1546; x_wconf 76' lang='grc' dir='ltr'>μαθητὴς</span> <span class='ocrx_word' id='word_1_257' title='bbox 3409 1471 3662 1528; x_wconf 76' lang='grc' dir='ltr'>Ἰωάννου</span> <span class='ocrx_word' id='word_1_258' title='bbox 3718 1475 3813 1525; x_wconf 82' lang='grc' dir='ltr'>τοῦ</span> 
     </span>
    </p>
   </div>
   <div class='ocr_carea' id='block_1_46' title="bbox 2169 1553 3810 1638">
    <p class='ocr_par' dir='ltr' id='par_1_46' title="bbox 2169 1553 3810 1638">
     <span class='ocr_line' id='line_1_46' title="bbox 2169 1553 3810 1638; baseline 0.002 -27"><span class='ocrx_word' id='word_1_259' title='bbox 2169 1553 2580 1632; x_wconf 72' lang='grc' dir='ltr'>εὐαγγελιστοῦ,</span> <span class='ocrx_word' id='word_1_260' title='bbox 2633 1560 2721 1614; x_wconf 83' lang='grc' dir='ltr'>καὶ</span> <span class='ocrx_word' id='word_1_261' title='bbox 2785 1563 3074 1623; x_wconf 86' lang='grc' dir='ltr'>Ἰουστῖνος</span> <span class='ocrx_word' id='word_1_262' title='bbox 3125 1562 3154 1616; x_wconf 91' lang='lat'><strong>6</strong></span> <span class='ocrx_word' id='word_1_263' title='bbox 3203 1559 3508 1638; x_wconf 75' lang='grc' dir='ltr'>φιλόσοφος</span> <span class='ocrx_word' id='word_1_264' title='bbox 3549 1558 3640 1614; x_wconf 78' lang='grc' dir='ltr'>καί</span> <span class='ocrx_word' id='word_1_265' title='bbox 3696 1569 3810 1615; x_wconf 86' lang='grc' dir='ltr'><strong>Διο-</strong></span> 
     </span>
    </p>
   </div>
   <div class='ocr_carea' id='block_1_47' title="bbox 2167 1645 3814 1726">
    <p class='ocr_par' dir='ltr' id='par_1_47' title="bbox 2167 1645 3814 1726">
     <span class='ocr_line' id='line_1_47' title="bbox 2167 1645 3814 1726; baseline 0.002 -25"><span class='ocrx_word' id='word_1_266' title='bbox 2167 1646 2350 1708; x_wconf 81' lang='grc' dir='ltr'>νύσιος</span> <span class='ocrx_word' id='word_1_267' title='bbox 2407 1645 2702 1711; x_wconf 77' lang='grc' dir='ltr'>ἐπίσκοπος</span> <span class='ocrx_word' id='word_1_268' title='bbox 2778 1647 3044 1724; x_wconf 76' lang='grc' dir='ltr'>Κορίνθου</span> <span class='ocrx_word' id='word_1_269' title='bbox 3103 1648 3502 1726; x_wconf 78' lang='grc' dir='ltr'>ἐμαρτύρησαν,</span> <span class='ocrx_word' id='word_1_270' title='bbox 3559 1650 3651 1704; x_wconf 82' lang='grc' dir='ltr'>καὶ</span> <span class='ocrx_word' id='word_1_271' title='bbox 3705 1653 3814 1705; x_wconf 75' lang='grc' dir='ltr'><strong>Τα-</strong></span> 
     </span>
    </p>
   </div>
   <div class='ocr_carea' id='block_1_48' title="bbox 2167 1735 3819 1815">
    <p class='ocr_par' dir='ltr' id='par_1_48' title="bbox 2167 1735 3819 1815">
     <span class='ocr_line' id='line_1_48' title="bbox 2167 1735 3819 1815; baseline 0.001 -25"><span class='ocrx_word' id='word_1_272' title='bbox 2167 1736 2350 1798; x_wconf 83' lang='grc' dir='ltr'>τιανὸς</span> <span class='ocrx_word' id='word_1_273' title='bbox 2380 1737 2468 1791; x_wconf 68' lang='grc' dir='ltr'><strong>καὶ</strong></span> <span class='ocrx_word' id='word_1_274' title='bbox 2504 1735 2855 1812; x_wconf 70' lang='grc' dir='ltr'>Βαρδησάνης</span> <span class='ocrx_word' id='word_1_275' title='bbox 2885 1739 2939 1792; x_wconf 76' lang='grc' dir='ltr'>οἱ</span> <span class='ocrx_word' id='word_1_276' title='bbox 2977 1739 3344 1814; x_wconf 75' lang='grc' dir='ltr'>αἱρεσιάρχαι,</span> <span class='ocrx_word' id='word_1_277' title='bbox 3377 1739 3466 1794; x_wconf 83' lang='grc' dir='ltr'>καὶ</span> <span class='ocrx_word' id='word_1_278' title='bbox 3506 1737 3819 1815; x_wconf 80' lang='grc' dir='ltr'>Πρισκίλλα</span> 
     </span>
    </p>
   </div>
   <div class='ocr_carea' id='block_1_49' title="bbox 2164 1824 3817 1906">
    <p class='ocr_par' dir='ltr' id='par_1_49' title="bbox 2164 1824 3817 1906">
     <span class='ocr_line' id='line_1_49' title="bbox 2164 1824 3817 1906; baseline 0 -26"><span class='ocrx_word' id='word_1_279' title='bbox 2164 1825 2256 1880; x_wconf 85' lang='grc' dir='ltr'>καὶ</span> <span class='ocrx_word' id='word_1_280' title='bbox 2287 1825 2612 1900; x_wconf 78' lang='grc' dir='ltr'>Μαξιμίλλα</span> <span class='ocrx_word' id='word_1_281' title='bbox 2642 1827 2697 1882; x_wconf 79' lang='grc' dir='ltr'>αἱ</span> <span class='ocrx_word' id='word_1_282' title='bbox 2728 1824 3233 1906; x_wconf 73' lang='grc' dir='ltr'>ψευδοπροφήτιδες</span> <span class='ocrx_word' id='word_1_283' title='bbox 3261 1832 3366 1882; x_wconf 81' lang='grc' dir='ltr'>τῶν</span> <span class='ocrx_word' id='word_1_284' title='bbox 3411 1828 3550 1883; x_wconf 84' lang='grc' dir='ltr'>κατᾶ</span> <span class='ocrx_word' id='word_1_285' title='bbox 3597 1826 3817 1904; x_wconf 76' lang='grc' dir='ltr'>Φρύγας</span> 
     </span>
    </p>
   </div>
   <div class='ocr_carea' id='block_1_50' title="bbox 2165 1914 2550 1992">
    <p class='ocr_par' dir='ltr' id='par_1_50' title="bbox 2165 1914 2550 1992">
     <span class='ocr_line' id='line_1_50' title="bbox 2165 1914 2550 1992; baseline 0.008 -22"><span class='ocrx_word' id='word_1_286' title='bbox 2165 1914 2366 1992; x_wconf 83' lang='grc' dir='ltr'>ἐγνωρί</span> <span class='ocrx_word' id='word_1_287' title='bbox 2377 1921 2550 1986; x_wconf 84' lang='grc' dir='ltr'>ζοντο.</span> 
     </span>
    </p>
   </div>
   <div class='ocr_carea' id='block_1_51' title="bbox 2240 2091 3811 2173">
    <p class='ocr_par' dir='ltr' id='par_1_51' title="bbox 2240 2091 3811 2173">
     <span class='ocr_line' id='line_1_51' title="bbox 2240 2091 3811 2173; baseline 0.001 -21"><span class='ocrx_word' id='word_1_288' title='bbox 2240 2095 2388 2153; x_wconf 74' lang='grc' dir='ltr'>Μετὰ</span> <span class='ocrx_word' id='word_1_289' title='bbox 2427 2093 2484 2152; x_wconf 74' lang='grc' dir='ltr'>δὲ</span> <span class='ocrx_word' id='word_1_290' title='bbox 2535 2097 2858 2154; x_wconf 62' lang='grc' dir='ltr'>Ἀντωυῖνον</span> <span class='ocrx_word' id='word_1_291' title='bbox 2915 2091 3227 2154; x_wconf 90' lang='grc' dir='ltr'>ἐϐασίλευσε</span> <span class='ocrx_word' id='word_1_292' title='bbox 3284 2099 3506 2173; x_wconf 82' lang='grc' dir='ltr'>Μάρκος</span> <span class='ocrx_word' id='word_1_293' title='bbox 3555 2098 3673 2160; x_wconf 72' lang='grc' dir='ltr'>υἱὸς</span> <span class='ocrx_word' id='word_1_294' title='bbox 3719 2097 3811 2153; x_wconf 74' lang='grc' dir='ltr'><strong>αὖ·</strong></span> 
     </span>
    </p>
   </div>
   <div class='ocr_carea' id='block_1_52' title="bbox 2167 2184 3824 2264">
    <p class='ocr_par' dir='ltr' id='par_1_52' title="bbox 2167 2184 3824 2264">
     <span class='ocr_line' id='line_1_52' title="bbox 2167 2184 3824 2264; baseline 0.001 -23"><span class='ocrx_word' id='word_1_295' title='bbox 2167 2189 2264 2241; x_wconf 76' lang='grc' dir='ltr'><strong>τοῦ</strong></span> <span class='ocrx_word' id='word_1_296' title='bbox 2296 2184 2390 2258; x_wconf 80' lang='grc' dir='ltr'><strong>ἔτη</strong></span> <span class='ocrx_word' id='word_1_297' title='bbox 2429 2188 2514 2244; x_wconf 90' lang='grc' dir='ltr'><strong>ια’.</strong></span> <span class='ocrx_word' id='word_1_298' title='bbox 2547 2188 2664 2264; x_wconf 75' lang='grc' dir='ltr'><strong>Ἐφ’</strong></span> <span class='ocrx_word' id='word_1_299' title='bbox 2691 2188 2753 2243; x_wconf 84' lang='grc' dir='ltr'>οὗ</span> <span class='ocrx_word' id='word_1_300' title='bbox 2784 2191 2889 2262; x_wconf 78' lang='grc' dir='ltr'><strong>πῦρ</strong></span> <span class='ocrx_word' id='word_1_301' title='bbox 2917 2187 2976 2243; x_wconf 82' lang='grc' dir='ltr'><strong>ἐκ</strong></span> <span class='ocrx_word' id='word_1_302' title='bbox 3004 2191 3102 2243; x_wconf 78' lang='grc' dir='ltr'>τοῦ</span> <span class='ocrx_word' id='word_1_303' title='bbox 3148 2186 3379 2262; x_wconf 79' lang='grc' dir='ltr'>οὐρανοῦ</span> <span class='ocrx_word' id='word_1_304' title='bbox 3432 2186 3539 2242; x_wconf 81' lang='grc' dir='ltr'><strong>ἀπὸ</strong></span> <span class='ocrx_word' id='word_1_305' title='bbox 3591 2185 3824 2261; x_wconf 75' lang='grc' dir='ltr'>δυσμῶν</span> 
     </span>
    </p>
   </div>
   <div class='ocr_carea' id='block_1_53' title="bbox 2168 2275 3098 2355">
    <p class='ocr_par' dir='ltr' id='par_1_53' title="bbox 2168 2275 3098 2355">
     <span class='ocr_line' id='line_1_53' title="bbox 2168 2275 3098 2355; baseline 0.001 -25"><span class='ocrx_word' id='word_1_306' title='bbox 2168 2275 2250 2330; x_wconf 88' lang='grc' dir='ltr'>ἐπ’</span> <span class='ocrx_word' id='word_1_307' title='bbox 2282 2275 2552 2340; x_wconf 74' lang='grc' dir='ltr'>ἀνατολὰς</span> <span class='ocrx_word' id='word_1_308' title='bbox 2585 2277 2882 2355; x_wconf 80' lang='grc' dir='ltr'>φερόμενος</span> <span class='ocrx_word' id='word_1_309' title='bbox 2916 2276 3098 2355; x_wconf 76' lang='grc' dir='ltr'><strong>ὣφοη.</strong></span> 
     </span>
    </p>
   </div>
   <div class='ocr_carea' id='block_1_54' title="bbox 2237 2361 3820 2441">
    <p class='ocr_par' dir='ltr' id='par_1_54' title="bbox 2237 2361 3820 2441">
     <span class='ocr_line' id='line_1_54' title="bbox 2237 2361 3820 2441; baseline 0 -19"><span class='ocrx_word' id='word_1_310' title='bbox 2237 2367 2390 2422; x_wconf 79' lang='grc' dir='ltr'>Μετὰ</span> <span class='ocrx_word' id='word_1_311' title='bbox 2421 2363 2478 2421; x_wconf 78' lang='grc' dir='ltr'><strong>δὲ</strong></span> <span class='ocrx_word' id='word_1_312' title='bbox 2531 2368 2761 2441; x_wconf 87' lang='grc' dir='ltr'>Μάρκον</span> <span class='ocrx_word' id='word_1_313' title='bbox 2821 2362 3139 2423; x_wconf 87' lang='grc' dir='ltr'>ἐϐασίλευσε</span> <span class='ocrx_word' id='word_1_314' title='bbox 3197 2361 3442 2440; x_wconf 84' lang='grc' dir='ltr'>Σεϐἤρος</span> <span class='ocrx_word' id='word_1_315' title='bbox 3489 2367 3606 2430; x_wconf 77' lang='grc' dir='ltr'>υίὸς</span> <span class='ocrx_word' id='word_1_316' title='bbox 3652 2367 3820 2424; x_wconf 77' lang='grc' dir='ltr'>αὐτοῦ</span> 
     </span>
    </p>
   </div>
   <div class='ocr_carea' id='block_1_55' title="bbox 2166 2452 3226 2536">
    <p class='ocr_par' dir='ltr' id='par_1_55' title="bbox 2166 2452 3226 2536">
     <span class='ocr_line' id='line_1_55' title="bbox 2166 2452 3226 2536; baseline 0.005 -25"><span class='ocrx_word' id='word_1_317' title='bbox 2166 2452 2258 2526; x_wconf 79' lang='grc' dir='ltr'>ἔτη</span> <span class='ocrx_word' id='word_1_318' title='bbox 2293 2455 2364 2526; x_wconf 73' lang='grc' dir='ltr'>η’,</span> <span class='ocrx_word' id='word_1_319' title='bbox 2394 2456 2482 2511; x_wconf 88' lang='grc' dir='ltr'>καὶ</span> <span class='ocrx_word' id='word_1_320' title='bbox 2516 2454 2721 2536; x_wconf 70' lang='grc' dir='ltr'>ἐσφάγη</span> <span class='ocrx_word' id='word_1_321' title='bbox 2757 2455 2808 2512; x_wconf 86' lang='grc' dir='ltr'><strong>ἐν</strong></span> <span class='ocrx_word' id='word_1_322' title='bbox 2844 2459 3226 2533; x_wconf 71' lang='grc' dir='ltr'>Προικοντςσῳ.</span> 
     </span>
    </p>
   </div>
   <div class='ocr_carea' id='block_1_56' title="bbox 2237 2628 3820 2718">
    <p class='ocr_par' dir='ltr' id='par_1_56' title="bbox 2237 2628 3820 2718">
     <span class='ocr_line' id='line_1_56' title="bbox 2237 2628 3820 2718; baseline 0.001 -28"><span class='ocrx_word' id='word_1_323' title='bbox 2237 2633 2389 2691; x_wconf 84' lang='grc' dir='ltr'><strong>Μετᾶ</strong></span> <span class='ocrx_word' id='word_1_324' title='bbox 2419 2632 2477 2690; x_wconf 70' lang='grc' dir='ltr'><strong>δὲ</strong></span> <span class='ocrx_word' id='word_1_325' title='bbox 2525 2628 2770 2706; x_wconf 80' lang='grc' dir='ltr'>Σεϐἧρον</span> <span class='ocrx_word' id='word_1_326' title='bbox 2826 2631 3142 2692; x_wconf 87' lang='grc' dir='ltr'>ἐϐασίλευσε</span> <span class='ocrx_word' id='word_1_327' title='bbox 3191 2634 3440 2710; x_wconf 79' lang='grc' dir='ltr'>Κόμοδος</span> <span class='ocrx_word' id='word_1_328' title='bbox 3505 2638 3534 2692; x_wconf 90' lang='lat'><strong>6</strong></span> <span class='ocrx_word' id='word_1_329' title='bbox 3585 2635 3820 2718; x_wconf 74' lang='grc' dir='ltr'>ἀδελφὸς</span> 
     </span>
    </p>
   </div>
   <div class='ocr_carea' id='block_1_57' title="bbox 2167 2719 3821 2804">
    <p class='ocr_par' dir='ltr' id='par_1_57' title="bbox 2167 2719 3821 2804">
     <span class='ocr_line' id='line_1_57' title="bbox 2167 2719 3821 2804; baseline 0.001 -24"><span class='ocrx_word' id='word_1_330' title='bbox 2167 2723 2332 2780; x_wconf 81' lang='grc' dir='ltr'>αὐτοῦ</span> <span class='ocrx_word' id='word_1_331' title='bbox 2359 2719 2452 2796; x_wconf 74' lang='grc' dir='ltr'><strong>ἔτη</strong></span> <span class='ocrx_word' id='word_1_332' title='bbox 2491 2725 2582 2800; x_wconf 87' lang='grc' dir='ltr'><strong>ιβ’,</strong></span> <span class='ocrx_word' id='word_1_333' title='bbox 2613 2725 2704 2780; x_wconf 85' lang='grc' dir='ltr'>καὶ</span> <span class='ocrx_word' id='word_1_334' title='bbox 2737 2725 2838 2781; x_wconf 84' lang='grc' dir='ltr'>ὑπὸ</span> <span class='ocrx_word' id='word_1_335' title='bbox 2870 2726 3162 2804; x_wconf 72' lang='grc' dir='ltr'>ἀναγωγῆς</span> <span class='ocrx_word' id='word_1_336' title='bbox 3221 2725 3450 2800; x_wconf 67' lang='grc' dir='ltr'>α’ίμανος</span> <span class='ocrx_word' id='word_1_337' title='bbox 3498 2727 3590 2782; x_wconf 84' lang='grc' dir='ltr'><strong>καὶ</strong></span> <span class='ocrx_word' id='word_1_338' title='bbox 3638 2727 3821 2803; x_wconf 79' lang='grc' dir='ltr'>χολῆς</span> 
     </span>
    </p>
   </div>
   <div class='ocr_carea' id='block_1_58' title="bbox 2167 2813 3816 2896">
    <p class='ocr_par' dir='ltr' id='par_1_58' title="bbox 2167 2813 3816 2896">
     <span class='ocr_line' id='line_1_58' title="bbox 2167 2813 3816 2896; baseline 0.001 -26"><span class='ocrx_word' id='word_1_339' title='bbox 2167 2813 2364 2890; x_wconf 80' lang='grc' dir='ltr'>ἀθρόον</span> <span class='ocrx_word' id='word_1_340' title='bbox 2449 2815 2732 2879; x_wconf 75' lang='grc' dir='ltr'>ἀπέθανεν.</span> <span class='ocrx_word' id='word_1_341' title='bbox 2821 2816 2933 2896; x_wconf 78' lang='grc' dir='ltr'><strong>Ἐφ’</strong></span> <span class='ocrx_word' id='word_1_342' title='bbox 3008 2817 3070 2870; x_wconf 78' lang='grc' dir='ltr'>οὗ</span> <span class='ocrx_word' id='word_1_343' title='bbox 3136 2815 3226 2872; x_wconf 83' lang='grc' dir='ltr'><strong>καὶ</strong></span> <span class='ocrx_word' id='word_1_344' title='bbox 3293 2813 3575 2888; x_wconf 82' lang='grc' dir='ltr'><strong>Θεόδοτος,</strong></span> <span class='ocrx_word' id='word_1_345' title='bbox 3643 2818 3672 2872; x_wconf 90' lang='lat'><strong>6</strong></span> <span class='ocrx_word' id='word_1_346' title='bbox 3729 2818 3816 2872; x_wconf 87' lang='grc' dir='ltr'>καὶ</span> 
     </span>
    </p>
   </div>
   <div class='ocr_carea' id='block_1_59' title="bbox 2166 2903 3819 2980">
    <p class='ocr_par' dir='ltr' id='par_1_59' title="bbox 2166 2903 3819 2980">
     <span class='ocr_line' id='line_1_59' title="bbox 2166 2903 3819 2980; baseline 0 -20"><span class='ocrx_word' id='word_1_347' title='bbox 2166 2909 2387 2976; x_wconf 80' lang='grc' dir='ltr'>πρῶτος</span> <span class='ocrx_word' id='word_1_348' title='bbox 2445 2910 2548 2975; x_wconf 76' lang='grc' dir='ltr'>τῆς</span> <span class='ocrx_word' id='word_1_349' title='bbox 2631 2903 2768 2960; x_wconf 85' lang='grc' dir='ltr'><strong>κατᾶ</strong></span> <span class='ocrx_word' id='word_1_350' title='bbox 2864 2903 3078 2961; x_wconf 78' lang='grc' dir='ltr'>Παῦλον</span> <span class='ocrx_word' id='word_1_351' title='bbox 3173 2907 3266 2962; x_wconf 87' lang='grc' dir='ltr'><strong>τὸν</strong></span> <span class='ocrx_word' id='word_1_352' title='bbox 3335 2905 3655 2980; x_wconf 77' lang='grc' dir='ltr'>Σαμοσατὲα</span> <span class='ocrx_word' id='word_1_353' title='bbox 3729 2907 3819 2961; x_wconf 84' lang='grc' dir='ltr'>καὶ</span> 
     </span>
    </p>
   </div>
   <div class='ocr_carea' id='block_1_60' title="bbox 2168 2990 3820 3071">
    <p class='ocr_par' dir='ltr' id='par_1_60' title="bbox 2168 2990 3820 3071">
     <span class='ocr_line' id='line_1_60' title="bbox 2168 2990 3820 3071; baseline 0.001 -22"><span class='ocrx_word' id='word_1_354' title='bbox 2168 2993 2462 3069; x_wconf 71' lang='grc' dir='ltr'>Νεπόριον</span> <span class='ocrx_word' id='word_1_355' title='bbox 2494 2990 2710 3066; x_wconf 80' lang='grc' dir='ltr'>πλάνης</span> <span class='ocrx_word' id='word_1_356' title='bbox 2764 2993 3088 3068; x_wconf 79' lang='grc' dir='ltr'>ἀρξάμενος,</span> <span class='ocrx_word' id='word_1_357' title='bbox 3145 2995 3236 3051; x_wconf 78' lang='grc' dir='ltr'>καὶ</span> <span class='ocrx_word' id='word_1_358' title='bbox 3293 2992 3596 3051; x_wconf 82' lang='grc' dir='ltr'>Θεοδοτίων</span> <span class='ocrx_word' id='word_1_359' title='bbox 3648 2993 3820 3071; x_wconf 82' lang='grc' dir='ltr'>ἐγνω-</span> 
     </span>
    </p>
   </div>
   <div class='ocr_carea' id='block_1_61' title="bbox 2171 3081 2404 3159">
    <p class='ocr_par' dir='ltr' id='par_1_61' title="bbox 2171 3081 2404 3159">
     <span class='ocr_line' id='line_1_61' title="bbox 2171 3081 2404 3159; baseline 0.013 -23"><span class='ocrx_word' id='word_1_360' title='bbox 2171 3081 2404 3159; x_wconf 70' lang='grc' dir='ltr'>ρίζοντοο</span> 
     </span>
    </p>
   </div>
   <div class='ocr_carea' id='block_1_62' title="bbox 491 3146 2063 3253">
    <p class='ocr_par' dir='ltr' id='par_1_62' title="bbox 491 3172 2060 3253">
     <span class='ocr_line' id='line_1_62' title="bbox 491 3172 2060 3253; baseline 0.008 -26"><span class='ocrx_word' id='word_1_361' title='bbox 491 3175 634 3228; x_wconf 91' lang='lat' dir='ltr'><strong>Post</strong></span> <span class='ocrx_word' id='word_1_362' title='bbox 660 3172 1048 3230; x_wconf 86' lang='lat' dir='ltr'><strong>Commodum</strong></span> <span class='ocrx_word' id='word_1_363' title='bbox 1080 3174 1352 3234; x_wconf 86' lang='lat' dir='ltr'><strong>Pertinax</strong></span> <span class='ocrx_word' id='word_1_364' title='bbox 1381 3193 1614 3234; x_wconf 88' lang='lat' dir='ltr'><strong>menses</strong></span> <span class='ocrx_word' id='word_1_365' title='bbox 1636 3179 1784 3236; x_wconf 87' lang='lat' dir='ltr'><strong>duos</strong></span> <span class='ocrx_word' id='word_1_366' title='bbox 1815 3179 2060 3253; x_wconf 88' lang='lat' dir='ltr'><strong>impera-</strong></span> 
     </span>
    </p>
   </div>
   <div class='ocr_carea' id='block_1_63' title="bbox 2191 3146 3816 3253">
    <p class='ocr_par' dir='ltr' id='par_1_63' title="bbox 2241 3146 3816 3248">
     <span class='ocr_line' id='line_1_63' title="bbox 2241 3146 3816 3248; baseline 0.001 -18"><span class='ocrx_word' id='word_1_367' title='bbox 2241 3146 2393 3230; x_wconf 76' lang='grc' dir='ltr'>Μετὰ</span> <span class='ocrx_word' id='word_1_368' title='bbox 2425 3169 2484 3228; x_wconf 77' lang='grc' dir='ltr'><strong>δὲ</strong></span> <span class='ocrx_word' id='word_1_369' title='bbox 2541 3167 2793 3247; x_wconf 81' lang='grc' dir='ltr'><strong>Κὸμοδον</strong></span> <span class='ocrx_word' id='word_1_370' title='bbox 2846 3168 3165 3230; x_wconf 83' lang='grc' dir='ltr'>ἐϐασίλευσε</span> <span class='ocrx_word' id='word_1_371' title='bbox 3215 3174 3470 3248; x_wconf 82' lang='grc' dir='ltr'>Περτίναξ</span> <span class='ocrx_word' id='word_1_372' title='bbox 3523 3181 3698 3248; x_wconf 78' lang='grc' dir='ltr'>μῆνας</span> <span class='ocrx_word' id='word_1_373' title='bbox 3751 3177 3816 3245; x_wconf 80' lang='grc' dir='ltr'><strong>β’,</strong></span> 
     </span>
    </p>
   </div>
   <div class='ocr_carea' id='block_1_64' title="bbox 386 3259 1632 3325">
    <p class='ocr_par' dir='ltr' id='par_1_64' title="bbox 386 3259 1632 3325">
     <span class='ocr_line' id='line_1_64' title="bbox 386 3259 1632 3325; baseline 0.007 -11"><span class='ocrx_word' id='word_1_374' title='bbox 386 3319 392 3325; x_wconf 58' lang='grc'>,</span> <span class='ocrx_word' id='word_1_375' title='bbox 421 3259 537 3317; x_wconf 79' lang='lat' dir='ltr'><strong>vit:</strong></span> <span class='ocrx_word' id='word_1_376' title='bbox 571 3278 606 3316; x_wconf 89' lang='lat' dir='ltr'><strong>a</strong></span> <span class='ocrx_word' id='word_1_377' title='bbox 634 3260 923 3319; x_wconf 82' lang='lat' dir='ltr'><strong>militibus</strong></span> <span class='ocrx_word' id='word_1_378' title='bbox 943 3263 1016 3318; x_wconf 89' lang='lat' dir='ltr'><strong>ad</strong></span> <span class='ocrx_word' id='word_1_379' title='bbox 1051 3268 1295 3320; x_wconf 85' lang='lat' dir='ltr'><strong>mortem</strong></span> <span class='ocrx_word' id='word_1_380' title='bbox 1323 3266 1493 3323; x_wconf 85' lang='lat' dir='ltr'><strong>datus</strong></span> <span class='ocrx_word' id='word_1_381' title='bbox 1523 3270 1632 3323; x_wconf 91' lang='lat' dir='ltr'><strong>est.</strong></span> 
     </span>
    </p>
   </div>
   <div class='ocr_carea' id='block_1_65' title="bbox 492 3349 2146 3432">
    <p class='ocr_par' dir='ltr' id='par_1_65' title="bbox 492 3349 2146 3432">
     <span class='ocr_line' id='line_1_65' title="bbox 492 3349 2146 3432; baseline 0.008 -28"><span class='ocrx_word' id='word_1_382' title='bbox 492 3353 626 3406; x_wconf 90' lang='lat' dir='ltr'><strong>Post</strong></span> <span class='ocrx_word' id='word_1_383' title='bbox 657 3349 1017 3408; x_wconf 89' lang='lat' dir='ltr'><strong>Pertinacem</strong></span> <span class='ocrx_word' id='word_1_384' title='bbox 1047 3351 1363 3425; x_wconf 89' lang='lat' dir='ltr'><strong>imperium</strong></span> <span class='ocrx_word' id='word_1_385' title='bbox 1393 3360 1664 3428; x_wconf 90' lang='lat' dir='ltr'><strong>procurat</strong></span> <span class='ocrx_word' id='word_1_386' title='bbox 1691 3356 1920 3425; x_wconf 88' lang='lat' dir='ltr'><strong>Didius,</strong></span> <span class='ocrx_word' id='word_1_387' title='bbox 1959 3359 2061 3432; x_wconf 90' lang='lat' dir='ltr'><strong>qui</strong></span> <span class='ocrx_word' id='word_1_388' title='bbox 2141 3409 2146 3416; x_wconf 97' lang='lat'><strong>.</strong></span> 
     </span>
    </p>
   </div>
   <div class='ocr_carea' id='block_1_66' title="bbox 420 3437 2058 3520">
    <p class='ocr_par' dir='ltr' id='par_1_66' title="bbox 420 3437 2058 3520">
     <span class='ocr_line' id='line_1_66' title="bbox 420 3437 2058 3520; baseline 0.007 -26"><span class='ocrx_word' id='word_1_389' title='bbox 420 3437 797 3506; x_wconf 84' lang='lat' dir='ltr'><strong>etJulianus,</strong></span> <span class='ocrx_word' id='word_1_390' title='bbox 828 3456 1058 3499; x_wconf 87' lang='lat' dir='ltr'><strong>menses</strong></span> <span class='ocrx_word' id='word_1_391' title='bbox 1109 3447 1376 3516; x_wconf 87' lang='lat' dir='ltr'><strong>quatuor.</strong></span> <span class='ocrx_word' id='word_1_392' title='bbox 1403 3445 1450 3500; x_wconf 90' lang='lat' dir='ltr'><strong>A</strong></span> <span class='ocrx_word' id='word_1_393' title='bbox 1504 3445 1887 3520; x_wconf 87' lang='lat' dir='ltr'><strong>cubiculario,</strong></span> <span class='ocrx_word' id='word_1_394' title='bbox 1920 3449 2058 3506; x_wconf 90' lang='lat' dir='ltr'><strong>dum</strong></span> 
     </span>
    </p>
   </div>
   <div class='ocr_carea' id='block_1_67' title="bbox 422 3530 2060 3609">
    <p class='ocr_par' dir='ltr' id='par_1_67' title="bbox 422 3530 2060 3609">
     <span class='ocr_line' id='line_1_67' title="bbox 422 3530 2060 3609; baseline 0.006 -22"><span class='ocrx_word' id='word_1_395' title='bbox 422 3546 553 3588; x_wconf 86' lang='lat' dir='ltr'><strong>sese</strong></span> <span class='ocrx_word' id='word_1_396' title='bbox 599 3530 661 3588; x_wconf 88' lang='lat' dir='ltr'><strong>in</strong></span> <span class='ocrx_word' id='word_1_397' title='bbox 719 3530 984 3590; x_wconf 88' lang='lat' dir='ltr'><strong>Palatino</strong></span> <span class='ocrx_word' id='word_1_398' title='bbox 1041 3533 1200 3591; x_wconf 71' lang='lat' dir='ltr'><strong>fonte</strong></span> <span class='ocrx_word' id='word_1_399' title='bbox 1254 3535 1508 3608; x_wconf 89' lang='lat' dir='ltr'><strong>piscium</strong></span> <span class='ocrx_word' id='word_1_400' title='bbox 1565 3538 1776 3596; x_wconf 88' lang='lat' dir='ltr'><strong>obtutu</strong></span> <span class='ocrx_word' id='word_1_401' title='bbox 1819 3545 2060 3609; x_wconf 86' lang='lat' dir='ltr'><strong>recreat,</strong></span> 
     </span>
    </p>
   </div>
   <div class='ocr_carea' id='block_1_68' title="bbox 418 3621 681 3678">
    <p class='ocr_par' dir='ltr' id='par_1_68' title="bbox 418 3621 681 3678">
     <span class='ocr_line' id='line_1_68' title="bbox 418 3621 681 3678; baseline 0.004 -2"><span class='ocrx_word' id='word_1_402' title='bbox 418 3621 681 3678; x_wconf 67' lang='lat' dir='ltr'><strong>caeditur.</strong></span> 
     </span>
    </p>
   </div>
   <div class='ocr_carea' id='block_1_69' title="bbox 489 3708 2062 3788">
    <p class='ocr_par' dir='ltr' id='par_1_69' title="bbox 489 3708 2062 3788">
     <span class='ocr_line' id='line_1_69' title="bbox 489 3708 2062 3788; baseline 0.008 -22"><span class='ocrx_word' id='word_1_403' title='bbox 489 3708 630 3767; x_wconf 92' lang='lat' dir='ltr'><strong>Post</strong></span> <span class='ocrx_word' id='word_1_404' title='bbox 643 3711 744 3768; x_wconf 91' lang='lat' dir='ltr'><strong>Did</strong></span> <span class='ocrx_word' id='word_1_405' title='bbox 755 3711 766 3766; x_wconf 93' lang='lat' dir='ltr'><strong>i</strong></span> <span class='ocrx_word' id='word_1_406' title='bbox 777 3729 808 3768; x_wconf 83' lang='grc' dir='ltr'>ιι</span> <span class='ocrx_word' id='word_1_407' title='bbox 819 3729 872 3769; x_wconf 91' lang='lat' dir='ltr'><strong>m</strong></span> <span class='ocrx_word' id='word_1_408' title='bbox 891 3713 1094 3788; x_wconf 87' lang='lat' dir='ltr'><strong>imperi</strong></span> <span class='ocrx_word' id='word_1_409' title='bbox 1103 3732 1200 3773; x_wconf 91' lang='lat' dir='ltr'><strong>um</strong></span> <span class='ocrx_word' id='word_1_410' title='bbox 1217 3716 1440 3776; x_wconf 89' lang='lat' dir='ltr'><strong>obtinet</strong></span> <span class='ocrx_word' id='word_1_411' title='bbox 1449 3719 1695 3778; x_wconf 88' lang='lat' dir='ltr'><strong>Severus</strong></span> <span class='ocrx_word' id='word_1_412' title='bbox 1709 3736 1894 3778; x_wconf 89' lang='lat' dir='ltr'><strong>annos</strong></span> <span class='ocrx_word' id='word_1_413' title='bbox 1908 3723 2062 3778; x_wconf 88' lang='lat' dir='ltr'><strong>octo-</strong></span> 
     </span>
    </p>
   </div>
   <div class='ocr_carea' id='block_1_70' title="bbox 419 3799 2065 3883">
    <p class='ocr_par' dir='ltr' id='par_1_70' title="bbox 419 3799 2065 3883">
     <span class='ocr_line' id='line_1_70' title="bbox 419 3799 2065 3883; baseline 0.007 -28"><span class='ocrx_word' id='word_1_414' title='bbox 419 3799 714 3858; x_wconf 87' lang='lat' dir='ltr'><strong>decim.Ea</strong></span> <span class='ocrx_word' id='word_1_415' title='bbox 729 3809 1071 3876; x_wconf 86' lang='lat' dir='ltr'><strong>tempestate</strong></span> <span class='ocrx_word' id='word_1_416' title='bbox 1085 3805 1366 3864; x_wconf 89' lang='lat' dir='ltr'><strong>Leonides</strong></span> <span class='ocrx_word' id='word_1_417' title='bbox 1379 3809 1691 3882; x_wconf 86' lang='lat' dir='ltr'><strong>episcopus</strong></span> <span class='ocrx_word' id='word_1_418' title='bbox 1705 3809 2065 3883; x_wconf 86' lang='lat' dir='ltr'><strong>etpaterOri-</strong></span> 
     </span>
    </p>
   </div>
   <div class='ocr_carea' id='block_1_71' title="bbox 421 3889 2062 3971">
    <p class='ocr_par' dir='ltr' id='par_1_71' title="bbox 421 3889 2062 3971">
     <span class='ocr_line' id='line_1_71' title="bbox 421 3889 2062 3971; baseline 0.007 -26"><span class='ocrx_word' id='word_1_419' title='bbox 421 3889 589 3962; x_wconf 82' lang='lat' dir='ltr'><strong>genis</strong></span> <span class='ocrx_word' id='word_1_420' title='bbox 619 3891 796 3948; x_wconf 89' lang='lat' dir='ltr'><strong>vitam</strong></span> <span class='ocrx_word' id='word_1_421' title='bbox 828 3910 994 3951; x_wconf 88' lang='lat' dir='ltr'><strong>suam</strong></span> <span class='ocrx_word' id='word_1_422' title='bbox 1022 3911 1126 3968; x_wconf 91' lang='lat' dir='ltr'><strong>per</strong></span> <span class='ocrx_word' id='word_1_423' title='bbox 1150 3897 1492 3971; x_wconf 84' lang='lat' dir='ltr'><strong>martyrium</strong></span> <span class='ocrx_word' id='word_1_424' title='bbox 1547 3901 1760 3971; x_wconf 89' lang='lat' dir='ltr'><strong>posuit.</strong></span> <span class='ocrx_word' id='word_1_425' title='bbox 1795 3899 2062 3957; x_wconf 89' lang='lat' dir='ltr'><strong>Clemens</strong></span> 
     </span>
    </p>
   </div>
   <div class='ocr_carea' id='block_1_72' title="bbox 421 3981 2060 4060">
    <p class='ocr_par' dir='ltr' id='par_1_72' title="bbox 421 3981 2060 4060">
     <span class='ocr_line' id='line_1_72' title="bbox 421 3981 2060 4060; baseline 0.007 -26"><span class='ocrx_word' id='word_1_426' title='bbox 421 3981 806 4050; x_wconf 85' lang='lat' dir='ltr'><strong>Stromateus,</strong></span> <span class='ocrx_word' id='word_1_427' title='bbox 839 3983 1245 4056; x_wconf 82' lang='lat' dir='ltr'><strong>Symmachus,</strong></span> <span class='ocrx_word' id='word_1_428' title='bbox 1279 3986 1558 4060; x_wconf 89' lang='lat' dir='ltr'><strong>Origenes</strong></span> <span class='ocrx_word' id='word_1_429' title='bbox 1588 3989 1724 4046; x_wconf 89' lang='lat' dir='ltr'><strong>item</strong></span> <span class='ocrx_word' id='word_1_430' title='bbox 1758 3989 2060 4046; x_wconf 84' lang='lat' dir='ltr'><strong>ﬂorebant.</strong></span> 
     </span>
    </p>
   </div>
   <div class='ocr_carea' id='block_1_73' title="bbox 491 4069 2064 4148">
    <p class='ocr_par' dir='ltr' id='par_1_73' title="bbox 491 4069 2064 4148">
     <span class='ocr_line' id='line_1_73' title="bbox 491 4069 2064 4148; baseline 0.008 -25"><span class='ocrx_word' id='word_1_431' title='bbox 491 4071 632 4125; x_wconf 91' lang='lat' dir='ltr'><strong>Post</strong></span> <span class='ocrx_word' id='word_1_432' title='bbox 659 4069 937 4127; x_wconf 88' lang='lat' dir='ltr'><strong>Severum</strong></span> <span class='ocrx_word' id='word_1_433' title='bbox 965 4074 1304 4132; x_wconf 78' lang='lat' dir='ltr'><strong>Antoninus</strong></span> <span class='ocrx_word' id='word_1_434' title='bbox 1333 4079 1390 4132; x_wconf 89' lang='lat' dir='ltr'><strong>et</strong></span> <span class='ocrx_word' id='word_1_435' title='bbox 1418 4076 1562 4134; x_wconf 88' lang='lat' dir='ltr'><strong>Geta</strong></span> <span class='ocrx_word' id='word_1_436' title='bbox 1590 4077 1719 4148; x_wconf 88' lang='lat' dir='ltr'><strong>ejus</strong></span> <span class='ocrx_word' id='word_1_437' title='bbox 1748 4079 1925 4134; x_wconf 80' lang='lat' dir='ltr'><strong>frater</strong></span> <span class='ocrx_word' id='word_1_438' title='bbox 1952 4078 2064 4134; x_wconf 91' lang='lat' dir='ltr'><strong>im-</strong></span> 
     </span>
    </p>
   </div>
   <div class='ocr_carea' id='block_1_74' title="bbox 425 4156 2065 4229">
    <p class='ocr_par' dir='ltr' id='par_1_74' title="bbox 425 4156 2065 4229">
     <span class='ocr_line' id='line_1_74' title="bbox 425 4156 2065 4229; baseline 0.007 -17"><span class='ocrx_word' id='word_1_439' title='bbox 425 4156 655 4229; x_wconf 89' lang='lat' dir='ltr'><strong>perium</strong></span> <span class='ocrx_word' id='word_1_440' title='bbox 685 4161 888 4214; x_wconf 89' lang='lat' dir='ltr'><strong>tenent</strong></span> <span class='ocrx_word' id='word_1_441' title='bbox 935 4176 1166 4218; x_wconf 80' lang='lat' dir='ltr'><strong>menses</strong></span> <span class='ocrx_word' id='word_1_442' title='bbox 1222 4164 1398 4222; x_wconf 89' lang='lat' dir='ltr'><strong>duos.</strong></span> <span class='ocrx_word' id='word_1_443' title='bbox 1429 4169 1714 4223; x_wconf 71' lang='lat' dir='ltr'><strong>Praeterea</strong></span> <span class='ocrx_word' id='word_1_444' title='bbox 1744 4167 2065 4224; x_wconf 83' lang='lat' dir='ltr'><strong>Antoninus</strong></span> 
     </span>
    </p>
   </div>
   <div class='ocr_carea' id='block_1_75' title="bbox 423 4245 2064 4326">
    <p class='ocr_par' dir='ltr' id='par_1_75' title="bbox 423 4245 2064 4326">
     <span class='ocr_line' id='line_1_75' title="bbox 423 4245 2064 4326; baseline 0.009 -26"><span class='ocrx_word' id='word_1_445' title='bbox 423 4245 602 4302; x_wconf 88' lang='lat' dir='ltr'><strong>fratre</strong></span> <span class='ocrx_word' id='word_1_446' title='bbox 632 4250 882 4304; x_wconf 86' lang='lat' dir='ltr'><strong>mactato</strong></span> <span class='ocrx_word' id='word_1_447' title='bbox 912 4247 1076 4306; x_wconf 89' lang='lat' dir='ltr'><strong>solus</strong></span> <span class='ocrx_word' id='word_1_448' title='bbox 1106 4252 1422 4326; x_wconf 88' lang='lat' dir='ltr'><strong>imperium</strong></span> <span class='ocrx_word' id='word_1_449' title='bbox 1479 4255 1853 4313; x_wconf 79' lang='lat' dir='ltr'><strong>administrat</strong></span> <span class='ocrx_word' id='word_1_450' title='bbox 1879 4272 2064 4314; x_wconf 87' lang='lat' dir='ltr'><strong>annos</strong></span> 
     </span>
    </p>
   </div>
   <div class='ocr_carea' id='block_1_76' title="bbox 420 4336 1244 4412">
    <p class='ocr_par' dir='ltr' id='par_1_76' title="bbox 420 4336 1244 4412">
     <span class='ocr_line' id='line_1_76' title="bbox 420 4336 1244 4412; baseline 0.008 -20"><span class='ocrx_word' id='word_1_451' title='bbox 420 4349 542 4392; x_wconf 85' lang='lat' dir='ltr'><strong>sex.</strong></span> <span class='ocrx_word' id='word_1_452' title='bbox 570 4336 616 4394; x_wconf 85' lang='lat' dir='ltr'><strong>A</strong></span> <span class='ocrx_word' id='word_1_453' title='bbox 641 4337 892 4410; x_wconf 87' lang='lat' dir='ltr'><strong>propriis</strong></span> <span class='ocrx_word' id='word_1_454' title='bbox 913 4338 1244 4412; x_wconf 87' lang='lat' dir='ltr'><strong>jugulatur.</strong></span> 
     </span>
    </p>
   </div>
   <div class='ocr_carea' id='block_1_77' title="bbox 494 4425 2064 4507">
    <p class='ocr_par' dir='ltr' id='par_1_77' title="bbox 494 4425 2064 4507">
     <span class='ocr_line' id='line_1_77' title="bbox 494 4425 2064 4507; baseline 0.007 -26"><span class='ocrx_word' id='word_1_455' title='bbox 494 4425 628 4483; x_wconf 89' lang='lat' dir='ltr'><strong>Post</strong></span> <span class='ocrx_word' id='word_1_456' title='bbox 654 4427 1016 4485; x_wconf 88' lang='lat' dir='ltr'><strong>Antoninum</strong></span> <span class='ocrx_word' id='word_1_457' title='bbox 1046 4431 1380 4489; x_wconf 81' lang='lat' dir='ltr'><strong>Antoninus</strong></span> <span class='ocrx_word' id='word_1_458' title='bbox 1436 4433 1772 4491; x_wconf 86' lang='lat' dir='ltr'><strong>Caracallus</strong></span> <span class='ocrx_word' id='word_1_459' title='bbox 1820 4434 2064 4507; x_wconf 90' lang='lat' dir='ltr'><strong>imperio</strong></span> 
     </span>
    </p>
   </div>
   <div class='ocr_carea' id='block_1_78' title="bbox 2167 3261 3163 3340">
    <p class='ocr_par' dir='ltr' id='par_1_78' title="bbox 2167 3261 3163 3340">
     <span class='ocr_line' id='line_1_78' title="bbox 2167 3261 3163 3340; baseline 0.005 -24"><span class='ocrx_word' id='word_1_460' title='bbox 2167 3262 2260 3316; x_wconf 79' lang='grc' dir='ltr'><strong>καὶ</strong></span> <span class='ocrx_word' id='word_1_461' title='bbox 2294 3261 2496 3338; x_wconf 81' lang='grc' dir='ltr'>ἐσφάγη</span> <span class='ocrx_word' id='word_1_462' title='bbox 2532 3263 2636 3319; x_wconf 79' lang='lat'>61:6</span> <span class='ocrx_word' id='word_1_463' title='bbox 2661 3267 2768 3319; x_wconf 82' lang='grc' dir='ltr'><strong>τῶν</strong></span> <span class='ocrx_word' id='word_1_464' title='bbox 2799 3269 3163 3340; x_wconf 82' lang='grc' dir='ltr'>στρατιωτῶν.</span> 
     </span>
    </p>
   </div>
   <div class='ocr_carea' id='block_1_79' title="bbox 2245 3345 3818 3427">
    <p class='ocr_par' dir='ltr' id='par_1_79' title="bbox 2245 3345 3818 3427">
     <span class='ocr_line' id='line_1_79' title="bbox 2245 3345 3818 3427; baseline -0.001 -19"><span class='ocrx_word' id='word_1_465' title='bbox 2245 3351 2401 3408; x_wconf 86' lang='grc' dir='ltr'><strong>Μετᾶ</strong></span> <span class='ocrx_word' id='word_1_466' title='bbox 2431 3349 2488 3406; x_wconf 73' lang='grc' dir='ltr'><strong>δὲ</strong></span> <span class='ocrx_word' id='word_1_467' title='bbox 2539 3349 2836 3426; x_wconf 86' lang='grc' dir='ltr'>[Ιερτίνακα</span> <span class='ocrx_word' id='word_1_468' title='bbox 2885 3345 3202 3407; x_wconf 86' lang='grc' dir='ltr'>ἐϐασίλευσε</span> <span class='ocrx_word' id='word_1_469' title='bbox 3260 3349 3452 3414; x_wconf 80' lang='grc' dir='ltr'>Δάδιος</span> <span class='ocrx_word' id='word_1_470' title='bbox 3513 3358 3688 3427; x_wconf 79' lang='grc' dir='ltr'>μῆνας</span> <span class='ocrx_word' id='word_1_471' title='bbox 3745 3349 3818 3424; x_wconf 87' lang='grc' dir='ltr'><strong>δ’,</strong></span> 
     </span>
    </p>
   </div>
   <div class='ocr_carea' id='block_1_80' title="bbox 2168 3439 3823 3518">
    <p class='ocr_par' dir='ltr' id='par_1_80' title="bbox 2168 3439 3823 3518">
     <span class='ocr_line' id='line_1_80' title="bbox 2168 3439 3823 3518; baseline 0.003 -25"><span class='ocrx_word' id='word_1_472' title='bbox 2168 3439 2228 3502; x_wconf 77' lang='grc' dir='ltr'>ὅς</span> <span class='ocrx_word' id='word_1_473' title='bbox 2279 3441 2370 3496; x_wconf 85' lang='grc' dir='ltr'>καὶ</span> <span class='ocrx_word' id='word_1_474' title='bbox 2427 3439 2728 3504; x_wconf 83' lang='grc' dir='ltr'>Ἰουλιανὸς</span> <span class='ocrx_word' id='word_1_475' title='bbox 2787 3439 3020 3516; x_wconf 74' lang='grc' dir='ltr'>λέγεται,</span> <span class='ocrx_word' id='word_1_476' title='bbox 3091 3440 3182 3496; x_wconf 81' lang='grc' dir='ltr'>καὶ</span> <span class='ocrx_word' id='word_1_477' title='bbox 3259 3441 3466 3518; x_wconf 72' lang='grc' dir='ltr'>ἐσφάγη</span> <span class='ocrx_word' id='word_1_478' title='bbox 3547 3442 3652 3497; x_wconf 83' lang='grc' dir='ltr'>ὐπὸ</span> <span class='ocrx_word' id='word_1_479' title='bbox 3719 3446 3823 3498; x_wconf 79' lang='grc' dir='ltr'><strong>τοῦ</strong></span> 
     </span>
    </p>
   </div>
   <div class='ocr_carea' id='block_1_81' title="bbox 2167 3527 3822 3608">
    <p class='ocr_par' dir='ltr' id='par_1_81' title="bbox 2167 3527 3822 3608">
     <span class='ocr_line' id='line_1_81' title="bbox 2167 3527 3822 3608; baseline 0.001 -23"><span class='ocrx_word' id='word_1_480' title='bbox 2167 3527 2628 3607; x_wconf 80' lang='grc' dir='ltr'>κουϐικουλαρίου</span> <span class='ocrx_word' id='word_1_481' title='bbox 2662 3530 2740 3594; x_wconf 83' lang='grc' dir='ltr'>εἰς</span> <span class='ocrx_word' id='word_1_482' title='bbox 2771 3531 2866 3600; x_wconf 81' lang='grc' dir='ltr'>τὴν</span> <span class='ocrx_word' id='word_1_483' title='bbox 2898 3532 3082 3608; x_wconf 75' lang='grc' dir='ltr'>πηγήν</span> <span class='ocrx_word' id='word_1_484' title='bbox 3131 3534 3228 3586; x_wconf 81' lang='grc' dir='ltr'>τοῦ</span> <span class='ocrx_word' id='word_1_485' title='bbox 3277 3529 3546 3587; x_wconf 86' lang='grc' dir='ltr'>παλατίου</span> <span class='ocrx_word' id='word_1_486' title='bbox 3596 3532 3822 3607; x_wconf 78' lang='grc' dir='ltr'>θεωρῶν</span> 
     </span>
    </p>
   </div>
   <div class='ocr_carea' id='block_1_82' title="bbox 2165 3618 2544 3694">
    <p class='ocr_par' dir='ltr' id='par_1_82' title="bbox 2165 3618 2544 3694">
     <span class='ocr_line' id='line_1_82' title="bbox 2165 3618 2544 3694; baseline -0.005 -18"><span class='ocrx_word' id='word_1_487' title='bbox 2165 3619 2296 3684; x_wconf 79' lang='grc' dir='ltr'>τοὺς</span> <span class='ocrx_word' id='word_1_488' title='bbox 2325 3618 2544 3694; x_wconf 76' lang='grc' dir='ltr'>ἰχθύας.</span> 
     </span>
    </p>
   </div>
   <div class='ocr_carea' id='block_1_83' title="bbox 2240 3704 3830 3790">
    <p class='ocr_par' dir='ltr' id='par_1_83' title="bbox 2240 3704 3830 3790">
     <span class='ocr_line' id='line_1_83' title="bbox 2240 3704 3830 3790; baseline 0.001 -22"><span class='ocrx_word' id='word_1_489' title='bbox 2240 3710 2392 3768; x_wconf 85' lang='grc' dir='ltr'>Μετὰ</span> <span class='ocrx_word' id='word_1_490' title='bbox 2427 3707 2484 3764; x_wconf 79' lang='grc' dir='ltr'><strong>δὲ</strong></span> <span class='ocrx_word' id='word_1_491' title='bbox 2525 3706 2718 3766; x_wconf 81' lang='grc' dir='ltr'>Δάδιον</span> <span class='ocrx_word' id='word_1_492' title='bbox 2773 3705 3090 3766; x_wconf 88' lang='grc' dir='ltr'>ἐϐασίλευσε</span> <span class='ocrx_word' id='word_1_493' title='bbox 3139 3705 3386 3786; x_wconf 79' lang='grc' dir='ltr'>Σεϐἧρος</span> <span class='ocrx_word' id='word_1_494' title='bbox 3428 3704 3522 3781; x_wconf 75' lang='grc' dir='ltr'>ἔτη</span> <span class='ocrx_word' id='word_1_495' title='bbox 3567 3711 3660 3782; x_wconf 87' lang='grc' dir='ltr'>ιη’.</span> <span class='ocrx_word' id='word_1_496' title='bbox 3702 3712 3830 3790; x_wconf 60' lang='lat' dir='ltr'><strong>’E?’</strong></span> 
     </span>
    </p>
   </div>
   <div class='ocr_carea' id='block_1_84' title="bbox 2171 3796 3838 3876">
    <p class='ocr_par' dir='ltr' id='par_1_84' title="bbox 2171 3796 3838 3876">
     <span class='ocr_line' id='line_1_84' title="bbox 2171 3796 3838 3876; baseline 0.001 -22"><span class='ocrx_word' id='word_1_497' title='bbox 2171 3796 2234 3854; x_wconf 73' lang='grc' dir='ltr'>οὗ</span> <span class='ocrx_word' id='word_1_498' title='bbox 2294 3797 2574 3871; x_wconf 81' lang='grc' dir='ltr'>Λεωνίδης</span> <span class='ocrx_word' id='word_1_499' title='bbox 2633 3801 2660 3855; x_wconf 91' lang='lat'><strong>6</strong></span> <span class='ocrx_word' id='word_1_500' title='bbox 2714 3798 3010 3863; x_wconf 87' lang='grc' dir='ltr'>ἐπίσκοπος</span> <span class='ocrx_word' id='word_1_501' title='bbox 3091 3799 3183 3855; x_wconf 86' lang='grc' dir='ltr'><strong>καὶ</strong></span> <span class='ocrx_word' id='word_1_502' title='bbox 3254 3801 3432 3875; x_wconf 71' lang='grc' dir='ltr'>πατὴρ</span> <span class='ocrx_word' id='word_1_503' title='bbox 3510 3801 3838 3876; x_wconf 73' lang='grc' dir='ltr'>Ὠριγένους</span> 
     </span>
    </p>
   </div>
   <div class='ocr_carea' id='block_1_85' title="bbox 2172 3888 3835 3966">
    <p class='ocr_par' dir='ltr' id='par_1_85' title="bbox 2172 3888 3835 3966">
     <span class='ocr_line' id='line_1_85' title="bbox 2172 3888 3835 3966; baseline 0.001 -22"><span class='ocrx_word' id='word_1_504' title='bbox 2172 3888 2540 3966; x_wconf 80' lang='grc' dir='ltr'>ἐμαρτύρησε,</span> <span class='ocrx_word' id='word_1_505' title='bbox 2592 3889 2684 3945; x_wconf 83' lang='grc' dir='ltr'>καὶ</span> <span class='ocrx_word' id='word_1_506' title='bbox 2741 3889 3042 3964; x_wconf 69' lang='grc' dir='ltr'>Κλήμηςὸ</span> <span class='ocrx_word' id='word_1_507' title='bbox 3100 3888 3466 3965; x_wconf 77' lang='grc' dir='ltr'>Στρωματεὺς</span> <span class='ocrx_word' id='word_1_508' title='bbox 3519 3890 3612 3945; x_wconf 84' lang='grc' dir='ltr'>καὶ</span> <span class='ocrx_word' id='word_1_509' title='bbox 3669 3890 3835 3966; x_wconf 69' lang='grc' dir='ltr'><strong>Σύμο</strong></span> 
     </span>
    </p>
   </div>
   <div class='ocr_carea' id='block_1_86' title="bbox 2175 3980 3200 4057">
    <p class='ocr_par' dir='ltr' id='par_1_86' title="bbox 2175 3980 3200 4057">
     <span class='ocr_line' id='line_1_86' title="bbox 2175 3980 3200 4057; baseline 0.004 -23"><span class='ocrx_word' id='word_1_510' title='bbox 2175 3998 2362 4054; x_wconf 81' lang='grc' dir='ltr'>μαχος</span> <span class='ocrx_word' id='word_1_511' title='bbox 2393 3980 2482 4034; x_wconf 88' lang='grc' dir='ltr'>καὶ</span> <span class='ocrx_word' id='word_1_512' title='bbox 2513 3980 2788 4056; x_wconf 82' lang='grc' dir='ltr'>Ὥριγένης</span> <span class='ocrx_word' id='word_1_513' title='bbox 2819 3980 3200 4057; x_wconf 85' lang='grc' dir='ltr'>ἐγνωρίζοντο.</span> 
     </span>
    </p>
   </div>
   <div class='ocr_carea' id='block_1_87' title="bbox 2244 4062 3833 4144">
    <p class='ocr_par' dir='ltr' id='par_1_87' title="bbox 2244 4062 3833 4144">
     <span class='ocr_line' id='line_1_87' title="bbox 2244 4062 3833 4144; baseline 0.001 -21"><span class='ocrx_word' id='word_1_514' title='bbox 2244 4066 2401 4123; x_wconf 85' lang='grc' dir='ltr'><strong>Μετὰ</strong></span> <span class='ocrx_word' id='word_1_515' title='bbox 2459 4064 2518 4122; x_wconf 71' lang='grc' dir='ltr'><strong>δὲ</strong></span> <span class='ocrx_word' id='word_1_516' title='bbox 2585 4062 2824 4144; x_wconf 80' lang='grc' dir='ltr'>Σεϐῆρον</span> <span class='ocrx_word' id='word_1_517' title='bbox 2913 4063 3254 4123; x_wconf 87' lang='grc' dir='ltr'>ἐϐασίλευσεν</span> <span class='ocrx_word' id='word_1_518' title='bbox 3331 4068 3652 4131; x_wconf 86' lang='grc' dir='ltr'>Ἀντωνῖνος</span> <span class='ocrx_word' id='word_1_519' title='bbox 3732 4073 3833 4126; x_wconf 79' lang='grc' dir='ltr'><strong>καὶ</strong></span> 
     </span>
    </p>
   </div>
   <div class='ocr_carea' id='block_1_88' title="bbox 2170 4153 3833 4236">
    <p class='ocr_par' dir='ltr' id='par_1_88' title="bbox 2170 4153 3833 4236">
     <span class='ocr_line' id='line_1_88' title="bbox 2170 4153 3833 4236; baseline 0.003 -24"><span class='ocrx_word' id='word_1_520' title='bbox 2170 4153 2394 4220; x_wconf 80' lang='grc' dir='ltr'>Γέταςὸ</span> <span class='ocrx_word' id='word_1_521' title='bbox 2435 4154 2668 4236; x_wconf 78' lang='grc' dir='ltr'>ἀδελφὸς</span> <span class='ocrx_word' id='word_1_522' title='bbox 2727 4156 2892 4214; x_wconf 80' lang='grc' dir='ltr'>αὐτοῦ</span> <span class='ocrx_word' id='word_1_523' title='bbox 2952 4163 3126 4230; x_wconf 86' lang='grc' dir='ltr'>μῆνας</span> <span class='ocrx_word' id='word_1_524' title='bbox 3321 4159 3420 4214; x_wconf 77' lang='grc' dir='ltr'><strong>Καὶ</strong></span> <span class='ocrx_word' id='word_1_525' title='bbox 3471 4157 3672 4236; x_wconf 75' lang='grc' dir='ltr'>σφάξας</span> <span class='ocrx_word' id='word_1_526' title='bbox 3730 4161 3833 4216; x_wconf 82' lang='grc' dir='ltr'>τὸν</span> 
     </span>
    </p>
   </div>
   <div class='ocr_carea' id='block_1_89' title="bbox 2171 4243 3833 4325">
    <p class='ocr_par' dir='ltr' id='par_1_89' title="bbox 2171 4243 3833 4325">
     <span class='ocr_line' id='line_1_89' title="bbox 2171 4243 3833 4325; baseline 0.002 -24"><span class='ocrx_word' id='word_1_527' title='bbox 2171 4243 2409 4323; x_wconf 80' lang='grc' dir='ltr'><strong>ἀδελφὸν</strong></span> <span class='ocrx_word' id='word_1_528' title='bbox 2467 4246 2636 4302; x_wconf 81' lang='grc' dir='ltr'>αὐτοῦ</span> <span class='ocrx_word' id='word_1_529' title='bbox 2691 4245 2782 4302; x_wconf 82' lang='grc' dir='ltr'>καὶ</span> <span class='ocrx_word' id='word_1_530' title='bbox 2843 4247 3197 4323; x_wconf 75' lang='grc' dir='ltr'>μοναρχήσας</span> <span class='ocrx_word' id='word_1_531' title='bbox 3256 4244 3350 4318; x_wconf 76' lang='grc' dir='ltr'>ἔτη</span> <span class='ocrx_word' id='word_1_532' title='bbox 3411 4247 3457 4310; x_wconf 77' lang='grc' dir='ltr'>ς“</span> <span class='ocrx_word' id='word_1_533' title='bbox 3519 4247 3833 4325; x_wconf 78' lang='grc' dir='ltr'>ἀναιρεῖται</span> 
     </span>
    </p>
   </div>
   <div class='ocr_carea' id='block_1_90' title="bbox 2175 4333 2624 4393">
    <p class='ocr_par' dir='ltr' id='par_1_90' title="bbox 2175 4333 2624 4393">
     <span class='ocr_line' id='line_1_90' title="bbox 2175 4333 2624 4393; baseline 0.011 -5"><span class='ocrx_word' id='word_1_534' title='bbox 2175 4335 2280 4390; x_wconf 86' lang='grc' dir='ltr'><strong>ὑπὸ</strong></span> <span class='ocrx_word' id='word_1_535' title='bbox 2307 4339 2416 4392; x_wconf 82' lang='grc' dir='ltr'><strong>τῶν</strong></span> <span class='ocrx_word' id='word_1_536' title='bbox 2447 4333 2624 4393; x_wconf 83' lang='grc' dir='ltr'>ἰδίων.</span> 
     </span>
    </p>
   </div>
   <div class='ocr_carea' id='block_1_91' title="bbox 2252 4420 3837 4492">
    <p class='ocr_par' dir='ltr' id='par_1_91' title="bbox 2252 4420 3837 4492">
     <span class='ocr_line' id='line_1_91' title="bbox 2252 4420 3837 4492; baseline 0.004 -13"><span class='ocrx_word' id='word_1_537' title='bbox 2252 4424 2400 4484; x_wconf 83' lang='grc' dir='ltr'>Μετᾶ</span> <span class='ocrx_word' id='word_1_538' title='bbox 2456 4422 2514 4480; x_wconf 70' lang='grc' dir='ltr'><strong>δὲ</strong></span> <span class='ocrx_word' id='word_1_539' title='bbox 2573 4427 2894 4483; x_wconf 87' lang='grc' dir='ltr'>Ἀντωνῖνον</span> <span class='ocrx_word' id='word_1_540' title='bbox 2969 4420 3318 4482; x_wconf 81' lang='grc' dir='ltr'>ἐϐασίλευσεν</span> <span class='ocrx_word' id='word_1_541' title='bbox 3406 4427 3740 4492; x_wconf 85' lang='grc' dir='ltr'>Ἀντωνῖνος</span> <span class='ocrx_word' id='word_1_542' title='bbox 3803 4432 3837 4486; x_wconf 91' lang='lat'><strong>6</strong></span> 
     </span>
    </p>
   </div>
   <div class='ocr_carea' id='block_1_92' title="bbox 421 4512 2063 4601">
    <p class='ocr_par' dir='ltr' id='par_1_92' title="bbox 421 4517 2063 4596">
     <span class='ocr_line' id='line_1_92' title="bbox 421 4517 2063 4596; baseline 0.007 -24"><span class='ocrx_word' id='word_1_543' title='bbox 421 4517 654 4589; x_wconf 72' lang='lat' dir='ltr'><strong>prasfuit</strong></span> <span class='ocrx_word' id='word_1_544' title='bbox 681 4535 866 4576; x_wconf 89' lang='lat' dir='ltr'><strong>annos</strong></span> <span class='ocrx_word' id='word_1_545' title='bbox 895 4519 1102 4592; x_wconf 80' lang='lat' dir='ltr'><strong>viginti</strong></span> <span class='ocrx_word' id='word_1_546' title='bbox 1133 4536 1256 4577; x_wconf 90' lang='lat' dir='ltr'><strong>sex.</strong></span> <span class='ocrx_word' id='word_1_547' title='bbox 1289 4524 1354 4578; x_wconf 92' lang='lat' dir='ltr'><strong>In</strong></span> <span class='ocrx_word' id='word_1_548' title='bbox 1383 4521 1581 4596; x_wconf 68' lang='lat' dir='ltr'><strong>prmlio</strong></span> <span class='ocrx_word' id='word_1_549' title='bbox 1611 4523 1914 4582; x_wconf 88' lang='lat' dir='ltr'><strong>occiditur.</strong></span> <span class='ocrx_word' id='word_1_550' title='bbox 1945 4526 2063 4584; x_wconf 90' lang='lat' dir='ltr'><strong>Sub</strong></span> 
     </span>
    </p>
   </div>
   <div class='ocr_carea' id='block_1_93' title="bbox 2191 4512 3840 4601">
    <p class='ocr_par' dir='ltr' id='par_1_93' title="bbox 2191 4512 3840 4601">
     <span class='ocr_line' id='line_1_93' title="bbox 2191 4512 3840 4601; baseline -0.019 -26"><span class='ocrx_word' id='word_1_551' title='bbox 2191 4515 2500 4593; x_wconf 68' lang='grc' dir='ltr'>ἰαράκαλος</span> <span class='ocrx_word' id='word_1_552' title='bbox 2558 4512 2652 4586; x_wconf 77' lang='grc' dir='ltr'>ἔτη</span> <span class='ocrx_word' id='word_1_553' title='bbox 2709 4515 2810 4584; x_wconf 85' lang='grc' dir='ltr'>κζ’,</span> <span class='ocrx_word' id='word_1_554' title='bbox 2867 4514 2957 4570; x_wconf 88' lang='grc' dir='ltr'>καὶ</span> <span class='ocrx_word' id='word_1_555' title='bbox 3012 4513 3219 4594; x_wconf 75' lang='grc' dir='ltr'>ἐσφάγη</span> <span class='ocrx_word' id='word_1_556' title='bbox 3279 4513 3332 4571; x_wconf 87' lang='grc' dir='ltr'><strong>ἐν</strong></span> <span class='ocrx_word' id='word_1_557' title='bbox 3387 4514 3648 4592; x_wconf 61' lang='grc' dir='ltr'>πολέμῳ,</span> <span class='ocrx_word' id='word_1_558' title='bbox 3711 4521 3840 4601; x_wconf 60' lang='grc' dir='ltr'><strong>Ἐφ’</strong></span> 
     </span>
    </p>
   </div>
   <div class='ocr_carea' id='block_1_94' title="bbox 421 4607 1374 4670">
    <p class='ocr_par' dir='ltr' id='par_1_94' title="bbox 421 4607 1374 4670">
     <span class='ocr_line' id='line_1_94' title="bbox 421 4607 1374 4670; baseline 0.007 -7"><span class='ocrx_word' id='word_1_559' title='bbox 421 4623 487 4664; x_wconf 91' lang='lat' dir='ltr'><strong>eo</strong></span> <span class='ocrx_word' id='word_1_560' title='bbox 517 4607 772 4664; x_wconf 84' lang='lat' dir='ltr'><strong>Galenus</strong></span> <span class='ocrx_word' id='word_1_561' title='bbox 807 4610 1071 4668; x_wconf 85' lang='lat' dir='ltr'><strong>medicus</strong></span> <span class='ocrx_word' id='word_1_562' title='bbox 1097 4609 1374 4670; x_wconf 88' lang='lat' dir='ltr'><strong>innotuit.</strong></span> 
     </span>
    </p>
   </div>
   <div class='ocr_carea' id='block_1_95' title="bbox 492 4700 2056 4778">
    <p class='ocr_par' dir='ltr' id='par_1_95' title="bbox 492 4700 2056 4778">
     <span class='ocr_line' id='line_1_95' title="bbox 492 4700 2056 4778; baseline 0.007 -27"><span class='ocrx_word' id='word_1_563' title='bbox 492 4700 789 4755; x_wconf 83' lang='lat' dir='ltr'><strong>Antonino</strong></span> <span class='ocrx_word' id='word_1_564' title='bbox 819 4701 1084 4758; x_wconf 89' lang='lat' dir='ltr'><strong>succedit</strong></span> <span class='ocrx_word' id='word_1_565' title='bbox 1111 4701 1757 4776; x_wconf 85' lang='lat' dir='ltr'><strong>Macrinus,regnatque</strong></span> <span class='ocrx_word' id='word_1_566' title='bbox 1781 4708 1970 4764; x_wconf 67' lang='lat' dir='ltr'><strong>Annos</strong></span> <span class='ocrx_word' id='word_1_567' title='bbox 1989 4705 2056 4778; x_wconf 71' lang='lat'><strong>4;</strong></span> 
     </span>
    </p>
   </div>
   <div class='ocr_carea' id='block_1_96' title="bbox 423 4787 1262 4851">
    <p class='ocr_par' dir='ltr' id='par_1_96' title="bbox 423 4787 1262 4851">
     <span class='ocr_line' id='line_1_96' title="bbox 423 4787 1262 4851; baseline 0.011 -9"><span class='ocrx_word' id='word_1_568' title='bbox 423 4787 495 4842; x_wconf 91' lang='lat' dir='ltr'><strong>ab</strong></span> <span class='ocrx_word' id='word_1_569' title='bbox 529 4789 820 4846; x_wconf 77' lang='lat' dir='ltr'><strong>Antonino</strong></span> <span class='ocrx_word' id='word_1_570' title='bbox 851 4791 1122 4849; x_wconf 88' lang='lat' dir='ltr'><strong>sublatus</strong></span> <span class='ocrx_word' id='word_1_571' title='bbox 1152 4797 1262 4851; x_wconf 87' lang='lat' dir='ltr'><strong>est.</strong></span> 
     </span>
    </p>
   </div>
   <div class='ocr_carea' id='block_1_97' title="bbox 491 4875 2059 4955">
    <p class='ocr_par' dir='ltr' id='par_1_97' title="bbox 491 4875 2059 4955">
     <span class='ocr_line' id='line_1_97' title="bbox 491 4875 2059 4955; baseline 0.008 -25"><span class='ocrx_word' id='word_1_572' title='bbox 491 4875 592 4931; x_wconf 75' lang='lat'><strong>32</strong></span> <span class='ocrx_word' id='word_1_573' title='bbox 618 4875 752 4932; x_wconf 90' lang='lat' dir='ltr'><strong>Post</strong></span> <span class='ocrx_word' id='word_1_574' title='bbox 780 4877 1100 4936; x_wconf 88' lang='lat' dir='ltr'><strong>Macrinum</strong></span> <span class='ocrx_word' id='word_1_575' title='bbox 1131 4879 1448 4955; x_wconf 82' lang='lat' dir='ltr'><strong>imperium</strong></span> <span class='ocrx_word' id='word_1_576' title='bbox 1498 4885 1682 4942; x_wconf 88' lang='lat' dir='ltr'><strong>tenuit</strong></span> <span class='ocrx_word' id='word_1_577' title='bbox 1729 4885 2059 4943; x_wconf 88' lang='lat' dir='ltr'><strong>Antoninus</strong></span> 
     </span>
    </p>
   </div>
   <div class='ocr_carea' id='block_1_98' title="bbox 421 4962 1490 5032">
    <p class='ocr_par' dir='ltr' id='par_1_98' title="bbox 421 4962 1490 5032">
     <span class='ocr_line' id='line_1_98' title="bbox 421 4962 1490 5032; baseline 0.009 -10"><span class='ocrx_word' id='word_1_578' title='bbox 421 4962 625 5022; x_wconf 88' lang='lat' dir='ltr'><strong>Galba.</strong></span> <span class='ocrx_word' id='word_1_579' title='bbox 659 4965 1026 5024; x_wconf 89' lang='lat' dir='ltr'><strong>lnterimitur</strong></span> <span class='ocrx_word' id='word_1_580' title='bbox 1045 4970 1116 5025; x_wconf 92' lang='lat' dir='ltr'><strong>ab</strong></span> <span class='ocrx_word' id='word_1_581' title='bbox 1139 4970 1490 5032; x_wconf 85' lang='lat' dir='ltr'><strong>Alexandro.</strong></span> 
     </span>
    </p>
   </div>
   <div class='ocr_carea' id='block_1_99' title="bbox 494 5055 2058 5130">
    <p class='ocr_par' dir='ltr' id='par_1_99' title="bbox 494 5055 2058 5130">
     <span class='ocr_line' id='line_1_99' title="bbox 494 5055 2058 5130; baseline 0.009 -24"><span class='ocrx_word' id='word_1_582' title='bbox 494 5057 626 5110; x_wconf 86' lang='lat' dir='ltr'><strong>Post</strong></span> <span class='ocrx_word' id='word_1_583' title='bbox 669 5055 1028 5112; x_wconf 90' lang='lat' dir='ltr'><strong>Antoninum</strong></span> <span class='ocrx_word' id='word_1_584' title='bbox 1069 5057 1376 5130; x_wconf 87' lang='lat' dir='ltr'><strong>imperavit</strong></span> <span class='ocrx_word' id='word_1_585' title='bbox 1430 5063 1755 5122; x_wconf 85' lang='lat' dir='ltr'><strong>Alexander</strong></span> <span class='ocrx_word' id='word_1_586' title='bbox 1810 5065 2058 5122; x_wconf 68' lang='lat' dir='ltr'><strong>Mamaea:</strong></span> 
     </span>
    </p>
   </div>
   <div class='ocr_carea' id='block_1_100' title="bbox 418 5144 2060 5214">
    <p class='ocr_par' dir='ltr' id='par_1_100' title="bbox 418 5144 2060 5214">
     <span class='ocr_line' id='line_1_100' title="bbox 418 5144 2060 5214; baseline 0.005 -14"><span class='ocrx_word' id='word_1_587' title='bbox 418 5144 578 5201; x_wconf 86' lang='lat' dir='ltr'><strong>filius</strong></span> <span class='ocrx_word' id='word_1_588' title='bbox 612 5159 800 5201; x_wconf 89' lang='lat' dir='ltr'><strong>annos</strong></span> <span class='ocrx_word' id='word_1_589' title='bbox 827 5145 1130 5214; x_wconf 88' lang='lat' dir='ltr'><strong>tredecim,</strong></span> <span class='ocrx_word' id='word_1_590' title='bbox 1160 5152 1218 5204; x_wconf 86' lang='lat' dir='ltr'><strong>et</strong></span> <span class='ocrx_word' id='word_1_591' title='bbox 1255 5150 1484 5208; x_wconf 89' lang='lat' dir='ltr'><strong>insidiis</strong></span> <span class='ocrx_word' id='word_1_592' title='bbox 1537 5153 1834 5209; x_wconf 86' lang='lat' dir='ltr'><strong>Maximini</strong></span> <span class='ocrx_word' id='word_1_593' title='bbox 1895 5153 2060 5210; x_wconf 89' lang='lat' dir='ltr'><strong>ducis</strong></span> 
     </span>
    </p>
   </div>
   <div class='ocr_carea' id='block_1_101' title="bbox 421 5233 2061 5299">
    <p class='ocr_par' dir='ltr' id='par_1_101' title="bbox 421 5233 2061 5299">
     <span class='ocr_line' id='line_1_101' title="bbox 421 5233 2061 5299; baseline 0.007 -11"><span class='ocrx_word' id='word_1_594' title='bbox 421 5233 850 5290; x_wconf 87' lang='lat' dir='ltr'><strong>circumventus</strong></span> <span class='ocrx_word' id='word_1_595' title='bbox 879 5249 1013 5290; x_wconf 90' lang='lat' dir='ltr'><strong>cum</strong></span> <span class='ocrx_word' id='word_1_596' title='bbox 1033 5235 1274 5293; x_wconf 68' lang='lat' dir='ltr'><strong>Mamaea</strong></span> <span class='ocrx_word' id='word_1_597' title='bbox 1298 5243 1482 5295; x_wconf 90' lang='lat' dir='ltr'><strong>matre</strong></span> <span class='ocrx_word' id='word_1_598' title='bbox 1501 5240 1754 5298; x_wconf 90' lang='lat' dir='ltr'><strong>violenta</strong></span> <span class='ocrx_word' id='word_1_599' title='bbox 1773 5248 1952 5299; x_wconf 86' lang='lat' dir='ltr'><strong>morte</strong></span> <span class='ocrx_word' id='word_1_600' title='bbox 1965 5259 2061 5298; x_wconf 89' lang='lat' dir='ltr'><strong>oc-</strong></span> 
     </span>
    </p>
   </div>
   <div class='ocr_carea' id='block_1_102' title="bbox 421 5322 2059 5402">
    <p class='ocr_par' dir='ltr' id='par_1_102' title="bbox 421 5322 2059 5402">
     <span class='ocr_line' id='line_1_102' title="bbox 421 5322 2059 5402; baseline 0.005 -22"><span class='ocrx_word' id='word_1_601' title='bbox 421 5323 643 5380; x_wconf 90' lang='lat' dir='ltr'><strong>cubuit.</strong></span> <span class='ocrx_word' id='word_1_602' title='bbox 677 5322 794 5378; x_wconf 92' lang='lat' dir='ltr'><strong>Sub</strong></span> <span class='ocrx_word' id='word_1_603' title='bbox 825 5339 890 5380; x_wconf 90' lang='lat' dir='ltr'><strong>eo</strong></span> <span class='ocrx_word' id='word_1_604' title='bbox 919 5323 1229 5382; x_wconf 89' lang='lat' dir='ltr'><strong>Narcissus</strong></span> <span class='ocrx_word' id='word_1_605' title='bbox 1262 5326 1798 5399; x_wconf 83' lang='lat' dir='ltr'><strong>Hierosolymorum</strong></span> <span class='ocrx_word' id='word_1_606' title='bbox 1838 5331 2059 5402; x_wconf 85' lang='lat' dir='ltr'><strong>episco-</strong></span> 
     </span>
    </p>
   </div>
   <div class='ocr_carea' id='block_1_103' title="bbox 420 5413 2061 5487">
    <p class='ocr_par' dir='ltr' id='par_1_103' title="bbox 420 5413 2061 5487">
     <span class='ocr_line' id='line_1_103' title="bbox 420 5413 2061 5487; baseline 0.005 -19"><span class='ocrx_word' id='word_1_607' title='bbox 420 5429 554 5486; x_wconf 90' lang='lat' dir='ltr'><strong>pus,</strong></span> <span class='ocrx_word' id='word_1_608' title='bbox 587 5429 722 5470; x_wconf 91' lang='lat' dir='ltr'><strong>cum</strong></span> <span class='ocrx_word' id='word_1_609' title='bbox 753 5413 905 5470; x_wconf 91' lang='lat' dir='ltr'><strong>inter</strong></span> <span class='ocrx_word' id='word_1_610' title='bbox 932 5414 1352 5487; x_wconf 84' lang='lat' dir='ltr'><strong>baptizandum</strong></span> <span class='ocrx_word' id='word_1_611' title='bbox 1391 5417 1586 5474; x_wconf 91' lang='lat' dir='ltr'><strong>oleum</strong></span> <span class='ocrx_word' id='word_1_612' title='bbox 1633 5419 1929 5476; x_wconf 91' lang='lat' dir='ltr'><strong>unctionis</strong></span> <span class='ocrx_word' id='word_1_613' title='bbox 1959 5421 2061 5477; x_wconf 90' lang='lat' dir='ltr'><strong>de-</strong></span> 
     </span>
    </p>
   </div>
   <div class='ocr_carea' id='block_1_104' title="bbox 421 5502 2058 5582">
    <p class='ocr_par' dir='ltr' id='par_1_104' title="bbox 421 5502 2058 5582">
     <span class='ocr_line' id='line_1_104' title="bbox 421 5502 2058 5582; baseline 0.002 -20"><span class='ocrx_word' id='word_1_614' title='bbox 421 5503 680 5572; x_wconf 89' lang='lat' dir='ltr'><strong>fecisset,</strong></span> <span class='ocrx_word' id='word_1_615' title='bbox 709 5502 886 5576; x_wconf 88' lang='lat' dir='ltr'><strong>jussit</strong></span> <span class='ocrx_word' id='word_1_616' title='bbox 927 5507 993 5560; x_wconf 89' lang='lat' dir='ltr'><strong>ut</strong></span> <span class='ocrx_word' id='word_1_617' title='bbox 1020 5521 1174 5576; x_wconf 85' lang='lat' dir='ltr'><strong>aqua</strong></span> <span class='ocrx_word' id='word_1_618' title='bbox 1203 5504 1263 5561; x_wconf 91' lang='lat' dir='ltr'><strong>in</strong></span> <span class='ocrx_word' id='word_1_619' title='bbox 1285 5521 1386 5562; x_wconf 89' lang='lat' dir='ltr'><strong>vas</strong></span> <span class='ocrx_word' id='word_1_620' title='bbox 1420 5505 1848 5582; x_wconf 84' lang='lat' dir='ltr'><strong>infunderetur,</strong></span> <span class='ocrx_word' id='word_1_621' title='bbox 1883 5525 2058 5582; x_wconf 90' lang='lat' dir='ltr'><strong>quam</strong></span> 
     </span>
    </p>
   </div>
   <div class='ocr_carea' id='block_1_105' title="bbox 419 5593 1436 5674">
    <p class='ocr_par' dir='ltr' id='par_1_105' title="bbox 419 5593 1436 5674">
     <span class='ocr_line' id='line_1_105' title="bbox 419 5593 1436 5674; baseline -0.001 -19"><span class='ocrx_word' id='word_1_622' title='bbox 419 5593 694 5674; x_wconf 88' lang='lat' dir='ltr'><strong>precibus</strong></span> <span class='ocrx_word' id='word_1_623' title='bbox 723 5595 782 5652; x_wconf 89' lang='lat' dir='ltr'><strong>in</strong></span> <span class='ocrx_word' id='word_1_624' title='bbox 814 5593 1010 5656; x_wconf 87' lang='lat' dir='ltr'><strong>oleum</strong></span> <span class='ocrx_word' id='word_1_625' title='bbox 1038 5593 1436 5654; x_wconf 87' lang='lat' dir='ltr'><strong>commutavit.</strong></span> 
     </span>
    </p>
   </div>
   <div class='ocr_carea' id='block_1_106' title="bbox 2169 4603 2908 4680">
    <p class='ocr_par' dir='ltr' id='par_1_106' title="bbox 2169 4603 2908 4680">
     <span class='ocr_line' id='line_1_106' title="bbox 2169 4603 2908 4680; baseline -0.011 -14"><span class='ocrx_word' id='word_1_626' title='bbox 2169 4610 2230 4667; x_wconf 83' lang='grc' dir='ltr'>οὗ</span> <span class='ocrx_word' id='word_1_627' title='bbox 2262 4609 2329 4680; x_wconf 77' lang='grc' dir='ltr'>ἦν</span> <span class='ocrx_word' id='word_1_628' title='bbox 2365 4605 2614 4676; x_wconf 84' lang='grc' dir='ltr'>Γαληνὸς</span> <span class='ocrx_word' id='word_1_629' title='bbox 2645 4607 2672 4660; x_wconf 91' lang='lat'><strong>6</strong></span> <span class='ocrx_word' id='word_1_630' title='bbox 2702 4603 2908 4680; x_wconf 81' lang='grc' dir='ltr'>ἰατρός.</span> 
     </span>
    </p>
   </div>
   <div class='ocr_carea' id='block_1_107' title="bbox 2240 4689 3839 4772">
    <p class='ocr_par' dir='ltr' id='par_1_107' title="bbox 2240 4689 3839 4772">
     <span class='ocr_line' id='line_1_107' title="bbox 2240 4689 3839 4772; baseline -0.009 -15"><span class='ocrx_word' id='word_1_631' title='bbox 2240 4697 2388 4756; x_wconf 81' lang='grc' dir='ltr'>Μετὰ</span> <span class='ocrx_word' id='word_1_632' title='bbox 2416 4693 2474 4751; x_wconf 66' lang='grc' dir='ltr'><strong>δὲ</strong></span> <span class='ocrx_word' id='word_1_633' title='bbox 2509 4695 2832 4753; x_wconf 86' lang='grc' dir='ltr'>Ἀντωνῖνον</span> <span class='ocrx_word' id='word_1_634' title='bbox 2894 4689 3210 4750; x_wconf 88' lang='grc' dir='ltr'>ἐϐασίλευσε</span> <span class='ocrx_word' id='word_1_635' title='bbox 3265 4696 3544 4770; x_wconf 86' lang='grc' dir='ltr'>Μακρῖνος</span> <span class='ocrx_word' id='word_1_636' title='bbox 3599 4691 3698 4769; x_wconf 79' lang='grc' dir='ltr'>ἔτη</span> <span class='ocrx_word' id='word_1_637' title='bbox 3753 4697 3839 4772; x_wconf 60' lang='grc' dir='ltr'><strong>δ’,</strong></span> 
     </span>
    </p>
   </div>
   <div class='ocr_carea' id='block_1_108' title="bbox 2166 4783 3004 4865">
    <p class='ocr_par' dir='ltr' id='par_1_108' title="bbox 2166 4783 3004 4865">
     <span class='ocr_line' id='line_1_108' title="bbox 2166 4783 3004 4865; baseline -0.005 -19"><span class='ocrx_word' id='word_1_638' title='bbox 2166 4789 2260 4846; x_wconf 85' lang='grc' dir='ltr'><strong>καὶ</strong></span> <span class='ocrx_word' id='word_1_639' title='bbox 2291 4785 2496 4865; x_wconf 82' lang='grc' dir='ltr'>ἐσφάγη</span> <span class='ocrx_word' id='word_1_640' title='bbox 2525 4785 2627 4840; x_wconf 84' lang='grc' dir='ltr'><strong>ὑπὸ</strong></span> <span class='ocrx_word' id='word_1_641' title='bbox 2658 4783 3004 4842; x_wconf 83' lang='grc' dir='ltr'>⁰Αντώνίνου.</span> 
     </span>
    </p>
   </div>
   <div class='ocr_carea' id='block_1_109' title="bbox 2241 4867 3839 4950">
    <p class='ocr_par' dir='ltr' id='par_1_109' title="bbox 2241 4867 3839 4950">
     <span class='ocr_line' id='line_1_109' title="bbox 2241 4867 3839 4950; baseline -0.001 -16"><span class='ocrx_word' id='word_1_642' title='bbox 2241 4877 2392 4935; x_wconf 85' lang='grc' dir='ltr'>Μετᾶ</span> <span class='ocrx_word' id='word_1_643' title='bbox 2446 4873 2507 4930; x_wconf 72' lang='grc' dir='ltr'><strong>δὲ</strong></span> <span class='ocrx_word' id='word_1_644' title='bbox 2590 4879 2862 4950; x_wconf 78' lang='grc' dir='ltr'>Μακρῖνον</span> <span class='ocrx_word' id='word_1_645' title='bbox 2949 4867 3290 4930; x_wconf 77' lang='grc' dir='ltr'>ἐϐασίλευσεν</span> <span class='ocrx_word' id='word_1_646' title='bbox 3379 4875 3708 4943; x_wconf 83' lang='grc' dir='ltr'>’Δντωνῖνος</span> <span class='ocrx_word' id='word_1_647' title='bbox 3804 4879 3839 4932; x_wconf 87' lang='lat'><strong>6</strong></span> 
     </span>
    </p>
   </div>
   <div class='ocr_carea' id='block_1_110' title="bbox 2170 4960 3326 5039">
    <p class='ocr_par' dir='ltr' id='par_1_110' title="bbox 2170 4960 3326 5039">
     <span class='ocr_line' id='line_1_110' title="bbox 2170 4960 3326 5039; baseline -0.008 -13"><span class='ocrx_word' id='word_1_648' title='bbox 2170 4962 2410 5036; x_wconf 85' lang='grc' dir='ltr'>Γάλϐας,</span> <span class='ocrx_word' id='word_1_649' title='bbox 2442 4963 2534 5021; x_wconf 86' lang='grc' dir='ltr'>καὶ</span> <span class='ocrx_word' id='word_1_650' title='bbox 2566 4962 2774 5039; x_wconf 73' lang='grc' dir='ltr'>ἐσφάγη</span> <span class='ocrx_word' id='word_1_651' title='bbox 2810 4964 2912 5020; x_wconf 84' lang='grc' dir='ltr'>ὑπὸ</span> <span class='ocrx_word' id='word_1_652' title='bbox 2944 4960 3326 5038; x_wconf 78' lang='grc' dir='ltr'>Ἀλεξανδρου.</span> 
     </span>
    </p>
   </div>
   <div class='ocr_carea' id='block_1_111' title="bbox 2244 5048 3840 5134">
    <p class='ocr_par' dir='ltr' id='par_1_111' title="bbox 2244 5048 3840 5134">
     <span class='ocr_line' id='line_1_111' title="bbox 2244 5048 3840 5134; baseline 0.001 -20"><span class='ocrx_word' id='word_1_653' title='bbox 2244 5056 2398 5114; x_wconf 83' lang='grc' dir='ltr'>Μετᾶ</span> <span class='ocrx_word' id='word_1_654' title='bbox 2457 5053 2516 5111; x_wconf 71' lang='grc' dir='ltr'><strong>δὲ</strong></span> <span class='ocrx_word' id='word_1_655' title='bbox 2573 5056 2894 5112; x_wconf 88' lang='grc' dir='ltr'>Ἀντωνῖνον</span> <span class='ocrx_word' id='word_1_656' title='bbox 2974 5048 3315 5109; x_wconf 87' lang='grc' dir='ltr'>ἐϐασίλευσεν</span> <span class='ocrx_word' id='word_1_657' title='bbox 3380 5052 3732 5134; x_wconf 63' lang='grc' dir='ltr'>Ἀλέξανδρος</span> <span class='ocrx_word' id='word_1_658' title='bbox 3807 5062 3840 5116; x_wconf 89' lang='lat'><strong>6</strong></span> 
     </span>
    </p>
   </div>
   <div class='ocr_carea' id='block_1_112' title="bbox 2171 5139 3841 5221">
    <p class='ocr_par' dir='ltr' id='par_1_112' title="bbox 2171 5139 3841 5221">
     <span class='ocr_line' id='line_1_112' title="bbox 2171 5139 3841 5221; baseline -0.002 -16"><span class='ocrx_word' id='word_1_659' title='bbox 2171 5144 2432 5220; x_wconf 85' lang='grc' dir='ltr'>Μαμαίας</span> <span class='ocrx_word' id='word_1_660' title='bbox 2463 5139 2557 5214; x_wconf 73' lang='grc' dir='ltr'>ἔτη</span> <span class='ocrx_word' id='word_1_661' title='bbox 2621 5150 2702 5218; x_wconf 85' lang='grc' dir='ltr'>ιγ’,</span> <span class='ocrx_word' id='word_1_662' title='bbox 2757 5143 2847 5198; x_wconf 84' lang='grc' dir='ltr'>καὶ</span> <span class='ocrx_word' id='word_1_663' title='bbox 2907 5140 3109 5221; x_wconf 80' lang='grc' dir='ltr'>ἐσφάγη</span> <span class='ocrx_word' id='word_1_664' title='bbox 3167 5140 3258 5198; x_wconf 77' lang='grc' dir='ltr'><strong>σὺν</strong></span> <span class='ocrx_word' id='word_1_665' title='bbox 3309 5145 3378 5216; x_wconf 77' lang='grc' dir='ltr'>τῇ</span> <span class='ocrx_word' id='word_1_666' title='bbox 3439 5147 3612 5220; x_wconf 84' lang='grc' dir='ltr'>μητρὶ</span> <span class='ocrx_word' id='word_1_667' title='bbox 3653 5145 3841 5204; x_wconf 78' lang='grc' dir='ltr'>αὐτοῦ</span> 
     </span>
    </p>
   </div>
   <div class='ocr_carea' id='block_1_113' title="bbox 2176 5227 3846 5318">
    <p class='ocr_par' dir='ltr' id='par_1_113' title="bbox 2176 5227 3846 5318">
     <span class='ocr_line' id='line_1_113' title="bbox 2176 5227 3846 5318; baseline -0.014 -23"><span class='ocrx_word' id='word_1_668' title='bbox 2176 5234 2406 5311; x_wconf 82' lang='grc' dir='ltr'>Μαμαίᾳ</span> <span class='ocrx_word' id='word_1_669' title='bbox 2464 5233 2512 5304; x_wconf 83' lang='grc' dir='ltr'>ἐξ</span> <span class='ocrx_word' id='word_1_670' title='bbox 2569 5227 2870 5302; x_wconf 79' lang='grc' dir='ltr'>ἐπιϐουλῆς</span> <span class='ocrx_word' id='word_1_671' title='bbox 2929 5230 3234 5305; x_wconf 76' lang='grc' dir='ltr'>Μαξιμίνου</span> <span class='ocrx_word' id='word_1_672' title='bbox 3314 5239 3643 5311; x_wconf 70' lang='grc' dir='ltr'>στρατηγοῦ,</span> <span class='ocrx_word' id='word_1_673' title='bbox 3699 5237 3846 5318; x_wconf 52' lang='grc' dir='ltr'><strong>Ἐφ’</strong></span> 
     </span>
    </p>
   </div>
   <div class='ocr_carea' id='block_1_114' title="bbox 2174 5320 3838 5400">
    <p class='ocr_par' dir='ltr' id='par_1_114' title="bbox 2174 5320 3838 5400">
     <span class='ocr_line' id='line_1_114' title="bbox 2174 5320 3838 5400; baseline -0.002 -19"><span class='ocrx_word' id='word_1_674' title='bbox 2174 5323 2236 5381; x_wconf 75' lang='grc' dir='ltr'>οὗ</span> <span class='ocrx_word' id='word_1_675' title='bbox 2295 5324 2600 5400; x_wconf 83' lang='grc' dir='ltr'>Νάρκισσος</span> <span class='ocrx_word' id='word_1_676' title='bbox 2655 5321 2948 5384; x_wconf 83' lang='grc' dir='ltr'>ἐπίσκοπος</span> <span class='ocrx_word' id='word_1_677' title='bbox 3000 5320 3400 5396; x_wconf 73' lang='grc' dir='ltr'>Ἱεροσολύμων</span> <span class='ocrx_word' id='word_1_678' title='bbox 3459 5320 3511 5378; x_wconf 86' lang='grc' dir='ltr'><strong>ἐν</strong></span> <span class='ocrx_word' id='word_1_679' title='bbox 3571 5329 3651 5398; x_wconf 77' lang='grc' dir='ltr'>τῷ</span> <span class='ocrx_word' id='word_1_680' title='bbox 3709 5326 3838 5400; x_wconf 77' lang='grc' dir='ltr'><strong>βα-</strong></span> 
     </span>
    </p>
   </div>
   <div class='ocr_carea' id='block_1_115' title="bbox 2170 5407 3840 5487">
    <p class='ocr_par' dir='ltr' id='par_1_115' title="bbox 2170 5407 3840 5487">
     <span class='ocr_line' id='line_1_115' title="bbox 2170 5407 3840 5487; baseline -0.002 -17"><span class='ocrx_word' id='word_1_681' title='bbox 2170 5413 2403 5485; x_wconf 84' lang='grc' dir='ltr'>πτίζειν,</span> <span class='ocrx_word' id='word_1_682' title='bbox 2433 5409 2620 5468; x_wconf 82' lang='grc' dir='ltr'>ἐλαίου</span> <span class='ocrx_word' id='word_1_683' title='bbox 2667 5414 2762 5466; x_wconf 80' lang='grc' dir='ltr'>τοῦ</span> <span class='ocrx_word' id='word_1_684' title='bbox 2812 5408 3118 5487; x_wconf 87' lang='grc' dir='ltr'>χρίσματος</span> <span class='ocrx_word' id='word_1_685' title='bbox 3177 5407 3486 5482; x_wconf 80' lang='grc' dir='ltr'>λείψαντος,</span> <span class='ocrx_word' id='word_1_686' title='bbox 3535 5409 3840 5474; x_wconf 81' lang='grc' dir='ltr'>ἐκέλευσεν</span> 
     </span>
    </p>
   </div>
   <div class='ocr_carea' id='block_1_116' title="bbox 2172 5497 3844 5582">
    <p class='ocr_par' dir='ltr' id='par_1_116' title="bbox 2172 5497 3844 5582">
     <span class='ocr_line' id='line_1_116' title="bbox 2172 5497 3844 5582; baseline 0.001 -22"><span class='ocrx_word' id='word_1_687' title='bbox 2172 5502 2318 5580; x_wconf 77' lang='grc' dir='ltr'>ὕδωρ</span> <span class='ocrx_word' id='word_1_688' title='bbox 2349 5502 2402 5560; x_wconf 86' lang='grc' dir='ltr'><strong>ἐν</strong></span> <span class='ocrx_word' id='word_1_689' title='bbox 2460 5505 2540 5582; x_wconf 82' lang='grc' dir='ltr'>τῷ</span> <span class='ocrx_word' id='word_1_690' title='bbox 2597 5508 2830 5580; x_wconf 85' lang='grc' dir='ltr'>κρατῆρι</span> <span class='ocrx_word' id='word_1_691' title='bbox 2881 5498 3170 5576; x_wconf 79' lang='grc' dir='ltr'>βληθῆναι,</span> <span class='ocrx_word' id='word_1_692' title='bbox 3225 5497 3318 5554; x_wconf 81' lang='grc' dir='ltr'>καὶ</span> <span class='ocrx_word' id='word_1_693' title='bbox 3383 5501 3844 5578; x_wconf 84' lang='grc' dir='ltr'>προσευξάμενος</span> 
     </span>
    </p>
   </div>
   <div class='ocr_carea' id='block_1_117' title="bbox 2171 5586 2973 5670">
    <p class='ocr_par' dir='ltr' id='par_1_117' title="bbox 2171 5586 2973 5670">
     <span class='ocr_line' id='line_1_117' title="bbox 2171 5586 2973 5670; baseline -0.005 -16"><span class='ocrx_word' id='word_1_694' title='bbox 2171 5593 2249 5662; x_wconf 70' lang='grc' dir='ltr'>εἷς</span> <span class='ocrx_word' id='word_1_695' title='bbox 2279 5589 2462 5652; x_wconf 80' lang='grc' dir='ltr'>ἔλαιον</span> <span class='ocrx_word' id='word_1_696' title='bbox 2487 5596 2651 5651; x_wconf 73' lang='grc' dir='ltr'>τοῦτο</span> <span class='ocrx_word' id='word_1_697' title='bbox 2683 5586 2973 5670; x_wconf 74' lang='grc' dir='ltr'>μετέϐαλε.</span> 
     </span>
    </p>
   </div>
  </div>
