4150 6292
304 286 401 346 ω
1691 287 1789 349 0H
1799 287 2366 352 RONOGRAPHIA

3613 290 3735 353 256

379 415 519 471 Ὶετὶ
581 412 640 471 δὲ
724 413 1081 493 Ἀλέξανδρον
1138 413 1452 474 ἐϐασίλευσε
1514 420 1820 493 Μαξιμῖνος
1879 417 1970 490 ἔτη

2159 427 2291 480 Post
2318 424 2715 482 Alexandrum
2746 424 2992 496 imperat
3024 421 3370 479 Maximinus
3401 437 3589 478 annos
3616 426 3735 478 tres

347 507 404 577 ἦ.
424 506 497 558 ταὶ
535 503 753 583 ἐσοάγη
791 507 902 561 ὑπὸ
934 510 1031 562 τοῦ
1057 511 1286 582 στρατοῦ
1313 503 1498 565 αότοῦ.
1534 509 1653 586 Ἐφ’
1712 509 1807 562 οὗι
1833 511 1981 566 Λαυ-

360 596 519 665 giras;
561 596 652 649 καὶ
710 596 1029 670 Κυπριανὸς
1079 596 1478 673 ἐμαρτύρησαν.

410 686 534 738 Βετᾶ
561 684 619 740 δὲ
660 686 981 760 Μαξιμὶνον
1032 683 1346 744 ἐϐασίλευσε
1404 686 1749 750 Πουπλιανὸς
1808 695 1977 762 μῆνας

365 774 418 847 β’,
445 784 526 828 καί
565 774 768 854 ἐσιράγη
807 774 862 830 ἐν
895 774 1150 851 πολέμῳ.

401 864 538 918 Μετᾶ
591 862 647 919 δὲ
714 864 1063 922 Ιιουπλιανὸν
1155 862 1470 923 ἐϐασίλευσε
1554 866 1775 942 Ἰούνωρ
1875 873 1975 942 μῆ,

344 974 420 1016 νας

399 1063 538 1118 Μετᾶ
566 1061 624 1119 δὲ
668 1068 928 1137 Ἰουνωρα
969 1059 1285 1122 ἐϐασίλευσε
1342 1065 1638 1143 Γορδιανὸς
1708 1066 1827 1128 υἱὸς
1882 1064 1979 1120 αύ-

336 1157 421 1208 τοῦ
449 1148 541 1223 ἔτη
575 1149 639 1221 δ’,
664 1154 755 1209 καὶ
785 1152 837 1208 ἐν
883 1152 1121 1230 πολέμῳ
1162 1157 1452 1232 συμπεσὼν
1498 1162 1578 1230 τῷ
1633 1156 1788 1229 ’ἰππῳ
1845 1154 1976 1211 ἀπέ-

336 1242 497 1299 οανεν.

398 1350 557 1406 Μετὰ
611 1347 670 1404 δὲ
723 1348 1022 1425 Γορόιανὸν
1077 1348 1392 1411 ἐϐασίλευσε
1441 1353 1732 1418 Φίλιππος
1782 1354 1811 1409 6
1876 1359 1979 1424 τῆς

341 1440 356 1455 0
402 1437 412 1455 1
562 1436 574 1455 9
930 1442 944 1458 1
1028 1439 1053 1461 ν
1267 1442 1276 1459 ο
1561 1446 1574 1462 \
1928 1441 1942 1462 Ι

331 1459 475 1511 αγιας
516 1438 775 1516 Ευγενίας
804 1461 991 1517 πατηρ
1026 1463 1118 1513 ετη
1151 1445 1214 1512 ε’,
1246 1445 1304 1506 ὃς
1361 1443 1454 1500 καὶ
1514 1465 1616 1514 την
1659 1442 1976 1499 Φιλιππου-

330 1526 490 1583 πολιν
518 1525 747 1586 ἔκτισεν.
801 1529 1068 1605 Ἀνῃρέθη
1128 1528 1185 1587 δὲ
1221 1533 1335 1605 ’ἅμα
1390 1537 1470 1605 τῷ
1498 1534 1603 1606 υἱῷ
1651 1533 1753 1587 ὑπὸ
1786 1535 1975 1587 Δεκίου

329 1614 414 1672 διὰ
443 1619 506 1675 τὸ
544 1619 681 1694 ὑπὲρ
710 1624 1057 1697 Χριστιανῶν
1089 1621 1467 1698 ἀγωνίζεσθαι.

2088 513 2278 569 Asuis
2310 513 2597 570 militibus
2634 514 3040 570 obtruncatur.
3066 512 3182 569 Sub
3216 527 3280 569 eo
3312 512 3741 569 Laurentiuset

2086 603 2408 675 Cyprianus
2440 621 2542 675 pro
2576 603 2798 660 Christo
2828 603 2945 659 vita
2970 603 3290 675 privantur.

2159 695 2474 753 Maximino
2512 697 2787 753 successit
2840 694 3163 752 Publianus
3218 711 3445 752 menses
3477 695 3645 767 duos,
3675 695 3733 751 in

2088 785 2289 855 proelio
2323 786 2734 857 interemptus.

2158 873 2439 933 Publiano
2467 877 2647 933 Junor
2679 892 2909 933 menses
2938 891 3056 933 sex.

2155 1068 2362 1126 Junori
2393 1068 2715 1126 Gordianus
2746 1069 2901 1125 ﬁlius
2931 1085 3118 1125 annos
3152 1074 3419 1140 quatuor.
3453 1066 3555 1125 Hic
3588 1082 3734 1139 equo

2086 1157 2146 1214 in
2180 1158 2377 1228 proelio
2401 1160 2711 1216 concidens
2737 1175 2767 1216 e
2797 1160 2912 1214 vita
2950 1157 3185 1230 migrat.

2156 1337 2444 1394 Gordiano
2522 1335 2807 1394 successit
2915 1335 3223 1408 Philippus
3324 1337 3537 1391 sanctas
3622 1334 3731 1391 Eu-

2084 1428 2270 1499 geniae
2327 1433 2514 1500 pater,
2571 1427 2871 1498 tenuitque
2930 1425 3246 1499 imperium
3303 1442 3488 1483 annos
3555 1425 3731 1498 quin-

2085 1534 2219 1590 que.
2279 1509 2383 1573 Hié
2442 1516 2900 1589 Philippopolim
2956 1514 3237 1584 condidit,
3280 1530 3587 1587 eassusque
3642 1522 3731 1571 est

2087 1626 2205 1666 una
2235 1623 2370 1665 cum
2403 1606 2521 1663 filio
2542 1624 2576 1664 a
2596 1606 2789 1675 Decio,
2809 1607 2964 1678 quod
2979 1605 3335 1663 Christianas
3364 1610 3559 1678 partes
3590 1609 3736 1665 tuta-

2084 1702 2263 1757 retur.

387 1799 536 1855 Μετά
580 1794 640 1852 δὲ
672 1796 954 1854 Φίλιππον
987 1794 1330 1856 ἐϐασίλευσεν
1385 1802 1611 1877 Ἰούνωρ
1665 1800 1781 1863 υἱὸς
1838 1806 1972 1875 Γορ-

2158 1789 2292 1845 Post
2323 1786 2656 1861 Philippum
2686 1786 2993 1860 imperavit
3029 1788 3212 1842 Junor
3241 1785 3517 1843 Gordiani
3574 1787 3731 1844 ﬁlius

320 1884 498 1941 διανοῦ
530 1886 630 1957 ἔτη
667 1888 736 1962 β’,
766 1888 858 1942 καὶ
885 1885 1171 1964 ὕδεριάσας
1215 1889 1492 1955 ἀπέθανεν·
1559 1892 1675 1969 Ἐφ’
1734 1890 1797 1945 οὗ
1858 1895 1969 1944 Σαα

320 1969 542 2039 ϐἑλλιος
574 1978 602 2031 6
634 1977 1001 2052 αἱρεσισὶρχης
1033 1978 1373 2055 ἐγνωρίζετο.

384 2064 539 2120 Μετᾶ
567 2061 626 2119 δὲ
659 2065 919 2138 Ἰούνωρα
948 2060 1257 2122 ἐϐασίλευσε
1283 2068 1502 2143 Μάρκος
1531 2064 1625 2140 ἔτη
1654 2068 1721 2143 γ’.

386 2154 537 2209 Μετά
595 2151 658 2208 δὲ
714 2154 939 2229 Μάρκον
992 2150 1331 2212 ἐϐασίλευσεν
1409 2154 1793 2222 Ἰουσδινιανὸς
1875 2154 1969 2228 ἔτη

322 2243 387 2316 β’,
427 2245 517 2298 καὶ
555 2238 1029 2320 φλεϐοτομηθεῒς,
1079 2242 1371 2321 ἐπειδήπερ
1424 2244 1654 2322 ἐξεχύθη
1713 2246 1777 2302 τὸ
1831 2247 1974 2319 αἷμα

322 2331 483 2387 αὖτοῦ
512 2332 567 2388 ἐν
597 2338 681 2405 τῷ
709 2330 1013 2405 καθεύδειν,
1047 2333 1435 2409 λιποθυμήσας
1468 2335 1715 2401 ἀπέθανε.

387 2422 540 2478 Μετὰ
606 2420 669 2477 δὲ
722 2423 1107 2478 Ἰουστινιανὸν
1173 2418 1489 2481 ἐϐασίλευσε
1549 2424 1830 2488 Φίλιππος
1877 2422 1970 2495 ἔτη

321 2511 423 2581 κζ’,
451 2511 543 2565 καὶ
575 2511 776 2588 ἐσφάγη
811 2511 864 2566 ἐν
892 2516 976 2585 τῷ
1007 2511 1280 2586 παλατίῳ,

394 2619 547 2671 Μετᾶ
588 2618 647 2673 6‘s
707 2618 993 2675 Φίλιππον
1055 2614 1399 2677 ἐϐασίλευσεν
1458 2620 1825 2698 Οὐαλεριανὸς
1856 2615 1976 2686 ἔτος

336 2701 415 2770 ἓν,
437 2706 530 2758 καὶ
558 2706 751 2783 ἐσφάγη
791 2709 897 2765 ὑπὸ
930 2714 1031 2765 τοῦ
1065 2708 1200 2765 λαοῦ
1231 2709 1418 2771 αὐτοῦ.

408 2794 564 2849 Μετὰ
588 2792 645 2849 6‘s
672 2796 1025 2875 Οὐαλεριανὸν
1058 2793 1374 2855 ἐϐασίλευσε
1420 2797 1636 2864 Γάλλος
1702 2807 1850 2876 μῆνα
1905 2799 1973 2869 α’,

331 2881 428 2937 καί
460 2879 670 2960 ἐσφάγη
700 2887 955 2950 καθεύδων
993 2888 1100 2943 ὑπὸ
1137 2895 1237 2958 τῆς
1267 2886 1409 2955 ἰδίας
1438 2891 1714 2965 γυναικός.

385 2993 546 3049 Μετᾶ
603 2989 657 3048 δὲ
710 2995 916 3053 Γάλλον
989 2991 1305 3054 ἐϐασίλευσε
1363 2998 1553 3061 Δέκιος
1608 2994 1727 3061 ἔτος
1797 2999 1862 3069 α’,
1886 2996 1976 3054 καὶ

304 3082 525 3161 ἐσφάγη
560 3082 615 3139 ἐν
652 3089 731 3159 τῷ
759 3086 1023 3161 πολέμῳο
1052 3088 1198 3167 h’Etp’
1247 3088 1308 3143 οὗ
1355 3089 1448 3143 καὶ
1492 3083 1745 3151 Βαϐύλας
1791 3089 1820 3143 6
1862 3089 1973 3145 Ἀν-

298 3173 561 3253 τιοχείας
652 3176 742 3230 χαί
795 3171 1118 3240 Φλαϐιανὸς
1170 3178 1396 3253 Ῥωμης
1460 3178 1552 3234 καὶ
1618 3175 1975 3252 Ἀλέξανδρος

304 3263 713 3338 Ἰεροσολύμων
774 3267 867 3321 καὶ
933 3265 1212 3328 Διονύσιος
1266 3265 1675 3343 Ἀλεξανδρείας
1748 3266 1980 3344 ἐμαρτύ-

320 3370 504 3426 ρησαν,
562 3353 657 3409 καὶ
709 3356 960 3417 Ναυάτος
1018 3361 1117 3426 τῆς
1183 3353 1517 3427 Ἐκκλησίας
1586 3354 1817 3429 ἀπέστη,
1883 3357 1977 3411 καὶ

316 3439 575 3505 Κελσαῖος
604 3444 633 3497 6
663 3444 1035 3522 αἳρεσιάρχης
1065 3442 1403 3520 ἐγνωρίζετο.

381 3532 536 3588 Μετᾶ
594 3530 654 3587 δὲ
712 3531 903 3588 Δέκιον
962 3527 1307 3590 ἐϐασίλευσεν
1369 3533 1698 3610 Δίμιλιανὸς
1756 3532 1877 3599 ἔτος
1908 3535 1976 3607 α’,

320 3621 404 3674 καὶ
433 3620 640 3698 ἐσφὰγη
676 3620 729 3676 ἐν
756 3626 839 3697 τῷ
860 3620 1139 3696 παλατίῳ.

389 3729 533 3783 Μετὰ
581 3724 639 3783 δὲ
693 3726 1029 3802 Αἱμιλιανὸν
1100 3724 1413 3787 ἐϐασίλευσε
1468 3732 1767 3797 Γαλλιανὸς
1851 3731 1975 3805 ἔτη-

334 3833 395 3884 γ.
452 3817 542 3872 καὶ
602 3817 806 3896 ἐσφάγη
870 3817 926 3873 ἐν
998 3815 1253 3894 πολεμῳ.
1305 3821 1423 3898 Ἐφ’
1477 3822 1858 3899 οὗἈρτέμίος
1884 3823 1975 3878 καὶ

343 3904 581 3962 Συνέπων
626 3909 677 3962 οἱ
731 3908 1091 3984 αἱρεσιάρχαι
1137 3906 1518 3985 ἐγνωρίζοντο,
1603 3910 1693 3966 καὶ
1764 3911 1977 3988 Γρηγό-

347 4008 452 4075 pte;
502 3996 532 4050 ἀ
591 3996 1020 4073 Θαυματουργὸς
1067 3997 1097 4051 ὁ
1168 3998 1260 4053 καὶ
1338 4000 1588 4073 μαθητὴς
1661 4001 1974 4075 Ὠριγένους

349 4071 623 4157 διέπρεπεν.

408 4174 542 4229 Μετὰ
569 4172 624 4232 δὲ
652 4175 967 4233 Γαλλιανὸν
1001 4168 1313 4234 ἐϐασίλευσε
1344 4175 1616 4243 Κλαύδιος
1646 4172 1739 4251 ἔτη
1782 4174 1850 4240 ϐ’.

406 4352 542 4409 Μετᾶ
590 4353 648 4411 δὲ
704 4353 987 4412 Κλαύδιον
1038 4349 1353 4413 ἐϐασίλευσε
1407 4357 1759 4422 Κυντιλιανὸς
1831 4357 1971 4434 ἠμέ-

341 4455 430 4509 ρας
460 4442 514 4511 ζ’.

2083 1894 2268 1935 annos
2290 1878 2459 1934 duos.
2491 1880 2654 1949 Aqua
2700 1877 2989 1934 intercute
3044 1875 3456 1948 exstinguitur.
3513 1875 3634 1933 Sub
3666 1892 3732 1933 eo

2080 1965 2366 2025 Sabellius
2398 1966 2785 2023 haeresiarcha
2813 1966 3058 2022 vivebat.

2153 2043 2283 2096 Post
2304 2040 2582 2096 Junorem
2613 2040 2875 2112 regnavit
2903 2042 3129 2095 Marcus
3162 2053 3345 2094 annos
3378 2045 3511 2094 tres.

2153 2130 2253 2186 38
2283 2132 2419 2187 Post
2446 2128 2704 2186 Marcum
2745 2127 3113 2184 Justinianus
3166 2143 3353 2184 annos
3401 2128 3568 2184 duos.
3624 2128 3730 2185 Hic

2082 2217 2237 2274 inter
2263 2219 2675 2275 dormiendum
2708 2219 2868 2274 venis
2918 2215 3209 2274 intercisis
3240 2218 3573 2290 amissoque
3603 2235 3735 2275 san-

2084 2309 2260 2381 guine
2290 2308 2470 2365 animi
2504 2307 2761 2381 deliquio
2796 2308 2989 2380 periit.

2152 2398 2289 2455 Post
2308 2398 2704 2456 Justinianum
2726 2398 2973 2471 imperat
2989 2398 3296 2472 Philippus
3320 2416 3503 2457 annos
3524 2399 3734 2473 viginti

2084 2505 2206 2555 sex,
2240 2492 2296 2544 et
2326 2488 2384 2544 in
2418 2487 2631 2559 palatio
2662 2488 3062 2545 obtruncatur.

2152 2579 2293 2635 Post
2322 2576 2657 2649 Philippum
2706 2575 3049 2633 Valerianus
3098 2593 3317 2634 annum
3352 2594 3559 2649 unum,
3611 2582 3667 2637 et
3698 2597 3731 2635 a

2085 2666 2207 2722 suis
2239 2666 2608 2721 interficitur.

2155 2755 2293 2812 Post
2330 2754 2706 2811 Valerianum
2750 2754 2943 2811 Gallus
3001 2771 3265 2813 mensem
3320 2773 3522 2814 unum.
3574 2756 3727 2814 Inter

2088 2844 2497 2902 dormiendum
2529 2844 2601 2899 ab
2636 2860 2815 2900 uxore
2845 2850 3106 2900 necatur.

2112 2995 2119 3002 ς
2157 2954 2292 3010 Post
2330 2950 2561 3009 Gallum
2595 2950 2801 3008 Decius
2830 2968 3051 3010 annum
3084 2968 3287 3009 unum.
3340 2953 3405 3011 In
3459 2952 3735 3012 conﬂictu

2087 3042 2495 3115 exstinguitur.
2530 3040 2647 3097 Sub
2676 3057 2743 3096 eo
2775 3040 3020 3115 Babylas
3065 3041 3477 3112 Antiochenus,
3509 3043 3734 3100 Flavia-

2013 3166 2057 3233 ο
2086 3150 2200 3189 nus
2230 3134 2551 3200 Romanus,
2582 3130 2907 3231 Adexander
2936 3129 3494 3233 Hierosolymitanus
3527 3136 3583 3189 et
3605 3132 3735 3191 Dio-

2087 3222 2288 3295 nysius
2316 3220 2744 3278 Alexandrinus
2774 3220 3032 3293 episcopi
3061 3221 3274 3279 Christi
3332 3238 3504 3279 causa
3560 3239 3732 3279 occu-

2087 3311 2361 3366 buerunt.
2396 3308 2648 3366 Novatus
2689 3309 2763 3365 ab
2801 3309 3058 3367 Ecclesia
3087 3308 3305 3367 scissus
3364 3314 3422 3366 et
3483 3310 3733 3369 Cclsaeus

2086 3400 2226 3457 item
2257 3399 2646 3456 baeresiarcha
2664 3398 3128 3469 cognoscebatur.

2156 3493 2297 3547 Post
2325 3489 2566 3546 Decium
2596 3488 2906 3561 imperium
2938 3488 3373 3546 administravit
3392 3490 3735 3548 [Emilianus

2086 3594 2310 3635 annum
2348 3593 2546 3635 unum.
2580 3578 2645 3633 In
2675 3577 2892 3649 palatio
2921 3582 3229 3635 mactatus.

2160 3687 2293 3742 Post
2321 3685 2696 3741 Emilianum
2730 3684 3032 3741 Gallianus
3053 3700 3239 3741 annos
3261 3688 3397 3739 tres.
3433 3685 3495 3739 In
3529 3686 3729 3756 proelio

2086 3774 2388 3832 occiditur.
2421 3775 2562 3845 Ejus
2592 3773 2838 3845 imperio
2881 3774 3178 3830 Artemius
3222 3773 3563 3845 Synepoque
3616 3774 3727 3829 hai-

2086 3864 2388 3921 resiarchse
2423 3861 2947 3935 cognoscebantur.
2992 3861 3307 3933 Gregorius
3338 3862 3473 3917 item
3526 3861 3729 3918 Thau-

2085 3957 2389 4025 maturgus
2419 3950 2804 4024 Origenisque
2832 3949 3153 4022 discipulus
3181 3950 3443 4007 ﬂorebat.

2156 4172 2291 4229 Post
2321 4170 2647 4229 Gallianum
2681 4170 2998 4243 imperium
3021 4170 3213 4228 tenuit
3237 4168 3515 4229 Claudius
3547 4187 3731 4231 annos

2084 4263 2287 4411 ᾶυῐῗϐἐῑ
2317 4354 2625 4411 Claudium
2658 4352 3051 4420 Quintilianus
3080 4353 3203 4412 dies
3231 4355 3287 4412 7.

406 4534 543 4589 Μετὰ
613 4536 667 4594 δὲ
745 4536 1113 4597 Κυντιλιανὸν
1188 4534 1530 4596 ἐϐασίλευσεν
1628 4538 1972 4615 Αὖρηλιανὸς

2151 4543 2732 4611 PostQuintilianum
2785 4542 3135 4600 Aurelianus
3164 4558 3346 4598 annos
3378 4540 3651 4613 quinque.
3678 4546 3725 4597 A

341 4612 427 4712 ἶτη
476 4623 530 4712 3",
573 4627 660 4682 καὶ
701 4627 916 4709 ἐσφάγη
983 4627 1090 4682 ὑπὸ
1119 4631 1216 4683 τοῦ
1244 4612 1729 4706 κουϐικουλαρίουξ
1763 4631 1880 4712 Ἐφ’
1909 4632 1973 4687 οὗ

335 4706 472 4765 παίὸ
499 4708 640 4791 ἅγιος
670 4706 940 4796 Χαρίτων
996 4716 1349 4796 ὡμολόγησε,
1390 4720 1480 4775 καὶ
1512 4722 1700 4792 Μάνης
1755 4721 1783 4776 ὁ
1836 4706 1971 4796 *μια-

334 4797 422 4867 ρός
460 4805 544 4857 καί
586 4808 1022 4884 τρισκατάρατος
1074 4807 1303 4884 ἆνεφύη,
1360 4810 1588 4883 Χριστὸν
1633 4809 1820 4866 ἑαυτὸν
1877 4811 1969 4867 καὶ

334 4887 539 4975 μνεῦμα
566 4892 716 4972 ἅγιον
750 4898 781 4951 6
832 4894 1221 4970 δαιμονιώδης
1255 4899 1697 4975 μορφαζόμενος.
1753 4899 1968 4964 Ηαῦλος

333 4969 388 5066 δέ
436 4999 515 5045 τις
549 4969 626 5058 τῷ
699 4969 945 5044 Μανέντιν
990 4983 1170 5059 τούτῳ
1219 4969 1525 5065 σύγχρονος
1583 4989 1844 5066 γεγονὼς,
1904 4992 1967 5047 τὸ

327 5063 469 5139 γένος
499 5074 588 5145 μὶν
613 5073 995 5150 Σαμοσατεὺς,
1027 5063 1368 5151 Ἀντιοχείας
1435 5074 1493 5132 δὲ
1545 5063 1671 5148 τῆς-
1717 5079 1965 5154 μεγάλης

330 5157 599 5238 πρόεδρος,
632 5164 797 5241 ψιλὸν
838 5163 1129 5240 ἄνθρωπον
1159 5165 1294 5221 εἶναι
1324 5166 1419 5221 τὸν
1474 5164 1963 5247 Κύριονξδέδυσφή-

331 5265 505 5318 μησεν.
554 5256 688 5312 Εἶτα
743 5252 1185 5328 Ἀπολλινάριός
1251 5275 1335 5310 τις
1412 5255 1634 5337 ἀνεφύη,
1693 5254 1960 5333 πρόεδρος

328 5337 624 5409 Λαοδικείας
662 5352 765 5415 τῆς
821 5342 1058 5416 Συρίας,
1113 5343 1171 5405 ὃς
1200 5342 1372 5420 σάρκα
1439 5347 1532 5419 μὶν
1590 5346 1957 5422 ἐψυχωμένην

2084 4631 2445 4689 cubiculario
2502 4650 2702 4690 caesus.
2764 4633 2885 4688 Sub
2937 4633 3039 4687 84
3069 4647 3135 4688 eo
3190 4633 3427 4687 sanctus
3490 4628 3724 4687 Charito

2083 4722 2350 4793 martyrii
2370 4738 2645 4780 coronam
2687 4726 3001 4779 assecutus
3031 4724 3139 4776 est.
3200 4722 3486 4777 Praeterea
3536 4720 3734 4779 Manes

2080 4811 2294 4882 impius
2323 4815 2380 4867 et
2417 4815 2619 4883 terque
2650 4814 2966 4882 quaterque
2986 4811 3373 4867 exsecrandus
3404 4808 3608 4879 oritur,
3633 4812 3731 4887 qui

2080 4918 2143 4959 se
2172 4900 2479 4957 Christum
2502 4906 2560 4957 et
2590 4899 2873 4971 Spiritum
2905 4904 3176 4956 sanctum
3202 4917 3332 4958 esse
3360 4902 3727 4961 daemonibus

2077 4991 2095 5047 i
2105 5006 2203 5064 pse
2232 4989 2487 5064 percitus
2515 4988 2788 5061 iactabat.
2810 4988 3032 5046 Paulus
3047 4994 3209 5047 astate
3227 4989 3439 5048 Maneti
3469 5009 3727 5066 compar,

2074 5096 2281 5152 genere
2328 5080 2778 5148 Samosatenus,
2838 5079 3150 5137 Antiochiae
3211 5097 3434 5155 magnae
3490 5100 3729 5155 praeses,

2075 5171 2298 5227 nudum
2338 5167 2639 5225 hominem
2672 5167 2855 5225 fuisse
2885 5169 3197 5226 Dominum
3230 5171 3554 5227 oblatravit.
3586 5173 3732 5230 Sub-

2096 5260 2313 5316 secutis
2343 5257 2620 5329 deinceps
2650 5258 3013 5330 temporibus
3044 5258 3438 5333 Apollinarius
3468 5261 3730 5333 quidam,

2074 5350 2365 5407 Laodiceae
2397 5348 2577 5422 Syrias
2615 5348 2855 5420 praesul,
2888 5348 3202 5407 Dominum
3260 5366 3486 5407 carnem
3535 5351 3731 5409 anima

324 5427 465 5512 ψυχῇ
505 5438 706 5511 ζωτικῇ
767 5429 1129 5507 ἀνειληφέναι
1179 5433 1272 5490 τὸν
1326 5431 1519 5509 Κύριον
1562 5429 1767 5511 ἔλεγεν,
1799 5433 1960 5494 ἄνουν

2106 5441 2297 5498 ivente
2326 5438 2776 5504 animatam,sed
2792 5455 2919 5512 quas
2940 5440 3183 5497 rationis
3215 5439 3458 5496 minime
3485 5454 3723 5511 compos

325 5510 390 5579 Εέ,
419 5525 544 5589 Μεθ’
584 5523 643 5581 ὅν
673 5510 1037 5602 ἂναφαίνεταί
1091 5540 1173 5584 τις
1226 5519 1529 5600 Θεόδωρος,
1577 5510 1955 5602 Μοψουεστίας

2104 5533 2243 5597 sset,
2271 5527 2670 5602 assumpsisse
2694 5510 3041 5587 enuntiavit.
3101 5527 3239 5585 Post
3291 5510 3717 5598 Apollinarium

316 5608 511 5682 πόλεως
563 5617 618 5674 ἐν
669 5612 915 5686 Κιλικίᾳ
967 5609 1067 5683 τήΑ
1118 5610 1417 5693 ἡγεμονίαν
1477 5611 1692 5695 λαχὼν,
1752 5614 1811 5683 ὅς
1863 5611 1956 5678 ἕνα

2104 5618 2433 5692 ‘heodorus,
2473 5618 2898 5694 Mopsuestints
2927 5617 3088 5675 urbis
3142 5615 3204 5673 in
3262 5613 3457 5673 Cilicia
3506 5619 3718 5695 rector,
