4150 6292
448 329 571 390 255

2025 328 2288 390 JOELIS

3743 335 3864 395 256

446 460 744 517 Christum
805 459 1125 516 Dominum
1187 460 1486 516 hominem
1547 459 1716 516 nobis
1757 459 2010 516 similem
2041 465 2100 515 et

2230 476 2322 528 εῶν
2381 469 2500 532 καθ’
2535 467 2686 538 ἡμᾶς
2741 467 2938 518 κοινῶν
2996 459 3256 517 ἀπεκάλει
3285 461 3382 517 τὸν
3417 459 3693 532 Δεσπότην
3726 462 3862 536 Χρι-

451 549 776 621 vulgarem,
803 553 861 604 et
892 565 1200 621 progressu
1225 553 1454 604 tantum
1486 549 1736 620 gratiam
1783 549 1884 605 Dei
1945 565 2102 605 rece-

455 638 610 710 pisse
632 639 874 709 ideoque
903 638 1077 694 deum
1109 643 1398 708 vocatum,
1433 645 1490 694 et
1519 655 1586 695 ex
1606 638 2102 710 baptismate,quo

454 727 515 783 in
535 729 782 784 Jordane
813 727 1048 783 ablutus
1077 731 1181 796 est,
1243 727 1497 800 Spiritus
1527 730 1711 785 sancti
1757 729 2103 784 muneribus

457 816 797 885 dignatum;
831 815 1093 872 divinum
1141 821 1334 873 autem
1389 817 1646 874 Verbum
1701 823 1938 890 propter
1991 819 2102 873 im-

453 921 720 961 mensam
744 904 896 961 illius
955 905 1232 963 virtutem
1294 906 1353 962 in
1405 923 1472 963 eo
1529 907 1843 979 habitasse,
1903 907 2105 978 illique

454 994 821 1066 dignitatem,
867 994 1259 1068 divinitatem,
1302 1013 1366 1052 ac
1407 998 1833 1054 venerationem
1865 998 2103 1054 tandem

455 1088 586 1156 post
643 1087 1205 1142 consummationem
1278 1087 1740 1144 communicasse
1793 1088 2102 1144 fatebatur.

454 1173 591 1230 Post
623 1173 779 1230 hunc
808 1176 1110 1231 Nestorius
1141 1191 1172 1231 e
1231 1176 1615 1234 Germanicim
1674 1177 1850 1250 Syria
1892 1177 2105 1233 throno

455 1263 758 1334 Cpolitano
815 1263 1037 1333 invaso,
1100 1267 1348 1337 majores
1405 1283 1544 1324 suos
1590 1271 1827 1324 secutus
1887 1265 2106 1338 (Cilicis

455 1352 674 1424 quippe
698 1353 878 1422 ﬁlius,
911 1355 1274 1412 Samosateni
1307 1372 1475 1428 repos
1505 1358 1650 1429 erat)
1681 1356 2107 1413 sanctissimam

454 1447 720 1498 nostram
754 1445 1061 1500 Dominam
1095 1443 1398 1516 Deiparam
1410 1462 1616 1502 vocare
1629 1445 2106 1518 renuebat,quasi

454 1530 602 1587 alius
631 1534 784 1588 esset
821 1531 1093 1589 Christus
1119 1539 1176 1588 et
1203 1533 1359 1589 aliud
1391 1535 1646 1592 divinum
1708 1536 1983 1602 Verbum,
2043 1538 2108 1589 ut

460 1619 588 1692 ipse
617 1621 868 1692 patrium
891 1628 947 1677 et
979 1622 1201 1678 avitum
1229 1639 1474 1680 errorem
1490 1629 1728 1682 secutus
1753 1624 2104 1680 affirmabat.

458 1724 740 1778 Preterea
795 1721 1101 1794 Eutyches,
1163 1723 1264 1795 qui
1324 1731 1454 1797 post
1505 1727 1782 1782 unionem
1842 1726 1989 1782 duas
2043 1725 2104 1780 in

2208 562 2355 628 στὸν,
2403 556 2503 610 ’καὶ
2569 553 2630 607 ἐκ
2687 558 2975 625 προκοπῆς
3028 547 3266 606 λαϐόντα
3315 549 3583 605 καὶκατὰ
3612 550 3778 625 χάριν
3803 552 3864 606 τὸ

2208 650 2326 704 Θεὸν
2354 646 2512 702 αὐτὸν
2547 642 2929 716 ὀνομάζεσθαι,
2960 639 3072 709 καὶ,
3105 637 3164 694 ἐκ
3218 643 3315 693 τοῦ
3372 637 3424 694 ἐν
3477 643 3556 711 τῷ
3618 635 3859 712 Ἰορδάνῃ

2207 739 2440 810 ποταμῷ
2517 731 2895 808 βαπτίσματος
2967 727 3260 802 ἀιξωθὲντα
3331 735 3434 797 τῆς
3519 731 3618 782 τοῦ
3700 727 3862 804 ἁγίου

2208 827 2522 899 Πνεύματος
2595 819 2848 896 χάριτος,
2899 818 2974 879 ὡς
3023 816 3182 887 δῆθεν
3241 817 3334 872 τὸν
3383 815 3512 893 βεὸν
3563 815 3742 890 Λόγον
3777 813 3865 870 διὰ

2205 921 2306 989 τὴν
2413 909 2864 988 ὑπερϐάλλουσαν
2935 910 3128 984 ἀρετὴν
3221 908 3370 980 αὐτῷ
3463 909 3864 977 κατοικήσαντο

2213 1003 2536 1080 μεταδοῦναι
2592 1005 2691 1066 τῆς
2747 1002 2932 1068 θεϊκῆς
2991 998 3141 1068 ἀξίας
3190 996 3338 1069 αὐτῷ
3377 995 3466 1050 καὶ
3547 997 3866 1070 προσκυνή-

2210 1116 2344 1156 σεως
2375 1092 2428 1155 ἐς
2485 1091 2704 1164 ὕστερον
2770 1088 2904 1160 μετὰ
2932 1089 3034 1156 τήν
3064 1084 3367 1142 τελείωσιν.
3401 1085 3555 1140 Μετὰ
3585 1083 3644 1140 δὲ
3671 1089 3864 1140 τοῦτον

2207 1180 2657 1260 Νεστόριος,ἆπὺ
2685 1176 3067 1252 Γερμανικείας
3106 1182 3208 1245 τῆς
3269 1177 3472 1250 Συρίας
3519 1179 3614 1230 τοῦ
3670 1176 3866 1250 θρόνου

2213 1267 2845 1333 Κωνσταντινουπόλεως
2905 1264 3258 1340 δραξάμενος,
3323 1265 3405 1336 ὃς,
3491 1269 3610 1327 τοῖς
3693 1263 3865 1319 αὐτοῦ

2209 1364 2502 1440 προγόνοις
2543 1359 2810 1428 ἑπόμενος
2840 1357 2978 1430 (υἱὸς
3018 1354 3118 1432 γὰρ
3169 1355 3234 1423 ἧν
3281 1359 3378 1409 τοῦ
3440 1352 3680 1422 Κίλικος,
3729 1353 3868 1408 ἀπό-

2209 1473 2370 1529 γονος
2469 1449 2528 1506 δὲ
2593 1452 2690 1504 τοῦ
2749 1445 3160 1520 Σαμοσατέως),
3247 1445 3538 1516 ἀπηρνεῖτο
3596 1443 3864 1499 Θεοτόκον

2214 1543 2390 1620 λέγειν
2438 1541 2540 1609 τήν
2591 1538 2882 1612 ὑπεραγίαν
2933 1539 3095 1609 ἡμῶν
3155 1535 3472 1602 Δέσποιναν,
3543 1533 3616 1594 ὡς
3689 1530 3860 1588 ἄλλον

2216 1633 2312 1706 μὲν
2391 1631 2524 1686 εἶναι
2598 1629 2688 1683 τὸν
2761 1625 3020 1700 Χριστὸν,
3053 1620 3226 1678 ἄλλον
3268 1621 3326 1678 δὲ
3370 1622 3462 1678 τὸν
3521 1621 3650 1677 Θεὸν
3681 1622 3853 1695 Λόγον

2212 1721 2350 1776 κατὶ
2375 1721 2476 1788 τήν
2509 1717 2775 1791 πατρικὴν
2809 1715 2976 1769 αὐτοῦ
3022 1711 3234 1782 πλάνην
3295 1709 3667 1785 δογματιζων.
3722 1713 3860 1768 Εἶτα

459 1810 692 1866 Christo
713 1815 954 1868 naturas
983 1815 1311 1870 conservari
1344 1815 1616 1888 negabat.
1662 1820 1906 1872 Severus
1963 1814 2100 1870 item

2230 1811 2496 1888 Ξῦτυχὴς,
2527 1807 2586 1870 ὅς
2615 1806 2909 1879 ἀπηρνεῖτο
2951 1802 3131 1880 λέγειν
3190 1802 3453 1888 σῴζεσθαι
3485 1801 3536 1856 ἐν
3594 1803 3675 1872 τῷ
3734 1819 3867 1888 χρι-

454 1899 649 1957 nescio
681 1901 836 1974 quis,
864 1903 965 1974 qui
997 1903 1270 1960 Antiochi
1326 1903 1608 1961 thronum
1668 1905 1992 1978 occupavit,
2053 1908 2111 1960 et

461 1989 584 2046 alii.

533 2178 631 2236 85
679 2182 817 2236 Post
880 2181 1263 2239 Aurelianum
1320 2181 1635 2256 imperium
1685 2181 2112 2240 administravit

467 2267 702 2326 Tacitus
731 2287 960 2328 menses
987 2289 1107 2330 sex.
1139 2273 1224 2329 Ab
1253 2273 1456 2330 amicis
1513 2273 1807 2331 Aureliani
1846 2271 2114 2330 interfici-

467 2359 584 2414 tur.

542 2446 676 2593 gest
703 2447 967 2506 Tacitum
998 2449 1303 2508 Florianus
1335 2467 1562 2508 menses
1591 2451 1758 2509 duos.
1819 2450 2114 2509 Occiditur

589 2537 750 2593 robo.

469 2553 505 2592 a
543 2537 750 2595 Probo.

537 2626 676 2684 Post
705 2627 1040 2688 Florianum
1081 2631 1309 2690 Probus
1369 2649 1554 2691 annos
1593 2649 1710 2690 sex.
1756 2631 2050 2690 Occiditur
2079 2649 2113 2689 a

469 2717 636 2774 Caro.

530 2810 666 2863 Post
721 2807 978 2866 Probum
1046 2809 1233 2869 Carus
1291 2827 1513 2869 annum
1555 2827 1746 2870 unum.
1803 2811 2112 2884 Jugulatur

457 2911 492 2950 a
521 2895 751 2952 Carino.

523 2983 658 3040 Post
695 2989 910 3041 Carum
974 2987 1239 3046 Carinus
1307 2989 1464 3046 illius
1527 3007 1714 3048 annos
1765 2989 1932 3046 duos.
1981 2987 2114 3044 Vita

453 3071 722 3142 privatur
752 3090 786 3129 a
818 3074 1201 3134 Numeriano.

523 3163 664 3216 Post
691 3161 972 3219 Carinum
1011 3163 1098 3222 Nu
1115 3166 1417 3223 merianus
1446 3167 1625 3224 frater
1654 3183 1874 3224 annum
1902 3183 2109 3224 unum.

454 3247 672 3318 Captus
702 3264 736 3303 a
767 3248 958 3307 Persis
991 3251 1146 3309 vivus
1179 3254 1531 3311 excoriatur.

537 3412 673 3466 Post
735 3411 1186 3471 Numerianum‘
1214 3415 1609 3474 Diocletianus
1675 3417 1918 3491 imperio
1975 3435 2109 3476 cum

464 3499 780 3558 Maximino
860 3519 1074 3576 genero
1159 3508 1592 3564 communicato
1672 3524 1857 3565 annos
1906 3509 2111 3582 viginti

463 3587 632 3645 duos.
665 3591 880 3648 Eorum
938 3594 1186 3666 imperio
1240 3599 1444 3654 contra
1497 3596 1858 3655 Christianos
1894 3615 2108 3672 magna

459 3683 781 3752 persecutio
813 3687 968 3742 mota
997 3689 1105 3756 est,
1127 3686 1189 3744 in
1229 3705 1347 3761 qua
1406 3692 1610 3747 Petrus
1679 3689 2112 3746 Alexandrinus

461 3776 788 3852 episcopus,
847 3782 1166 3842 Anthimus
1234 3787 1723 3861 Nicomediensis,
1800 3789 2114 3861 Praecipitis

465 3867 605 3924 item
630 3874 687 3924 et
715 3871 1057 3932 Theodorus
1104 3874 1462 3934 celeberrimi
1511 3879 1732 3952 aliique
1787 3879 2116 3952 complures

463 3973 568 4028 pro
620 3959 898 4031 religione
949 3962 1282 4024 Christiana
1349 3968 1774 4026 crudelissimis
1831 3967 2115 4040 exemplis

470 4045 806 4119 interempti
837 4055 995 4107 sunt.
1049 4053 1208 4110 Tunc
1237 4055 1412 4112 etiam
1469 4056 1726 4114 innotuit
1783 4057 2114 4126 Sabbatius,

475 4133 576 4204 qui
635 4135 1369 4200 Tessarescaedecatitarum
1427 4144 1687 4202 heresim
1718 4143 1975 4202 stabilire
2023 4159 2116 4199 co-

469 4225 646 4278 natus
675 4231 782 4280 est.
819 4225 1036 4284 Verum
1079 4228 1187 4286 hos
1228 4232 1606 4305 imperatores
1644 4233 1909 4290 divinum
1956 4233 2116 4304 judi-

469 4311 625 4368 cium
662 4313 1036 4372 subsecutum
1059 4318 1223 4388 justa
1251 4326 1438 4380 morte
1464 4323 1769 4379 multavit:
1803 4320 2118 4379 Diocletia-

469 4416 580 4456 nus
608 4401 763 4460 enim
816 4403 1021 4478 lingua
1049 4424 1115 4463 ac
1173 4409 1439 4467 faucibus
1495 4413 2114 4483 computrescentibus,

466 4493 758 4551 vermibus
787 4497 1043 4568 scatens,
1076 4499 1286 4556 misere
1317 4500 1715 4573 violenterque
1743 4501 1922 4558 vitam
1963 4503 2114 4574 abje-

467 4581 567 4672 cit,
597 4581 989 4642 Maximianus
1016 4585 1228 4659 laqueo
1247 4588 1444 4660 gulam
1471 4590 1662 4663 fregit.
1961 4665 1967 4672 γ

542 4671 902 4732 Diocletiano
942 4693 1010 4734 ac
1068 4677 1422 4737 Maximiano
1479 4681 1552 4737 de
1609 4682 1801 4738 medio
1849 4671 2113 4754 sublatis,

470 4765 582 4824 sub
612 4765 814 4824 eadem
844 4772 1112 4843 tempora
1139 4771 1450 4846 imperium
1479 4776 1792 4831 tenuerunt
1830 4777 2113 4832 Constan-

468 4859 583 4916 tius
637 4862 696 4912 et
742 4862 1018 4930 Severus,
1068 4861 1424 4920 Maximinus
1455 4867 1512 4920 et
1567 4863 1910 4922 Maxentius.
1972 4867 2116 4922 Con-

466 4950 714 5006 stantius
753 4951 856 5006 80
889 4966 1021 5007 cum
1053 4950 1172 5007 ﬁlio
1220 4951 1606 5010 Constantino
1655 4955 1829 5012 Celtis
1878 4955 2112 5012 Britan-

465 5038 676 5112 nisque
705 5039 1078 5110 imperitavit,
1136 5044 1380 5099 Severus
1427 5046 1484 5099 et
1533 5045 1856 5100 Maxentius
1915 5044 2114 5101 Roma

468 5126 716 5201 praefuit,
776 5124 1127 5181 Maximinus
1171 5126 1410 5184 Orienti.
1465 5129 1570 5186 Hic
1622 5130 1824 5186 multis
1875 5130 2114 5202 ﬂagitiis

470 5233 536 5276 ac
568 5215 881 5272 sceleribus
926 5215 1377 5283 contaminatus,
1448 5218 1640 5276 animo
1699 5219 1816 5275 fero
1867 5219 2110 5290 crudeli,

468 5306 792 5364 inhumana
847 5303 1247 5376 persecutione
1307 5306 1368 5360 in
1445 5305 1806 5366 Christianos
1853 5309 2114 5366 invectus

475 5401 564 5455 est
601 5395 912 5467 pluresque
966 5393 1254 5465 ingenuos
1311 5394 1465 5451 viros
1513 5412 1616 5468 pro
1673 5399 1898 5456 Christo
1955 5415 2110 5455 mar-

471 5486 622 5560 tyrio
683 5483 892 5540 ail'ecit.
955 5483 1066 5539 Pro
1123 5499 1228 5538 sua
1308 5487 1504 5539 tamen
1567 5485 1890 5558 impietate,
1967 5505 2112 5560 quas

469 5573 838 5642 commeruit,
868 5587 1069 5646 pmnas
1095 5571 1313 5646 accepit
1343 5590 1358 5642 ;
1390 5588 1527 5628 nam
1559 5575 1703 5632 adeo
1733 5577 1858 5634 diro
1907 5577 2109 5636 morbo

465 5664 828 5725 excruciatus
863 5665 1043 5721 estut
1078 5661 1354 5721 carnibus
1392 5661 1464 5720 ad
1491 5661 1673 5723 instar
1718 5681 1859 5725 ceree
1901 5665 2100 5742 lique-

2220 1903 2334 1971 στῷ
2366 1885 2460 1952 δύο
2494 1897 2679 1970 φύσεις
2709 1895 2846 1967 μετά
2872 1894 2970 1963 τήν
3003 1890 3210 1948 τούτων
3233 1887 3446 1947 ἕνωσιν.
3506 1891 3641 1947 Εἶτα
3682 1885 3868 1960 Σεϐῆ-

2219 1989 2314 2064 ρός
2342 2009 2425 2050 τις
2467 1985 2784 2060 λεγόμενος,
2812 1983 3054 2058 ἀρπάσας
3111 1981 3200 2038 τὸν
3255 1976 3444 2056 θρόνον
3503 1980 3871 2057 Ἀντιοχείας.

2220 2079 2320 2136 Καὶ
2355 2077 2478 2148 ἑξῆς
2508 2071 2705 2148 ἕτεροι.

2291 2167 2443 2225 Μετὰ
2510 2163 2568 2220 δὲ
2618 2162 2960 2239 Αὖρηλιανὸν
3021 2158 3334 2218 ἐϐασίλευσε
3394 2162 3627 2225 Τάκιτος
3689 2167 3876 2236 μῆνας

2221 2255 2284 2325 ζ’,
2323 2251 2415 2310 καὶ
2446 2251 2655 2330 ἐσφάγη
2691 2250 2794 2305 ὑπὸ
2824 2248 3000 2328 φίλων
3027 2247 3400 2323 Αὖρηλιανοῦ,

2291 2433 2444 2492 Μετᾶ
2470 2431 2527 2488 δὲ
2554 2433 2784 2488 Τάκιτον
2816 2427 3135 2504 ἐβασίλευσε
3182 2426 3500 2502 Φλωριανὸς
3557 2432 3736 2500 μῆνας
3799 2427 3874 2502 β’,

2218 2523 2307 2580 καὶ
2339 2522 2541 2600 ἐσφάγη
2576 2521 2680 2576 ὑπὸ
2714 2515 2951 2595 ιιρόϐου.

2290 2611 2438 2668 Μετᾶ
2469 2607 2526 2666 δὲ
2558 2608 2882 2685 Φλωριανὸν
2908 2603 3222 2665 ἐϐασίλευσε
3245 2601 3456 2682 Πρόϐος
3510 2603 3604 2676 ἔτη
3658 2605 3722 2677 ζ’,
3776 2605 3871 2660 καί

2219 2700 2426 2782 ἐσφάγη
2457 2701 2558 2755 ὑπὸ
2585 2700 2788 2772 Κάρου.

2292 2781 2438 2847 Κετᾶ
2496 2786 2554 2844 δὲ
2610 2783 2822 2863 Πρόϐον
2882 2782 3201 2844 ἐϐαοίλευσε
3257 2787 3434 2862 Κᾶρος
3505 2781 3630 2849 ἔτος
3677 2793 3750 2856 α’,
3779 2782 3876 2838 καὶ

2220 2881 2425 2959 ἐσφάγη
2461 2879 2566 2935 ὑπὸ
2597 2877 2824 2954 Καρίνου
2838 2919 2851 2937 .

2292 2971 2442 3028 Μετᾶ
2464 2969 2521 3026 δὲ
2559 2971 2734 3045 Κάρον
2764 2963 3080 3024 ἐϐασίλευσε
3111 2970 3342 3042 Καρῖνος
3383 2967 3500 3029 υἱὸς
3557 2964 3724 3021 αὐτοῦ
3779 2963 3883 3036 ἔτη

2224 3063 2296 3138 β’,
2326 3062 2415 3117 καὶ
2449 3057 2660 3138 ἐσφάγη
2695 3058 2797 3113 ὑπὸ
2829 3060 3224 3130 Νουμεριανοῦ.

2295 3150 2446 3207 Μετά
2478 3147 2534 3205 δὲ
2560 3152 2794 3224 Καρῖνον
2825 3143 3139 3202 ἐϐασίλευσε
3161 3145 3528 3221 Νουμεριανὸς
3561 3145 3589 3200 6
3637 3143 3892 3224 ἀδελφὸς

2225 3239 2388 3296 αὐτοῦ
2418 3235 2558 3311 ἔτος,
2591 3238 2658 3306 α’,
2679 3237 2770 3292 καὶ
2802 3233 3138 3316 συλληφθεὶς
3199 3236 3303 3290 ὑπὸ
3369 3239 3586 3308 Περσῶν
3641 3231 3884 3309 ἐξεδάρη

2220 3326 2299 3386 ἔτι
2333 3335 2458 3400 ζῶν.

2289 3421 2438 3478 Μετὰ
2495 3419 2552 3476 δὲ
2598 3417 2968 3494 Νουμεριανὸν
3025 3412 3366 3473 ἐϐασίλευσεν
3435 3416 3522 3471 ἐπὶ
3603 3417 3668 3471 τὸ
3731 3417 3880 3474 αὐτὸ

2220 3509 2612 3583 Διοκλητιανὸς
2647 3507 2738 3564 καὶ
2778 3507 3114 3581 Μαξιμιανὸς
3164 3506 3192 3560 6
3246 3500 3482 3584 γαρϐρὸς
3531 3505 3701 3560 αὐτοῦ
3768 3501 3883 3580 ἔτη

2218 3599 2580 3678 κβ¹,’1⁸φ’ὦν
2641 3595 2811 3673 μέγας
2869 3594 3117 3671 διωγμὸς
3176 3595 3312 3651 κατὰ
3365 3597 3700 3672 Χριστιανῶν
3761 3593 3897 3651 ἐκιο

2219 3695 2387 3764 νήθη,
2445 3689 2536 3745 ὅτε
2589 3687 2681 3743 καὶ
2739 3683 2944 3760 Πέτρος
2995 3682 3422 3760 Ἀλεξανδρείας,
3479 3682 3570 3740 καὶ
3598 3684 3896 3758 ’Ἃνθιμος

2222 3777 2618 3853 Νικομηδείας,
2677 3777 2768 3831 καὶ
2826 3775 3138 3851 Προκόπιος
3170 3775 3260 3830 καὶ
3292 3771 3575 3850 Θεόδωρος
3605 3775 3659 3828 οἱ
3692 3771 3902 3829 ἀοίδι-

2229 3891 2323 3944 μοι
2376 3867 2754 3943 ἐμαρτύρησαν
2809 3861 3100 3940 καὶἓτεροι
3173 3861 3445 3931 πλεῖστοι,
3472 3863 3562 3918 καὶ
3600 3858 3902 3929 Σαϐάτιος

2226 3959 2254 4013 6
2303 3958 2402 4027 τήν
2463 3953 2667 4032 αἵρεσιν
2730 3957 2837 4009 τῶν
2891 3949 3543 4028 Τεσσαρεσκαιδεκατιτῶν
3613 3951 3910 4028 κρατύνεις

2226 4045 2570 4124 ἐγνωρίζετο.
2630 4043 2737 4107 Οὕς
2791 4045 2825 4113 ἡ
2887 4041 3002 4108 θεία
3061 4040 3184 4113 δίκη
3250 4038 3474 4104 ἐνδίκως
3539 4039 3911 4115 μετελϐοὖσα

2228 4137 2448 4200 δικαίως
2480 4137 2716 4212 ἐξέκοψε.
2747 4135 2837 4191 καὶ
2869 4136 2897 4190 6
2949 4134 3044 4208 μὲν
3093 4134 3483 4206 Διοκλητιατὸς
3541 4136 3640 4204 τῆς
3699 4132 3916 4211 γλώτ-

2224 4250 2325 4300 της
2361 4229 2526 4283 αὐτοῦ
2557 4225 2817 4296 σαπείσης
2865 4224 2998 4300 μετὰ
3032 4227 3129 4279 τοῦ
3174 4226 3476 4303 φάρυγγος,
3527 4224 3618 4279 καὶ
3657 4221 3912 4294 πλῆθος

2224 4319 2526 4390 σκωλήκων
2579 4312 2902 4391 ἄναϐράσας,
2968 4318 3146 4377 κακῶς
3204 4315 3293 4368 καὶ
3357 4313 3548 4389 βιαίως
3604 4313 3912 4391 ἆηὲρῥηξι

2225 4411 2324 4482 τήν
2352 4410 2524 4481 ζωὴν,
2557 4409 2584 4463 6
2619 4406 2676 4463 δὲ
2705 4407 3041 4481 Μαξιμιανὸς
3070 4405 3374 4482 ἀπήγξατο.

2295 4677 2440 4736 Μετᾶ
2463 4675 2520 4734 δὲ
2553 4675 2949 4748 Διοκλητιανὸν
3007 4677 3096 4732 καὶ
3157 4676 3498 4749 Μαξιμιανὸν
3558 4669 3923 4738 εϐασιλευσε

2221 4768 2358 4824 κατὰ
2386 4767 2516 4830 τοὺς
2547 4765 2741 4828 αὐτοὺς
2771 4765 3004 4842 χρόνους
3037 4765 3412 4828 Κωνστάντιος
3450 4765 3542 4820 καὶ
3606 4761 3918 4844 Σεϐἦρος,

2221 4860 2523 4931 Μαειμῖνος
2561 4856 2650 4912 καὶ
2711 4855 3028 4926 Μαξέντιος.
3087 4854 3192 4912 Καὶ
3251 4856 3278 4910 6
3340 4854 3435 4928 μὲν
3493 4856 3921 4926 Κωνστάντιος

2223 4949 2314 5002 σὺν
2346 4951 2424 5020 τῷ
2451 4947 2555 5020 υίῷ
2593 4945 2757 5001 αὐτοῦ
2789 4945 3182 5018 Κωνσταντίνῳ
3203 4950 3302 5014 τῆς
3335 4942 3574 5008 Γαλλίας
3620 4944 3711 5000 καὶ
3767 4956 3918 5020 τῆς

2221 5035 2544 5112 Βρεττανίας
2605 5035 2924 5110 ἐκράτησαν,
2991 5035 3020 5090 6
3089 5030 3146 5088 δὲ
3203 5028 3445 5108 Σεϐἧρος
3501 5035 3591 5090 καὶ
3651 5036 3918 5105 Μαξὲν-

2219 5149 2339 5189 τιος
2391 5133 2493 5198 τῆς
2547 5127 2797 5201 Ῥώμης,
2857 5122 2974 5181 ὁδὶ
3029 5123 3336 5198 Μαξιμῖνος
3400 5129 3502 5194 τῆς
3551 5125 3748 5198 Ἐᾤας,
3792 5127 3909 5203 ὅς,

2219 5214 2406 5273 πολλὰ
2458 5217 2626 5292 μιαρᾶ
2684 5215 2773 5272 καὶ
2853 5212 3028 5272 ἄτοπα
3083 5211 3534 5290 διαπραξάμενος,
3614 5213 3910 5290 διωγμὸν

2219 5305 2400 5376 ἀπηνῆ
2459 5305 2548 5359 καὶ
2619 5305 2977 5380 ἀπάνθρωπον
3049 5303 3185 5358 κατὰ
3257 5303 3600 5375 Χριστιανῶν
3657 5303 3927 5366 ἐπεδεί-

2219 5393 2364 5466 ξατο,
2405 5391 2604 5458 καθ’ὅν
2631 5391 2878 5448 πλεῖστοι
2926 5395 3033 5448 τῶν
3091 5387 3400 5463 εὐδοκίμῶν
3458 5390 3913 5468 ἐμαρτύρησαν,

2217 5484 2324 5540 Καὶ
2350 5482 2471 5554 ἄξια
2499 5488 2599 5553 τῆς
2653 5476 2964 5544 δυσσεϐειας
3025 5479 3194 5537 αὐτοῦ
3250 5481 3512 5545 πέπονθε·
3562 5483 3707 5554 νόσῳ
3763 5489 3918 5569 γὰρ

2218 5571 2496 5646 δεινοτάτῃ
2571 5571 2895 5647 περιπεσών,
2973 5571 3050 5634 ὡς
3109 5568 3198 5624 καὶ
3249 5569 3346 5630 τὰς
3419 5569 3620 5644 σάρκας
3689 5568 3920 5636 αὐτοῖς

2226 5661 2380 5736 δίκην
2411 5660 2587 5738 κῃροῦ
2603 5663 2831 5734 τακῆναι
2861 5659 2951 5717 καὶ
2998 5659 3067 5716 τὰ
3107 5658 3240 5715 ὀστᾶ
3321 5666 3705 5740 συμφρυγῆναι
3779 5670 3910 5729 καὶ
