4150 6292
309 366 402 429 ΖδἸ
1688 355 2367 425 CHRONOGRAPHIA

3615 363 3734 424 258

322 504 398 559 τὸν
425 505 770 578 χαρακτῆρα
799 504 905 568 τῆς
954 497 1291 574 ἀνθρωπίνης
1343 500 1511 554 αὐτοῦ
1572 502 1786 574 μορφῆς
1843 495 1981 571 ἀφα-

2112 491 2281 559 'actis,
2332 488 2568 547 ossibus
2624 488 2950 556 exsiccatis,
3003 506 3076 547 ne
3132 491 3446 564 vestigium
3499 494 3735 566 quidem

331 598 558 661 νισθῆναι
618 590 716 645 καὶ
778 587 974 651 δεινῶς
1059 596 1452 659 κατασαήναι,
1540 587 1629 641 καὶ
1704 582 1973 653 τοσαύτην

340 679 582 740 δυσωδίαν
616 679 926 753 ἐκπέμπειν
957 679 1031 739 ὡς
1062 676 1228 752 μηδὲν
1270 682 1376 733 τῶν
1433 676 1485 731 έν
1542 678 1734 753 τάφοις
1790 672 1978 745 κειμέ-

341 796 428 830 νων
460 775 665 846 νεκρῶν
729 767 1029 849 διαφέρειν·
1089 767 1141 823 ἐν
1189 766 1403 830 τούτοις
1455 767 1546 821 οὗν
1606 766 1634 819 ὁ
1694 762 1978 837 ἁλιτήριος

344 863 643 935 ὲταζόμενος
698 855 889 914 τοιάδε
954 855 1077 935 ἔφη’
1130 857 1299 931 Οἲμοι
1346 861 1425 930 τῷ
1454 854 1676 926 ἐλεεινῷ
1724 851 1814 906 καὶ
1848 851 1981 926 θρή-

345 974 433 1007 νων
486 948 619 1022 ἆξίῳ
674 950 686 1004 l
747 947 945 1003 ὁποίαν
994 950 1101 1001 τῶν
1148 947 1223 1009 εἷς
1278 943 1640 1020 Χριστιανοὺς
1703 939 1981 1013 τετολμη-

348 1038 504 1115 μένων
560 1038 755 1115 ὑπέχω
823 1038 1150 1112 τιμωρίανι
1213 1037 1307 1091 Καὶ
1364 1038 1533 1090 ταῦτα
1591 1032 1725 1107 μετὰ
1762 1028 1983 1099 πολλῆς

346 1131 527 1202 ὀδύνης
560 1131 729 1186 εἰπὼν
762 1129 1047 1194 ἀπέθανεν.

402 1219 783 1281 Κωνσταντίου
851 1219 909 1274 δὲ
967 1223 1064 1274 τοῦ
1126 1217 1517 1289 ἐπικληθέντος
1588 1213 1831 1291 Χλωροῦ
1898 1209 1987 1266 διὰ

339 1314 555 1383 τὴντοῦ
584 1310 888 1385 προσώπου
951 1308 1247 1384 ὠχρότητα
1307 1306 1757 1378 τελευτήσαντος,
1795 1304 1823 1357 ὁ
1871 1303 1986 1356 υἱὸς

338 1401 498 1457 αὑτοῦ
533 1404 972 1469 Κωνσταντῖνος,
1033 1397 1092 1461 ὅς
1148 1397 1198 1468 ἐξ
1256 1396 1476 1468 Ἑλένης
1534 1396 1683 1466 αὐτῷ
1727 1392 1985 1466 ἔγεννήθη

336 1492 458 1567 περῖ
498 1493 599 1560 τὴν
647 1493 745 1559 τῆς
811 1488 1012 1551 Δακίας
1070 1486 1249 1559 πόλιν,
1301 1489 1400 1556 τὴν
1460 1487 1640 1564 ἀρχὴν
1694 1480 1985 1556 διεδέξατο.

332 1582 632 1650 Ὡσαύτως,
682 1580 774 1634 καὶ
846 1572 1100 1654 Σεϐήρου
1183 1577 1531 1648 τεθνηκότος,
1614 1574 1883 1635 Λικίννιος
1962 1571 1990 1625 ὁ

328 1667 612 1750 γαμϐρὸς,
638 1669 1062 1727 Κωνσταντίνου
1090 1667 1481 1743 ἀντεισάγεται.
1520 1669 1630 1723 Τοῦ
1681 1664 1775 1719 οὖν
1832 1665 1990 1719 Κων-

328 1759 619 1818 σταντίνου
670 1758 1057 1833 βαπτισθέντος
1114 1757 1203 1811 καὶ
1260 1757 1356 1824 τὴν
1426 1752 1725 1831 παράδοξον
1784 1749 1988 1820 ἐκείνην

2083 584 2282 637 forma
2358 580 2632 635 humanae
2692 579 3064 649 remanserit,
3121 589 3172 636 et
3255 582 3510 654 putridis
3567 591 3740 657 atque

2088 669 2349 725 deciduis
2408 667 2686 724 membris
2717 672 2948 725 tantum
2997 668 3280 727 redoleret
3335 671 3625 745 faetorem,
3673 677 3740 729 ut

2087 777 2121 815 a
2175 757 2558 814 cadaveribus
2605 758 2665 813 in
2719 758 3000 829 sepulcris
3058 762 3555 818 marcescentibus
3586 761 3736 820 nihil

2088 848 2364 904 differret.
2397 848 2501 903 His
2532 864 2666 902 cum
2721 848 2994 919 nequitiae
3024 848 3167 905 illud
3200 849 3500 907 stabulum
3535 868 3743 909 excru-

2090 937 2359 1007 ciaretur,
2391 937 2490 991 Hei
2518 936 2742 1005 misero,
2775 938 2875 1007 ait,
2906 942 2956 993 et
2996 938 3351 1008 deplorando,
3387 942 3585 1012 quibus
3634 959 3741 1013 pro

2093 1027 2179 1082 his
2209 1040 2335 1097 quae
2378 1027 2440 1081 in
2475 1026 2821 1083 Christianos
2864 1026 3092 1098 μαιναυί
3139 1030 3314 1099 poenis
3344 1046 3623 1089 exerceor.
3671 1031 3737 1087 Et

2091 1117 2214 1173 haec
2244 1115 2453 1172 effatus
2484 1116 2643 1187 gravi
2674 1132 2808 1170 cum
2842 1115 3102 1172 cruciatu
3134 1116 3306 1173 vitam
3336 1119 3568 1190 abjecit.

2162 1204 2500 1261 Constantio
2555 1203 2786 1271 Cbloro,
2847 1213 3079 1276 propter
3125 1205 3325 1263 vultus
3382 1207 3740 1266 viriditatem

2094 1295 2179 1350 sic
2212 1294 2649 1365 coguominato,
2679 1293 2798 1348 vita
2850 1293 3049 1349 functo
3084 1295 3156 1350 ad
3186 1295 3638 1354 Constantinum
3672 1300 3741 1353 fi-

2094 1383 2264 1451 lium,
2296 1397 2470 1453 quem
2504 1396 2572 1436 ex
2623 1383 2846 1437 Helena
2897 1389 3237 1456 susceperat
3286 1388 3343 1443 in
3377 1404 3496 1444 una
3552 1388 3740 1445 Daciae

2094 1474 2256 1541 urbe,
2288 1470 2604 1541 imperium
2637 1470 2976 1527 devolutum
3008 1478 3117 1529 est.
3149 1474 3430 1531 Similiter
3457 1478 3740 1534 exstincto

2096 1564 2305 1619 Severo
2364 1559 2667 1614 Licinnius
2748 1560 3074 1615 Constantii
3141 1578 3321 1634 gener
3401 1565 3744 1625 intruditur.

2099 1652 2407 1720 Postquam
2437 1664 2570 1703 vero
2599 1649 3022 1705 Constantinus
3054 1668 3218 1708 sacro
3248 1653 3479 1711 lavacro
3511 1656 3746 1712 ablutus

2098 1742 2308 1812 praeter
2361 1737 2852 1809 exspectationem
2911 1755 2945 1793 a
2990 1739 3148 1810 gravi
3207 1741 3305 1799 illo
3354 1745 3577 1813 morbo,
3629 1761 3746 1818 quo

324 1852 674 1926 ἀπαλλαγὴν
699 1856 801 1919 τῆς
824 1848 1168 1924 κατεχούσης
1230 1848 1391 1901 νόσου
1441 1843 1759 1919 εύρηκότος,
1804 1840 1991 1896 αὐτίκα

2112 1829 2270 1901 plane
2325 1826 2627 1884 confectus
2687 1831 2839 1894 erat,
2900 1826 3213 1887 incolumis
3268 1834 3486 1900 evasit,
3548 1834 3745 1890 statim

2112 1916 3052 1936 -_-_______-,..,,_
3127 1919 3180 1936 ..ρ
3629 1922 3641 1934 .
3729 1922 3744 1936 υ

324 1944 413 1998 καὶ
450 1944 487 2012 ἡ
527 1916 726 2014 μητηρ
754 1916 932 1993 ἀύτοῦ
963 1916 1157 2007 ςίὲἓλένη
1207 1938 1296 1991 καὶ
1363 1935 1415 1990 οἱ
1470 1916 1662 1989 τούτον
1722 1935 1991 2007 συγγενεῖς

2112 1918 2323 1974 Helena
2338 1921 2523 1972 mater
2551 1916 3054 1988 omnesqueillius
3086 1919 3292 1976 afﬁnes
3323 1922 3747 1993 consanguinei

324 2054 383 2089 τε
435 2032 529 2087 καὶ
592 2028 752 2108 φίλοι
816 2028 1192 2102 βαπτίζονται.
1245 2026 1381 2083 Εἶτα
1451 2023 1683 2086 ἄκούσας
1740 2025 1806 2077 τὰ
1894 2019 1991 2074 ὑπὸ

2112 2007 2545 2077 familiaresque
2574 2022 2740 2061 sacro
2773 2008 2930 2062 fonte
2959 2007 3287 2065 initiantur.
3320 2011 3580 2067 Tandem
3610 2027 3745 2069 cum

329 2095 639 2195 Μαξεντίου
673 2118 727 2174 ἐν
769 2095 967 2192 ⁹Ιίώμῃ
1000 2114 1219 2192 χαλεπά
1266 2136 1324 2170 τε
1350 2115 1440 2170 καὶ
1483 2112 1657 2168 ἃτοπα
1711 2108 1991 2188 γενόμενα,

2112 2113 2199 2154 res
2251 2095 2468 2152 nefarie
2497 2100 2687 2167 gestas
2743 2098 2801 2152 et
2836 2096 3222 2168 tyrannidem,
3269 2114 3446 2170 quam
3479 2099 3539 2156 in
3593 2102 3748 2159 cives

328 2187 775 2286 καὶ-πρεσϐείαν
830 2187 901 2262 ἐκ.
1111 2204 1394 2279 Ῥωμαίων
1456 2187 1758 2275 δεξάμενος,
1811 2199 1991 2273 ἐστρά-

2112 2187 2422 2244 Maxentius
2468 2188 2666 2244 Roma:
2696 2188 3025 2253 exercebat,
3069 2205 3168 2260 per
3207 2189 3429 2263 legatos
3462 2208 3495 2248 a
3542 2196 3750 2249 senatu

334 2323 489 2360 τευσε
547 2302 669 2356 κατ’
714 2299 908 2368 αὐτοῦ,
968 2294 1379 2372 προηγούμενον
1441 2300 1541 2362 τῆς
1598 2290 1763 2346 αὐτοῦ
1836 2308 1991 2363 στρα-

2112 2278 2474 2335 Roman087
2501 2276 2716 2332 missos
2738 2277 3079 2349 accepisset,
3100 2280 3299 2351 copias
3322 2280 3380 2336 in
3405 2297 3538 2338 eum
3561 2282 3750 2354 duxit,

328 2398 453 2456 τιᾶς
489 2391 557 2447 τὸ
602 2385 953 2462 ένξούρανῷ
1022 2383 1343 2462 ὓποδειχθὲν
1403 2382 1548 2454 αύτῷ
1606 2384 1833 2453 σημεῖον
1902 2380 1991 2431 τοῦ

2112 2369 2322 2440 quibus
2344 2367 2579 2439 signum
2611 2365 2801 2422 crucis
2832 2366 2919 2422 illi
2940 2368 3010 2423 de
3043 2367 3184 2425 coelo
3209 2374 3512 2428 ostensum
3547 2371 3753 2445 praeire

334 2483 573 2555 σταυροῦ
605 2457 1030 2554 ἐπι-φερύμενος,
1083 2469 1154 2527 δι’
1331 2471 1419 2525 καὶ
1478 2468 1827 2544 ἐτροπώσατο
1884 2467 1991 2523 Μα-

2112 2460 2317 2530 iussit;
2376 2474 2492 2529 quo
2521 2459 2880 2513 Maxentium
2916 2457 2975 2514 in
3009 2459 3206 2532 fugam
3239 2465 3430 2520 vertit.
3474 2464 3605 2535 Ipse
3655 2480 3754 2518 au-

334 2546 556 2640 ξέντιον.
619 2546 723 2624 Καί
766 2546 948 2628 οὕτως
1008 2561 1096 2618 ἐπὶ
1135 2562 1353 2635 Ῥώμην
1387 2559 1623 2628 ἐλαύνει,
1663 2557 1751 2613 καὶ
1803 2557 1991 2619 πάντες

2112 2552 2223 2602 tem
2256 2547 2502 2603 Romam
2526 2546 2845 2615 contendit,
2866 2547 2965 2602 ubi
2995 2549 3066 2603 ab
3089 2550 3364 2606 omnibus
3390 2551 3754 2620 mulieribus,

354 2658 510 2712 αὺτὸν
562 2658 671 2729 ἅμα
724 2655 942 2731 γυναιξὶ
1005 2652 1096 2707 καὶ
1154 2651 1375 2722 νηπίοις
1405 2650 1495 2705 καὶ
1529 2648 1687 2703 παντὶ
1719 2650 1797 2719 τῷ
1829 2643 1991 2717 δήμῳ

2112 2637 2433 2691 infantibus
2479 2639 2537 2690 et
2591 2635 2867 2690 universa
2916 2635 3314 2694 Romanorum
3371 2640 3754 2695 multitudine

361 2723 643 2816 Ῥωμαίωῆ
699 2723 809 2818 μετ’
870 2741 1149 2821 εὐφημίας
1198 2740 1287 2795 καὶ
1344 2739 1632 2810 ἀπλήστου
1660 2741 1834 2811 χαρᾶς
1862 2736 1991 2789 ύπο-

2112 2724 2325 2796 ingenti
2358 2723 2557 2779 laetitia
2603 2739 2957 2795 summoque
2997 2724 3207 2796 plausu
3241 2732 3295 2781 et
3337 2729 3754 2799 approbatione

362 2832 635 2909 δέχονται.

2112 2813 2414 2885 excipitur.

2178 2904 2314 2959 Post
2341 2902 2700 2958 Maxentium
2722 2900 3140 2958 Constantinus
3170 2901 3417 2975 Magnus
3440 2913 3494 2962 et
3526 2908 3751 2979 primus

2107 2992 2260 3048 inter
2317 2990 2462 3047 alios
2516 2990 2899 3062 imperatores
2966 2990 3351 3049 Christianam
3410 2995 3752 3067 religionem

2107 3084 2527 3156 perfectissime
2555 3080 2942 3149 exosculatus,
2974 3081 3290 3154 imperium
3322 3085 3756 3147 administravit

2110 3191 2292 3231 annos
2322 3173 2555 3246 triginta
2584 3173 2751 3228 duos.
2787 3174 2892 3228 Hic
2924 3173 3197 3244 pietatem
3248 3174 3451 3245 coluit,
3485 3185 3755 3250 rectaque

2108 3264 2245 3321 ﬁdei
2281 3265 2552 3336 dogmata
2600 3261 2791 3318 modis
2823 3262 3099 3319 omnibus
3130 3265 3539 3325 constabilivit.
3584 3273 3754 3325 Anno

2104 3355 2230 3426 ejus
2297 3352 2529 3426 imperii
2602 3351 2880 3408 vicesimo
2956 3353 3163 3423 quinto
3219 3355 3420 3412 Nicaea:
3496 3360 3755 3431 synodus

2105 3448 2490 3500 trecentorum
2530 3442 2851 3499 octodecim
2883 3447 3216 3499 sanctorum
3266 3445 3507 3505 Patrum
3556 3455 3756 3505 contra

2106 3534 2520 3591 stultissimum
2552 3532 2751 3588 Arium
2775 3530 3064 3588 celebrata
3094 3537 3204 3588 est.
3226 3534 3405 3592 Mater
3436 3538 3565 3607 ejus
3595 3555 3749 3594 anno

2106 3622 2290 3678 astatis
2328 3621 2721 3692 octuagesimo
2752 3620 2869 3676 vita
2913 3620 3180 3685 excessit,
3218 3624 3617 3696 tumulataque
3662 3631 3753 3682 est

2107 3712 2179 3767 ab
2208 3710 2336 3783 ipso
2360 3710 2420 3765 in
2450 3709 2667 3779 templo
2688 3712 3031 3764 Sanctorum
3063 3710 3496 3780 Apostolorum.
3532 3713 3747 3770 Verum

2106 3798 2483 3856 Constantino
2530 3796 2881 3856 Nicomediae
2934 3797 3050 3852 fato
3091 3798 3290 3853 functo
3340 3800 3523 3857 aetatis
3567 3819 3750 3859 anno-

2107 3906 2239 3946 rum
2270 3887 2571 3960 sexaginta
2588 3886 2870 3958 quinque,
2895 3890 3014 3941 tres
3047 3884 3150 3940 filii
3181 3885 3339 3944 illius
3371 3889 3616 3962 imperio
3645 3908 3752 3963 po-

2108 3979 2196 4036 titi
2228 3982 2390 4045 sunt,
2435 3975 2694 4033 Orientis
2725 3975 2962 4047 quidem
2995 3976 3393 4050 Constantius,
3425 3978 3755 4038 Occidentis

2107 4067 2521 4125 Constantinus
2553 4069 2611 4121 et
2654 4068 2960 4133 Constans,
2993 4068 3096 4137 qui
3146 4066 3320 4123 fratre
3366 4070 3753 4126 Constantino

2108 4158 2453 4215 obtruncato
2490 4154 2651 4212 solus
2682 4154 2995 4226 imperium
3028 4157 3177 4214 rexit
3207 4174 3394 4215 annos
3436 4160 3755 4223 sexdecim.

2108 4248 2363 4303 Tandem
2394 4250 2451 4301 et
2478 4244 2603 4318 ipse
2635 4261 2669 4300 a
2698 4244 2911 4317 populo
2943 4248 3070 4303 neci
3101 4249 3274 4305 datus
3303 4253 3412 4307 est.

2181 4334 2629 4393 Constantinum
2655 4334 2928 4426 Magnum
2953 4336 3162 4407 excipit
3179 4337 3556 4396 Constantius
3575 4340 3756 4426 filius,

362 4443 717 4509 Κωνστᾶντιος
778 4447 897 4506 υἱὸς
946 4442 1117 4498 αὐτοῦ
1174 4440 1264 4511 ἔτη
1324 4440 1415 4508 ια’,
1474 4438 1552 4509 ὅς,
1588 4437 1724 4508 μετὰ
1771 4438 1868 4505 τὴν
1900 4441 1991 4490 τοῦ

2112 4426 2467 4497 imperatque
2498 4440 2680 4479 annos
2721 4422 3014 4482 undecim.
3046 4428 3101 4481 Is
3133 4430 3264 4496 post
3310 4426 3536 4482 obitum
3570 4422 3755 4497 patris

362 4534 551 4605 πατρὸς
576 4534 833 4605 τελευτὴν
896 4532 975 4593 είς
1023 4531 1088 4586 τὸ
1125 4528 1478 4604 ιἈρειανικὸν
1521 4526 1774 4602 φρόνημα
1829 4545 1991 4599 παρα·

2112 4516 2333 4571 Arianae
2363 4513 2662 4571 sententias
2712 4513 3017 4570 adhaerens
3050 4514 3309 4570 divinum
3358 4514 3755 4575 Alexandrum

366 4624 551 4695 συρεῖς,
599 4620 777 4694 ἐϐίαζε
837 4624 933 4679 τὸν
986 4621 1129 4675 θεῖον
1184 4614 1541 4692 Ἀλέξανδρον
1602 4613 1847 4688 δέξασθαι
1902 4614 1991 4669 τὸν

2112 4604 2495 4676 compellebat
2551 4606 2618 4658 ut
2648 4619 2782 4658 cum
2831 4602 2968 4658 Ario
2999 4603 3473 4672 communicaret,
3520 4621 3633 4676 quo
3665 4606 3761 4663 ab-

366 4690 563 4783 ’Δρειον
592 4715 665 4776 εἰς
712 4690 1024 4769 ποινωνίαν.
1094 4712 1203 4763 Τοῦ
1248 4705 1305 4762 δὲ
1338 4707 1416 4780 μή
1455 4690 1825 4780 νάνεχομένου,
1858 4700 1991 4758 ἂλλᾶ

2115 4697 2330 4749 nuente
2360 4693 2663 4762 Deumque
2681 4707 2813 4746 cum
2846 4690 3123 4762 lacrymis
3155 4691 3522 4763 deprecante,
3556 4693 3760 4754 miser-

367 4778 452 4850 τὸν
484 4802 601 4855 θεὸν
660 4804 754 4857 σὺν
815 4799 1079 4873 δάκρυσιν
1130 4778 1490 4863 ἱκετεύοντος,
1540 4778 1813 4868 αἱ-σχίστῳ
1847 4790 1991 4866 μόρα

2115 4782 2298 4838 rimus
2336 4779 2433 4836 ille
2463 4780 2577 4835 leto
2611 4778 2764 4835 malo
2796 4786 3099 4835 emortuus
3130 4783 3237 4836 est.

361 4885 447 4939 τὸν
481 4889 590 4963 βίον
619 4892 983 4966 κατέστρεψεν
1012 4887 1041 4940 ὁ
1069 4884 1412 4960 τρισάθλιος.

425 4978 567 5035 Μετά
596 4978 651 5036 δὲ
706 4978 1093 5038 Κωνστάντιον
1150 4969 1497 5029 ἐϐασίλευσεν
1554 4970 1857 5033 Ἰουλιανὸς
1906 4966 1999 5040 ἔτη

358 5062 426 5138 β’,
484 5072 676 5144 Καῖσαρ
737 5068 797 5126 δὲ
848 5068 1068 5142 ἐγένετο
1126 5059 1218 5134 ἔτη
1281 5061 1325 5117 δ’
1383 5060 1476 5116 καὶ
1540 5068 1713 5135 μῆνας
1784 5061 1850 5130 ζ’.
1921 5060 2003 5129 ὃς,

352 5154 523 5215 πολλὰ
611 5159 753 5215 κακᾶ
838 5154 985 5212 κατά
1064 5154 1397 5227 Χριστιανῶν
1475 5147 1863 5224 ἐνδειξάμενος,
1951 5149 2001 5204 ἐν

348 5248 557 5324 Περσιδι
588 5251 692 5309 ὑπὸ
724 5255 829 5319 τῆς
862 5245 1017 5311 θείας
1050 5239 1205 5312 δίκης
1264 5241 1588 5314 ἀναιρεῖται,
1620 5239 1753 5295 ἐτῶν
1812 5234 1884 5293 ὥν
1923 5236 1999 5295 λ’.

426 2922 580 2981 Μετᾶ
628 2919 681 2977 δὲ
740 2924 1038 2993 Μαξέντιον
1096 2915 1408 2976 ἐϐασίλευσε
1488 2919 1896 2976 Κωνσταντῖνος
1968 2913 1996 2968 ὁ

336 3015 533 3091 Μέγας
569 3013 658 3068 καί
713 3019 935 3088 πρῶτος
1001 3015 1053 3066 ἐν
1115 3010 1394 3085 βασιλεῦσι
1471 3004 1995 3083 Χριστιανικώτατος

322 3102 427 3177 ἔτη
464 3100 573 3178 λϐ’,
604 3104 799 3173 ὅςτὴν
863 3096 1143 3158 εὐσέϐειαν
1202 3100 1291 3155 καὶ
1351 3094 1664 3173 ὀρθοδοξίαν
1716 3093 1806 3150 διὰ
1860 3092 1996 3148 πάν-

322 3215 436 3249 των
498 3196 815 3271 ἐκράτυνεν.
877 3194 967 3249 Ἐν
1030 3188 1088 3245 δὲ
1138 3194 1215 3263 τῷ
1245 3190 1318 3244 κε’
1365 3182 1472 3243 ἔτει
1498 3192 1599 3256 τῆς
1638 3178 1801 3239 αὐτοῦ
1833 3184 1993 3258 βασι-

324 3282 480 3347 λείας
538 3283 924 3359 συνεκροτγςθη
985 3282 1021 3350 ἡ
1085 3280 1137 3335 ἐν
1191 3278 1386 3349 Nimia;
1433 3274 1662 3337 σύνοδος
1720 3278 1828 3329 τῶν
1876 3291 1990 3342 τιη·

329 3376 580 3450 πατέρων
621 3373 911 3450 θεοφόρων
971 3369 1110 3424 κατὰ
1149 3366 1356 3442 Ἀρείου
1414 3370 1511 3422 τοῦ
1575 3363 1993 3450 ματαιόφρονος.

329 3449 695 3535 Ἐτελεύτησε
735 3449 806 3517 δὲ
873 3464 909 3531 ἡ
967 3461 1067 3535 μὲν
1130 3460 1314 3532 μήτηρ
1364 3453 1531 3512 αὺτοῦ
1580 3454 1711 3509 ἐτῶν
1771 3453 1849 3523 π’,
1905 3449 1995 3505 γαὶ

335 3552 503 3632 ἐτάφη
534 3557 666 3628 παρ’
710 3552 880 3608 αὐτοῦ
904 3550 956 3606 ἐν
1010 3553 1091 3622 τῷ
1144 3553 1252 3620 ναῷ
1306 3550 1413 3601 τῶν
1471 3542 1672 3621 Ἀγίων
1729 3538 1997 3599 Ἀποστά-

340 3628 474 3699 Mr}.
530 3643 720 3699 Αύτοῦ
782 3638 840 3694 δὲ
898 3638 952 3693 ἐν
1013 3632 1359 3709 Νικομηδείᾳ
1409 3631 1833 3702 τελευτήσαντος
1864 3628 1996 3684 ἐτῶν

339 3730 429 3799 Ea’,
463 3733 512 3786 οἱ
567 3735 722 3807 τρεῖς
778 3729 889 3784 υἱοὶ
925 3726 1093 3782 αὐτοῦ
1123 3725 1444 3801 ἐκράτησαν,
1475 3728 1574 3790 τῆς
1634 3721 1726 3794 μὲν
1774 3720 1996 3776 Ἀνατο-

344 3825 445 3886 Αῆς
500 3819 909 3885 Κωνστάντιος,
965 3821 1068 3883 τῆς
1128 3811 1183 3868 δὲ
1239 3812 1449 3873 Δύσεως
1478 3804 1996 3867 Κωνσκαντῖνοςκαί

342 3908 617 3981 Κώνστας,
678 3908 758 3979 ὃς,
817 3909 911 3963 τὸν
975 3902 1208 3981 ἀδελφὸν
1268 3901 1435 3957 αύτοῦ
1475 3902 1872 3954 Κωνσταντῖνον
1895 3915 1997 3970 φο-

346 3997 529 4060 νεύσας
586 3998 676 4052 καὶ
724 3994 1055 4072 βασιλεύσας
1109 3991 1273 4068 μὸνος
1320 3986 1413 4061 ἔτη
1467 3991 1555 4060 ιζ’,
1603 3986 1811 4065 ἐσφάγη
1905 3984 1995 4039 καὶ

350 4083 503 4147 αὐτὸς
532 4086 634 4142 ὒπὸ
666 4091 766 4142 τοῦ
798 4083 1011 4160 δήμου.

426 4356 568 4411 Μετᾶ
633 4354 689 4412 δὲ
746 4357 1167 4413 Κωνσταντῖνον
1239 4352 1331 4407 τὸν
1417 4350 1598 4426 Μέγαν
1685 4342 1999 4402 ἐϐασίλευσε

2185 4971 2284 5029 38
2316 4972 2455 5028 Post
2486 4967 2894 5024 Constantium
2924 4967 3196 5027 Julianus
3227 4970 3539 5045 imperium
3570 4977 3764 5034 tenuit

2114 5079 2301 5119 annos
2344 5061 2511 5116 duos.
2553 5057 2794 5115 Caesaris
2843 5058 3130 5131 dignitate
3175 5062 3414 5118 iunctus
3444 5068 3534 5120 est
3577 5081 3765 5123 annos

2113 5157 2364 5226 quatuor
2394 5165 2622 5232 menses
2663 5164 2784 5205 sex.
2819 5151 2877 5205 Is
2908 5165 3042 5206 cum
3075 5151 3352 5209 adversus
3397 5153 3765 5212 Christianos

2113 5246 2340 5314 pestem
2396 5256 2462 5295 ac
2520 5237 2840 5307 perniciem
2903 5238 3356 5313 machinaretur,
3406 5241 3466 5295 in
3525 5241 3765 5298 Perside

2113 5346 2313 5402 pcsnas
2359 5328 2565 5384 divina:
2603 5327 2849 5398 justitiae
2880 5344 3087 5401 graves
3126 5330 3439 5400 justasque
3487 5329 3765 5402 persolvit

2112 5418 2295 5475 aetatis
2325 5432 2611 5473 annorum
2644 5416 2906 5489 triginta.

2184 5506 2475 5563 Exstincto
2529 5504 2762 5561 Juliano
2791 5505 3135 5564 Jovinianus
3176 5505 3489 5578 imperium
3539 5504 3765 5562 obtinet

2111 5612 2340 5654 menses
2369 5598 2517 5651 octo.
2549 5592 2654 5649 Hic
2687 5611 2822 5652 cum
2854 5596 2925 5651 ab
2955 5593 3213 5650 exercitu
3244 5594 3315 5649 ad
3359 5592 3585 5664 imperii
3616 5590 3763 5646 insi-

2108 5686 2247 5759 gnia
2293 5682 2696 5756 accipiendum
2758 5685 3085 5757 cogeretur,
3118 5696 3178 5738 se
3208 5696 3432 5748 eorum,
3478 5685 3756 5745 tanquam

397 5524 541 5580 Μετὰ
572 5521 631 5579 δὲ
664 5510 985 5578 Ἰουλιανὸν
1041 5501 1393 5563 ἐϐασιλευσεν
1439 5501 1756 5569 Ἰοϐινιανὸς
1828 5509 2002 5579 μῆνας

330 5613 403 5681 η’,
456 5613 537 5685 ὅς,
597 5612 706 5668 ὑπὸ
735 5609 844 5664 τοῦ
910 5601 1144 5672 στρατοῦ
1192 5593 1553 5668 κατασχεθεὶς
1584 5594 1658 5656 εἷς
1715 5595 1777 5649 τὸ
1806 5594 1873 5650 τὰ
1899 5596 1999 5664 της

336 5680 595 5775 βασιλείας
661 5693 1051 5764 ὑποδέξασθαι
1100 5680 1380 5761 σύμϐολα,
1442 5683 1657 5759 Λέγεται
1734 5684 1870 5760 πρὸς
1937 5684 2000 5740 τὸ
