4150 6292
427 368 557 429 289

2009 377 2272 443 JOELIS

3718 414 3840 475 260

435 502 538 575 qui
590 520 623 559 a
677 503 915 563 Juliano
970 510 1167 564 essent
1223 506 1624 580 contaminati,
1678 508 1919 582 imperio
1965 527 2033 569 nc

2146 515 2581 613 ισὶιτρατότιεδον
2614 521 2886 599 εἰρηκέναι
2947 531 3024 603 μὴ
3089 529 3340 598 δύνασθαι
3410 538 3721 613 βασιΛεύειν
3748 547 3845 602 αὖ·

430 609 604 664 posse
652 610 871 666 prsesse
918 597 1242 668 respondit.
1276 600 1464 664 Quare
1519 614 1722 656 omnes
1753 615 1873 657 una
1917 617 2074 672 voce,

432 685 495 737 ut
528 683 728 752 fertur,
774 683 1191 755 acclamarunt,
1224 686 1341 743 Nos
1380 687 1699 746 Christiani
1730 705 1947 747 sumus.
1982 692 2076 748 Sic

427 773 741 846 imperium
772 774 1012 847 accepit.
1041 775 1258 832 Verum
1290 776 1386 832 hic
1417 777 1551 850 pius
1584 783 1761 848 atque
1792 781 2076 838 admiran-

429 863 539 919 dus
570 866 702 935 post
741 863 974 936 imperii
1016 865 1105 922 sui
1137 882 1369 924 menses
1402 871 1550 935 octo,
1593 885 1726 925 cum
1758 886 1792 925 a
1841 871 2074 930 Perside

424 951 657 1021 rediret,
690 952 867 1009 rebus
897 956 1140 1011 terrenis
1186 957 1453 1027 excessit,
1486 957 1804 1015 Ecclesiam
1834 964 1892 1017 et
1941 962 2073 1020 uni-

420 1055 648 1096 versam
682 1041 1123 1100 multitudinem
1154 1045 1380 1117 ingenti
1413 1046 1573 1103 luctu
1606 1047 1887 1107 afﬁciens.

488 1260 624 1314 Post
650 1257 1024 1315 Jovinianum
1074 1259 1525 1317 Valentinianus
1554 1261 1868 1334 imperium
1921 1267 2068 1323 rexit

419 1364 604 1405 annos
649 1347 981 1405 duodecim.
1013 1350 1065 1406 Is
1097 1350 1387 1407 Valentem
1443 1352 1699 1420 fratrem,
1754 1362 2062 1427 postquam

417 1437 787 1493 renuntiatus
809 1441 963 1494 esset
993 1438 1325 1511 imperator,
1346 1440 1585 1513 triginta
1614 1441 1818 1498 diebus
1847 1443 2064 1516 elapsis

416 1542 486 1581 ex
516 1526 746 1584 Paeonia
775 1529 1020 1585 accitum
1064 1528 1343 1602 collegam
1388 1530 1617 1600 imperii
1652 1532 1803 1588 fecit.
1848 1533 2061 1592 Valens

420 1614 703 1672 hazreticis
741 1618 1006 1675 addictus
1050 1619 1356 1691 episcopos
1402 1621 1736 1678 sacerdotes
1768 1624 1827 1678 et
1856 1623 2058 1680 diaco-

412 1721 543 1773 nos,
575 1722 806 1763 omnem
850 1708 1096 1780 denique
1136 1708 1361 1781 plebem
1407 1711 1612 1766 acerbe
1655 1715 1918 1769 vexatam
1968 1730 2058 1770 ex-

410 1794 543 1852 silio
565 1795 871 1866 multabat,
887 1797 1142 1871 plurima
1171 1798 1353 1872 impia
1382 1799 1483 1856 illa
1501 1800 1737 1873 quidem
1770 1803 2059 1859 atrocissi-

411 1900 625 1957 maque
665 1889 868 1943 contra
916 1887 1019 1945 Dei
1064 1887 1382 1946 Ecclesiam
1429 1905 1760 1961 aggressus.
1796 1892 2052 1949 Tandem
2084 1895 2132 1963 B

407 1988 543 2030 cum
601 1974 806 2031 Gothis
854 1975 1037 2033 armis
1087 1976 1373 2035 dimicans
1427 1978 1680 2035 afflictus
1717 1996 1784 2037 ac
1834 1984 2054 2039 stratus

405 2077 539 2117 cum
573 2063 870 2121 nonnullis
905 2065 1134 2136 fugiens
1166 2066 1226 2123 in
1258 2067 1565 2139 tugurium
1599 2085 1663 2125 se
1690 2068 1931 2142 recipit,
1975 2071 2054 2127 ibi

404 2164 520 2205 una
548 2167 682 2207 cum
716 2153 843 2210 suis
872 2157 929 2210 et
975 2157 1211 2227 tugurio
1243 2154 1500 2212 ﬂammis
1529 2157 1601 2212 ab
1646 2157 1916 2216 hostibus
1947 2159 2054 2215 ab-

400 2244 673 2311 sumptus
692 2245 950 2309 est,cum
977 2242 1156 2315 impie
1190 2260 1310 2299 rem
1333 2244 1630 2316 publicam
1653 2246 2053 2305 administras-

403 2332 490 2385 set
520 2346 705 2386 annos
753 2323 1216 2402 quatuordecim.
1249 2331 1699 2391 Valentinianus
1731 2336 1980 2409 Magnus
2023 2355 2054 2396 θ

403 2413 586 2470 Gallia
618 2417 850 2474 rediens
881 2418 1037 2473 diem
1081 2418 1225 2475 obiit
1255 2425 1620 2478 extremum:
1672 2423 1902 2495 imperii
1951 2427 2050 2482 39

402 2504 659 2561 haeredes
691 2505 1037 2563 Gratianum
1098 2509 1311 2580 filium,
1356 2510 1458 2583 qui
1493 2513 1744 2584 Augusti
1794 2514 2053 2587 insignia

395 2597 629 2665 ceperat
649 2595 959 2668 Romzeque
986 2597 1477 2667 commorabatur,
1492 2604 1549 2656 et
1571 2600 2048 2660 Valentinianum

394 2682 709 2752 puerulum
753 2685 945 2742 adhuc
988 2685 1264 2744 instituit.
1297 2688 1744 2749 Valentinianus
1788 2694 2048 2751 deserto-

389 2785 522 2827 rum
554 2774 610 2828 vi
668 2778 905 2831 coactus
957 2775 1188 2849 imperii
1248 2778 1446 2835 sedem
1500 2780 1614 2836 sibi
1669 2781 1936 2856 arripuit,
1986 2795 2046 2849 et

381 2860 622 2919 absente
652 2862 827 2921 fratre
856 2881 1117 2938 purpura
1148 2868 1535 2927 convestitur.

454 3062 773 3121 Gratianus
805 3065 1085 3136 Magnum
1115 3067 1505 3126 Theodosium
1559 3085 1838 3141 generum
1870 3089 2043 3131 suum

382 3166 451 3206 ex
498 3151 781 3223 Hispania
823 3154 1166 3211 advocatum
1220 3157 1630 3228 imperatorem
1663 3166 1837 3231 creat,
1886 3162 2043 3220 able-

382 3243 596 3311 gatque
672 3242 743 3297 ad
838 3242 1091 3299 Orientis
1185 3246 1710 3317 gubernationem,

379 3327 675 3386 Thraciam
734 3330 1102 3388 devastantes
1151 3332 1591 3392 debellaturum.
1639 3336 1843 3394 Postea
1901 3356 2033 3398 vero

376 3416 608 3474 Maximi
631 3419 941 3489 cujusdam
970 3420 1203 3478 insidiis
1233 3421 1306 3478 ab
1352 3424 1749 3496 Andragathio
1784 3429 2032 3487 trucida-

372 3510 472 3561 tur
501 3510 558 3563 et
589 3523 622 3564 a
651 3508 975 3566 Theodosio
1008 3508 1068 3566 in
1102 3512 1261 3583 regia
1290 3512 1559 3584 sepulcra
1588 3514 1865 3574 defertur.

441 3727 579 3781 Post
610 3723 950 3783 Gratianum
981 3726 1288 3799 imperium
1321 3730 1470 3787 rexit
1508 3732 1871 3793 Theodosius
1901 3736 2025 3795 Ma-

367 3828 521 3884 gnus
582 3832 770 3872 annos
818 3819 1257 3889 septemdecim.
1317 3820 1592 3894 Gregorio
1642 3833 2020 3897 cognomento

365 3901 658 3977 Theologo
694 3907 891 3961 sedem
926 3907 1288 3978 Cpolitanam
1332 3911 1581 3967 decrevit
1613 3912 1789 3970 invito
1820 3933 1885 3971 ac
1928 3932 2017 3973 re-

367 3994 593 4062 nuenti,
656 3998 934 4066 tanquam
996 3998 1094 4068 qui
1127 4015 1231 4070 pro
1264 3998 1546 4071 religione
1577 4003 1790 4059 multos
1846 4022 2015 4062 exan-

364 4080 574 4137 tlasset
600 4083 829 4140 labores
861 4086 1181 4158 urbemque
1210 4088 1280 4144 ab
1315 4091 1606 4147 haereseon
1652 4093 1748 4149 lue
1777 4094 2016 4153 liberas-

326 4194 329 4197 δ
361 4176 471 4228 set.
506 4172 724 4229 Verum
757 4175 1067 4245 Gregorius
1099 4177 1196 4233 ubi
1228 4180 1548 4237 nonnullos
1577 4183 1869 4257 Egyptios
1901 4187 2014 4243 sibi

363 4276 430 4315 eo
492 4261 731 4318 nomine
759 4262 982 4318 invidia
1012 4266 1262 4334 percitos
1307 4270 1714 4327 succensuisse
1759 4274 2009 4347 rescivit,

362 4345 626 4403 oratione
682 4363 858 4421 quam
909 4349 1335 4421 Syntacteriam
1387 4354 1608 4410 vocavit
1656 4345 2005 4430 conscripta,

360 4436 433 4492 ab
496 4435 870 4510 episcOpatus
903 4454 1076 4495 onere
1125 4455 1256 4496 sese
1306 4441 1613 4499 abdicavit.
1646 4444 1791 4502 Loco
1847 4447 2008 4507 illius

360 4526 432 4581 ab
488 4525 842 4600 imperatore
871 4532 928 4585 et
968 4529 1191 4601 synodo
1250 4529 1553 4588 Nectarius
1606 4540 1837 4593 evectus
1894 4545 2002 4596 est.

1797 3251 2038 3324 Scythas
2079 3267 2121 3335 ρ

2184 606 2292 659 τῶν
2323 606 2401 669 ὡς
2460 609 2585 666 ’ὐπό
2632 613 2931 673 Ἰουλιανοῦ
2996 606 3580 694 μολυνθέντωνίΤότε
3633 633 3838 699 πάντας

2188 697 2286 796 μιᾷ
2314 702 2466 796 ιρωνῇ
2499 699 2856 796 ἀποκριθῆναι
2892 706 3128 783 λέγεται,
3188 711 3274 769 ὅτι
3330 716 3520 789 Ἡμεῖς
3576 697 3837 796 Χριστιαέ

2181 782 2266 879 vet
2322 782 2526 879 ἐσμεν,
2563 792 2654 879 καὶ
2699 794 2843 850 οὕτω
2898 782 2999 867 τὴν
3062 800 3339 876 βασιλείαν
3386 782 3636 879 ἐδέξατο..
3676 812 3840 871 Ἀλλ’

2180 870 2338 935 οὗτος
2394 877 2422 931 6
2479 875 2706 952 εὐσεϐὴς
2773 887 2863 940 καὶ
2922 870 3221 962 θαυμάσιος
3250 894 3385 966 μετὰ
3436 898 3489 967 η’
3524 901 3702 971 μῇνας
3734 911 3835 974 τῆς

2178 963 2349 1067 αὐτοῖξ
2380 966 2658 1067 βασιλείας
2691 973 2742 1029 ἐν
2771 980 2852 1049 τῷ
2911 963 3265 1060 ὑποστρέφειν
3324 984 3431 1039 ἀπὸ
3639 963 3835 1067 Περσίζ

2180 1046 2273 1153 δος
2331 1054 2668 1153 ετελεξίῖησε,
2731 1046 2866 1141 μέγα
2908 1046 3099 1133 πένθος
3156 1046 3489 1150 καταλείψας
3694 1046 3827 1141 ἦιξ-

2176 1136 2383 1217 κλησίᾳ
2408 1145 2497 1200 καὶ
2530 1146 2685 1211 λαοῖς
2724 1136 2934 1209 ἅτασιν-

2248 1231 2398 1324 Μετᾶ
2445 1231 2539 1324 ’δὲ
2587 1233 2894 1297 Ἰοϐινιανὸν
2968 1240 3314 1305 ἐϐασίλευσεν
3378 1254 3824 1324 Οὖαλεντινιανός

2171 1310 2264 1420 ἔτη
2293 1321 2387 1420 ιβ’,
2422 1321 2504 1393 ὅς,
2540 1328 2677 1398 μετὰ
2706 1327 2761 1385 λ’
2790 1332 3001 1407 ἡμέρας
3039 1343 3141 1406 τῆς
3193 1338 3358 1394 αὐτοῦ
3416 1343 3818 1420 ἀναγορεύσεως

2168 1407 2259 1511 τὸν
2294 1408 2485 1466 ἑαυτοῦ
2515 1411 2753 1491 ἀδελφὸν
2784 1419 3059 1478 Οὐάλεντα
3106 1424 3166 1480 ἐκ
3224 1431 3479 1495 Παιονίας
3523 1407 3823 1511 ’μεταπεμέ

2171 1495 2431 1596 ψάμενος,
2486 1507 2749 1563 κοινωνὸν
2803 1516 2904 1579 τῆς
2964 1513 3246 1588 βασιλείας
3300 1495 3696 1596 προσελάϐετο,
3750 1495 3823 1590 ιι’)’ς

2166 1586 2293 1650 τοὸς
2340 1589 2642 1663 αἷρετικοὺς
2701 1605 3011 1673 συγκροτῶν
3071 1602 3134 1660 οὗ
3192 1602 3434 1664 διέλιπεν
3489 1611 3816 1677 ἐπισκόπους

2165 1674 2678 1752 καὶπρεσὸυτέοους
2709 1686 2796 1742 καὶ
2849 1685 3138 1759 διακόνους
3190 1697 3280 1751 καὶ
3339 1696 3507 1763 λαοὺς
3560 1674 3809 1775 ἐξορίζων

2163 1765 2252 1819 καί
2311 1766 2543 1826 πλεῖσυα
2593 1772 2823 1848 ἀοέμιτα
2878 1779 2966 1835 καὶ
3030 1782 3291 1855 ὡμότατα
3334 1790 3469 1843 κατὰ
3532 1797 3633 1860 τῆς
3712 1798 3813 1850 τοῦ

2164 1858 2296 1954 Θεοῦ
2351 1856 2678 1954 Έκκιλησίας
2735 1868 3163 1954 μηχάνώμενος.
3222 1881 3474 1954 Ὕστερον
3544 1856 3601 1936 δέ
3692 1890 3815 1947 τοῖς

2163 1940 2388 2043 Γότθοις
2419 1947 2666 2022 πόλεμον
2706 1940 3002 2027 συμϐαλὼν
3056 1961 3145 2015 καὶ
3191 1964 3329 2020 κατᾶ
3383 1940 3585 2041 κράτος
3638 1973 3813 2043 ἡττη-

2162 2030 2276 2128 θεὶς
2308 2033 2488 2112 φεύγει
2546 2039 2641 2128 σὺν
2693 2039 2910 2120 ὀλίγοις
2943 2046 3019 2110 εἰς
3047 2047 3279 2124 οἴκημα,
3312 2051 3365 2109 ἐν
3393 2030 3818 2128 (proﬁtentur.

2162 2119 2390 2177 ἐκαυσαν
2447 2126 2498 2179 οἱ
2555 2126 2821 2204 πολέμιοι
2878 2135 2970 2190 σὺν
3023 2144 3141 2201 τοῖς
3201 2147 3449 2200 συνοῦσιν
3515 2148 3663 2221 αὐτῷ
3723 2151 3823 2207 καὶ

2160 2207 2309 2309 (ius?
2386 2212 2709 2309 οἰκήματα-Δ
2766 2221 3147 2296 β.σιλεύσαντα
3231 2230 3465 2298 ἀνοσίως
3541 2207 3645 2309 ἔτη.
3724 2237 3817 2297 ιδ’.

2161 2298 2602 2398 ριῖαλεντινιανδς
2662 2305 2718 2362 δέ
2776 2311 2804 2365 ὁ
2864 2314 3051 2390 Μέγας
3078 2317 3138 2372 ἐκ
3166 2323 3273 2375 τῶν
3324 2328 3502 2398 μερῶν
3536 2298 3636 2396 τῆς
3668 2328 3811 2386 Γαλ-

2160 2385 2486 2493 λίαςέλθὼν
2533 2393 2853 2493 ἐτελειώθη,
2894 2385 3283 2481 κλὴρονόμους
3465 2385 3656 2471 ἑαυτοῦ
3708 2420 3811 2493 βα-

2160 2474 2368 2541 σιλείας
2421 2483 2738 2541 καταλιπὼν
2791 2492 3082 2563 Γρατιανὸν
3138 2495 3231 2551 τόν
3312 2500 3427 2556 υἱὸν
3483 2503 3672 2576 αὐτοῦ,
3705 2474 3819 2564 λῦ-

2155 2587 2383 2642 γουστον
2461 2572 2586 2628 ὅντα
2657 2576 2748 2631 καὶ
2822 2578 2875 2634 ἐν
2977 2582 3174 2660 Ῥώμῃ
3252 2586 3622 2664 διατρίϐοντα,
3714 2599 3816 2652 καὶ

2155 2654 2604 2716 Οὐαλεντινιανὸν
2634 2663 2752 2721 νὲον
2781 2666 2986 2740 κομιδῆ
3016 2673 3375 2750 τυγχάνοντα,
3413 2682 3469 2737 δν
3504 2686 3536 2752 ἡ
3598 2686 3812 2763 ἀνάγκη

2296 2745 2310 2763 .
2563 2750 2575 2763 ι
2796 2756 2807 2763 -
2927 2757 2938 2763 -

2152 2766 2259 2800 των
2292 2745 2718 2827 ἐπιχειρούντων
2755 2756 2846 2811 τὸν
2879 2757 3046 2815 τόπον
3228 2745 3536 2839 βασιλείας·
3563 2745 3809 2852 boetia-6:

2154 2840 2262 2905 ζειν
2320 2840 2681 2913 παρεσκεύασε
2736 2845 2827 2901 καὶ
2897 2846 3128 2914 ἀπόντος
3201 2857 3298 2909 τοῦ
3382 2840 3623 2940 ἀδελφοῖί
3676 2840 3808 2921 ’τά-

2149 2928 2430 3006 πορφύραν
2462 2928 2848 3004 ἀναδήσασθαι.

2216 3102 2367 3203 ᾮΙδέ
2395 3128 2455 3203 γε
2528 3115 2820 3203 Γρατιανός
2850 3116 2942 3173 τὸν
3023 3120 3191 3200 μέγαν
3266 3123 3552 3183 Θεοδόσιον
3611 3130 3665 3203 ἐξ
3743 3136 3809 3193 Ἰ·-

2151 3192 2628 3297 σπάνίαςῃάγαγὼν
2660 3192 3210 3297 προεχειρίσατο-εἲς
3246 3214 3497 3287 βασιλέα,
3556 3192 3811 3297 γαμϐρὸν

2836 3280 2841 3281 ,
2910 3280 2916 3282 _
3246 3280 3255 3287 .
3484 3280 3494 3286 -
3568 3280 3581 3296 .
3636 3280 3647 3295 .
3718 3280 3726 3297 ι

2151 3280 2322 3338 αὐτοῦ
2382 3286 2531 3356 ὅντα,
2583 3291 2716 3366 πρὸς
2778 3295 2841 3350 τὸ
2906 3296 3172 3373 πολεμεῖν
3231 3310 3350 3367 τοῖς
3406 3308 3640 3373 Σκύθαις
3697 3316 3800 3384 τήν

2141 3371 2355 3465 Opim”
2402 3372 2784 3465 ληϊζομένοις.
2836 3385 2897 3441 Ὀ
2956 3385 3014 3442 δὲ
3055 3371 3356 3465 ᾃΓρατιανός
3398 3398 3519 3452 κατ’
3573 3371 3801 3456 ἐπιϐου-

2304 3464 2553 3560 Μαξίμου
2611 3471 2759 3560 τινὸς
2820 3470 2891 3560 δι’
2937 3460 3324 3555 Ἀνδραγαθίου
3383 3484 3639 3560 ἀνῃρέθη,
3703 3492 3792 3547 καὶ

2141 3550 2245 3655 ὑπὸ
2314 3551 2609 3612 Θεοδοσίου
2664 3559 2741 3623 εἰς
2792 3559 2924 3627 τοὺς
2977 3550 3300 3641 βασιλικοὺς
3385 3550 3792 3655 τάῷὀυςημετ-

2132 3639 2287 3712 ετέθη
2301 3684 2314 3698 .

2204 3747 2351 3803 Μετὰ
2409 3747 2465 3805 δὲ
2518 3757 2808 3827 Γρατιανὸν
2863 3755 3180 3820 ἐϐασίλευσε
3236 3765 3530 3833 Θεοδόσιος
3586 3772 3614 3826 6
3666 3775 3784 3831 Μέ-

2126 3855 2225 3931 γας
2388 3841 2476 3911 ιζ’,
2511 3840 2568 3904 ὅς
2599 3848 2679 3915 τῷ
2735 3844 2996 3924 Θεολόγῳ
3065 3856 3352 3931 Γρηγορίῳ
3402 3860 3503 3928 τὴν
3560 3860 3787 3920 ἐπισκο-

2124 3927 2232 3995 πήν
2264 3926 2501 4003 ἐκύρωσε
2540 3933 3170 4006 Κωνσταντινουπόλεως
3205 3946 3295 4000 καὶ
3330 3949 3406 4021 μή
3461 3948 3779 4025 θελήσαντι,

2127 4013 2473 4088 βιασάμενος,
2508 4019 2581 4081 ὡς
2614 4020 2800 4078 πολλᾶ
2848 4027 3074 4101 καμόντι
3129 4033 3220 4087 καί
3266 4041 3366 4103 τῆς
3422 4036 3640 4110 πλάνης
3668 4047 3778 4100 τῶν

2120 4100 2374 4201 αἱρέσεων
2402 4107 2501 4175 τὴν
2533 4108 2700 4165 πόλιν
2733 4100 3176 4193 ἐλευθερώσαντι.
3240 4100 3494 4201 Ὀλίγους
3565 4100 3636 4182 δὲ
3672 4136 3782 4185 τῶν

2119 4190 2433 4294 Αἰγυπτίων
2469 4199 2655 4294 μαθων
2690 4201 2718 4256 6
2761 4208 2904 4267 θεῖος
2925 4190 3234 4284 Γρηγόριος
3260 4212 3338 4286 τῷ
3378 4190 3536 4289 ’λόὸῳ
3599 4219 3781 4294 τούτῳ

2118 4285 2505 4358 φθονήσαντας,
2540 4289 2630 4344 τὸν
2665 4297 3071 4368 Συντακτήριον
3129 4302 3340 4367 συνθεὶς
3396 4307 3496 4374 τῆς
3553 4306 3781 4366 ἐπισκο-

2114 4378 2283 4443 πικῆς
2313 4371 2640 4448 διοικήσεως
2662 4381 3039 4458 ὑπεχώρησεν.
3081 4389 3234 4446 ³Λντ⁹
3269 4391 3434 4448 αὐτοῦ
3478 4392 3537 4451 δέ
3568 4402 3776 4456 Νεκτα-

2117 4478 2230 4533 ριον
2276 4466 2682 4540 προχειρίζεται
2742 4470 2773 4525 6'
2803 4492 2862 4527 τε
2891 4474 3146 4549 βασιλεὺς
3173 4480 3269 4535 καῖ
3297 4484 3330 4552 ἡ
3364 4481 3607 4559 σύνοδος,
3678 4489 3771 4546 ὅτε

2112 4549 2265 4621 καὶή
2311 4550 2529 4630 δευτέρα
2571 4557 2792 4622 σύνοδος
2821 4562 3032 4640 γέγονεν
3091 4567 3143 4624 ἐν
3191 4573 3768 4635 Κωνσταντινουπόλει

357 4618 502 4673 Tum
534 4621 794 4676 secunda
823 4620 1084 4694 synodus
1122 4621 1225 4678 450
1255 4625 1595 4679 sanctorum
1626 4623 1862 4682 Patrum
1903 4631 2004 4686 ad-

2255 4618 2264 4621 -
2464 4618 2472 4630 ,
2778 4618 2789 4622 ,
2831 4618 2842 4636 ,
2894 4618 2905 4640 ,
3094 4618 3135 4624 --
3191 4618 3768 4635 .....-.......--....,..—..

2148 4642 2220 4694 ὧν
2287 4643 2365 4717 ρν’
2441 4644 2608 4719 ἁγίων
2694 4649 2948 4725 Πατέρων
3040 4658 3176 4712 κατὰ
3252 4659 3596 4718 Μακεδονίου
3670 4671 3769 4722 τοῦ

355 4722 555 4763 versus
603 4710 1005 4767 Macedonium
1037 4710 1381 4784 episcopum
1428 4711 1818 4785 Cpolitanum,
1868 4719 2001 4791 Spi-

357 4794 504 4849 ritus
555 4800 738 4854 sancti
794 4805 1287 4873 oppugnatorem,
1338 4800 1498 4874 Cpoli
1549 4802 1836 4863 celebrata
1888 4812 1995 4867 est.

354 4882 475 4937 Sub
507 4886 708 4942 eodem
755 4890 1076 4959 pretiosum
1124 4892 1506 4949 Prascursoris
1553 4900 1727 4968 caput
1772 4898 1995 4970 Cpolim

351 4970 671 5029 advehitur.
708 4976 929 5033 Interea
983 4978 1426 5038 Valentinianus
1477 4982 1535 5039 in
1570 4985 1827 5043 occiduis
1857 5006 1994 5060 par-

353 5062 511 5119 tibus
543 5063 667 5135 ipse
698 5067 809 5123 sibi
862 5068 1067 5140 laqueo
1113 5073 1290 5128 vitam
1341 5073 1661 5148 intercipit,
1695 5095 1813 5151 qua
1861 5097 1994 5140 vero

352 5152 422 5206 de
453 5168 629 5209 causa
661 5155 848 5212 adhuc
901 5156 1330 5230 incompertum
1364 5167 1466 5218 est.
1507 5169 1684 5222 Porro
1733 5169 1993 5228 Theodo-

348 5240 473 5297 sius
504 5241 757 5299 Orientis
800 5247 901 5301 40
932 5245 1241 5318 imperium
1273 5249 1381 5306 sibi
1415 5254 1696 5312 traditum
1745 5258 1991 5317 Arcadio

347 5330 882 5390 administrandum
927 5335 1259 5404 committit,
1310 5339 1631 5398 Honorium
1688 5345 1988 5419 dignitate,

346 5435 460 5492 qua
492 5421 618 5493 ipse
649 5422 922 5495 pollebat,
949 5430 1182 5481 auctum
1213 5427 1284 5482 ad
1320 5428 1651 5487 Occidentis
1682 5432 1991 5507 imperium

346 5524 521 5582 quam
554 5512 719 5569 ocius
767 5513 1037 5587 ablegat;
1077 5531 1327 5588 eumque
1357 5533 1490 5572 cum
1522 5521 1592 5574 ad
1624 5538 1686 5577 se
1739 5527 1993 5585 venisset

343 5598 493 5659 lastis
517 5601 672 5660 ulnis
695 5605 1058 5677 complexum
1080 5606 1238 5662 dulci
1270 5606 1471 5665 osculo
1501 5611 1672 5683 cepit,
1690 5616 1866 5685 atque
1892 5618 1992 5676 Oc-

343 5689 646 5751 cidentalis
671 5692 899 5767 imperii
921 5696 1492 5755 administrationem
1524 5703 1832 5760 concessit.
1860 5708 1882 5760 Ι
1886 5724 1990 5777 pse

2116 4734 2610 4809 πνευματομάχου,
2643 4736 2940 4796 ἐπισκόπου
2974 4748 3268 4822 γεγονότος
3325 4756 3769 4810 Κωνσταντινου-

2108 4817 2345 4917 πόλεως.
2390 4822 2513 4879 Ἐπὶ
2562 4822 2619 4880 δὲ
2673 4817 3099 4889 Θεοδοσίουήκαὶ
3151 4837 3185 4907 ἡ
3238 4841 3398 4912 τιμία
3427 4841 3642 4917 κεφαλὴ
3668 4851 3768 4901 τοῦ

2107 4904 2437 5003 Προδρόμου
2582 4917 3151 5003 Ιῇωνσταντινουπόλει
3177 4904 3531 5003 διεκομίσθη..
3569 4904 3656 4989 Ἐν
3710 4932 3769 4991 δὲ

2106 4998 2184 5066 τῷ
2225 4999 2421 5070 μεταξὺ
2477 4999 2929 5072 Οὗαλεντινιανὸς
2985 5009 3036 5065 ἐν
3094 5019 3211 5078 τοῖς
3269 4998 3368 5086 τῆς
3419 4998 3630 5084 Δόσεως
3667 5026 3762 5096 μὲ-

2109 5102 2219 5182 Bac:
2255 5085 2448 5182 βρόχῳ
2477 5092 2827 5182 χρησάμενος
2856 5097 2919 5151 τὸ
2965 5095 3122 5163 τέλος
3161 5100 3282 5179 εὗρε
3325 5085 3431 5160 τοῦ
3493 5107 3639 5182 βίου,
3667 5085 3764 5165 ¹δι’

2107 5169 2172 5239 ἤν
2227 5173 2398 5229 αἰτίαν
2449 5182 2616 5255 μέχρι
2664 5181 2761 5237 τοῦ
2814 5186 3083 5259 παρόντος
3136 5169 3234 5246 οὐκ
3291 5169 3566 5270 ἴσμεν..’0
3611 5198 3667 5255 δέ
3697 5222 3762 5276 γε

2106 5258 2390 5363 Θεοδόσιος
2448 5266 2501 5321 ἐν
2560 5271 2654 5363 μεν
2709 5276 2777 5346 τῇ
2848 5258 3116 5351 Ἀνατολῇ
3149 5281 3239 5335 τὸν
3273 5258 3559 5358 Ἀρκάδων
3592 5258 3760 5363 προσ-

2105 5351 2255 5422 εταξε
2300 5355 2403 5424 τὴν
2460 5356 2854 5434 παραδοθεῖσαν
2909 5363 3054 5438 αὐτῷ
3101 5367 3383 5443 βασιλείαν
3439 5351 3757 5449 φυλάττειν,

2102 5441 2362 5516 Ὀνώριον
2405 5442 2461 5499 δὲ
2502 5450 2570 5520 τῇ
2622 5450 2785 5505 αὐτοῦ
2849 5456 3087 5526 τιμήσας
3156 5459 3277 5533 ἀξίᾳ
3327 5462 3416 5517 ἐπὶ
3490 5466 3591 5535 τήν
3654 5476 3755 5537 τῆς

2103 5530 2647 5624 Δόσεωςιβασιλείαν
2715 5538 2891 5605 ἐλοεῖν
2953 5546 3167 5621 ταχέως
3222 5530 3565 5624 προσέταξεν..
3630 5530 3754 5612 Ἐλέ

2102 5618 2263 5674 θόντα
2317 5619 2374 5677 δὲ
2426 5622 2586 5681 αὐτὸν
2645 5631 3034 5705 περιεπτύξατο
3091 5636 3181 5691 καὶ
3232 5638 3479 5717 ἐφίλησε,
3538 5643 3628 5697 καὶ
3685 5646 3754 5700 τὰ

2101 5715 2201 5779 τῆς
2261 5710 2545 5787 βασιλείας
2594 5721 2841 5797 σκῆπτρα
2894 5729 2994 5792 τῆς
3057 5710 3282 5790 Δύσεως
3349 5710 3754 5807 παραδεδωκὼς
