4150 6292
447 332 570 397 263

2025 323 2287 392 JOELIS

3734 339 3857 404 264

451 484 631 542 penes
669 466 998 541 piissimam
1019 459 1302 534 virginem
1332 459 1630 517 Hebrmam
1660 475 1896 518 summa
1919 476 2075 518 vene-

2208 458 2456 538 Έϐραΐδι
2511 466 2602 523 καὶ
2676 469 2924 543 παρθένῳ
2961 469 3126 546 ἰερῶς
3181 469 3589 551 φυλαττομένη,
3649 476 3740 530 καὶ
3799 476 3852 532 ἐν

447 561 674 619 ratione
704 557 1012 614 adservata
1039 567 1174 607 cum
1199 550 1571 620 innotuissel,
1602 549 1828 622 Cpolim
1859 551 2098 608 devecta

453 648 610 723 apud
650 644 1004 704 Blachernas
1039 638 1293 710 reposita
1323 645 1428 694 est.
1463 637 1546 692 Ibi
1578 637 1897 710 imperator
1943 645 2095 697 tem-

448 740 614 814 plum
644 735 746 793 Dei
791 733 959 790 Matri
1003 745 1238 786 sacrum
1297 727 1605 796 exstruxit,
1654 731 1710 784 et
1755 729 1816 784 in
1861 746 1996 786 arca
2023 746 2092 787 ex

445 845 586 888 auro
653 827 1012 898 argentoque
1070 819 1224 874 facta
1310 817 1690 873 conservavit.
1770 816 1964 876 Vestis
2021 837 2092 878 ex

442 918 611 978 facile
642 909 998 990 putrescenti
1025 908 1160 964 lana
1181 910 1237 963 et
1267 906 1620 963 staminibus
1650 907 1840 963 forma
1868 909 2086 966 colore-

442 1025 559 1084 que
615 1003 912 1064 similibus
965 1001 1253 1068 contexta,
1308 1013 1496 1068 neque
1551 998 1847 1070 corrumpi
1895 1015 2086 1072 neque

441 1097 680 1158 dissolvi
758 1095 832 1152 ad
913 1092 1036 1148 hec
1108 1093 1367 1160 tempore
1438 1087 1648 1158 potuit,
1735 1087 2082 1162 incorrupta;

439 1190 602 1248 illius
630 1205 696 1244 ac
746 1184 1032 1242 mviterms
1087 1175 1443 1250 virginitatis
1500 1181 1930 1248 argumentum.
1971 1183 2080 1238 Leo

440 1297 572 1340 vero
601 1278 915 1350 imperator
940 1271 1231 1326 viseerum
1264 1265 1466 1322 morbo
1496 1266 1796 1322 confectus
1825 1268 2119 1326 occubuit.

509 1369 682 1429 Leoni
711 1361 998 1422 successit
1027 1359 1140 1414 Leo
1161 1354 1366 1428 junior
1388 1370 1458 1410 ex
1486 1356 1711 1410 Zenone
1736 1358 1796 1411 et
1819 1357 2078 1415 Ariadna

437 1477 642 1534 nepos.
673 1454 835 1514 Rexit
856 1449 1163 1522 imperium
1191 1460 1413 1502 annum
1445 1460 1650 1499 unum.

2200 555 2781 614 Κωνσταντινουπόλει
2847 556 3305 635 διακομισθεῖσα,
3371 562 3423 618 ἐν
3501 563 3846 640 Βλαχέρναις

2201 642 2454 716 ἆπετέθη·
2489 643 2613 710 ἔνθα
2641 649 2670 702 6
2705 647 2960 724 βασιλεὺς
3025 649 3148 705 ναὸν
3195 648 3524 725 ᾠκοδόμησε
3551 660 3652 723 τῆς
3716 660 3845 710 Θεο-

2205 734 2476 808 μήτορος,
2531 737 2621 790 καὶ
2662 737 2819 814 σορὸν
2877 738 2937 794 ἐκ
2991 745 3199 816 χρυσοῦ
3253 741 3342 796 καὶ
3413 741 3652 818 ἀργύρου
3691 764 3852 800 κατα-

2201 824 2460 888 σκευάσας
2515 826 2767 893 κατέθετο
2805 829 3030 902 ταύτην,
3097 830 3218 901 ἥτις
3281 831 3332 903 ἐξ
3399 830 3558 907 ἐρίων
3613 835 3853 910 εὐφθάρ-

2198 934 2307 968 των
2337 915 2673 995 έξυφασμένη
2716 919 2806 974 καὶ
2839 919 3125 995 στημόνων
3176 919 3506 996 ὁμοιοειδῶν
3565 923 3656 980 καὶ
3715 926 3854 998 ὁμο-

2195 1007 2381 1082 χρόων
2426 1005 2790 1090 ἀδιάφθαρτός
2846 1010 2958 1067 ἐστι
3017 1013 3106 1067 καὶ
3162 1009 3455 1077 ἀδιάλυτος
3519 1015 3686 1097 μέχρι
3743 1021 3842 1072 τοῦ

2192 1099 2308 1160 νῦν,
2339 1103 2442 1166 τῆς
2474 1098 2850 1174 Ἀειπαρθένου
2905 1101 2968 1156 τὸ
3033 1103 3212 1176 θαῦμα
3251 1107 3432 1178 σαφῶς
3469 1103 3835 1176 κηρύττουσα.

2189 1183 2250 1242 Ὁ
2275 1181 2332 1240 δέ
2360 1207 2420 1262 γε
2455 1185 2708 1261 βασιλεὺς
2749 1190 2896 1246 Λέων
2923 1187 3326 1266 δυσεντεριάσας
3357 1191 3607 1259 ἀπέθανε.

2257 1365 2410 1422 Μετὰ
2441 1361 2500 1421 δὲ
2528 1365 2732 1422 Λέοντα
2786 1357 3104 1425 ἐϐασίλευσε
3157 1371 3308 1426 Λέων
3364 1372 3392 1426 6
3449 1372 3639 1446 μικρὸς
3687 1373 3716 1428 6
3747 1368 3841 1428 ἔκ-

2185 1472 2342 1526 γονος
2376 1455 2564 1526 αὐτοῦ,
2607 1457 2634 1512 ὁ
2679 1457 2784 1512 ἀπὸ
2813 1459 3064 1530 Ζήνωνος
3095 1461 3183 1516 καὶ
3216 1458 3528 1536 Ἀριάδνης,
3552 1459 3668 1523 ἔτος
3693 1458 3773 1518 ἐν.

507 1532 649 1611 inst
677 1548 931 1605 Leonem
962 1545 1114 1596 Zeno
1146 1539 1382 1593 Isaurus
1413 1535 1540 1606 ejus
1563 1539 1730 1608 pater
1757 1535 2074 1609 imperium

2252 1543 2403 1599 Μετὰ
2435 1542 2492 1600 δὲ
2548 1545 2756 1602 Λέοντα
2809 1548 2901 1603 τὸν
2962 1550 3152 1624 μικρὸν
3209 1532 3524 1607 ἐϐασίλευσε
3562 1552 3744 1622 Ζήνων
3805 1553 3832 1606 6

437 1635 874 1706 administravit
900 1646 1084 1688 annos
1105 1625 1400 1693 undecim,
1435 1625 1842 1698 viscerumque
1865 1629 2068 1685 morbo

434 1736 610 1794 vitam
643 1724 860 1786 amisit.
906 1721 1040 1792 Ipso
1071 1717 1165 1775 sui
1215 1715 1447 1787 imperii
1479 1714 1799 1786 primordio
1831 1717 1903 1772 ab
1933 1717 2084 1774 insi-

435 1825 548 1884 diis
574 1820 794 1878 Berinm
817 1826 1019 1870 socrus
1041 1813 1098 1864 et
1116 1806 1318 1862 Leonis
1337 1804 1526 1876 Magni
1552 1803 1767 1876 uxoris,
1799 1809 2081 1878 tanquam

435 1915 538 1991 qui
567 1929 638 1970 ea
665 1905 1006 1967 adversante
1034 1897 1351 1971 imperium
1391 1894 1701 1964 obtineret,
1725 1895 1837 1952 sibi
1868 1912 2080 1955 cavens

441 1983 504 2063 fn
561 1999 810 2078 patriam
863 1989 1110 2064 aufugit.
1174 1986 1380 2078 Berina
1443 1983 1792 2078 Basiliscum
1839 1987 2078 2078 fratrem

434 2075 844 2168 imperatorem
889 2079 1127 2140 creavit.
1182 2079 1323 2168 l’ost
1359 2075 1480 2168 bees
1525 2075 1677 2132 Zeno
1725 2075 1952 2148 Cpolim
1995 2093 2082 2136 re-

435 2165 642 2246 versus
671 2175 1036 2243 Basiliscum,
1068 2169 1168 2242 qui
1193 2166 1256 2223 in
1273 2165 1576 2223 ecclesiam
1597 2181 1714 2222 una
1743 2181 1877 2222 cum
1902 2183 2079 2227 uxore

438 2281 497 2334 et
525 2269 720 2332 liberis
750 2263 1110 2336 confugerat,
1157 2259 1395 2330 captum
1441 2253 1644 2312 exsilio
1701 2255 1908 2313 multat
1933 2257 2076 2316 etin

433 2365 710 2438 oppidum
777 2352 1153 2428 Cappadocia:
1211 2347 1449 2419 relegat,
1520 2345 1622 2402 ubi
1675 2349 1801 2438 tum
1862 2346 2076 2406 inclusi

429 2435 656 2516 foribus
684 2444 972 2507 obseratis
1018 2459 1051 2499 e
1091 2439 1213 2496 vita
1241 2439 1567 2494 cessarunt.
1617 2435 1735 2492 Sub
1766 2452 1833 2492 eo
1862 2437 2072 2508 Marty-

433 2547 555 2606 rius
575 2537 972 2600 Antiochenus
991 2527 1202 2603 praesul
1222 2529 1458 2600 propter
1484 2522 1733 2580 Zenonis
1761 2523 1823 2580 in
1852 2529 2072 2582 rectam

430 2637 604 2694 ﬁdem
636 2631 737 2688 48
778 2619 1216 2700 perversitatem
1268 2615 1604 2688 episcopatu
1649 2628 1776 2670 sese
1816 2613 2070 2683 abdicat,

431 2725 749 2794 statimque
778 2719 988 2773 Petrus
1017 2707 1327 2780 Chapheus
1355 2703 1658 2778 tyrannica
1688 2718 1751 2759 se
1779 2702 1840 2758 in
1869 2705 2068 2761 sedem

429 2817 588 2874 illam
617 2807 870 2868 intrusit.
922 2797 1234 2872 Martyrius
1280 2795 1391 2852 olei
1440 2794 1735 2852 unctionis
1773 2811 2072 2854 consecra-

2188 1636 2440 1710 Ἴσαυρος
2477 1636 2568 1690 καὶ
2635 1638 2814 1711 πατὴρ
2873 1639 3040 1694 αὐτοῦ
3071 1633 3163 1710 ἔτη
3202 1641 3286 1711 ια’,
3316 1641 3408 1696 καὶ
3458 1641 3685 1696 ἀπέθανε
3711 1639 3842 1697 δυσο

2187 1724 2511 1798 εντεριάσας.
2567 1727 2688 1796 ⁸ος,
2746 1727 2860 1802 ἅμα
2911 1733 2992 1802 τῷ
3052 1728 3368 1804 βασιλεῦσαι
3426 1725 3838 1795 ἐπιϐουλευθεὶς

2185 1813 2332 1887 παρᾶ
2373 1813 2614 1888 Βηρίνης
2673 1823 2772 1887 τῆς
2811 1819 3066 1894 πενθερᾶς
3125 1819 3311 1889 αὐτοῦ,
3371 1821 3627 1898 γυναικὸς
3688 1819 3854 1876 Λέον-

2183 1924 2277 1966 τος
2305 1908 2402 1960 τοῦ
2432 1905 2715 1980 Μεγάλου,
2749 1907 2824 1972 ὠς
2871 1909 3016 1983 παρά
3071 1909 3300 1984 γνώμην
3354 1911 3527 1976 αὐτῆς
3585 1909 3844 1984 βασιλεύ-

2185 2013 2302 2061 σας,
2335 1999 2640 2074 προσέφυγε
2667 1995 2740 2070 τῇ
2773 1994 2886 2068 ἰδίᾳ
2914 1994 3158 2072 πατρίδι.
3198 1998 3262 2055 Ἣ
3297 1994 3355 2053 δὲ
3383 2000 3598 2071 Βήρῖνα
3653 1992 3849 2074 ἔστεψε

2186 2081 2516 2138 Βασιλίσκον
2548 2083 2640 2140 τὸν
2673 2081 2906 2163 ἂδελφὸν
2937 2084 3130 2155 αὐτῆς.
3163 2085 3313 2144 Μετὰ
3345 2083 3401 2143 δέ
3429 2091 3599 2143 ταῦτα
3651 2089 3844 2158 Ζήνων

2184 2169 2526 2247 ὑποστρέψας
2585 2172 2639 2228 ἐν
2691 2174 3285 2246 Κωνσταντινουπόλει,
3317 2177 3408 2232 καὶ
3464 2181 3658 2233 τοῦτον
3719 2197 3852 2256 χει-

2184 2262 2522 2336 ρωσάμενος,
2581 2267 2652 2338 τῇ
2707 2261 2972 2337 ἐκκλησίᾳ
3029 2265 3412 2344 προσφυγόντα
3467 2267 3580 2340 ἅμα
3629 2275 3848 2344 γυναικὶ

2179 2350 2272 2404 καὶ
2329 2346 2540 2415 τέκνοις
2592 2351 2844 2428 ἐξώρισεν
2909 2351 2962 2408 ἐν
3018 2359 3100 2428 τῷ
3138 2355 3384 2432 φρουρίῳ
3437 2353 3851 2424 Καππαδοκίας,

2177 2436 2228 2493 ἐν
2266 2438 2311 2512 ᾧ
2344 2441 2640 2513 βληθέντες
2699 2441 2752 2496 ἐν
2808 2443 3004 2520 πύργῳ
3059 2450 3160 2514 τῆς
3217 2445 3380 2518 θύρας
3437 2447 3850 2523 ἀναφραγείσης

2177 2525 2554 2614 ἐτελεύτησαν.
2625 2531 2748 2604 Ἐφ’
2808 2529 2870 2586 οὗ
2923 2533 3014 2586 καὶ
3070 2533 3383 2608 Μαρτύριος
3415 2536 3443 2589 6
3500 2535 3848 2614 Ἀντιοχείας

2175 2613 2266 2672 διὰ
2318 2618 2418 2687 τήν
2483 2622 2579 2674 τοῦ
2646 2620 2896 2690 Ζήνωνος
2952 2622 3075 2696 περὶ
3145 2623 3245 2692 τήν
3306 2621 3591 2698 ὁρθόδοξον
3653 2623 3842 2680 πίστιν

2175 2705 2508 2786 διαστροφὴν
2565 2709 2979 2783 ἀποταξάμενος
3033 2715 3104 2786 τῇ
3154 2711 3426 2788 ἐπίσκοπῇ
3459 2714 3813 2792 ἅνεχώρησεν

2175 2797 2238 2852 οὗ
2292 2798 2758 2873 ἂναχωρήσιντος
2830 2798 3039 2875 Ηέτρος
3094 2802 3122 2856 ὁ
3203 2801 3440 2881 Κναφεὺς
3506 2807 3844 2880 τυραννικῶς

425 2907 646 2964 tionem
677 2892 925 2956 solemni
960 2889 1074 2946 ritu
1109 2889 1167 2943 in
1198 2889 1510 2958 conspectu
1543 2887 1742 2958 populi
1773 2886 2070 2960 peragi,et

2186 2890 2258 2941 τῶ
2341 2887 2522 2961 θρόνῳ
2624 2886 2996 2960 ἐπεπήδησεν·
3047 2889 3194 2954 ὅστις
3247 2893 3561 2967 Μαρτύριος
3619 2897 3844 2966 πρῶτος

424 2999 486 3054 in
501 3002 853 3065 unaquaque
865 2979 1196 3056 precatione
1215 2976 1316 3032 Dei
1331 2975 1533 3033 Matris
1547 2977 1908 3065 mentionem
1925 2977 2070 3048 ﬁeri,

425 3064 656 3144 necnon
682 3080 743 3134 in
793 3071 1057 3146 quolibet
1102 3067 1390 3122 conventu
1439 3064 1774 3136 symbolum
1813 3067 1951 3122 ﬁdei
1981 3082 2070 3124 re-

425 3171 614 3240 citari,
637 3165 794 3240 qnod
826 3160 990 3234 prius
1020 3153 1254 3212 nonnisi
1294 3167 1509 3224 magna
1536 3155 1854 3211 Parasceve
1891 3157 2070 3214 semel

423 3275 578 3320 anno
606 3244 1162 3319 dicebatur,primus
1181 3240 1607 3298 instituit.Item
1629 3241 1902 3299 Barnabas
1924 3260 2067 3317 apo-

426 3349 564 3410 stoli
595 3357 827 3414 corpus,
849 3338 908 3393 in
941 3334 1112 3406 cujus
1141 3334 1369 3403 pectore
1405 3329 1658 3386 Mattbaei
1688 3331 2066 3404 Evangelium

423 3439 661 3518 propria
688 3429 962 3490 Barnabas
1004 3440 1176 3518 manu
1198 3425 1498 3518 exaratum
1541 3424 1685 3518 erat,
1715 3422 1828 3518 sub
1862 3423 2064 3518 arbore

421 3509 620 3591 6eraso
639 3525 939 3584 inventum
963 3519 1074 3573 est.
1099 3513 1214 3570 Hac
1231 3509 1532 3568 occasione
1561 3511 1754 3584 Cyprii
1775 3529 1807 3569 a
1828 3514 2064 3586 propria

420 3618 725 3694 metropoli
752 3607 1062 3671 Antiochia
1108 3605 1566 3694 seiexemerunt.
1606 3602 1988 3694 Evang‘elium
2020 3621 2056 3661 a

419 3690 646 3772 Zenone
673 3709 734 3764 in
762 3699 983 3775 templo
1015 3693 1198 3756 sancti
1227 3690 1503 3764 Stephani
1543 3691 1600 3747 in
1636 3691 1851 3764 palatio
1883 3691 2058 3750 collo-

417 3808 608 3862 catum
639 3793 886 3869 singulis
935 3786 1107 3845 annis
1129 3798 1341 3854 magna
1395 3779 1537 3869 feria
1581 3780 1794 3848 Quinta
1821 3781 2053 3854 legitur.

407 3867 760 3967 Εὖαγγίλιον-
773 3877 1027 3942 ἀποτεθέν
1057 3871 1484 3967 παρὰ-Ξήνωνος
1515 3867 1566 3925 ἐν
1605 3873 1686 3942 τῷ
1718 3870 1971 3946 παλατίῳ
2028 3871 2106 3935 εἷς

418 3956 658 4041 ἐνιαυτὸν
688 3979 757 4050 τῇ
797 3973 929 4049 ἁγίᾳ
961 3965 1174 4044 μεγάλῃ
1204 3956 1460 4036 Πέμπτῃ.

2182 2975 2442 3050 ἐπενόησε
2497 2976 2562 3033 16
2622 2978 2794 3054 μύρον
2844 2977 2898 3035 ἐν
2955 2983 3024 3054 τῇ
3075 2979 3340 3052 ἐκκλησίᾳ
3389 2981 3477 3038 ἐπὶ
3515 2983 3715 3045 παντὸς
3737 2987 3841 3038 τοῦ

2181 3065 2319 3122 λαοῦ
2362 3069 2700 3143 ἀγιάζεσθαι,
2731 3067 2822 3123 καὶ
2871 3067 2922 3123 ἐν
2979 3068 3176 3144 ἐκάστῃ
3245 3069 3383 3146 εύχῇ
3435 3071 3533 3139 τήν
3567 3071 3836 3128 Θεοτόκον

2178 3157 2564 3230 ὰνομάζεσθαι,
2595 3157 2688 3212 καὶ
2745 3157 2797 3212 ἐν
2851 3159 2998 3233 πάσῃ
3035 3158 3244 3230 συνάξει
3299 3160 3361 3214 τὸ
3417 3155 3696 3233 σύμϐολον
3729 3169 3834 3232 τῆς

2174 3245 2408 3309 πίστεως
2444 3243 2720 3322 λέγεσθαι,
2795 3248 3059 3323 πρότερον
3138 3249 3214 3323 μὴ
3291 3246 3588 3323 λεγόμενον
3641 3249 3688 3304 εἰ
3750 3252 3830 3324 μὴ

2174 3335 2310 3406 ἅπαξ
2340 3340 2438 3391 τοῦ
2500 3336 2748 3392 ἐνιαυτοῦ
2795 3335 2848 3392 ἐν
2899 3341 2970 3412 τῇ
3033 3337 3248 3413 μεγάλῃ
3316 3341 3656 3414 Harpasum].
3721 3341 3833 3396 Καὶ

2172 3421 2426 3498 Βαρνάϐα
2481 3429 2580 3481 τοῖ’)
2635 3424 2948 3482 ἀποστόλου
3004 3426 3068 3482 τὸ
3121 3425 3377 3502 λείψανον
3467 3427 3658 3502 εὑρέθη
3721 3429 3832 3485 ὑπὸ

2171 3511 2390 3589 δένδρον
2449 3515 2722 3590 κερασίαν,
2765 3513 2895 3591 ἔχον
2949 3514 3036 3572 ἐπὶ
3093 3517 3324 3587 στήθους
3375 3517 3438 3572 τὸ
3485 3517 3619 3573 κατὰ
3675 3523 3836 3575 Ματ-

2169 3606 2318 3660 θαῖον
2370 3603 2707 3682 Εὐαγγέλιον
2762 3604 3078 3685 ῗδιόγραφον
3134 3611 3232 3662 τοῦ
3303 3601 3578 3682 Βαρνάϐα.
3611 3608 3695 3678 Ἐξ
3758 3609 3834 3678 ἧς

2167 3695 2488 3770 προφάσεως
2567 3693 2965 3771 παραγεγόνασι
3013 3695 3251 3770 Κύπριοι
3327 3700 3424 3751 τοῦ
3480 3697 3557 3770 μή
3643 3696 3833 3754 τελεῖν

2168 3782 2272 3839 ὑπὸ
2335 3783 2676 3860 Ἀντιόχειαν
2718 3785 2818 3852 τήν
2873 3785 2992 3840 κατ’
3021 3784 3215 3848 αὐτοὺς
3251 3785 3616 3860 μητρόπολιν.
3649 3788 3838 3862 Ὅπερ

2163 3873 2252 3928 τὸν
2309 3874 2432 3928 ναὸν
2492 3878 2588 3928 τοῦ
2649 3873 2836 3949 Ἀγίου
2902 3873 3175 3953 Στεφάνου
3225 3875 3654 3950 ἂναγινώσκεται
3691 3879 3833 3932 κατ’

2240 4054 2387 4109 Μετὰ
2445 4051 2500 4108 δὲ
2557 4055 2778 4124 Ζήνωνα
2857 4049 3197 4112 ἐϐασίλευσεν
3253 4053 3609 4119 ’Δναστάσιος
3643 4057 3671 4110 6
3731 4055 3841 4111 Δί-

483 4075 622 4130 Post
650 4069 936 4124 Zenonem
984 4060 1045 4114 in
1083 4053 1396 4127 imperium
1444 4052 1728 4108 sull'ectus
1780 4055 1870 4108 est
1899 4057 2056 4109 Ana-

411 4160 629 4221 stasius
652 4152 962 4218 Dicorusge
987 4142 1350 4211 silentiariis,
1399 4141 1834 4214 Acephalprum
1885 4145 2055 4197 seetse

2186 4162 2330 4218 ιορος
2360 4140 2468 4198 ἀπὸ
2511 4141 2822 4212 σελεντίων,
2853 4148 2962 4201 τῶν
2995 4141 3314 4224 Ἀκεφάλων
3368 4143 3460 4199 καὶ
3491 4143 3656 4207 αὐτὸς
3724 4140 3839 4218 ὧν,

411 4258 467 4308 et
497 4249 622 4320 ipse
652 4241 940 4300 addictus.
1000 4231 1281 4320 Regnavit
1311 4246 1496 4286 annos
1541 4228 1841 4320 tredecim.
1883 4228 1936 4284 Is
1957 4245 2057 4320 per

2186 4229 2257 4302 ἷτη
2295 4238 2380 4308 ιγ’·
2445 4231 2503 4296 ὅς
2541 4229 2650 4320 εἶδε
2705 4235 2822 4288 καθ’
2881 4231 3081 4296 ὕπνους
3135 4229 3368 4308 φοϐερόν
3421 4237 3640 4309 τινατῇ
3673 4237 3840 4311 χειρὶ

412 4316 669 4414 quietem
712 4327 856 4386 vidit
875 4321 1195 4382 terribilem
1227 4318 1433 4387 virum,
1478 4318 1590 4414 qui
1624 4316 1880 4414 codicem
1913 4318 2054 4373 scri-

2186 4320 2464 4397 ιατέχοντα
2521 4319 2731 4377 κώδικα
2769 4323 3148 4398 γεγραμμένον
3205 4323 3298 4378 καὶ
3355 4321 3588 4398 λέγοντα
3651 4323 3842 4398 αὐτῷ,

409 4406 571 4503 ptum
627 4436 800 4481 manu
861 4412 1099 4481 ferebat,
1167 4407 1427 4503 dixitque
1477 4406 1634 4503 ipsi:
1695 4406 1775 4460 En
1831 4414 2056 4478 propter

2186 4408 2302 4468 ἰδοὺ
2385 4409 2475 4468 διὰ
2533 4413 2633 4482 τὴν
2691 4413 2945 4469 ἀπιστίαν
3010 4433 3108 4468 σου
3191 4413 3476 4503 ἀπαλείφω
3539 4419 3644 4484 τῆς
3683 4501 3688 4503 Δ
3725 4417 3844 4482 σῆς

411 4495 561 4578 tuam
596 4515 760 4588 ﬁdem
798 4517 1109 4581 perversam
1145 4496 1302 4554 deleo
1333 4495 1398 4551 de
1425 4495 1546 4550 uita
1584 4502 1691 4588 tua.
1717 4509 1888 4588 annos
1917 4512 2056 4566 qua-

2186 4507 2313 4571 ζωῆς
2344 4501 2437 4572 ἔτη
2509 4499 2596 4558 ιδ’.
2661 4501 2766 4560 Καὶ
2819 4504 3062 4578 βροντῶν
3119 4503 3211 4558 καὶ
3241 4502 3528 4578 ἀστραπῶν
3558 4501 3711 4579 παρᾶ
3761 4507 3846 4561 τὸ

415 4583 742 4668 tuordecz'm.
799 4593 1000 4655 Multis
1053 4603 1224 4664 porro
1282 4583 1552 4640 tonitruis
1613 4583 2055 4656 fulgoribusque

2186 4589 2432 4646 ταλάτιον
2486 4591 2814 4666 γενομένων,
2863 4591 2953 4646 καὶ
3018 4595 3116 4646 τοῦ
3177 4589 3443 4664 βασιλέως
3504 4594 3846 4667 μονωτάτου

415 4716 545 4758 cum
567 4694 908 4770 quateretur
939 4681 1244 4758 palatium,
1273 4675 1431 4770 solus
1455 4673 2050 4770 imperatorrelictus,

2186 4678 2614 4759 ιαταλειιρθέντος
2645 4681 2734 4737 καὶ
2773 4680 2881 4736 ἀπὸ
2925 4679 3096 4738 τόπου
3155 4679 3232 4746 είς
3281 4681 3448 4737 τόπον
3509 4681 3850 4766 φεύγοντος,

413 4790 547 4846 hinc
578 4763 751 4856 atque
781 4779 916 4836 inde
944 4785 1276 4848 pererrans,
1307 4763 1640 4856 subsidium
1671 4763 1784 4856 sibi
1806 4764 1871 4856 in
1892 4768 2050 4823 tanto

2186 4770 2221 4856 iv
2259 4771 2336 4826 ἐνὶ
2367 4775 2478 4826 τῶν
2509 4771 2878 4826 κοιτωνίσκων
2939 4771 3163 4846 (Ὢατον
3210 4766 3267 4825 δὲ
3323 4768 3564 4846 ἐλέγετο)
3592 4763 3858 4830 κατέλαὲ

417 4877 573 4936 malo
609 4853 841 4946 parans,
901 4864 1134 4921 tandem
1183 4873 1318 4915 cum
1359 4857 1418 4912 in
1459 4853 1798 4946 cubiculum
1841 4855 2050 4946 Oatum

2186 4853 2254 4914 ἴεν
2287 4858 2449 4915 αὐτὸν
2490 4861 2518 4928 ἡ
2560 4859 2722 4936 ὀργὴ,
2781 4857 2921 4916 ὥστε
2972 4856 3240 4934 αἴφνίδιον
3297 4859 3582 4935 εὑρεθῆναι
3612 4861 3853 4937 νεκρόν,

415 4945 638 5025 dictum
672 4976 734 5019 se
762 4953 1124 5018 contulisset,
1146 4949 1353 5006 divinae
1371 4945 1617 5019 justitiae
1649 4961 1849 5016 pcenas
1873 4945 2050 5016 dedit,

2186 4947 2306 5002 βασὶ
2365 4945 2422 5004 δὲ
2455 4947 2590 5022 μετὰ
2627 4949 2688 5003 τὸ
2730 4956 2964 5028 ταφῆναι
3017 4950 3131 5023 μεθ’
3189 4949 3400 5022 ἡμέρας
3476 4951 3634 5024 βοᾷν·
3671 4949 3857 5008 Ἐλε-

414 5059 500 5115 ita
527 5057 592 5112 ut
619 5047 902 5108 exanimis
932 5039 1233 5101 confestim
1273 5035 1572 5093 corruerit.
1606 5033 1892 5090 Nonnulli
1941 5040 2054 5093 tra-

2186 5038 2334 5108 ςσατέ
2411 5060 2500 5112 με,
2602 5039 2696 5094 καὶ
2772 5039 3031 5112 ἀνοίξατε.
3105 5042 3218 5093 Τῶν
3301 5038 3693 5114 μνημοναρίων
3775 5038 3856 5099 δὲ

419 5145 569 5202 dunt
596 5137 784 5213 primo
807 5128 1110 5203 sepulturae
1130 5126 1221 5181 die
1238 5122 1432 5195 elapso
1461 5119 2048 5213 vocemintonuisse:

2186 5125 2458 5196 ιῖπόντων,
2518 5123 2728 5190 Ἄλλος
2825 5127 3125 5213 βασιλεύει,
3201 5127 3394 5213 εἰπεῖν,
3445 5125 3620 5184 Ούδέν
3726 5151 3852 5202 μοι

414 5209 753 5293 Misere—mini
797 5220 931 5291 mei,
1000 5221 1050 5275 et
1091 5223 1284 5290 portas
1331 5220 1596 5270 reserate.
1651 5211 1720 5266 At
1777 5209 1899 5267 illis
1955 5213 2055 5284 qui

2186 5211 2353 5270 ιέλει·
2433 5213 2510 5275 εἰς
2591 5216 2954 5290 μοναστήριον
3035 5210 3343 5290 ἀπαγᾶγετέ
3384 5233 3471 5288 με,
3547 5214 3642 5269 καὶ
3693 5234 3858 5271 ποι-

415 5322 732 5397 sepulturae
760 5327 958 5372 curam
1012 5306 1290 5382 gerebant
1317 5301 1646 5397 dicentibus
1671 5300 1880 5397 τίμια-δ
1910 5319 2058 5397 nunc

2186 5305 2336 5373 ήσατε
2373 5304 2640 5378 μοναχόν.
2693 5303 2756 5357 Οἱ
2806 5303 2863 5358 δὲ
2919 5299 3098 5357 εἴασαν
3156 5301 3342 5360 αὐτόν.
3383 5304 3515 5358 Μετ’
3565 5303 3626 5358 οὗ
3675 5301 3855 5362 πολὺ

412 5388 713 5487 imperator
759 5419 944 5462 rerum
1014 5399 1246 5472 potitur,
1306 5391 1663 5487 respondftr
1697 5389 1884 5487 Ivi/til-
1917 5393 2059 5487 inihi

2186 5391 2224 5446 ἴε
2279 5395 2380 5448 τοῦ
2432 5394 2720 5465 μνήματος
2782 5390 3085 5467 ἀνοιγέντος
3163 5392 3356 5466 εὑρέθη
3433 5391 3622 5466 φαγὼν
3683 5391 3856 5460 τοὺς

407 5477 566 5562 curae
594 5505 675 5558 est
707 5515 722 5554 :
753 5499 816 5553 in
871 5489 1262 5551 monasterium
1315 5481 1566 5540 abducite
1613 5483 1664 5534 et
1711 5483 1813 5536 44
1859 5479 2057 5538 habitu

2186 5480 2472 5557 Ξραχίονας
2533 5481 2696 5537 αὑτοῦ
2753 5482 2842 5536 καὶ
2899 5479 2966 5536 τὰ
3019 5479 3281 5558 καλήγια,
3316 5482 3450 5556 ἅπερ
3506 5477 3857 5544 έπεδέδυτο.

407 5591 666 5653 monachi
694 5586 929 5647 induite.
987 5578 1270 5638 Custodes
1323 5576 1455 5628 vota
1491 5567 1889 5639 neglexerunt.
1925 5571 2050 5628 Non
2083 5573 2262 5630 multo
2318 5576 2454 5646 post
2505 5589 2636 5630 cum
2669 5573 3006 5645 sepulcrum
3040 5573 3393 5645 aperiretur,
3422 5573 3695 5630 inventus
3727 5581 3862 5636 est

407 5685 654 5744 lacertos
685 5695 822 5739 suos
854 5679 912 5734 et
939 5671 1180 5743 caligas,
1209 5679 1350 5738 quas
1377 5657 1666 5734 gestabat,
1695 5659 2022 5718 devorasse.
