  <div class='ocr_page' id='page_1' title='image "/cluster/home/n/w/nwhite01/storage/ocr_20150623/139/mdp.39015078384214/140.png"; bbox 0 0 4150 6292; ppageno 0'>
   <div class='ocr_carea' id='block_1_1' title="bbox 85 1106 104 1151">
    <p class='ocr_par' dir='ltr' id='par_1_1' title="bbox 85 1106 104 1151">
     <span class='ocr_line' id='line_1_1' title="bbox 85 1106 104 1151; baseline 0 -3"><span class='ocrx_word' id='word_1_1' title='bbox 85 1106 104 1151; x_wconf 68' lang='lat'><strong>3</strong></span> 
     </span>
    </p>
   </div>
   <div class='ocr_carea' id='block_1_2' title="bbox 278 338 3739 411">
    <p class='ocr_par' dir='ltr' id='par_1_2' title="bbox 278 338 3739 411">
     <span class='ocr_line' id='line_1_2' title="bbox 278 338 3739 411; baseline 0.003 -11"><span class='ocrx_word' id='word_1_2' title='bbox 278 338 379 401; x_wconf 78' lang='grc' dir='ltr'>2θὸ</span> <span class='ocrx_word' id='word_1_3' title='bbox 1688 343 2377 406; x_wconf 76' lang='lat' dir='ltr'>CHBONOGRAPHIA.</span> <span class='ocrx_word' id='word_1_4' title='bbox 3622 353 3739 411; x_wconf 79' lang='lat'>266</span> 
     </span>
    </p>
   </div>
   <div class='ocr_carea' id='block_1_3' title="bbox 354 465 1522 527">
    <p class='ocr_par' dir='ltr' id='par_1_3' title="bbox 354 465 1522 527">
     <span class='ocr_line' id='line_1_3' title="bbox 354 465 1522 527; baseline 0 -3"><span class='ocrx_word' id='word_1_5' title='bbox 354 470 505 525; x_wconf 68' lang='grc' dir='ltr'>Μετᾶ</span> <span class='ocrx_word' id='word_1_6' title='bbox 587 468 657 525; x_wconf 72' lang='grc' dir='ltr'>δὲ</span> <span class='ocrx_word' id='word_1_7' title='bbox 749 471 1096 527; x_wconf 73' lang='grc' dir='ltr'>Αναστάσιον</span> <span class='ocrx_word' id='word_1_8' title='bbox 1180 465 1522 526; x_wconf 78' lang='grc' dir='ltr'>ἐϐασίλευσεν</span> 
     </span>
    </p>
   </div>
   <div class='ocr_carea' id='block_1_4' title="bbox 308 554 1976 635">
    <p class='ocr_par' dir='ltr' id='par_1_4' title="bbox 308 554 1976 635">
     <span class='ocr_line' id='line_1_4' title="bbox 308 554 1976 635; baseline 0.001 -24"><span class='ocrx_word' id='word_1_9' title='bbox 308 558 431 630; x_wconf 68' lang='grc' dir='ltr'>Θρᾲξ</span> <span class='ocrx_word' id='word_1_10' title='bbox 471 559 502 614; x_wconf 76' lang='grc' dir='ltr'>ὁ</span> <span class='ocrx_word' id='word_1_11' title='bbox 540 560 729 635; x_wconf 64' lang='grc' dir='ltr'>μέγας</span> <span class='ocrx_word' id='word_1_12' title='bbox 789 558 849 614; x_wconf 81' lang='grc' dir='ltr'>ἐν</span> <span class='ocrx_word' id='word_1_13' title='bbox 913 556 1224 633; x_wconf 75' lang='grc' dir='ltr'>βασιλεῦσιν</span> <span class='ocrx_word' id='word_1_14' title='bbox 1255 555 1348 628; x_wconf 80' lang='grc' dir='ltr'>ἔτη</span> <span class='ocrx_word' id='word_1_15' title='bbox 1390 560 1455 627; x_wconf 76' lang='grc' dir='ltr'>θ’,</span> <span class='ocrx_word' id='word_1_16' title='bbox 1521 557 1740 632; x_wconf 74' lang='grc' dir='ltr'>ἄριστος</span> <span class='ocrx_word' id='word_1_17' title='bbox 1772 554 1825 613; x_wconf 75' lang='grc' dir='ltr'>ἒν</span> <span class='ocrx_word' id='word_1_18' title='bbox 1876 578 1976 612; x_wconf 89' lang='grc' dir='ltr'>πο-</span> 
     </span>
    </p>
   </div>
   <div class='ocr_carea' id='block_1_5' title="bbox 316 643 1978 723">
    <p class='ocr_par' dir='ltr' id='par_1_5' title="bbox 316 643 1978 723">
     <span class='ocr_line' id='line_1_5' title="bbox 316 643 1978 723; baseline -0.002 -21"><span class='ocrx_word' id='word_1_19' title='bbox 316 645 490 721; x_wconf 71' lang='grc' dir='ltr'>λέμοις</span> <span class='ocrx_word' id='word_1_20' title='bbox 539 649 644 704; x_wconf 77' lang='grc' dir='ltr'>καὶ</span> <span class='ocrx_word' id='word_1_21' title='bbox 684 645 957 718; x_wconf 66' lang='grc' dir='ltr'>ζηλωτής</span> <span class='ocrx_word' id='word_1_22' title='bbox 984 654 1086 716; x_wconf 79' lang='grc' dir='ltr'>τῆς</span> <span class='ocrx_word' id='word_1_23' title='bbox 1141 644 1434 721; x_wconf 69' lang='grc' dir='ltr'>ὀρθοδόξου</span> <span class='ocrx_word' id='word_1_24' title='bbox 1490 647 1744 711; x_wconf 84' lang='grc' dir='ltr'>πίστεως,</span> <span class='ocrx_word' id='word_1_25' title='bbox 1777 645 1858 723; x_wconf 72' lang='grc' dir='ltr'>ἐφ’</span> <span class='ocrx_word' id='word_1_26' title='bbox 1917 643 1978 700; x_wconf 80' lang='grc' dir='ltr'>οὗ</span> 
     </span>
    </p>
   </div>
   <div class='ocr_carea' id='block_1_6' title="bbox 326 734 1979 811">
    <p class='ocr_par' dir='ltr' id='par_1_6' title="bbox 326 734 1979 811">
     <span class='ocr_line' id='line_1_6' title="bbox 326 734 1979 811; baseline -0.001 -20"><span class='ocrx_word' id='word_1_27' title='bbox 326 736 399 792; x_wconf 71' lang='grc' dir='ltr'>καὶ</span> <span class='ocrx_word' id='word_1_28' title='bbox 448 738 516 793; x_wconf 66' lang='grc' dir='ltr'>τὰ</span> <span class='ocrx_word' id='word_1_29' title='bbox 574 739 724 793; x_wconf 85' lang='grc' dir='ltr'>κατᾶ</span> <span class='ocrx_word' id='word_1_30' title='bbox 785 737 884 792; x_wconf 85' lang='grc' dir='ltr'>τὸν</span> <span class='ocrx_word' id='word_1_31' title='bbox 945 737 1098 811; x_wconf 75' lang='grc' dir='ltr'>ἅγιον</span> <span class='ocrx_word' id='word_1_32' title='bbox 1155 734 1375 808; x_wconf 79' lang='grc' dir='ltr'>Ἀρέοαν</span> <span class='ocrx_word' id='word_1_33' title='bbox 1408 735 1498 791; x_wconf 80' lang='grc' dir='ltr'>καὶ</span> <span class='ocrx_word' id='word_1_34' title='bbox 1554 735 1682 797; x_wconf 81' lang='grc' dir='ltr'>τοὺς</span> <span class='ocrx_word' id='word_1_35' title='bbox 1722 734 1772 789; x_wconf 79' lang='grc' dir='ltr'>ἐν</span> <span class='ocrx_word' id='word_1_36' title='bbox 1808 738 1979 810; x_wconf 74' lang='grc' dir='ltr'>Νεγρᾷ</span> 
     </span>
    </p>
   </div>
   <div class='ocr_carea' id='block_1_7' title="bbox 335 821 1978 902">
    <p class='ocr_par' dir='ltr' id='par_1_7' title="bbox 335 821 1978 902">
     <span class='ocr_line' id='line_1_7' title="bbox 335 821 1978 902; baseline -0.004 -19"><span class='ocrx_word' id='word_1_37' title='bbox 335 829 388 899; x_wconf 69' lang='grc' dir='ltr'>τῇ</span> <span class='ocrx_word' id='word_1_38' title='bbox 413 824 565 883; x_wconf 73' lang='grc' dir='ltr'>πόλει</span> <span class='ocrx_word' id='word_1_39' title='bbox 599 825 893 902; x_wconf 71' lang='grc' dir='ltr'>ἐπράχθη,</span> <span class='ocrx_word' id='word_1_40' title='bbox 924 825 1014 880; x_wconf 84' lang='grc' dir='ltr'>καὶ</span> <span class='ocrx_word' id='word_1_41' title='bbox 1064 825 1132 879; x_wconf 74' lang='grc' dir='ltr'>τὰ</span> <span class='ocrx_word' id='word_1_42' title='bbox 1188 825 1324 880; x_wconf 71' lang='grc' dir='ltr'>κατὰ</span> <span class='ocrx_word' id='word_1_43' title='bbox 1379 829 1486 880; x_wconf 80' lang='grc' dir='ltr'>τῶν</span> <span class='ocrx_word' id='word_1_44' title='bbox 1532 825 1848 899; x_wconf 77' lang='grc' dir='ltr'>Ὀμηριτῶν</span> <span class='ocrx_word' id='word_1_45' title='bbox 1908 821 1978 877; x_wconf 85' lang='grc' dir='ltr'>δι’</span> 
     </span>
    </p>
   </div>
   <div class='ocr_carea' id='block_1_8' title="bbox 341 910 1980 989">
    <p class='ocr_par' dir='ltr' id='par_1_8' title="bbox 341 910 1980 989">
     <span class='ocr_line' id='line_1_8' title="bbox 341 910 1980 989; baseline -0.004 -17"><span class='ocrx_word' id='word_1_46' title='bbox 341 911 582 973; x_wconf 73' lang='grc' dir='ltr'>Ἐλεσϐαᾶ</span> <span class='ocrx_word' id='word_1_47' title='bbox 614 919 716 970; x_wconf 72' lang='grc' dir='ltr'>τοῦ</span> <span class='ocrx_word' id='word_1_48' title='bbox 781 913 1059 989; x_wconf 83' lang='grc' dir='ltr'>βασιλέως</span> <span class='ocrx_word' id='word_1_49' title='bbox 1113 918 1220 969; x_wconf 82' lang='grc' dir='ltr'>τῶν</span> <span class='ocrx_word' id='word_1_50' title='bbox 1274 912 1572 971; x_wconf 80' lang='grc' dir='ltr'>Αἰθιόπων.</span> <span class='ocrx_word' id='word_1_51' title='bbox 1634 910 1980 981; x_wconf 73' lang='grc' dir='ltr'>Τελευτγςσας</span> 
     </span>
    </p>
   </div>
   <div class='ocr_carea' id='block_1_9' title="bbox 346 1000 1976 1079">
    <p class='ocr_par' dir='ltr' id='par_1_9' title="bbox 346 1000 1976 1079">
     <span class='ocr_line' id='line_1_9' title="bbox 346 1000 1976 1079; baseline -0.004 -20"><span class='ocrx_word' id='word_1_52' title='bbox 346 1002 439 1060; x_wconf 76' lang='grc' dir='ltr'>δὶὸ</span> <span class='ocrx_word' id='word_1_53' title='bbox 493 1002 757 1079; x_wconf 75' lang='grc' dir='ltr'>βασιλεὺς</span> <span class='ocrx_word' id='word_1_54' title='bbox 803 1004 1095 1065; x_wconf 87' lang='grc' dir='ltr'>Ἰουστῖνος</span> <span class='ocrx_word' id='word_1_55' title='bbox 1153 1000 1410 1057; x_wconf 69' lang='grc' dir='ltr'>κατέλιπε</span> <span class='ocrx_word' id='word_1_56' title='bbox 1472 1000 1696 1076; x_wconf 67' lang='grc' dir='ltr'>βασιλέα</span> <span class='ocrx_word' id='word_1_57' title='bbox 1754 1002 1976 1056; x_wconf 82' lang='grc' dir='ltr'>’Ῑουστι-</span> 
     </span>
    </p>
   </div>
   <div class='ocr_carea' id='block_1_10' title="bbox 343 1091 968 1167">
    <p class='ocr_par' dir='ltr' id='par_1_10' title="bbox 343 1091 968 1167">
     <span class='ocr_line' id='line_1_10' title="bbox 343 1091 968 1167; baseline 0.002 -21"><span class='ocrx_word' id='word_1_58' title='bbox 343 1094 491 1148; x_wconf 81' lang='grc' dir='ltr'>νιανὸν</span> <span class='ocrx_word' id='word_1_59' title='bbox 526 1092 748 1167; x_wconf 71' lang='grc' dir='ltr'>ἀνεψιὸν</span> <span class='ocrx_word' id='word_1_60' title='bbox 779 1091 968 1147; x_wconf 76' lang='grc' dir='ltr'>αὐτοῦ.</span> 
     </span>
    </p>
   </div>
   <div class='ocr_carea' id='block_1_11' title="bbox 394 1176 1977 1252">
    <p class='ocr_par' dir='ltr' id='par_1_11' title="bbox 394 1176 1977 1252">
     <span class='ocr_line' id='line_1_11' title="bbox 394 1176 1977 1252; baseline -0.003 -12"><span class='ocrx_word' id='word_1_61' title='bbox 394 1185 538 1240; x_wconf 66' lang='grc' dir='ltr'>Μετὰ</span> <span class='ocrx_word' id='word_1_62' title='bbox 577 1178 638 1236; x_wconf 74' lang='grc' dir='ltr'>δὲ</span> <span class='ocrx_word' id='word_1_63' title='bbox 694 1183 998 1252; x_wconf 85' lang='grc' dir='ltr'>Ἰουστῖνον</span> <span class='ocrx_word' id='word_1_64' title='bbox 1051 1176 1390 1237; x_wconf 74' lang='grc' dir='ltr'>ἐϐασίλευσεν</span> <span class='ocrx_word' id='word_1_65' title='bbox 1430 1181 1809 1241; x_wconf 87' lang='grc' dir='ltr'>Ἰουστινιανὸς</span> <span class='ocrx_word' id='word_1_66' title='bbox 1866 1179 1977 1235; x_wconf 78' lang='grc' dir='ltr'>ἆνε-</span> 
     </span>
    </p>
   </div>
   <div class='ocr_carea' id='block_1_12' title="bbox 336 1266 1975 1346">
    <p class='ocr_par' dir='ltr' id='par_1_12' title="bbox 336 1266 1975 1346">
     <span class='ocr_line' id='line_1_12' title="bbox 336 1266 1975 1346; baseline -0.002 -20"><span class='ocrx_word' id='word_1_67' title='bbox 336 1271 440 1346; x_wconf 73' lang='grc' dir='ltr'>ψιός</span> <span class='ocrx_word' id='word_1_68' title='bbox 482 1271 651 1327; x_wconf 74' lang='grc' dir='ltr'>αὐτοῦ</span> <span class='ocrx_word' id='word_1_69' title='bbox 679 1269 774 1340; x_wconf 80' lang='grc' dir='ltr'>ἔτη</span> <span class='ocrx_word' id='word_1_70' title='bbox 818 1270 924 1338; x_wconf 85' lang='grc' dir='ltr'>λθ’,</span> <span class='ocrx_word' id='word_1_71' title='bbox 979 1271 1038 1333; x_wconf 77' lang='grc' dir='ltr'>ὅς</span> <span class='ocrx_word' id='word_1_72' title='bbox 1096 1270 1323 1341; x_wconf 77' lang='grc' dir='ltr'>ἐποίησε</span> <span class='ocrx_word' id='word_1_73' title='bbox 1378 1270 1474 1332; x_wconf 76' lang='grc' dir='ltr'>τὰς</span> <span class='ocrx_word' id='word_1_74' title='bbox 1524 1271 1732 1344; x_wconf 78' lang='grc' dir='ltr'>Νεαρὰς</span> <span class='ocrx_word' id='word_1_75' title='bbox 1788 1266 1975 1325; x_wconf 80' lang='grc' dir='ltr'>διατά-</span> 
     </span>
    </p>
   </div>
   <div class='ocr_carea' id='block_1_13' title="bbox 335 1358 1975 1435">
    <p class='ocr_par' dir='ltr' id='par_1_13' title="bbox 335 1358 1975 1435">
     <span class='ocr_line' id='line_1_13' title="bbox 335 1358 1975 1435; baseline -0.002 -19"><span class='ocrx_word' id='word_1_76' title='bbox 335 1362 812 1432; x_wconf 71' lang='grc' dir='ltr'>ξεις.Ἀνεκαίνισε</span> <span class='ocrx_word' id='word_1_77' title='bbox 844 1358 1025 1416; x_wconf 75' lang='grc' dir='ltr'>δὲκαὶ</span> <span class='ocrx_word' id='word_1_78' title='bbox 1080 1361 1180 1429; x_wconf 72' lang='grc' dir='ltr'>τὴν</span> <span class='ocrx_word' id='word_1_79' title='bbox 1236 1364 1332 1416; x_wconf 73' lang='grc' dir='ltr'>τοῦ</span> <span class='ocrx_word' id='word_1_80' title='bbox 1385 1365 1520 1416; x_wconf 74' lang='grc' dir='ltr'>Θεοῦ</span> <span class='ocrx_word' id='word_1_81' title='bbox 1578 1359 1839 1435; x_wconf 76' lang='grc' dir='ltr'>Μεγάλην</span> <span class='ocrx_word' id='word_1_82' title='bbox 1895 1358 1975 1414; x_wconf 80' lang='grc' dir='ltr'>ἐκ·</span> 
     </span>
    </p>
   </div>
   <div class='ocr_carea' id='block_1_14' title="bbox 331 1444 1973 1524">
    <p class='ocr_par' dir='ltr' id='par_1_14' title="bbox 331 1444 1973 1524">
     <span class='ocr_line' id='line_1_14' title="bbox 331 1444 1973 1524; baseline -0.001 -20"><span class='ocrx_word' id='word_1_83' title='bbox 331 1448 550 1519; x_wconf 78' lang='grc' dir='ltr'>κλησίαν</span> <span class='ocrx_word' id='word_1_84' title='bbox 604 1449 681 1515; x_wconf 80' lang='grc' dir='ltr'>εἷς</span> <span class='ocrx_word' id='word_1_85' title='bbox 734 1448 946 1512; x_wconf 71' lang='grc' dir='ltr'>κάλλος</span> <span class='ocrx_word' id='word_1_86' title='bbox 1004 1449 1092 1504; x_wconf 81' lang='grc' dir='ltr'>καὶ</span> <span class='ocrx_word' id='word_1_87' title='bbox 1146 1449 1367 1524; x_wconf 81' lang='grc' dir='ltr'>μέγεθος</span> <span class='ocrx_word' id='word_1_88' title='bbox 1422 1449 1554 1523; x_wconf 73' lang='grc' dir='ltr'>ὑπὲρ</span> <span class='ocrx_word' id='word_1_89' title='bbox 1593 1448 1657 1504; x_wconf 81' lang='grc' dir='ltr'>τὸ</span> <span class='ocrx_word' id='word_1_90' title='bbox 1684 1444 1973 1524; x_wconf 70' lang='grc' dir='ltr'>πρότερον,</span> 
     </span>
    </p>
   </div>
   <div class='ocr_carea' id='block_1_15' title="bbox 328 1533 1975 1613">
    <p class='ocr_par' dir='ltr' id='par_1_15' title="bbox 328 1533 1975 1613">
     <span class='ocr_line' id='line_1_15' title="bbox 328 1533 1975 1613; baseline 0.001 -20"><span class='ocrx_word' id='word_1_91' title='bbox 328 1533 595 1612; x_wconf 43' lang='grc' dir='ltr'>παιςαδοῦς</span> <span class='ocrx_word' id='word_1_92' title='bbox 675 1538 769 1594; x_wconf 80' lang='grc' dir='ltr'>καὶ</span> <span class='ocrx_word' id='word_1_93' title='bbox 826 1537 1128 1613; x_wconf 79' lang='grc' dir='ltr'>τροπάριον</span> <span class='ocrx_word' id='word_1_94' title='bbox 1202 1537 1256 1592; x_wconf 78' lang='grc' dir='ltr'>ἐν</span> <span class='ocrx_word' id='word_1_95' title='bbox 1339 1535 1475 1611; x_wconf 74' lang='grc' dir='ltr'>αὒτῇ</span> <span class='ocrx_word' id='word_1_96' title='bbox 1535 1535 1858 1611; x_wconf 80' lang='grc' dir='ltr'>ψάλλεσθαι·</span> <span class='ocrx_word' id='word_1_97' title='bbox 1913 1537 1975 1595; x_wconf 91' lang='grc' dir='ltr'>Ὁ</span> 
     </span>
    </p>
   </div>
   <div class='ocr_carea' id='block_1_16' title="bbox 327 1628 1975 1707">
    <p class='ocr_par' dir='ltr' id='par_1_16' title="bbox 327 1628 1975 1707">
     <span class='ocr_line' id='line_1_16' title="bbox 327 1628 1975 1707; baseline -0.001 -22"><span class='ocrx_word' id='word_1_98' title='bbox 327 1632 625 1707; x_wconf 70' lang='grc' dir='ltr'>μονογενής</span> <span class='ocrx_word' id='word_1_99' title='bbox 656 1631 785 1693; x_wconf 76' lang='grc' dir='ltr'>Υἱὸς</span> <span class='ocrx_word' id='word_1_100' title='bbox 844 1632 937 1685; x_wconf 76' lang='grc' dir='ltr'>καὶ</span> <span class='ocrx_word' id='word_1_101' title='bbox 994 1631 1174 1705; x_wconf 77' lang='grc' dir='ltr'>Λόγος</span> <span class='ocrx_word' id='word_1_102' title='bbox 1228 1635 1326 1686; x_wconf 75' lang='grc' dir='ltr'>τοῦ</span> <span class='ocrx_word' id='word_1_103' title='bbox 1373 1633 1526 1686; x_wconf 78' lang='grc' dir='ltr'>Θεοῦ.</span> <span class='ocrx_word' id='word_1_104' title='bbox 1564 1628 1660 1686; x_wconf 82' lang='grc' dir='ltr'>Καὶ</span> <span class='ocrx_word' id='word_1_105' title='bbox 1717 1632 1752 1700; x_wconf 77' lang='grc' dir='ltr'><strong>ἡ</strong></span> <span class='ocrx_word' id='word_1_106' title='bbox 1809 1629 1975 1683; x_wconf 80' lang='grc' dir='ltr'>Ὑπα-</span> 
     </span>
    </p>
   </div>
   <div class='ocr_carea' id='block_1_17' title="bbox 324 1714 1972 1796">
    <p class='ocr_par' dir='ltr' id='par_1_17' title="bbox 324 1714 1972 1796">
     <span class='ocr_line' id='line_1_17' title="bbox 324 1714 1972 1796; baseline -0.001 -21"><span class='ocrx_word' id='word_1_107' title='bbox 324 1724 487 1791; x_wconf 80' lang='grc' dir='ltr'>παντή</span> <span class='ocrx_word' id='word_1_108' title='bbox 541 1714 741 1776; x_wconf 77' lang='grc' dir='ltr'>ἔλαϐεν</span> <span class='ocrx_word' id='word_1_109' title='bbox 796 1719 979 1796; x_wconf 77' lang='grc' dir='ltr'>ἀρχὴν</span> <span class='ocrx_word' id='word_1_110' title='bbox 1036 1719 1406 1793; x_wconf 76' lang='grc' dir='ltr'>ἑορτάζεσθαι,</span> <span class='ocrx_word' id='word_1_111' title='bbox 1467 1720 1543 1791; x_wconf 80' lang='grc' dir='ltr'>μὴ</span> <span class='ocrx_word' id='word_1_112' title='bbox 1605 1728 1972 1793; x_wconf 87' lang='grc' dir='ltr'>συναριθμου-</span> 
     </span>
    </p>
   </div>
   <div class='ocr_carea' id='block_1_18' title="bbox 319 1805 2048 1903">
    <p class='ocr_par' dir='ltr' id='par_1_18' title="bbox 319 1805 2048 1903">
     <span class='ocr_line' id='line_1_18' title="bbox 319 1805 2048 1903; baseline -0.001 -38"><span class='ocrx_word' id='word_1_113' title='bbox 319 1810 444 1883; x_wconf 74' lang='grc' dir='ltr'>μὲνη</span> <span class='ocrx_word' id='word_1_114' title='bbox 477 1812 750 1884; x_wconf 80' lang='grc' dir='ltr'>πρότερον</span> <span class='ocrx_word' id='word_1_115' title='bbox 802 1814 925 1871; x_wconf 83' lang='grc' dir='ltr'>ταῖς</span> <span class='ocrx_word' id='word_1_116' title='bbox 983 1814 1333 1871; x_wconf 85' lang='grc' dir='ltr'>Δεσποτικαῖς</span> <span class='ocrx_word' id='word_1_117' title='bbox 1383 1808 1624 1884; x_wconf 64' lang='grc' dir='ltr'>ἑορταῖς.</span> <span class='ocrx_word' id='word_1_118' title='bbox 1664 1808 1857 1883; x_wconf 71' lang='grc' dir='ltr'>Γέγονε</span> <span class='ocrx_word' id='word_1_119' title='bbox 1913 1805 1971 1863; x_wconf 66' lang='grc' dir='ltr'>δὲ</span> <span class='ocrx_word' id='word_1_120' title='bbox 2000 1837 2048 1903; x_wconf 78' lang='grc' dir='ltr'><strong>Β</strong></span> 
     </span>
    </p>
   </div>
   <div class='ocr_carea' id='block_1_19' title="bbox 310 1893 1965 1972">
    <p class='ocr_par' dir='ltr' id='par_1_19' title="bbox 310 1893 1965 1972">
     <span class='ocr_line' id='line_1_19' title="bbox 310 1893 1965 1972; baseline -0.002 -19"><span class='ocrx_word' id='word_1_121' title='bbox 310 1898 395 1954; x_wconf 72' lang='grc' dir='ltr'>καὶ</span> <span class='ocrx_word' id='word_1_122' title='bbox 451 1901 488 1967; x_wconf 81' lang='grc' dir='ltr'>ἡ</span> <span class='ocrx_word' id='word_1_123' title='bbox 544 1900 777 1971; x_wconf 76' lang='grc' dir='ltr'>πέμπτη</span> <span class='ocrx_word' id='word_1_124' title='bbox 840 1893 1068 1959; x_wconf 78' lang='grc' dir='ltr'>σύνοδος</span> <span class='ocrx_word' id='word_1_125' title='bbox 1115 1901 1222 1952; x_wconf 83' lang='grc' dir='ltr'>τῶν</span> <span class='ocrx_word' id='word_1_126' title='bbox 1301 1897 1403 1971; x_wconf 77' lang='grc' dir='ltr'>ρξε’</span> <span class='ocrx_word' id='word_1_127' title='bbox 1467 1895 1637 1971; x_wconf 82' lang='grc' dir='ltr'>ἁγίων</span> <span class='ocrx_word' id='word_1_128' title='bbox 1712 1894 1965 1972; x_wconf 83' lang='grc' dir='ltr'>Πατέρων</span> 
     </span>
    </p>
   </div>
   <div class='ocr_carea' id='block_1_20' title="bbox 308 1980 1970 2063">
    <p class='ocr_par' dir='ltr' id='par_1_20' title="bbox 308 1980 1970 2063">
     <span class='ocr_line' id='line_1_20' title="bbox 308 1980 1970 2063; baseline -0.002 -20"><span class='ocrx_word' id='word_1_129' title='bbox 308 1988 438 2043; x_wconf 78' lang='grc' dir='ltr'>κατὰ</span> <span class='ocrx_word' id='word_1_130' title='bbox 467 1988 787 2062; x_wconf 80' lang='grc' dir='ltr'>Ὠριγξνους</span> <span class='ocrx_word' id='word_1_131' title='bbox 846 1985 937 2040; x_wconf 82' lang='grc' dir='ltr'>καὶ</span> <span class='ocrx_word' id='word_1_132' title='bbox 995 1988 1101 2041; x_wconf 80' lang='grc' dir='ltr'>τῶν</span> <span class='ocrx_word' id='word_1_133' title='bbox 1158 1986 1225 2040; x_wconf 73' lang='grc' dir='ltr'>τὰ</span> <span class='ocrx_word' id='word_1_134' title='bbox 1253 1984 1462 2041; x_wconf 78' lang='grc' dir='ltr'>ἐκείνου</span> <span class='ocrx_word' id='word_1_135' title='bbox 1520 1980 1688 2049; x_wconf 80' lang='grc' dir='ltr'>ἀσεϐῆ</span> <span class='ocrx_word' id='word_1_136' title='bbox 1721 1982 1970 2063; x_wconf 82' lang='grc' dir='ltr'>δόγματα</span> 
     </span>
    </p>
   </div>
   <div class='ocr_carea' id='block_1_21' title="bbox 306 2072 1966 2151">
    <p class='ocr_par' dir='ltr' id='par_1_21' title="bbox 306 2072 1966 2151">
     <span class='ocr_line' id='line_1_21' title="bbox 306 2072 1966 2151; baseline -0.001 -21"><span class='ocrx_word' id='word_1_137' title='bbox 306 2074 708 2149; x_wconf 72' lang='grc' dir='ltr'>διαδεξαμένων</span> <span class='ocrx_word' id='word_1_138' title='bbox 762 2072 1007 2148; x_wconf 82' lang='grc' dir='ltr'>Διδύμου</span> <span class='ocrx_word' id='word_1_139' title='bbox 1065 2075 1156 2130; x_wconf 78' lang='grc' dir='ltr'>καὶ</span> <span class='ocrx_word' id='word_1_140' title='bbox 1214 2073 1489 2151; x_wconf 79' lang='grc' dir='ltr'>Εὗαγρίου</span> <span class='ocrx_word' id='word_1_141' title='bbox 1547 2075 1635 2129; x_wconf 80' lang='grc' dir='ltr'>καὶ</span> <span class='ocrx_word' id='word_1_142' title='bbox 1693 2079 1800 2130; x_wconf 80' lang='grc' dir='ltr'>τῶν</span> <span class='ocrx_word' id='word_1_143' title='bbox 1841 2076 1966 2150; x_wconf 84' lang='grc' dir='ltr'>παρ’</span> 
     </span>
    </p>
   </div>
   <div class='ocr_carea' id='block_1_22' title="bbox 303 2161 1968 2240">
    <p class='ocr_par' dir='ltr' id='par_1_22' title="bbox 303 2161 1968 2240">
     <span class='ocr_line' id='line_1_22' title="bbox 303 2161 1968 2240; baseline -0.001 -20"><span class='ocrx_word' id='word_1_144' title='bbox 303 2166 481 2222; x_wconf 75' lang='grc' dir='ltr'>αὐτῶν</span> <span class='ocrx_word' id='word_1_145' title='bbox 513 2165 849 2222; x_wconf 79' lang='grc' dir='ltr'>ἐκτεθέντων</span> <span class='ocrx_word' id='word_1_146' title='bbox 882 2162 1213 2240; x_wconf 54' lang='grc' dir='ltr'>κεφαλαίων.</span> <span class='ocrx_word' id='word_1_147' title='bbox 1277 2163 1368 2225; x_wconf 80' lang='grc' dir='ltr'>Εἷς</span> <span class='ocrx_word' id='word_1_148' title='bbox 1425 2161 1483 2218; x_wconf 71' lang='grc' dir='ltr'>δὲ</span> <span class='ocrx_word' id='word_1_149' title='bbox 1537 2164 1603 2219; x_wconf 80' lang='grc' dir='ltr'>τὰ</span> <span class='ocrx_word' id='word_1_150' title='bbox 1633 2163 1766 2234; x_wconf 79' lang='grc' dir='ltr'>τέλη</span> <span class='ocrx_word' id='word_1_151' title='bbox 1800 2163 1968 2219; x_wconf 74' lang='grc' dir='ltr'>αὐτοῦ</span> 
     </span>
    </p>
   </div>
   <div class='ocr_carea' id='block_1_23' title="bbox 297 2251 1965 2332">
    <p class='ocr_par' dir='ltr' id='par_1_23' title="bbox 297 2251 1965 2332">
     <span class='ocr_line' id='line_1_23' title="bbox 297 2251 1965 2332; baseline -0.002 -20"><span class='ocrx_word' id='word_1_152' title='bbox 297 2258 324 2312; x_wconf 84' lang='grc' dir='ltr'>ό</span> <span class='ocrx_word' id='word_1_153' title='bbox 358 2255 625 2332; x_wconf 71' lang='grc' dir='ltr'>βασιλεὺς</span> <span class='ocrx_word' id='word_1_154' title='bbox 655 2256 887 2325; x_wconf 76' lang='grc' dir='ltr'>κινήσας</span> <span class='ocrx_word' id='word_1_155' title='bbox 940 2253 1001 2308; x_wconf 88' lang='grc' dir='ltr'>τὸ</span> <span class='ocrx_word' id='word_1_156' title='bbox 1059 2253 1183 2326; x_wconf 84' lang='grc' dir='ltr'>περὶ</span> <span class='ocrx_word' id='word_1_157' title='bbox 1251 2254 1487 2331; x_wconf 70' lang='grc' dir='ltr'>φθαρτοῦ</span> <span class='ocrx_word' id='word_1_158' title='bbox 1544 2252 1634 2307; x_wconf 81' lang='grc' dir='ltr'>καὶ</span> <span class='ocrx_word' id='word_1_159' title='bbox 1691 2251 1965 2328; x_wconf 72' lang='grc' dir='ltr'>ἀφθάρτου</span> 
     </span>
    </p>
   </div>
   <div class='ocr_carea' id='block_1_24' title="bbox 293 2336 1965 2421">
    <p class='ocr_par' dir='ltr' id='par_1_24' title="bbox 293 2336 1965 2421">
     <span class='ocr_line' id='line_1_24' title="bbox 293 2336 1965 2421; baseline -0.003 -20"><span class='ocrx_word' id='word_1_160' title='bbox 293 2342 477 2421; x_wconf 80' lang='grc' dir='ltr'>δόγμα</span> <span class='ocrx_word' id='word_1_161' title='bbox 506 2344 819 2418; x_wconf 76' lang='grc' dir='ltr'>ἀλλότριος</span> <span class='ocrx_word' id='word_1_162' title='bbox 846 2348 949 2411; x_wconf 77' lang='grc' dir='ltr'>τῆς</span> <span class='ocrx_word' id='word_1_163' title='bbox 1003 2336 1276 2405; x_wconf 75' lang='grc' dir='ltr'>εὐσεϐείας</span> <span class='ocrx_word' id='word_1_164' title='bbox 1334 2339 1674 2412; x_wconf 71' lang='grc' dir='ltr'>ἐτελεύτησε,</span> <span class='ocrx_word' id='word_1_165' title='bbox 1720 2336 1965 2415; x_wconf 80' lang='grc' dir='ltr'>προϐαλ-</span> 
     </span>
    </p>
   </div>
   <div class='ocr_carea' id='block_1_25' title="bbox 288 2426 1966 2509">
    <p class='ocr_par' dir='ltr' id='par_1_25' title="bbox 288 2426 1966 2509">
     <span class='ocr_line' id='line_1_25' title="bbox 288 2426 1966 2509; baseline -0.004 -18"><span class='ocrx_word' id='word_1_166' title='bbox 288 2432 534 2509; x_wconf 80' lang='grc' dir='ltr'>λόμενος</span> <span class='ocrx_word' id='word_1_167' title='bbox 566 2436 876 2492; x_wconf 81' lang='grc' dir='ltr'>Ἰουστῖνον</span> <span class='ocrx_word' id='word_1_168' title='bbox 908 2430 1128 2505; x_wconf 79' lang='grc' dir='ltr'>ἀνεψιὸν</span> <span class='ocrx_word' id='word_1_169' title='bbox 1168 2431 1337 2486; x_wconf 78' lang='grc' dir='ltr'>αὐτοῦ</span> <span class='ocrx_word' id='word_1_170' title='bbox 1396 2430 1474 2494; x_wconf 77' lang='grc' dir='ltr'>εἷς</span> <span class='ocrx_word' id='word_1_171' title='bbox 1532 2426 1778 2505; x_wconf 80' lang='grc' dir='ltr'>βασιλέα,</span> <span class='ocrx_word' id='word_1_172' title='bbox 1836 2450 1966 2484; x_wconf 91' lang='grc' dir='ltr'>κου-</span> 
     </span>
    </p>
   </div>
   <div class='ocr_carea' id='block_1_26' title="bbox 280 2519 959 2601">
    <p class='ocr_par' dir='ltr' id='par_1_26' title="bbox 280 2519 959 2601">
     <span class='ocr_line' id='line_1_26' title="bbox 280 2519 959 2601; baseline -0.006 -21"><span class='ocrx_word' id='word_1_173' title='bbox 280 2521 619 2601; x_wconf 74' lang='grc' dir='ltr'>ροπαλάτην</span> <span class='ocrx_word' id='word_1_174' title='bbox 643 2522 776 2577; x_wconf 83' lang='grc' dir='ltr'>τότε</span> <span class='ocrx_word' id='word_1_175' title='bbox 806 2519 959 2576; x_wconf 78' lang='grc' dir='ltr'>ὄντα.</span> 
     </span>
    </p>
   </div>
   <div class='ocr_carea' id='block_1_27' title="bbox 358 2604 1965 2671">
    <p class='ocr_par' dir='ltr' id='par_1_27' title="bbox 358 2604 1965 2671">
     <span class='ocr_line' id='line_1_27' title="bbox 358 2604 1965 2671; baseline -0.004 -1"><span class='ocrx_word' id='word_1_176' title='bbox 358 2614 520 2671; x_wconf 75' lang='grc' dir='ltr'>Μετὰ</span> <span class='ocrx_word' id='word_1_177' title='bbox 598 2609 662 2667; x_wconf 73' lang='grc' dir='ltr'>δὲ</span> <span class='ocrx_word' id='word_1_178' title='bbox 720 2609 1100 2667; x_wconf 84' lang='grc' dir='ltr'>Ἰουστινιανὸν</span> <span class='ocrx_word' id='word_1_179' title='bbox 1166 2604 1507 2664; x_wconf 70' lang='grc' dir='ltr'>ἐϐασίλευσεν</span> <span class='ocrx_word' id='word_1_180' title='bbox 1592 2611 1883 2671; x_wconf 83' lang='grc' dir='ltr'>Ἰουστῖνος</span> <span class='ocrx_word' id='word_1_181' title='bbox 1936 2608 1965 2664; x_wconf 80' lang='grc' dir='ltr'><strong>ὃ</strong></span> 
     </span>
    </p>
   </div>
   <div class='ocr_carea' id='block_1_28' title="bbox 283 2693 1960 2775">
    <p class='ocr_par' dir='ltr' id='par_1_28' title="bbox 283 2693 1960 2775">
     <span class='ocr_line' id='line_1_28' title="bbox 283 2693 1960 2775; baseline -0.003 -19"><span class='ocrx_word' id='word_1_182' title='bbox 283 2703 521 2773; x_wconf 70' lang='grc' dir='ltr'>ἀνεψιὸς</span> <span class='ocrx_word' id='word_1_183' title='bbox 554 2700 728 2755; x_wconf 71' lang='grc' dir='ltr'>αὐτοῦ</span> <span class='ocrx_word' id='word_1_184' title='bbox 774 2694 869 2769; x_wconf 84' lang='grc' dir='ltr'>ἔτη</span> <span class='ocrx_word' id='word_1_185' title='bbox 918 2698 1008 2775; x_wconf 73' lang='grc' dir='ltr'>ιγ’,</span> <span class='ocrx_word' id='word_1_186' title='bbox 1070 2693 1596 2773; x_wconf 85' lang='grc' dir='ltr'>μεγαλοδωρότατός</span> <span class='ocrx_word' id='word_1_187' title='bbox 1624 2719 1685 2754; x_wconf 88' lang='grc' dir='ltr'>τε</span> <span class='ocrx_word' id='word_1_188' title='bbox 1733 2694 1831 2754; x_wconf 65' lang='grc' dir='ltr'>ὣν»</span> <span class='ocrx_word' id='word_1_189' title='bbox 1873 2697 1960 2753; x_wconf 83' lang='grc' dir='ltr'>καὶ</span> 
     </span>
    </p>
   </div>
   <div class='ocr_carea' id='block_1_29' title="bbox 292 2780 1963 2867">
    <p class='ocr_par' dir='ltr' id='par_1_29' title="bbox 292 2780 1963 2867">
     <span class='ocr_line' id='line_1_29' title="bbox 292 2780 1963 2867; baseline -0.002 -23"><span class='ocrx_word' id='word_1_190' title='bbox 292 2789 954 2867; x_wconf 63' lang='grc' dir='ltr'>φιλοκτὶστης.Ἕκτισε</span> <span class='ocrx_word' id='word_1_191' title='bbox 982 2785 1250 2843; x_wconf 80' lang='grc' dir='ltr'>παλάτιον</span> <span class='ocrx_word' id='word_1_192' title='bbox 1308 2780 1408 2860; x_wconf 77' lang='grc' dir='ltr'>ἔξω</span> <span class='ocrx_word' id='word_1_193' title='bbox 1457 2794 1557 2858; x_wconf 80' lang='grc' dir='ltr'>τῆς</span> <span class='ocrx_word' id='word_1_194' title='bbox 1597 2786 1814 2850; x_wconf 87' lang='grc' dir='ltr'>πόλεως</span> <span class='ocrx_word' id='word_1_195' title='bbox 1871 2788 1963 2842; x_wconf 84' lang='grc' dir='ltr'>καὶ</span> 
     </span>
    </p>
   </div>
   <div class='ocr_carea' id='block_1_30' title="bbox 291 2876 1962 2957">
    <p class='ocr_par' dir='ltr' id='par_1_30' title="bbox 291 2876 1962 2957">
     <span class='ocr_line' id='line_1_30' title="bbox 291 2876 1962 2957; baseline 0.001 -25"><span class='ocrx_word' id='word_1_196' title='bbox 291 2876 522 2951; x_wconf 65' lang='grc' dir='ltr'>λιμένα</span> <span class='ocrx_word' id='word_1_197' title='bbox 550 2876 904 2951; x_wconf 78' lang='grc' dir='ltr'>ἐντῇπόλει.</span> <span class='ocrx_word' id='word_1_198' title='bbox 968 2877 1069 2933; x_wconf 79' lang='grc' dir='ltr'>Καὶ</span> <span class='ocrx_word' id='word_1_199' title='bbox 1116 2879 1179 2933; x_wconf 83' lang='grc' dir='ltr'>τὸ</span> <span class='ocrx_word' id='word_1_200' title='bbox 1241 2878 1334 2952; x_wconf 75' lang='grc' dir='ltr'>μὲν</span> <span class='ocrx_word' id='word_1_201' title='bbox 1388 2876 1611 2934; x_wconf 73' lang='grc' dir='ltr'>ἐκάλεσε</span> <span class='ocrx_word' id='word_1_202' title='bbox 1669 2877 1962 2957; x_wconf 77' lang='grc' dir='ltr'>Σοφιανᾶς,</span> 
     </span>
    </p>
   </div>
   <div class='ocr_carea' id='block_1_31' title="bbox 289 2961 1960 3046">
    <p class='ocr_par' dir='ltr' id='par_1_31' title="bbox 289 2961 1960 3046">
     <span class='ocr_line' id='line_1_31' title="bbox 289 2961 1960 3046; baseline 0 -25"><span class='ocrx_word' id='word_1_203' title='bbox 289 2966 412 3035; x_wconf 74' lang='grc' dir='ltr'>τήν</span> <span class='ocrx_word' id='word_1_204' title='bbox 506 2961 565 3021; x_wconf 79' lang='grc' dir='ltr'>δὲ</span> <span class='ocrx_word' id='word_1_205' title='bbox 641 2966 842 3046; x_wconf 70' lang='grc' dir='ltr'>Σοφίαν</span> <span class='ocrx_word' id='word_1_206' title='bbox 903 2964 985 3029; x_wconf 70' lang='grc' dir='ltr'>εἷς</span> <span class='ocrx_word' id='word_1_207' title='bbox 1043 2963 1220 3040; x_wconf 77' lang='grc' dir='ltr'>ὄνομα</span> <span class='ocrx_word' id='word_1_208' title='bbox 1281 2973 1381 3037; x_wconf 77' lang='grc' dir='ltr'>τῆς</span> <span class='ocrx_word' id='word_1_209' title='bbox 1438 2967 1631 3022; x_wconf 69' lang='grc' dir='ltr'>ἑαυτοῦ</span> <span class='ocrx_word' id='word_1_210' title='bbox 1685 2966 1960 3042; x_wconf 85' lang='grc' dir='ltr'>γυναικός.</span> 
     </span>
    </p>
   </div>
   <div class='ocr_carea' id='block_1_32' title="bbox 280 3054 1963 3136">
    <p class='ocr_par' dir='ltr' id='par_1_32' title="bbox 280 3054 1963 3136">
     <span class='ocr_line' id='line_1_32' title="bbox 280 3054 1963 3136; baseline -0.001 -24"><span class='ocrx_word' id='word_1_211' title='bbox 280 3060 518 3112; x_wconf 64' lang='lat' dir='ltr'>&quot;Extra:</span> <span class='ocrx_word' id='word_1_212' title='bbox 548 3054 725 3112; x_wconf 81' lang='grc' dir='ltr'>δὲκαὶ</span> <span class='ocrx_word' id='word_1_213' title='bbox 756 3058 858 3127; x_wconf 75' lang='grc' dir='ltr'>τὴν</span> <span class='ocrx_word' id='word_1_214' title='bbox 916 3055 972 3111; x_wconf 78' lang='grc' dir='ltr'>ἐν</span> <span class='ocrx_word' id='word_1_215' title='bbox 1030 3059 1109 3127; x_wconf 83' lang='grc' dir='ltr'>τῷ</span> <span class='ocrx_word' id='word_1_216' title='bbox 1167 3054 1614 3136; x_wconf 75' lang='grc' dir='ltr'>ὅρφανοτροφείῳ</span> <span class='ocrx_word' id='word_1_217' title='bbox 1668 3054 1963 3128; x_wconf 78' lang='grc' dir='ltr'>ἐκκλησίαν</span> 
     </span>
    </p>
   </div>
   <div class='ocr_carea' id='block_1_33' title="bbox 271 3143 1959 3222">
    <p class='ocr_par' dir='ltr' id='par_1_33' title="bbox 271 3143 1959 3222">
     <span class='ocr_line' id='line_1_33' title="bbox 271 3143 1959 3222; baseline 0.001 -22"><span class='ocrx_word' id='word_1_218' title='bbox 271 3149 395 3201; x_wconf 76' lang='grc' dir='ltr'>τῶν</span> <span class='ocrx_word' id='word_1_219' title='bbox 452 3148 628 3222; x_wconf 81' lang='grc' dir='ltr'>ἁγίων</span> <span class='ocrx_word' id='word_1_220' title='bbox 691 3143 1020 3202; x_wconf 73' lang='grc' dir='ltr'>ἀποστόλων</span> <span class='ocrx_word' id='word_1_221' title='bbox 1074 3146 1286 3221; x_wconf 74' lang='grc' dir='ltr'>Πέτρου</span> <span class='ocrx_word' id='word_1_222' title='bbox 1370 3144 1459 3200; x_wconf 85' lang='grc' dir='ltr'>καὶ</span> <span class='ocrx_word' id='word_1_223' title='bbox 1522 3146 1762 3203; x_wconf 81' lang='grc' dir='ltr'>Παύλου.</span> <span class='ocrx_word' id='word_1_224' title='bbox 1826 3146 1959 3206; x_wconf 73' lang='grc' dir='ltr'>Εἶτα</span> 
     </span>
    </p>
   </div>
   <div class='ocr_carea' id='block_1_34' title="bbox 1603 470 1961 546">
    <p class='ocr_par' dir='ltr' id='par_1_34' title="bbox 1603 470 1961 531">
     <span class='ocr_line' id='line_1_34' title="bbox 1603 470 1961 531; baseline -0.008 -5"><span class='ocrx_word' id='word_1_225' title='bbox 1603 471 1889 531; x_wconf 81' lang='grc' dir='ltr'>Ἰουστῖνος</span> <span class='ocrx_word' id='word_1_226' title='bbox 1944 470 1961 523; x_wconf 76' lang='grc' dir='ltr'>ἐ</span> 
     </span>
    </p>
   </div>
   <div class='ocr_carea' id='block_1_35' title="bbox 2079 470 3742 546">
    <p class='ocr_par' dir='ltr' id='par_1_35' title="bbox 2159 472 3742 546">
     <span class='ocr_line' id='line_1_35' title="bbox 2159 472 3742 546; baseline 0.006 -21"><span class='ocrx_word' id='word_1_227' title='bbox 2159 472 2472 527; x_wconf 76' lang='lat' dir='ltr'>Anastasio</span> <span class='ocrx_word' id='word_1_228' title='bbox 2555 477 2788 529; x_wconf 88' lang='lat' dir='ltr'>mortuo</span> <span class='ocrx_word' id='word_1_229' title='bbox 2848 474 3163 546; x_wconf 89' lang='lat' dir='ltr'>imperium</span> <span class='ocrx_word' id='word_1_230' title='bbox 3224 477 3418 532; x_wconf 80' lang='lat' dir='ltr'>tenuit</span> <span class='ocrx_word' id='word_1_231' title='bbox 3474 478 3742 535; x_wconf 73' lang='lat' dir='ltr'>Justinus</span> 
     </span>
    </p>
   </div>
   <div class='ocr_carea' id='block_1_36' title="bbox 2089 560 3747 635">
    <p class='ocr_par' dir='ltr' id='par_1_36' title="bbox 2089 560 3747 635">
     <span class='ocr_line' id='line_1_36' title="bbox 2089 560 3747 635; baseline 0.005 -21"><span class='ocrx_word' id='word_1_232' title='bbox 2089 560 2301 626; x_wconf 84' lang='lat' dir='ltr'>Thrax,</span> <span class='ocrx_word' id='word_1_233' title='bbox 2334 577 2581 634; x_wconf 88' lang='lat' dir='ltr'>magnus</span> <span class='ocrx_word' id='word_1_234' title='bbox 2612 562 2956 635; x_wconf 81' lang='lat' dir='ltr'>imperator,</span> <span class='ocrx_word' id='word_1_235' title='bbox 2999 581 3186 621; x_wconf 89' lang='lat' dir='ltr'>annos</span> <span class='ocrx_word' id='word_1_236' title='bbox 3234 582 3467 634; x_wconf 86' lang='lat' dir='ltr'>novem,</span> <span class='ocrx_word' id='word_1_237' title='bbox 3500 567 3588 621; x_wconf 88' lang='lat' dir='ltr'>vir</span> <span class='ocrx_word' id='word_1_238' title='bbox 3617 567 3747 623; x_wconf 87' lang='lat' dir='ltr'>bel-</span> 
     </span>
    </p>
   </div>
   <div class='ocr_carea' id='block_1_37' title="bbox 2089 648 3745 728">
    <p class='ocr_par' dir='ltr' id='par_1_37' title="bbox 2089 648 3745 728">
     <span class='ocr_line' id='line_1_37' title="bbox 2089 648 3745 728; baseline 0.006 -25"><span class='ocrx_word' id='word_1_239' title='bbox 2089 648 2482 706; x_wconf 90' lang='lat' dir='ltr'>licosissimus</span> <span class='ocrx_word' id='word_1_240' title='bbox 2507 656 2798 724; x_wconf 62' lang='lat' dir='ltr'>rectaeque</span> <span class='ocrx_word' id='word_1_241' title='bbox 2841 654 2979 708; x_wconf 82' lang='lat' dir='ltr'>ﬁdei</span> <span class='ocrx_word' id='word_1_242' title='bbox 3037 660 3465 728; x_wconf 81' lang='lat' dir='ltr'>propugnator.</span> <span class='ocrx_word' id='word_1_243' title='bbox 3501 656 3617 713; x_wconf 85' lang='lat' dir='ltr'>Sub</span> <span class='ocrx_word' id='word_1_244' title='bbox 3653 674 3745 727; x_wconf 92' lang='lat' dir='ltr'>eo,</span> 
     </span>
    </p>
   </div>
   <div class='ocr_carea' id='block_1_38' title="bbox 2092 739 3749 818">
    <p class='ocr_par' dir='ltr' id='par_1_38' title="bbox 2092 739 3749 818">
     <span class='ocr_line' id='line_1_38' title="bbox 2092 739 3749 818; baseline 0.007 -26"><span class='ocrx_word' id='word_1_245' title='bbox 2092 756 2222 810; x_wconf 80' lang='lat' dir='ltr'>quae</span> <span class='ocrx_word' id='word_1_246' title='bbox 2254 739 2316 793; x_wconf 90' lang='lat' dir='ltr'>in</span> <span class='ocrx_word' id='word_1_247' title='bbox 2374 745 2643 796; x_wconf 87' lang='lat' dir='ltr'>sanctum</span> <span class='ocrx_word' id='word_1_248' title='bbox 2698 743 2980 797; x_wconf 81' lang='lat' dir='ltr'>Aretham</span> <span class='ocrx_word' id='word_1_249' title='bbox 3031 743 3092 798; x_wconf 91' lang='lat' dir='ltr'>in</span> <span class='ocrx_word' id='word_1_250' title='bbox 3140 746 3327 814; x_wconf 78' lang='lat' dir='ltr'>Negra</span> <span class='ocrx_word' id='word_1_251' title='bbox 3380 745 3523 801; x_wconf 86' lang='lat' dir='ltr'>urbe</span> <span class='ocrx_word' id='word_1_252' title='bbox 3584 753 3749 818; x_wconf 86' lang='lat' dir='ltr'>gesta</span> 
     </span>
    </p>
   </div>
   <div class='ocr_carea' id='block_1_39' title="bbox 2091 832 3748 903">
    <p class='ocr_par' dir='ltr' id='par_1_39' title="bbox 2091 832 3748 903">
     <span class='ocr_line' id='line_1_39' title="bbox 2091 832 3748 903; baseline 0.006 -22"><span class='ocrx_word' id='word_1_253' title='bbox 2091 832 2330 897; x_wconf 87' lang='lat' dir='ltr'>sunt,et</span> <span class='ocrx_word' id='word_1_254' title='bbox 2362 835 2567 885; x_wconf 89' lang='lat' dir='ltr'>contra</span> <span class='ocrx_word' id='word_1_255' title='bbox 2596 832 2932 888; x_wconf 86' lang='lat' dir='ltr'>Homeritas</span> <span class='ocrx_word' id='word_1_256' title='bbox 2990 850 3096 903; x_wconf 88' lang='lat' dir='ltr'>per</span> <span class='ocrx_word' id='word_1_257' title='bbox 3150 833 3463 890; x_wconf 86' lang='lat' dir='ltr'>Elesbaam</span> <span class='ocrx_word' id='word_1_258' title='bbox 3522 836 3748 891; x_wconf 68' lang='lat' dir='ltr'>Ethio-</span> 
     </span>
    </p>
   </div>
   <div class='ocr_carea' id='block_1_40' title="bbox 2089 920 3741 995">
    <p class='ocr_par' dir='ltr' id='par_1_40' title="bbox 2089 920 3741 995">
     <span class='ocr_line' id='line_1_40' title="bbox 2089 920 3741 995; baseline 0.005 -24"><span class='ocrx_word' id='word_1_259' title='bbox 2089 933 2229 988; x_wconf 91' lang='lat' dir='ltr'>pum</span> <span class='ocrx_word' id='word_1_260' title='bbox 2280 934 2502 990; x_wconf 82' lang='lat' dir='ltr'>regem,</span> <span class='ocrx_word' id='word_1_261' title='bbox 2587 920 2953 976; x_wconf 88' lang='lat' dir='ltr'>acciderunt.</span> <span class='ocrx_word' id='word_1_262' title='bbox 3007 923 3272 978; x_wconf 77' lang='lat' dir='ltr'>Justinus</span> <span class='ocrx_word' id='word_1_263' title='bbox 3324 924 3501 979; x_wconf 81' lang='lat' dir='ltr'>morti</span> <span class='ocrx_word' id='word_1_264' title='bbox 3542 925 3741 995; x_wconf 86' lang='lat' dir='ltr'>proxi-</span> 
     </span>
    </p>
   </div>
   <div class='ocr_carea' id='block_1_41' title="bbox 2088 1007 3738 1085">
    <p class='ocr_par' dir='ltr' id='par_1_41' title="bbox 2088 1007 3738 1085">
     <span class='ocr_line' id='line_1_41' title="bbox 2088 1007 3738 1085; baseline 0.005 -26"><span class='ocrx_word' id='word_1_265' title='bbox 2088 1020 2222 1061; x_wconf 90' lang='lat' dir='ltr'>mus</span> <span class='ocrx_word' id='word_1_266' title='bbox 2274 1007 2672 1064; x_wconf 70' lang='lat' dir='ltr'>Iustinianum</span> <span class='ocrx_word' id='word_1_267' title='bbox 2756 1011 2975 1065; x_wconf 81' lang='lat' dir='ltr'>sororis</span> <span class='ocrx_word' id='word_1_268' title='bbox 3052 1011 3241 1067; x_wconf 83' lang='lat' dir='ltr'>ﬁlium</span> <span class='ocrx_word' id='word_1_269' title='bbox 3319 1013 3738 1085; x_wconf 76' lang='lat' dir='ltr'>imperatorem</span> 
     </span>
    </p>
   </div>
   <div class='ocr_carea' id='block_1_42' title="bbox 2085 1095 2451 1165">
    <p class='ocr_par' dir='ltr' id='par_1_42' title="bbox 2085 1095 2451 1165">
     <span class='ocr_line' id='line_1_42' title="bbox 2085 1095 2451 1165; baseline 0.005 -17"><span class='ocrx_word' id='word_1_270' title='bbox 2085 1095 2451 1165; x_wconf 78' lang='lat' dir='ltr'>pronuntiat.</span> 
     </span>
    </p>
   </div>
   <div class='ocr_carea' id='block_1_43' title="bbox 2156 1185 3727 1266">
    <p class='ocr_par' dir='ltr' id='par_1_43' title="bbox 2156 1185 3727 1266">
     <span class='ocr_line' id='line_1_43' title="bbox 2156 1185 3727 1266; baseline 0.006 -29"><span class='ocrx_word' id='word_1_271' title='bbox 2156 1185 2297 1239; x_wconf 88' lang='lat' dir='ltr'>Post</span> <span class='ocrx_word' id='word_1_272' title='bbox 2321 1185 2616 1242; x_wconf 88' lang='lat' dir='ltr'>Justinum</span> <span class='ocrx_word' id='word_1_273' title='bbox 2669 1187 3041 1244; x_wconf 88' lang='lat' dir='ltr'>Justinianus</span> <span class='ocrx_word' id='word_1_274' title='bbox 3097 1191 3317 1245; x_wconf 86' lang='lat' dir='ltr'>sororis</span> <span class='ocrx_word' id='word_1_275' title='bbox 3364 1190 3519 1247; x_wconf 87' lang='lat' dir='ltr'>filius</span> <span class='ocrx_word' id='word_1_276' title='bbox 3552 1192 3727 1266; x_wconf 89' lang='lat' dir='ltr'>impe-</span> 
     </span>
    </p>
   </div>
   <div class='ocr_carea' id='block_1_44' title="bbox 2084 1272 3742 1350">
    <p class='ocr_par' dir='ltr' id='par_1_44' title="bbox 2084 1272 3742 1350">
     <span class='ocr_line' id='line_1_44' title="bbox 2084 1272 3742 1350; baseline 0.008 -25"><span class='ocrx_word' id='word_1_277' title='bbox 2084 1272 2239 1327; x_wconf 90' lang='lat' dir='ltr'>rium</span> <span class='ocrx_word' id='word_1_278' title='bbox 2272 1273 2712 1331; x_wconf 87' lang='lat' dir='ltr'>obtinetannos</span> <span class='ocrx_word' id='word_1_279' title='bbox 2749 1277 2991 1350; x_wconf 87' lang='lat' dir='ltr'>triginta</span> <span class='ocrx_word' id='word_1_280' title='bbox 3022 1296 3257 1335; x_wconf 86' lang='lat' dir='ltr'>novem.</span> <span class='ocrx_word' id='word_1_281' title='bbox 3293 1281 3560 1336; x_wconf 86' lang='lat' dir='ltr'>Novellas</span> <span class='ocrx_word' id='word_1_282' title='bbox 3609 1299 3742 1338; x_wconf 90' lang='lat' dir='ltr'>con-</span> 
     </span>
    </p>
   </div>
   <div class='ocr_carea' id='block_1_45' title="bbox 2087 1361 3740 1441">
    <p class='ocr_par' dir='ltr' id='par_1_45' title="bbox 2087 1361 3740 1441">
     <span class='ocr_line' id='line_1_45' title="bbox 2087 1361 3740 1441; baseline 0.007 -27"><span class='ocrx_word' id='word_1_283' title='bbox 2087 1361 2425 1417; x_wconf 87' lang='lat' dir='ltr'>stitutiones</span> <span class='ocrx_word' id='word_1_284' title='bbox 2500 1367 2856 1436; x_wconf 86' lang='lat' dir='ltr'>composuit.</span> <span class='ocrx_word' id='word_1_285' title='bbox 2918 1368 3019 1422; x_wconf 89' lang='lat' dir='ltr'>Dei</span> <span class='ocrx_word' id='word_1_286' title='bbox 3079 1369 3347 1441; x_wconf 79' lang='lat' dir='ltr'>Magnam</span> <span class='ocrx_word' id='word_1_287' title='bbox 3426 1371 3740 1427; x_wconf 87' lang='lat' dir='ltr'>ecclesiam</span> 
     </span>
    </p>
   </div>
   <div class='ocr_carea' id='block_1_46' title="bbox 2083 1449 3742 1530">
    <p class='ocr_par' dir='ltr' id='par_1_46' title="bbox 2083 1449 3742 1530">
     <span class='ocr_line' id='line_1_46' title="bbox 2083 1449 3742 1530; baseline 0.009 -29"><span class='ocrx_word' id='word_1_288' title='bbox 2083 1449 2405 1515; x_wconf 82' lang='lat' dir='ltr'>renovavit,</span> <span class='ocrx_word' id='word_1_289' title='bbox 2486 1450 2927 1520; x_wconf 86' lang='lat' dir='ltr'>pulchritudine</span> <span class='ocrx_word' id='word_1_290' title='bbox 2989 1460 3047 1510; x_wconf 90' lang='lat' dir='ltr'>et</span> <span class='ocrx_word' id='word_1_291' title='bbox 3132 1458 3563 1530; x_wconf 84' lang='lat' dir='ltr'>magnitudine,</span> <span class='ocrx_word' id='word_1_292' title='bbox 3625 1476 3742 1530; x_wconf 89' lang='lat' dir='ltr'>qua</span> 
     </span>
    </p>
   </div>
   <div class='ocr_carea' id='block_1_47' title="bbox 2083 1539 3740 1621">
    <p class='ocr_par' dir='ltr' id='par_1_47' title="bbox 2083 1539 3740 1621">
     <span class='ocr_line' id='line_1_47' title="bbox 2083 1539 3740 1621; baseline 0.008 -32"><span class='ocrx_word' id='word_1_293' title='bbox 2083 1540 2261 1592; x_wconf 87' lang='lat' dir='ltr'>antea</span> <span class='ocrx_word' id='word_1_294' title='bbox 2291 1542 2438 1605; x_wconf 88' lang='lat' dir='ltr'>erat,</span> <span class='ocrx_word' id='word_1_295' title='bbox 2499 1539 3004 1609; x_wconf 85' lang='lat' dir='ltr'>spectabiliorem,</span> <span class='ocrx_word' id='word_1_296' title='bbox 3063 1544 3123 1599; x_wconf 91' lang='lat' dir='ltr'>in</span> <span class='ocrx_word' id='word_1_297' title='bbox 3176 1562 3292 1616; x_wconf 89' lang='lat' dir='ltr'>qua</span> <span class='ocrx_word' id='word_1_298' title='bbox 3323 1552 3381 1602; x_wconf 86' lang='lat' dir='ltr'>et</span> <span class='ocrx_word' id='word_1_299' title='bbox 3410 1549 3740 1621; x_wconf 87' lang='lat' dir='ltr'>troparium</span> 
     </span>
    </p>
   </div>
   <div class='ocr_carea' id='block_1_48' title="bbox 2083 1626 3739 1709">
    <p class='ocr_par' dir='ltr' id='par_1_48' title="bbox 2083 1626 3739 1709">
     <span class='ocr_line' id='line_1_48' title="bbox 2083 1626 3739 1709; baseline 0.005 -27"><span class='ocrx_word' id='word_1_300' title='bbox 2083 1626 2421 1683; x_wconf 89' lang='lat' dir='ltr'>canendum</span> <span class='ocrx_word' id='word_1_301' title='bbox 2453 1628 2717 1697; x_wconf 88' lang='lat' dir='ltr'>tradidit,</span> <span class='ocrx_word' id='word_1_302' title='bbox 2750 1632 2921 1701; x_wconf 90' lang='lat' dir='ltr'>cujus</span> <span class='ocrx_word' id='word_1_303' title='bbox 2972 1635 3335 1707; x_wconf 87' lang='lat' dir='ltr'>principium</span> <span class='ocrx_word' id='word_1_304' title='bbox 3363 1654 3376 1691; x_wconf 90' lang='lat'><strong>:</strong></span> <span class='ocrx_word' id='word_1_305' title='bbox 3415 1638 3739 1709; x_wconf 76' lang='lat' dir='ltr'>Unigenitas</span> 
     </span>
    </p>
   </div>
   <div class='ocr_carea' id='block_1_49' title="bbox 2083 1715 3741 1796">
    <p class='ocr_par' dir='ltr' id='par_1_49' title="bbox 2083 1715 3741 1796">
     <span class='ocr_line' id='line_1_49' title="bbox 2083 1715 3741 1796; baseline 0.008 -27"><span class='ocrx_word' id='word_1_306' title='bbox 2083 1715 2261 1770; x_wconf 83' lang='lat' dir='ltr'>Filius</span> <span class='ocrx_word' id='word_1_307' title='bbox 2290 1722 2340 1769; x_wconf 78' lang='lat' dir='ltr'>et</span> <span class='ocrx_word' id='word_1_308' title='bbox 2375 1717 2609 1771; x_wconf 77' lang='lat' dir='ltr'>Verbum</span> <span class='ocrx_word' id='word_1_309' title='bbox 2641 1718 2758 1783; x_wconf 86' lang='lat' dir='ltr'>Dei,</span> <span class='ocrx_word' id='word_1_310' title='bbox 2792 1720 3135 1793; x_wconf 87' lang='lat' dir='ltr'>Hypapante</span> <span class='ocrx_word' id='word_1_311' title='bbox 3194 1740 3328 1780; x_wconf 87' lang='lat' dir='ltr'>cum</span> <span class='ocrx_word' id='word_1_312' title='bbox 3385 1727 3551 1796; x_wconf 91' lang='lat' dir='ltr'>prius</span> <span class='ocrx_word' id='word_1_313' title='bbox 3580 1729 3741 1783; x_wconf 90' lang='lat' dir='ltr'>inter</span> 
     </span>
    </p>
   </div>
   <div class='ocr_carea' id='block_1_50' title="bbox 2085 1803 3734 1882">
    <p class='ocr_par' dir='ltr' id='par_1_50' title="bbox 2085 1803 3734 1882">
     <span class='ocr_line' id='line_1_50' title="bbox 2085 1803 3734 1882; baseline 0.008 -25"><span class='ocrx_word' id='word_1_314' title='bbox 2085 1803 2421 1859; x_wconf 88' lang='lat' dir='ltr'>Dominicas</span> <span class='ocrx_word' id='word_1_315' title='bbox 2472 1805 2883 1863; x_wconf 87' lang='lat' dir='ltr'>solemnitates</span> <span class='ocrx_word' id='word_1_316' title='bbox 2934 1826 3056 1864; x_wconf 90' lang='lat' dir='ltr'>non</span> <span class='ocrx_word' id='word_1_317' title='bbox 3143 1820 3734 1882; x_wconf 85' lang='lat' dir='ltr'>commemoraretur,</span> 
     </span>
    </p>
   </div>
   <div class='ocr_carea' id='block_1_51' title="bbox 2078 1891 3732 1975">
    <p class='ocr_par' dir='ltr' id='par_1_51' title="bbox 2078 1891 3732 1975">
     <span class='ocr_line' id='line_1_51' title="bbox 2078 1891 3732 1975; baseline 0.007 -28"><span class='ocrx_word' id='word_1_318' title='bbox 2078 1891 2362 1948; x_wconf 89' lang='lat' dir='ltr'>celebrari</span> <span class='ocrx_word' id='word_1_319' title='bbox 2395 1898 2585 1966; x_wconf 87' lang='lat' dir='ltr'>ccepta</span> <span class='ocrx_word' id='word_1_320' title='bbox 2642 1899 2749 1950; x_wconf 90' lang='lat' dir='ltr'>est.</span> <span class='ocrx_word' id='word_1_321' title='bbox 2803 1898 3040 1969; x_wconf 85' lang='lat' dir='ltr'>Cogitur</span> <span class='ocrx_word' id='word_1_322' title='bbox 3081 1900 3289 1971; x_wconf 89' lang='lat' dir='ltr'>quinta</span> <span class='ocrx_word' id='word_1_323' title='bbox 3319 1902 3581 1975; x_wconf 75' lang='lat' dir='ltr'>synodus</span> <span class='ocrx_word' id='word_1_324' title='bbox 3633 1906 3732 1958; x_wconf 79' lang='grc'>163</span> 
     </span>
    </p>
   </div>
   <div class='ocr_carea' id='block_1_52' title="bbox 2077 1984 3732 2063">
    <p class='ocr_par' dir='ltr' id='par_1_52' title="bbox 2077 1984 3732 2063">
     <span class='ocr_line' id='line_1_52' title="bbox 2077 1984 3732 2063; baseline 0.007 -27"><span class='ocrx_word' id='word_1_325' title='bbox 2077 1986 2420 2038; x_wconf 89' lang='lat' dir='ltr'>sanctorum</span> <span class='ocrx_word' id='word_1_326' title='bbox 2482 1984 2726 2039; x_wconf 87' lang='lat' dir='ltr'>Patrum</span> <span class='ocrx_word' id='word_1_327' title='bbox 2785 1986 3066 2043; x_wconf 79' lang='lat' dir='ltr'>adversus</span> <span class='ocrx_word' id='word_1_328' title='bbox 3113 1989 3427 2061; x_wconf 86' lang='lat' dir='ltr'>Origenem</span> <span class='ocrx_word' id='word_1_329' title='bbox 3482 1992 3732 2063; x_wconf 86' lang='lat' dir='ltr'>ejusque</span> 
     </span>
    </p>
   </div>
   <div class='ocr_carea' id='block_1_53' title="bbox 2077 2069 3733 2151">
    <p class='ocr_par' dir='ltr' id='par_1_53' title="bbox 2077 2069 3733 2151">
     <span class='ocr_line' id='line_1_53' title="bbox 2077 2069 3733 2151; baseline 0.007 -27"><span class='ocrx_word' id='word_1_330' title='bbox 2077 2069 2395 2143; x_wconf 89' lang='lat' dir='ltr'>impiorum</span> <span class='ocrx_word' id='word_1_331' title='bbox 2482 2071 2823 2145; x_wconf 83' lang='lat' dir='ltr'>dogmatum</span> <span class='ocrx_word' id='word_1_332' title='bbox 2908 2081 3232 2133; x_wconf 89' lang='lat' dir='ltr'>sectatores</span> <span class='ocrx_word' id='word_1_333' title='bbox 3306 2079 3621 2151; x_wconf 84' lang='lat' dir='ltr'>Didymum</span> <span class='ocrx_word' id='word_1_334' title='bbox 3677 2086 3733 2135; x_wconf 86' lang='lat' dir='ltr'>et</span> 
     </span>
    </p>
   </div>
   <div class='ocr_carea' id='block_1_54' title="bbox 2074 2160 3732 2237">
    <p class='ocr_par' dir='ltr' id='par_1_54' title="bbox 2074 2160 3732 2237">
     <span class='ocr_line' id='line_1_54' title="bbox 2074 2160 3732 2237; baseline 0.008 -24"><span class='ocrx_word' id='word_1_335' title='bbox 2074 2160 2384 2233; x_wconf 88' lang='lat' dir='ltr'>Evagrium</span> <span class='ocrx_word' id='word_1_336' title='bbox 2417 2165 2475 2215; x_wconf 90' lang='lat' dir='ltr'>et</span> <span class='ocrx_word' id='word_1_337' title='bbox 2525 2162 2719 2233; x_wconf 83' lang='lat' dir='ltr'>capita</span> <span class='ocrx_word' id='word_1_338' title='bbox 2773 2163 2846 2218; x_wconf 88' lang='lat' dir='ltr'>ab</span> <span class='ocrx_word' id='word_1_339' title='bbox 2909 2165 2993 2219; x_wconf 86' lang='lat' dir='ltr'>eis</span> <span class='ocrx_word' id='word_1_340' title='bbox 3034 2167 3321 2237; x_wconf 88' lang='lat' dir='ltr'>exposita.</span> <span class='ocrx_word' id='word_1_341' title='bbox 3378 2168 3546 2225; x_wconf 87' lang='lat' dir='ltr'>Circa</span> <span class='ocrx_word' id='word_1_342' title='bbox 3600 2170 3732 2225; x_wconf 63' lang='lat' dir='ltr'>vitae</span> 
     </span>
    </p>
   </div>
   <div class='ocr_carea' id='block_1_55' title="bbox 2076 2249 3731 2329">
    <p class='ocr_par' dir='ltr' id='par_1_55' title="bbox 2076 2249 3731 2329">
     <span class='ocr_line' id='line_1_55' title="bbox 2076 2249 3731 2329; baseline 0.007 -27"><span class='ocrx_word' id='word_1_343' title='bbox 2076 2249 2298 2304; x_wconf 79' lang='lat' dir='ltr'>exitum</span> <span class='ocrx_word' id='word_1_344' title='bbox 2330 2251 2660 2320; x_wconf 70' lang='lat' dir='ltr'>quaestione</span> <span class='ocrx_word' id='word_1_345' title='bbox 2693 2251 2765 2306; x_wconf 88' lang='lat' dir='ltr'>de</span> <span class='ocrx_word' id='word_1_346' title='bbox 2796 2254 3167 2326; x_wconf 88' lang='lat' dir='ltr'>corruptibili</span> <span class='ocrx_word' id='word_1_347' title='bbox 3201 2261 3259 2312; x_wconf 89' lang='lat' dir='ltr'>et</span> <span class='ocrx_word' id='word_1_348' title='bbox 3291 2256 3731 2329; x_wconf 88' lang='lat' dir='ltr'>incorruptibili</span> 
     </span>
    </p>
   </div>
   <div class='ocr_carea' id='block_1_56' title="bbox 2074 2338 3731 2419">
    <p class='ocr_par' dir='ltr' id='par_1_56' title="bbox 2074 2338 3731 2419">
     <span class='ocr_line' id='line_1_56' title="bbox 2074 2338 3731 2419; baseline 0.007 -29"><span class='ocrx_word' id='word_1_349' title='bbox 2074 2342 2236 2392; x_wconf 87' lang='lat' dir='ltr'>mota</span> <span class='ocrx_word' id='word_1_350' title='bbox 2266 2338 2591 2408; x_wconf 87' lang='lat' dir='ltr'>perduellis</span> <span class='ocrx_word' id='word_1_351' title='bbox 2612 2340 2852 2411; x_wconf 87' lang='lat' dir='ltr'>pietatis</span> <span class='ocrx_word' id='word_1_352' title='bbox 2883 2348 3179 2414; x_wconf 66' lang='lat' dir='ltr'>rectaeque</span> <span class='ocrx_word' id='word_1_353' title='bbox 3220 2344 3356 2401; x_wconf 82' lang='lat' dir='ltr'>fidei</span> <span class='ocrx_word' id='word_1_354' title='bbox 3393 2347 3731 2419; x_wconf 81' lang='lat' dir='ltr'>exspiravit,</span> 
     </span>
    </p>
   </div>
   <div class='ocr_carea' id='block_1_57' title="bbox 2075 2426 3732 2507">
    <p class='ocr_par' dir='ltr' id='par_1_57' title="bbox 2075 2426 3732 2507">
     <span class='ocr_line' id='line_1_57' title="bbox 2075 2426 3732 2507; baseline 0.007 -27"><span class='ocrx_word' id='word_1_355' title='bbox 2075 2441 2209 2481; x_wconf 90' lang='lat' dir='ltr'>cum</span> <span class='ocrx_word' id='word_1_356' title='bbox 2266 2426 2430 2497; x_wconf 90' lang='lat' dir='ltr'>prius</span> <span class='ocrx_word' id='word_1_357' title='bbox 2481 2429 2779 2485; x_wconf 86' lang='lat' dir='ltr'>Justinum</span> <span class='ocrx_word' id='word_1_358' title='bbox 2838 2432 3059 2486; x_wconf 88' lang='lat' dir='ltr'>sororis</span> <span class='ocrx_word' id='word_1_359' title='bbox 3096 2432 3281 2490; x_wconf 85' lang='lat' dir='ltr'>ﬁlium</span> <span class='ocrx_word' id='word_1_360' title='bbox 3331 2436 3732 2507; x_wconf 79' lang='lat' dir='ltr'>curopalalein</span> 
     </span>
    </p>
   </div>
   <div class='ocr_carea' id='block_1_58' title="bbox 2073 2513 3567 2586">
    <p class='ocr_par' dir='ltr' id='par_1_58' title="bbox 2073 2513 3567 2586">
     <span class='ocr_line' id='line_1_58' title="bbox 2073 2513 3567 2586; baseline 0.008 -19"><span class='ocrx_word' id='word_1_361' title='bbox 2073 2513 2495 2586; x_wconf 87' lang='lat' dir='ltr'>imperatorem</span> <span class='ocrx_word' id='word_1_362' title='bbox 2528 2519 2915 2574; x_wconf 87' lang='lat' dir='ltr'>nominasset.</span> <span class='ocrx_word' id='word_1_363' title='bbox 3562 2542 3567 2547; x_wconf 74' lang='grc'><strong>’</strong></span> 
     </span>
    </p>
   </div>
   <div class='ocr_carea' id='block_1_59' title="bbox 2145 2602 3730 2680">
    <p class='ocr_par' dir='ltr' id='par_1_59' title="bbox 2145 2602 3730 2680">
     <span class='ocr_line' id='line_1_59' title="bbox 2145 2602 3730 2680; baseline 0.007 -22"><span class='ocrx_word' id='word_1_364' title='bbox 2145 2602 2244 2660; x_wconf 74' lang='lat'>45</span> <span class='ocrx_word' id='word_1_365' title='bbox 2271 2605 2412 2660; x_wconf 90' lang='lat' dir='ltr'>Post</span> <span class='ocrx_word' id='word_1_366' title='bbox 2439 2607 2843 2663; x_wconf 73' lang='lat' dir='ltr'>Iustinianum</span> <span class='ocrx_word' id='word_1_367' title='bbox 2870 2609 3186 2680; x_wconf 83' lang='lat' dir='ltr'>imperavit</span> <span class='ocrx_word' id='word_1_368' title='bbox 3211 2615 3484 2670; x_wconf 84' lang='lat' dir='ltr'>Justinus</span> <span class='ocrx_word' id='word_1_369' title='bbox 3536 2631 3606 2670; x_wconf 88' lang='lat' dir='ltr'>ex</span> <span class='ocrx_word' id='word_1_370' title='bbox 3637 2633 3730 2671; x_wconf 88' lang='lat' dir='ltr'>so-</span> 
     </span>
    </p>
   </div>
   <div class='ocr_carea' id='block_1_60' title="bbox 2071 2691 3730 2772">
    <p class='ocr_par' dir='ltr' id='par_1_60' title="bbox 2071 2691 3730 2772">
     <span class='ocr_line' id='line_1_60' title="bbox 2071 2691 3730 2772; baseline 0.007 -27"><span class='ocrx_word' id='word_1_371' title='bbox 2071 2707 2206 2746; x_wconf 90' lang='lat' dir='ltr'>rore</span> <span class='ocrx_word' id='word_1_372' title='bbox 2261 2691 2427 2748; x_wconf 87' lang='lat' dir='ltr'>illius</span> <span class='ocrx_word' id='word_1_373' title='bbox 2471 2700 2647 2750; x_wconf 90' lang='lat' dir='ltr'>natus</span> <span class='ocrx_word' id='word_1_374' title='bbox 2706 2710 2896 2751; x_wconf 90' lang='lat' dir='ltr'>annos</span> <span class='ocrx_word' id='word_1_375' title='bbox 2939 2698 3249 2769; x_wconf 88' lang='lat' dir='ltr'>tredecim,</span> <span class='ocrx_word' id='word_1_376' title='bbox 3300 2702 3730 2772; x_wconf 87' lang='lat' dir='ltr'>imperatorum</span> 
     </span>
    </p>
   </div>
   <div class='ocr_carea' id='block_1_61' title="bbox 2071 2780 3729 2847">
    <p class='ocr_par' dir='ltr' id='par_1_61' title="bbox 2071 2780 3729 2847">
     <span class='ocr_line' id='line_1_61' title="bbox 2071 2780 3729 2847; baseline 0.007 -12"><span class='ocrx_word' id='word_1_377' title='bbox 2071 2780 2671 2838; x_wconf 80' lang='lat' dir='ltr'>muniﬁcentissimus</span> <span class='ocrx_word' id='word_1_378' title='bbox 2730 2789 2790 2839; x_wconf 89' lang='lat' dir='ltr'>et</span> <span class='ocrx_word' id='word_1_379' title='bbox 2842 2784 3204 2843; x_wconf 86' lang='lat' dir='ltr'>fabricarum</span> <span class='ocrx_word' id='word_1_380' title='bbox 3258 2789 3729 2847; x_wconf 89' lang='lat' dir='ltr'>studiosissimus</span> 
     </span>
    </p>
   </div>
   <div class='ocr_carea' id='block_1_62' title="bbox 2072 2872 3726 2950">
    <p class='ocr_par' dir='ltr' id='par_1_62' title="bbox 2072 2872 3726 2950">
     <span class='ocr_line' id='line_1_62' title="bbox 2072 2872 3726 2950; baseline 0.006 -25"><span class='ocrx_word' id='word_1_381' title='bbox 2072 2874 2403 2942; x_wconf 78' lang='lat' dir='ltr'>apparatur.</span> <span class='ocrx_word' id='word_1_382' title='bbox 2437 2872 2614 2926; x_wconf 81' lang='lat' dir='ltr'>Extra</span> <span class='ocrx_word' id='word_1_383' title='bbox 2670 2872 2880 2927; x_wconf 91' lang='lat' dir='ltr'>urbem</span> <span class='ocrx_word' id='word_1_384' title='bbox 2931 2873 3217 2945; x_wconf 89' lang='lat' dir='ltr'>palatium</span> <span class='ocrx_word' id='word_1_385' title='bbox 3259 2883 3319 2933; x_wconf 90' lang='lat' dir='ltr'>et</span> <span class='ocrx_word' id='word_1_386' title='bbox 3369 2884 3607 2950; x_wconf 87' lang='lat' dir='ltr'>portum</span> <span class='ocrx_word' id='word_1_387' title='bbox 3664 2880 3726 2935; x_wconf 92' lang='lat' dir='ltr'>in</span> 
     </span>
    </p>
   </div>
   <div class='ocr_carea' id='block_1_63' title="bbox 2070 2959 3724 3039">
    <p class='ocr_par' dir='ltr' id='par_1_63' title="bbox 2070 2959 3724 3039">
     <span class='ocr_line' id='line_1_63' title="bbox 2070 2959 3724 3039; baseline 0.007 -25"><span class='ocrx_word' id='word_1_388' title='bbox 2070 2959 2217 3014; x_wconf 91' lang='lat' dir='ltr'>urbe</span> <span class='ocrx_word' id='word_1_389' title='bbox 2248 2959 2570 3014; x_wconf 83' lang='lat' dir='ltr'>exstruxit:</span> <span class='ocrx_word' id='word_1_390' title='bbox 2603 2959 2689 3015; x_wconf 91' lang='lat' dir='ltr'>illi</span> <span class='ocrx_word' id='word_1_391' title='bbox 2721 2960 2792 3015; x_wconf 90' lang='lat' dir='ltr'>ab</span> <span class='ocrx_word' id='word_1_392' title='bbox 2853 2963 3055 3017; x_wconf 83' lang='lat' dir='ltr'>uxoris</span> <span class='ocrx_word' id='word_1_393' title='bbox 3111 2965 3354 3022; x_wconf 90' lang='lat' dir='ltr'>nomine</span> <span class='ocrx_word' id='word_1_394' title='bbox 3387 2967 3724 3039; x_wconf 86' lang='lat' dir='ltr'>Sophianis,</span> 
     </span>
    </p>
   </div>
   <div class='ocr_carea' id='block_1_64' title="bbox 2070 3048 3727 3128">
    <p class='ocr_par' dir='ltr' id='par_1_64' title="bbox 2070 3048 3727 3128">
     <span class='ocr_line' id='line_1_64' title="bbox 2070 3048 3727 3128; baseline 0.007 -26"><span class='ocrx_word' id='word_1_395' title='bbox 2070 3048 2208 3104; x_wconf 89' lang='lat' dir='ltr'>huic</span> <span class='ocrx_word' id='word_1_396' title='bbox 2241 3048 2474 3121; x_wconf 80' lang='lat' dir='ltr'>Sophim</span> <span class='ocrx_word' id='word_1_397' title='bbox 2504 3066 2721 3106; x_wconf 90' lang='lat' dir='ltr'>nomen</span> <span class='ocrx_word' id='word_1_398' title='bbox 2753 3050 2937 3106; x_wconf 88' lang='lat' dir='ltr'>dedit.</span> <span class='ocrx_word' id='word_1_399' title='bbox 2963 3053 3291 3111; x_wconf 61' lang='lat' dir='ltr'>ZEdiﬁcavit</span> <span class='ocrx_word' id='word_1_400' title='bbox 3320 3062 3609 3128; x_wconf 70' lang='lat' dir='ltr'>prazterea</span> <span class='ocrx_word' id='word_1_401' title='bbox 3666 3059 3727 3114; x_wconf 92' lang='lat' dir='ltr'>in</span> 
     </span>
    </p>
   </div>
   <div class='ocr_carea' id='block_1_65' title="bbox 2071 3136 3727 3217">
    <p class='ocr_par' dir='ltr' id='par_1_65' title="bbox 2071 3136 3727 3217">
     <span class='ocr_line' id='line_1_65' title="bbox 2071 3136 3727 3217; baseline 0.006 -25"><span class='ocrx_word' id='word_1_402' title='bbox 2071 3136 2579 3211; x_wconf 86' lang='lat' dir='ltr'>orphanotrophio</span> <span class='ocrx_word' id='word_1_403' title='bbox 2612 3139 2923 3196; x_wconf 88' lang='lat' dir='ltr'>ecclesiam</span> <span class='ocrx_word' id='word_1_404' title='bbox 2957 3148 3299 3200; x_wconf 89' lang='lat' dir='ltr'>sanctorum</span> <span class='ocrx_word' id='word_1_405' title='bbox 3326 3145 3727 3217; x_wconf 89' lang='lat' dir='ltr'>apostolorum</span> 
     </span>
    </p>
   </div>
   <div class='ocr_carea' id='block_1_66' title="bbox 271 3199 1961 3315">
    <p class='ocr_par' dir='ltr' id='par_1_66' title="bbox 271 3199 1957 3315">
     <span class='ocr_line' id='line_1_66' title="bbox 271 3199 1957 3315; baseline 0.003 -28"><span class='ocrx_word' id='word_1_406' title='bbox 271 3199 439 3309; x_wconf 57' lang='grc' dir='ltr'>νάξιρ</span> <span class='ocrx_word' id='word_1_407' title='bbox 474 3199 721 3315; x_wconf 51' lang='grc' dir='ltr'>ῖέέὸεξξ</span> <span class='ocrx_word' id='word_1_408' title='bbox 734 3199 739 3200; x_wconf 25' lang='grc' dir='ltr'>ί</span> <span class='ocrx_word' id='word_1_409' title='bbox 753 3199 860 3291; x_wconf 47' lang='grc' dir='ltr'>αι</span> <span class='ocrx_word' id='word_1_410' title='bbox 878 3199 1145 3310; x_wconf 38' lang='lat' dir='ltr'>Quae;</span> <span class='ocrx_word' id='word_1_411' title='bbox 1168 3199 1454 3308; x_wconf 50' lang='grc' dir='ltr'>ξεῖευτᾷν,</span> <span class='ocrx_word' id='word_1_412' title='bbox 1509 3199 1624 3291; x_wconf 46' lang='lat' dir='ltr'>{el</span> <span class='ocrx_word' id='word_1_413' title='bbox 1642 3199 1733 3292; x_wconf 44' lang='lat'>&quot;4.</span> <span class='ocrx_word' id='word_1_414' title='bbox 1750 3199 1957 3314; x_wconf 60' lang='grc' dir='ltr'>’παζρὶζ</span> 
     </span>
    </p>
   </div>
   <div class='ocr_carea' id='block_1_67' title="bbox 2079 3199 3731 3315">
    <p class='ocr_par' dir='ltr' id='par_1_67' title="bbox 2079 3199 3731 3307">
     <span class='ocr_line' id='line_1_67' title="bbox 2079 3199 3731 3307; baseline 0.005 -26"><span class='ocrx_word' id='word_1_415' title='bbox 2079 3199 2228 3281; x_wconf 68' lang='lat' dir='ltr'>Petri</span> <span class='ocrx_word' id='word_1_416' title='bbox 2271 3199 2538 3284; x_wconf 77' lang='lat' dir='ltr'>etPauli.</span> <span class='ocrx_word' id='word_1_417' title='bbox 2574 3229 2833 3285; x_wconf 88' lang='lat' dir='ltr'>Tandem</span> <span class='ocrx_word' id='word_1_418' title='bbox 2889 3230 3046 3288; x_wconf 87' lang='lat' dir='ltr'>mala</span> <span class='ocrx_word' id='word_1_419' title='bbox 3095 3199 3645 3307; x_wconf 5' lang='lat' dir='ltr'>valetudﬁilnewm‘ger</span> <span class='ocrx_word' id='word_1_420' title='bbox 3672 3241 3731 3291; x_wconf 91' lang='lat' dir='ltr'>et</span> 
     </span>
    </p>
   </div>
   <div class='ocr_carea' id='block_1_68' title="bbox 276 3322 1958 3400">
    <p class='ocr_par' dir='ltr' id='par_1_68' title="bbox 276 3322 1958 3400">
     <span class='ocr_line' id='line_1_68' title="bbox 276 3322 1958 3400; baseline 0.002 -23"><span class='ocrx_word' id='word_1_421' title='bbox 276 3324 477 3400; x_wconf 72' lang='grc' dir='ltr'>ἀρχην</span> <span class='ocrx_word' id='word_1_422' title='bbox 518 3325 611 3380; x_wconf 77' lang='grc' dir='ltr'>καὶ</span> <span class='ocrx_word' id='word_1_423' title='bbox 668 3325 772 3393; x_wconf 79' lang='grc' dir='ltr'>τήν</span> <span class='ocrx_word' id='word_1_424' title='bbox 826 3322 1134 3400; x_wconf 81' lang='grc' dir='ltr'>σύγκλητον</span> <span class='ocrx_word' id='word_1_425' title='bbox 1201 3330 1372 3380; x_wconf 75' lang='grc' dir='ltr'>πᾶσαν</span> <span class='ocrx_word' id='word_1_426' title='bbox 1426 3323 1958 3400; x_wconf 79' lang='grc' dir='ltr'>προσκαλεσάμενος,</span> 
     </span>
    </p>
   </div>
   <div class='ocr_carea' id='block_1_69' title="bbox 278 3408 1322 3490">
    <p class='ocr_par' dir='ltr' id='par_1_69' title="bbox 278 3408 1322 3490">
     <span class='ocr_line' id='line_1_69' title="bbox 278 3408 1322 3490; baseline 0 -21"><span class='ocrx_word' id='word_1_427' title='bbox 278 3409 555 3488; x_wconf 73' lang='grc' dir='ltr'>Τιϐέριον</span> <span class='ocrx_word' id='word_1_428' title='bbox 591 3415 669 3477; x_wconf 83' lang='grc' dir='ltr'>εἷς</span> <span class='ocrx_word' id='word_1_429' title='bbox 704 3413 937 3490; x_wconf 71' lang='grc' dir='ltr'>βασιλέα</span> <span class='ocrx_word' id='word_1_430' title='bbox 968 3408 1322 3488; x_wconf 72' lang='grc' dir='ltr'>προεϐάλετο.</span> 
     </span>
    </p>
   </div>
   <div class='ocr_carea' id='block_1_70' title="bbox 358 3496 1956 3579">
    <p class='ocr_par' dir='ltr' id='par_1_70' title="bbox 358 3496 1956 3579">
     <span class='ocr_line' id='line_1_70' title="bbox 358 3496 1956 3579; baseline 0.001 -23"><span class='ocrx_word' id='word_1_431' title='bbox 358 3503 520 3556; x_wconf 75' lang='grc' dir='ltr'>Μετὰ</span> <span class='ocrx_word' id='word_1_432' title='bbox 566 3499 627 3556; x_wconf 67' lang='grc' dir='ltr'>δὲ</span> <span class='ocrx_word' id='word_1_433' title='bbox 683 3501 981 3559; x_wconf 85' lang='grc' dir='ltr'>Ἰουστῖνον</span> <span class='ocrx_word' id='word_1_434' title='bbox 1039 3496 1353 3557; x_wconf 67' lang='grc' dir='ltr'>ἐϐασίλευσε</span> <span class='ocrx_word' id='word_1_435' title='bbox 1428 3497 1676 3578; x_wconf 73' lang='grc' dir='ltr'>Τιϐέριος</span> <span class='ocrx_word' id='word_1_436' title='bbox 1732 3506 1760 3558; x_wconf 88' lang='grc' dir='ltr'>ὁ</span> <span class='ocrx_word' id='word_1_437' title='bbox 1819 3503 1956 3579; x_wconf 76' lang='grc' dir='ltr'>Θρᾲξ</span> 
     </span>
    </p>
   </div>
   <div class='ocr_carea' id='block_1_71' title="bbox 287 3585 1957 3670">
    <p class='ocr_par' dir='ltr' id='par_1_71' title="bbox 287 3585 1957 3670">
     <span class='ocr_line' id='line_1_71' title="bbox 287 3585 1957 3670; baseline 0.004 -27"><span class='ocrx_word' id='word_1_438' title='bbox 287 3585 387 3661; x_wconf 81' lang='grc' dir='ltr'>ἔτη</span> <span class='ocrx_word' id='word_1_439' title='bbox 449 3589 513 3662; x_wconf 83' lang='grc' dir='ltr'>δ’,</span> <span class='ocrx_word' id='word_1_440' title='bbox 571 3591 653 3664; x_wconf 79' lang='grc' dir='ltr'>ὅς,</span> <span class='ocrx_word' id='word_1_441' title='bbox 712 3593 812 3662; x_wconf 79' lang='grc' dir='ltr'>τὴν</span> <span class='ocrx_word' id='word_1_442' title='bbox 864 3589 1009 3648; x_wconf 81' lang='grc' dir='ltr'>ἰδίαν</span> <span class='ocrx_word' id='word_1_443' title='bbox 1063 3598 1292 3670; x_wconf 86' lang='grc' dir='ltr'>γυναῖκα</span> <span class='ocrx_word' id='word_1_444' title='bbox 1358 3593 1701 3651; x_wconf 86' lang='grc' dir='ltr'>Ἀναστασίαν</span> <span class='ocrx_word' id='word_1_445' title='bbox 1755 3593 1957 3670; x_wconf 86' lang='grc' dir='ltr'>ἀναγο-</span> 
     </span>
    </p>
   </div>
   <div class='ocr_carea' id='block_1_72' title="bbox 292 3680 1955 3761">
    <p class='ocr_par' dir='ltr' id='par_1_72' title="bbox 292 3680 1955 3761">
     <span class='ocr_line' id='line_1_72' title="bbox 292 3680 1955 3761; baseline 0.003 -27"><span class='ocrx_word' id='word_1_446' title='bbox 292 3680 517 3752; x_wconf 77' lang='grc' dir='ltr'>ρεύσας,</span> <span class='ocrx_word' id='word_1_447' title='bbox 577 3684 785 3761; x_wconf 75' lang='grc' dir='ltr'>Σοφίαν</span> <span class='ocrx_word' id='word_1_448' title='bbox 849 3685 956 3753; x_wconf 73' lang='grc' dir='ltr'>τὴν</span> <span class='ocrx_word' id='word_1_449' title='bbox 1011 3688 1109 3739; x_wconf 78' lang='grc' dir='ltr'>τοῦ</span> <span class='ocrx_word' id='word_1_450' title='bbox 1162 3683 1455 3740; x_wconf 84' lang='grc' dir='ltr'>Ἰουστίνου</span> <span class='ocrx_word' id='word_1_451' title='bbox 1485 3690 1711 3760; x_wconf 80' lang='grc' dir='ltr'>γυναῖκα</span> <span class='ocrx_word' id='word_1_452' title='bbox 1761 3685 1836 3748; x_wconf 77' lang='grc' dir='ltr'>εἷς</span> <span class='ocrx_word' id='word_1_453' title='bbox 1892 3685 1955 3740; x_wconf 84' lang='grc' dir='ltr'>τὸ</span> 
     </span>
    </p>
   </div>
   <div class='ocr_carea' id='block_1_73' title="bbox 295 3765 1953 3845">
    <p class='ocr_par' dir='ltr' id='par_1_73' title="bbox 295 3765 1953 3845">
     <span class='ocr_line' id='line_1_73' title="bbox 295 3765 1953 3845; baseline 0.002 -20"><span class='ocrx_word' id='word_1_454' title='bbox 295 3765 351 3819; x_wconf 63' lang='grc' dir='ltr'>ἓν</span> <span class='ocrx_word' id='word_1_455' title='bbox 408 3775 491 3843; x_wconf 80' lang='grc' dir='ltr'>τῷ</span> <span class='ocrx_word' id='word_1_456' title='bbox 543 3771 851 3828; x_wconf 86' lang='grc' dir='ltr'>Ἰουλιανοῦ</span> <span class='ocrx_word' id='word_1_457' title='bbox 910 3772 1099 3845; x_wconf 74' lang='grc' dir='ltr'>λιμένι</span> <span class='ocrx_word' id='word_1_458' title='bbox 1149 3771 1417 3829; x_wconf 82' lang='grc' dir='ltr'>παλάτιον</span> <span class='ocrx_word' id='word_1_459' title='bbox 1482 3771 1741 3836; x_wconf 83' lang='grc' dir='ltr'>κελεύσας</span> <span class='ocrx_word' id='word_1_460' title='bbox 1813 3774 1953 3829; x_wconf 83' lang='grc' dir='ltr'>ἀπα-</span> 
     </span>
    </p>
   </div>
   <div class='ocr_carea' id='block_1_74' title="bbox 302 3856 1954 3936">
    <p class='ocr_par' dir='ltr' id='par_1_74' title="bbox 302 3856 1954 3936">
     <span class='ocr_line' id='line_1_74' title="bbox 302 3856 1954 3936; baseline 0.004 -25"><span class='ocrx_word' id='word_1_461' title='bbox 302 3858 524 3930; x_wconf 72' lang='grc' dir='ltr'>χθῆναι,</span> <span class='ocrx_word' id='word_1_462' title='bbox 554 3856 1054 3935; x_wconf 83' lang='grc' dir='ltr'>κουϐικουλαρίους</span> <span class='ocrx_word' id='word_1_463' title='bbox 1103 3861 1194 3916; x_wconf 85' lang='grc' dir='ltr'>καὶ</span> <span class='ocrx_word' id='word_1_464' title='bbox 1253 3860 1468 3936; x_wconf 71' lang='grc' dir='ltr'>ἑτέρους</span> <span class='ocrx_word' id='word_1_465' title='bbox 1500 3862 1641 3931; x_wconf 76' lang='grc' dir='ltr'>τινὰ,</span> <span class='ocrx_word' id='word_1_466' title='bbox 1673 3862 1811 3917; x_wconf 77' lang='grc' dir='ltr'>εἶναι</span> <span class='ocrx_word' id='word_1_467' title='bbox 1877 3861 1954 3924; x_wconf 64' lang='grc' dir='ltr'>εἲς</span> 
     </span>
    </p>
   </div>
   <div class='ocr_carea' id='block_1_75' title="bbox 306 3941 1952 4024">
    <p class='ocr_par' dir='ltr' id='par_1_75' title="bbox 306 3941 1952 4024">
     <span class='ocr_line' id='line_1_75' title="bbox 306 3941 1952 4024; baseline 0.009 -30"><span class='ocrx_word' id='word_1_468' title='bbox 306 3941 595 4024; x_wconf 71' lang='grc' dir='ltr'>ὑπουργίαν</span> <span class='ocrx_word' id='word_1_469' title='bbox 654 3950 824 4020; x_wconf 78' lang='grc' dir='ltr'>αὐτῆς</span> <span class='ocrx_word' id='word_1_470' title='bbox 878 3945 1096 4005; x_wconf 71' lang='grc' dir='ltr'>ἔδωκεν·</span> <span class='ocrx_word' id='word_1_471' title='bbox 1155 3947 1222 4020; x_wconf 74' lang='grc' dir='ltr'>ἤν</span> <span class='ocrx_word' id='word_1_472' title='bbox 1276 3950 1366 4005; x_wconf 84' lang='grc' dir='ltr'>καὶ</span> <span class='ocrx_word' id='word_1_473' title='bbox 1398 3948 1558 4023; x_wconf 84' lang='grc' dir='ltr'>ἐτίμα</span> <span class='ocrx_word' id='word_1_474' title='bbox 1616 3949 1707 4005; x_wconf 77' lang='grc' dir='ltr'>ΐσα</span> <span class='ocrx_word' id='word_1_475' title='bbox 1762 3950 1952 4023; x_wconf 77' lang='grc' dir='ltr'>μητρὶ,</span> 
     </span>
    </p>
   </div>
   <div class='ocr_carea' id='block_1_76' title="bbox 305 4036 1955 4116">
    <p class='ocr_par' dir='ltr' id='par_1_76' title="bbox 305 4036 1955 4116">
     <span class='ocr_line' id='line_1_76' title="bbox 305 4036 1955 4116; baseline 0.001 -26"><span class='ocrx_word' id='word_1_476' title='bbox 305 4040 480 4091; x_wconf 72' lang='grc' dir='ltr'>ποιῶν</span> <span class='ocrx_word' id='word_1_477' title='bbox 510 4044 679 4095; x_wconf 76' lang='grc' dir='ltr'>πᾶσαν</span> <span class='ocrx_word' id='word_1_478' title='bbox 713 4038 1001 4116; x_wconf 81' lang='grc' dir='ltr'>θεραπείαν</span> <span class='ocrx_word' id='word_1_479' title='bbox 1060 4039 1244 4110; x_wconf 78' lang='grc' dir='ltr'>αὐτῆς.</span> <span class='ocrx_word' id='word_1_480' title='bbox 1296 4038 1531 4097; x_wconf 73' lang='grc' dir='ltr'>Μέλλων</span> <span class='ocrx_word' id='word_1_481' title='bbox 1588 4036 1645 4095; x_wconf 78' lang='grc' dir='ltr'>δὲ</span> <span class='ocrx_word' id='word_1_482' title='bbox 1701 4040 1955 4110; x_wconf 81' lang='grc' dir='ltr'>τελευτᾷν</span> 
     </span>
    </p>
   </div>
   <div class='ocr_carea' id='block_1_77' title="bbox 305 4122 1954 4204">
    <p class='ocr_par' dir='ltr' id='par_1_77' title="bbox 305 4122 1954 4204">
     <span class='ocr_line' id='line_1_77' title="bbox 305 4122 1954 4204; baseline 0.004 -27"><span class='ocrx_word' id='word_1_483' title='bbox 305 4124 598 4199; x_wconf 76' lang='grc' dir='ltr'>Μαυρίκιον</span> <span class='ocrx_word' id='word_1_484' title='bbox 623 4126 719 4185; x_wconf 76' lang='grc' dir='ltr'>τὸν</span> <span class='ocrx_word' id='word_1_485' title='bbox 758 4127 847 4184; x_wconf 76' lang='grc' dir='ltr'>ἐπὶ</span> <span class='ocrx_word' id='word_1_486' title='bbox 906 4128 1134 4204; x_wconf 82' lang='grc' dir='ltr'>θυγατρὶ</span> <span class='ocrx_word' id='word_1_487' title='bbox 1187 4128 1356 4184; x_wconf 74' lang='grc' dir='ltr'>αὐτοῦ</span> <span class='ocrx_word' id='word_1_488' title='bbox 1414 4122 1664 4204; x_wconf 81' lang='grc' dir='ltr'>γαμϐρὸν</span> <span class='ocrx_word' id='word_1_489' title='bbox 1725 4127 1954 4203; x_wconf 72' lang='grc' dir='ltr'>βασιλέα</span> 
     </span>
    </p>
   </div>
   <div class='ocr_carea' id='block_1_78' title="bbox 304 4209 679 4292">
    <p class='ocr_par' dir='ltr' id='par_1_78' title="bbox 304 4209 679 4292">
     <span class='ocr_line' id='line_1_78' title="bbox 304 4209 679 4292; baseline 0.013 -24"><span class='ocrx_word' id='word_1_490' title='bbox 304 4209 679 4292; x_wconf 74' lang='grc' dir='ltr'>ἀνηγόρευσεν,</span> 
     </span>
    </p>
   </div>
   <div class='ocr_carea' id='block_1_79' title="bbox 380 4300 1951 4384">
    <p class='ocr_par' dir='ltr' id='par_1_79' title="bbox 380 4300 1951 4384">
     <span class='ocr_line' id='line_1_79' title="bbox 380 4300 1951 4384; baseline 0.003 -26"><span class='ocrx_word' id='word_1_491' title='bbox 380 4304 525 4359; x_wconf 67' lang='grc' dir='ltr'>Μετὰ</span> <span class='ocrx_word' id='word_1_492' title='bbox 579 4303 635 4362; x_wconf 72' lang='grc' dir='ltr'>δὲ</span> <span class='ocrx_word' id='word_1_493' title='bbox 687 4302 946 4384; x_wconf 69' lang='grc' dir='ltr'>Τιϐέριον</span> <span class='ocrx_word' id='word_1_494' title='bbox 1004 4300 1318 4363; x_wconf 75' lang='grc' dir='ltr'>ἐϐασίλευσε</span> <span class='ocrx_word' id='word_1_495' title='bbox 1376 4304 1682 4382; x_wconf 86' lang='grc' dir='ltr'>Μαυρίκιος</span> <span class='ocrx_word' id='word_1_496' title='bbox 1752 4307 1951 4383; x_wconf 80' lang='grc' dir='ltr'>Ἀρμέ-</span> 
     </span>
    </p>
   </div>
   <div class='ocr_carea' id='block_1_80' title="bbox 308 4390 1950 4472">
    <p class='ocr_par' dir='ltr' id='par_1_80' title="bbox 308 4390 1950 4472">
     <span class='ocr_line' id='line_1_80' title="bbox 308 4390 1950 4472; baseline 0.003 -28"><span class='ocrx_word' id='word_1_497' title='bbox 308 4408 428 4452; x_wconf 75' lang='grc' dir='ltr'>νιος</span> <span class='ocrx_word' id='word_1_498' title='bbox 482 4393 565 4449; x_wconf 79' lang='grc' dir='ltr'>καὶ</span> <span class='ocrx_word' id='word_1_499' title='bbox 624 4390 881 4472; x_wconf 83' lang='grc' dir='ltr'>γαμϐρὸς</span> <span class='ocrx_word' id='word_1_500' title='bbox 938 4395 1107 4450; x_wconf 75' lang='grc' dir='ltr'>αὐτοῦ</span> <span class='ocrx_word' id='word_1_501' title='bbox 1163 4391 1257 4465; x_wconf 78' lang='grc' dir='ltr'>ἔτη</span> <span class='ocrx_word' id='word_1_502' title='bbox 1316 4401 1381 4451; x_wconf 76' lang='grc' dir='ltr'>κ’.</span> <span class='ocrx_word' id='word_1_503' title='bbox 1451 4395 1625 4458; x_wconf 79' lang='grc' dir='ltr'>Οὗτος</span> <span class='ocrx_word' id='word_1_504' title='bbox 1705 4391 1950 4472; x_wconf 82' lang='grc' dir='ltr'>γαμϐρὸν</span> 
     </span>
    </p>
   </div>
   <div class='ocr_carea' id='block_1_81' title="bbox 304 4472 1953 4560">
    <p class='ocr_par' dir='ltr' id='par_1_81' title="bbox 304 4472 1953 4560">
     <span class='ocr_line' id='line_1_81' title="bbox 304 4472 1953 4560; baseline 0.001 -24"><span class='ocrx_word' id='word_1_505' title='bbox 304 4472 464 4555; x_wconf 67' lang='grc' dir='ltr'>ἒτχεν</span> <span class='ocrx_word' id='word_1_506' title='bbox 491 4483 711 4559; x_wconf 80' lang='grc' dir='ltr'>ὀνόματι</span> <span class='ocrx_word' id='word_1_507' title='bbox 744 4484 1119 4554; x_wconf 78' lang='grc' dir='ltr'>Φιλιππικὸν,</span> <span class='ocrx_word' id='word_1_508' title='bbox 1178 4483 1239 4548; x_wconf 81' lang='grc' dir='ltr'>ὃς</span> <span class='ocrx_word' id='word_1_509' title='bbox 1297 4481 1477 4541; x_wconf 84' lang='grc' dir='ltr'>ἔκτισε</span> <span class='ocrx_word' id='word_1_510' title='bbox 1510 4486 1685 4558; x_wconf 78' lang='grc' dir='ltr'>μονήν</span> <span class='ocrx_word' id='word_1_511' title='bbox 1719 4484 1773 4541; x_wconf 82' lang='grc' dir='ltr'>ἐν</span> <span class='ocrx_word' id='word_1_512' title='bbox 1805 4487 1953 4560; x_wconf 84' lang='grc' dir='ltr'>Χρυ-</span> 
     </span>
    </p>
   </div>
   <div class='ocr_carea' id='block_1_82' title="bbox 2067 3317 3729 3391">
    <p class='ocr_par' dir='ltr' id='par_1_82' title="bbox 2067 3317 3729 3391">
     <span class='ocr_line' id='line_1_82' title="bbox 2067 3317 3729 3391; baseline 0.007 -21"><span class='ocrx_word' id='word_1_513' title='bbox 2067 3317 2242 3371; x_wconf 90' lang='lat' dir='ltr'>morti</span> <span class='ocrx_word' id='word_1_514' title='bbox 2275 3318 2667 3391; x_wconf 86' lang='lat' dir='ltr'>propinquus,</span> <span class='ocrx_word' id='word_1_515' title='bbox 2702 3320 3039 3391; x_wconf 85' lang='lat' dir='ltr'>patriarcha</span> <span class='ocrx_word' id='word_1_516' title='bbox 3100 3328 3158 3378; x_wconf 91' lang='lat' dir='ltr'>et</span> <span class='ocrx_word' id='word_1_517' title='bbox 3213 3331 3426 3382; x_wconf 87' lang='lat' dir='ltr'>senatu</span> <span class='ocrx_word' id='word_1_518' title='bbox 3454 3327 3729 3381; x_wconf 83' lang='lat' dir='ltr'>universo</span> 
     </span>
    </p>
   </div>
   <div class='ocr_carea' id='block_1_83' title="bbox 2068 3406 3269 3482">
    <p class='ocr_par' dir='ltr' id='par_1_83' title="bbox 2068 3406 3269 3482">
     <span class='ocr_line' id='line_1_83' title="bbox 2068 3406 3269 3482; baseline 0.008 -23"><span class='ocrx_word' id='word_1_519' title='bbox 2068 3406 2281 3471; x_wconf 89' lang='lat' dir='ltr'>accito,</span> <span class='ocrx_word' id='word_1_520' title='bbox 2305 3406 2603 3463; x_wconf 90' lang='lat' dir='ltr'>Tiberium</span> <span class='ocrx_word' id='word_1_521' title='bbox 2634 3409 3057 3482; x_wconf 89' lang='lat' dir='ltr'>imperatorem</span> <span class='ocrx_word' id='word_1_522' title='bbox 3088 3419 3269 3469; x_wconf 91' lang='lat' dir='ltr'>creat.</span> 
     </span>
    </p>
   </div>
   <div class='ocr_carea' id='block_1_84' title="bbox 2137 3495 3724 3570">
    <p class='ocr_par' dir='ltr' id='par_1_84' title="bbox 2137 3495 3724 3570">
     <span class='ocr_line' id='line_1_84' title="bbox 2137 3495 3724 3570; baseline 0.009 -22"><span class='ocrx_word' id='word_1_523' title='bbox 2137 3496 2276 3549; x_wconf 92' lang='lat' dir='ltr'>Post</span> <span class='ocrx_word' id='word_1_524' title='bbox 2318 3495 2618 3552; x_wconf 85' lang='lat' dir='ltr'>Justinum</span> <span class='ocrx_word' id='word_1_525' title='bbox 2675 3502 2886 3570; x_wconf 79' lang='lat' dir='ltr'>regnat</span> <span class='ocrx_word' id='word_1_526' title='bbox 2968 3500 3234 3557; x_wconf 87' lang='lat' dir='ltr'>Tiberius</span> <span class='ocrx_word' id='word_1_527' title='bbox 3292 3505 3485 3560; x_wconf 81' lang='lat' dir='ltr'>Thrax</span> <span class='ocrx_word' id='word_1_528' title='bbox 3532 3522 3724 3561; x_wconf 87' lang='lat' dir='ltr'>annos</span> 
     </span>
    </p>
   </div>
   <div class='ocr_carea' id='block_1_85' title="bbox 2065 3585 3726 3665">
    <p class='ocr_par' dir='ltr' id='par_1_85' title="bbox 2065 3585 3726 3665">
     <span class='ocr_line' id='line_1_85' title="bbox 2065 3585 3726 3665; baseline 0.007 -28"><span class='ocrx_word' id='word_1_529' title='bbox 2065 3589 2338 3653; x_wconf 88' lang='lat' dir='ltr'>quatuor.</span> <span class='ocrx_word' id='word_1_530' title='bbox 2365 3585 2468 3640; x_wconf 82' lang='lat' dir='ltr'>Hic</span> <span class='ocrx_word' id='word_1_531' title='bbox 2505 3600 2751 3641; x_wconf 87' lang='lat' dir='ltr'>uxorem</span> <span class='ocrx_word' id='word_1_532' title='bbox 2783 3588 3159 3645; x_wconf 83' lang='lat' dir='ltr'>Anastasiam</span> <span class='ocrx_word' id='word_1_533' title='bbox 3213 3593 3536 3665; x_wconf 83' lang='lat' dir='ltr'>Augustam</span> <span class='ocrx_word' id='word_1_534' title='bbox 3591 3612 3726 3664; x_wconf 86' lang='lat' dir='ltr'>pro-</span> 
     </span>
    </p>
   </div>
   <div class='ocr_carea' id='block_1_86' title="bbox 2064 3669 3717 3752">
    <p class='ocr_par' dir='ltr' id='par_1_86' title="bbox 2064 3669 3717 3752">
     <span class='ocr_line' id='line_1_86' title="bbox 2064 3669 3717 3752; baseline 0.006 -26"><span class='ocrx_word' id='word_1_535' title='bbox 2064 3673 2251 3743; x_wconf 91' lang='lat' dir='ltr'>ponit,</span> <span class='ocrx_word' id='word_1_536' title='bbox 2286 3673 2567 3744; x_wconf 86' lang='lat' dir='ltr'>Sophiam</span> <span class='ocrx_word' id='word_1_537' title='bbox 2598 3676 2812 3731; x_wconf 88' lang='lat' dir='ltr'>Justini</span> <span class='ocrx_word' id='word_1_538' title='bbox 2846 3669 3160 3751; x_wconf 87' lang='lat' dir='ltr'>conjugem</span> <span class='ocrx_word' id='word_1_539' title='bbox 3212 3681 3272 3735; x_wconf 90' lang='lat' dir='ltr'>in</span> <span class='ocrx_word' id='word_1_540' title='bbox 3331 3680 3623 3752; x_wconf 87' lang='lat' dir='ltr'>palatium</span> <span class='ocrx_word' id='word_1_541' title='bbox 3655 3682 3717 3736; x_wconf 92' lang='lat' dir='ltr'>in</span> 
     </span>
    </p>
   </div>
   <div class='ocr_carea' id='block_1_87' title="bbox 2065 3761 3719 3841">
    <p class='ocr_par' dir='ltr' id='par_1_87' title="bbox 2065 3761 3719 3841">
     <span class='ocr_line' id='line_1_87' title="bbox 2065 3761 3719 3841; baseline 0.006 -26"><span class='ocrx_word' id='word_1_542' title='bbox 2065 3765 2236 3832; x_wconf 90' lang='lat' dir='ltr'>portu</span> <span class='ocrx_word' id='word_1_543' title='bbox 2264 3761 2483 3816; x_wconf 84' lang='lat' dir='ltr'>Juliani</span> <span class='ocrx_word' id='word_1_544' title='bbox 2514 3763 2692 3818; x_wconf 89' lang='lat' dir='ltr'>situm</span> <span class='ocrx_word' id='word_1_545' title='bbox 2724 3765 2981 3838; x_wconf 84' lang='lat' dir='ltr'>ablegat,</span> <span class='ocrx_word' id='word_1_546' title='bbox 3015 3768 3395 3825; x_wconf 86' lang='lat' dir='ltr'>cubiculariis</span> <span class='ocrx_word' id='word_1_547' title='bbox 3427 3774 3484 3825; x_wconf 89' lang='lat' dir='ltr'>et</span> <span class='ocrx_word' id='word_1_548' title='bbox 3512 3770 3719 3841; x_wconf 88' lang='lat' dir='ltr'>pleris-</span> 
     </span>
    </p>
   </div>
   <div class='ocr_carea' id='block_1_88' title="bbox 2064 3848 3713 3923">
    <p class='ocr_par' dir='ltr' id='par_1_88' title="bbox 2064 3848 3713 3923">
     <span class='ocr_line' id='line_1_88' title="bbox 2064 3848 3713 3923; baseline 0.007 -20"><span class='ocrx_word' id='word_1_549' title='bbox 2064 3865 2178 3920; x_wconf 86' lang='lat' dir='ltr'>que</span> <span class='ocrx_word' id='word_1_550' title='bbox 2209 3848 2343 3904; x_wconf 88' lang='lat' dir='ltr'>aliis</span> <span class='ocrx_word' id='word_1_551' title='bbox 2369 3851 2726 3918; x_wconf 88' lang='lat' dir='ltr'>constitutis,</span> <span class='ocrx_word' id='word_1_552' title='bbox 2752 3853 2853 3923; x_wconf 90' lang='lat' dir='ltr'>qui</span> <span class='ocrx_word' id='word_1_553' title='bbox 2894 3854 2981 3907; x_wconf 89' lang='lat' dir='ltr'>illi</span> <span class='ocrx_word' id='word_1_554' title='bbox 3006 3871 3037 3909; x_wconf 87' lang='lat' dir='ltr'>e</span> <span class='ocrx_word' id='word_1_555' title='bbox 3070 3856 3305 3912; x_wconf 88' lang='lat' dir='ltr'>servitio</span> <span class='ocrx_word' id='word_1_556' title='bbox 3338 3864 3556 3914; x_wconf 88' lang='lat' dir='ltr'>essent.</span> <span class='ocrx_word' id='word_1_557' title='bbox 3573 3861 3713 3914; x_wconf 89' lang='lat' dir='ltr'>Eam</span> 
     </span>
    </p>
   </div>
   <div class='ocr_carea' id='block_1_89' title="bbox 2064 3940 3714 4012">
    <p class='ocr_par' dir='ltr' id='par_1_89' title="bbox 2064 3940 3714 4012">
     <span class='ocr_line' id='line_1_89' title="bbox 2064 3940 3714 4012; baseline 0.006 -19"><span class='ocrx_word' id='word_1_558' title='bbox 2064 3954 2301 4012; x_wconf 90' lang='lat' dir='ltr'>semper</span> <span class='ocrx_word' id='word_1_559' title='bbox 2329 3940 2497 4011; x_wconf 89' lang='lat' dir='ltr'>quasi</span> <span class='ocrx_word' id='word_1_560' title='bbox 2546 3946 2796 3997; x_wconf 90' lang='lat' dir='ltr'>matrem</span> <span class='ocrx_word' id='word_1_561' title='bbox 2845 3950 3183 4012; x_wconf 82' lang='lat' dir='ltr'>veneratus,</span> <span class='ocrx_word' id='word_1_562' title='bbox 3237 3947 3388 4001; x_wconf 89' lang='lat' dir='ltr'>nulli</span> <span class='ocrx_word' id='word_1_563' title='bbox 3418 3946 3576 4003; x_wconf 89' lang='lat' dir='ltr'>illius</span> <span class='ocrx_word' id='word_1_564' title='bbox 3622 3949 3714 4003; x_wconf 88' lang='lat' dir='ltr'>fo-</span> 
     </span>
    </p>
   </div>
   <div class='ocr_carea' id='block_1_90' title="bbox 2062 4026 3711 4104">
    <p class='ocr_par' dir='ltr' id='par_1_90' title="bbox 2062 4026 3711 4104">
     <span class='ocr_line' id='line_1_90' title="bbox 2062 4026 3711 4104; baseline 0.005 -22"><span class='ocrx_word' id='word_1_565' title='bbox 2062 4026 2267 4083; x_wconf 73' lang='lat' dir='ltr'>vendus</span> <span class='ocrx_word' id='word_1_566' title='bbox 2317 4028 2512 4084; x_wconf 86' lang='lat' dir='ltr'>studio</span> <span class='ocrx_word' id='word_1_567' title='bbox 2565 4032 2878 4102; x_wconf 90' lang='lat' dir='ltr'>pepercit;</span> <span class='ocrx_word' id='word_1_568' title='bbox 2921 4047 3055 4089; x_wconf 92' lang='lat' dir='ltr'>cum</span> <span class='ocrx_word' id='word_1_569' title='bbox 3113 4034 3492 4092; x_wconf 87' lang='lat' dir='ltr'>occubiturus</span> <span class='ocrx_word' id='word_1_570' title='bbox 3534 4041 3711 4104; x_wconf 86' lang='lat' dir='ltr'>esset,</span> 
     </span>
    </p>
   </div>
   <div class='ocr_carea' id='block_1_91' title="bbox 2062 4117 3508 4200">
    <p class='ocr_par' dir='ltr' id='par_1_91' title="bbox 2062 4117 3508 4200">
     <span class='ocr_line' id='line_1_91' title="bbox 2062 4117 3508 4200; baseline 0.008 -28"><span class='ocrx_word' id='word_1_571' title='bbox 2062 4117 2407 4175; x_wconf 85' lang='lat' dir='ltr'>Mauricium</span> <span class='ocrx_word' id='word_1_572' title='bbox 2438 4134 2725 4191; x_wconf 82' lang='lat' dir='ltr'>generum</span> <span class='ocrx_word' id='word_1_573' title='bbox 2756 4120 3178 4194; x_wconf 89' lang='lat' dir='ltr'>imperatorem</span> <span class='ocrx_word' id='word_1_574' title='bbox 3208 4127 3508 4200; x_wconf 90' lang='lat' dir='ltr'>proponit.</span> 
     </span>
    </p>
   </div>
   <div class='ocr_carea' id='block_1_92' title="bbox 2134 4297 3716 4364">
    <p class='ocr_par' dir='ltr' id='par_1_92' title="bbox 2134 4297 3716 4364">
     <span class='ocr_line' id='line_1_92' title="bbox 2134 4297 3716 4364; baseline 0.006 -12"><span class='ocrx_word' id='word_1_575' title='bbox 2134 4299 2271 4353; x_wconf 90' lang='lat' dir='ltr'>Post</span> <span class='ocrx_word' id='word_1_576' title='bbox 2298 4297 2596 4354; x_wconf 88' lang='lat' dir='ltr'>Tiberium</span> <span class='ocrx_word' id='word_1_577' title='bbox 2655 4301 2971 4359; x_wconf 87' lang='lat' dir='ltr'>Mauricius</span> <span class='ocrx_word' id='word_1_578' title='bbox 3027 4306 3345 4363; x_wconf 81' lang='lat' dir='ltr'>Armenius</span> <span class='ocrx_word' id='word_1_579' title='bbox 3387 4312 3446 4362; x_wconf 89' lang='lat' dir='ltr'>et</span> <span class='ocrx_word' id='word_1_580' title='bbox 3499 4307 3716 4364; x_wconf 91' lang='lat' dir='ltr'>Tiberii</span> 
     </span>
    </p>
   </div>
   <div class='ocr_carea' id='block_1_93' title="bbox 2058 4387 3719 4468">
    <p class='ocr_par' dir='ltr' id='par_1_93' title="bbox 2058 4387 3719 4468">
     <span class='ocr_line' id='line_1_93' title="bbox 2058 4387 3719 4468; baseline 0.007 -28"><span class='ocrx_word' id='word_1_581' title='bbox 2058 4387 2510 4459; x_wconf 86' lang='lat' dir='ltr'>generimperio</span> <span class='ocrx_word' id='word_1_582' title='bbox 2541 4395 2758 4459; x_wconf 65' lang='lat' dir='ltr'>praeest</span> <span class='ocrx_word' id='word_1_583' title='bbox 2787 4407 2975 4448; x_wconf 89' lang='lat' dir='ltr'>annos</span> <span class='ocrx_word' id='word_1_584' title='bbox 3020 4393 3246 4467; x_wconf 84' lang='lat' dir='ltr'>viginti.</span> <span class='ocrx_word' id='word_1_585' title='bbox 3301 4395 3489 4465; x_wconf 88' lang='lat' dir='ltr'>Hujus</span> <span class='ocrx_word' id='word_1_586' title='bbox 3537 4413 3719 4468; x_wconf 84' lang='lat' dir='ltr'>gener</span> 
     </span>
    </p>
   </div>
   <div class='ocr_carea' id='block_1_94' title="bbox 2057 4474 3717 4554">
    <p class='ocr_par' dir='ltr' id='par_1_94' title="bbox 2057 4474 3717 4554">
     <span class='ocr_line' id='line_1_94' title="bbox 2057 4474 3717 4554; baseline 0.005 -26"><span class='ocrx_word' id='word_1_587' title='bbox 2057 4474 2427 4548; x_wconf 74' lang='lat' dir='ltr'>Philippicas</span> <span class='ocrx_word' id='word_1_588' title='bbox 2450 4480 2880 4535; x_wconf 88' lang='lat' dir='ltr'>monasterium</span> <span class='ocrx_word' id='word_1_589' title='bbox 2903 4498 2938 4536; x_wconf 88' lang='lat' dir='ltr'>a</span> <span class='ocrx_word' id='word_1_590' title='bbox 2960 4498 3066 4538; x_wconf 91' lang='lat' dir='ltr'>suo</span> <span class='ocrx_word' id='word_1_591' title='bbox 3088 4483 3332 4538; x_wconf 90' lang='lat' dir='ltr'>nomine</span> <span class='ocrx_word' id='word_1_592' title='bbox 3364 4483 3519 4554; x_wconf 87' lang='lat' dir='ltr'>apud</span> <span class='ocrx_word' id='word_1_593' title='bbox 3541 4484 3717 4554; x_wconf 86' lang='lat' dir='ltr'>Chry-</span> 
     </span>
    </p>
   </div>
   <div class='ocr_carea' id='block_1_95' title="bbox 306 4561 1961 4649">
    <p class='ocr_par' dir='ltr' id='par_1_95' title="bbox 306 4568 1952 4649">
     <span class='ocr_line' id='line_1_95' title="bbox 306 4568 1952 4649; baseline 0.007 -32"><span class='ocrx_word' id='word_1_594' title='bbox 306 4568 529 4627; x_wconf 82' lang='grc' dir='ltr'>σοπόλει</span> <span class='ocrx_word' id='word_1_595' title='bbox 580 4572 663 4629; x_wconf 71' lang='grc' dir='ltr'>ἐπ’</span> <span class='ocrx_word' id='word_1_596' title='bbox 720 4573 958 4649; x_wconf 77' lang='grc' dir='ltr'>ὀνόματι</span> <span class='ocrx_word' id='word_1_597' title='bbox 1018 4574 1202 4631; x_wconf 70' lang='grc' dir='ltr'>αὐτοῦ.</span> <span class='ocrx_word' id='word_1_598' title='bbox 1255 4574 1316 4632; x_wconf 91' lang='grc' dir='ltr'>Ὁ</span> <span class='ocrx_word' id='word_1_599' title='bbox 1369 4571 1427 4629; x_wconf 69' lang='grc' dir='ltr'>δὲ</span> <span class='ocrx_word' id='word_1_600' title='bbox 1473 4573 1796 4649; x_wconf 82' lang='grc' dir='ltr'>Μαυρίκιος,</span> <span class='ocrx_word' id='word_1_601' title='bbox 1853 4576 1952 4644; x_wconf 80' lang='grc' dir='ltr'>τήν</span> 
     </span>
    </p>
   </div>
   <div class='ocr_carea' id='block_1_96' title="bbox 2079 4561 3716 4649">
    <p class='ocr_par' dir='ltr' id='par_1_96' title="bbox 2079 4564 3716 4642">
     <span class='ocr_line' id='line_1_96' title="bbox 2079 4564 3716 4642; baseline 0.005 -25"><span class='ocrx_word' id='word_1_602' title='bbox 2079 4564 2314 4634; x_wconf 69' lang='grc' dir='ltr'>ιοροΙὶῐη</span> <span class='ocrx_word' id='word_1_603' title='bbox 2347 4566 2634 4623; x_wconf 88' lang='lat' dir='ltr'>condidit.</span> <span class='ocrx_word' id='word_1_604' title='bbox 2670 4569 2885 4625; x_wconf 88' lang='lat' dir='ltr'>Verum</span> <span class='ocrx_word' id='word_1_605' title='bbox 2935 4570 3267 4631; x_wconf 79' lang='lat' dir='ltr'>Mauricius.</span> <span class='ocrx_word' id='word_1_606' title='bbox 3293 4571 3560 4627; x_wconf 72' lang='lat' dir='ltr'>Phocicas</span> <span class='ocrx_word' id='word_1_607' title='bbox 3622 4577 3716 4642; x_wconf 87' lang='lat' dir='ltr'>ty-</span> 
     </span>
    </p>
   </div>
   <div class='ocr_carea' id='block_1_97' title="bbox 304 4656 1950 4737">
    <p class='ocr_par' dir='ltr' id='par_1_97' title="bbox 304 4656 1950 4737">
     <span class='ocr_line' id='line_1_97' title="bbox 304 4656 1950 4737; baseline 0.007 -35"><span class='ocrx_word' id='word_1_608' title='bbox 304 4656 403 4707; x_wconf 79' lang='grc' dir='ltr'>τοῦ</span> <span class='ocrx_word' id='word_1_609' title='bbox 445 4662 603 4714; x_wconf 78' lang='grc' dir='ltr'>Φωκᾶ</span> <span class='ocrx_word' id='word_1_610' title='bbox 621 4658 917 4737; x_wconf 80' lang='grc' dir='ltr'>τυραννίδα</span> <span class='ocrx_word' id='word_1_611' title='bbox 951 4659 1136 4733; x_wconf 86' lang='grc' dir='ltr'>μαθὼν</span> <span class='ocrx_word' id='word_1_612' title='bbox 1193 4658 1284 4714; x_wconf 80' lang='grc' dir='ltr'>καὶ</span> <span class='ocrx_word' id='word_1_613' title='bbox 1341 4660 1440 4730; x_wconf 65' lang='grc' dir='ltr'>τὴν</span> <span class='ocrx_word' id='word_1_614' title='bbox 1486 4662 1583 4713; x_wconf 76' lang='grc' dir='ltr'>τοῦ</span> <span class='ocrx_word' id='word_1_615' title='bbox 1623 4658 1760 4714; x_wconf 73' lang='grc' dir='ltr'>λαοῦ</span> <span class='ocrx_word' id='word_1_616' title='bbox 1817 4659 1950 4714; x_wconf 68' lang='grc' dir='ltr'>ἑπα-</span> 
     </span>
    </p>
   </div>
   <div class='ocr_carea' id='block_1_98' title="bbox 308 4740 1948 4827">
    <p class='ocr_par' dir='ltr' id='par_1_98' title="bbox 308 4740 1948 4827">
     <span class='ocr_line' id='line_1_98' title="bbox 308 4740 1948 4827; baseline 0.004 -32"><span class='ocrx_word' id='word_1_617' title='bbox 308 4740 552 4801; x_wconf 69' lang='grc' dir='ltr'>νάστασιν</span> <span class='ocrx_word' id='word_1_618' title='bbox 616 4749 857 4827; x_wconf 63' lang='grc' dir='ltr'>φεύγων,</span> <span class='ocrx_word' id='word_1_619' title='bbox 923 4746 1196 4822; x_wconf 79' lang='grc' dir='ltr'>μεσούσης</span> <span class='ocrx_word' id='word_1_620' title='bbox 1251 4746 1439 4809; x_wconf 82' lang='grc' dir='ltr'>νυκτὸς</span> <span class='ocrx_word' id='word_1_621' title='bbox 1504 4748 1604 4817; x_wconf 70' lang='grc' dir='ltr'>τὴν</span> <span class='ocrx_word' id='word_1_622' title='bbox 1656 4747 1948 4822; x_wconf 72' lang='grc' dir='ltr'>βασιλικὴν</span> 
     </span>
    </p>
   </div>
   <div class='ocr_carea' id='block_1_99' title="bbox 308 4824 1948 4910">
    <p class='ocr_par' dir='ltr' id='par_1_99' title="bbox 308 4824 1948 4910">
     <span class='ocr_line' id='line_1_99' title="bbox 308 4824 1948 4910; baseline -0.002 -17"><span class='ocrx_word' id='word_1_623' title='bbox 308 4824 499 4899; x_wconf 58' lang='grc' dir='ltr'>ἒδἐνθῖπὶτα</span> <span class='ocrx_word' id='word_1_624' title='bbox 580 4824 1000 4910; x_wconf 74' lang='grc' dir='ltr'>ἀποδυσάμενος</span> <span class='ocrx_word' id='word_1_625' title='bbox 1059 4836 1148 4890; x_wconf 83' lang='grc' dir='ltr'>καὶ</span> <span class='ocrx_word' id='word_1_626' title='bbox 1203 4833 1490 4905; x_wconf 69' lang='grc' dir='ltr'>ἰδιωτικήν</span> <span class='ocrx_word' id='word_1_627' title='bbox 1567 4832 1948 4910; x_wconf 65' lang='grc' dir='ltr'>ἐκδυσάμενος,</span> 
     </span>
    </p>
   </div>
   <div class='ocr_carea' id='block_1_100' title="bbox 306 4914 1948 5002">
    <p class='ocr_par' dir='ltr' id='par_1_100' title="bbox 306 4914 1948 5002">
     <span class='ocr_line' id='line_1_100' title="bbox 306 4914 1948 5002; baseline 0.002 -27"><span class='ocrx_word' id='word_1_628' title='bbox 306 4914 545 4990; x_wconf 67' lang='grc' dir='ltr'>εἶτ-ἦλθεν</span> <span class='ocrx_word' id='word_1_629' title='bbox 597 4928 673 4990; x_wconf 80' lang='grc' dir='ltr'>εἷς</span> <span class='ocrx_word' id='word_1_630' title='bbox 734 4924 1003 5002; x_wconf 84' lang='grc' dir='ltr'>δρόμωνα</span> <span class='ocrx_word' id='word_1_631' title='bbox 1082 4925 1174 4979; x_wconf 78' lang='grc' dir='ltr'>σὺν</span> <span class='ocrx_word' id='word_1_632' title='bbox 1230 4929 1300 4999; x_wconf 81' lang='grc' dir='ltr'>τῇ</span> <span class='ocrx_word' id='word_1_633' title='bbox 1363 4925 1573 4999; x_wconf 79' lang='grc' dir='ltr'>γυναικὶ</span> <span class='ocrx_word' id='word_1_634' title='bbox 1634 4926 1801 4981; x_wconf 69' lang='grc' dir='ltr'>αὐτοῦ</span> <span class='ocrx_word' id='word_1_635' title='bbox 1858 4924 1948 4980; x_wconf 79' lang='grc' dir='ltr'>καὶ</span> 
     </span>
    </p>
   </div>
   <div class='ocr_carea' id='block_1_101' title="bbox 300 5011 1949 5093">
    <p class='ocr_par' dir='ltr' id='par_1_101' title="bbox 300 5011 1949 5093">
     <span class='ocr_line' id='line_1_101' title="bbox 300 5011 1949 5093; baseline -0.002 -21"><span class='ocrx_word' id='word_1_636' title='bbox 300 5013 416 5072; x_wconf 81' lang='grc' dir='ltr'>τοῖς</span> <span class='ocrx_word' id='word_1_637' title='bbox 443 5013 789 5088; x_wconf 47' lang='lat' dir='ltr'>rimamini.</span> <span class='ocrx_word' id='word_1_638' title='bbox 842 5015 987 5089; x_wconf 81' lang='grc' dir='ltr'>μετᾶ</span> <span class='ocrx_word' id='word_1_639' title='bbox 1041 5011 1290 5072; x_wconf 81' lang='grc' dir='ltr'>κινδύνου</span> <span class='ocrx_word' id='word_1_640' title='bbox 1348 5014 1427 5079; x_wconf 69' lang='grc' dir='ltr'>είς</span> <span class='ocrx_word' id='word_1_641' title='bbox 1481 5015 1573 5069; x_wconf 87' lang='grc' dir='ltr'>τὸν</span> <span class='ocrx_word' id='word_1_642' title='bbox 1631 5016 1780 5093; x_wconf 73' lang='grc' dir='ltr'>ἅγιον</span> <span class='ocrx_word' id='word_1_643' title='bbox 1838 5015 1949 5070; x_wconf 82' lang='grc' dir='ltr'>Αὐ-</span> 
     </span>
    </p>
   </div>
   <div class='ocr_carea' id='block_1_102' title="bbox 298 5093 1953 5181">
    <p class='ocr_par' dir='ltr' id='par_1_102' title="bbox 298 5093 1953 5181">
     <span class='ocr_line' id='line_1_102' title="bbox 298 5093 1953 5181; baseline 0.005 -34"><span class='ocrx_word' id='word_1_644' title='bbox 298 5093 526 5172; x_wconf 82' lang='grc' dir='ltr'>τόνομον</span> <span class='ocrx_word' id='word_1_645' title='bbox 580 5103 874 5166; x_wconf 70' lang='grc' dir='ltr'>διασωθεὶς</span> <span class='ocrx_word' id='word_1_646' title='bbox 934 5100 1026 5156; x_wconf 70' lang='grc' dir='ltr'>καὶ</span> <span class='ocrx_word' id='word_1_647' title='bbox 1113 5100 1249 5176; x_wconf 87' lang='grc' dir='ltr'>πρός</span> <span class='ocrx_word' id='word_1_648' title='bbox 1297 5122 1349 5157; x_wconf 87' lang='grc' dir='ltr'>τι</span> <span class='ocrx_word' id='word_1_649' title='bbox 1386 5116 1389 5121; x_wconf 76' lang='lat'>’</span> <span class='ocrx_word' id='word_1_650' title='bbox 1433 5102 1689 5181; x_wconf 69' lang='grc' dir='ltr'>φρούριον</span> <span class='ocrx_word' id='word_1_651' title='bbox 1749 5103 1953 5177; x_wconf 84' lang='grc' dir='ltr'>ὀχυρὸν</span> 
     </span>
    </p>
   </div>
   <div class='ocr_carea' id='block_1_103' title="bbox 306 5186 1951 5269">
    <p class='ocr_par' dir='ltr' id='par_1_103' title="bbox 306 5186 1951 5269">
     <span class='ocr_line' id='line_1_103' title="bbox 306 5186 1951 5269; baseline 0.006 -33"><span class='ocrx_word' id='word_1_652' title='bbox 306 5186 538 5247; x_wconf 71' lang='grc' dir='ltr'>σπεύδων</span> <span class='ocrx_word' id='word_1_653' title='bbox 575 5196 909 5269; x_wconf 64' lang='grc' dir='ltr'>καταφυγεῖν</span> <span class='ocrx_word' id='word_1_654' title='bbox 973 5189 1073 5245; x_wconf 78' lang='grc' dir='ltr'>ούκ</span> <span class='ocrx_word' id='word_1_655' title='bbox 1125 5188 1368 5267; x_wconf 69' lang='grc' dir='ltr'>ἴσχυσεν·</span> <span class='ocrx_word' id='word_1_656' title='bbox 1412 5191 1611 5266; x_wconf 75' lang='grc' dir='ltr'>αἳςρνης</span> <span class='ocrx_word' id='word_1_657' title='bbox 1670 5191 1774 5266; x_wconf 79' lang='grc' dir='ltr'>γὰρ</span> <span class='ocrx_word' id='word_1_658' title='bbox 1827 5192 1951 5248; x_wconf 70' lang='grc' dir='ltr'>ἑπι-</span> 
     </span>
    </p>
   </div>
   <div class='ocr_carea' id='block_1_104' title="bbox 299 5274 1951 5357">
    <p class='ocr_par' dir='ltr' id='par_1_104' title="bbox 299 5274 1951 5357">
     <span class='ocr_line' id='line_1_104' title="bbox 299 5274 1951 5357; baseline 0.007 -33"><span class='ocrx_word' id='word_1_659' title='bbox 299 5274 518 5337; x_wconf 78' lang='grc' dir='ltr'>τέθενται</span> <span class='ocrx_word' id='word_1_660' title='bbox 572 5284 725 5357; x_wconf 76' lang='grc' dir='ltr'>αύτῷ</span> <span class='ocrx_word' id='word_1_661' title='bbox 809 5274 1177 5355; x_wconf 76' lang='grc' dir='ltr'>σφοδρότατόι</span> <span class='ocrx_word' id='word_1_662' title='bbox 1248 5280 1408 5335; x_wconf 80' lang='grc' dir='ltr'>πόνοι</span> <span class='ocrx_word' id='word_1_663' title='bbox 1499 5281 1588 5335; x_wconf 78' lang='grc' dir='ltr'>καὶ</span> <span class='ocrx_word' id='word_1_664' title='bbox 1648 5277 1951 5355; x_wconf 82' lang='grc' dir='ltr'>ἀρθρίτιδες</span> 
     </span>
    </p>
   </div>
   <div class='ocr_carea' id='block_1_105' title="bbox 299 5362 1951 5448">
    <p class='ocr_par' dir='ltr' id='par_1_105' title="bbox 299 5362 1951 5448">
     <span class='ocr_line' id='line_1_105' title="bbox 299 5362 1951 5448; baseline 0.005 -33"><span class='ocrx_word' id='word_1_665' title='bbox 299 5362 583 5447; x_wconf 74' lang='grc' dir='ltr'>ποδαλγίας</span> <span class='ocrx_word' id='word_1_666' title='bbox 668 5370 764 5428; x_wconf 83' lang='grc' dir='ltr'>καὶ</span> <span class='ocrx_word' id='word_1_667' title='bbox 854 5366 1208 5448; x_wconf 83' lang='grc' dir='ltr'>χειραλγίας,</span> <span class='ocrx_word' id='word_1_668' title='bbox 1296 5368 1434 5424; x_wconf 78' lang='grc' dir='ltr'>ὥστε</span> <span class='ocrx_word' id='word_1_669' title='bbox 1522 5375 1732 5434; x_wconf 81' lang='grc' dir='ltr'>κεῖσθαι</span> <span class='ocrx_word' id='word_1_670' title='bbox 1789 5371 1951 5426; x_wconf 82' lang='grc' dir='ltr'>αὐτὸν</span> 
     </span>
    </p>
   </div>
   <div class='ocr_carea' id='block_1_106' title="bbox 301 5449 1967 5534">
    <p class='ocr_par' dir='ltr' id='par_1_106' title="bbox 301 5449 1967 5534">
     <span class='ocr_line' id='line_1_106' title="bbox 301 5449 1967 5534; baseline -0.002 -21"><span class='ocrx_word' id='word_1_671' title='bbox 301 5449 707 5534; x_wconf 59' lang='grc' dir='ltr'>ἀμετακίνητον.</span> <span class='ocrx_word' id='word_1_672' title='bbox 763 5460 826 5514; x_wconf 80' lang='lat'>&#39;0</span> <span class='ocrx_word' id='word_1_673' title='bbox 892 5455 953 5513; x_wconf 76' lang='grc' dir='ltr'>δὲ</span> <span class='ocrx_word' id='word_1_674' title='bbox 1009 5462 1228 5527; x_wconf 81' lang='grc' dir='ltr'>Φωκᾶς,</span> <span class='ocrx_word' id='word_1_675' title='bbox 1264 5457 1366 5513; x_wconf 77' lang='grc' dir='ltr'>ὗπὸ</span> <span class='ocrx_word' id='word_1_676' title='bbox 1414 5463 1510 5513; x_wconf 71' lang='grc' dir='ltr'>τοῦ</span> <span class='ocrx_word' id='word_1_677' title='bbox 1543 5455 1681 5513; x_wconf 77' lang='grc' dir='ltr'>λαοῦ</span> <span class='ocrx_word' id='word_1_678' title='bbox 1714 5455 1967 5534; x_wconf 74' lang='grc' dir='ltr'>δεχθεῖς,,</span> 
     </span>
    </p>
   </div>
   <div class='ocr_carea' id='block_1_107' title="bbox 302 5540 1054 5625">
    <p class='ocr_par' dir='ltr' id='par_1_107' title="bbox 302 5540 1054 5625">
     <span class='ocr_line' id='line_1_107' title="bbox 302 5540 1054 5625; baseline 0.017 -34"><span class='ocrx_word' id='word_1_679' title='bbox 302 5540 402 5615; x_wconf 56' lang='lat' dir='ltr'>tie-7,</span> <span class='ocrx_word' id='word_1_680' title='bbox 415 5545 531 5606; x_wconf 79' lang='grc' dir='ltr'>λθεν</span> <span class='ocrx_word' id='word_1_681' title='bbox 566 5552 643 5616; x_wconf 79' lang='grc' dir='ltr'>εἷς</span> <span class='ocrx_word' id='word_1_682' title='bbox 670 5550 741 5608; x_wconf 78' lang='grc' dir='ltr'>τὰ</span> <span class='ocrx_word' id='word_1_683' title='bbox 768 5544 1054 5625; x_wconf 83' lang='grc' dir='ltr'>βασίλεια.</span> 
     </span>
    </p>
   </div>
   <div class='ocr_carea' id='block_1_108' title="bbox 357 5629 1942 5711">
    <p class='ocr_par' dir='ltr' id='par_1_108' title="bbox 357 5629 1942 5711">
     <span class='ocr_line' id='line_1_108' title="bbox 357 5629 1942 5711; baseline 0.001 -20"><span class='ocrx_word' id='word_1_684' title='bbox 357 5634 499 5695; x_wconf 73' lang='grc' dir='ltr'>Μετᾶ</span> <span class='ocrx_word' id='word_1_685' title='bbox 549 5641 643 5697; x_wconf 79' lang='grc' dir='ltr'>οὗν</span> <span class='ocrx_word' id='word_1_686' title='bbox 701 5635 1023 5711; x_wconf 73' lang='grc' dir='ltr'>Μαυρίκιον</span> <span class='ocrx_word' id='word_1_687' title='bbox 1082 5629 1395 5693; x_wconf 67' lang='grc' dir='ltr'>ἕϐασίιιευσε</span> <span class='ocrx_word' id='word_1_688' title='bbox 1451 5642 1648 5699; x_wconf 60' lang='lat' dir='ltr'>(bur/.5;</span> <span class='ocrx_word' id='word_1_689' title='bbox 1705 5639 1733 5693; x_wconf 86' lang='grc' dir='ltr'>ὁ</span> <span class='ocrx_word' id='word_1_690' title='bbox 1791 5642 1942 5695; x_wconf 84' lang='grc' dir='ltr'>Καπ-</span> 
     </span>
    </p>
   </div>
   <div class='ocr_carea' id='block_1_109' title="bbox 557 5755 1369 5823">
    <p class='ocr_par' dir='ltr' id='par_1_109' title="bbox 557 5755 1369 5823">
     <span class='ocr_line' id='line_1_109' title="bbox 557 5755 1369 5823; baseline -0.007 0"><span class='ocrx_word' id='word_1_691' title='bbox 557 5763 835 5823; x_wconf 72' lang='grc' dir='ltr'>ΡΑτιιοι..</span> <span class='ocrx_word' id='word_1_692' title='bbox 890 5757 1007 5817; x_wconf 78' lang='lat' dir='ltr'>Gn.</span> <span class='ocrx_word' id='word_1_693' title='bbox 1053 5755 1369 5818; x_wconf 85' lang='lat' dir='ltr'>CXXXIX.</span> 
     </span>
    </p>
   </div>
   <div class='ocr_carea' id='block_1_110' title="bbox 2057 4652 3714 4729">
    <p class='ocr_par' dir='ltr' id='par_1_110' title="bbox 2057 4652 3714 4729">
     <span class='ocr_line' id='line_1_110' title="bbox 2057 4652 3714 4729; baseline 0.007 -23"><span class='ocrx_word' id='word_1_694' title='bbox 2057 4652 2327 4708; x_wconf 88' lang='lat' dir='ltr'>rannidis</span> <span class='ocrx_word' id='word_1_695' title='bbox 2348 4655 2568 4711; x_wconf 89' lang='lat' dir='ltr'>certior</span> <span class='ocrx_word' id='word_1_696' title='bbox 2601 4656 2813 4728; x_wconf 80' lang='lat' dir='ltr'>factus,</span> <span class='ocrx_word' id='word_1_697' title='bbox 2846 4657 3047 4729; x_wconf 88' lang='lat' dir='ltr'>populi</span> <span class='ocrx_word' id='word_1_698' title='bbox 3079 4658 3469 4714; x_wconf 89' lang='lat' dir='ltr'>rebellionem</span> <span class='ocrx_word' id='word_1_699' title='bbox 3489 4659 3714 4717; x_wconf 87' lang='lat' dir='ltr'>evitans</span> 
     </span>
    </p>
   </div>
   <div class='ocr_carea' id='block_1_111' title="bbox 2059 4741 3716 4821">
    <p class='ocr_par' dir='ltr' id='par_1_111' title="bbox 2059 4741 3716 4821">
     <span class='ocr_line' id='line_1_111' title="bbox 2059 4741 3716 4821; baseline 0.007 -27"><span class='ocrx_word' id='word_1_700' title='bbox 2059 4741 2257 4796; x_wconf 89' lang='lat' dir='ltr'>media</span> <span class='ocrx_word' id='word_1_701' title='bbox 2287 4747 2461 4797; x_wconf 90' lang='lat' dir='ltr'>nocte</span> <span class='ocrx_word' id='word_1_702' title='bbox 2490 4748 2712 4798; x_wconf 82' lang='lat' dir='ltr'>vestem</span> <span class='ocrx_word' id='word_1_703' title='bbox 2758 4745 3205 4816; x_wconf 86' lang='lat' dir='ltr'>imperatoriam</span> <span class='ocrx_word' id='word_1_704' title='bbox 3228 4746 3412 4813; x_wconf 84' lang='lat' dir='ltr'>exuit,</span> <span class='ocrx_word' id='word_1_705' title='bbox 3462 4749 3716 4821; x_wconf 85' lang='lat' dir='ltr'>popula-</span> 
     </span>
    </p>
   </div>
   <div class='ocr_carea' id='block_1_112' title="bbox 2058 4828 3714 4901">
    <p class='ocr_par' dir='ltr' id='par_1_112' title="bbox 2058 4828 3714 4901">
     <span class='ocr_line' id='line_1_112' title="bbox 2058 4828 3714 4901; baseline 0.007 -18"><span class='ocrx_word' id='word_1_706' title='bbox 2058 4845 2185 4883; x_wconf 91' lang='lat' dir='ltr'>rem</span> <span class='ocrx_word' id='word_1_707' title='bbox 2212 4828 2429 4895; x_wconf 88' lang='lat' dir='ltr'>induit,</span> <span class='ocrx_word' id='word_1_708' title='bbox 2489 4830 2692 4901; x_wconf 88' lang='lat' dir='ltr'>sicque</span> <span class='ocrx_word' id='word_1_709' title='bbox 2741 4832 2804 4886; x_wconf 89' lang='lat' dir='ltr'>in</span> <span class='ocrx_word' id='word_1_710' title='bbox 2856 4831 3119 4888; x_wconf 89' lang='lat' dir='ltr'>celocem</span> <span class='ocrx_word' id='word_1_711' title='bbox 3168 4850 3288 4891; x_wconf 89' lang='lat' dir='ltr'>una</span> <span class='ocrx_word' id='word_1_712' title='bbox 3339 4852 3474 4892; x_wconf 89' lang='lat' dir='ltr'>cum</span> <span class='ocrx_word' id='word_1_713' title='bbox 3531 4853 3714 4896; x_wconf 86' lang='lat' dir='ltr'>uxore</span> 
     </span>
    </p>
   </div>
   <div class='ocr_carea' id='block_1_113' title="bbox 2060 4914 3713 4989">
    <p class='ocr_par' dir='ltr' id='par_1_113' title="bbox 2060 4914 3713 4989">
     <span class='ocr_line' id='line_1_113' title="bbox 2060 4914 3713 4989; baseline 0.01 -19"><span class='ocrx_word' id='word_1_714' title='bbox 2060 4922 2119 4972; x_wconf 89' lang='lat' dir='ltr'>et</span> <span class='ocrx_word' id='word_1_715' title='bbox 2146 4914 2349 4972; x_wconf 73' lang='lat' dir='ltr'>liberis</span> <span class='ocrx_word' id='word_1_716' title='bbox 2381 4917 2682 4989; x_wconf 84' lang='lat' dir='ltr'>ingressus</span> <span class='ocrx_word' id='word_1_717' title='bbox 2716 4935 2836 4975; x_wconf 92' lang='lat' dir='ltr'>non</span> <span class='ocrx_word' id='word_1_718' title='bbox 2878 4920 3005 4976; x_wconf 89' lang='lat' dir='ltr'>sine</span> <span class='ocrx_word' id='word_1_719' title='bbox 3046 4921 3391 4981; x_wconf 89' lang='lat' dir='ltr'>discrimine</span> <span class='ocrx_word' id='word_1_720' title='bbox 3420 4926 3482 4981; x_wconf 90' lang='lat' dir='ltr'>in</span> <span class='ocrx_word' id='word_1_721' title='bbox 3514 4926 3713 4989; x_wconf 87' lang='lat' dir='ltr'>Sancti</span> 
     </span>
    </p>
   </div>
   <div class='ocr_carea' id='block_1_114' title="bbox 2058 5006 3720 5084">
    <p class='ocr_par' dir='ltr' id='par_1_114' title="bbox 2058 5006 3720 5084">
     <span class='ocr_line' id='line_1_114' title="bbox 2058 5006 3720 5084; baseline 0.005 -22"><span class='ocrx_word' id='word_1_722' title='bbox 2058 5007 2377 5062; x_wconf 84' lang='lat' dir='ltr'>Autonomi</span> <span class='ocrx_word' id='word_1_723' title='bbox 2413 5006 2632 5079; x_wconf 87' lang='lat' dir='ltr'>templo</span> <span class='ocrx_word' id='word_1_724' title='bbox 2665 5008 2841 5064; x_wconf 91' lang='lat' dir='ltr'>saluti</span> <span class='ocrx_word' id='word_1_725' title='bbox 2862 5026 2983 5065; x_wconf 63' lang='lat' dir='ltr'>sua;</span> <span class='ocrx_word' id='word_1_726' title='bbox 3006 5013 3348 5084; x_wconf 86' lang='lat' dir='ltr'>consulit,et</span> <span class='ocrx_word' id='word_1_727' title='bbox 3368 5016 3720 5074; x_wconf 88' lang='lat' dir='ltr'>cuminmu-</span> 
     </span>
    </p>
   </div>
   <div class='ocr_carea' id='block_1_115' title="bbox 2060 5094 3710 5179">
    <p class='ocr_par' dir='ltr' id='par_1_115' title="bbox 2060 5094 3710 5179">
     <span class='ocr_line' id='line_1_115' title="bbox 2060 5094 3710 5179; baseline 0.008 -30"><span class='ocrx_word' id='word_1_728' title='bbox 2060 5097 2251 5151; x_wconf 89' lang='lat' dir='ltr'>nitum</span> <span class='ocrx_word' id='word_1_729' title='bbox 2267 5094 2550 5168; x_wconf 88' lang='lat' dir='ltr'>oppidum</span> <span class='ocrx_word' id='word_1_730' title='bbox 2572 5097 2674 5152; x_wconf 72' lang='lat'><strong>40</strong></span> <span class='ocrx_word' id='word_1_731' title='bbox 2693 5098 3010 5170; x_wconf 84' lang='lat' dir='ltr'>confugere</span> <span class='ocrx_word' id='word_1_732' title='bbox 3036 5102 3320 5173; x_wconf 87' lang='lat' dir='ltr'>studeret,</span> <span class='ocrx_word' id='word_1_733' title='bbox 3343 5122 3463 5162; x_wconf 90' lang='lat' dir='ltr'>non</span> <span class='ocrx_word' id='word_1_734' title='bbox 3484 5107 3674 5179; x_wconf 91' lang='lat' dir='ltr'>potuit</span> <span class='ocrx_word' id='word_1_735' title='bbox 3698 5124 3710 5161; x_wconf 91' lang='lat'>:</span> 
     </span>
    </p>
   </div>
   <div class='ocr_carea' id='block_1_116' title="bbox 2062 5184 3716 5267">
    <p class='ocr_par' dir='ltr' id='par_1_116' title="bbox 2062 5184 3716 5267">
     <span class='ocr_line' id='line_1_116' title="bbox 2062 5184 3716 5267; baseline 0.007 -27"><span class='ocrx_word' id='word_1_736' title='bbox 2062 5185 2255 5242; x_wconf 89' lang='lat' dir='ltr'>subito</span> <span class='ocrx_word' id='word_1_737' title='bbox 2288 5200 2545 5256; x_wconf 86' lang='lat' dir='ltr'>namque</span> <span class='ocrx_word' id='word_1_738' title='bbox 2559 5184 3068 5246; x_wconf 89' lang='lat' dir='ltr'>vehementissimi</span> <span class='ocrx_word' id='word_1_739' title='bbox 3103 5191 3339 5251; x_wconf 88' lang='lat' dir='ltr'>dolores</span> <span class='ocrx_word' id='word_1_740' title='bbox 3354 5196 3716 5267; x_wconf 88' lang='lat' dir='ltr'>corripuere,</span> 
     </span>
    </p>
   </div>
   <div class='ocr_carea' id='block_1_117' title="bbox 2060 5275 3717 5359">
    <p class='ocr_par' dir='ltr' id='par_1_117' title="bbox 2060 5275 3717 5359">
     <span class='ocr_line' id='line_1_117' title="bbox 2060 5275 3717 5359; baseline 0.004 -29"><span class='ocrx_word' id='word_1_741' title='bbox 2060 5275 2451 5348; x_wconf 70' lang='lat' dir='ltr'>podagr-mque</span> <span class='ocrx_word' id='word_1_742' title='bbox 2479 5290 2546 5331; x_wconf 89' lang='lat' dir='ltr'>ac</span> <span class='ocrx_word' id='word_1_743' title='bbox 2578 5276 2862 5352; x_wconf 75' lang='lat' dir='ltr'>chiragraa</span> <span class='ocrx_word' id='word_1_744' title='bbox 2908 5283 3268 5341; x_wconf 89' lang='lat' dir='ltr'>cruciatibus</span> <span class='ocrx_word' id='word_1_745' title='bbox 3288 5302 3605 5359; x_wconf 87' lang='lat' dir='ltr'>oppressus</span> <span class='ocrx_word' id='word_1_746' title='bbox 3627 5290 3717 5341; x_wconf 88' lang='lat' dir='ltr'>est</span> 
     </span>
    </p>
   </div>
   <div class='ocr_carea' id='block_1_118' title="bbox 2061 5363 3713 5444">
    <p class='ocr_par' dir='ltr' id='par_1_118' title="bbox 2061 5363 3713 5444">
     <span class='ocr_line' id='line_1_118' title="bbox 2061 5363 3713 5444; baseline 0.004 -25"><span class='ocrx_word' id='word_1_747' title='bbox 2061 5363 2207 5420; x_wconf 86' lang='lat' dir='ltr'>adeo</span> <span class='ocrx_word' id='word_1_748' title='bbox 2240 5368 2307 5419; x_wconf 91' lang='lat' dir='ltr'>ut</span> <span class='ocrx_word' id='word_1_749' title='bbox 2344 5363 2628 5422; x_wconf 88' lang='lat' dir='ltr'>immotus</span> <span class='ocrx_word' id='word_1_750' title='bbox 2657 5370 3094 5439; x_wconf 90' lang='lat' dir='ltr'>procumberet.</span> <span class='ocrx_word' id='word_1_751' title='bbox 3136 5374 3363 5430; x_wconf 90' lang='lat' dir='ltr'>Phocas</span> <span class='ocrx_word' id='word_1_752' title='bbox 3412 5391 3446 5429; x_wconf 76' lang='grc' dir='ltr'>ει</span> <span class='ocrx_word' id='word_1_753' title='bbox 3493 5372 3713 5444; x_wconf 84' lang='lat' dir='ltr'>pepulo</span> 
     </span>
    </p>
   </div>
   <div class='ocr_carea' id='block_1_119' title="bbox 2062 5456 2981 5533">
    <p class='ocr_par' dir='ltr' id='par_1_119' title="bbox 2062 5456 2981 5533">
     <span class='ocr_line' id='line_1_119' title="bbox 2062 5456 2981 5533; baseline 0.008 -22"><span class='ocrx_word' id='word_1_754' title='bbox 2062 5459 2341 5527; x_wconf 86' lang='lat' dir='ltr'>exceptus</span> <span class='ocrx_word' id='word_1_755' title='bbox 2373 5456 2434 5510; x_wconf 85' lang='lat' dir='ltr'>in</span> <span class='ocrx_word' id='word_1_756' title='bbox 2462 5457 2689 5530; x_wconf 85' lang='lat' dir='ltr'>regiam</span> <span class='ocrx_word' id='word_1_757' title='bbox 2717 5462 2981 5533; x_wconf 87' lang='lat' dir='ltr'>appellit.</span> 
     </span>
    </p>
   </div>
   <div class='ocr_carea' id='block_1_120' title="bbox 2135 5638 3712 5715">
    <p class='ocr_par' dir='ltr' id='par_1_120' title="bbox 2135 5638 3712 5715">
     <span class='ocr_line' id='line_1_120' title="bbox 2135 5638 3712 5715; baseline -0.003 -21"><span class='ocrx_word' id='word_1_758' title='bbox 2135 5642 2273 5694; x_wconf 81' lang='lat' dir='ltr'>Post</span> <span class='ocrx_word' id='word_1_759' title='bbox 2302 5638 2650 5697; x_wconf 87' lang='lat' dir='ltr'>Mauricium</span> <span class='ocrx_word' id='word_1_760' title='bbox 2701 5644 2926 5700; x_wconf 87' lang='lat' dir='ltr'>Phocas</span> <span class='ocrx_word' id='word_1_761' title='bbox 2966 5644 3281 5715; x_wconf 83' lang='lat' dir='ltr'>Cappadox</span> <span class='ocrx_word' id='word_1_762' title='bbox 3339 5649 3395 5699; x_wconf 88' lang='lat' dir='ltr'>et</span> <span class='ocrx_word' id='word_1_763' title='bbox 3429 5648 3712 5712; x_wconf 81' lang='lat' dir='ltr'>tyrannus</span> 
     </span>
    </p>
   </div>
   <div class='ocr_carea' id='block_1_121' title="bbox 3394 5757 3430 5811">
    <p class='ocr_par' dir='ltr' id='par_1_121' title="bbox 3394 5757 3430 5811">
     <span class='ocr_line' id='line_1_121' title="bbox 3394 5757 3430 5811; baseline 0 0"><span class='ocrx_word' id='word_1_764' title='bbox 3394 5757 3430 5811; x_wconf 84' lang='lat'><strong>9</strong></span> 
     </span>
    </p>
   </div>
  </div>
