4150 6292
433 369 547 428 26Ἱ

1989 353 2278 419 JUELIS.

3721 349 3838 410 268

437 499 756 574 imperium
841 495 1073 562 invasit,
1154 510 1342 550 annos
1427 499 1579 550 octo.
1651 493 1886 549 Priscus
1954 490 2077 564 ejus

2191 486 2434 562 παὸόκης
2465 487 2554 543 καὶ
2583 488 2842 564 τύραννος
2897 479 2990 554 ἔτη
3053 485 3124 555 η’.
3155 484 3216 542 Ὁ
3245 480 3301 539 δέ
3356 479 3606 561 γαμϐρὸς
3676 483 3840 541 αὐτοῦ

437 606 638 664 gener,
702 585 898 644 clades
957 583 1207 656 injustas
1266 589 1324 652 et
1385 583 1679 640 scelerosa
1727 581 1889 639 illius
1936 579 2079 636 faeiv

435 696 583 734 nera
613 693 732 732 non
752 673 1078 740 sustinens,
1121 672 1410 741 Heraclio,
1443 672 1543 742 qui
1595 677 1736 728 tunc
1794 667 2081 726 Africanis

436 766 790 824 exercitibus
815 769 1085 838 praeerat,
1119 761 1325 818 scribit
1355 767 1421 817 ut
1450 761 1730 818 adversus
1761 766 2080 834 tyrannum

435 859 632 930 copias
660 856 856 912 ducat.
891 853 1192 910 Heraclius
1223 851 1380 908 dicto
1439 852 1648 921 audiit,
1704 851 1885 919 venit,
1927 865 2081 906 com-

433 948 734 1017 missoque
765 943 968 1018 prmlio
999 948 1227 1015 pestem
1257 941 1420 997 illam
1445 941 1788 1014 reipublicae
1811 943 2079 1011 superat;

435 1037 590 1109 capti
621 1052 830 1092 manus
861 1051 928 1090 ac
955 1033 1136 1106 pedes
1167 1034 1658 1106 summitatesque
1693 1034 2080 1092 humerorum

436 1124 885 1182 abscinduntur.
910 1123 1194 1178 Pudenda
1223 1124 1366 1179 item
1399 1140 1466 1180 ac
1497 1129 1672 1198 caput
1700 1128 2078 1196 amputatur;

435 1219 608 1274 conto
641 1214 950 1292 praeﬁxum
1007 1219 1184 1286 caput
1229 1213 1642 1270 circumlatum
1701 1219 1831 1281 est;
1887 1213 2082 1270 trunci

437 1305 594 1377 quod
616 1304 913 1375 reliquum
944 1302 1056 1358 fuit
1099 1303 1158 1358 in
1217 1303 1345 1358 fore
1397 1303 1564 1360 Bovis
1614 1309 2078 1362 concrematum.

506 1484 717 1542 Phocea
749 1483 1035 1539 successit
1080 1483 1382 1539 Heraclius
1430 1500 1538 1556 per
1589 1500 1777 1541 annos
1819 1485 2080 1558 triginta,

437 1592 473 1632 a
503 1573 704 1648 Sergio
731 1572 793 1628 in
821 1571 946 1628 aede
967 1572 1456 1648 SancliStephani
1485 1573 1548 1630 in
1579 1574 2081 1646 palatiounacum

436 1662 696 1720 Eudocia
724 1665 985 1735 Augusta
1010 1667 1553 1735 sponsacoronatus
1579 1680 1593 1732 ;
1619 1664 2082 1740 nuptiarumque

435 1756 672 1812 coronis
694 1755 1082 1828 imperatores
1111 1754 1291 1811 simul
1321 1756 1589 1830 etsponsi
1614 1756 1899 1814 declarati
1921 1762 2078 1814 sunt.

2189 578 2448 654 Πρίσκος,
2498 577 2573 650 μὴ
2635 573 2809 658 φέρων
2858 575 2984 650 ὀρᾷν
3038 571 3164 635 τοὺς
3224 570 3448 635 ἀδίκους
3503 574 3705 651 φόνους
3753 575 3842 630 καὶ

2185 667 2253 721 τᾶ
2303 666 2394 722 ὑπ’
2449 665 2616 720 αύτοῦ
2702 663 2962 743 γινόμενα
3018 659 3188 734 δεινὰ,
3261 663 3457 740 γράφει
3531 662 3842 738 Ἡρακλείῳ

2189 759 2482 834 στρατηγῷ
2512 750 2626 810 ὄντι
2655 753 2779 810 τότε
2823 754 2878 808 έν
2915 755 3182 828 ’Δφρικῇ,
3240 751 3392 814 ὅπως
3441 750 3640 826 ἀνέλθῃ
3711 755 3846 826 μετᾶ

2189 843 2387 902 στόλου
2435 844 2572 900 κατὰ
2617 846 2714 898 τοῦ
2758 843 3040 919 τυράννοιν
3103 839 3166 896 οὗ
3219 838 3543 903 ἀνελθόντος
3593 843 3684 896 καὶ
3744 864 3842 898 πο-

2189 932 2364 1010 λέμου
2388 933 2752 1008 κρατηθέντος
2778 933 3009 1002 ἡττᾶται
3041 935 3240 986 Φιυκῖιε
3290 930 3318 985 ὁ
3384 928 3702 1005 ἀλιτήριος,
3752 926 3842 986 καὶ

2186 1022 2538 1099 κατασχεθεὶς
2567 1023 2658 1077 καὶ
2688 1023 2782 1084 τὰς
2813 1025 3004 1097 χεῖρας
3033 1019 3123 1075 καὶ
3177 1018 3308 1084 τοὺς
3336 1015 3510 1082 πόδας
3565 1020 3656 1075 καὶ
3713 1021 3839 1084 τοὺς

2189 1108 2377 1188 ὤμους
2403 1111 2867 1187 ἀκρωτηριασθεὶς
2895 1109 2986 1165 καὶ
3043 1109 3111 1164 τὰ
3167 1105 3351 1164 αἰδοῖα
3403 1108 3692 1182 ἒκτμηοεὶς
3747 1111 3836 1165 καὶ

2189 1206 2360 1275 κοντῷ
2411 1198 2752 1280 ἂναρτηθείς,
2810 1199 2927 1255 εἶτα
2982 1198 3071 1254 καὶ
3127 1199 3226 1269 τήν
3285 1197 3531 1274 κεφαλὴν
3581 1198 3839 1272 ἀποτμη-

2187 1293 2318 1360 Θεῖς,
2349 1291 2412 1346 τὸ
2442 1287 2639 1346 λοιπὸν
2670 1288 2836 1346 αὐτοῦ
2867 1292 3026 1363 σῶμα
3056 1285 3109 1343 έν
3139 1291 3208 1362 τῇ
3255 1289 3354 1342 τοῦ
3385 1286 3514 1350 Bob;
3565 1285 3833 1363 λεγομένῃ

2187 1381 2357 1460 ἀγορᾷ
2380 1381 2511 1458 πυρὶ
2541 1375 2842 1456 παρεδόθη.

2260 1469 2414 1528 Μετά
2432 1466 2490 1524 δὲ
2519 1473 2716 1526 Φωκᾶν
2745 1463 3088 1523 έόασίλευσεν
3143 1463 3466 1542 Ἡράκλειος
3523 1464 3614 1535 ἔτη
3647 1465 3718 1538 λ’,
3775 1467 3835 1522 ’ὃν

2189 1557 2417 1640 Σέργιος
2449 1553 2664 1638 ἔστεψεν
2697 1554 2748 1612 έν
2807 1561 2888 1629 τῷ
2942 1561 3056 1628 ναῷ
3111 1560 3210 1612 τοῦ
3238 1555 3420 1632 Ἀγίου
3451 1556 3727 1634 Στεφάνου
3783 1557 3835 1610 ἓν

2186 1651 2266 1722 τῷ
2293 1646 2861 1722 παλατίῳ.Ἐστέ‹ρθη
2922 1641 2980 1700 δὶ
3036 1645 3150 1718 ἅμα
3205 1643 3352 1716 αὐτῷ
3402 1645 3437 1714 ἡ
3494 1665 3839 1721 μεμνηστευ-

2193 1737 2327 1812 μένη
2387 1735 2536 1810 αὖτῷ
2590 1734 2828 1794 Εὖδοκία
2885 1733 3176 1813 Αὖγούστα
3232 1739 3350 1797 τοῖς
3403 1735 3684 1810 στεφάνοις
3737 1738 3838 1790 τοῦ

435 1848 518 1902 Ea
547 1820 896 1917 tempestate
941 1844 1231 1902 Chosroes
1278 1820 1457 1902 Persa
1504 1845 1936 1928 Hierosolymis
1987 1863 2077 1904 exs

2191 1827 2388 1906 γάμου,
2420 1825 2563 1898 ὁμοῦ
2605 1824 3002 1901 αὐτοκράτορες
3057 1823 3148 1879 καὶ
3207 1822 3432 1902 νυμφίοι
3491 1820 3839 1900 ἀναδειχθένο

2369 1915 2426 1928 ...
2474 1915 2488 1928 .
2576 1911 2605 1928 ..
2735 1914 2751 1928 ι
2811 1916 2854 1928 ..
2978 1914 2991 1928 .
3130 1913 3145 1928 .
3209 1911 3276 1928 -.,
3473 1910 3488 1928 .
3551 1912 3564 1928 .
3605 1914 3630 1928 Α
3815 1913 3830 1928 .

433 1934 706 2008 pugnatis
745 1934 1080 1990 veneranda
1107 1933 1209 1992 illa
1236 1933 1368 1992 loca
1397 1933 1722 2002 succendit,
1747 1923 2080 1992 multitudi-

435 2040 573 2080 nem
612 2024 991 2080 innumeram
1022 2023 1311 2098 captivam
1344 2039 1476 2080 cum
1508 2023 1844 2098 patriarcha
1872 2024 2083 2082 Zacha-

435 2113 526 2170 ria
555 2119 612 2168 et
641 2112 818 2188 lignis
865 2113 1142 2188 pretiosis
1183 2113 1247 2170 in
1293 2112 1598 2170 Persidem
1652 2111 1918 2172 adduxit.
1968 2114 2082 2170 Sed

438 2202 694 2259 Chosroe
723 2206 858 2275 post
884 2202 1205 2260 nonnullos
1233 2218 1422 2259 annos
1454 2207 1708 2260 mactato
1749 2202 1962 2278 captivi
1992 2202 2081 2262 illi

439 2291 501 2348 in
531 2289 866 2350 libertatem
897 2291 1173 2350 vindicati
1205 2297 1264 2349 et
1290 2291 1933 2368 viviferacruxproprio
1953 2291 2081 2350 loco

436 2383 710 2442 restituta
731 2389 835 2440 est.
872 2385 1204 2456 Imperator
1251 2381 1491 2440 tandem
1517 2381 1588 2440 ab
1619 2384 1714 2444 Δΐ
1758 2382 2084 2442 Athanasio

434 2471 836 2528 Jacobitarum
865 2472 1202 2544 patriarcha
1254 2476 1313 2528 et
1356 2472 1554 2547 Sergio
1601 2471 1744 2544 Syro
1776 2471 2082 2545 Cpolitano

435 2560 718 2635 deceptus
746 2561 808 2618 in
840 2560 1370 2622 Monotheletarum
1402 2560 1679 2620 haeresim
1733 2560 2082 2622 devolvitur.

433 2652 694 2710 Tandem
725 2669 880 2726 aqua
908 2651 1200 2710 intercute
1229 2651 1466 2710 miseris
1505 2651 1789 2713 aerumnis
1837 2654 2085 2710 affectus

437 2747 628 2798 morte
650 2758 854 2816 pinnas
879 2745 1112 2798 atroces
1135 2739 1321 2798 dedit.

513 3007 654 3064 Post
699 3004 1034 3065 Heracliam
1085 3005 1506 3064 Constantinus
1554 3004 1713 3063 ﬁlius
1766 3003 2084 3081 imperium

2188 1937 2302 1979 τες.
2369 1915 2488 1991 Ἐφ’
2544 1911 2608 1970 οὗ
2663 1914 2753 1970 καὶ
2811 1914 3067 1989 Χοσρόης
3124 1913 3152 1967 ὁ
3209 1911 3418 1990 Πέρσης
3470 1910 3734 1988 ἐπόρθησε
3769 1913 3840 1968 τὰ

2185 2002 2682 2079 Ἱεροσόλυμα,καὶ
2737 2001 2866 2066 τοὺς
2926 1997 3253 2075 σεϐασμίους
3291 2001 3495 2063 τόπους
3551 2000 3838 2078 ἐνέπρησε,

2185 2094 2274 2149 καὶ
2313 2091 2530 2164 πλῆθος
2584 2089 2732 2148 λαῶν
2784 2089 3189 2172 ᾐχμαλώτευσε
3233 2088 3325 2146 σὺν
3383 2094 3463 2164 τῷ
3521 2089 3838 2166 πατριάρχῃ

2187 2183 2435 2258 Ζαχαρία
2497 2181 2585 2236 καὶ
2644 2185 2762 2242 τοῖς
2817 2178 3028 2253 τιμίοις
3085 2178 3293 2253 ξύλοις,
3349 2178 3441 2234 καὶ
3472 2177 3550 2240 εἷς
3607 2177 3845 2253 Περσίδα

2188 2272 2442 2350 ἀνήγαγε.
2496 2272 2610 2328 Teii
2663 2267 2722 2324 δὲ
2773 2269 3026 2344 Χοσρόου
3076 2267 3210 2342 μετᾶ
3267 2266 3500 2342 χρόνους
3531 2267 3843 2342 ἀναιρεθένο

2189 2381 2302 2429 τος,
2334 2358 2500 2418 πάλιν
2532 2361 2568 2430 ἠ
2601 2356 2960 2435 αἰχμαλωσία
3015 2356 3289 2428 ἀνεκλήθη
3348 2355 3438 2412 καὶ
3479 2357 3506 2410 ὁ
3564 2357 3842 2426 ζωοποιὸς

2188 2451 2416 2525 σταυρὸς
2473 2454 2588 2512 τοῖς
2649 2445 2808 2510 ἰδίοις
2862 2448 3054 2510 τόποις
3102 2446 3463 2518 ἀποκατέστη.
3522 2446 3696 2510 Οὗτος
3747 2445 3844 2502 οὖν

2189 2539 2409 2615 ὓστερον
2451 2538 2539 2594 ὑπ’
2571 2535 2891 2596 Ἀθανασίου
2947 2537 3291 2612 πατριάρχου
3345 2539 3452 2590 τῶν
3507 2529 3843 2593 Ἰακωὸιτῶν

2189 2629 2278 2686 καὶ
2336 2628 2562 2704 Σεργίου
2621 2624 3246 2688 Κωνσταντινουπὸλεως
3301 2627 3398 2680 τοῦ
3457 2624 3634 2700 Σύρου
3696 2624 3838 2680 ἀπα-

2187 2717 2372 2790 τηθεὶς
2403 2715 2480 2779 είς
2518 2716 2618 2786 τὴν
2662 2720 2770 2770 τῶν
2818 2713 3226 2785 Μονοθελητῶν
3258 2710 3460 2788 α’ίρεσιν
3491 2711 3837 2785 ὲξεκυλίσθη,

2188 2807 2280 2863 καὶ
2340 2803 2407 2876 δὴ
2466 2805 2612 2880 νόσῳ
2669 2802 2891 2881 ὕδερικῇ
2948 2805 3256 2878 περιπεσὼν
3314 2803 3403 2858 καί
3436 2800 3629 2867 δεινῶς
3658 2823 3850 2879 τιμω-ι-

2193 2896 2378 2969 ρηθεὶς
2406 2895 2675 2967 τέθνηκεν.

2263 2984 2412 3048 Μετᾶ
2460 2981 2518 3042 δὲ
2572 2981 2894 3059 Ἡράκλειον
2961 2977 3280 3038 ἐϐασίλευσε
3339 2984 3758 3045 Κωνσταντῖνος
3819 2983 3854 3038 ὁ

445 3095 594 3168 gerit
634 3109 822 3150 unum
861 3109 1107 3150 annum.
1168 3094 1407 3151 Veneno
1455 3109 1491 3150 a
1532 3092 1782 3150 Martina
1837 3069 2077 3149 noverca

2191 3074 2310 3140 υίὸς
2341 3075 2506 3131 αὐτοῦ
2543 3069 2664 3138 ἔτος
2699 3074 2765 3147 α’,
2800 3073 2862 3136 ’ὸς
2918 3073 3190 3152 φαρμάκῳ
3241 3073 3345 3128 ὑπὸ
3397 3078 3497 3143 τῆς
3531 3069 3671 3136 ἰδίας
3735 3093 3855 3146 μη-

447 3183 690 3240 tollitur.

2193 3169 2381 3240 τρυιᾶς
2407 3161 2684 3240 Μαρτίνης
2712 3161 3032 3239 ἀναιρεῖται·

513 3273 653 3328 Post
697 3270 1148 3326 Constantinum
1227 3269 1584 3328 Heraclonas
1647 3286 1784 3327 cum
1831 3269 2077 3328 Martina

2228 3223 2238 3242 .
2367 3223 2379 3230 -
2499 3223 2509 3240 .
2641 3223 2680 3235 -ν
2841 3223 2851 3239 .

2265 3255 2418 3312 Μετά
2449 3251 2505 3309 δὲ
2535 3255 2938 3310 Κωνσταντῖνον
2966 3246 3307 3307 ἐϐασίλευσεν
3349 3248 3704 3327 Ἡρακλωνᾶς
3731 3249 3855 3327 ’ἅμα

444 3365 633 3417 matre
663 3376 770 3432 per
797 3374 1034 3414 menses
1056 3362 1309 3430 quatuor
1365 3359 1428 3416 in
1483 3359 1734 3434 imperio
1782 3359 2086 3418 successit.

2192 3342 2437 3420 Μαρτίνῃ
2499 3342 2667 3418 μητρῖ
2733 3339 2897 3397 αὐτοῦ
2958 3343 3132 3417 μῆνας
3192 3337 3259 3410 δ’,
3319 3339 3376 3396 ὅν
3432 3343 3468 3412 ἡ
3538 3338 3856 3414 σύγκλητος

444 3449 590 3506 Eum
622 3429 866 3506 senatus
887 3464 1032 3504 naso
1059 3429 1419 3517 mutilatum,
1451 3452 1510 3504 et
1538 3429 1849 3508 hiartinam
1861 3456 2077 3506 resecta

2191 3433 2449 3490 ἀπώσατο
2528 3432 2935 3510 ῥινοκοπὴσασα
3034 3429 3192 3486 αὐτὸν
3273 3432 3374 3502 τήν
3447 3450 3506 3486 τε
3574 3435 3855 3504 Μαρτῖναν

444 3539 665 3612 lingua,
697 3554 878 3614 regno
901 3537 1078 3612 ejecit
1104 3541 1488 3610 extorresque
1519 3537 1656 3613 egit.

513 3635 651 3686 Post
699 3628 1084 3688 Heraclonam
1136 3627 1199 3684 in
1257 3627 1637 3687 Conslantem
1694 3629 1885 3688 illium
1939 3630 2086 3688 Con-

441 3719 685 3780 stantini
708 3719 961 3778 Heraclii
983 3722 1260 3794 nepotem
1279 3718 1597 3794 imperium
1619 3719 1958 3780 devolutum
1973 3727 2086 3792 est,

437 3808 598 3886 quod
625 3809 808 3882 gessit
835 3824 1023 3866 annos
1053 3806 1253 3882 viginti
1311 3813 1560 3882 septem.
1611 3808 1716 3866 Hic
1767 3809 2085 3868 Martinam

437 3897 881 3958 sanctissimum
911 3899 1242 3956 Romanum
1274 3895 1620 3970 pontiﬁcem
1679 3898 1864 3956 Roma
1919 3897 2085 3972 igno-

437 3988 691 4044 miniose
723 3987 952 4060 Cpolim
983 3985 1316 4055 advectum,
1350 3984 1508 4058 quod
1541 3986 1669 4062 ejus
1701 3987 2082 4058 sententiam,

439 4093 556 4146 qua
583 4092 767 4132 unam
798 4075 862 4132 in
917 4074 1145 4132 Christo
1191 4074 1556 4134 voluntatem
1614 4075 1934 4145 asserebat,
1993 4093 2083 4132 ar-

437 4169 662 4236 gueret,
686 4162 880 4218 solum
937 4168 1166 4219 vertere
1205 4163 1566 4220 Chersonem
1607 4164 1809 4235 jussit,
1843 4170 1901 4220 et
1973 4166 2084 4220 Ma-

436 4251 582 4308 ximi
619 4250 978 4310 confessoris
1043 4251 1308 4324 linguam
1354 4268 1719 4328 manumque
1777 4252 2079 4312 dexteram

437 4341 678 4406 ademit,
711 4346 769 4398 et
796 4339 1014 4398 multos
1053 4340 1202 4398 alios
1225 4346 1382 4399 recte
1401 4342 1786 4402 sentientium
1810 4342 2078 4414 flagellis,

433 4431 866 4506 proscriptione
923 4429 1249 4502 exsilioque
1306 4447 1429 4488 non
1475 4430 1658 4489 aliam
1705 4431 1778 4488 ob
1837 4449 2079 4492 causam

432 4521 720 4582 multavit.
773 4521 1063 4594 Deinceps
1111 4519 1276 4592 Cpoli
1347 4535 1637 4594 egressus,
1723 4519 1881 4594 quod
1949 4539 2079 4580 ma-

2192 3522 2702 3600 γλωσσοτομνςσασα
2731 3520 2820 3577 καὶ
2853 3519 3197 3598 ἀμφοτέρους
3219 3519 3516 3596 ἐξορίσασα.

2261 3612 2412 3670 Μετὰ
2445 3609 2501 3667 δὶ
2533 3609 2884 3686 Ἠρακλωνᾶν
2913 3604 3228 3666 έϐασίλευσε
3257 3610 3510 3671 Κώνστας
3540 3609 3658 3673 υἱός
3687 3615 3855 3666 Κων-

2192 3700 2491 3773 σταντίνου,
2519 3697 2734 3777 ἔκγονος
2776 3696 2833 3755 δὶ
2859 3697 3208 3776 Ἡρακλείου,
3267 3693 3360 3770 ἔτη
3406 3701 3506 3770 κζ’,
3538 3699 3620 3768 ὃς,
3679 3701 3850 3776 Μαρ-

2187 3794 2334 3846 τῖνον
2362 3791 2454 3844 τὸν
2490 3789 2790 3868 ἁγιώτατον
2849 3789 3074 3844 πάππαν
3121 3789 3345 3862 Ῥώμης
3372 3787 3591 3866 ἀγαγὼν
3623 3788 3854 3864 ἀτίμως

2188 3876 2240 3932 ἐν
2296 3875 2872 3935 Κωντταντινουπὸλει
2927 3874 3018 3932 διὰ
3055 3877 3117 3932 τὸ
3162 3874 3482 3953 ἐλέγχεσθαι
3543 3876 3632 3932 ὑπ’
3665 3877 3852 3934 αὐτοῦ

2185 3968 2248 4023 τὸ
2283 3965 2653 4040 μονοθέλητον
2687 3965 2849 4022 αὐτοῦ
2882 3963 3080 4042 δόγμα,
3106 3965 3354 4041 έξωρισεν
3378 3965 3430 4020 έν
3450 3965 3724 4040 Χερσῶνι,
3745 3967 3849 4023 καὶ

2187 4055 2437 4130 Μαξίμου
2465 4059 2562 4110 τοῦ
2585 4051 2937 4131 ὁμολογητοῦ
2981 4055 3082 4124 τὴν
3111 4051 3362 4130 γλῶτταν
3405 4053 3496 4110 καί
3524 4053 3626 4122 τὴν
3658 4050 3847 4126 δεξιὰν

2187 4144 2421 4218 ἀπέτεμε
2459 4149 2641 4223 χεῖρα,
2671 4143 2765 4199 καὶ
2793 4139 3046 4204 πολλοὺς
3105 4141 3318 4217 ἑτέρους
3373 4147 3481 4199 τῶν
3528 4141 3850 4219 ὀρθοδὸξων

2186 4233 2385 4298 αἰκίαις
2442 4233 2531 4289 καὶ
2587 4230 2882 4307 δημεύσεσι
2937 4231 3028 4288 καὶ
3085 4232 3317 4306 έξορίαις
3372 4229 3692 4289 κατεδίκασε
3751 4232 3849 4291 διὰ

2181 4325 2282 4394 τήν
2329 4321 2494 4392 αὐτὴν
2557 4321 2753 4380 αίτίαν.
2815 4323 2973 4392 Εἶτα,
3027 4319 3346 4378 καταλιπὼν
3381 4322 3480 4392 τὴν
3540 4325 3845 4380 Κωνσταν-

2181 4411 2500 4468 τινούπολιν
2561 4408 2649 4466 διὰ
2707 4411 2770 4467 τὸ
2825 4415 3120 4485 μισηθῆναι
3177 4411 3280 4466 ὑπὸ
3347 4414 3455 4466 τῶν
3524 4412 3844 4482 Βυζαντίων

2185 4498 2458 4577 σφοδρῶς,
2493 4501 2720 4576 μετέστη
2754 4501 2806 4556 ἓν
2839 4499 3210 4577 Συρακούσαις
3237 4506 3341 4570 τῆς
3398 4498 3675 4572 Σικελίας,
3710 4498 3841 4558 ἔνθα

429 4629 542 4684 guo
573 4613 636 4670 in
676 4613 814 4671 odio
865 4587 1024 4688 apud
1099 4587 1452 4686 Hizautinos
1508 4587 1681 4679 esset,
1740 4587 2076 4682 ‘Syracusas

2191 4591 2237 4646 ἐν
2274 4591 2549 4671 βαλανείῳ
2589 4592 2949 4688 σμηχόμενος
2985 4591 3117 4664 μετᾶ
3170 4587 3342 4648 κάδου
3397 4590 3542 4668 παρὰ
3570 4589 3836 4668 ’Δνδρέου

428 4701 643 4759 Sicilim
674 4701 962 4776 migravit.
997 4699 1082 4756 lbi
1111 4699 1184 4756 ab
1237 4697 1475 4760 Andrea
1502 4699 1702 4756 nescio
1741 4716 1880 4773 quo,
1929 4701 2068 4761 dum

427 4789 486 4844 in
541 4788 753 4848 balneo
809 4790 1058 4858 lavatur,
1105 4789 1250 4849 cado
1292 4789 1547 4862 graviter
1609 4789 1786 4861 capiti
1843 4791 2070 4848 inflicto

427 4881 692 4936 necatur.
1859 4898 1868 4906 '

496 4966 635 5022 Post
664 4966 1046 5026 Constantem
1099 4971 1527 5028 Constantinus
1567 4969 1722 5028 ﬁlius
1752 4970 2070 5043 imperium

425 5053 807 5124 gessitannos
821 5055 1629 5128 septemdecim.Germanum
1646 5059 2068 5132 patriarcham,

422 5143 587 5214 prius
603 5143 730 5215 ejus
743 5148 907 5218 patre
919 5142 1177 5212 sublato,
1208 5145 1468 5202 eviravit.
1502 5147 1702 5205 Dictus
1721 5147 1818 5206 48
1851 5152 1942 5204 est
1961 5149 2068 5204 Po-

420 5237 693 5304 gonatus,
739 5231 898 5304 quod
955 5231 1240 5291 imberbis
1295 5235 1370 5290 ad
1422 5235 1827 5296 ulciscendam
1858 5252 2067 5294 necem

418 5321 602 5392 patris
625 5321 686 5376 in
701 5321 962 5377 Siciliam
981 5320 1279 5392 profectus
1291 5323 1586 5395 promissa
1601 5324 1786 5384 barba
1798 5326 2062 5384 redierit.

415 5411 571 5466 Duos
601 5411 832 5478 fratres,
867 5415 1148 5480 tanquam
1171 5427 1273 5466 eos
1302 5412 1402 5486 qui
1453 5429 1488 5470 a
1507 5414 1722 5490 populo
1755 5415 2067 5489 imperato-

411 5513 508 5554 res
530 5515 600 5554 eo
623 5498 922 5554 abnuente
979 5495 1512 5569 proclamarentur,
1573 5517 1717 5557 naso
1747 5503 2062 5574 mutilavit,

410 5593 468 5643 et
515 5587 705 5646 illium
735 5587 1137 5646 Iustinianum
1168 5603 1387 5644 corona
1429 5586 1862 5658 condecoravit,
1895 5597 1960 5653 ut
1991 5592 2065 5652 si-

410 5678 534 5736 mul
567 5697 695 5737 cum
729 5697 797 5735 eo
839 5679 1180 5751 imperaret.
1225 5679 1394 5734 Anno
1435 5677 1668 5734 decimo
1721 5680 1894 5736 tertio
1935 5679 2062 5750 ejus

2177 4684 2322 4746 τινὸς
2349 4682 2486 4740 κατᾶ
2513 4688 2757 4761 κορυφῆς
2785 4677 2972 4738 λαϐὼν
3003 4681 3292 4753 ἐτεθνήκει.

2253 4961 2400 5022 Μετὰ
2469 4958 2527 5018 δὲ
2577 4962 2834 5021 Κώνσταν
2894 4956 3212 5018 ἐϐασίλευσε
3242 4963 3651 5028 Κωνστοιντῖνος
3711 4963 3826 5021 υἱὸς

2179 5051 2344 5108 αὐτοῦ
2396 5049 2490 5123 ἔτη
2555 5051 2640 5122 ιζ’,
2705 5049 2766 5114 ὅς
2819 5051 2910 5106 καὶ
2952 5050 3224 5129 Γερμανόν
3255 5050 3349 5107 τὸν
3371 5052 3667 5130 γενόμενον
3734 5074 3830 5109 παο

2175 5142 2448 5218 τριάρχην
2531 5138 2870 5220 εὺνούχισεν,
2927 5139 3136 5196 ἀνελὼν
3193 5141 3288 5197 τὸν
3369 5141 3535 5197 αὐτοῦ
3599 5141 3824 5218 πατέρα.

2175 5230 2422 5302 Ἐκλήθη
2454 5226 2512 5286 δὶ
2552 5231 2892 5306 Πωγωνάτος
2922 5225 3014 5285 διὰ
3067 5229 3131 5287 τὸ
3181 5229 3425 5308 ἀγένειον
3459 5229 3719 5288 ἀπελθεῖν
3752 5231 3824 5293 εἷς

2179 5319 2428 5378 Σικελίαν
2461 5318 2551 5376 ῑπὶ
2580 5320 2682 5389 τήν
2713 5325 2810 5374 τοῦ
2869 5318 3076 5396 πατρὸς
3133 5315 3410 5391 έκδίκησιν
3463 5319 3560 5388 καὶ,
3603 5319 3822 5378 έπανελ·

2175 5415 2284 5475 θεῖν
2347 5407 2483 5483 μετᾶ
2539 5407 2821 5483 πώγωνος.
2863 5408 3001 5472 Τοὺς
3068 5403 3127 5464 δὲ
3183 5404 3278 5463 δύο
3334 5405 3608 5488 ἀδελφοὺς
3663 5408 3822 5464 αὐτοῦ

2170 5493 2494 5574 Ἡράκλειον
2535 5495 2627 5551 καὶ
2666 5491 2921 5570 Τιϐέριον
2977 5494 3403 5572 έρῥινοτόμησεν
3435 5497 3510 5562 ὡς
3571 5497 3678 5554 ὑπὸ
3727 5499 3821 5555 τοῦ

2174 5589 2309 5648 λαοῦ
2359 5585 2880 5666 ἂναγορευομένους,
2941 5585 3105 5646 αὐτοῦ
3161 5584 3323 5644 τοῦτο
3411 5588 3490 5663 μὴ
3541 5585 3816 5656 θέλοντος.

2171 5681 2402 5753 ’Έστεψε
2459 5675 2518 5731 δὶ
2571 5677 2948 5734 Ἰουστινιανὸν
3006 5677 3120 5733 υἱὸν
3179 5675 3345 5734 αὐτοῦ
3402 5671 3817 5752 συμϐασιλεύειν
