4150 6292
477 360 590 420 2⁸11

2030 345 2061 407 J
2072 343 2324 406 OELIS.

3738 343 3846 408 2'12

476 497 619 559 tem,
670 488 827 561 quod
878 487 1110 559 imperii
1173 485 1684 556 recuperationem
1735 479 2116 554 prmdixisset,

2241 494 2444 530 στασιν.
2505 471 2871 550 Χερσωνίταις
2920 470 2978 528 δὶ
3037 477 3389 546 μνησικακῶν
3442 471 3544 529 ἀπὸ
3595 481 3689 544 τῆς
3739 475 3850 548 ἐξο-

476 577 873 651 patriarcham
931 575 1302 647 Cpolitanum
1353 573 1589 629 creavit.
1638 571 1929 628 Adversus
1953 569 2124 623 Cher-

477 667 720 733 sonitas,
746 681 952 721 eorum
983 665 1042 718 in
1076 680 1136 718 se
1164 662 1414 718 dicteria
1441 679 1509 718 ac
1539 660 1954 727 contumelias,
1989 673 2123 713 cum

475 755 724 828 imperio
755 754 1022 825 dejectus
1044 752 1200 824 apud
1227 751 1358 806 illos
1382 751 1620 814 viveret,
1641 750 1842 805 animo
1865 747 2123 808 volvens,

473 847 744 910 classem,
777 843 868 898 cui
919 841 1232 914 patricium
1277 843 1540 896 Maurum
1589 838 1872 912 praefecit,
1909 833 2122 892 instrui

470 934 784 1006 pararique
811 931 1008 1002 jussit.
1043 931 1410 986 tilicrsouita:
1435 929 1750 986 Justiuiani
1800 930 1970 983 freno
2022 943 2120 981 ex-

472 1039 643 1079 cusso
676 1021 1073 1094 Philippicum
1104 1019 1182 1073 ibi
1217 1018 1509 1090 Apsimari
1532 1018 1708 1090 jussu
1729 1016 2120 1080 exsulantem,

470 1109 778 1182 Nicephori
811 1109 1022 1173 lilium,
1054 1108 1168 1162 cito
1202 1114 1260 1162 ct
1290 1107 1510 1162 cursim
1543 1107 1958 1178 imperatorem
1984 1121 2118 1175 pro~

470 1199 770 1256 nuntiant.
804 1199 882 1253 De
911 1214 979 1253 eo
1007 1196 1378 1252 Justinianus
1408 1197 1626 1251 certior
1647 1194 1913 1250 redditus
1935 1192 2122 1264 magis

467 1305 536 1344 ac
567 1287 750 1360 magis
780 1287 977 1342 furore
1010 1284 1346 1348 excanduit,
1378 1289 1660 1354 metuque
1690 1283 2005 1338 exterritus
2032 1281 2120 1336 Si-

467 1395 684 1451 nopem
732 1394 920 1450 usque
959 1375 1246 1448 procedit,
1303 1379 1373 1430 ut
1407 1391 1503 1431 res
1551 1391 1758 1430 omnes
1787 1372 2118 1429 accuratius

467 1468 836 1524 rescisceret.
871 1468 1085 1522 Verum
1111 1465 1438 1537 Philippico
1460 1480 1594 1521 cum
1625 1462 1944 1520 classiariis
1959 1461 2116 1517 mili-

471 1556 627 1612 tibus
669 1555 744 1612 ad
774 1554 982 1610 urbem
1012 1555 1188 1610 citius
1237 1553 1456 1619 delato,
1485 1553 1853 1608 Justinianus
1911 1569 1945 1608 a
1993 1551 2118 1606 suis

471 1647 748 1703 omnibus
776 1647 1045 1702 desertus
1075 1645 1148 1700 ad
1167 1645 1530 1700 Demetrium
1561 1659 1624 1700 se
1654 1640 2117 1700 contulit.lllum

468 1742 704 1808 captum
727 1734 1086 1807 Philippicas
1107 1733 1420 1789 confestim
1446 1731 1960 1804 ignominioseque
1983 1731 2116 1786 neci

467 1839 581 1894 que
602 1823 762 1879 illius
792 1822 980 1878 ﬁlium
1019 1821 1354 1877 obtruncat.

536 1917 674 1968 Post
701 1909 1609 1981 JustinianumI’hilippicus.qui
1632 1908 1928 1964 Bardanes
1943 1907 2121 1964 etiam

467 2001 795 2066 dicebatur,
828 1998 1137 2071 imperavit
1195 2015 1385 2054 annos
1407 1997 1574 2053 duos.
1608 1997 1784 2053 Illum
1841 1996 2122 2069 Georgius

465 2091 773 2163 patricius,
833 2095 1226 2162 cognomento
1283 2088 1608 2160 Boraphus,
1669 2092 1728 2142 et
1779 2085 2122 2142 Theodorus

465 2179 750 2252 patricius
781 2179 947 2250 Myxa
975 2195 1110 2234 cum
1144 2182 1512 2234 armatorum
1541 2175 1797 2232 militum
1821 2191 2002 2232 manu
2033 2191 2121 2230 re.

465 2275 642 2341 pente
673 2286 743 2324 ex
772 2267 1020 2323 Thracia
1056 2268 1354 2322 irruentes
1383 2270 1684 2338 arreptum
1725 2265 1924 2322 statim
1942 2281 2122 2322 σεσω-

466 2363 625 2426 cant,
660 2363 717 2412 et
772 2357 868 2412 die
910 2356 1183 2427 sequenti
1242 2360 1565 2411 convocata
1618 2352 2002 2410 multitudine
2060 2354 2120 2408 in

468 2449 675 2520 Magna
704 2446 954 2502 ecclesia
983 2445 1312 2500 Artemium
1363 2449 1822 2516 protasecretem
1874 2443 2125 2514 impera-

472 2541 661 2592 torem
695 2533 1068 2590 denuntiant.

539 2626 679 2680 Post
712 2621 1111 2694 Philippicum
1168 2622 1488 2694 imperium
1549 2621 1740 2677 tenuit
1795 2621 2118 2688 Artemius,

470 2713 820 2772 Anastasius
852 2713 1028 2768 etiam
1061 2711 1274 2778 dictus,
1308 2727 1498 2766 annos
1519 2712 1612 2768 51
1669 2709 1838 2766 duos.
1874 2710 1990 2766 Sub
2049 2724 2118 2767 eo

472 2805 800 2860 Germanus
832 2819 900 2858 ex
929 2801 1242 2873 metropoli
1283 2801 1466 2874 Cyzici
1499 2801 1560 2855 in
1618 2801 1988 2873 Cpolitanam
2023 2814 2119 2856 se-

468 2893 605 2949 dem
627 2891 950 2949 translatus
981 2896 1090 2948 est.
1118 2890 1356 2960 Classis,
1391 2906 1566 2962 quam
1601 2889 1726 2964 ipse
1748 2895 1954 2946 contra
1977 2892 2119 2962 Aga-

463 2998 640 3038 renos
654 2978 1310 3050 expedierat,seditione
1337 2978 1490 3034 facta
1519 2978 1837 3050 imperium
1853 2978 2116 3034 Artemio

459 3071 768 3140 abrogant,
800 3067 1012 3122 ducem
1057 3083 1230 3121 suum
1270 3065 1658 3133 interficiunt,
1690 3067 1892 3137 sicque
1925 3067 1986 3120 in
2020 3065 2118 3120 do-

2153 1829 2201 1895 Β

2239 559 2356 635 ρίας
2391 559 2585 617 στόλον
2618 559 2885 632 ἐξώπλισε
2914 566 3031 617 κατ’
3091 559 3292 632 αὐτῶν,
3341 559 3432 616 καὶ
3465 560 3734 618 ἀπέστειλε
3787 569 3862 638 τῷ

2229 651 2507 726 πατρικίῳ
2536 651 2746 726 Μαύρῳ
2800 655 2992 707 τοῦτον
3039 648 3507 728 ἐγχειρισάμενος.
3555 651 3622 708 O't
3669 648 3723 707 δὲ
3775 653 3858 709 τὸν

2235 739 2744 812 μένἹουσ-τινιανὸν
2811 735 3162 815 καθύϐρισαν,
3219 739 3313 795 τὸν
3375 735 3433 794 δὶ
3487 737 3649 794 ἐκεῖσε
3698 738 3863 816 ἐξόρι-

2234 849 2357 884 στον
2417 827 2545 885 ὂντα
2599 829 2704 886 ὑπὸ
2757 829 3067 905 Ἀψιμάρου
3127 827 3492 898 Φιλιππικὸν,
3539 829 3650 885 υἱὸν
3704 836 3860 902 Νικηο

2229 919 2402 995 φόρου
2479 919 2794 992 πατρικίου,
2909 916 3136 992 βασιλέα
3219 921 3410 982 θᾶττον
3491 916 3858 994 ἀνηγόρευσαν,

2227 1007 2400 1082 Ὅπερ
2430 1005 2594 1082 γνοὺς
2626 1007 2654 1062 6
2682 1011 2944 1080 τύραννος
2978 1006 3380 1076 Ἰουστινιανὸς,
3424 1005 3515 1059 καὶ
3570 1004 3654 1061 ἐπὶ
3682 1004 3856 1062 πλεῖον

2227 1095 2500 1168 θυμωθεὶς
2529 1095 2616 1150 καί
2649 1089 2910 1173 φοϐηθεὶς
2966 1093 3168 1164 ἀνῆλθε
3229 1095 3396 1170 μέχρι
3447 1093 3686 1162 Σινώπης
3722 1095 3860 1170 ἀκρι-

2227 1175 2284 1236 ϐι
2358 1203 2404 1218 ρ,
2620 1182 2634 1200 ‘
2695 1203 2725 1218 .-
2775 1182 2790 1204 '
3493 1187 3518 1216 τ’
3599 1183 3620 1214 1

2265 1203 2478 1257 εστερον
2509 1204 2636 1261 περι
2707 1204 2892 1239 ιουτου
2949 1181 3354 1257 μαθησόμενος.
3414 1185 3522 1239 To;
3568 1180 3622 1237 δι
3667 1181 3860 1238 Φιλιπ-

2223 1276 2388 1326 πικοῦ
2446 1270 2538 1326 σὺν
2593 1271 2779 1345 στόλῳ
2835 1266 3265 1340 καταλαϐόντος,
3316 1271 3680 1333 Ἰουστινιανὸς
3733 1273 3857 1347 πρὸς

2223 1360 2312 1416 τὸν
2365 1361 2684 1436 Δημήτριον
2743 1358 2972 1435 ἀπέδρα,
3032 1353 3418 1438 καταλειφθεὶς
3495 1361 3592 1420 ὑπὸ
3643 1361 3864 1416 πάντωνι

2225 1449 2282 1503 ὅν
2315 1449 2510 1505 αὐτίκα
2541 1447 2884 1512 Φιλιππικὸς
2916 1449 3328 1528 χειρωσάμενος
3371 1447 3580 1505 ἀνεῖλεν
3609 1449 3870 1526 αἰσχρῶς,

2220 1538 2311 1593 καὶ
2367 1539 2468 1608 τήν
2528 1538 2770 1607 κεφαλήν
2820 1535 2986 1593 αὐτοῦ
3049 1543 3169 1601 τοῖς
3255 1536 3496 1600 Σκύθαις
3573 1536 3873 1612 ἐξέπεμψεν.

2230 1628 2473 1702 Ἀναιρεῖ
2501 1623 2672 1682 δὲκαὶ
2705 1621 2961 1703 Τιϐέριον
3001 1627 3093 1682 τὸν
3117 1626 3231 1682 υἱὸν
3267 1625 3465 1683 αὐτοῦ.

2223 1718 2424 1788 tradit,
2452 1723 2509 1773 et
2529 1717 2854 1789 caputejus
2885 1717 3118 1790 Scythis
3151 1717 3333 1774 misit.
3359 1717 3712 1774 Thiberium
3745 1736 3884 1792 quo-

2300 1905 2451 1961 Μετὰ
2501 1902 2559 1960 δὶ
2615 1904 2996 1962 Ἰουστινιανὸν
3054 1898 3370 1960 ἐϐασίλευσε
3435 1903 3782 1968 Φιλιππικός
3859 1906 3887 1960 6

2225 1995 2316 2049 καί
2341 1990 2624 2071 Βαρδάνης
2668 1989 2764 2064 ἔτη
2799 1994 2868 2070 β’,
2899 1993 2961 2049 ’ὸν
3021 1993 3296 2068 Γεώργιος
3343 1994 3670 2071 πατρίκιος,
3700 1995 3746 2066 ᾧ
3777 1992 3889 2049 ἐπί-

2227 2082 2364 2150 κλην
2397 2083 2668 2162 Βόραφος,
2691 2083 2781 2138 καὶ
2815 2079 3097 2157 Θεόδωρος
3155 2080 3454 2157 πατρίκιος
3480 2085 3511 2140 6
3542 2084 3734 2155 Μόξης
3760 2081 3891 2158 μετὶ

2223 2173 2503 2244 ταξεωτῶν
2589 2169 2786 2248 α’ίιρνης
2871 2169 2931 2227 ἐκ
3013 2178 3114 2241 τῆς
3191 2171 3417 2247 Θρᾴκης
3508 2172 3759 2238 ἐλθόντες
3808 2186 3894 2241 καὶ

2226 2257 2654 2332 εἰσπηδήσαντες
2769 2261 3071 2334 ἁρπάζουσι
3163 2259 3255 2315 καὶ
3353 2260 3528 2328 εὐθὺς
3609 2260 3896 2340 τυνρλοῦσις

2224 2353 2314 2410 καὶ
2400 2355 2468 2428 τῇ
2539 2349 2796 2426 ἐπαύριον
2857 2353 3214 2428 συναχθέντος
3288 2355 3388 2408 τοῦ
3487 2351 3630 2410 λαοῦ
3703 2352 3756 2409 ἐν
3834 2355 3898 2425 τῇ

2223 2439 2449 2518 Μεγάλῃ
2504 2439 2772 2512 ἐκκλησίᾳ
2831 2436 3054 2515 ἔστεψαν
3111 2441 3410 2514 ’Δρτὲμιον
3482 2442 3898 2518 πρωτασηκρή-

2223 2531 2322 2601 τήν
2329 2573 2344 2586 ο

2295 2619 2446 2678 Μετὰ
2501 2616 2559 2674 δὶ
2642 2617 2982 2675 Φιλιππικὸν
3064 2613 3420 2674 ἐϐασίλευσεν
3511 2619 3888 2698 Ἀρτέμιοςό

2221 2707 2312 2764 καὶ
2343 2707 2690 2770 ’Δναστάσιος
2718 2705 2811 2778 ἔτη
2844 2707 2911 2782 β’,
2969 2706 3051 2786 ἐφ’
3109 2705 3172 2762 οὗ
3210 2707 3302 2762 καὶ
3336 2712 3636 2784 Γερμανὸς
3693 2709 3754 2766 ἐκ
3802 2715 3897 2778 τῆς

2228 2795 2626 2876 μητροπόλεως
2679 2795 2912 2867 Κυζίκου
2969 2795 3222 2870 μετετέθη
3277 2794 3356 2858 εἷς
3441 2797 3896 2856 Κωνσταντινού-

2223 2887 2386 2944 πολιν
2416 2887 2788 2962 πατριάρχης.
2817 2885 2878 2944 Ὀ
2909 2881 2967 2940 δέ
3022 2885 3157 2941 κατὰ
3203 2889 3311 2941 τῶν
3375 2887 3726 2964 Ἀγαρηνῶν
3783 2887 3904 2962 παρ’

2224 2978 2391 3033 αὐτοῦ
2449 2975 2666 3038 σταλεὶς
2733 2975 2927 3038 στόλος
3003 2975 3294 3040 στασιάσας
3353 2977 3457 3033 καὶ
3520 2984 3620 3034 τὸν
3685 2975 3907 3054 βασιλέα

2222 3067 2532 3140 ἀνασκάψας
2569 3064 2658 3121 καὶ
2715 3064 2808 3120 τὸν
2879 3063 3080 3120 οἰκεῖον
3143 3062 3401 3141 ἄρχοντα
3467 3065 3695 3122 ἀνελὼν
3755 3067 3915 3140 ἀνήρ’

459 3157 686 3213 minam
715 3155 951 3210 urbium
984 3169 1219 3225 gressus
1251 3154 1680 3226 dirigunt.Cum
1715 3159 2112 3226 Atramyttum

2232 3175 2360 3232 χετο
2389 3153 2527 3209 κατά
2585 3155 2686 3218 τῆς
2745 3149 3031 3227 βασιλίδος
3093 3151 3336 3215 πόλεως.
3408 3154 3712 3217 Ἐλθόντες
3772 3151 3828 3208 δὲ
3864 3155 3913 3206 ἐν

454 3243 888 3316 pervenissent,
918 3240 1312 3296 Theodosium
1345 3239 1716 3312 publicorum
1737 3243 2110 3310 vectigalium

459 3331 1021 3397 exactorem,virum
1054 3328 1306 3401 impium
1337 3329 1770 3401 rusticumque,
1803 3330 2112 3402 abreptum

460 3421 883 3492 imperatorem
931 3424 1154 3473 creant.
1189 3419 1292 3473 Hic
1349 3434 1480 3473 cum
1531 3418 1594 3472 in
1649 3417 1926 3474 Thracias
1980 3437 2116 3477 oras

459 3507 1166 3582 trajecisset,seditiosam
1199 3508 1494 3564 civitatem
1519 3523 1624 3578 per
1651 3507 2116 3566 Blachernarum

461 3605 696 3673 portam
736 3597 1087 3670 ingreditur.
1119 3597 1417 3652 Artemius
1454 3597 1710 3654 Nicaeam
1766 3597 2000 3672 fugiens
2056 3611 2118 3662 et

464 3689 781 3746 securitate
806 3687 1101 3760 promissa
1117 3686 1384 3742 habitum
1399 3686 1674 3743 monachi
1699 3686 1890 3742 induit
1907 3704 1920 3754 ;
1936 3705 2115 3760 quem

464 3777 830 3834 Theodosius
856 3776 1288 3832 Thessalonica:
1322 3776 1592 3832 exsulare
1607 3777 1805 3848 jussit.
1822 3779 2114 3834 Caeterum

465 3869 578 3924 Leo
601 3869 836 3923 lsaurus
869 3865 1256 3922 Orientalium
1303 3864 1422 3920 dux
1470 3882 1577 3937 pro
1608 3866 1870 3922 Artemio
1903 3883 2117 3939 propu-

461 3973 648 4030 gnans
678 3955 1006 4012 Theodosio
1039 3953 1280 4010 obedire
1313 3954 1524 4009 noluit.

531 4115 674 4170 Post
699 4113 1029 4167 Artemium
1059 4112 1421 4167 Theodosius
1442 4114 1887 4184 Atramyttenus
1930 4114 2114 4186 impe-

458 4203 617 4258 rium
646 4201 798 4272 regit
827 4215 1014 4254 annos
1045 4199 1214 4254 duos.
1249 4200 1364 4255 Sub
1398 4218 1467 4256 eo
1507 4201 1622 4256 Leo
1653 4201 1891 4258 lsaurus
1921 4219 1956 4259 a
1979 4203 2114 4259 Mal-

457 4307 596 4347 sava
625 4291 1056 4346 Saracenorum
1088 4287 1356 4360 principe
1404 4287 1707 4357 seductus,
1741 4295 1802 4345 et
1829 4290 1902 4346 ab
1930 4293 2115 4348 omni-

456 4381 570 4437 bus
601 4379 928 4452 imperator
949 4377 1260 4443 salutatus,
1277 4377 1498 4449 ingenti
1532 4379 1836 4450 c0piarum
1858 4380 1910 4434 vi
1928 4379 2110 4454 Chry-

455 4469 706 4543 sopolim
737 4472 1007 4541 occupat.
1059 4468 1349 4522 Caeterum
1379 4466 1761 4533 .Theodosius
1792 4467 2110 4540 imperium

455 4559 636 4616 cessit
661 4558 860 4625 Leoni,
895 4574 928 4613 a
959 4573 1075 4628 quo
1105 4572 1240 4615 cum
1273 4572 1334 4611 se
1359 4555 1420 4610 in
1452 4560 1753 4626 posterum
1786 4561 1910 4612 tuto
1931 4559 2113 4616 vitam
2149 4548 2190 4612 Ι)

456 4664 628 4721 agere
669 4664 842 4721 posse
891 4647 1252 4720 promissum
1282 4643 1632 4716 accepisset,
1667 4644 2017 4703 clericorum
2049 4664 2112 4704 se

459 4737 592 4792 albo
625 4754 744 4793 una
774 4753 910 4793 cum
943 4736 1064 4791 ﬁlio
1095 4733 1389 4807 ascripsit.
1439 4733 1724 4789 Eumdem
1757 4740 1814 4789 et
1871 4737 2110 4810 chryso-

461 4825 750 4895 graphum
783 4824 1063 4891 fuissc,et
1093 4825 1436 4896 episcopum
1469 4823 1832 4894 Ephesinum
1849 4830 2110 4882 creatum

463 4911 534 4968 ab
558 4911 792 4979 eodem,
813 4912 1061 4968 historia
1088 4912 1390 4984 proditum
1419 4917 1528 4967 est.

535 5002 674 5055 Post
701 5000 1094 5055 Theodosium
1128 4999 1443 5072 imperium
1480 4999 1695 5055 invasit
1720 5001 1830 5056 Leo
1853 5001 2111 5072 Isaurus,

461 5087 561 5160 qui
603 5095 660 5143 et
689 5089 867 5154 Cono,
901 5105 1092 5143 annos
1139 5088 1340 5160 viginti
1405 5088 1696 5160 quinque.
1748 5091 1853 5146 llic
1904 5091 2110 5147 multis

457 5177 690 5234 damnis
722 5176 1011 5247 malisque
1033 5175 1401 5231 Christianos
1431 5177 1719 5244 aifecit,ut
1742 5179 2112 5236 veneranda-

455 5283 586 5322 rum
623 5265 720 5322 5‘2
747 5264 1072 5338 imaginum
1128 5262 1357 5319 cultum
1389 5263 1676 5332 aboleret,
1712 5265 1901 5322 lilium
1936 5284 2110 5324 suum

453 5355 912 5412 Constantinum
936 5353 1354 5426 imperatorem
1377 5353 1708 5424 proposuit.
1750 5355 1959 5412 Verum
1983 5358 2109 5414 haec

457 5442 922 5516 flagitiosissima
979 5439 1460 5510 exsecrandaque
1517 5441 1859 5514 reipublicae
1927 5447 2113 5516 pestis

454 5534 746 5591 viscerum
808 5533 1015 5589 morbo
1092 5535 1402 5602 correptus
1490 5529 1884 5600 ignominioso
1935 5536 2111 5592 vitam

460 5623 698 5697 abjecit.

2227 3247 2307 3314 τῷ
2367 3240 2691 3317 Ἀτραμότῳ
2745 3239 2900 3316 εὖρον
2957 3239 3131 3297 ἐκεῖσε
3203 3238 3514 3299 Θεοδόσιον
3599 3242 3912 3316 ἐκλῆπτορα

2224 3335 2334 3386 τῶν
2361 3327 2648 3401 δημοσίων
2679 3329 2886 3408 φόρων,
2920 3325 3089 3404 ἄνδρα
3120 3323 3359 3400 δυσσεϐῆ
3407 3332 3510 3386 καὶ
3554 3332 3909 3410 ἀπράγμονα,

2223 3421 2311 3476 καὶ
2353 3421 2723 3496 ἀνηγόρευσαν
2785 3419 2945 3476 αὐτὸν
2998 3418 3246 3495 βασιλέα·
3310 3420 3377 3484 ’ὀς
3428 3421 3528 3478 ἐπὶ
3589 3425 3663 3480 τά
3693 3423 3920 3497 Θρᾳκῷα

2223 3508 2459 3586 περάσας
2493 3509 2632 3584 μέρη
2667 3507 2719 3564 ἐν
2753 3505 2918 3584 ὄχλῳ
2961 3508 3117 3584 βαρεῖ
3173 3509 3272 3578 τήν
3328 3509 3515 3568 πόλιν
3550 3504 3920 3584 καταλαμϐά-

2223 3622 2324 3673 νει,
2373 3601 2465 3657 καὶ
2523 3598 2614 3656 διὰ
2668 3606 2768 3670 τῆς
2824 3604 2933 3655 τῶν
2968 3598 3300 3676 Βλαχερνῶν
3337 3603 3576 3680 πόρτης
3611 3602 3816 3680 εἷσῄει.
3856 3600 3916 3658 Ὀ

2224 3687 2283 3746 δὲ
2331 3689 2622 3767 Ἀρτέμιος
2675 3689 2729 3744 ἐν
2786 3687 2985 3761 Νικαίᾳ
3039 3688 3252 3768 φυγὼν,
3305 3688 3498 3770 λόγον
3561 3714 3626 3751 τε
3657 3689 3918 3751 ἀπαθείας

2224 3777 2434 3850 λαϐὼν,
2464 3781 2528 3837 τὸ
2562 3777 2854 3854 μοναδικὸν
2905 3773 3264 3855 περιεϐάλετο
3326 3789 3570 3859 σχῆμα·
3608 3783 3672 3840 δν
3721 3777 3916 3838 Θεοδο-

2222 3891 2340 3933 σιος
2373 3871 2426 3926 ἐν
2459 3869 2828 3943 Θεσσαλονίκῃ
2891 3867 3165 3944 ἐξώρισεν.
3228 3867 3388 3926 Λέων
3449 3869 3514 3928 δὲ
3549 3873 3581 3928 6
3613 3873 3712 3928 καὶ
3741 3873 3920 3928 ’Ἱσαυυ

2225 3979 2316 4033 ρος
2391 3959 2481 4015 καὶ
2561 3963 2671 4014 τῶν
2731 3957 3070 4014 ἀνατολικῶν
3157 3961 3490 4038 στρατηγὸς
3573 3961 3922 4037 ὑπερμαχῶν

2221 4048 2497 4126 ’Λρτεμίῳ
2527 4046 2637 4122 οὐχ
2665 4045 2906 4122 ὑπετάγη
2939 4043 3234 4120 Θιοδοσίῳ.

2293 4137 2442 4195 Μετὰ
2473 4133 2532 4191 δὲ
2589 4134 2879 4210 ’Λρτίμιον
2933 4129 3252 4192 ἐϐασίλευσε
3275 4135 3662 4202 Θεοδόσιοςό
3724 4141 3928 4213 Ἀτρα-

2225 4226 2463 4300 μυτηνὸς
2494 4220 2588 4296 ἐτη
2615 4224 2687 4299 β’,
2719 4222 2804 4304 ἐφ’
2857 4223 2919 4280 οὐ
2951 4221 3101 4280 Λὲων
3138 4224 3166 4280 6
3195 4225 3470 4304 “Ἰσαυρος
3507 4230 3625 4286 ὑπὸ
3659 4218 3936 4290 Μαλσάϐα

2218 4318 2316 4370 τοῦ
2343 4318 2454 4370 τῶν
2485 4317 2821 4389 Σαρακηνῶν
2849 4313 3112 4392 ἀρχηγοῦ
3170 4317 3606 4389 συγκρατηθετς
3640 4319 3738 4372 καὶ
3795 4311 3936 4388 παρᾶ

2219 4403 2430 4459 πάντων
2484 4400 2822 4479 εὖφημηθείς
2886 4401 3022 4475 μετὰ
3099 4399 3378 4458 πλείστου
3451 4410 3716 4482 στρατοῦ
3776 4422 3942 4462 καταο

2220 4488 2490 4568 λαμϐάνει
2521 4493 2622 4563 τὴν
2669 4488 3041 4568 Χρυσόπολιν.
3097 4496 3157 4550 '0
3214 4488 3272 4547 δὲ
3340 4493 3702 4564 Θεοδόσιος,
3775 4493 3942 4567 λόγον

2219 4582 2476 4648 ἀπαθείας
2533 4586 2660 4658 παρ’
2743 4581 2908 4638 αὐτοῦ
2981 4576 3190 4654 λαϐὼν,
3257 4587 3714 4662 παρεχώρησεν
3796 4583 3943 4655 αὐτῷ

2216 4679 2318 4742 τῆς
2366 4668 2675 4746 βασιλείας,
2731 4669 3000 4745 κληρικὸς
3069 4668 3164 4725 σὺν
3244 4671 3357 4744 υἱῷ
3424 4675 3778 4751 γενόμενος.
3838 4673 3943 4728 Τὸν

2221 4755 2468 4816 αὐτὸνδέ
2503 4779 2661 4837 φασιν
2694 4758 2748 4814 οἱ
2803 4757 3072 4834 ἱστορικοὶ
3128 4758 3219 4814 καὶ
3272 4763 3719 4844 χρυσογράφον
3779 4761 3945 4827 εἶναι,

2217 4848 2307 4904 καὶ
2335 4845 2606 4924 γεγονέναι
2637 4845 2930 4902 ἐπίσκοπον
2960 4847 3187 4924 Ἑφέσου
3219 4845 3308 4900 ὑπ’
3347 4849 3574 4909 αὐτοῦ.

2288 5031 2436 5089 Μετὰ
2485 5027 2542 5087 δὲ
2572 5030 2864 5088 Θεοδόσιον
2905 5026 3430 5090 ἐϐασίλευσεΛέων
3495 5039 3528 5093 ὁ
3591 5041 3864 5114 ’Ἱσαυρος
3919 5035 3946 5088 6

2217 5120 2309 5176 καὶ
2367 5120 2551 5176 Κόνων
2636 5117 2729 5192 ἔτη
2775 5123 2870 5188 κε’,
2927 5118 3116 5176 πολλὰ
3168 5119 3313 5176 κακᾶ
3369 5129 3512 5190 τοῖς
3577 5127 3945 5203 Χριστιανοῖς

2220 5208 2586 5284 ἐνδειξάμενος
2613 5206 2704 5266 διὰ
2745 5210 2846 5278 τήν
2901 5211 3010 5266 τῶν
3058 5209 3227 5285 ἁγίων
3283 5209 3550 5271 εἶκόνων
3591 5219 3947 5290 καθαίρεσιν.

2220 5301 2452 5373 ’Έστεψε
2473 5295 2533 5354 δὶ
2585 5299 2680 5356 τὸν
2737 5300 2854 5356 υἱὸν
2911 5301 3083 5356 αὐτοῦ
3112 5306 3574 5362 Κωνσταντῖνον.
3633 5306 3752 5366 Καὶ
3799 5303 3946 5375 νόσῳ

2221 5385 2558 5462 δυσεντερίας
2587 5389 2616 5443 6
2637 5388 2960 5462 παμμίαρος
2988 5389 3078 5444 καὶ
3112 5385 3388 5466 ἀλάστωρ
3439 5395 3788 5470 περιπεσὼν
3851 5393 3950 5460 τήν

2219 5479 2407 5554 ψυχήν
2439 5477 2690 5552 αἰσχρῶς
2714 5476 3037 5553 ἀπὲῥρηξεν.
