4150 6292
279 355 381 415 Ἦῖὶ

1689 350 2381 415 CHRONOGBAPHIA.

3630 358 3750 417 274

358 486 520 544 Μετᾶ
594 485 662 543 ’ὀὶ
743 484 958 542 Λέοντα
1022 481 1336 540 ἐϐασίλευσε
1406 487 1800 543 Κωνσταντῖνος
1868 482 1954 537 υἱὸ

2171 485 2351 543 Leoni
2382 492 2667 545 successit
2697 491 3119 545 Constantinus
3172 489 3329 545 [ilius
3378 490 3441 544 in
3491 489 3747 545 admini-

307 576 459 634 αὐτοῦ
490 575 596 648 ἔτη
660 573 788 647 λδ’,
849 574 909 631 ἐγ
966 572 1270 631 δεινοτάτου
1330 573 1556 636 λὲοντος
1607 572 1984 644 ποικιλωτάτη

316 665 610 744 πάρδαλις,
650 666 719 723 ἐκ
752 665 1070 739 σπέρματος
1098 662 1274 745 ὅφεως
1304 664 1466 727 ἀσπὶς
1526 660 1675 733 δεινὴ
1723 664 1812 720 καὶ
1863 660 1984 743 ὄφις

321 759 637 832 πετόμενος,
692 757 723 811 6
786 753 850 811 ἐκ
908 754 1009 810 Δᾶν
1067 754 1474 833 Ἀντίχριστος.
1520 752 1834 822 Οὗτοςοτήν
1879 772 1981 808 πα-

329 849 491 921 τρῴαν
564 843 861 923 βασιλείαν
922 844 1035 918 ἃμα
1090 844 1181 899 καὶ
1241 837 1550 899 δυσσέϐειαν
1605 839 1983 915 διαδεξάμενος

333 936 503 992 πλεῖον
529 936 627 991 καὶ
666 933 893 1009 μᾶλλον
926 932 986 989 ἐκ
1026 935 1158 988 Θεοῦ
1204 931 1295 987 καὶ
1341 939 1442 1002 τῆς
1492 933 1840 1006 Θεομητορος
1891 930 1980 985 καὶ

333 1026 536 1080 πάντων
569 1028 683 1078 τῶν
715 1020 893 1099 ἁγίων
928 1018 1191 1078 διίστατο.
1244 1018 1402 1078 Ἀλλ’
1453 1019 1697 1095 αἰσχρῶς
1744 1018 1835 1073 καὶ
1888 1019 1981 1074 οὗ-

334 1134 414 1176 τος
440 1116 542 1184 τήν
574 1112 768 1190 ψυχὴν
801 1108 1117 1186 ἀπορρήξας
1149 1110 1367 1179 θνήσκει
1403 1111 1558 1183 ψυχῇ
1601 1107 1692 1163 καὶ
1739 1108 1976 1180 σώματι,

336 1202 472 1275 βοῶν
533 1198 825 1275 ὀδυνηρῶς
884 1199 977 1253 καὶ
1047 1199 1245 1273 ιιὲγων⁸
1297 1201 1414 1252 Ζῶν
1469 1195 1598 1270 πυρί
1675 1192 1979 1271 παρεδόθην

327 1289 409 1345 διὰ
502 1289 607 1359 τὴν
714 1286 985 1343 Θεοτόκον
1088 1285 1316 1361 Μαρίαν.
1407 1281 1605 1361 Ἀλλ’¹
1665 1284 1773 1339 ἀπὸ
1875 1287 1974 1340 τοῦ

323 1383 412 1435 νῦν
459 1377 713 1452 τιμάσθω
768 1376 862 1432 καὶ
923 1376 1264 1451 ἀνυμνείσθω
1347 1375 1424 1437 ὡς
1494 1374 1759 1436 Θεοτόκος
1830 1371 1975 1444 ἀλη-

322 1470 420 1539 θὴς
450 1466 601 1523 οὖσα.

384 1647 542 1705 Μετὰ
596 1643 655 1702 δί
713 1649 1113 1701 Κωνσταντῖνον
1171 1638 1515 1699 ἐϐασίλευσεν
1547 1643 1576 1696 6
1606 1640 1667 1696 ἐκ
1710 1648 1810 1711 τῆς
1859 1642 1969 1697 Χα-

311 1738 480 1811 ζαρας
510 1735 630 1797 υἱὸς
664 1733 831 1790 αὒτοῦ
890 1729 1177 1813 Λὲωνὶέτη
1233 1732 1296 1791 ε’.
1342 1732 1573 1806 Ἓστεψε
1632 1727 1690 1785 δὶ
1738 1728 1830 1784 καὶ
1875 1730 1968 1785 τὸν

2095 577 2379 633 stratione
2411 579 2644 651 imperii
2676 596 2784 652 per
2822 595 3010 635 annos
3063 578 3305 652 triginta
3352 584 3626 650 quatuor,
3673 596 3745 635 ex

2094 663 2565 724 horrendissimo
2595 669 2766 725 leone
2798 668 3240 724 versutissimus
3270 668 3511 739 pardus,
3545 684 3617 723 ex
3647 686 3740 725 se-

2091 754 2252 810 mine
2286 757 2579 829 serpentis
2611 758 2771 830 aspis
2807 757 2936 814 dira
2968 762 3026 813 et
3053 756 3741 829 fulmineusserpens,ex

2090 843 2252 897 Dano
2282 845 2704 901 Antichristus.
2739 846 2844 901 llic
2873 848 3105 918 paterni
3136 844 3371 916 imperii
3418 851 3592 917 atque
3624 847 3737 900 im-

2088 930 2325 1001 pietatis
2339 932 2551 1002 hasres,
2577 934 2767 1005 magis
2788 951 2855 989 ac
2876 933 3063 1005 magis
3086 933 3309 989 cultum
3332 933 3733 999 divinum,Dei

2087 1019 2286 1076 Matris
2309 1020 2561 1091 gloriam
2595 1027 3057 1093 sanctorumque
3108 1022 3375 1078 omnium
3427 1023 3736 1078 aversaba-

2087 1112 2201 1163 tur.
2235 1109 2350 1165 Sed
2378 1110 2473 1166 hic
2504 1127 2740 1183 quoque
2773 1111 2928 1183 turpi
2968 1111 3088 1165 leto
3136 1111 3397 1167 animam
3449 1112 3732 1183 profudit,

2086 1214 2218 1253 cum
2251 1215 2496 1271 corpore
2528 1202 2823 1256 exstincto
2857 1200 3058 1255 anima
3087 1216 3324 1270 quoque
3348 1204 3571 1255 aeterno
3597 1218 3734 1272 sup-

2082 1286 2262 1359 plicio
2279 1289 2694 1345 condemnata.
2727 1290 2866 1345 Ideo
2884 1289 3050 1345 vivus
3065 1289 3488 1345 miserabiliter
3504 1290 3733 1360 ejulans

2082 1392 2458 1448 maerensque
2481 1378 2960 1449 conquerebatur
2982 1396 2995 1433 :
3036 1381 3204 1435 Vivus
3226 1378 3348 1449 igni
3360 1379 3731 1434 traditussum

2071 1472 2305 1536 propter
2337 1468 2632 1537 Deiparam
2661 1469 2918 1522 Mariam.
2967 1468 3074 1523 Sed
3121 1468 3188 1522 ab
3239 1467 3339 1522 hoc
3383 1473 3624 1538 tempore
3670 1471 3730 1522 in

2081 1556 2283 1612 honore
2311 1574 2374 1612 ac
2393 1557 2748 1613 veneratione
2778 1564 2907 1625 esto,
2943 1575 3064 1613 cum
3088 1575 3210 1613 vere
3242 1558 3483 1629 Deipara
3508 1561 3600 1613 sit.

2148 1646 2600 1701 Constantinum
2644 1651 2883 1701 secutus
2941 1653 3030 1701 est
3081 1647 3143 1701 in
3191 1647 3442 1718 imperio
3499 1647 3612 1702 Leo
3659 1664 3727 1702 ex

2077 1733 2335 1790 Chazara
2366 1734 2524 1790 filius
2554 1750 2661 1805 per
2699 1751 2886 1789 annos
2931 1735 3214 1806 quinque.
3252 1735 3306 1789 Is
3337 1735 3527 1790 {ilium
3576 1736 3726 1790 Con-

308 1827 428 1881 υἱὸν
470 1825 641 1881 αὐτοῦ
700 1826 1118 1879 Κωνσταντῖνον.
1178 1822 1247 1879 Ὀ
1308 1819 1400 1876 οὖν
1460 1819 1611 1875 Λέων
1661 1818 1960 1893 λιοομανὴς

2079 1823 2964 1880 stantinumcoronavit.Verum
2978 1839 3112 1878 cum
3134 1839 3502 1896 gemmarum
3515 1821 3725 1877 ardore

309 1914 582 1992 ὑπάρχων
648 1912 863 1987 ἠράσθη
929 1915 1030 1966 τοῦ
1085 1910 1400 1983 στέμματος
1484 1906 1804 1983 Μαυρικίου,
1873 1905 1967 1962 καὶ

305 1998 499 2058 Λαϐὼν
550 2000 807 2080 ἰφόρεσεν
868 1999 1000 2055 αὐτὸ
1062 1999 1152 2054 καί
1207 1994 1508 2073 προῆλθεν.
1565 1998 1727 2061 ’Ὀθεν
1784 1995 1964 2067 ἀπην-

304 2089 568 2166 ορακώθη
634 2087 824 2152 δεινῶς
854 2092 892 2159 ἡ
940 2085 1149 2166 κεφαλὴ
1208 2086 1396 2155 αὐτοῦ,
1456 2086 1544 2142 καὶ
1605 2082 1964 2163 σφοδροτάτῳ

296 2185 523 2259 πυρετῷ
629 2179 1000 2255 συνεχόμενος
1034 2190 1039 2195 ’
1072 2175 1413 2248 ἕτελεότησε,
1477 2178 1577 2245 τῆς
1652 2174 1964 2250 ἱεροσυλίας

290 2271 558 2347 ἐπίχειρα
585 2269 987 2342 κομισάμενος.

320 2450 517 2507 ’Πετᾶ
576 2446 640 2503 δὶ
696 2445 904 2503 Λέοντα
961 2440 1283 2502 ἐϐασίλευσε
1337 2447 1742 2506 Κωνσταντῖνος
1781 2443 1809 2499 6
1840 2444 1959 2507 υἰὸς

281 2537 468 2594 αὐτοῦ
496 2532 593 2609 ἔτη
631 2537 720 2607 ιζ’,
763 2533 845 2613 ἐφ’
895 2534 962 2590 οὗ
1007 2534 1071 2589 τὸ
1114 2540 1218 2604 τῆς
1275 2529 1549 2597 εὐσεϐείας
1594 2529 1778 2607 δόγμα
1825 2527 1957 2587 ἔλαο

282 2620 389 2680 ϐεν
450 2628 636 2702 ἔιρχήν
692 2622 1163 2699 παρρησιάζεσθαι
1219 2621 1309 2677 καὶ
1368 2622 1396 2677 6
1452 2620 1617 2697 λόγος
1670 2623 1767 2675 τοῦ
1824 2624 1958 2676 Θεοῦ

284 2714 687 2778 πλατόνεσθαι.
748 2713 903 2772 Μετᾶ
964 2708 1021 2767 δὲ
1067 2717 1168 2781 τῆς
1227 2712 1437 2787 μητρός
1496 2709 1660 2765 αὐτοῦ
1712 2707 1956 2783 Εἰρήνης

300 2796 683 2875 ἰϐασίλευσεν,
728 2802 855 2873 ἥτις
912 2800 1007 2856 καὶ
1055 2802 1122 2855 τὸ
1179 2799 1284 2855 ὑπὸ
1365 2802 1462 2854 τοῦ
1517 2796 1710 2875 ἀνδρὸς
1787 2797 1956 2869 αὐτῆς

307 2886 483 2962 ἆροὶν
560 2889 763 2963 στὲμμα
831 2888 1004 2946 πάλιν
1081 2893 1150 2963 τῇ
1227 2886 1495 2959 ἐκκλησίᾳ
1595 2887 1959 2960 προσήνεγκεν

302 2976 795 3035 ἐπικαλλωπίσασα
834 2977 928 3035 διὰ
988 2981 1354 3054 μαργαριτῶν.
1408 2976 1525 3054 Ἐφ’
1580 2977 1654 3030 ὧν
1703 2994 1955 3050 χειροτο-

288 3074 479 3125 νεῖται
552 3070 903 3145 πατριάρχης
979 3067 1252 3143 Ταράσιος
1329 3067 1357 3121 6
1431 3065 1538 3121 ἀπὸ
1602 3065 1953 3141 ἀσηκρητῶν.

287 3158 499 3235 Γὲγονε
529 3156 587 3215 66
615 3159 708 3215 καὶ
738 3161 776 3228 ἡ
807 3153 1024 3230 ἑϐδόμη
1076 3153 1300 3219 σύνοδος
1340 3161 1448 3211 τῶν
1495 3156 1576 3210 tv’
1626 3153 1794 3231 ἁγίων
1845 3158 1957 3209 Πα-

284 3250 470 3322 τέρων
501 3248 881 3313 συνελθόντων
913 3245 966 3302 ἒν
1014 3244 1218 3317 Νικαίᾳ
1270 3246 1334 3301 τὸ
1374 3242 1622 3320 δεύτερον
1672 3244 1809 3299 γατὰ
1852 3250 1955 3313 τῆς

282 3339 495 3411 πρώην
550 3337 809 3411 ἀθέσμως
870 3335 1343 3409 συναθροισθείσης
1401 3334 1550 3408 παρᾶ
1615 3333 1955 3388 Κωνσταντί-

287 3446 393 3481 νου
435 3426 517 3501 ἐφ’
548 3422 707 3501 ίὶϐρει
764 3425 857 3481 καὶ
908 3429 1258 3499 καταστροφῇ
1304 3429 1412 3478 τῶν
1474 3422 1643 3497 ἁγίων
1702 3421 1954 3481 εἰκόνων.

289 3516 794 3590 ’Δναθεματίσασα,
841 3510 900 3569 δὲ
954 3513 1082 3575 τοὺς
1135 3511 1338 3583 ταύτης
1406 3509 1692 3586 ἰξάρχους,
1748 3512 1851 3581 τήν
1895 3530 1956 3565 τε

294 3606 409 3657 τῶν
457 3608 668 3661 σεπτῶν
745 3602 971 3658 εἰκόνων
1049 3600 1283 3676 ἀρχαίαν
1358 3596 1811 3675 παραδεδομένην
1882 3601 1953 3671 τῇ

296 3691 602 3765 ’Μλησίᾳ
653 3693 825 3765 τιμὴν
881 3691 1247 3757 ἀνανεώσασα,
1306 3686 1473 3765 ὥρισε
1550 3685 1951 3763 παραπλησίως

306 3785 476 3836 ταῦτα
500 3787 581 3855 τῷ
620 3785 838 3854 σταυρῷ
894 3780 1331 3854 προσκυνεῖσθαι.
1391 3778 1453 3835 ⁸0
1503 3774 1562 3832 δὶ
1619 3778 1956 3834 Κωνσταντῖ-

308 3888 396 3931 νος
442 3873 573 3928 κατὰ
630 3865 885 3946 ’Δράϐων
944 3867 1173 3939 ἐξελθὼν
1230 3866 1318 3922 καί
1378 3864 1717 3941 ὕποστρὲψας
1773 3862 1827 3920 ἐν
1874 3868 1955 3937 τῷ

311 3959 559 4034 παλατίῳ
630 3958 924 4034 κρατηθεὶς
999 3956 1146 4030 παρὰ
1215 3960 1324 4013 τῶν
1431 3955 1765 4032 μεγιστάνων
1857 3974 1952 4009 τυ-

312 4046 536 4123 φλοῦται
615 4047 796 4125 βουλῇ
869 4052 972 4116 τῆς
1048 4046 1214 4100 αὐτοῦ
1274 4045 1480 4119 μητρὸς
1527 4045 1788 4118 Εἰρήνης,
1826 4039 1952 4113 ἥτις

318 4137 451 4206 μετὰ
472 4143 635 4194 ταῦτα
665 4136 931 4213 ἰκρτὶτησε
957 4142 1060 4204 τῆς
1094 4132 1376 4209 βασιλείας
1402 4129 1497 4204 ἔτη
1530 4134 1590 4190 ε’.

380 4226 528 4282 Μετὰ
582 4223 640 4282 δὲ
706 4224 951 4298 Εἰρήνην
1006 4217 1323 4277 ἐϐασίλευσε
1386 4215 1705 4299 Νικηφόρος
1761 4221 1789 4275 6
1846 4219 1954 4275 ἀπὸ

315 4319 532 4388 γενικῶν
562 4313 657 4386 ἔτη
686 4315 763 4385 η⁹ο
797 4312 986 4386 ἔστεψε
1012 4308 1074 4365 δὲ
1127 4310 1220 4365 καί
1266 4309 1359 4365 τὸν
1396 4311 1509 4364 υἱὸν
1561 4309 1728 4364 αὐτοῦ
1777 4315 1952 4363 Σταυ-

315 4401 512 4472 pisum.
585 4403 701 4481 Ἐφ’
779 4400 846 4457 οὗ
927 4396 1201 4473 Ταρασίου
1274 4396 1703 4468 τελευτήσαντος
1775 4396 1956 4468 Νικη-

316 4488 477 4564 οόρος
519 4492 548 4546 ὁ
603 4491 915 4565 aviditate;
972 4489 1397 4561 χειροτονεῖται.
1454 4485 1517 4541 Ὀ
1573 4483 1631 4540 δὲ
1694 4483 1949 4560 βασιλεὺς

2080 1912 2267 1967 nimio
2298 1913 2608 1981 insaniret,
2643 1911 2717 1969 ad
2748 1928 3028 1968 coronam
3077 1911 3339 1968 Mauricii
3384 1910 3580 1967 studio
3624 1911 3724 1965 in-

2080 1999 2384 2056 ﬂammato
2414 2006 2619 2072 raptus
2649 2007 2763 2071 est,
2796 2000 3109 2072 ablataque
3140 2001 3213 2056 ab
3256 2000 3510 2056 ecclesia
3557 2017 3727 2056 exor-

2078 2096 2254 2147 natus
2283 2092 2345 2147 in
2367 2092 2672 2164 publicum
2705 2092 2943 2165 prodiit.
2979 2094 3126 2148 Hinc
3166 2097 3345 2164 caput
3388 2091 3554 2147 illius
3596 2107 3728 2147 car-

2075 2183 2472 2239 bnnculorum
2503 2183 3025 2239 vehementissimo
3064 2181 3272 2238 morbo
3306 2181 3546 2247 exarsit,
3598 2181 3723 2253 ipse

2072 2272 2447 2329 rabidissime
2462 2272 2709 2328 haerenti
2722 2271 2873 2327 febri
2880 2270 3140 2342 jactatus
3155 2271 3289 2325 vita:
3308 2270 3488 2326 finem
3502 2270 3721 2341 posuit,

2074 2362 2371 2433 sacrilegii
2399 2362 2590 2433 pinnis
2623 2360 2967 2434 persolutis.

2146 2450 2322 2507 Leoni
2371 2450 2794 2506 Constantinus
2852 2449 3010 2505 filius
3060 2450 3364 2518 successit,
3408 2449 3719 2519 tenuitque

2070 2539 2389 2611 imperium
2420 2554 2612 2594 annos
2643 2538 3090 2609 septemdecim.
3123 2538 3240 2593 Sub
3262 2554 3332 2594 eo
3357 2553 3509 2593 verm
3538 2538 3721 2608 pieta-

2070 2628 2147 2682 tis
2174 2626 2449 2699 dogmata
2478 2626 2776 2682 radicibus
2807 2626 2955 2681 actis
2985 2626 3297 2698 propagari
3354 2625 3715 2695 verbumque

2071 2716 2172 2771 Dei
2232 2715 2424 2770 laxius
2480 2714 2975 2784 numerosiusque
3034 2713 3268 2771 dilatari
3326 2713 3520 2785 ccepit.
3570 2713 3715 2768 Cum

2072 2809 2258 2861 matre
2276 2806 2443 2859 [rene
2465 2804 2783 2875 imperium
2806 2802 3257 2858 administravit.
3285 2803 3387 2860 58
3429 2803 3511 2856 Ea
3548 2818 3717 2857 coro-

2068 2910 2204 2949 nam
2223 2910 2258 2949 a
2272 2893 2482 2948 marito
2504 2891 2793 2947 sublatam
2808 2891 3134 2947 unionibus
3151 2896 3495 2947 exornatam
3513 2907 3719 2947 rursus

2068 2984 2338 3040 ecclesiae
2372 2984 2649 3039 restituit.
2684 2981 2803 3037 Sub
2837 2982 2929 3037 his
2960 2981 3235 3037 Tarasius
3272 2999 3307 3037 a
3336 2981 3581 3037 secretis
3620 2998 3717 3053 pa-

2069 3073 2326 3129 triarcha
2351 3071 2606 3144 eligitur,
2640 3077 2699 3127 et
2729 3071 2983 3143 septima
3003 3076 3403 3127 trecentorum
3422 3071 3718 3142 quinqua-

1985 3211 2029 3272 Ο
2068 3161 2230 3232 ginta
2259 3166 2601 3217 sanctorum
2630 3161 2874 3215 Patrum
2903 3160 3060 3232 apud
3088 3161 3345 3216 Nicaeam
3384 3159 3711 3216 secundum

2078 3255 2551 3272 --‘___-_-L-__-_.
2590 3249 2846 3272 -_-_.-.I_-_
2905 3249 3179 3272 -J---___-_
3219 3251 3468 3272 ..-Σ---μ
3509 3253 3703 3272 -__L__-

2069 3255 2553 3325 congregatorum
2588 3249 2870 3322 synodus,
2901 3249 3182 3307 adversus
3219 3251 3475 3321 primam
3503 3253 3712 3306 contra

2052 3340 2152 3411 jus
2208 3340 2413 3410 fasque
2444 3355 2479 3394 a
2507 3339 2893 3395 Constantino
2944 3339 3004 3392 in
3048 3339 3471 3395 contumeliam
3523 3337 3706 3394 aboli-

2059 3428 2401 3499 tionemque
2425 3444 2725 3483 sacrarum
2749 3427 3075 3500 imaginum
3093 3434 3358 3483 coactam
3381 3426 3697 3493 celebrata,

2060 3516 2218 3573 illius
2240 3522 2511 3572 auctores
2540 3517 2920 3572 anathemate
2949 3516 3130 3581 feriit,
3149 3523 3208 3571 et
3227 3516 3698 3571 venerandarum

2059 3605 2384 3677 imaginum
2415 3606 2660 3675 antiquo
2690 3605 2965 3676 avitoque
2996 3605 3223 3660 honore
3254 3604 3315 3659 in
3339 3603 3602 3658 Ecclesia
3622 3619 3706 3658 re-

2058 3694 2392 3761 stituto,eas
2404 3692 2907 3763 quemadmodum
2928 3699 2985 3746 et
3002 3708 3235 3747 crucem
3250 3691 3483 3747 adorari
3506 3690 3704 3745 decre-

2060 3783 2158 3838 vit.
2190 3781 2612 3836 Constantinus
2644 3798 2821 3851 porro
2854 3797 2986 3836 cum
3012 3780 3074 3835 in
3106 3780 3330 3836 Arabas
3380 3779 3706 3835 exercitum

2059 3870 2347 3936 duxisset,
2378 3884 2682 3941 regressus
2712 3867 2774 3922 in
2805 3868 3114 3939 palatium,
3138 3885 3173 3923 a
3201 3867 3552 3940 primatibus
3574 3884 3709 3923 cono

2060 3958 2192 4015 silio
2222 3958 2430 4014 matris
2459 3959 2659 4013 [renes
2691 3955 2876 4012 oculis
2902 3957 3204 4028 privatur;
3238 3973 3369 4027 quae
3399 3960 3533 4028 post
3572 3970 3707 4011 eum

2060 4047 2378 4120 imperium
2417 4046 2611 4102 tenuit
2640 4061 2827 4101 annos
2857 4045 3143 4116 quinque.

2131 4226 2271 4281 Post
2289 4225 2519 4280 Irenem
2546 4224 2857 4296 imperavit
2875 4224 3238 4297 Nicephorus
3261 4242 3332 4281 cx
3351 4225 3576 4298 genicis
3598 4240 3708 4279 an-

2061 4329 2172 4369 nos
2221 4318 2392 4369 octo:
2446 4314 2496 4368 is
2536 4313 2905 4369 Stauracium
2959 4314 3148 4370 ﬁlium
3198 4315 3521 4370 coronavit.
3567 4314 3708 4385 Ejus

2062 4402 2311 4475 imperio
2344 4402 2580 4457 Tarasio
2611 4402 2729 4458 vita
2756 4402 2958 4457 functo
2991 4403 3402 4458 sanctissimus
3419 4401 3706 4470 Nicepho-

2060 4506 2163 4546 rus
2193 4491 2450 4564 eligitur.
2483 4493 2814 4563 Imperator
2852 4507 2887 4547 a
2915 4491 3201 4560 Bulgaris,
3248 4491 3527 4546 adversus
3559 4504 3707 4557 quos

322 4554 616 4656 θίικηιρόρος
650 4554 811 4636 ’κατὰ
870 4554 1219 4650 Βουλγᾶρων
1276 4572 1660 4652 ἐκστρατεύσας
1695 4554 1805 4628 ’ὑπ’
1853 4572 1950 4628 αὖ·

2079 4578 2309 4635 luxerat
2335 4580 2686 4650 exercitum,
2719 4580 3130 4635 obtruncatur.

317 4671 417 4721 τῶν
444 4670 745 4743 ἀναιρεῖται.

386 4759 528 4816 Πετᾶ
579 4759 637 4817 δὲ
689 4758 1014 4840 Νικηφόρον
1073 4751 1387 4813 ἰϐασίλευσε
1440 4756 1775 4830 Σταυράκιος
1833 4754 1949 4815 υἱὸς

321 4843 475 4902 αὐτοῦ
500 4848 613 4912 ἔτος
639 4851 686 4905 α’
713 4850 809 4905 καὶ
845 4849 1027 4922 μῆνας
1060 4846 1134 4920 β’.

388 4937 526 4992 Πετᾶ
577 4936 635 4994 δὶ
687 4944 1034 5010 Σταυρακιον
1088 4927 1430 4990 ἐϐασίλευσεν
1487 4934 1516 4989 6
1574 4926 1950 4991 εὐσεϐέστατος

319 5018 541 5097 Πιχαὴλ
567 5027 656 5082 καὶ
685 5020 942 5104 γαμϐρὸς
966 5023 1156 5093 αὐτοῦ,
1209 5022 1255 5094 ᾧ
1303 5016 1569 5099 Ῥαγγαϐὶ
1613 5022 1682 5091 ἦν
1710 5023 1747 5090 ἡ
1780 5039 1951 5094 προσ-

319 5112 519 5188 ηγορία,
566 5114 686 5179 ἔτος
715 5122 763 5170 α’
791 5112 884 5170 καὶ
950 5116 1124 5184 μῆνας
1181 5112 1252 5180 0',
1313 5110 1557 5191 πεφθεὶς
1608 5109 1712 5166 ὑπὸ
1771 5113 1946 5179 Νικη-

320 5200 481 5275 ξὸρου
506 5206 882 5283 πατριάρχου.

381 5290 521 5349 Πετᾶ
544 5291 602 5350 δὲ
630 5290 868 5369 Πιχαὴλ
912 5283 1233 5345 ἰϐασίλευσε
1293 5289 1442 5345 Λέων
1495 5291 1524 5345 6
1576 5289 1889 5365 Ἀρμίνιος,
1921 5288 1949 5341 ὁ

328 5378 405 5431 καὶ
430 5378 733 5457 παραϐάτης
760 5378 1015 5459 γεγονὼς
1066 5377 1289 5453 ὕστερον
1338 5372 1432 5448 ἔτη
1468 5379 1508 5447 ζ’
1536 5377 1629 5434 καὶ
1682 5383 1859 5449 μῆνας
1891 5382 1949 5447 ε’,

334 5472 542 5539 σεισθεὶς
594 5474 699 5529 ὑπὸ
776 5466 1111 5544 Νικηφόρου
1187 5468 1557 5542 πατριάρχου,
1644 5460 1950 5541 βεϐαιώσας

334 5558 561 5634 πρότερον
587 5560 875 5639 ἂγγράφως
918 5554 1050 5629 περὶ
1095 5556 1196 5621 τῆς
1243 5555 1436 5610 ἑαυτοῦ
1495 5552 1833 5631 ὀρθοδοξίας,
1886 5554 1953 5623 ἢν

336 5640 514 5724 ὕστερον
542 5650 806 5723 ἀθετήσας
845 5646 945 5703 καὶ
996 5642 1132 5698 κατᾶ
1181 5647 1291 5699 τῶν
1333 5645 1504 5720 ἁγίων
1545 5643 1769 5699 εἰκόνων
1824 5642 1952 5698 λυτ-

2130 4758 2267 4810 Post
2328 4757 2722 4828 Nicephorum
2780 4757 3120 4811 Stauracius
3170 4756 3327 4812 filius
3389 4755 3707 4828 imperium

2059 4845 2213 4900 rexit
2241 4859 2466 4900 annum
2498 4860 2686 4899 unum
2717 4850 2777 4898 et
2806 4860 3045 4900 menses
3073 4844 3243 4902 duos.

2130 4933 2434 4989 Stauracio
2467 4932 2755 4988 successit
2780 4932 3087 5005 piissimus
3118 4934 3363 4991 Michael
3394 4936 3706 5008 Nicephori

2057 5041 2257 5098 gener,
2318 5030 2712 5098 cognomento
2773 5025 3067 5097 Rangabe.
3125 5027 3441 5100 Imperavit
3485 5044 3706 5083 annum

2060 5131 2243 5171 unum
2275 5132 2511 5171 menses
2539 5131 2771 5181 novem,
2807 5131 2840 5169 a
2870 5114 3198 5187 Nicephoro
3248 5117 3586 5190 patriarcha
3616 5135 3708 5172 co-

2059 5209 2324 5259 ronatus.

2130 5291 2469 5348 Michaelem
2486 5297 2727 5349 secutus
2753 5298 2840 5349 est
2873 5295 2985 5350 Leo
3011 5296 3351 5361 Armenius,
3384 5295 3484 5365 qui
3508 5299 3713 5364 postea

2058 5379 2383 5450 perduellis
2415 5380 2562 5447 fuit;
2617 5382 2926 5453 imperavit
2964 5399 3154 5439 annos
3203 5390 3428 5454 septem
3472 5396 3710 5436 menses

2059 5468 2344 5539 quinque.
2377 5469 2707 5525 Coronatur
2757 5487 2791 5525 a
2844 5470 3172 5540 Nicephoro
3220 5468 3573 5542 patriarcha,
3606 5470 3710 5524 54

2061 5572 2195 5612 cum
2229 5556 2393 5626 prius
2426 5558 2647 5629 scripto
2678 5562 2898 5613 rectam
2924 5558 2996 5612 de
3030 5559 3145 5613 ﬂde
3177 5556 3534 5613 sententiam
3566 5570 3706 5609 con-

2062 5645 2391 5712 ﬁrmasset;
2425 5662 2602 5716 quam
2638 5646 3015 5717 postmodum
3048 5646 3302 5713 violavit,
3339 5650 3395 5697 et
3424 5641 3702 5696 adversus
