  <div class='ocr_page' id='page_1' title='image "/cluster/home/n/w/nwhite01/storage/ocr_20150623/139/mdp.39015078384214/146.png"; bbox 0 0 4150 6292; ppageno 0'>
   <div class='ocr_carea' id='block_1_1' title="bbox 313 317 3764 386">
    <p class='ocr_par' dir='ltr' id='par_1_1' title="bbox 313 317 3764 386">
     <span class='ocr_line' id='line_1_1' title="bbox 313 317 3764 386; baseline -0.001 -1"><span class='ocrx_word' id='word_1_1' title='bbox 313 323 426 386; x_wconf 66' lang='lat'><strong>2&#39;11</strong></span> <span class='ocrx_word' id='word_1_2' title='bbox 1712 317 2416 383; x_wconf 79' lang='lat' dir='ltr'><strong>CHRONOGRAPHIA.</strong></span> <span class='ocrx_word' id='word_1_3' title='bbox 3645 322 3764 382; x_wconf 75' lang='grc'><strong>278</strong></span> 
     </span>
    </p>
   </div>
   <div class='ocr_carea' id='block_1_2' title="bbox 328 452 1995 536">
    <p class='ocr_par' dir='ltr' id='par_1_2' title="bbox 328 456 1995 536">
     <span class='ocr_line' id='line_1_2' title="bbox 328 456 1995 536; baseline -0.006 -17"><span class='ocrx_word' id='word_1_4' title='bbox 328 461 555 519; x_wconf 64' lang='grc' dir='ltr'>Τούτου</span> <span class='ocrx_word' id='word_1_5' title='bbox 595 459 660 517; x_wconf 69' lang='grc' dir='ltr'><strong>δὲ</strong></span> <span class='ocrx_word' id='word_1_6' title='bbox 687 464 804 516; x_wconf 84' lang='grc' dir='ltr'><strong>τῶν</strong></span> <span class='ocrx_word' id='word_1_7' title='bbox 854 457 990 535; x_wconf 79' lang='grc' dir='ltr'>τῇδε</span> <span class='ocrx_word' id='word_1_8' title='bbox 1022 459 1379 536; x_wconf 81' lang='grc' dir='ltr'>μεταστάντος</span> <span class='ocrx_word' id='word_1_9' title='bbox 1425 457 1540 515; x_wconf 77' lang='grc' dir='ltr'>ἀντ’</span> <span class='ocrx_word' id='word_1_10' title='bbox 1595 456 1762 513; x_wconf 78' lang='grc' dir='ltr'>αὐτοῦ</span> <span class='ocrx_word' id='word_1_11' title='bbox 1819 474 1995 531; x_wconf 84' lang='grc' dir='ltr'><strong>χειρο¹</strong></span> 
     </span>
    </p>
   </div>
   <div class='ocr_carea' id='block_1_3' title="bbox 2106 452 3762 536">
    <p class='ocr_par' dir='ltr' id='par_1_3' title="bbox 2118 452 3762 528">
     <span class='ocr_line' id='line_1_3' title="bbox 2118 452 3762 528; baseline 0.001 -17"><span class='ocrx_word' id='word_1_12' title='bbox 2118 455 2181 511; x_wconf 90' lang='lat' dir='ltr'><strong>in</strong></span> <span class='ocrx_word' id='word_1_13' title='bbox 2227 454 2424 510; x_wconf 88' lang='lat' dir='ltr'><strong>locum</strong></span> <span class='ocrx_word' id='word_1_14' title='bbox 2482 452 2612 523; x_wconf 83' lang='lat' dir='ltr'><strong>ejus</strong></span> <span class='ocrx_word' id='word_1_15' title='bbox 2668 452 2962 509; x_wconf 80' lang='lat' dir='ltr'><strong>sufﬁcitur</strong></span> <span class='ocrx_word' id='word_1_16' title='bbox 3017 452 3313 510; x_wconf 83' lang='lat' dir='ltr'><strong>Antonius</strong></span> <span class='ocrx_word' id='word_1_17' title='bbox 3371 462 3762 528; x_wconf 84' lang='lat' dir='ltr'><strong>cognomento</strong></span> 
     </span>
    </p>
   </div>
   <div class='ocr_carea' id='block_1_4' title="bbox 336 542 2012 627">
    <p class='ocr_par' dir='ltr' id='par_1_4' title="bbox 336 542 2012 627">
     <span class='ocr_line' id='line_1_4' title="bbox 336 542 2012 627; baseline -0.005 -18"><span class='ocrx_word' id='word_1_18' title='bbox 336 556 579 609; x_wconf 82' lang='grc' dir='ltr'>τονεῖται</span> <span class='ocrx_word' id='word_1_19' title='bbox 641 551 948 613; x_wconf 86' lang='grc' dir='ltr'>Ἀντώνιος</span> <span class='ocrx_word' id='word_1_20' title='bbox 997 552 1026 606; x_wconf 99' lang='lat'><strong>6</strong></span> <span class='ocrx_word' id='word_1_21' title='bbox 1081 548 1478 627; x_wconf 74' lang='grc' dir='ltr'>ἰπιλεγόμενος</span> <span class='ocrx_word' id='word_1_22' title='bbox 1528 545 1795 606; x_wconf 70' lang='grc' dir='ltr'>Καυλὲας.</span> <span class='ocrx_word' id='word_1_23' title='bbox 1841 550 1903 601; x_wconf 80' lang='grc' dir='ltr'><strong>Ἡ</strong></span> <span class='ocrx_word' id='word_1_24' title='bbox 1954 542 2012 600; x_wconf 76' lang='grc' dir='ltr'><strong>δὶ</strong></span> 
     </span>
    </p>
   </div>
   <div class='ocr_carea' id='block_1_5' title="bbox 347 630 2009 720">
    <p class='ocr_par' dir='ltr' id='par_1_5' title="bbox 347 630 2009 720">
     <span class='ocr_line' id='line_1_5' title="bbox 347 630 2009 720; baseline -0.005 -21"><span class='ocrx_word' id='word_1_25' title='bbox 347 642 641 719; x_wconf 70' lang='grc' dir='ltr'>Αίδγοῦστα</span> <span class='ocrx_word' id='word_1_26' title='bbox 702 642 967 720; x_wconf 82' lang='grc' dir='ltr'>Θεοφανὼ</span> <span class='ocrx_word' id='word_1_27' title='bbox 1020 638 1248 710; x_wconf 80' lang='grc' dir='ltr'>τελευτᾷ</span> <span class='ocrx_word' id='word_1_28' title='bbox 1315 637 1677 715; x_wconf 78' lang='grc' dir='ltr'><strong>βασιλεύσασα</strong></span> <span class='ocrx_word' id='word_1_29' title='bbox 1759 630 1854 706; x_wconf 80' lang='grc' dir='ltr'>ἔτη</span> <span class='ocrx_word' id='word_1_30' title='bbox 1916 636 2009 708; x_wconf 89' lang='grc' dir='ltr'>ιβ’.</span> 
     </span>
    </p>
   </div>
   <div class='ocr_carea' id='block_1_6' title="bbox 348 726 2011 810">
    <p class='ocr_par' dir='ltr' id='par_1_6' title="bbox 348 726 2011 810">
     <span class='ocr_line' id='line_1_6' title="bbox 348 726 2011 810; baseline -0.006 -22"><span class='ocrx_word' id='word_1_31' title='bbox 348 733 453 789; x_wconf 73' lang='grc' dir='ltr'>ἄντ’</span> <span class='ocrx_word' id='word_1_32' title='bbox 483 732 660 802; x_wconf 65' lang='grc' dir='ltr'>αὐτῆς</span> <span class='ocrx_word' id='word_1_33' title='bbox 711 729 772 786; x_wconf 70' lang='grc' dir='ltr'><strong>δὲ</strong></span> <span class='ocrx_word' id='word_1_34' title='bbox 826 731 1004 810; x_wconf 79' lang='grc' dir='ltr'>στέφει</span> <span class='ocrx_word' id='word_1_35' title='bbox 1034 730 1065 786; x_wconf 89' lang='lat'><strong>6</strong></span> <span class='ocrx_word' id='word_1_36' title='bbox 1097 728 1355 805; x_wconf 82' lang='grc' dir='ltr'>βασιλεὺς</span> <span class='ocrx_word' id='word_1_37' title='bbox 1398 728 1554 797; x_wconf 80' lang='grc' dir='ltr'>Ζωήν</span> <span class='ocrx_word' id='word_1_38' title='bbox 1596 727 1697 796; x_wconf 80' lang='grc' dir='ltr'>τὴν</span> <span class='ocrx_word' id='word_1_39' title='bbox 1741 726 2011 800; x_wconf 70' lang='grc' dir='ltr'>θυγατιρα</span> 
     </span>
    </p>
   </div>
   <div class='ocr_carea' id='block_1_7' title="bbox 347 810 2009 894">
    <p class='ocr_par' dir='ltr' id='par_1_7' title="bbox 347 810 2009 894">
     <span class='ocr_line' id='line_1_7' title="bbox 347 810 2009 894; baseline -0.007 -15"><span class='ocrx_word' id='word_1_40' title='bbox 347 821 643 894; x_wconf 66' lang='grc' dir='ltr'>τζαοῦτζα,</span> <span class='ocrx_word' id='word_1_41' title='bbox 691 821 789 875; x_wconf 82' lang='grc' dir='ltr'>καὶ</span> <span class='ocrx_word' id='word_1_42' title='bbox 842 819 1153 894; x_wconf 72' lang='grc' dir='ltr'>εὐλογεῖται</span> <span class='ocrx_word' id='word_1_43' title='bbox 1201 820 1317 891; x_wconf 85' lang='grc' dir='ltr'>μετ’</span> <span class='ocrx_word' id='word_1_44' title='bbox 1367 816 1558 887; x_wconf 80' lang='grc' dir='ltr'>αὐτῆς.</span> <span class='ocrx_word' id='word_1_45' title='bbox 1605 814 1899 874; x_wconf 70' lang='grc' dir='ltr'>Ἀντωνίου</span> <span class='ocrx_word' id='word_1_46' title='bbox 1951 810 2009 868; x_wconf 67' lang='grc' dir='ltr'><strong>δὲ</strong></span> 
     </span>
    </p>
   </div>
   <div class='ocr_carea' id='block_1_8' title="bbox 358 902 2010 986">
    <p class='ocr_par' dir='ltr' id='par_1_8' title="bbox 358 902 2010 986">
     <span class='ocr_line' id='line_1_8' title="bbox 358 902 2010 986; baseline -0.005 -19"><span class='ocrx_word' id='word_1_47' title='bbox 358 913 444 968; x_wconf 74' lang='grc' dir='ltr'>τοῦ</span> <span class='ocrx_word' id='word_1_48' title='bbox 506 910 866 986; x_wconf 75' lang='grc' dir='ltr'>πατριάρχου</span> <span class='ocrx_word' id='word_1_49' title='bbox 929 907 1355 978; x_wconf 68' lang='grc' dir='ltr'>τελευτήσαιτος</span> <span class='ocrx_word' id='word_1_50' title='bbox 1412 910 1809 982; x_wconf 85' lang='grc' dir='ltr'>χειρατονεῖται</span> <span class='ocrx_word' id='word_1_51' title='bbox 1851 902 2010 961; x_wconf 83' lang='grc' dir='ltr'>Νικό-</span> 
     </span>
    </p>
   </div>
   <div class='ocr_carea' id='block_1_9' title="bbox 358 996 2007 1075">
    <p class='ocr_par' dir='ltr' id='par_1_9' title="bbox 358 996 2007 1075">
     <span class='ocr_line' id='line_1_9' title="bbox 358 996 2007 1075; baseline -0.006 -17"><span class='ocrx_word' id='word_1_52' title='bbox 358 1001 488 1065; x_wconf 74' lang='grc' dir='ltr'>λαος</span> <span class='ocrx_word' id='word_1_53' title='bbox 548 1000 933 1075; x_wconf 72' lang='grc' dir='ltr'><strong>πατριάρχης,</strong></span> <span class='ocrx_word' id='word_1_54' title='bbox 997 998 1254 1072; x_wconf 77' lang='grc' dir='ltr'>μυστικὸς</span> <span class='ocrx_word' id='word_1_55' title='bbox 1311 997 1663 1072; x_wconf 75' lang='grc' dir='ltr'><strong>χρηματίσας</strong></span> <span class='ocrx_word' id='word_1_56' title='bbox 1705 996 1803 1050; x_wconf 77' lang='grc' dir='ltr'><strong>τοῦ</strong></span> <span class='ocrx_word' id='word_1_57' title='bbox 1851 996 2007 1069; x_wconf 87' lang='grc' dir='ltr'>βασι-</span> 
     </span>
    </p>
   </div>
   <div class='ocr_carea' id='block_1_10' title="bbox 357 1082 2010 1162">
    <p class='ocr_par' dir='ltr' id='par_1_10' title="bbox 357 1082 2010 1162">
     <span class='ocr_line' id='line_1_10' title="bbox 357 1082 2010 1162; baseline -0.005 -17"><span class='ocrx_word' id='word_1_58' title='bbox 357 1090 511 1154; x_wconf 68' lang='grc' dir='ltr'>λέως.</span> <span class='ocrx_word' id='word_1_59' title='bbox 566 1090 650 1148; x_wconf 75' lang='grc' dir='ltr'>Οὗ</span> <span class='ocrx_word' id='word_1_60' title='bbox 709 1087 801 1145; x_wconf 68' lang='grc' dir='ltr'><strong>διὰ</strong></span> <span class='ocrx_word' id='word_1_61' title='bbox 855 1088 922 1144; x_wconf 83' lang='grc' dir='ltr'>τὸ</span> <span class='ocrx_word' id='word_1_62' title='bbox 984 1089 1061 1162; x_wconf 82' lang='grc' dir='ltr'><strong>μή</strong></span> <span class='ocrx_word' id='word_1_63' title='bbox 1126 1088 1406 1151; x_wconf 72' lang='grc' dir='ltr'>συνθέσθαι</span> <span class='ocrx_word' id='word_1_64' title='bbox 1456 1090 1523 1160; x_wconf 80' lang='grc' dir='ltr'><strong>τῇ</strong></span> <span class='ocrx_word' id='word_1_65' title='bbox 1581 1087 1681 1141; x_wconf 70' lang='grc' dir='ltr'><strong>τοῦ</strong></span> <span class='ocrx_word' id='word_1_66' title='bbox 1739 1082 2010 1159; x_wconf 76' lang='grc' dir='ltr'>βασιλέως</span> 
     </span>
    </p>
   </div>
   <div class='ocr_carea' id='block_1_11' title="bbox 356 1170 2009 1258">
    <p class='ocr_par' dir='ltr' id='par_1_11' title="bbox 356 1170 2009 1258">
     <span class='ocr_line' id='line_1_11' title="bbox 356 1170 2009 1258; baseline -0.006 -21"><span class='ocrx_word' id='word_1_67' title='bbox 356 1180 678 1258; x_wconf 76' lang='grc' dir='ltr'>πολυγαμίᾳ</span> <span class='ocrx_word' id='word_1_68' title='bbox 725 1180 823 1254; x_wconf 77' lang='grc' dir='ltr'><strong>βίᾳ</strong></span> <span class='ocrx_word' id='word_1_69' title='bbox 869 1179 969 1234; x_wconf 80' lang='grc' dir='ltr'>τοῦ</span> <span class='ocrx_word' id='word_1_70' title='bbox 1020 1175 1216 1251; x_wconf 79' lang='grc' dir='ltr'><strong>θρόνου</strong></span> <span class='ocrx_word' id='word_1_71' title='bbox 1262 1170 1773 1243; x_wconf 64' lang='grc' dir='ltr'>ηταϐιϐασθὲντος,</span> <span class='ocrx_word' id='word_1_72' title='bbox 1822 1191 2009 1252; x_wconf 81' lang='grc' dir='ltr'>χειρο-</span> 
     </span>
    </p>
   </div>
   <div class='ocr_carea' id='block_1_12' title="bbox 354 1262 2010 1341">
    <p class='ocr_par' dir='ltr' id='par_1_12' title="bbox 354 1262 2010 1341">
     <span class='ocr_line' id='line_1_12' title="bbox 354 1262 2010 1341; baseline -0.003 -17"><span class='ocrx_word' id='word_1_73' title='bbox 354 1273 581 1325; x_wconf 79' lang='grc' dir='ltr'>τονεῖται</span> <span class='ocrx_word' id='word_1_74' title='bbox 639 1269 755 1323; x_wconf 82' lang='grc' dir='ltr'>ἄντ’</span> <span class='ocrx_word' id='word_1_75' title='bbox 818 1267 987 1322; x_wconf 77' lang='grc' dir='ltr'>αὐτοῦ</span> <span class='ocrx_word' id='word_1_76' title='bbox 1043 1263 1396 1341; x_wconf 73' lang='grc' dir='ltr'>πατριάρχης</span> <span class='ocrx_word' id='word_1_77' title='bbox 1451 1264 1730 1337; x_wconf 77' lang='grc' dir='ltr'>Εὖθύμιος</span> <span class='ocrx_word' id='word_1_78' title='bbox 1778 1262 2010 1339; x_wconf 76' lang='grc' dir='ltr'>σύγκελ-</span> 
     </span>
    </p>
   </div>
   <div class='ocr_carea' id='block_1_13' title="bbox 360 1348 2007 1437">
    <p class='ocr_par' dir='ltr' id='par_1_13' title="bbox 360 1348 2007 1437">
     <span class='ocr_line' id='line_1_13' title="bbox 360 1348 2007 1437; baseline -0.004 -23"><span class='ocrx_word' id='word_1_79' title='bbox 360 1358 480 1422; x_wconf 86' lang='grc' dir='ltr'>λος,</span> <span class='ocrx_word' id='word_1_80' title='bbox 512 1359 569 1413; x_wconf 79' lang='grc' dir='ltr'><strong>ὃν</strong></span> <span class='ocrx_word' id='word_1_81' title='bbox 603 1377 768 1437; x_wconf 83' lang='grc' dir='ltr'>φασιν</span> <span class='ocrx_word' id='word_1_82' title='bbox 802 1356 864 1412; x_wconf 71' lang='grc' dir='ltr'><strong>ἐκ</strong></span> <span class='ocrx_word' id='word_1_83' title='bbox 912 1354 1057 1421; x_wconf 82' lang='grc' dir='ltr'>θείας</span> <span class='ocrx_word' id='word_1_84' title='bbox 1107 1353 1509 1430; x_wconf 75' lang='grc' dir='ltr'><strong>ἀποκαλύψεως</strong></span> <span class='ocrx_word' id='word_1_85' title='bbox 1548 1348 1711 1409; x_wconf 76' lang='grc' dir='ltr'><strong>τοῦτο</strong></span> <span class='ocrx_word' id='word_1_86' title='bbox 1760 1350 2007 1426; x_wconf 68' lang='grc' dir='ltr'>δέξασθαι</span> 
     </span>
    </p>
   </div>
   <div class='ocr_carea' id='block_1_14' title="bbox 359 1441 2006 1523">
    <p class='ocr_par' dir='ltr' id='par_1_14' title="bbox 359 1441 2006 1523">
     <span class='ocr_line' id='line_1_14' title="bbox 359 1441 2006 1523; baseline -0.004 -20"><span class='ocrx_word' id='word_1_87' title='bbox 359 1448 434 1512; x_wconf 77' lang='grc' dir='ltr'><strong>ὡς</strong></span> <span class='ocrx_word' id='word_1_88' title='bbox 477 1452 578 1503; x_wconf 73' lang='grc' dir='ltr'><strong>τοῦ</strong></span> <span class='ocrx_word' id='word_1_89' title='bbox 638 1443 922 1523; x_wconf 74' lang='grc' dir='ltr'>βασιλέως</span> <span class='ocrx_word' id='word_1_90' title='bbox 980 1442 1389 1520; x_wconf 71' lang='grc' dir='ltr'>βουλευομένου</span> <span class='ocrx_word' id='word_1_91' title='bbox 1442 1441 1648 1518; x_wconf 72' lang='grc' dir='ltr'>αἵρεσιν</span> <span class='ocrx_word' id='word_1_92' title='bbox 1698 1443 1787 1498; x_wconf 81' lang='grc' dir='ltr'>καὶ</span> <span class='ocrx_word' id='word_1_93' title='bbox 1834 1443 2006 1517; x_wconf 88' lang='grc' dir='ltr'>νόμου</span> 
     </span>
    </p>
   </div>
   <div class='ocr_carea' id='block_1_15' title="bbox 352 1528 2007 1610">
    <p class='ocr_par' dir='ltr' id='par_1_15' title="bbox 352 1528 2007 1610">
     <span class='ocr_line' id='line_1_15' title="bbox 352 1528 2007 1610; baseline -0.003 -18"><span class='ocrx_word' id='word_1_94' title='bbox 352 1536 517 1592; x_wconf 82' lang='grc' dir='ltr'>θείναι</span> <span class='ocrx_word' id='word_1_95' title='bbox 557 1538 654 1591; x_wconf 72' lang='grc' dir='ltr'><strong>τοῦ</strong></span> <span class='ocrx_word' id='word_1_96' title='bbox 718 1533 889 1610; x_wconf 64' lang='grc' dir='ltr'>μέχρι</span> <span class='ocrx_word' id='word_1_97' title='bbox 944 1537 1110 1604; x_wconf 80' lang='grc' dir='ltr'>τριῶν</span> <span class='ocrx_word' id='word_1_98' title='bbox 1171 1536 1268 1606; x_wconf 77' lang='grc' dir='ltr'>μὶν</span> <span class='ocrx_word' id='word_1_99' title='bbox 1323 1529 1558 1608; x_wconf 73' lang='grc' dir='ltr'>ἀνδρῶν,</span> <span class='ocrx_word' id='word_1_100' title='bbox 1614 1533 1888 1607; x_wconf 69' lang='grc' dir='ltr'>τεσσάρων</span> <span class='ocrx_word' id='word_1_101' title='bbox 1949 1528 2007 1587; x_wconf 76' lang='grc' dir='ltr'><strong>δὶ</strong></span> 
     </span>
    </p>
   </div>
   <div class='ocr_carea' id='block_1_16' title="bbox 349 1619 2007 1701">
    <p class='ocr_par' dir='ltr' id='par_1_16' title="bbox 349 1619 2007 1701">
     <span class='ocr_line' id='line_1_16' title="bbox 349 1619 2007 1701; baseline -0.003 -21"><span class='ocrx_word' id='word_1_102' title='bbox 349 1629 612 1701; x_wconf 79' lang='grc' dir='ltr'>γυναικῶν</span> <span class='ocrx_word' id='word_1_103' title='bbox 644 1625 739 1679; x_wconf 74' lang='grc' dir='ltr'><strong>τὸν</strong></span> <span class='ocrx_word' id='word_1_104' title='bbox 798 1623 978 1699; x_wconf 83' lang='grc' dir='ltr'>γάμον</span> <span class='ocrx_word' id='word_1_105' title='bbox 1042 1621 1307 1697; x_wconf 82' lang='grc' dir='ltr'>γίνεσθαι,</span> <span class='ocrx_word' id='word_1_106' title='bbox 1364 1621 1553 1700; x_wconf 82' lang='grc' dir='ltr'>Στέφει</span> <span class='ocrx_word' id='word_1_107' title='bbox 1611 1619 1701 1675; x_wconf 82' lang='grc' dir='ltr'><strong>οὗν</strong></span> <span class='ocrx_word' id='word_1_108' title='bbox 1761 1622 1789 1675; x_wconf 91' lang='lat'><strong>6</strong></span> <span class='ocrx_word' id='word_1_109' title='bbox 1849 1622 2007 1695; x_wconf 80' lang='grc' dir='ltr'>βασι-</span> 
     </span>
    </p>
   </div>
   <div class='ocr_carea' id='block_1_17' title="bbox 349 1711 2005 1787">
    <p class='ocr_par' dir='ltr' id='par_1_17' title="bbox 349 1711 2005 1787">
     <span class='ocr_line' id='line_1_17' title="bbox 349 1711 2005 1787; baseline -0.003 -18"><span class='ocrx_word' id='word_1_110' title='bbox 349 1712 475 1775; x_wconf 73' lang='grc' dir='ltr'>λεὺς</span> <span class='ocrx_word' id='word_1_111' title='bbox 505 1713 759 1787; x_wconf 76' lang='grc' dir='ltr'>[Λέοντα]</span> <span class='ocrx_word' id='word_1_112' title='bbox 814 1711 909 1767; x_wconf 80' lang='grc' dir='ltr'><strong>τὸν</strong></span> <span class='ocrx_word' id='word_1_113' title='bbox 967 1712 1084 1766; x_wconf 72' lang='grc' dir='ltr'>υἱὸν</span> <span class='ocrx_word' id='word_1_114' title='bbox 1150 1711 1319 1766; x_wconf 78' lang='grc' dir='ltr'>αὐτοῦ</span> <span class='ocrx_word' id='word_1_115' title='bbox 1386 1711 1809 1767; x_wconf 77' lang='grc' dir='ltr'>Κωνσταντῖνον.</span> <span class='ocrx_word' id='word_1_116' title='bbox 1868 1712 2005 1765; x_wconf 81' lang='grc' dir='ltr'>Κοι-</span> 
     </span>
    </p>
   </div>
   <div class='ocr_carea' id='block_1_18' title="bbox 346 1797 2076 1895">
    <p class='ocr_par' dir='ltr' id='par_1_18' title="bbox 346 1797 2076 1895">
     <span class='ocr_line' id='line_1_18' title="bbox 346 1797 2076 1895; baseline -0.003 -37"><span class='ocrx_word' id='word_1_117' title='bbox 346 1802 527 1875; x_wconf 80' lang='grc' dir='ltr'>λιακῷ</span> <span class='ocrx_word' id='word_1_118' title='bbox 603 1799 663 1857; x_wconf 75' lang='grc' dir='ltr'><strong>δὲ</strong></span> <span class='ocrx_word' id='word_1_119' title='bbox 734 1802 1008 1895; x_wconf 72' lang='grc' dir='ltr'>νοσήματι</span> <span class='ocrx_word' id='word_1_120' title='bbox 1080 1800 1387 1875; x_wconf 79' lang='grc' dir='ltr'>περιπεσὼν</span> <span class='ocrx_word' id='word_1_121' title='bbox 1460 1797 1686 1895; x_wconf 71' lang='grc' dir='ltr'>τελευτᾷ</span> <span class='ocrx_word' id='word_1_122' title='bbox 1756 1817 1997 1895; x_wconf 51' lang='grc' dir='ltr'>προχει-</span> <span class='ocrx_word' id='word_1_123' title='bbox 2030 1830 2076 1895; x_wconf 80' lang='grc' dir='ltr'><strong>Β</strong></span> 
     </span>
    </p>
   </div>
   <div class='ocr_carea' id='block_1_19' title="bbox 344 1887 1991 1969">
    <p class='ocr_par' dir='ltr' id='par_1_19' title="bbox 344 1887 1991 1969">
     <span class='ocr_line' id='line_1_19' title="bbox 344 1887 1991 1969; baseline -0.001 -22"><span class='ocrx_word' id='word_1_124' title='bbox 344 1894 638 1969; x_wconf 75' lang='grc' dir='ltr'>ρισάμενος</span> <span class='ocrx_word' id='word_1_125' title='bbox 697 1888 1054 1965; x_wconf 66' lang='grc' dir='ltr'>Ἀλέξανδρον</span> <span class='ocrx_word' id='word_1_126' title='bbox 1104 1892 1199 1946; x_wconf 87' lang='grc' dir='ltr'>τὸν</span> <span class='ocrx_word' id='word_1_127' title='bbox 1263 1889 1429 1945; x_wconf 71' lang='grc' dir='ltr'>αὐτοῦ</span> <span class='ocrx_word' id='word_1_128' title='bbox 1485 1887 1720 1969; x_wconf 78' lang='grc' dir='ltr'>ἀδελφὸν</span> <span class='ocrx_word' id='word_1_129' title='bbox 1804 1888 1991 1945; x_wconf 81' lang='grc' dir='ltr'>πολλὰ</span> 
     </span>
    </p>
   </div>
   <div class='ocr_carea' id='block_1_20' title="bbox 338 1976 1997 2057">
    <p class='ocr_par' dir='ltr' id='par_1_20' title="bbox 338 1976 1997 2057">
     <span class='ocr_line' id='line_1_20' title="bbox 338 1976 1997 2057; baseline -0.002 -20"><span class='ocrx_word' id='word_1_130' title='bbox 338 1980 555 2053; x_wconf 76' lang='grc' dir='ltr'>δεηθεὶς</span> <span class='ocrx_word' id='word_1_131' title='bbox 584 1980 756 2037; x_wconf 67' lang='grc' dir='ltr'>αὐτοῦ</span> <span class='ocrx_word' id='word_1_132' title='bbox 818 1978 1109 2057; x_wconf 76' lang='grc' dir='ltr'>φυλάττειν</span> <span class='ocrx_word' id='word_1_133' title='bbox 1164 1980 1255 2035; x_wconf 83' lang='grc' dir='ltr'><strong>τὸν</strong></span> <span class='ocrx_word' id='word_1_134' title='bbox 1310 1978 1427 2034; x_wconf 75' lang='grc' dir='ltr'>υἱὸν</span> <span class='ocrx_word' id='word_1_135' title='bbox 1486 1976 1652 2034; x_wconf 76' lang='grc' dir='ltr'>αὐτοῦ</span> <span class='ocrx_word' id='word_1_136' title='bbox 1706 1982 1997 2035; x_wconf 79' lang='grc' dir='ltr'>Κωνσταν-</span> 
     </span>
    </p>
   </div>
   <div class='ocr_carea' id='block_1_21' title="bbox 339 2093 507 2130">
    <p class='ocr_par' dir='ltr' id='par_1_21' title="bbox 339 2093 507 2130">
     <span class='ocr_line' id='line_1_21' title="bbox 339 2093 507 2130; baseline 0.012 -2"><span class='ocrx_word' id='word_1_137' title='bbox 339 2093 507 2130; x_wconf 68' lang='grc' dir='ltr'>’τι-θον.</span> 
     </span>
    </p>
   </div>
   <div class='ocr_carea' id='block_1_22' title="bbox 410 2152 1993 2235">
    <p class='ocr_par' dir='ltr' id='par_1_22' title="bbox 410 2152 1993 2235">
     <span class='ocr_line' id='line_1_22' title="bbox 410 2152 1993 2235; baseline -0.005 -15"><span class='ocrx_word' id='word_1_138' title='bbox 410 2159 776 2235; x_wconf 76' lang='grc' dir='ltr'>Ἀλέξανδρος</span> <span class='ocrx_word' id='word_1_139' title='bbox 833 2157 927 2214; x_wconf 77' lang='grc' dir='ltr'><strong>οὗν</strong></span> <span class='ocrx_word' id='word_1_140' title='bbox 996 2155 1336 2215; x_wconf 66' lang='grc' dir='ltr'>ἐϐασίλευσεν</span> <span class='ocrx_word' id='word_1_141' title='bbox 1382 2152 1503 2221; x_wconf 77' lang='grc' dir='ltr'>ἔτος</span> <span class='ocrx_word' id='word_1_142' title='bbox 1552 2160 1598 2213; x_wconf 73' lang='grc' dir='ltr'>α’</span> <span class='ocrx_word' id='word_1_143' title='bbox 1643 2157 1733 2213; x_wconf 78' lang='grc' dir='ltr'>καὶ</span> <span class='ocrx_word' id='word_1_144' title='bbox 1784 2156 1993 2233; x_wconf 69' lang='grc' dir='ltr'>ἠμίρας</span> 
     </span>
    </p>
   </div>
   <div class='ocr_carea' id='block_1_23' title="bbox 334 2246 1995 2327">
    <p class='ocr_par' dir='ltr' id='par_1_23' title="bbox 334 2246 1995 2327">
     <span class='ocr_line' id='line_1_23' title="bbox 334 2246 1995 2327; baseline -0.002 -22"><span class='ocrx_word' id='word_1_145' title='bbox 334 2253 421 2316; x_wconf 58' lang='grc' dir='ltr'><strong>ιδ’</strong></span> <span class='ocrx_word' id='word_1_146' title='bbox 477 2250 573 2306; x_wconf 69' lang='grc' dir='ltr'>σὺν</span> <span class='ocrx_word' id='word_1_147' title='bbox 636 2248 1025 2321; x_wconf 81' lang='grc' dir='ltr'>Κωνσταντίνῳ</span> <span class='ocrx_word' id='word_1_148' title='bbox 1080 2249 1186 2321; x_wconf 72' lang='grc' dir='ltr'><strong>υίῷ</strong></span> <span class='ocrx_word' id='word_1_149' title='bbox 1266 2247 1522 2311; x_wconf 68' lang='grc' dir='ltr'>Λέοντος’</span> <span class='ocrx_word' id='word_1_150' title='bbox 1586 2246 1670 2316; x_wconf 79' lang='grc' dir='ltr'><strong>ὅς,</strong></span> <span class='ocrx_word' id='word_1_151' title='bbox 1746 2247 1995 2327; x_wconf 78' lang='grc' dir='ltr'>ῥομφαίᾳ</span> 
     </span>
    </p>
   </div>
   <div class='ocr_carea' id='block_1_24' title="bbox 339 2331 1992 2414">
    <p class='ocr_par' dir='ltr' id='par_1_24' title="bbox 339 2331 1992 2414">
     <span class='ocr_line' id='line_1_24' title="bbox 339 2331 1992 2414; baseline -0.003 -17"><span class='ocrx_word' id='word_1_152' title='bbox 339 2340 601 2413; x_wconf 77' lang='grc' dir='ltr'>θεηλάτῳ</span> <span class='ocrx_word' id='word_1_153' title='bbox 631 2338 894 2414; x_wconf 78' lang='grc' dir='ltr'>πληγεὶς,</span> <span class='ocrx_word' id='word_1_154' title='bbox 925 2336 1163 2410; x_wconf 73' lang='grc' dir='ltr'>α’ίματος</span> <span class='ocrx_word' id='word_1_155' title='bbox 1202 2336 1420 2393; x_wconf 78' lang='grc' dir='ltr'>πολλοῦ</span> <span class='ocrx_word' id='word_1_156' title='bbox 1467 2331 1527 2392; x_wconf 68' lang='grc' dir='ltr'><strong>ἔτι</strong></span> <span class='ocrx_word' id='word_1_157' title='bbox 1571 2356 1631 2393; x_wconf 85' lang='grc' dir='ltr'><strong>τε</strong></span> <span class='ocrx_word' id='word_1_158' title='bbox 1676 2338 1782 2393; x_wconf 81' lang='grc' dir='ltr'><strong>τῶν</strong></span> <span class='ocrx_word' id='word_1_159' title='bbox 1829 2336 1992 2413; x_wconf 73' lang='grc' dir='ltr'>ῥινῶν</span> 
     </span>
    </p>
   </div>
   <div class='ocr_carea' id='block_1_25' title="bbox 330 2422 1994 2504">
    <p class='ocr_par' dir='ltr' id='par_1_25' title="bbox 330 2422 1994 2504">
     <span class='ocr_line' id='line_1_25' title="bbox 330 2422 1994 2504; baseline -0.002 -19"><span class='ocrx_word' id='word_1_160' title='bbox 330 2430 426 2485; x_wconf 80' lang='grc' dir='ltr'>καὶ</span> <span class='ocrx_word' id='word_1_161' title='bbox 486 2433 596 2484; x_wconf 76' lang='grc' dir='ltr'><strong>τῶν</strong></span> <span class='ocrx_word' id='word_1_162' title='bbox 660 2425 893 2483; x_wconf 64' lang='grc' dir='ltr'>αἰδοίων</span> <span class='ocrx_word' id='word_1_163' title='bbox 952 2424 1336 2504; x_wconf 70' lang='grc' dir='ltr'>ἐκφερομένου,</span> <span class='ocrx_word' id='word_1_164' title='bbox 1400 2427 1532 2500; x_wconf 84' lang='grc' dir='ltr'>μετὰ</span> <span class='ocrx_word' id='word_1_165' title='bbox 1610 2422 1706 2480; x_wconf 70' lang='grc' dir='ltr'>δύο</span> <span class='ocrx_word' id='word_1_166' title='bbox 1780 2427 1994 2503; x_wconf 61' lang='grc' dir='ltr'><strong>¹ἡμερας</strong></span> 
     </span>
    </p>
   </div>
   <div class='ocr_carea' id='block_1_26' title="bbox 331 2510 1992 2589">
    <p class='ocr_par' dir='ltr' id='par_1_26' title="bbox 331 2510 1992 2589">
     <span class='ocr_line' id='line_1_26' title="bbox 331 2510 1992 2589; baseline -0.002 -17"><span class='ocrx_word' id='word_1_167' title='bbox 331 2521 519 2579; x_wconf 75' lang='grc' dir='ltr'>κακῶς</span> <span class='ocrx_word' id='word_1_168' title='bbox 561 2515 947 2587; x_wconf 75' lang='grc' dir='ltr'>ἆτελεύτησεν,</span> <span class='ocrx_word' id='word_1_169' title='bbox 1003 2512 1163 2579; x_wconf 71' lang='grc' dir='ltr'>ἐάσας</span> <span class='ocrx_word' id='word_1_170' title='bbox 1215 2515 1317 2584; x_wconf 84' lang='grc' dir='ltr'><strong>τήν</strong></span> <span class='ocrx_word' id='word_1_171' title='bbox 1379 2510 1656 2589; x_wconf 84' lang='grc' dir='ltr'>βασιλείαν</span> <span class='ocrx_word' id='word_1_172' title='bbox 1711 2516 1992 2570; x_wconf 86' lang='grc' dir='ltr'>Κωνσταν-</span> 
     </span>
    </p>
   </div>
   <div class='ocr_carea' id='block_1_27' title="bbox 327 2598 1992 2680">
    <p class='ocr_par' dir='ltr' id='par_1_27' title="bbox 327 2598 1992 2680">
     <span class='ocr_line' id='line_1_27' title="bbox 327 2598 1992 2680; baseline -0.001 -19"><span class='ocrx_word' id='word_1_173' title='bbox 327 2607 471 2680; x_wconf 82' lang='grc' dir='ltr'>τίνῳ</span> <span class='ocrx_word' id='word_1_174' title='bbox 529 2608 635 2679; x_wconf 77' lang='grc' dir='ltr'><strong>υἳῷ</strong></span> <span class='ocrx_word' id='word_1_175' title='bbox 690 2607 949 2675; x_wconf 71' lang='grc' dir='ltr'>Λίοντος,</span> <span class='ocrx_word' id='word_1_176' title='bbox 1022 2604 1111 2660; x_wconf 77' lang='grc' dir='ltr'>καὶ</span> <span class='ocrx_word' id='word_1_177' title='bbox 1195 2598 1522 2679; x_wconf 75' lang='grc' dir='ltr'>ἐπιτρόπους</span> <span class='ocrx_word' id='word_1_178' title='bbox 1606 2603 1753 2676; x_wconf 77' lang='grc' dir='ltr'><strong>αὐτῷ</strong></span> <span class='ocrx_word' id='word_1_179' title='bbox 1830 2622 1992 2659; x_wconf 77' lang='grc' dir='ltr'>κατα-</span> 
     </span>
    </p>
   </div>
   <div class='ocr_carea' id='block_1_28' title="bbox 335 2694 541 2753">
    <p class='ocr_par' dir='ltr' id='par_1_28' title="bbox 335 2694 541 2753">
     <span class='ocr_line' id='line_1_28' title="bbox 335 2694 541 2753; baseline 0.015 -3"><span class='ocrx_word' id='word_1_180' title='bbox 335 2694 541 2753; x_wconf 79' lang='grc' dir='ltr'>λιπών.</span> 
     </span>
    </p>
   </div>
   <div class='ocr_carea' id='block_1_29' title="bbox 420 2782 1991 2863">
    <p class='ocr_par' dir='ltr' id='par_1_29' title="bbox 420 2782 1991 2863">
     <span class='ocr_line' id='line_1_29' title="bbox 420 2782 1991 2863; baseline -0.003 -22"><span class='ocrx_word' id='word_1_181' title='bbox 420 2789 827 2848; x_wconf 69' lang='grc' dir='ltr'>Κωνσταντῖνος</span> <span class='ocrx_word' id='word_1_182' title='bbox 858 2783 921 2840; x_wconf 75' lang='grc' dir='ltr'><strong>δὶ</strong></span> <span class='ocrx_word' id='word_1_183' title='bbox 977 2785 1006 2839; x_wconf 85' lang='lat'><strong>6</strong></span> <span class='ocrx_word' id='word_1_184' title='bbox 1048 2788 1265 2859; x_wconf 78' lang='grc' dir='ltr'>πρῶτος</span> <span class='ocrx_word' id='word_1_185' title='bbox 1310 2782 1849 2863; x_wconf 71' lang='grc' dir='ltr'>Πορφυρογὲννητος,</span> <span class='ocrx_word' id='word_1_186' title='bbox 1894 2788 1991 2839; x_wconf 78' lang='grc' dir='ltr'><strong>τοῦ</strong></span> 
     </span>
    </p>
   </div>
   <div class='ocr_carea' id='block_1_30' title="bbox 356 2870 1990 2947">
    <p class='ocr_par' dir='ltr' id='par_1_30' title="bbox 356 2870 1990 2947">
     <span class='ocr_line' id='line_1_30' title="bbox 356 2870 1990 2947; baseline 0 -21"><span class='ocrx_word' id='word_1_187' title='bbox 356 2874 561 2946; x_wconf 76' lang='grc' dir='ltr'>πατρὸς</span> <span class='ocrx_word' id='word_1_188' title='bbox 586 2874 747 2931; x_wconf 75' lang='grc' dir='ltr'>αὐτοῦ</span> <span class='ocrx_word' id='word_1_189' title='bbox 775 2873 1206 2944; x_wconf 73' lang='grc' dir='ltr'>τελευτήσαντος</span> <span class='ocrx_word' id='word_1_190' title='bbox 1255 2870 1509 2943; x_wconf 65' lang='grc' dir='ltr'>Δίοντος,</span> <span class='ocrx_word' id='word_1_191' title='bbox 1560 2878 1687 2934; x_wconf 85' lang='grc' dir='ltr'>παῖς</span> <span class='ocrx_word' id='word_1_192' title='bbox 1736 2870 1815 2928; x_wconf 69' lang='grc' dir='ltr'>ἔτι</span> <span class='ocrx_word' id='word_1_193' title='bbox 1860 2890 1990 2947; x_wconf 88' lang='grc' dir='ltr'>τυγ-</span> 
     </span>
    </p>
   </div>
   <div class='ocr_carea' id='block_1_31' title="bbox 355 2955 1989 3039">
    <p class='ocr_par' dir='ltr' id='par_1_31' title="bbox 355 2955 1989 3039">
     <span class='ocr_line' id='line_1_31' title="bbox 355 2955 1989 3039; baseline 0.001 -24"><span class='ocrx_word' id='word_1_194' title='bbox 355 2959 540 3035; x_wconf 71' lang='grc' dir='ltr'>χάνων</span> <span class='ocrx_word' id='word_1_195' title='bbox 567 2956 818 3039; x_wconf 77' lang='grc' dir='ltr'>(ἕϐδομον</span> <span class='ocrx_word' id='word_1_196' title='bbox 850 2963 956 3039; x_wconf 80' lang='grc' dir='ltr'><strong>γὰρ</strong></span> <span class='ocrx_word' id='word_1_197' title='bbox 987 2960 1055 3030; x_wconf 77' lang='grc' dir='ltr'>ἦν</span> <span class='ocrx_word' id='word_1_198' title='bbox 1096 2962 1244 3035; x_wconf 76' lang='grc' dir='ltr'>αὐτῷ</span> <span class='ocrx_word' id='word_1_199' title='bbox 1283 2967 1384 3032; x_wconf 81' lang='grc' dir='ltr'><strong>τῆς</strong></span> <span class='ocrx_word' id='word_1_200' title='bbox 1432 2959 1654 3031; x_wconf 82' lang='grc' dir='ltr'>ἡλικίας</span> <span class='ocrx_word' id='word_1_201' title='bbox 1695 2955 1837 3033; x_wconf 75' lang='grc' dir='ltr'>ἔτος)</span> <span class='ocrx_word' id='word_1_202' title='bbox 1885 2960 1989 3016; x_wconf 82' lang='grc' dir='ltr'>ὑπὸ</span> 
     </span>
    </p>
   </div>
   <div class='ocr_carea' id='block_1_32' title="bbox 348 3046 1990 3128">
    <p class='ocr_par' dir='ltr' id='par_1_32' title="bbox 348 3046 1990 3128">
     <span class='ocr_line' id='line_1_32' title="bbox 348 3046 1990 3128; baseline -0.002 -20"><span class='ocrx_word' id='word_1_203' title='bbox 348 3049 694 3128; x_wconf 70' lang='grc' dir='ltr'>Ἀλέξανδρον</span> <span class='ocrx_word' id='word_1_204' title='bbox 754 3054 903 3108; x_wconf 85' lang='grc' dir='ltr'>θεῖον</span> <span class='ocrx_word' id='word_1_205' title='bbox 962 3051 1136 3107; x_wconf 72' lang='grc' dir='ltr'>αὐτοῦ</span> <span class='ocrx_word' id='word_1_206' title='bbox 1186 3050 1239 3106; x_wconf 79' lang='grc' dir='ltr'>ἐν</span> <span class='ocrx_word' id='word_1_207' title='bbox 1295 3055 1365 3125; x_wconf 84' lang='grc' dir='ltr'><strong>τῇ</strong></span> <span class='ocrx_word' id='word_1_208' title='bbox 1435 3046 1688 3127; x_wconf 74' lang='grc' dir='ltr'>βασιλείᾳ</span> <span class='ocrx_word' id='word_1_209' title='bbox 1765 3047 1990 3105; x_wconf 68' lang='grc' dir='ltr'>καταλί-</span> 
     </span>
    </p>
   </div>
   <div class='ocr_carea' id='block_1_33' title="bbox 342 3134 1990 3218">
    <p class='ocr_par' dir='ltr' id='par_1_33' title="bbox 342 3134 1990 3218">
     <span class='ocr_line' id='line_1_33' title="bbox 342 3134 1990 3218; baseline 0 -23"><span class='ocrx_word' id='word_1_210' title='bbox 342 3139 563 3216; x_wconf 81' lang='grc' dir='ltr'>λειπτο,</span> <span class='ocrx_word' id='word_1_211' title='bbox 626 3144 733 3198; x_wconf 76' lang='grc' dir='ltr'>ὑπὸ</span> <span class='ocrx_word' id='word_1_212' title='bbox 799 3139 1134 3218; x_wconf 66' lang='grc' dir='ltr'>ἐπιτρόπους</span> <span class='ocrx_word' id='word_1_213' title='bbox 1181 3140 1377 3197; x_wconf 80' lang='grc' dir='ltr'>τελῶν·</span> <span class='ocrx_word' id='word_1_214' title='bbox 1455 3134 1836 3197; x_wconf 79' lang='grc' dir='ltr'>Ἐϐασίλευσεν</span> <span class='ocrx_word' id='word_1_215' title='bbox 1899 3140 1990 3195; x_wconf 75' lang='grc' dir='ltr'><strong>οὗν</strong></span> 
     </span>
    </p>
   </div>
   <div class='ocr_carea' id='block_1_34' title="bbox 337 3223 1991 3307">
    <p class='ocr_par' dir='ltr' id='par_1_34' title="bbox 337 3223 1991 3307">
     <span class='ocr_line' id='line_1_34' title="bbox 337 3223 1991 3307; baseline -0.001 -21"><span class='ocrx_word' id='word_1_216' title='bbox 337 3229 439 3286; x_wconf 68' lang='grc' dir='ltr'><strong>σὺν</strong></span> <span class='ocrx_word' id='word_1_217' title='bbox 465 3236 537 3306; x_wconf 76' lang='grc' dir='ltr'><strong>τῇ</strong></span> <span class='ocrx_word' id='word_1_218' title='bbox 573 3234 746 3307; x_wconf 73' lang='grc' dir='ltr'>μητρὶ</span> <span class='ocrx_word' id='word_1_219' title='bbox 796 3231 972 3288; x_wconf 69' lang='grc' dir='ltr'>αὐτοῦ</span> <span class='ocrx_word' id='word_1_220' title='bbox 1031 3235 1151 3306; x_wconf 81' lang='grc' dir='ltr'>Ζωῇ</span> <span class='ocrx_word' id='word_1_221' title='bbox 1210 3235 1279 3305; x_wconf 78' lang='grc' dir='ltr'><strong>τῇ</strong></span> <span class='ocrx_word' id='word_1_222' title='bbox 1334 3225 1729 3306; x_wconf 77' lang='grc' dir='ltr'>Καρϐωνοψίνᾳ</span> <span class='ocrx_word' id='word_1_223' title='bbox 1781 3223 1876 3299; x_wconf 78' lang='grc' dir='ltr'><strong>ἔτη</strong></span> <span class='ocrx_word' id='word_1_224' title='bbox 1930 3230 1991 3300; x_wconf 79' lang='grc' dir='ltr'><strong>ζ’,</strong></span> 
     </span>
    </p>
   </div>
   <div class='ocr_carea' id='block_1_35' title="bbox 336 3316 1989 3395">
    <p class='ocr_par' dir='ltr' id='par_1_35' title="bbox 336 3316 1989 3395">
     <span class='ocr_line' id='line_1_35' title="bbox 336 3316 1989 3395; baseline -0.001 -19"><span class='ocrx_word' id='word_1_225' title='bbox 336 3323 456 3395; x_wconf 70' lang='grc' dir='ltr'>ἅμα</span> <span class='ocrx_word' id='word_1_226' title='bbox 487 3319 546 3378; x_wconf 69' lang='grc' dir='ltr'><strong>δὲ</strong></span> <span class='ocrx_word' id='word_1_227' title='bbox 598 3322 873 3394; x_wconf 79' lang='grc' dir='ltr'>Ῥωμανῷ</span> <span class='ocrx_word' id='word_1_228' title='bbox 930 3322 1170 3392; x_wconf 76' lang='grc' dir='ltr'>πενθερῷ</span> <span class='ocrx_word' id='word_1_229' title='bbox 1226 3319 1417 3390; x_wconf 79' lang='grc' dir='ltr'>αὑτοῦ,</span> <span class='ocrx_word' id='word_1_230' title='bbox 1474 3316 1550 3373; x_wconf 77' lang='grc' dir='ltr'>ὥν</span> <span class='ocrx_word' id='word_1_231' title='bbox 1607 3317 1662 3373; x_wconf 70' lang='grc' dir='ltr'>ἕν</span> <span class='ocrx_word' id='word_1_232' title='bbox 1724 3319 1989 3394; x_wconf 78' lang='grc' dir='ltr'>ὑποταγῇ,</span> 
     </span>
    </p>
   </div>
   <div class='ocr_carea' id='block_1_36' title="bbox 330 3404 1992 3484">
    <p class='ocr_par' dir='ltr' id='par_1_36' title="bbox 330 3404 1992 3484">
     <span class='ocr_line' id='line_1_36' title="bbox 330 3404 1992 3484; baseline -0.001 -20"><span class='ocrx_word' id='word_1_233' title='bbox 330 3406 433 3481; x_wconf 72' lang='grc' dir='ltr'><strong>ἔτη</strong></span> <span class='ocrx_word' id='word_1_234' title='bbox 461 3417 560 3480; x_wconf 83' lang='grc' dir='ltr'>κε’,</span> <span class='ocrx_word' id='word_1_235' title='bbox 598 3409 963 3484; x_wconf 75' lang='grc' dir='ltr'>μονοκράτωρ</span> <span class='ocrx_word' id='word_1_236' title='bbox 995 3404 1087 3478; x_wconf 77' lang='grc' dir='ltr'>ἔτη</span> <span class='ocrx_word' id='word_1_237' title='bbox 1116 3414 1189 3481; x_wconf 88' lang='grc' dir='ltr'><strong>μ’,</strong></span> <span class='ocrx_word' id='word_1_238' title='bbox 1240 3407 1318 3472; x_wconf 85' lang='grc' dir='ltr'>ὡς</span> <span class='ocrx_word' id='word_1_239' title='bbox 1368 3408 1507 3463; x_wconf 76' lang='grc' dir='ltr'>εἶναι</span> <span class='ocrx_word' id='word_1_240' title='bbox 1554 3407 1623 3463; x_wconf 77' lang='grc' dir='ltr'><strong>τὰ</strong></span> <span class='ocrx_word' id='word_1_241' title='bbox 1669 3407 1844 3463; x_wconf 75' lang='grc' dir='ltr'>πάντα</span> <span class='ocrx_word' id='word_1_242' title='bbox 1890 3412 1992 3476; x_wconf 83' lang='grc' dir='ltr'>τῆς</span> 
     </span>
    </p>
   </div>
   <div class='ocr_carea' id='block_1_37' title="bbox 335 3491 1991 3574">
    <p class='ocr_par' dir='ltr' id='par_1_37' title="bbox 335 3491 1991 3574">
     <span class='ocr_line' id='line_1_37' title="bbox 335 3491 1991 3574; baseline -0.001 -21"><span class='ocrx_word' id='word_1_243' title='bbox 335 3499 624 3574; x_wconf 73' lang='grc' dir='ltr'>βασιλείας</span> <span class='ocrx_word' id='word_1_244' title='bbox 675 3501 849 3554; x_wconf 72' lang='grc' dir='ltr'>αὐτοῦ</span> <span class='ocrx_word' id='word_1_245' title='bbox 909 3491 1004 3568; x_wconf 81' lang='grc' dir='ltr'>ἔτη</span> <span class='ocrx_word' id='word_1_246' title='bbox 1064 3497 1150 3568; x_wconf 81' lang='grc' dir='ltr'><strong>ξε“.</strong></span> <span class='ocrx_word' id='word_1_247' title='bbox 1204 3502 1322 3568; x_wconf 87' lang='grc' dir='ltr'><strong>Ὀς,</strong></span> <span class='ocrx_word' id='word_1_248' title='bbox 1375 3499 1476 3567; x_wconf 72' lang='grc' dir='ltr'>τὴν</span> <span class='ocrx_word' id='word_1_249' title='bbox 1518 3495 1719 3552; x_wconf 70' lang='grc' dir='ltr'>οἰκείαν</span> <span class='ocrx_word' id='word_1_250' title='bbox 1779 3495 1991 3572; x_wconf 70' lang='grc' dir='ltr'>μητέρα</span> 
     </span>
    </p>
   </div>
   <div class='ocr_carea' id='block_1_38' title="bbox 333 3585 1989 3667">
    <p class='ocr_par' dir='ltr' id='par_1_38' title="bbox 333 3585 1989 3667">
     <span class='ocr_line' id='line_1_38' title="bbox 333 3585 1989 3667; baseline -0.001 -23"><span class='ocrx_word' id='word_1_251' title='bbox 333 3591 416 3653; x_wconf 82' lang='grc' dir='ltr'><strong>ὡς</strong></span> <span class='ocrx_word' id='word_1_252' title='bbox 471 3585 949 3646; x_wconf 69' lang='grc' dir='ltr'>ἐπιϐουλεύονσαν</span> <span class='ocrx_word' id='word_1_253' title='bbox 1025 3590 1291 3664; x_wconf 82' lang='grc' dir='ltr'>Ῥωμανῷ</span> <span class='ocrx_word' id='word_1_254' title='bbox 1368 3585 1456 3644; x_wconf 75' lang='grc' dir='ltr'>διὰ</span> <span class='ocrx_word' id='word_1_255' title='bbox 1512 3588 1989 3667; x_wconf 71' lang='grc' dir='ltr'>πεφαρμαγμὲνων</span> 
     </span>
    </p>
   </div>
   <div class='ocr_carea' id='block_1_39' title="bbox 336 3672 1988 3757">
    <p class='ocr_par' dir='ltr' id='par_1_39' title="bbox 336 3672 1988 3757">
     <span class='ocr_line' id='line_1_39' title="bbox 336 3672 1988 3757; baseline -0.001 -23"><span class='ocrx_word' id='word_1_256' title='bbox 336 3679 652 3754; x_wconf 72' lang='grc' dir='ltr'>βρώμίτων</span> <span class='ocrx_word' id='word_1_257' title='bbox 702 3680 982 3757; x_wconf 71' lang='grc' dir='ltr'>φωράσας,</span> <span class='ocrx_word' id='word_1_258' title='bbox 1029 3674 1229 3748; x_wconf 73' lang='grc' dir='ltr'>ταύτην</span> <span class='ocrx_word' id='word_1_259' title='bbox 1287 3678 1382 3751; x_wconf 76' lang='grc' dir='ltr'><strong>μὶν</strong></span> <span class='ocrx_word' id='word_1_260' title='bbox 1434 3681 1532 3734; x_wconf 77' lang='grc' dir='ltr'><strong>τοῦ</strong></span> <span class='ocrx_word' id='word_1_261' title='bbox 1573 3672 1844 3734; x_wconf 89' lang='grc' dir='ltr'>παλατίου</span> <span class='ocrx_word' id='word_1_262' title='bbox 1890 3699 1988 3734; x_wconf 83' lang='grc' dir='ltr'><strong>κα-</strong></span> 
     </span>
    </p>
   </div>
   <div class='ocr_carea' id='block_1_40' title="bbox 336 3763 1987 3840">
    <p class='ocr_par' dir='ltr' id='par_1_40' title="bbox 336 3763 1987 3840">
     <span class='ocr_line' id='line_1_40' title="bbox 336 3763 1987 3840; baseline 0 -19"><span class='ocrx_word' id='word_1_263' title='bbox 336 3763 636 3839; x_wconf 69' lang='grc' dir='ltr'>ταϐιϐάζει,</span> <span class='ocrx_word' id='word_1_264' title='bbox 711 3766 1000 3840; x_wconf 81' lang='grc' dir='ltr'>Ῥωμανὸν</span> <span class='ocrx_word' id='word_1_265' title='bbox 1076 3763 1134 3822; x_wconf 64' lang='grc' dir='ltr'><strong>δὲ</strong></span> <span class='ocrx_word' id='word_1_266' title='bbox 1203 3768 1297 3823; x_wconf 80' lang='grc' dir='ltr'>τὸν</span> <span class='ocrx_word' id='word_1_267' title='bbox 1373 3765 1689 3837; x_wconf 84' lang='grc' dir='ltr'>Λεκαπηνὸν</span> <span class='ocrx_word' id='word_1_268' title='bbox 1764 3767 1855 3822; x_wconf 86' lang='grc' dir='ltr'>τὸν</span> <span class='ocrx_word' id='word_1_269' title='bbox 1896 3768 1987 3821; x_wconf 80' lang='grc' dir='ltr'><strong>καὶ</strong></span> 
     </span>
    </p>
   </div>
   <div class='ocr_carea' id='block_1_41' title="bbox 338 3851 1986 3931">
    <p class='ocr_par' dir='ltr' id='par_1_41' title="bbox 338 3851 1986 3931">
     <span class='ocr_line' id='line_1_41' title="bbox 338 3851 1986 3931; baseline -0.001 -20"><span class='ocrx_word' id='word_1_270' title='bbox 338 3851 709 3912; x_wconf 72' lang='grc' dir='ltr'>Ἀὅάπακτον</span> <span class='ocrx_word' id='word_1_271' title='bbox 748 3859 819 3929; x_wconf 74' lang='grc' dir='ltr'>τῇ</span> <span class='ocrx_word' id='word_1_272' title='bbox 875 3857 977 3911; x_wconf 72' lang='grc' dir='ltr'><strong>τοῦ</strong></span> <span class='ocrx_word' id='word_1_273' title='bbox 1036 3854 1300 3931; x_wconf 81' lang='grc' dir='ltr'>Καίσαρος</span> <span class='ocrx_word' id='word_1_274' title='bbox 1360 3855 1483 3927; x_wconf 76' lang='grc' dir='ltr'>ἀξία</span> <span class='ocrx_word' id='word_1_275' title='bbox 1529 3860 1685 3928; x_wconf 83' lang='grc' dir='ltr'>τιμᾷ,</span> <span class='ocrx_word' id='word_1_276' title='bbox 1730 3856 1847 3911; x_wconf 68' lang='grc' dir='ltr'>εἶτα</span> <span class='ocrx_word' id='word_1_277' title='bbox 1896 3856 1986 3910; x_wconf 77' lang='grc' dir='ltr'><strong>καὶ</strong></span> 
     </span>
    </p>
   </div>
   <div class='ocr_carea' id='block_1_42' title="bbox 336 3944 1986 4027">
    <p class='ocr_par' dir='ltr' id='par_1_42' title="bbox 336 3944 1986 4027">
     <span class='ocr_line' id='line_1_42' title="bbox 336 3944 1986 4027; baseline 0.001 -27"><span class='ocrx_word' id='word_1_278' title='bbox 336 3950 417 4018; x_wconf 77' lang='grc' dir='ltr'><strong>τῷ</strong></span> <span class='ocrx_word' id='word_1_279' title='bbox 443 3953 541 4018; x_wconf 77' lang='grc' dir='ltr'><strong>τῆς</strong></span> <span class='ocrx_word' id='word_1_280' title='bbox 574 3946 860 4022; x_wconf 78' lang='grc' dir='ltr'>βασιλείας</span> <span class='ocrx_word' id='word_1_281' title='bbox 918 3948 1083 4003; x_wconf 76' lang='grc' dir='ltr'>αὐτὸν</span> <span class='ocrx_word' id='word_1_282' title='bbox 1138 3948 1318 4027; x_wconf 71' lang='grc' dir='ltr'>στέφει</span> <span class='ocrx_word' id='word_1_283' title='bbox 1370 3944 1688 4019; x_wconf 77' lang='grc' dir='ltr'>διαδήματι’</span> <span class='ocrx_word' id='word_1_284' title='bbox 1738 3948 1818 4017; x_wconf 76' lang='grc' dir='ltr'>ὃς,</span> <span class='ocrx_word' id='word_1_285' title='bbox 1873 3953 1986 4018; x_wconf 86' lang='grc' dir='ltr'>μετ’</span> 
     </span>
    </p>
   </div>
   <div class='ocr_carea' id='block_1_43' title="bbox 341 4034 1986 4112">
    <p class='ocr_par' dir='ltr' id='par_1_43' title="bbox 341 4034 1986 4112">
     <span class='ocr_line' id='line_1_43' title="bbox 341 4034 1986 4112; baseline 0.002 -24"><span class='ocrx_word' id='word_1_286' title='bbox 341 4035 406 4090; x_wconf 74' lang='grc' dir='ltr'>οὔ</span> <span class='ocrx_word' id='word_1_287' title='bbox 434 4034 575 4093; x_wconf 81' lang='grc' dir='ltr'>πολὺ</span> <span class='ocrx_word' id='word_1_288' title='bbox 624 4038 718 4092; x_wconf 84' lang='grc' dir='ltr'>τὸν</span> <span class='ocrx_word' id='word_1_289' title='bbox 776 4034 1010 4112; x_wconf 75' lang='grc' dir='ltr'>βασιλέα</span> <span class='ocrx_word' id='word_1_290' title='bbox 1066 4040 1467 4094; x_wconf 77' lang='grc' dir='ltr'>Κωνσταντῖνον</span> <span class='ocrx_word' id='word_1_291' title='bbox 1515 4035 1605 4092; x_wconf 75' lang='grc' dir='ltr'>διά</span> <span class='ocrx_word' id='word_1_292' title='bbox 1648 4056 1812 4092; x_wconf 81' lang='grc' dir='ltr'>τινων</span> <span class='ocrx_word' id='word_1_293' title='bbox 1867 4036 1986 4091; x_wconf 76' lang='grc' dir='ltr'>ἐπι-</span> 
     </span>
    </p>
   </div>
   <div class='ocr_carea' id='block_1_44' title="bbox 345 4117 1986 4204">
    <p class='ocr_par' dir='ltr' id='par_1_44' title="bbox 345 4117 1986 4204">
     <span class='ocr_line' id='line_1_44' title="bbox 345 4117 1986 4204; baseline 0.003 -28"><span class='ocrx_word' id='word_1_294' title='bbox 345 4117 546 4197; x_wconf 68' lang='grc' dir='ltr'>ϐουλὴν</span> <span class='ocrx_word' id='word_1_295' title='bbox 576 4126 725 4199; x_wconf 78' lang='grc' dir='ltr'><strong>αὖτῷ</strong></span> <span class='ocrx_word' id='word_1_296' title='bbox 779 4126 1252 4197; x_wconf 78' lang='grc' dir='ltr'>κατασκευάζοντα</span> <span class='ocrx_word' id='word_1_297' title='bbox 1294 4127 1479 4200; x_wconf 84' lang='grc' dir='ltr'>μαθὼν</span> <span class='ocrx_word' id='word_1_298' title='bbox 1528 4127 1619 4182; x_wconf 77' lang='grc' dir='ltr'><strong>καὶ</strong></span> <span class='ocrx_word' id='word_1_299' title='bbox 1662 4126 1986 4204; x_wconf 81' lang='grc' dir='ltr'>προφάσεως</span> 
     </span>
    </p>
   </div>
   <div class='ocr_carea' id='block_1_45' title="bbox 347 4208 1989 4289">
    <p class='ocr_par' dir='ltr' id='par_1_45' title="bbox 347 4208 1989 4289">
     <span class='ocr_line' id='line_1_45' title="bbox 347 4208 1989 4289; baseline 0.002 -25"><span class='ocrx_word' id='word_1_300' title='bbox 347 4208 644 4289; x_wconf 70' lang='grc' dir='ltr'>λαϐόμενος</span> <span class='ocrx_word' id='word_1_301' title='bbox 720 4216 886 4271; x_wconf 73' lang='grc' dir='ltr'>αὑτὸν</span> <span class='ocrx_word' id='word_1_302' title='bbox 966 4216 1063 4289; x_wconf 74' lang='grc' dir='ltr'>μὶν</span> <span class='ocrx_word' id='word_1_303' title='bbox 1137 4210 1458 4286; x_wconf 71' lang='grc' dir='ltr'>ὸποόιϐάζει</span> <span class='ocrx_word' id='word_1_304' title='bbox 1549 4214 1639 4271; x_wconf 77' lang='grc' dir='ltr'>καὶ</span> <span class='ocrx_word' id='word_1_305' title='bbox 1742 4212 1989 4289; x_wconf 78' lang='grc' dir='ltr'>δεύτερον</span> 
     </span>
    </p>
   </div>
   <div class='ocr_carea' id='block_1_46' title="bbox 349 4301 1988 4379">
    <p class='ocr_par' dir='ltr' id='par_1_46' title="bbox 349 4301 1988 4379">
     <span class='ocr_line' id='line_1_46' title="bbox 349 4301 1988 4379; baseline 0.001 -24"><span class='ocrx_word' id='word_1_306' title='bbox 349 4310 584 4376; x_wconf 64' lang='grc' dir='ltr'>παριστᾷ,</span> <span class='ocrx_word' id='word_1_307' title='bbox 639 4304 829 4362; x_wconf 75' lang='grc' dir='ltr'>ὶαυτὸν</span> <span class='ocrx_word' id='word_1_308' title='bbox 890 4301 949 4359; x_wconf 76' lang='grc' dir='ltr'><strong>δὶ</strong></span> <span class='ocrx_word' id='word_1_309' title='bbox 1016 4303 1136 4378; x_wconf 77' lang='grc' dir='ltr'>ἄγει</span> <span class='ocrx_word' id='word_1_310' title='bbox 1201 4304 1279 4367; x_wconf 63' lang='grc' dir='ltr'>εἷς</span> <span class='ocrx_word' id='word_1_311' title='bbox 1342 4304 1405 4359; x_wconf 80' lang='grc' dir='ltr'>τὸ</span> <span class='ocrx_word' id='word_1_312' title='bbox 1461 4303 1792 4379; x_wconf 72' lang='grc' dir='ltr'>’ἔμπροσθεν’</span> <span class='ocrx_word' id='word_1_313' title='bbox 1854 4304 1988 4377; x_wconf 82' lang='grc' dir='ltr'>μετὰ</span> 
     </span>
    </p>
   </div>
   <div class='ocr_carea' id='block_1_47' title="bbox 352 4391 1988 4471">
    <p class='ocr_par' dir='ltr' id='par_1_47' title="bbox 352 4391 1988 4471">
     <span class='ocr_line' id='line_1_47' title="bbox 352 4391 1988 4471; baseline 0.001 -27"><span class='ocrx_word' id='word_1_314' title='bbox 352 4395 508 4447; x_wconf 77' lang='grc' dir='ltr'>ταῦτα</span> <span class='ocrx_word' id='word_1_315' title='bbox 536 4391 595 4449; x_wconf 77' lang='grc' dir='ltr'><strong>δὶ</strong></span> <span class='ocrx_word' id='word_1_316' title='bbox 624 4394 835 4449; x_wconf 79' lang='grc' dir='ltr'>καὶτὸν</span> <span class='ocrx_word' id='word_1_317' title='bbox 892 4393 1014 4447; x_wconf 75' lang='grc' dir='ltr'>υίὸν</span> <span class='ocrx_word' id='word_1_318' title='bbox 1060 4391 1223 4447; x_wconf 75' lang='grc' dir='ltr'>αὐτοῦ</span> <span class='ocrx_word' id='word_1_319' title='bbox 1270 4392 1646 4471; x_wconf 77' lang='grc' dir='ltr'>Θεοφύλακτον</span> <span class='ocrx_word' id='word_1_320' title='bbox 1692 4396 1771 4462; x_wconf 83' lang='grc' dir='ltr'><strong>τῷ</strong></span> <span class='ocrx_word' id='word_1_321' title='bbox 1822 4410 1988 4467; x_wconf 85' lang='grc' dir='ltr'>πατρι</span> 
     </span>
    </p>
   </div>
   <div class='ocr_carea' id='block_1_48' title="bbox 356 4478 1987 4559">
    <p class='ocr_par' dir='ltr' id='par_1_48' title="bbox 356 4478 1987 4559">
     <span class='ocr_line' id='line_1_48' title="bbox 356 4478 1987 4559; baseline 0.003 -29"><span class='ocrx_word' id='word_1_322' title='bbox 356 4488 556 4555; x_wconf 59' lang='grc' dir='ltr'>αῃικῷ</span> <span class='ocrx_word' id='word_1_323' title='bbox 602 4485 784 4558; x_wconf 81' lang='grc' dir='ltr'>θρόνῳ</span> <span class='ocrx_word' id='word_1_324' title='bbox 841 4478 1204 4559; x_wconf 76' lang='grc' dir='ltr'>ξγγαθιδρῦει.</span> <span class='ocrx_word' id='word_1_325' title='bbox 1262 4482 1388 4539; x_wconf 79' lang='grc' dir='ltr'><strong>Ἐπὶ</strong></span> <span class='ocrx_word' id='word_1_326' title='bbox 1456 4484 1553 4551; x_wconf 72' lang='grc' dir='ltr'><strong>τῆς</strong></span> <span class='ocrx_word' id='word_1_327' title='bbox 1605 4480 1770 4536; x_wconf 76' lang='grc' dir='ltr'>αὐτοῦ</span> <span class='ocrx_word' id='word_1_328' title='bbox 1827 4480 1987 4555; x_wconf 77' lang='grc' dir='ltr'>βασι·</span> 
     </span>
    </p>
   </div>
   <div class='ocr_carea' id='block_1_49' title="bbox 2113 542 3768 618">
    <p class='ocr_par' dir='ltr' id='par_1_49' title="bbox 2113 542 3768 618">
     <span class='ocr_line' id='line_1_49' title="bbox 2113 542 3768 618; baseline 0.001 -18"><span class='ocrx_word' id='word_1_329' title='bbox 2113 542 2377 600; x_wconf 86' lang='lat' dir='ltr'><strong>Cauleas.</strong></span> <span class='ocrx_word' id='word_1_330' title='bbox 2410 544 2669 614; x_wconf 82' lang='lat' dir='ltr'><strong>Augusta</strong></span> <span class='ocrx_word' id='word_1_331' title='bbox 2697 542 2839 597; x_wconf 83' lang='lat' dir='ltr'><strong>item</strong></span> <span class='ocrx_word' id='word_1_332' title='bbox 2870 542 3227 615; x_wconf 82' lang='lat' dir='ltr'><strong>TheOpbano</strong></span> <span class='ocrx_word' id='word_1_333' title='bbox 3277 560 3412 600; x_wconf 90' lang='lat' dir='ltr'><strong>cum</strong></span> <span class='ocrx_word' id='word_1_334' title='bbox 3459 551 3768 618; x_wconf 78' lang='lat' dir='ltr'><strong>regnasset</strong></span> 
     </span>
    </p>
   </div>
   <div class='ocr_carea' id='block_1_50' title="bbox 2114 638 3765 713">
    <p class='ocr_par' dir='ltr' id='par_1_50' title="bbox 2114 638 3765 713">
     <span class='ocr_line' id='line_1_50' title="bbox 2114 638 3765 713; baseline 0.002 -18"><span class='ocrx_word' id='word_1_335' title='bbox 2114 656 2302 696; x_wconf 86' lang='lat' dir='ltr'><strong>annos</strong></span> <span class='ocrx_word' id='word_1_336' title='bbox 2332 639 2667 707; x_wconf 74' lang='lat' dir='ltr'><strong>duodecim,</strong></span> <span class='ocrx_word' id='word_1_337' title='bbox 2707 638 2916 694; x_wconf 90' lang='lat' dir='ltr'><strong>morbo</strong></span> <span class='ocrx_word' id='word_1_338' title='bbox 2966 640 3398 713; x_wconf 82' lang='lat' dir='ltr'><strong>exstinguitur:</strong></span> <span class='ocrx_word' id='word_1_339' title='bbox 3448 641 3510 697; x_wconf 93' lang='lat' dir='ltr'><strong>in</strong></span> <span class='ocrx_word' id='word_1_340' title='bbox 3563 640 3765 699; x_wconf 89' lang='lat' dir='ltr'><strong>locum</strong></span> 
     </span>
    </p>
   </div>
   <div class='ocr_carea' id='block_1_51' title="bbox 2113 730 3761 803">
    <p class='ocr_par' dir='ltr' id='par_1_51' title="bbox 2113 730 3761 803">
     <span class='ocr_line' id='line_1_51' title="bbox 2113 730 3761 803; baseline 0.003 -16"><span class='ocrx_word' id='word_1_341' title='bbox 2113 730 2278 788; x_wconf 89' lang='lat' dir='ltr'><strong>illius</strong></span> <span class='ocrx_word' id='word_1_342' title='bbox 2300 733 2476 786; x_wconf 88' lang='lat' dir='ltr'><strong>Zoem</strong></span> <span class='ocrx_word' id='word_1_343' title='bbox 2507 732 2762 786; x_wconf 77' lang='lat' dir='ltr'><strong>Tzautue</strong></span> <span class='ocrx_word' id='word_1_344' title='bbox 2791 730 2976 787; x_wconf 84' lang='lat' dir='ltr'><strong>ﬁliam</strong></span> <span class='ocrx_word' id='word_1_345' title='bbox 3015 732 3339 803; x_wconf 83' lang='lat' dir='ltr'><strong>imperator</strong></span> <span class='ocrx_word' id='word_1_346' title='bbox 3385 739 3652 800; x_wconf 86' lang='lat' dir='ltr'><strong>coronat,</strong></span> <span class='ocrx_word' id='word_1_347' title='bbox 3701 741 3761 793; x_wconf 88' lang='lat' dir='ltr'><strong>et</strong></span> 
     </span>
    </p>
   </div>
   <div class='ocr_carea' id='block_1_52' title="bbox 2111 819 3759 893">
    <p class='ocr_par' dir='ltr' id='par_1_52' title="bbox 2111 819 3759 893">
     <span class='ocr_line' id='line_1_52' title="bbox 2111 819 3759 893; baseline 0.004 -19"><span class='ocrx_word' id='word_1_348' title='bbox 2111 820 2232 876; x_wconf 89' lang='lat' dir='ltr'><strong>ritu</strong></span> <span class='ocrx_word' id='word_1_349' title='bbox 2251 819 2528 876; x_wconf 66' lang='lat' dir='ltr'><strong>Ecclesiae</strong></span> <span class='ocrx_word' id='word_1_350' title='bbox 2549 835 2716 875; x_wconf 87' lang='lat' dir='ltr'><strong>sacro</strong></span> <span class='ocrx_word' id='word_1_351' title='bbox 2736 819 2850 874; x_wconf 89' lang='lat' dir='ltr'><strong>sibi</strong></span> <span class='ocrx_word' id='word_1_352' title='bbox 2872 819 3250 876; x_wconf 89' lang='lat' dir='ltr'><strong>matrimonio</strong></span> <span class='ocrx_word' id='word_1_353' title='bbox 3266 820 3484 893; x_wconf 83' lang='lat' dir='ltr'><strong>jungit.</strong></span> <span class='ocrx_word' id='word_1_354' title='bbox 3509 823 3655 879; x_wconf 89' lang='lat' dir='ltr'><strong>Cum</strong></span> <span class='ocrx_word' id='word_1_355' title='bbox 3686 840 3759 880; x_wconf 82' lang='lat' dir='ltr'><strong>ex</strong></span> 
     </span>
    </p>
   </div>
   <div class='ocr_carea' id='block_1_53' title="bbox 2111 908 3755 986">
    <p class='ocr_par' dir='ltr' id='par_1_53' title="bbox 2111 908 3755 986">
     <span class='ocr_line' id='line_1_53' title="bbox 2111 908 3755 986; baseline 0.004 -23"><span class='ocrx_word' id='word_1_356' title='bbox 2111 908 2223 965; x_wconf 86' lang='lat' dir='ltr'><strong>hac</strong></span> <span class='ocrx_word' id='word_1_357' title='bbox 2251 910 2371 964; x_wconf 91' lang='lat' dir='ltr'><strong>vita</strong></span> <span class='ocrx_word' id='word_1_358' title='bbox 2399 908 2753 964; x_wconf 80' lang='lat' dir='ltr'><strong>decessisset</strong></span> <span class='ocrx_word' id='word_1_359' title='bbox 2781 909 3096 979; x_wconf 81' lang='lat' dir='ltr'><strong>Antonius,</strong></span> <span class='ocrx_word' id='word_1_360' title='bbox 3128 910 3403 966; x_wconf 89' lang='lat' dir='ltr'><strong>Nicolaus</strong></span> <span class='ocrx_word' id='word_1_361' title='bbox 3452 912 3755 986; x_wconf 83' lang='lat' dir='ltr'><strong>patricius,</strong></span> 
     </span>
    </p>
   </div>
   <div class='ocr_carea' id='block_1_54' title="bbox 2112 996 3753 1072">
    <p class='ocr_par' dir='ltr' id='par_1_54' title="bbox 2112 996 3753 1072">
     <span class='ocr_line' id='line_1_54' title="bbox 2112 996 3753 1072; baseline 0.002 -19"><span class='ocrx_word' id='word_1_362' title='bbox 2112 996 2449 1053; x_wconf 84' lang='lat' dir='ltr'><strong>secretioris</strong></span> <span class='ocrx_word' id='word_1_363' title='bbox 2479 997 2709 1053; x_wconf 83' lang='lat' dir='ltr'><strong>consilii</strong></span> <span class='ocrx_word' id='word_1_364' title='bbox 2741 1003 2999 1065; x_wconf 75' lang='lat' dir='ltr'><strong>senator,</strong></span> <span class='ocrx_word' id='word_1_365' title='bbox 3030 997 3367 1068; x_wconf 80' lang='lat' dir='ltr'><strong>patriarcha</strong></span> <span class='ocrx_word' id='word_1_366' title='bbox 3389 998 3645 1072; x_wconf 82' lang='lat' dir='ltr'><strong>eligitur.</strong></span> <span class='ocrx_word' id='word_1_367' title='bbox 3678 1003 3753 1067; x_wconf 82' lang='lat' dir='ltr'><strong>is,</strong></span> 
     </span>
    </p>
   </div>
   <div class='ocr_carea' id='block_1_55' title="bbox 2110 1085 3755 1159">
    <p class='ocr_par' dir='ltr' id='par_1_55' title="bbox 2110 1085 3755 1159">
     <span class='ocr_line' id='line_1_55' title="bbox 2110 1085 3755 1159; baseline 0.003 -17"><span class='ocrx_word' id='word_1_368' title='bbox 2110 1102 2244 1142; x_wconf 89' lang='lat' dir='ltr'><strong>cum</strong></span> <span class='ocrx_word' id='word_1_369' title='bbox 2288 1085 2556 1158; x_wconf 87' lang='lat' dir='ltr'><strong>pluribus</strong></span> <span class='ocrx_word' id='word_1_370' title='bbox 2607 1086 3005 1157; x_wconf 86' lang='lat' dir='ltr'><strong>imperatoriis</strong></span> <span class='ocrx_word' id='word_1_371' title='bbox 3051 1088 3275 1159; x_wconf 86' lang='lat' dir='ltr'><strong>nuptiis</strong></span> <span class='ocrx_word' id='word_1_372' title='bbox 3323 1087 3755 1159; x_wconf 82' lang='lat' dir='ltr'><strong>adversaretur,</strong></span> 
     </span>
    </p>
   </div>
   <div class='ocr_carea' id='block_1_56' title="bbox 2110 1174 3757 1250">
    <p class='ocr_par' dir='ltr' id='par_1_56' title="bbox 2110 1174 3757 1250">
     <span class='ocr_line' id='line_1_56' title="bbox 2110 1174 3757 1250; baseline 0.003 -20"><span class='ocrx_word' id='word_1_373' title='bbox 2110 1176 2325 1231; x_wconf 87' lang='lat' dir='ltr'><strong>throno</strong></span> <span class='ocrx_word' id='word_1_374' title='bbox 2383 1174 2737 1243; x_wconf 87' lang='lat' dir='ltr'><strong>extruditur,</strong></span> <span class='ocrx_word' id='word_1_375' title='bbox 2825 1175 3321 1247; x_wconf 87' lang='lat' dir='ltr'><strong>substituiturque</strong></span> <span class='ocrx_word' id='word_1_376' title='bbox 3406 1178 3757 1250; x_wconf 85' lang='lat' dir='ltr'><strong>Euthymius</strong></span> 
     </span>
    </p>
   </div>
   <div class='ocr_carea' id='block_1_57' title="bbox 2107 1263 3753 1338">
    <p class='ocr_par' dir='ltr' id='par_1_57' title="bbox 2107 1263 3753 1338">
     <span class='ocr_line' id='line_1_57' title="bbox 2107 1263 3753 1338; baseline 0.003 -18"><span class='ocrx_word' id='word_1_377' title='bbox 2107 1263 2427 1338; x_wconf 84' lang='lat' dir='ltr'><strong>syncellus.</strong></span> <span class='ocrx_word' id='word_1_378' title='bbox 2485 1266 2633 1320; x_wconf 88' lang='lat' dir='ltr'><strong>Eum</strong></span> <span class='ocrx_word' id='word_1_379' title='bbox 2689 1264 2889 1320; x_wconf 86' lang='lat' dir='ltr'><strong>divino</strong></span> <span class='ocrx_word' id='word_1_380' title='bbox 2947 1265 3196 1322; x_wconf 91' lang='lat' dir='ltr'><strong>consilio</strong></span> <span class='ocrx_word' id='word_1_381' title='bbox 3256 1270 3487 1323; x_wconf 88' lang='lat' dir='ltr'><strong>tantum</strong></span> <span class='ocrx_word' id='word_1_382' title='bbox 3535 1282 3753 1325; x_wconf 89' lang='lat' dir='ltr'><strong>munus</strong></span> 
     </span>
    </p>
   </div>
   <div class='ocr_carea' id='block_1_58' title="bbox 2108 1353 3751 1426">
    <p class='ocr_par' dir='ltr' id='par_1_58' title="bbox 2108 1353 3751 1426">
     <span class='ocr_line' id='line_1_58' title="bbox 2108 1353 3751 1426; baseline 0.002 -16"><span class='ocrx_word' id='word_1_383' title='bbox 2108 1354 2363 1410; x_wconf 88' lang='lat' dir='ltr'><strong>subiisse</strong></span> <span class='ocrx_word' id='word_1_384' title='bbox 2398 1353 2658 1420; x_wconf 88' lang='lat' dir='ltr'><strong>tradunt,</strong></span> <span class='ocrx_word' id='word_1_385' title='bbox 2691 1369 2825 1409; x_wconf 88' lang='lat' dir='ltr'><strong>cum</strong></span> <span class='ocrx_word' id='word_1_386' title='bbox 2858 1353 3202 1426; x_wconf 86' lang='lat' dir='ltr'><strong>imperatori</strong></span> <span class='ocrx_word' id='word_1_387' title='bbox 3232 1371 3446 1413; x_wconf 84' lang='lat' dir='ltr'><strong>novam</strong></span> <span class='ocrx_word' id='word_1_388' title='bbox 3493 1358 3751 1414; x_wconf 89' lang='lat' dir='ltr'><strong>condere</strong></span> 
     </span>
    </p>
   </div>
   <div class='ocr_carea' id='block_1_59' title="bbox 2106 1442 3755 1516">
    <p class='ocr_par' dir='ltr' id='par_1_59' title="bbox 2106 1442 3755 1516">
     <span class='ocr_line' id='line_1_59' title="bbox 2106 1442 3755 1516; baseline 0.002 -18"><span class='ocrx_word' id='word_1_389' title='bbox 2106 1443 2297 1515; x_wconf 83' lang='lat' dir='ltr'><strong>legem</strong></span> <span class='ocrx_word' id='word_1_390' title='bbox 2329 1442 2722 1512; x_wconf 81' lang='lat' dir='ltr'><strong>haeresimque</strong></span> <span class='ocrx_word' id='word_1_391' title='bbox 2771 1442 3058 1500; x_wconf 84' lang='lat' dir='ltr'><strong>suscitare</strong></span> <span class='ocrx_word' id='word_1_392' title='bbox 3108 1444 3169 1499; x_wconf 91' lang='lat' dir='ltr'><strong>in</strong></span> <span class='ocrx_word' id='word_1_393' title='bbox 3216 1444 3417 1502; x_wconf 88' lang='lat' dir='ltr'><strong>animo</strong></span> <span class='ocrx_word' id='word_1_394' title='bbox 3467 1452 3642 1516; x_wconf 90' lang='lat' dir='ltr'><strong>esset,</strong></span> <span class='ocrx_word' id='word_1_395' title='bbox 3690 1454 3755 1503; x_wconf 90' lang='lat' dir='ltr'><strong>ut</strong></span> 
     </span>
    </p>
   </div>
   <div class='ocr_carea' id='block_1_60' title="bbox 2106 1530 3755 1607">
    <p class='ocr_par' dir='ltr' id='par_1_60' title="bbox 2106 1530 3755 1607">
     <span class='ocr_line' id='line_1_60' title="bbox 2106 1530 3755 1607; baseline 0.003 -20"><span class='ocrx_word' id='word_1_396' title='bbox 2106 1531 2382 1587; x_wconf 84' lang='lat' dir='ltr'><strong>videlicet</strong></span> <span class='ocrx_word' id='word_1_397' title='bbox 2407 1530 2629 1602; x_wconf 81' lang='lat' dir='ltr'><strong>nuptiae</strong></span> <span class='ocrx_word' id='word_1_398' title='bbox 2658 1530 2734 1587; x_wconf 84' lang='lat' dir='ltr'><strong>ad</strong></span> <span class='ocrx_word' id='word_1_399' title='bbox 2765 1532 3003 1589; x_wconf 82' lang='lat' dir='ltr'><strong>tertium</strong></span> <span class='ocrx_word' id='word_1_400' title='bbox 3026 1548 3214 1605; x_wconf 88' lang='lat' dir='ltr'><strong>usque</strong></span> <span class='ocrx_word' id='word_1_401' title='bbox 3246 1534 3456 1605; x_wconf 86' lang='lat' dir='ltr'><strong>virum,</strong></span> <span class='ocrx_word' id='word_1_402' title='bbox 3479 1536 3552 1592; x_wconf 85' lang='lat' dir='ltr'><strong>ad</strong></span> <span class='ocrx_word' id='word_1_403' title='bbox 3577 1553 3755 1607; x_wconf 88' lang='lat' dir='ltr'><strong>quar-</strong></span> 
     </span>
    </p>
   </div>
   <div class='ocr_carea' id='block_1_61' title="bbox 2106 1620 3752 1693">
    <p class='ocr_par' dir='ltr' id='par_1_61' title="bbox 2106 1620 3752 1693">
     <span class='ocr_line' id='line_1_61' title="bbox 2106 1620 3752 1693; baseline 0.005 -18"><span class='ocrx_word' id='word_1_404' title='bbox 2106 1626 2226 1677; x_wconf 86' lang='lat' dir='ltr'><strong>tam</strong></span> <span class='ocrx_word' id='word_1_405' title='bbox 2260 1636 2396 1676; x_wconf 85' lang='lat' dir='ltr'><strong>vero</strong></span> <span class='ocrx_word' id='word_1_406' title='bbox 2425 1634 2674 1676; x_wconf 84' lang='lat' dir='ltr'><strong>uxorem</strong></span> <span class='ocrx_word' id='word_1_407' title='bbox 2726 1620 3000 1691; x_wconf 89' lang='lat' dir='ltr'><strong>protendi</strong></span> <span class='ocrx_word' id='word_1_408' title='bbox 3048 1629 3308 1693; x_wconf 89' lang='lat' dir='ltr'><strong>possent.</strong></span> <span class='ocrx_word' id='word_1_409' title='bbox 3365 1626 3597 1683; x_wconf 88' lang='lat' dir='ltr'><strong>Interea</strong></span> <span class='ocrx_word' id='word_1_410' title='bbox 3642 1627 3752 1683; x_wconf 88' lang='lat' dir='ltr'><strong>Leo</strong></span> 
     </span>
    </p>
   </div>
   <div class='ocr_carea' id='block_1_62' title="bbox 2106 1708 3753 1781">
    <p class='ocr_par' dir='ltr' id='par_1_62' title="bbox 2106 1708 3753 1781">
     <span class='ocr_line' id='line_1_62' title="bbox 2106 1708 3753 1781; baseline 0.004 -16"><span class='ocrx_word' id='word_1_411' title='bbox 2106 1710 2563 1765; x_wconf 86' lang='lat' dir='ltr'><strong>Constantinum</strong></span> <span class='ocrx_word' id='word_1_412' title='bbox 2617 1708 2809 1765; x_wconf 82' lang='lat' dir='ltr'><strong>lilium</strong></span> <span class='ocrx_word' id='word_1_413' title='bbox 2857 1710 3238 1781; x_wconf 88' lang='lat' dir='ltr'><strong>imperatoria</strong></span> <span class='ocrx_word' id='word_1_414' title='bbox 3284 1729 3505 1770; x_wconf 87' lang='lat' dir='ltr'><strong>corona</strong></span> <span class='ocrx_word' id='word_1_415' title='bbox 3549 1714 3753 1772; x_wconf 88' lang='lat' dir='ltr'><strong>donat.</strong></span> 
     </span>
    </p>
   </div>
   <div class='ocr_carea' id='block_1_63' title="bbox 2104 1798 3759 1873">
    <p class='ocr_par' dir='ltr' id='par_1_63' title="bbox 2104 1798 3759 1873">
     <span class='ocr_line' id='line_1_63' title="bbox 2104 1798 3759 1873; baseline 0.002 -17"><span class='ocrx_word' id='word_1_416' title='bbox 2104 1798 2360 1856; x_wconf 88' lang='lat' dir='ltr'><strong>Tandem</strong></span> <span class='ocrx_word' id='word_1_417' title='bbox 2382 1799 2707 1871; x_wconf 88' lang='lat' dir='ltr'><strong>imperator</strong></span> <span class='ocrx_word' id='word_1_418' title='bbox 2715 1798 2955 1855; x_wconf 67' lang='lat' dir='ltr'><strong>coeliaco</strong></span> <span class='ocrx_word' id='word_1_419' title='bbox 2968 1800 3176 1856; x_wconf 90' lang='lat' dir='ltr'><strong>morbo</strong></span> <span class='ocrx_word' id='word_1_420' title='bbox 3189 1808 3494 1873; x_wconf 89' lang='lat' dir='ltr'><strong>correptus</strong></span> <span class='ocrx_word' id='word_1_421' title='bbox 3508 1802 3759 1860; x_wconf 82' lang='lat' dir='ltr'><strong>Alexan-</strong></span> 
     </span>
    </p>
   </div>
   <div class='ocr_carea' id='block_1_64' title="bbox 2106 1888 3752 1964">
    <p class='ocr_par' dir='ltr' id='par_1_64' title="bbox 2106 1888 3752 1964">
     <span class='ocr_line' id='line_1_64' title="bbox 2106 1888 3752 1964; baseline 0.001 -18"><span class='ocrx_word' id='word_1_422' title='bbox 2106 1890 2280 1946; x_wconf 91' lang='lat' dir='ltr'><strong>drum</strong></span> <span class='ocrx_word' id='word_1_423' title='bbox 2312 1890 2553 1946; x_wconf 85' lang='lat' dir='ltr'><strong>fratrem</strong></span> <span class='ocrx_word' id='word_1_424' title='bbox 2582 1889 3003 1959; x_wconf 88' lang='lat' dir='ltr'><strong>imperatorem</strong></span> <span class='ocrx_word' id='word_1_425' title='bbox 3028 1888 3316 1961; x_wconf 82' lang='lat' dir='ltr'><strong>designat,</strong></span> <span class='ocrx_word' id='word_1_426' title='bbox 3357 1891 3559 1948; x_wconf 89' lang='lat' dir='ltr'><strong>multis</strong></span> <span class='ocrx_word' id='word_1_427' title='bbox 3587 1894 3752 1964; x_wconf 86' lang='lat' dir='ltr'><strong>prius</strong></span> 
     </span>
    </p>
   </div>
   <div class='ocr_carea' id='block_1_65' title="bbox 2107 1977 3760 2051">
    <p class='ocr_par' dir='ltr' id='par_1_65' title="bbox 2107 1977 3760 2051">
     <span class='ocr_line' id='line_1_65' title="bbox 2107 1977 3760 2051; baseline 0.001 -16"><span class='ocrx_word' id='word_1_428' title='bbox 2107 1979 2458 2051; x_wconf 83' lang='lat' dir='ltr'><strong>deprecatus</strong></span> <span class='ocrx_word' id='word_1_429' title='bbox 2488 1983 2553 2034; x_wconf 91' lang='lat' dir='ltr'><strong>ut</strong></span> <span class='ocrx_word' id='word_1_430' title='bbox 2580 1978 3035 2035; x_wconf 87' lang='lat' dir='ltr'><strong>Constantinum</strong></span> <span class='ocrx_word' id='word_1_431' title='bbox 3069 1977 3259 2034; x_wconf 81' lang='lat' dir='ltr'><strong>ﬁlium</strong></span> <span class='ocrx_word' id='word_1_432' title='bbox 3300 1986 3559 2036; x_wconf 86' lang='lat' dir='ltr'><strong>servaret</strong></span> <span class='ocrx_word' id='word_1_433' title='bbox 3588 1981 3760 2038; x_wconf 90' lang='lat' dir='ltr'><strong>inco-</strong></span> 
     </span>
    </p>
   </div>
   <div class='ocr_carea' id='block_1_66' title="bbox 2106 2068 2854 2137">
    <p class='ocr_par' dir='ltr' id='par_1_66' title="bbox 2106 2068 2854 2137">
     <span class='ocr_line' id='line_1_66' title="bbox 2106 2068 2854 2137; baseline 0.004 -15"><span class='ocrx_word' id='word_1_434' title='bbox 2106 2068 2349 2137; x_wconf 90' lang='lat' dir='ltr'><strong>lumem,</strong></span> <span class='ocrx_word' id='word_1_435' title='bbox 2385 2074 2442 2124; x_wconf 91' lang='lat' dir='ltr'><strong>et</strong></span> <span class='ocrx_word' id='word_1_436' title='bbox 2469 2069 2554 2124; x_wconf 92' lang='lat' dir='ltr'><strong>sic</strong></span> <span class='ocrx_word' id='word_1_437' title='bbox 2583 2069 2854 2125; x_wconf 87' lang='lat' dir='ltr'><strong>moritur.</strong></span> 
     </span>
    </p>
   </div>
   <div class='ocr_carea' id='block_1_67' title="bbox 2176 2157 3756 2217">
    <p class='ocr_par' dir='ltr' id='par_1_67' title="bbox 2176 2157 3756 2217">
     <span class='ocr_line' id='line_1_67' title="bbox 2176 2157 3756 2217; baseline 0.003 -4"><span class='ocrx_word' id='word_1_438' title='bbox 2176 2157 2516 2215; x_wconf 79' lang='lat' dir='ltr'><strong>Alexander</strong></span> <span class='ocrx_word' id='word_1_439' title='bbox 2542 2172 2663 2214; x_wconf 88' lang='lat' dir='ltr'><strong>una</strong></span> <span class='ocrx_word' id='word_1_440' title='bbox 2691 2173 2820 2214; x_wconf 91' lang='lat' dir='ltr'><strong>cum</strong></span> <span class='ocrx_word' id='word_1_441' title='bbox 2848 2157 3239 2215; x_wconf 87' lang='lat' dir='ltr'><strong>Constantino</strong></span> <span class='ocrx_word' id='word_1_442' title='bbox 3261 2159 3472 2216; x_wconf 87' lang='lat' dir='ltr'><strong>Leonis</strong></span> <span class='ocrx_word' id='word_1_443' title='bbox 3499 2161 3621 2217; x_wconf 81' lang='lat' dir='ltr'><strong>ﬁlio</strong></span> <span class='ocrx_word' id='word_1_444' title='bbox 3655 2177 3756 2217; x_wconf 89' lang='lat' dir='ltr'><strong>an-</strong></span> 
     </span>
    </p>
   </div>
   <div class='ocr_carea' id='block_1_68' title="bbox 2105 2246 3758 2322">
    <p class='ocr_par' dir='ltr' id='par_1_68' title="bbox 2105 2246 3758 2322">
     <span class='ocr_line' id='line_1_68' title="bbox 2105 2246 3758 2322; baseline 0.001 -18"><span class='ocrx_word' id='word_1_445' title='bbox 2105 2264 2250 2304; x_wconf 91' lang='lat' dir='ltr'><strong>num</strong></span> <span class='ocrx_word' id='word_1_446' title='bbox 2282 2262 2469 2304; x_wconf 91' lang='lat' dir='ltr'><strong>unum</strong></span> <span class='ocrx_word' id='word_1_447' title='bbox 2499 2252 2558 2303; x_wconf 91' lang='lat' dir='ltr'><strong>et</strong></span> <span class='ocrx_word' id='word_1_448' title='bbox 2581 2247 2709 2303; x_wconf 89' lang='lat' dir='ltr'><strong>dies</strong></span> <span class='ocrx_word' id='word_1_449' title='bbox 2732 2246 2935 2321; x_wconf 75' lang='lat' dir='ltr'><strong>viginti</strong></span> <span class='ocrx_word' id='word_1_450' title='bbox 2961 2263 3174 2305; x_wconf 87' lang='lat' dir='ltr'><strong>novem</strong></span> <span class='ocrx_word' id='word_1_451' title='bbox 3193 2249 3491 2320; x_wconf 78' lang='lat' dir='ltr'><strong>regnavit;</strong></span> <span class='ocrx_word' id='word_1_452' title='bbox 3515 2250 3640 2322; x_wconf 89' lang='lat' dir='ltr'><strong>qui,</strong></span> <span class='ocrx_word' id='word_1_453' title='bbox 3663 2250 3758 2306; x_wconf 93' lang='lat' dir='ltr'><strong>di-</strong></span> 
     </span>
    </p>
   </div>
   <div class='ocr_carea' id='block_1_69' title="bbox 2104 2338 3752 2409">
    <p class='ocr_par' dir='ltr' id='par_1_69' title="bbox 2104 2338 3752 2409">
     <span class='ocr_line' id='line_1_69' title="bbox 2104 2338 3752 2409; baseline 0.004 -18"><span class='ocrx_word' id='word_1_454' title='bbox 2104 2339 2237 2392; x_wconf 85' lang='lat' dir='ltr'><strong>vina</strong></span> <span class='ocrx_word' id='word_1_455' title='bbox 2265 2338 2490 2393; x_wconf 85' lang='lat' dir='ltr'><strong>framea</strong></span> <span class='ocrx_word' id='word_1_456' title='bbox 2511 2352 2849 2409; x_wconf 89' lang='lat' dir='ltr'><strong>percussus,</strong></span> <span class='ocrx_word' id='word_1_457' title='bbox 2886 2338 3172 2409; x_wconf 79' lang='lat' dir='ltr'><strong>sanguine</strong></span> <span class='ocrx_word' id='word_1_458' title='bbox 3197 2338 3383 2394; x_wconf 89' lang='lat' dir='ltr'><strong>multo</strong></span> <span class='ocrx_word' id='word_1_459' title='bbox 3405 2355 3478 2395; x_wconf 81' lang='lat' dir='ltr'><strong>ex</strong></span> <span class='ocrx_word' id='word_1_460' title='bbox 3504 2339 3752 2397; x_wconf 89' lang='lat' dir='ltr'><strong>naribus</strong></span> 
     </span>
    </p>
   </div>
   <div class='ocr_carea' id='block_1_70' title="bbox 2103 2426 3751 2499">
    <p class='ocr_par' dir='ltr' id='par_1_70' title="bbox 2103 2426 3751 2499">
     <span class='ocr_line' id='line_1_70' title="bbox 2103 2426 3751 2499; baseline 0.002 -18"><span class='ocrx_word' id='word_1_461' title='bbox 2103 2426 2511 2499; x_wconf 84' lang='lat' dir='ltr'><strong>pudendisque</strong></span> <span class='ocrx_word' id='word_1_462' title='bbox 2544 2426 2848 2493; x_wconf 85' lang='lat' dir='ltr'><strong>efﬂuente,</strong></span> <span class='ocrx_word' id='word_1_463' title='bbox 2882 2433 3014 2498; x_wconf 85' lang='lat' dir='ltr'><strong>post</strong></span> <span class='ocrx_word' id='word_1_464' title='bbox 3043 2426 3194 2484; x_wconf 89' lang='lat' dir='ltr'><strong>duos</strong></span> <span class='ocrx_word' id='word_1_465' title='bbox 3223 2426 3350 2484; x_wconf 87' lang='lat' dir='ltr'><strong>dies</strong></span> <span class='ocrx_word' id='word_1_466' title='bbox 3378 2428 3541 2484; x_wconf 87' lang='lat' dir='ltr'><strong>letho</strong></span> <span class='ocrx_word' id='word_1_467' title='bbox 3590 2430 3751 2485; x_wconf 88' lang='lat' dir='ltr'><strong>malo</strong></span> 
     </span>
    </p>
   </div>
   <div class='ocr_carea' id='block_1_71' title="bbox 2103 2515 3750 2589">
    <p class='ocr_par' dir='ltr' id='par_1_71' title="bbox 2103 2515 3750 2589">
     <span class='ocr_line' id='line_1_71' title="bbox 2103 2515 3750 2589; baseline 0.002 -19"><span class='ocrx_word' id='word_1_468' title='bbox 2103 2515 2804 2584; x_wconf 85' lang='lat' dir='ltr'><strong>emoritur,Constantino</strong></span> <span class='ocrx_word' id='word_1_469' title='bbox 2819 2515 3028 2571; x_wconf 88' lang='lat' dir='ltr'><strong>Leonis</strong></span> <span class='ocrx_word' id='word_1_470' title='bbox 3048 2515 3166 2572; x_wconf 85' lang='lat' dir='ltr'><strong>filio</strong></span> <span class='ocrx_word' id='word_1_471' title='bbox 3180 2516 3499 2589; x_wconf 89' lang='lat' dir='ltr'><strong>imperium</strong></span> <span class='ocrx_word' id='word_1_472' title='bbox 3513 2531 3750 2574; x_wconf 87' lang='lat' dir='ltr'><strong>necnon</strong></span> 
     </span>
    </p>
   </div>
   <div class='ocr_carea' id='block_1_72' title="bbox 2102 2604 2800 2674">
    <p class='ocr_par' dir='ltr' id='par_1_72' title="bbox 2102 2604 2800 2674">
     <span class='ocr_line' id='line_1_72' title="bbox 2102 2604 2800 2674; baseline 0.001 -15"><span class='ocrx_word' id='word_1_473' title='bbox 2102 2609 2407 2659; x_wconf 88' lang='lat' dir='ltr'><strong>curatores</strong></span> <span class='ocrx_word' id='word_1_474' title='bbox 2431 2604 2800 2674; x_wconf 86' lang='lat' dir='ltr'><strong>relinquens.</strong></span> 
     </span>
    </p>
   </div>
   <div class='ocr_carea' id='block_1_73' title="bbox 2173 2782 3751 2856">
    <p class='ocr_par' dir='ltr' id='par_1_73' title="bbox 2173 2782 3751 2856">
     <span class='ocr_line' id='line_1_73' title="bbox 2173 2782 3751 2856; baseline 0.003 -19"><span class='ocrx_word' id='word_1_475' title='bbox 2173 2783 2596 2838; x_wconf 85' lang='lat' dir='ltr'><strong>Constantinus</strong></span> <span class='ocrx_word' id='word_1_476' title='bbox 2607 2782 2836 2853; x_wconf 89' lang='lat' dir='ltr'><strong>primus</strong></span> <span class='ocrx_word' id='word_1_477' title='bbox 2849 2784 3571 2856; x_wconf 83' lang='lat' dir='ltr'><strong>Porphyrogenneta,cum</strong></span> <span class='ocrx_word' id='word_1_478' title='bbox 3586 2786 3751 2843; x_wconf 90' lang='lat' dir='ltr'><strong>illius</strong></span> 
     </span>
    </p>
   </div>
   <div class='ocr_carea' id='block_1_74' title="bbox 2100 2872 3751 2949">
    <p class='ocr_par' dir='ltr' id='par_1_74' title="bbox 2100 2872 3751 2949">
     <span class='ocr_line' id='line_1_74' title="bbox 2100 2872 3751 2949; baseline 0.003 -20"><span class='ocrx_word' id='word_1_479' title='bbox 2100 2879 2270 2946; x_wconf 86' lang='lat' dir='ltr'><strong>pater</strong></span> <span class='ocrx_word' id='word_1_480' title='bbox 2310 2874 2422 2929; x_wconf 90' lang='lat' dir='ltr'><strong>Leo</strong></span> <span class='ocrx_word' id='word_1_481' title='bbox 2474 2872 2632 2929; x_wconf 90' lang='lat' dir='ltr'><strong>diem</strong></span> <span class='ocrx_word' id='word_1_482' title='bbox 2692 2873 2960 2941; x_wconf 90' lang='lat' dir='ltr'><strong>obiisset,</strong></span> <span class='ocrx_word' id='word_1_483' title='bbox 3019 2890 3170 2946; x_wconf 88' lang='lat' dir='ltr'><strong>puer</strong></span> <span class='ocrx_word' id='word_1_484' title='bbox 3226 2875 3419 2932; x_wconf 88' lang='lat' dir='ltr'><strong>adhuc</strong></span> <span class='ocrx_word' id='word_1_485' title='bbox 3469 2878 3751 2949; x_wconf 88' lang='lat' dir='ltr'><strong>(namque</strong></span> 
     </span>
    </p>
   </div>
   <div class='ocr_carea' id='block_1_75' title="bbox 2100 2961 3748 3036">
    <p class='ocr_par' dir='ltr' id='par_1_75' title="bbox 2100 2961 3748 3036">
     <span class='ocr_line' id='line_1_75' title="bbox 2100 2961 3748 3036; baseline 0.004 -19"><span class='ocrx_word' id='word_1_486' title='bbox 2100 2963 2420 3034; x_wconf 84' lang='lat' dir='ltr'><strong>septimum</strong></span> <span class='ocrx_word' id='word_1_487' title='bbox 2461 2961 2652 3018; x_wconf 67' lang='lat' dir='ltr'><strong>astatis</strong></span> <span class='ocrx_word' id='word_1_488' title='bbox 2709 2978 2935 3019; x_wconf 90' lang='lat' dir='ltr'><strong>annum</strong></span> <span class='ocrx_word' id='word_1_489' title='bbox 2980 2963 3231 3036; x_wconf 80' lang='lat' dir='ltr'><strong>agebat),</strong></span> <span class='ocrx_word' id='word_1_490' title='bbox 3285 2965 3358 3020; x_wconf 87' lang='lat' dir='ltr'><strong>ab</strong></span> <span class='ocrx_word' id='word_1_491' title='bbox 3411 2966 3748 3024; x_wconf 81' lang='lat' dir='ltr'><strong>Alexandro</strong></span> 
     </span>
    </p>
   </div>
   <div class='ocr_carea' id='block_1_76' title="bbox 2100 3050 3752 3125">
    <p class='ocr_par' dir='ltr' id='par_1_76' title="bbox 2100 3050 3752 3125">
     <span class='ocr_line' id='line_1_76' title="bbox 2100 3050 3752 3125; baseline 0.002 -15"><span class='ocrx_word' id='word_1_492' title='bbox 2100 3050 2197 3110; x_wconf 68' lang='grc' dir='ltr'>Η</span> <span class='ocrx_word' id='word_1_493' title='bbox 2235 3051 2525 3108; x_wconf 82' lang='lat' dir='ltr'><strong>avunculo</strong></span> <span class='ocrx_word' id='word_1_494' title='bbox 2555 3051 2617 3107; x_wconf 91' lang='lat' dir='ltr'><strong>in</strong></span> <span class='ocrx_word' id='word_1_495' title='bbox 2668 3051 2921 3123; x_wconf 86' lang='lat' dir='ltr'><strong>imperio</strong></span> <span class='ocrx_word' id='word_1_496' title='bbox 2968 3054 3330 3125; x_wconf 87' lang='lat' dir='ltr'><strong>relinquitur</strong></span> <span class='ocrx_word' id='word_1_497' title='bbox 3375 3055 3752 3113; x_wconf 70' lang='lat' dir='ltr'><strong>curatoribu8</strong></span> 
     </span>
    </p>
   </div>
   <div class='ocr_carea' id='block_1_77' title="bbox 2106 3140 3749 3214">
    <p class='ocr_par' dir='ltr' id='par_1_77' title="bbox 2106 3140 3749 3214">
     <span class='ocr_line' id='line_1_77' title="bbox 2106 3140 3749 3214; baseline 0.004 -17"><span class='ocrx_word' id='word_1_498' title='bbox 2106 3140 2414 3199; x_wconf 84' lang='lat' dir='ltr'><strong>obnoxius.</strong></span> <span class='ocrx_word' id='word_1_499' title='bbox 2451 3142 2765 3214; x_wconf 84' lang='lat' dir='ltr'><strong>Imperavit</strong></span> <span class='ocrx_word' id='word_1_500' title='bbox 2792 3142 2992 3214; x_wconf 86' lang='lat' dir='ltr'><strong>itaque</strong></span> <span class='ocrx_word' id='word_1_501' title='bbox 3032 3159 3167 3199; x_wconf 89' lang='lat' dir='ltr'><strong>cum</strong></span> <span class='ocrx_word' id='word_1_502' title='bbox 3218 3149 3403 3202; x_wconf 87' lang='lat' dir='ltr'><strong>matre</strong></span> <span class='ocrx_word' id='word_1_503' title='bbox 3454 3147 3561 3202; x_wconf 91' lang='lat' dir='ltr'><strong>Zoe</strong></span> <span class='ocrx_word' id='word_1_504' title='bbox 3610 3147 3749 3203; x_wconf 88' lang='lat' dir='ltr'><strong>Car-</strong></span> 
     </span>
    </p>
   </div>
   <div class='ocr_carea' id='block_1_78' title="bbox 2105 3233 3751 3307">
    <p class='ocr_par' dir='ltr' id='par_1_78' title="bbox 2105 3233 3751 3307">
     <span class='ocr_line' id='line_1_78' title="bbox 2105 3233 3751 3307; baseline 0.002 -18"><span class='ocrx_word' id='word_1_505' title='bbox 2105 3233 2438 3305; x_wconf 82' lang='lat' dir='ltr'><strong>bonOpsina</strong></span> <span class='ocrx_word' id='word_1_506' title='bbox 2465 3248 2654 3289; x_wconf 89' lang='lat' dir='ltr'><strong>annos</strong></span> <span class='ocrx_word' id='word_1_507' title='bbox 2684 3239 2932 3305; x_wconf 87' lang='lat' dir='ltr'><strong>septem,</strong></span> <span class='ocrx_word' id='word_1_508' title='bbox 2963 3249 3098 3290; x_wconf 89' lang='lat' dir='ltr'><strong>cum</strong></span> <span class='ocrx_word' id='word_1_509' title='bbox 3130 3237 3394 3293; x_wconf 80' lang='lat' dir='ltr'><strong>Romano</strong></span> <span class='ocrx_word' id='word_1_510' title='bbox 3418 3254 3644 3307; x_wconf 86' lang='lat' dir='ltr'><strong>socero,</strong></span> <span class='ocrx_word' id='word_1_511' title='bbox 3680 3238 3751 3293; x_wconf 85' lang='lat' dir='ltr'><strong>il-</strong></span> 
     </span>
    </p>
   </div>
   <div class='ocr_carea' id='block_1_79' title="bbox 2102 3322 3745 3399">
    <p class='ocr_par' dir='ltr' id='par_1_79' title="bbox 2102 3322 3745 3399">
     <span class='ocr_line' id='line_1_79' title="bbox 2102 3322 3745 3399; baseline 0.004 -23"><span class='ocrx_word' id='word_1_512' title='bbox 2102 3323 2218 3378; x_wconf 89' lang='lat' dir='ltr'><strong>lius</strong></span> <span class='ocrx_word' id='word_1_513' title='bbox 2246 3323 2529 3379; x_wconf 85' lang='lat' dir='ltr'><strong>voluntati</strong></span> <span class='ocrx_word' id='word_1_514' title='bbox 2560 3322 2912 3389; x_wconf 87' lang='lat' dir='ltr'><strong>asservieus,</strong></span> <span class='ocrx_word' id='word_1_515' title='bbox 2963 3339 3154 3380; x_wconf 90' lang='lat' dir='ltr'><strong>annos</strong></span> <span class='ocrx_word' id='word_1_516' title='bbox 3201 3327 3408 3396; x_wconf 72' lang='lat' dir='ltr'><strong>viginti</strong></span> <span class='ocrx_word' id='word_1_517' title='bbox 3457 3328 3745 3399; x_wconf 89' lang='lat' dir='ltr'><strong>quinque,</strong></span> 
     </span>
    </p>
   </div>
   <div class='ocr_carea' id='block_1_80' title="bbox 2104 3411 3747 3485">
    <p class='ocr_par' dir='ltr' id='par_1_80' title="bbox 2104 3411 3747 3485">
     <span class='ocr_line' id='line_1_80' title="bbox 2104 3411 3747 3485; baseline 0.003 -19"><span class='ocrx_word' id='word_1_518' title='bbox 2104 3412 2267 3468; x_wconf 89' lang='lat' dir='ltr'><strong>solus</strong></span> <span class='ocrx_word' id='word_1_519' title='bbox 2296 3426 2485 3467; x_wconf 87' lang='lat' dir='ltr'><strong>annos</strong></span> <span class='ocrx_word' id='word_1_520' title='bbox 2515 3411 2927 3484; x_wconf 71' lang='lat' dir='ltr'><strong>quadraginta,</strong></span> <span class='ocrx_word' id='word_1_521' title='bbox 2962 3419 3026 3469; x_wconf 93' lang='lat' dir='ltr'><strong>ut</strong></span> <span class='ocrx_word' id='word_1_522' title='bbox 3055 3414 3290 3485; x_wconf 82' lang='lat' dir='ltr'><strong>imperii</strong></span> <span class='ocrx_word' id='word_1_523' title='bbox 3314 3416 3472 3472; x_wconf 91' lang='lat' dir='ltr'><strong>illius</strong></span> <span class='ocrx_word' id='word_1_524' title='bbox 3501 3416 3648 3472; x_wconf 90' lang='lat' dir='ltr'><strong>anni</strong></span> <span class='ocrx_word' id='word_1_525' title='bbox 3672 3418 3747 3473; x_wconf 90' lang='lat' dir='ltr'><strong>si-</strong></span> 
     </span>
    </p>
   </div>
   <div class='ocr_carea' id='block_1_81' title="bbox 2103 3501 3750 3577">
    <p class='ocr_par' dir='ltr' id='par_1_81' title="bbox 2103 3501 3750 3577">
     <span class='ocr_line' id='line_1_81' title="bbox 2103 3501 3750 3577; baseline 0.004 -22"><span class='ocrx_word' id='word_1_526' title='bbox 2103 3502 2229 3556; x_wconf 90' lang='lat' dir='ltr'><strong>mul</strong></span> <span class='ocrx_word' id='word_1_527' title='bbox 2260 3518 2468 3557; x_wconf 89' lang='lat' dir='ltr'><strong>omnes</strong></span> <span class='ocrx_word' id='word_1_528' title='bbox 2500 3501 2721 3557; x_wconf 88' lang='lat' dir='ltr'><strong>fuerint</strong></span> <span class='ocrx_word' id='word_1_529' title='bbox 2751 3502 3056 3574; x_wconf 78' lang='lat' dir='ltr'><strong>sexaginta</strong></span> <span class='ocrx_word' id='word_1_530' title='bbox 3085 3503 3370 3575; x_wconf 87' lang='lat' dir='ltr'><strong>quinque.</strong></span> <span class='ocrx_word' id='word_1_531' title='bbox 3405 3506 3507 3561; x_wconf 76' lang='lat' dir='ltr'><strong>llic</strong></span> <span class='ocrx_word' id='word_1_532' title='bbox 3530 3505 3750 3577; x_wconf 88' lang='lat' dir='ltr'><strong>depre-</strong></span> 
     </span>
    </p>
   </div>
   <div class='ocr_carea' id='block_1_82' title="bbox 2103 3591 3748 3649">
    <p class='ocr_par' dir='ltr' id='par_1_82' title="bbox 2103 3591 3748 3649">
     <span class='ocr_line' id='line_1_82' title="bbox 2103 3591 3748 3649; baseline 0.003 -5"><span class='ocrx_word' id='word_1_533' title='bbox 2103 3591 2351 3646; x_wconf 88' lang='lat' dir='ltr'><strong>hensam</strong></span> <span class='ocrx_word' id='word_1_534' title='bbox 2382 3596 2634 3645; x_wconf 87' lang='lat' dir='ltr'><strong>matrem</strong></span> <span class='ocrx_word' id='word_1_535' title='bbox 2664 3592 2972 3646; x_wconf 88' lang='lat' dir='ltr'><strong>venenatis</strong></span> <span class='ocrx_word' id='word_1_536' title='bbox 3003 3591 3150 3646; x_wconf 87' lang='lat' dir='ltr'><strong>cibis</strong></span> <span class='ocrx_word' id='word_1_537' title='bbox 3180 3593 3314 3647; x_wconf 76' lang='lat' dir='ltr'><strong>vitae</strong></span> <span class='ocrx_word' id='word_1_538' title='bbox 3336 3595 3582 3648; x_wconf 81' lang='lat' dir='ltr'><strong>Romani</strong></span> <span class='ocrx_word' id='word_1_539' title='bbox 3608 3595 3748 3649; x_wconf 88' lang='lat' dir='ltr'><strong>insi-</strong></span> 
     </span>
    </p>
   </div>
   <div class='ocr_carea' id='block_1_83' title="bbox 2101 3675 3750 3751">
    <p class='ocr_par' dir='ltr' id='par_1_83' title="bbox 2101 3675 3750 3751">
     <span class='ocr_line' id='line_1_83' title="bbox 2101 3675 3750 3751; baseline 0.002 -17"><span class='ocrx_word' id='word_1_540' title='bbox 2101 3678 2249 3734; x_wconf 87' lang='lat' dir='ltr'><strong>diari</strong></span> <span class='ocrx_word' id='word_1_541' title='bbox 2282 3675 2444 3750; x_wconf 86' lang='lat' dir='ltr'><strong>regia</strong></span> <span class='ocrx_word' id='word_1_542' title='bbox 2472 3678 2677 3747; x_wconf 86' lang='lat' dir='ltr'><strong>pellit;</strong></span> <span class='ocrx_word' id='word_1_543' title='bbox 2719 3680 3049 3734; x_wconf 80' lang='lat' dir='ltr'><strong>Romanum</strong></span> <span class='ocrx_word' id='word_1_544' title='bbox 3108 3681 3500 3751; x_wconf 88' lang='lat' dir='ltr'><strong>Lecapennm,</strong></span> <span class='ocrx_word' id='word_1_545' title='bbox 3549 3683 3642 3737; x_wconf 89' lang='lat' dir='ltr'><strong>cui</strong></span> <span class='ocrx_word' id='word_1_546' title='bbox 3691 3691 3750 3739; x_wconf 85' lang='lat' dir='ltr'><strong>et</strong></span> 
     </span>
    </p>
   </div>
   <div class='ocr_carea' id='block_1_84' title="bbox 2101 3768 3744 3840">
    <p class='ocr_par' dir='ltr' id='par_1_84' title="bbox 2101 3768 3744 3840">
     <span class='ocr_line' id='line_1_84' title="bbox 2101 3768 3744 3840; baseline 0.004 -17"><span class='ocrx_word' id='word_1_547' title='bbox 2101 3768 2416 3824; x_wconf 83' lang='lat' dir='ltr'><strong>Abastacto</strong></span> <span class='ocrx_word' id='word_1_548' title='bbox 2446 3782 2689 3823; x_wconf 89' lang='lat' dir='ltr'><strong>nomen.</strong></span> <span class='ocrx_word' id='word_1_549' title='bbox 2722 3769 2971 3824; x_wconf 72' lang='lat' dir='ltr'><strong>Caesaris</strong></span> <span class='ocrx_word' id='word_1_550' title='bbox 3000 3769 3286 3840; x_wconf 78' lang='lat' dir='ltr'><strong>dignitate</strong></span> <span class='ocrx_word' id='word_1_551' title='bbox 3308 3772 3744 3838; x_wconf 82' lang='lat' dir='ltr'><strong>exornat,dein-</strong></span> 
     </span>
    </p>
   </div>
   <div class='ocr_carea' id='block_1_85' title="bbox 2099 3854 3745 3929">
    <p class='ocr_par' dir='ltr' id='par_1_85' title="bbox 2099 3854 3745 3929">
     <span class='ocr_line' id='line_1_85' title="bbox 2099 3854 3745 3929; baseline 0.002 -16"><span class='ocrx_word' id='word_1_552' title='bbox 2099 3872 2237 3929; x_wconf 86' lang='lat' dir='ltr'><strong>ceps</strong></span> <span class='ocrx_word' id='word_1_553' title='bbox 2268 3862 2326 3911; x_wconf 90' lang='lat' dir='ltr'><strong>et</strong></span> <span class='ocrx_word' id='word_1_554' title='bbox 2354 3857 2590 3928; x_wconf 88' lang='lat' dir='ltr'><strong>imperii</strong></span> <span class='ocrx_word' id='word_1_555' title='bbox 2615 3854 2950 3911; x_wconf 88' lang='lat' dir='ltr'><strong>diademate</strong></span> <span class='ocrx_word' id='word_1_556' title='bbox 2981 3864 3242 3913; x_wconf 81' lang='lat' dir='ltr'><strong>coronat.</strong></span> <span class='ocrx_word' id='word_1_557' title='bbox 3268 3860 3375 3924; x_wconf 88' lang='lat' dir='ltr'><strong>Qui</strong></span> <span class='ocrx_word' id='word_1_558' title='bbox 3406 3873 3525 3915; x_wconf 88' lang='lat' dir='ltr'><strong>non</strong></span> <span class='ocrx_word' id='word_1_559' title='bbox 3556 3862 3745 3917; x_wconf 89' lang='lat' dir='ltr'><strong>multo</strong></span> 
     </span>
    </p>
   </div>
   <div class='ocr_carea' id='block_1_86' title="bbox 2099 3945 3747 4020">
    <p class='ocr_par' dir='ltr' id='par_1_86' title="bbox 2099 3945 3747 4020">
     <span class='ocr_line' id='line_1_86' title="bbox 2099 3945 3747 4020; baseline 0.002 -19"><span class='ocrx_word' id='word_1_560' title='bbox 2099 3953 2233 4019; x_wconf 86' lang='lat' dir='ltr'><strong>post</strong></span> <span class='ocrx_word' id='word_1_561' title='bbox 2243 3947 2545 4001; x_wconf 89' lang='lat' dir='ltr'><strong>Constanti</strong></span> <span class='ocrx_word' id='word_1_562' title='bbox 2555 3945 3126 4017; x_wconf 86' lang='lat' dir='ltr'><strong>numimperatorem</strong></span> <span class='ocrx_word' id='word_1_563' title='bbox 3141 3946 3253 4001; x_wconf 88' lang='lat' dir='ltr'><strong>sibi</strong></span> <span class='ocrx_word' id='word_1_564' title='bbox 3276 3948 3524 4005; x_wconf 89' lang='lat' dir='ltr'><strong>insidias</strong></span> <span class='ocrx_word' id='word_1_565' title='bbox 3538 3966 3747 4020; x_wconf 87' lang='lat' dir='ltr'><strong>parare</strong></span> 
     </span>
    </p>
   </div>
   <div class='ocr_carea' id='block_1_87' title="bbox 2096 4034 3745 4111">
    <p class='ocr_par' dir='ltr' id='par_1_87' title="bbox 2096 4034 3745 4111">
     <span class='ocr_line' id='line_1_87' title="bbox 2096 4034 3745 4111; baseline 0.002 -19"><span class='ocrx_word' id='word_1_566' title='bbox 2096 4037 2174 4093; x_wconf 82' lang='lat' dir='ltr'><strong>ab</strong></span> <span class='ocrx_word' id='word_1_567' title='bbox 2206 4034 2502 4107; x_wconf 86' lang='lat' dir='ltr'><strong>aliquibus</strong></span> <span class='ocrx_word' id='word_1_568' title='bbox 2532 4034 2797 4100; x_wconf 84' lang='lat' dir='ltr'><strong>edoctus,</strong></span> <span class='ocrx_word' id='word_1_569' title='bbox 2830 4035 3140 4091; x_wconf 91' lang='lat' dir='ltr'><strong>occasione</strong></span> <span class='ocrx_word' id='word_1_570' title='bbox 3172 4042 3410 4109; x_wconf 89' lang='lat' dir='ltr'><strong>arrepta</strong></span> <span class='ocrx_word' id='word_1_571' title='bbox 3448 4039 3520 4095; x_wconf 91' lang='lat' dir='ltr'><strong>de</strong></span> <span class='ocrx_word' id='word_1_572' title='bbox 3563 4038 3745 4111; x_wconf 86' lang='lat' dir='ltr'><strong>grado</strong></span> 
     </span>
    </p>
   </div>
   <div class='ocr_carea' id='block_1_88' title="bbox 2099 4123 3744 4200">
    <p class='ocr_par' dir='ltr' id='par_1_88' title="bbox 2099 4123 3744 4200">
     <span class='ocr_line' id='line_1_88' title="bbox 2099 4123 3744 4200; baseline 0.002 -20"><span class='ocrx_word' id='word_1_573' title='bbox 2099 4124 2303 4197; x_wconf 88' lang='lat' dir='ltr'><strong>dejicit</strong></span> <span class='ocrx_word' id='word_1_574' title='bbox 2328 4128 2388 4180; x_wconf 87' lang='lat' dir='ltr'><strong>et</strong></span> <span class='ocrx_word' id='word_1_575' title='bbox 2414 4123 2674 4181; x_wconf 88' lang='lat' dir='ltr'><strong>secundo</strong></span> <span class='ocrx_word' id='word_1_576' title='bbox 2704 4128 2840 4195; x_wconf 84' lang='lat' dir='ltr'><strong>post</strong></span> <span class='ocrx_word' id='word_1_577' title='bbox 2868 4140 2931 4179; x_wconf 89' lang='lat' dir='ltr'><strong>se</strong></span> <span class='ocrx_word' id='word_1_578' title='bbox 2960 4124 3091 4180; x_wconf 91' lang='lat' dir='ltr'><strong>loco</strong></span> <span class='ocrx_word' id='word_1_579' title='bbox 3130 4124 3404 4194; x_wconf 89' lang='lat' dir='ltr'><strong>collocat,</strong></span> <span class='ocrx_word' id='word_1_580' title='bbox 3453 4127 3564 4184; x_wconf 88' lang='lat' dir='ltr'><strong>sibi</strong></span> <span class='ocrx_word' id='word_1_581' title='bbox 3612 4130 3744 4200; x_wconf 89' lang='lat' dir='ltr'><strong>pri-</strong></span> 
     </span>
    </p>
   </div>
   <div class='ocr_carea' id='block_1_89' title="bbox 2098 4214 3739 4288">
    <p class='ocr_par' dir='ltr' id='par_1_89' title="bbox 2098 4214 3739 4288">
     <span class='ocr_line' id='line_1_89' title="bbox 2098 4214 3739 4288; baseline 0.002 -17"><span class='ocrx_word' id='word_1_582' title='bbox 2098 4231 2224 4271; x_wconf 85' lang='lat' dir='ltr'><strong>mas</strong></span> <span class='ocrx_word' id='word_1_583' title='bbox 2257 4228 2587 4287; x_wconf 84' lang='lat' dir='ltr'><strong>arrogans:</strong></span> <span class='ocrx_word' id='word_1_584' title='bbox 2637 4218 2841 4286; x_wconf 85' lang='lat' dir='ltr'><strong>postea</strong></span> <span class='ocrx_word' id='word_1_585' title='bbox 2886 4214 3385 4288; x_wconf 81' lang='lat' dir='ltr'><strong>Theophylactum</strong></span> <span class='ocrx_word' id='word_1_586' title='bbox 3440 4218 3628 4274; x_wconf 79' lang='lat' dir='ltr'><strong>illium</strong></span> <span class='ocrx_word' id='word_1_587' title='bbox 3680 4220 3739 4274; x_wconf 89' lang='lat' dir='ltr'><strong>in</strong></span> 
     </span>
    </p>
   </div>
   <div class='ocr_carea' id='block_1_90' title="bbox 2100 4304 3742 4381">
    <p class='ocr_par' dir='ltr' id='par_1_90' title="bbox 2100 4304 3742 4381">
     <span class='ocr_line' id='line_1_90' title="bbox 2100 4304 3742 4381; baseline 0.001 -18"><span class='ocrx_word' id='word_1_588' title='bbox 2100 4307 2301 4363; x_wconf 88' lang='lat' dir='ltr'><strong>sedem</strong></span> <span class='ocrx_word' id='word_1_589' title='bbox 2331 4304 2791 4378; x_wconf 87' lang='lat' dir='ltr'><strong>patriarchalem</strong></span> <span class='ocrx_word' id='word_1_590' title='bbox 2821 4311 3147 4378; x_wconf 88' lang='lat' dir='ltr'><strong>promovet.</strong></span> <span class='ocrx_word' id='word_1_591' title='bbox 3182 4308 3298 4363; x_wconf 90' lang='lat' dir='ltr'><strong>Sub</strong></span> <span class='ocrx_word' id='word_1_592' title='bbox 3329 4310 3470 4381; x_wconf 76' lang='lat' dir='ltr'><strong>ejus</strong></span> <span class='ocrx_word' id='word_1_593' title='bbox 3492 4311 3742 4380; x_wconf 85' lang='lat' dir='ltr'><strong>imperio</strong></span> 
     </span>
    </p>
   </div>
   <div class='ocr_carea' id='block_1_91' title="bbox 2099 4394 3742 4467">
    <p class='ocr_par' dir='ltr' id='par_1_91' title="bbox 2099 4394 3742 4467">
     <span class='ocr_line' id='line_1_91' title="bbox 2099 4394 3742 4467; baseline 0 -15"><span class='ocrx_word' id='word_1_594' title='bbox 2099 4402 2308 4454; x_wconf 89' lang='lat' dir='ltr'><strong>sancta</strong></span> <span class='ocrx_word' id='word_1_595' title='bbox 2365 4395 2577 4450; x_wconf 89' lang='lat' dir='ltr'><strong>Christi</strong></span> <span class='ocrx_word' id='word_1_596' title='bbox 2626 4394 2819 4467; x_wconf 80' lang='lat' dir='ltr'><strong>imago</strong></span> <span class='ocrx_word' id='word_1_597' title='bbox 2867 4394 3088 4451; x_wconf 88' lang='lat' dir='ltr'><strong>Edessa</strong></span> <span class='ocrx_word' id='word_1_598' title='bbox 3134 4397 3363 4467; x_wconf 90' lang='lat' dir='ltr'><strong>Cpolim</strong></span> <span class='ocrx_word' id='word_1_599' title='bbox 3413 4397 3742 4452; x_wconf 81' lang='lat' dir='ltr'><strong>advehitur.</strong></span> 
     </span>
    </p>
   </div>
   <div class='ocr_carea' id='block_1_92' title="bbox 2099 4485 3742 4557">
    <p class='ocr_par' dir='ltr' id='par_1_92' title="bbox 2099 4485 3742 4557">
     <span class='ocr_line' id='line_1_92' title="bbox 2099 4485 3742 4557; baseline -0.001 -14"><span class='ocrx_word' id='word_1_600' title='bbox 2099 4488 2365 4543; x_wconf 88' lang='lat' dir='ltr'><strong>Tandem</strong></span> <span class='ocrx_word' id='word_1_601' title='bbox 2398 4489 2698 4543; x_wconf 81' lang='lat' dir='ltr'><strong>Romanus</strong></span> <span class='ocrx_word' id='word_1_602' title='bbox 2727 4502 2762 4542; x_wconf 89' lang='lat' dir='ltr'><strong>a</strong></span> <span class='ocrx_word' id='word_1_603' title='bbox 2788 4486 3043 4557; x_wconf 85' lang='lat' dir='ltr'><strong>propriis</strong></span> <span class='ocrx_word' id='word_1_604' title='bbox 3075 4486 3214 4541; x_wconf 82' lang='lat' dir='ltr'><strong>filiis</strong></span> <span class='ocrx_word' id='word_1_605' title='bbox 3244 4486 3464 4557; x_wconf 84' lang='lat' dir='ltr'><strong>palatio</strong></span> <span class='ocrx_word' id='word_1_606' title='bbox 3516 4485 3742 4555; x_wconf 87' lang='lat' dir='ltr'><strong>ejectns</strong></span> 
     </span>
    </p>
   </div>
   <div class='ocr_carea' id='block_1_93' title="bbox 361 4534 1995 4646">
    <p class='ocr_par' dir='ltr' id='par_1_93' title="bbox 361 4534 1986 4646">
     <span class='ocr_line' id='line_1_93' title="bbox 361 4534 1986 4646; baseline 0.002 -25"><span class='ocrx_word' id='word_1_607' title='bbox 361 4568 496 4632; x_wconf 77' lang='grc' dir='ltr'>λείας</span> <span class='ocrx_word' id='word_1_608' title='bbox 556 4534 662 4628; x_wconf 71' lang='grc' dir='ltr'><strong>καὶΓ</strong></span> <span class='ocrx_word' id='word_1_609' title='bbox 708 4534 778 4628; x_wconf 70' lang='lat' dir='ltr'>t6</span> <span class='ocrx_word' id='word_1_610' title='bbox 833 4534 934 4627; x_wconf 79' lang='grc' dir='ltr'>τόῦ</span> <span class='ocrx_word' id='word_1_611' title='bbox 1002 4573 1235 4645; x_wconf 79' lang='grc' dir='ltr'>Χριστοῦ</span> <span class='ocrx_word' id='word_1_612' title='bbox 1313 4571 1469 4646; x_wconf 75' lang='grc' dir='ltr'>’ἅγιον</span> <span class='ocrx_word' id='word_1_613' title='bbox 1560 4569 1845 4644; x_wconf 72' lang='grc' dir='ltr'>ἐκμαγεῖον</span> <span class='ocrx_word' id='word_1_614' title='bbox 1933 4568 1986 4641; x_wconf 64' lang='grc' dir='ltr'><strong>ἐξ</strong></span> 
     </span>
    </p>
   </div>
   <div class='ocr_carea' id='block_1_94' title="bbox 2106 4534 3740 4646">
    <p class='ocr_par' dir='ltr' id='par_1_94' title="bbox 2106 4534 3740 4643">
     <span class='ocr_line' id='line_1_94' title="bbox 2111 4534 3740 4557; baseline -0.001 -13"><span class='ocrx_word' id='word_1_615' title='bbox 2111 4534 2365 4543; x_wconf 72' lang='grc' dir='ltr'><strong>-..η---η</strong></span> <span class='ocrx_word' id='word_1_616' title='bbox 2399 4534 2696 4543; x_wconf 53' lang='grc' dir='ltr'><strong>-.-ω-η..</strong></span> <span class='ocrx_word' id='word_1_617' title='bbox 2728 4534 2762 4542; x_wconf 73' lang='lat'><strong>-</strong></span> <span class='ocrx_word' id='word_1_618' title='bbox 2790 4534 3042 4557; x_wconf 50' lang='grc' dir='ltr'><strong>παρη</strong></span> <span class='ocrx_word' id='word_1_619' title='bbox 3246 4534 3459 4557; x_wconf 51' lang='grc' dir='ltr'><strong>τν---ν</strong></span> <span class='ocrx_word' id='word_1_620' title='bbox 3520 4534 3740 4555; x_wconf 49' lang='grc' dir='ltr'>Ἥρη--</span> 
     </span>
     <span class='ocr_line' id='line_1_95' title="bbox 2106 4576 3740 4643; baseline -0.001 -9"><span class='ocrx_word' id='word_1_621' title='bbox 2106 4578 2170 4634; x_wconf 74' lang='lat' dir='ltr'><strong>ad</strong></span> <span class='ocrx_word' id='word_1_622' title='bbox 2200 4581 2435 4634; x_wconf 88' lang='lat' dir='ltr'><strong>Protem</strong></span> <span class='ocrx_word' id='word_1_623' title='bbox 2468 4577 2727 4633; x_wconf 86' lang='lat' dir='ltr'><strong>insulam</strong></span> <span class='ocrx_word' id='word_1_624' title='bbox 2757 4576 3091 4633; x_wconf 84' lang='lat' dir='ltr'><strong>exsulatum</strong></span> <span class='ocrx_word' id='word_1_625' title='bbox 3112 4576 3387 4643; x_wconf 87' lang='lat' dir='ltr'><strong>mittitur,</strong></span> <span class='ocrx_word' id='word_1_626' title='bbox 3411 4576 3511 4630; x_wconf 86' lang='lat' dir='ltr'><strong>ubi</strong></span> <span class='ocrx_word' id='word_1_627' title='bbox 3535 4589 3740 4632; x_wconf 85' lang='lat' dir='ltr'><strong>exces-</strong></span> 
     </span>
    </p>
   </div>
   <div class='ocr_carea' id='block_1_95' title="bbox 363 4656 1983 4738">
    <p class='ocr_par' dir='ltr' id='par_1_95' title="bbox 363 4656 1983 4738">
     <span class='ocr_line' id='line_1_96' title="bbox 363 4656 1983 4738; baseline 0.001 -24"><span class='ocrx_word' id='word_1_628' title='bbox 363 4656 565 4731; x_wconf 65' lang='grc' dir='ltr'>Ἐδέσης</span> <span class='ocrx_word' id='word_1_629' title='bbox 626 4661 678 4717; x_wconf 80' lang='grc' dir='ltr'>ἐν</span> <span class='ocrx_word' id='word_1_630' title='bbox 736 4658 1312 4718; x_wconf 84' lang='grc' dir='ltr'>Κωνσταντινουπόλει</span> <span class='ocrx_word' id='word_1_631' title='bbox 1390 4658 1746 4731; x_wconf 82' lang='grc' dir='ltr'>ἀνεκομίσθη.</span> <span class='ocrx_word' id='word_1_632' title='bbox 1826 4656 1983 4738; x_wconf 65' lang='lat' dir='ltr'><strong>inx</strong></span> 
     </span>
    </p>
   </div>
   <div class='ocr_carea' id='block_1_96' title="bbox 366 4744 1985 4825">
    <p class='ocr_par' dir='ltr' id='par_1_96' title="bbox 366 4744 1985 4825">
     <span class='ocr_line' id='line_1_97' title="bbox 366 4744 1985 4825; baseline 0.002 -26"><span class='ocrx_word' id='word_1_633' title='bbox 366 4744 561 4823; x_wconf 68' lang='grc' dir='ltr'>ὕστερον</span> <span class='ocrx_word' id='word_1_634' title='bbox 590 4751 682 4805; x_wconf 82' lang='grc' dir='ltr'>τὸν</span> <span class='ocrx_word' id='word_1_635' title='bbox 714 4745 946 4825; x_wconf 63' lang='grc' dir='ltr'>βασιλέα</span> <span class='ocrx_word' id='word_1_636' title='bbox 975 4748 1257 4821; x_wconf 82' lang='grc' dir='ltr'>Ῥωμανὸν</span> <span class='ocrx_word' id='word_1_637' title='bbox 1304 4749 1356 4803; x_wconf 74' lang='grc' dir='ltr'>οἱ</span> <span class='ocrx_word' id='word_1_638' title='bbox 1404 4745 1601 4803; x_wconf 76' lang='grc' dir='ltr'>τούτου</span> <span class='ocrx_word' id='word_1_639' title='bbox 1652 4744 1842 4809; x_wconf 81' lang='grc' dir='ltr'>παῖδες</span> <span class='ocrx_word' id='word_1_640' title='bbox 1888 4752 1985 4803; x_wconf 76' lang='grc' dir='ltr'><strong>τοῦ</strong></span> 
     </span>
    </p>
   </div>
   <div class='ocr_carea' id='block_1_97' title="bbox 366 4836 1986 4917">
    <p class='ocr_par' dir='ltr' id='par_1_97' title="bbox 366 4836 1986 4917">
     <span class='ocr_line' id='line_1_98' title="bbox 366 4836 1986 4917; baseline 0.001 -26"><span class='ocrx_word' id='word_1_641' title='bbox 366 4836 609 4897; x_wconf 80' lang='grc' dir='ltr'>παλατίου</span> <span class='ocrx_word' id='word_1_642' title='bbox 637 4838 1050 4917; x_wconf 81' lang='grc' dir='ltr'>καταγαγόντες</span> <span class='ocrx_word' id='word_1_643' title='bbox 1078 4837 1130 4892; x_wconf 84' lang='grc' dir='ltr'>ἐν</span> <span class='ocrx_word' id='word_1_644' title='bbox 1158 4842 1229 4912; x_wconf 76' lang='grc' dir='ltr'><strong>τῇ</strong></span> <span class='ocrx_word' id='word_1_645' title='bbox 1262 4839 1459 4913; x_wconf 81' lang='grc' dir='ltr'>Ιιρώτῃ</span> <span class='ocrx_word' id='word_1_646' title='bbox 1507 4840 1660 4910; x_wconf 69' lang='grc' dir='ltr'>νήσῳ</span> <span class='ocrx_word' id='word_1_647' title='bbox 1708 4836 1986 4908; x_wconf 76' lang='grc' dir='ltr'>ἐξώρισαν,</span> 
     </span>
    </p>
   </div>
   <div class='ocr_carea' id='block_1_98' title="bbox 2092 4663 3735 4736">
    <p class='ocr_par' dir='ltr' id='par_1_98' title="bbox 2092 4663 3735 4736">
     <span class='ocr_line' id='line_1_99' title="bbox 2092 4663 3735 4736; baseline -0.001 -14"><span class='ocrx_word' id='word_1_648' title='bbox 2092 4667 2219 4723; x_wconf 88' lang='lat' dir='ltr'><strong>site</strong></span> <span class='ocrx_word' id='word_1_649' title='bbox 2250 4664 2404 4731; x_wconf 88' lang='lat' dir='ltr'><strong>vita;</strong></span> <span class='ocrx_word' id='word_1_650' title='bbox 2446 4680 2596 4736; x_wconf 90' lang='lat' dir='ltr'><strong>quos</strong></span> <span class='ocrx_word' id='word_1_651' title='bbox 2626 4681 2833 4721; x_wconf 88' lang='lat' dir='ltr'><strong>rursus</strong></span> <span class='ocrx_word' id='word_1_652' title='bbox 2860 4664 3019 4720; x_wconf 90' lang='lat' dir='ltr'><strong>illius</strong></span> <span class='ocrx_word' id='word_1_653' title='bbox 3058 4679 3241 4735; x_wconf 78' lang='lat' dir='ltr'><strong>gener</strong></span> <span class='ocrx_word' id='word_1_654' title='bbox 3285 4663 3735 4736; x_wconf 87' lang='lat' dir='ltr'><strong>Constantinus,</strong></span> 
     </span>
    </p>
   </div>
   <div class='ocr_carea' id='block_1_99' title="bbox 2092 4752 3735 4825">
    <p class='ocr_par' dir='ltr' id='par_1_99' title="bbox 2092 4752 3735 4825">
     <span class='ocr_line' id='line_1_100' title="bbox 2092 4752 3735 4825; baseline -0.001 -15"><span class='ocrx_word' id='word_1_655' title='bbox 2092 4771 2168 4810; x_wconf 89' lang='lat' dir='ltr'><strong>ne</strong></span> <span class='ocrx_word' id='word_1_656' title='bbox 2199 4758 2406 4809; x_wconf 87' lang='lat' dir='ltr'><strong>contra</strong></span> <span class='ocrx_word' id='word_1_657' title='bbox 2436 4769 2498 4809; x_wconf 88' lang='lat' dir='ltr'><strong>se</strong></span> <span class='ocrx_word' id='word_1_658' title='bbox 2516 4753 2737 4808; x_wconf 87' lang='lat' dir='ltr'><strong>similia</strong></span> <span class='ocrx_word' id='word_1_659' title='bbox 2757 4752 3065 4817; x_wconf 89' lang='lat' dir='ltr'><strong>auderent,</strong></span> <span class='ocrx_word' id='word_1_660' title='bbox 3085 4757 3285 4823; x_wconf 85' lang='lat' dir='ltr'><strong>raptos</strong></span> <span class='ocrx_word' id='word_1_661' title='bbox 3306 4769 3337 4808; x_wconf 91' lang='lat' dir='ltr'><strong>e</strong></span> <span class='ocrx_word' id='word_1_662' title='bbox 3360 4754 3518 4825; x_wconf 83' lang='lat' dir='ltr'><strong>regia</strong></span> <span class='ocrx_word' id='word_1_663' title='bbox 3547 4752 3735 4825; x_wconf 88' lang='lat' dir='ltr'><strong>pellit,</strong></span> 
     </span>
    </p>
   </div>
   <div class='ocr_carea' id='block_1_100' title="bbox 2097 4840 3739 4911">
    <p class='ocr_par' dir='ltr' id='par_1_100' title="bbox 2097 4840 3739 4911">
     <span class='ocr_line' id='line_1_101' title="bbox 2097 4840 3739 4911; baseline 0 -12"><span class='ocrx_word' id='word_1_664' title='bbox 2097 4849 2155 4899; x_wconf 90' lang='lat' dir='ltr'><strong>et</strong></span> <span class='ocrx_word' id='word_1_665' title='bbox 2184 4845 2243 4898; x_wconf 84' lang='lat' dir='ltr'><strong>in</strong></span> <span class='ocrx_word' id='word_1_666' title='bbox 2274 4842 2496 4897; x_wconf 84' lang='lat' dir='ltr'><strong>vicinas</strong></span> <span class='ocrx_word' id='word_1_667' title='bbox 2535 4842 2761 4897; x_wconf 88' lang='lat' dir='ltr'><strong>insulas</strong></span> <span class='ocrx_word' id='word_1_668' title='bbox 2790 4840 3090 4911; x_wconf 79' lang='lat' dir='ltr'><strong>ablegatos</strong></span> <span class='ocrx_word' id='word_1_669' title='bbox 3111 4842 3298 4897; x_wconf 89' lang='lat' dir='ltr'><strong>comis</strong></span> <span class='ocrx_word' id='word_1_670' title='bbox 3315 4843 3581 4899; x_wconf 89' lang='lat' dir='ltr'><strong>detonsis</strong></span> <span class='ocrx_word' id='word_1_671' title='bbox 3612 4844 3739 4900; x_wconf 85' lang='lat' dir='ltr'><strong>cle-</strong></span> 
     </span>
    </p>
   </div>
   <div class='ocr_carea' id='block_1_101' title="bbox 367 4922 1995 5004">
    <p class='ocr_par' dir='ltr' id='par_1_101' title="bbox 367 4922 1988 5004">
     <span class='ocr_line' id='line_1_102' title="bbox 367 4922 1988 5004; baseline -0.002 -17"><span class='ocrx_word' id='word_1_672' title='bbox 367 4925 472 4993; x_wconf 66' lang='grc' dir='ltr'>ἶνθα</span> <span class='ocrx_word' id='word_1_673' title='bbox 496 4932 580 4987; x_wconf 72' lang='grc' dir='ltr'>καῖ</span> <span class='ocrx_word' id='word_1_674' title='bbox 607 4932 861 5003; x_wconf 78' lang='grc' dir='ltr'>τελευτᾷ.</span> <span class='ocrx_word' id='word_1_675' title='bbox 942 4924 1054 4991; x_wconf 71' lang='grc' dir='ltr'>Οῧς</span> <span class='ocrx_word' id='word_1_676' title='bbox 1127 4926 1292 4985; x_wconf 72' lang='grc' dir='ltr'>πάλιν</span> <span class='ocrx_word' id='word_1_677' title='bbox 1370 4931 1397 4984; x_wconf 87' lang='lat'><strong>6</strong></span> <span class='ocrx_word' id='word_1_678' title='bbox 1469 4928 1665 4984; x_wconf 71' lang='grc' dir='ltr'>τούτου</span> <span class='ocrx_word' id='word_1_679' title='bbox 1738 4922 1988 5004; x_wconf 75' lang='grc' dir='ltr'>γαμϐρὸς</span> 
     </span>
    </p>
   </div>
   <div class='ocr_carea' id='block_1_102' title="bbox 2106 4922 3745 5004">
    <p class='ocr_par' dir='ltr' id='par_1_102' title="bbox 2106 4930 3745 5003">
     <span class='ocr_line' id='line_1_103' title="bbox 2106 4930 3745 5003; baseline 0 -13"><span class='ocrx_word' id='word_1_680' title='bbox 2106 4934 2356 4990; x_wconf 89' lang='lat' dir='ltr'><strong>ricorum</strong></span> <span class='ocrx_word' id='word_1_681' title='bbox 2398 4930 2534 4987; x_wconf 89' lang='lat' dir='ltr'><strong>albo</strong></span> <span class='ocrx_word' id='word_1_682' title='bbox 2591 4931 2885 5003; x_wconf 87' lang='lat' dir='ltr'><strong>ascripsit,</strong></span> <span class='ocrx_word' id='word_1_683' title='bbox 2936 4935 3251 5002; x_wconf 87' lang='lat' dir='ltr'><strong>postquam</strong></span> <span class='ocrx_word' id='word_1_684' title='bbox 3301 4948 3435 4989; x_wconf 89' lang='lat' dir='ltr'><strong>cum</strong></span> <span class='ocrx_word' id='word_1_685' title='bbox 3482 4934 3601 4989; x_wconf 88' lang='lat' dir='ltr'><strong>illis</strong></span> <span class='ocrx_word' id='word_1_686' title='bbox 3648 4952 3745 4990; x_wconf 87' lang='lat' dir='ltr'><strong>rc-</strong></span> 
     </span>
    </p>
   </div>
   <div class='ocr_carea' id='block_1_103' title="bbox 366 5014 1995 5096">
    <p class='ocr_par' dir='ltr' id='par_1_103' title="bbox 366 5014 1994 5095">
     <span class='ocr_line' id='line_1_104' title="bbox 366 5014 1994 5095; baseline -0.002 -21"><span class='ocrx_word' id='word_1_687' title='bbox 366 5019 765 5095; x_wconf 81' lang='grc' dir='ltr'>Κωνσταντῖνος,</span> <span class='ocrx_word' id='word_1_688' title='bbox 849 5020 1057 5093; x_wconf 78' lang='grc' dir='ltr'>μήπως</span> <span class='ocrx_word' id='word_1_689' title='bbox 1126 5016 1217 5073; x_wconf 81' lang='grc' dir='ltr'><strong>καὶ</strong></span> <span class='ocrx_word' id='word_1_690' title='bbox 1291 5023 1409 5072; x_wconf 80' lang='grc' dir='ltr'>κατ’</span> <span class='ocrx_word' id='word_1_691' title='bbox 1482 5016 1647 5073; x_wconf 78' lang='grc' dir='ltr'>αὐτοῦ</span> <span class='ocrx_word' id='word_1_692' title='bbox 1719 5017 1785 5072; x_wconf 84' lang='grc' dir='ltr'><strong>τὰ</strong></span> <span class='ocrx_word' id='word_1_693' title='bbox 1823 5014 1994 5090; x_wconf 74' lang='grc' dir='ltr'>ὅμοια</span> 
     </span>
    </p>
   </div>
   <div class='ocr_carea' id='block_1_104' title="bbox 2106 5014 3743 5096">
    <p class='ocr_par' dir='ltr' id='par_1_104' title="bbox 2106 5019 3743 5096">
     <span class='ocr_line' id='line_1_105' title="bbox 2106 5019 3743 5096; baseline 0 -17"><span class='ocrx_word' id='word_1_694' title='bbox 2106 5025 2339 5096; x_wconf 83' lang='lat' dir='ltr'><strong>gnasset</strong></span> <span class='ocrx_word' id='word_1_695' title='bbox 2358 5020 2484 5077; x_wconf 89' lang='lat' dir='ltr'><strong>dies</strong></span> <span class='ocrx_word' id='word_1_696' title='bbox 2506 5019 2896 5093; x_wconf 79' lang='lat' dir='ltr'><strong>quadraginta</strong></span> <span class='ocrx_word' id='word_1_697' title='bbox 2916 5024 3055 5075; x_wconf 91' lang='lat' dir='ltr'><strong>tres.</strong></span> <span class='ocrx_word' id='word_1_698' title='bbox 3079 5022 3501 5078; x_wconf 84' lang='lat' dir='ltr'><strong>Constantinus</strong></span> <span class='ocrx_word' id='word_1_699' title='bbox 3522 5024 3743 5095; x_wconf 87' lang='lat' dir='ltr'><strong>itaque.</strong></span> 
     </span>
    </p>
   </div>
   <div class='ocr_carea' id='block_1_105' title="bbox 363 5102 1995 5188">
    <p class='ocr_par' dir='ltr' id='par_1_105' title="bbox 363 5102 1993 5188">
     <span class='ocr_line' id='line_1_106' title="bbox 363 5102 1993 5188; baseline -0.002 -24"><span class='ocrx_word' id='word_1_700' title='bbox 363 5105 739 5188; x_wconf 70' lang='grc' dir='ltr'>διαπράξωνται</span> <span class='ocrx_word' id='word_1_701' title='bbox 802 5107 1187 5186; x_wconf 78' lang='grc' dir='ltr'>λογισάμενος,</span> <span class='ocrx_word' id='word_1_702' title='bbox 1242 5105 1607 5180; x_wconf 73' lang='grc' dir='ltr'>ἐναρπάστους</span> <span class='ocrx_word' id='word_1_703' title='bbox 1667 5109 1766 5161; x_wconf 72' lang='grc' dir='ltr'>τοῦ</span> <span class='ocrx_word' id='word_1_704' title='bbox 1810 5102 1993 5161; x_wconf 90' lang='grc' dir='ltr'>παλα-</span> 
     </span>
    </p>
   </div>
   <div class='ocr_carea' id='block_1_106' title="bbox 2106 5102 3744 5188">
    <p class='ocr_par' dir='ltr' id='par_1_106' title="bbox 2106 5108 3744 5183">
     <span class='ocr_line' id='line_1_107' title="bbox 2106 5108 3744 5183; baseline -0.002 -15"><span class='ocrx_word' id='word_1_705' title='bbox 2106 5111 2311 5168; x_wconf 91' lang='lat' dir='ltr'><strong>Leonis</strong></span> <span class='ocrx_word' id='word_1_706' title='bbox 2344 5109 2503 5165; x_wconf 76' lang='lat' dir='ltr'><strong>illius</strong></span> <span class='ocrx_word' id='word_1_707' title='bbox 2532 5111 2592 5164; x_wconf 89' lang='lat' dir='ltr'><strong>et</strong></span> <span class='ocrx_word' id='word_1_708' title='bbox 2645 5110 2872 5182; x_wconf 88' lang='lat' dir='ltr'><strong>primus</strong></span> <span class='ocrx_word' id='word_1_709' title='bbox 2920 5108 3497 5183; x_wconf 81' lang='lat' dir='ltr'><strong>Porphyrogenneta,</strong></span> <span class='ocrx_word' id='word_1_710' title='bbox 3549 5112 3744 5182; x_wconf 87' lang='lat' dir='ltr'><strong>suspi-</strong></span> 
     </span>
    </p>
   </div>
   <div class='ocr_carea' id='block_1_107' title="bbox 355 5192 1995 5280">
    <p class='ocr_par' dir='ltr' id='par_1_107' title="bbox 355 5192 1994 5280">
     <span class='ocr_line' id='line_1_108' title="bbox 355 5192 1994 5280; baseline -0.003 -26"><span class='ocrx_word' id='word_1_711' title='bbox 355 5200 459 5256; x_wconf 82' lang='grc' dir='ltr'>τίου</span> <span class='ocrx_word' id='word_1_712' title='bbox 511 5202 839 5280; x_wconf 82' lang='grc' dir='ltr'>καταγαγὼν</span> <span class='ocrx_word' id='word_1_713' title='bbox 881 5196 979 5252; x_wconf 78' lang='grc' dir='ltr'>καὶ</span> <span class='ocrx_word' id='word_1_714' title='bbox 1038 5192 1088 5249; x_wconf 73' lang='grc' dir='ltr'>ἐν</span> <span class='ocrx_word' id='word_1_715' title='bbox 1144 5200 1265 5257; x_wconf 84' lang='grc' dir='ltr'>ταῖς</span> <span class='ocrx_word' id='word_1_716' title='bbox 1319 5193 1753 5266; x_wconf 79' lang='grc' dir='ltr'>πλησιαζούσαις</span> <span class='ocrx_word' id='word_1_717' title='bbox 1799 5196 1994 5265; x_wconf 73' lang='grc' dir='ltr'>νήσοις</span> 
     </span>
    </p>
   </div>
   <div class='ocr_carea' id='block_1_108' title="bbox 2106 5192 3746 5280">
    <p class='ocr_par' dir='ltr' id='par_1_108' title="bbox 2106 5197 3746 5267">
     <span class='ocr_line' id='line_1_109' title="bbox 2106 5197 3746 5267; baseline -0.001 -11"><span class='ocrx_word' id='word_1_718' title='bbox 2106 5201 2272 5257; x_wconf 88' lang='lat' dir='ltr'><strong>cione</strong></span> <span class='ocrx_word' id='word_1_719' title='bbox 2311 5199 2473 5254; x_wconf 92' lang='lat' dir='ltr'><strong>omni</strong></span> <span class='ocrx_word' id='word_1_720' title='bbox 2506 5198 2579 5255; x_wconf 92' lang='lat' dir='ltr'><strong>de</strong></span> <span class='ocrx_word' id='word_1_721' title='bbox 2610 5199 2806 5255; x_wconf 87' lang='lat' dir='ltr'><strong>medio</strong></span> <span class='ocrx_word' id='word_1_722' title='bbox 2840 5197 3093 5267; x_wconf 84' lang='lat' dir='ltr'><strong>sublata,</strong></span> <span class='ocrx_word' id='word_1_723' title='bbox 3125 5205 3185 5255; x_wconf 93' lang='lat' dir='ltr'><strong>et</strong></span> <span class='ocrx_word' id='word_1_724' title='bbox 3229 5199 3555 5257; x_wconf 87' lang='lat' dir='ltr'><strong>secundum</strong></span> <span class='ocrx_word' id='word_1_725' title='bbox 3585 5199 3746 5255; x_wconf 88' lang='lat' dir='ltr'><strong>solus</strong></span> 
     </span>
    </p>
   </div>
   <div class='ocr_carea' id='block_1_109' title="bbox 351 5282 1995 5371">
    <p class='ocr_par' dir='ltr' id='par_1_109' title="bbox 351 5282 1993 5371">
     <span class='ocr_line' id='line_1_110' title="bbox 351 5282 1993 5371; baseline -0.005 -25"><span class='ocrx_word' id='word_1_726' title='bbox 351 5294 668 5371; x_wconf 72' lang='grc' dir='ltr'>περιορίσας,</span> <span class='ocrx_word' id='word_1_727' title='bbox 728 5282 1056 5371; x_wconf 68' lang='grc' dir='ltr'>κληρικοὺς</span> <span class='ocrx_word' id='word_1_728' title='bbox 1112 5282 1379 5358; x_wconf 70' lang='grc' dir='ltr'>ἁπὲκειρε,</span> <span class='ocrx_word' id='word_1_729' title='bbox 1441 5283 1534 5339; x_wconf 79' lang='grc' dir='ltr'>σὺν</span> <span class='ocrx_word' id='word_1_730' title='bbox 1589 5284 1780 5345; x_wconf 77' lang='grc' dir='ltr'>αὐτοῖς</span> <span class='ocrx_word' id='word_1_731' title='bbox 1822 5284 1993 5371; x_wconf 83' lang='grc' dir='ltr'>βασι-</span> 
     </span>
    </p>
   </div>
   <div class='ocr_carea' id='block_1_110' title="bbox 2106 5282 3748 5371">
    <p class='ocr_par' dir='ltr' id='par_1_110' title="bbox 2106 5286 3748 5358">
     <span class='ocr_line' id='line_1_111' title="bbox 2106 5286 3748 5358; baseline 0 -16"><span class='ocrx_word' id='word_1_732' title='bbox 2106 5287 2355 5358; x_wconf 88' lang='lat' dir='ltr'><strong>imperio</strong></span> <span class='ocrx_word' id='word_1_733' title='bbox 2386 5287 2627 5357; x_wconf 84' lang='lat' dir='ltr'><strong>potitus,</strong></span> <span class='ocrx_word' id='word_1_734' title='bbox 2663 5303 2831 5343; x_wconf 88' lang='lat' dir='ltr'><strong>sacro</strong></span> <span class='ocrx_word' id='word_1_735' title='bbox 2863 5286 2959 5341; x_wconf 89' lang='lat' dir='ltr'><strong>die</strong></span> <span class='ocrx_word' id='word_1_736' title='bbox 2990 5288 3291 5343; x_wconf 87' lang='lat' dir='ltr'><strong>Paschalis</strong></span> <span class='ocrx_word' id='word_1_737' title='bbox 3312 5291 3574 5344; x_wconf 83' lang='lat' dir='ltr'><strong>Romano</strong></span> <span class='ocrx_word' id='word_1_738' title='bbox 3603 5286 3748 5351; x_wconf 81' lang='lat' dir='ltr'><strong>tilio,</strong></span> 
     </span>
    </p>
   </div>
   <div class='ocr_carea' id='block_1_111' title="bbox 350 5369 1995 5457">
    <p class='ocr_par' dir='ltr' id='par_1_111' title="bbox 350 5369 1994 5457">
     <span class='ocr_line' id='line_1_112' title="bbox 350 5369 1994 5457; baseline -0.007 -22"><span class='ocrx_word' id='word_1_739' title='bbox 350 5369 523 5447; x_wconf 68' lang='grc' dir='ltr'>λεῦσας</span> <span class='ocrx_word' id='word_1_740' title='bbox 600 5378 826 5457; x_wconf 77' lang='grc' dir='ltr'>ἡμέρας</span> <span class='ocrx_word' id='word_1_741' title='bbox 910 5370 1029 5448; x_wconf 77' lang='grc' dir='ltr'>μγ’.</span> <span class='ocrx_word' id='word_1_742' title='bbox 1104 5373 1506 5435; x_wconf 81' lang='grc' dir='ltr'>Κωνσταντῖνος</span> <span class='ocrx_word' id='word_1_743' title='bbox 1551 5372 1580 5426; x_wconf 91' lang='lat'><strong>6</strong></span> <span class='ocrx_word' id='word_1_744' title='bbox 1624 5375 1724 5426; x_wconf 81' lang='grc' dir='ltr'>τοῦ</span> <span class='ocrx_word' id='word_1_745' title='bbox 1762 5369 1994 5432; x_wconf 72' lang='grc' dir='ltr'>Λέοντος</span> 
     </span>
    </p>
   </div>
   <div class='ocr_carea' id='block_1_112' title="bbox 2106 5369 3751 5457">
    <p class='ocr_par' dir='ltr' id='par_1_112' title="bbox 2106 5373 3751 5448">
     <span class='ocr_line' id='line_1_113' title="bbox 2106 5373 3751 5448; baseline -0.001 -17"><span class='ocrx_word' id='word_1_746' title='bbox 2106 5375 2438 5447; x_wconf 84' lang='lat' dir='ltr'><strong>patriarcha</strong></span> <span class='ocrx_word' id='word_1_747' title='bbox 2468 5375 2901 5448; x_wconf 81' lang='lat' dir='ltr'><strong>Theophylacto</strong></span> <span class='ocrx_word' id='word_1_748' title='bbox 2924 5393 3129 5447; x_wconf 83' lang='lat' dir='ltr'><strong>preces</strong></span> <span class='ocrx_word' id='word_1_749' title='bbox 3145 5376 3453 5436; x_wconf 84' lang='lat' dir='ltr'><strong>fundente.</strong></span> <span class='ocrx_word' id='word_1_750' title='bbox 3477 5373 3751 5429; x_wconf 86' lang='lat' dir='ltr'><strong>diadema</strong></span> 
     </span>
    </p>
   </div>
   <div class='ocr_carea' id='block_1_113' title="bbox 341 5457 1995 5553">
    <p class='ocr_par' dir='ltr' id='par_1_113' title="bbox 341 5457 1993 5553">
     <span class='ocr_line' id='line_1_114' title="bbox 341 5457 1993 5553; baseline 0.003 -44"><span class='ocrx_word' id='word_1_751' title='bbox 341 5475 444 5542; x_wconf 45' lang='grc' dir='ltr'>,θεὸς</span> <span class='ocrx_word' id='word_1_752' title='bbox 470 5477 499 5533; x_wconf 71' lang='grc' dir='ltr'>δ</span> <span class='ocrx_word' id='word_1_753' title='bbox 529 5478 766 5553; x_wconf 66' lang='grc' dir='ltr'><strong>πρῶτος</strong></span> <span class='ocrx_word' id='word_1_754' title='bbox 814 5461 1360 5553; x_wconf 64' lang='grc' dir='ltr'>Πορφυρογεννητος,</span> <span class='ocrx_word' id='word_1_755' title='bbox 1386 5460 1454 5553; x_wconf 72' lang='grc' dir='ltr'><strong>τὰ</strong></span> <span class='ocrx_word' id='word_1_756' title='bbox 1500 5457 1715 5516; x_wconf 75' lang='grc' dir='ltr'>ὕπουλα</span> <span class='ocrx_word' id='word_1_757' title='bbox 1751 5459 1812 5515; x_wconf 66' lang='grc' dir='ltr'><strong>ἑκ</strong></span> <span class='ocrx_word' id='word_1_758' title='bbox 1830 5459 1993 5553; x_wconf 61' lang='grc' dir='ltr'>μίσου</span> 
     </span>
    </p>
   </div>
   <div class='ocr_carea' id='block_1_114' title="bbox 2106 5457 3748 5553">
    <p class='ocr_par' dir='ltr' id='par_1_114' title="bbox 2106 5461 3748 5536">
     <span class='ocr_line' id='line_1_115' title="bbox 2106 5461 3748 5536; baseline -0.003 -16"><span class='ocrx_word' id='word_1_759' title='bbox 2106 5463 2377 5536; x_wconf 87' lang='lat' dir='ltr'><strong>imponit,</strong></span> <span class='ocrx_word' id='word_1_760' title='bbox 2406 5466 2857 5536; x_wconf 84' lang='lat' dir='ltr'><strong>Romanumque</strong></span> <span class='ocrx_word' id='word_1_761' title='bbox 2888 5465 3170 5534; x_wconf 87' lang='lat' dir='ltr'><strong>Stephani</strong></span> <span class='ocrx_word' id='word_1_762' title='bbox 3200 5464 3300 5520; x_wconf 72' lang='lat'><strong>58</strong></span> <span class='ocrx_word' id='word_1_763' title='bbox 3330 5464 3517 5518; x_wconf 83' lang='lat' dir='ltr'><strong>ﬁlium</strong></span> <span class='ocrx_word' id='word_1_764' title='bbox 3557 5461 3748 5515; x_wconf 83' lang='lat' dir='ltr'><strong>evira-</strong></span> 
     </span>
    </p>
   </div>
   <div class='ocr_carea' id='block_1_115' title="bbox 334 5548 1995 5647">
    <p class='ocr_par' dir='ltr' id='par_1_115' title="bbox 334 5548 1992 5647">
     <span class='ocr_line' id='line_1_116' title="bbox 334 5548 1992 5647; baseline -0.011 -25"><span class='ocrx_word' id='word_1_765' title='bbox 334 5548 609 5647; x_wconf 76' lang='grc' dir='ltr'>περιελὼν,</span> <span class='ocrx_word' id='word_1_766' title='bbox 661 5560 761 5618; x_wconf 74' lang='grc' dir='ltr'><strong>καὶ</strong></span> <span class='ocrx_word' id='word_1_767' title='bbox 833 5551 1014 5629; x_wconf 77' lang='grc' dir='ltr'>μόνος</span> <span class='ocrx_word' id='word_1_768' title='bbox 1048 5549 1149 5619; x_wconf 80' lang='grc' dir='ltr'>τὴν</span> <span class='ocrx_word' id='word_1_769' title='bbox 1192 5548 1565 5647; x_wconf 76' lang='grc' dir='ltr'>αὐτοκράτορα</span> <span class='ocrx_word' id='word_1_770' title='bbox 1604 5550 1992 5647; x_wconf 60' lang='grc' dir='ltr'>περιζωσςίμε-</span> 
     </span>
    </p>
   </div>
   <div class='ocr_carea' id='block_1_116' title="bbox 2106 5548 3742 5647">
    <p class='ocr_par' dir='ltr' id='par_1_116' title="bbox 2106 5551 3742 5621">
     <span class='ocr_line' id='line_1_117' title="bbox 2106 5551 3742 5621; baseline -0.006 -12"><span class='ocrx_word' id='word_1_771' title='bbox 2106 5553 2202 5621; x_wconf 85' lang='lat' dir='ltr'><strong>vit,</strong></span> <span class='ocrx_word' id='word_1_772' title='bbox 2234 5566 2467 5608; x_wconf 90' lang='lat' dir='ltr'><strong>necnon</strong></span> <span class='ocrx_word' id='word_1_773' title='bbox 2500 5558 2558 5608; x_wconf 89' lang='lat' dir='ltr'><strong>et</strong></span> <span class='ocrx_word' id='word_1_774' title='bbox 2589 5554 2871 5609; x_wconf 88' lang='lat' dir='ltr'><strong>Basilium</strong></span> <span class='ocrx_word' id='word_1_775' title='bbox 2899 5566 2971 5606; x_wconf 80' lang='lat' dir='ltr'><strong>ex</strong></span> <span class='ocrx_word' id='word_1_776' title='bbox 3004 5567 3170 5606; x_wconf 82' lang='lat' dir='ltr'><strong>serva</strong></span> <span class='ocrx_word' id='word_1_777' title='bbox 3190 5551 3438 5621; x_wconf 85' lang='lat' dir='ltr'><strong>Bulgara</strong></span> <span class='ocrx_word' id='word_1_778' title='bbox 3478 5552 3742 5604; x_wconf 84' lang='lat' dir='ltr'><strong>Romano</strong></span> 
     </span>
    </p>
   </div>
   <div class='ocr_carea' id='block_1_117' title="bbox 333 5632 1995 5740">
    <p class='ocr_par' dir='ltr' id='par_1_117' title="bbox 333 5632 1993 5740">
     <span class='ocr_line' id='line_1_118' title="bbox 333 5632 1993 5740; baseline -0.011 -25"><span class='ocrx_word' id='word_1_779' title='bbox 333 5632 411 5725; x_wconf 64' lang='grc' dir='ltr'><strong>ηοξ</strong></span> <span class='ocrx_word' id='word_1_780' title='bbox 438 5632 618 5740; x_wconf 71' lang='grc' dir='ltr'>ἀρχήν</span> <span class='ocrx_word' id='word_1_781' title='bbox 652 5654 725 5712; x_wconf 82' lang='grc' dir='ltr'>τὸ</span> <span class='ocrx_word' id='word_1_782' title='bbox 760 5648 1060 5718; x_wconf 77' lang='grc' dir='ltr'>δεύτερον,</span> <span class='ocrx_word' id='word_1_783' title='bbox 1090 5641 1224 5696; x_wconf 82' lang='grc' dir='ltr'>κατὰ</span> <span class='ocrx_word' id='word_1_784' title='bbox 1260 5642 1325 5697; x_wconf 86' lang='grc' dir='ltr'>τὸ</span> <span class='ocrx_word' id='word_1_785' title='bbox 1356 5646 1502 5707; x_wconf 79' lang='grc' dir='ltr'>θεῖον</span> <span class='ocrx_word' id='word_1_786' title='bbox 1536 5638 1731 5717; x_wconf 71' lang='grc' dir='ltr'>Πάσχα</span> <span class='ocrx_word' id='word_1_787' title='bbox 1775 5641 1866 5696; x_wconf 80' lang='grc' dir='ltr'>καὶ</span> <span class='ocrx_word' id='word_1_788' title='bbox 1913 5645 1993 5713; x_wconf 78' lang='grc' dir='ltr'><strong>τῷ</strong></span> 
     </span>
    </p>
   </div>
   <div class='ocr_carea' id='block_1_118' title="bbox 2106 5632 3736 5740">
    <p class='ocr_par' dir='ltr' id='par_1_118' title="bbox 2106 5632 3736 5713">
     <span class='ocr_line' id='line_1_119' title="bbox 2106 5632 3736 5713; baseline -0.01 -13"><span class='ocrx_word' id='word_1_789' title='bbox 2106 5640 2325 5700; x_wconf 88' lang='lat' dir='ltr'><strong>seniori</strong></span> <span class='ocrx_word' id='word_1_790' title='bbox 2382 5643 2780 5713; x_wconf 85' lang='lat' dir='ltr'><strong>progenitum,</strong></span> <span class='ocrx_word' id='word_1_791' title='bbox 2838 5645 2895 5695; x_wconf 92' lang='lat' dir='ltr'><strong>et</strong></span> <span class='ocrx_word' id='word_1_792' title='bbox 2940 5637 3282 5693; x_wconf 84' lang='lat' dir='ltr'><strong>Michaelem</strong></span> <span class='ocrx_word' id='word_1_793' title='bbox 3332 5632 3736 5702; x_wconf 86' lang='lat' dir='ltr'><strong>Christophori</strong></span> 
     </span>
    </p>
   </div>
  </div>
