4150 6292
431 344 548 405 279

1973 333 2265 398 JOELIS.

3720 338 3842 400 280

435 472 626 529 filium
657 473 854 530 ablata
894 487 1062 526 coma
1117 470 1398 525 clericum
1446 469 1605 525 fecit.
1667 470 2084 523 Verumtamen

2201 466 2307 538 υἱῷ
2334 466 2604 538 Ῥωμανῷ
2641 465 2953 539 περιτίθησι
3001 461 3266 538 διάδημα,
3316 469 3700 544 Θεοφδλάκτου
3745 473 3841 526 τοῦ

436 561 910 634 'l‘heophylactus
950 558 1288 632 patriarcha
1335 573 1525 613 annos
1579 562 1754 613 natus
1805 554 2090 612 tredecim

440 653 726 707 diaconus
749 649 1078 715 ordinatur,
1105 663 1261 702 anno
1281 663 1419 702 vero
1442 648 1635 702 uitatis
1663 645 1894 702 decimo
1925 649 2088 701 sexto

438 742 502 796 in
534 737 924 812 patriarchale
956 737 1169 792 solium
1204 742 1621 807 promovetur;
1654 752 1762 808 per
1779 751 1969 791 annos
2000 735 2086 788 vi-

437 829 586 902 ginti
612 835 732 883 tres
763 833 822 882 et
849 827 978 882 dies
1007 826 1211 898 viginti
1244 827 1509 897 quinque
1531 826 1684 881 male
1725 825 2088 897 indigneque

436 918 842 991 patriarchatu
873 915 1291 972 administrate
1337 915 1598 970 animam
1645 914 1906 980 exhalat,
1937 918 1997 968 et
2026 913 2088 968 in

437 1008 568 1080 ejus
601 1007 798 1062 locum
831 1005 1127 1060 sufficitur
1156 1004 1514 1076 Polyeuctus
1553 1003 1903 1059 monachus.
1937 1004 2088 1057 Con-

435 1095 700 1151 stantino
721 1094 1054 1166 imperante
1075 1093 1319 1148 Joannis
1342 1093 1733 1148 Praecursoris
1753 1090 2091 1146 veneranda

435 1201 650 1240 manus
681 1183 990 1239 Antiochia
1025 1181 1336 1238 advehitur
1366 1187 1423 1236 et
1452 1198 1666 1254 corpus
1707 1181 1896 1236 sancti
1951 1182 2088 1236 Gre-

437 1275 588 1345 gorii
618 1273 917 1345 Theologi.
952 1275 1057 1328 llic
1088 1288 1226 1344 ergo
1259 1272 1696 1339 Constantinus,
1724 1275 1789 1326 ut
1817 1271 1958 1326 fassi
1990 1287 2091 1325 su-

434 1381 589 1429 mus,
623 1363 784 1419 solus
813 1363 1064 1435 imperio
1095 1361 1511 1417 administrato
1538 1377 1646 1432 per
1690 1376 1881 1416 annos
1912 1359 2090 1430 quin-

435 1455 632 1510 decim
665 1454 727 1508 in
760 1453 1035 1509 morbum
1065 1451 1336 1508 incidens
1365 1451 1524 1507 diem
1545 1452 1689 1507 obit.

2200 555 2546 630 πατριάρχου
2617 554 2715 616 te;
2792 552 2958 630 εὐχὰς
3031 551 3366 619 τελέσαντος,
3415 555 3714 634 Εὐνούχισε
3789 555 3844 614 δὲ

2196 643 2288 698 καὶ
2360 644 2646 719 Ῥωμανὸν
2721 643 2814 698 τὸν
2889 647 2988 699 τοῦ
3037 649 3312 722 Στειρὰνου
3351 645 3494 713 υἱὸν,
3533 642 3613 702 ἔτι
3653 643 3713 702 δὲ
3752 649 3840 704 καὶ

2199 731 2486 788 Βασίλειον
2533 732 2626 788 τὸν
2693 735 2755 787 εκ
2817 731 3024 802 δούλης
3091 732 3404 810 Βουλγάρας
3469 733 3844 810 ἀποτεχθέντα

2197 822 2576 895 Ῥωμανῷτῷ
2607 822 2844 899 γέροντι,
2898 822 3130 898 Μιχαὴλ
3183 820 3240 878 δὲ
3287 824 3376 879 τὸν
3432 824 3547 879 υἱὸν
3598 828 3841 900 Χριστο-

2198 911 2371 990 φόρου
2427 915 2522 966 τοῦ
2582 909 2855 986 βασιλέως
2909 913 3158 986 ἀπέκειρε
3214 911 3500 987 κληρικύν.
3562 913 3844 993 Θεοφύλα-

2197 1020 2328 1061 κτος
2361 998 2417 1056 δὲ
2443 1001 2472 1054 6
2503 1001 2851 1076 πατριάρχης
2887 1003 2954 1076 ιγ’
3009 1003 3104 1076 μὲν
3145 1001 3277 1058 ἐτῶν
3331 1000 3404 1058 ὢν
3451 1003 3541 1060 ὅτε
3588 1001 3838 1067 διάκονος

2199 1088 2618 1164 ἐχειροτονήθη,
2655 1091 2718 1153 ις’
2764 1088 2820 1145 δὲ
2877 1089 2966 1146 ὅτε
3015 1089 3092 1154 εἷς
3134 1093 3226 1146 τὸν
3271 1093 3670 1168 πατριαρχικὸν
3718 1093 3840 1148 ἆνε-

2200 1173 2436 1249 ϐιϐἀσοη
2469 1179 2676 1253 θρόνον,
2719 1179 2805 1236 ἐπ’
2855 1176 2950 1249 ἔτη
3001 1181 3082 1256 κγ’
3133 1180 3223 1235 καὶ
3280 1182 3492 1256 ἡμέρας
3537 1186 3616 1237 κε’
3660 1186 3842 1246 κακῶς

2202 1267 2295 1322 καὶ
2349 1267 2575 1338 ἀναξίως
2633 1268 3060 1346 ἀρχιερατεύσας
3139 1269 3233 1324 τὸν
3320 1269 3440 1344 βίον
3525 1270 3834 1326 κατέλιπεν

2215 1359 2237 1380 »μ
2267 1359 2309 1380 ,ν
2347 1355 2500 1380 κγ’-,βξ
2550 1355 2592 1380 Μ

2199 1359 2309 1412 ἀντ’
2340 1355 2504 1412 αὐτοῦ
2546 1354 2603 1413 δὶ
2655 1353 3034 1431 προϐάλλεται
3085 1359 3113 1413 ὁ
3169 1359 3412 1434 μοναχὸς
3473 1358 3840 1422 Πολύευκτος,

2197 1446 2320 1502 Ἐπὶ
2397 1449 2498 1512 τῆς
2571 1446 2768 1502 τούτου
2846 1446 3129 1522 βασιλείας
3197 1444 3354 1526 ἤχθη
3395 1447 3446 1520 ἐξ
3501 1448 3842 1523 Ἀντιοχείας

434 1541 530 1596 καὶ
567 1542 603 1609 ἡ
633 1543 796 1612 τιμία
825 1539 952 1614 χεὶρ
979 1542 1078 1594 τοῦ
1110 1536 1436 1613 Προδρόμου
1468 1538 1557 1593 καὶ
1586 1539 1648 1592 τὸ
1695 1536 1952 1612 λείψανον
1989 1534 2087 1592 τού
2131 1535 2288 1610 ἁγίου
2333 1534 2637 1610 Γρηγορίου
2680 1540 2778 1592 τοῦ
2827 1533 3123 1612 Θεολόγου.
3177 1537 3352 1598 Οὗτος
3400 1536 3492 1591 οὖν
3525 1536 3554 1591 ὁ
3587 1535 3845 1612 βασιλεὺς

437 1632 868 1694 Κωνσταντῖνος,
899 1628 1331 1701 μονοκρατήσας,
1359 1626 1435 1690 ὡς
1458 1622 1688 1700 ἔφημεν,
1711 1622 1806 1696 ἔτη
1843 1627 1924 1693 ιε’,
1955 1625 2100 1698 νόσῳ
2127 1625 2433 1699 περιπεσὼν
2460 1622 2706 1695 τελευτᾷ.

511 1721 646 1773 Post
673 1719 1118 1774 Constantinum
1163 1718 1237 1774 ad
1286 1720 1618 1773 Romanum
1666 1717 1830 1772 illius
1877 1715 2084 1783 tilium,

2267 1713 2419 1772 Μετᾶ
2469 1711 2528 1769 δὶ
2580 1713 2674 1769 τὸν
2731 1718 3131 1770 Κωνσταντῖνον
3189 1709 3505 1771 ἐϐασίλευσε
3560 1717 3844 1789 Ῥωμανὸς

439 1809 539 1880 qui
564 1814 623 1864 et
645 1825 792 1880 puer
809 1808 1134 1877 dicebatur,
1163 1807 1480 1880 imperium
1506 1807 1769 1862 delatum
1798 1810 1887 1861 est
1919 1821 1934 1871 ;
1983 1807 2085 1876 qui

438 1897 644 1954 morbo
676 1897 1051 1954 conﬂictatus
1079 1914 1151 1953 ex
1182 1897 1491 1952 hominum
1511 1896 1630 1950 vita
1658 1895 1948 1967 migravit,
1979 1911 2086 1950 an-

437 2004 652 2043 norum
683 1987 886 2060 viginti
921 1993 1194 2059 quatuor,
1224 1987 1458 2058 imperii
1480 2001 1636 2042 anno
1655 1985 1849 2054 tertio,
1881 2001 2088 2041 mense

445 2083 675 2147 quarto.
710 2076 807 2130 die
839 2077 1069 2146 quinto.

514 2167 653 2219 Post
683 2167 1012 2220 Romanum
1045 2166 1361 2236 imperium
1400 2165 1700 2236 accipiunt
1751 2164 2000 2222 Basilius
2029 2171 2089 2220 et

441 2253 866 2308 Constantinus
897 2253 1006 2308 filii
1037 2270 1172 2309 cum
1202 2254 1636 2325 Theophanone
1669 2260 1880 2309 matre.
1902 2257 2088 2325 Impe-

441 2346 652 2397 rarunt
681 2357 916 2396 menses
946 2343 1210 2413 quinque
1241 2359 1376 2397 cum
1405 2342 1660 2413 Josepho
1702 2342 1934 2414 Bringa,
1985 2343 2086 2412 qui

444 2437 569 2485 tum
598 2429 920 2502 plurimum
954 2430 1110 2502 apud
1143 2447 1242 2486 eos
1269 2430 1518 2486 valebat.

517 2518 616 2573 His
648 2519 931 2574 successit
982 2521 1044 2576 in
1084 2520 1338 2592 imperio
1386 2521 1750 2594 Nicephorus
1798 2521 2023 2576 Phocas
2053 2538 2089 2576 a

443 2607 764 2680 Polyeucto
794 2610 1133 2681 patriarcha
1157 2617 1473 2668 coronatus
1501 2632 1515 2680 ς
1551 2611 1651 2683 qui
1686 2617 1746 2666 et
1783 2612 2089 2684 Theopha-

441 2713 658 2753 nonem
690 2697 804 2752 sibi
836 2699 1100 2770 legitimo
1131 2701 1513 2755 matrimonio
1545 2700 1800 2772 copulat,
1827 2706 1886 2754 et
1905 2701 2088 2772 parti-

439 2785 632 2841 culam
685 2788 864 2842 vestis
913 2789 1158 2843 Joannis
1205 2789 1478 2859 Baptistaa
1526 2789 1738 2844 Beroeaa
1787 2790 2087 2844 inventam

437 2875 663 2947 Cpolim
695 2878 1037 2948 asportavit.
1071 2877 1317 2932 Advexit
1349 2878 1490 2932 item
1536 2878 1816 2950 tegulam,
1866 2879 1927 2934 in
1971 2895 2088 2949 qua

443 2969 569 3019 erat
596 2964 790 3038 imago
813 2966 1028 3021 Christi
1049 2967 1152 3021 Dei
1175 2967 1387 3034 nostri,
1407 2983 1526 3021 non
1550 2967 1812 3022 humana
1833 2973 1958 3022 arte
1979 2983 2089 3022 nec

441 3055 542 3111 59
573 3071 757 3110 manu
787 3071 1156 3126 expressam,
1191 3055 1512 3126 Hierapoli,
1544 3055 1686 3111 dum
1707 3056 1915 3111 urbem
1947 3055 2088 3110 diri-

443 3144 554 3214 pit,
586 3149 904 3213 repertam,
939 3149 998 3197 et
1025 3143 1374 3214 capillorum
1405 3145 1646 3200 Joannis
1671 3145 1940 3215 Baptislm
1963 3145 2092 3199 cin-

446 3228 691 3284 cinnum
712 3229 1124 3294 unum,adhuc
1156 3229 1442 3301 sanguine
1475 3230 1803 3286 madidum.
1836 3232 1938 3287 Hic
1961 3248 2096 3288 cum

451 3323 758 3388 regnasset
789 3332 978 3372 annos
1010 3333 1133 3385 sex,
1173 3317 1424 3374 consilio
1473 3319 1869 3392 imperatricis
1919 3321 2098 3378 Theo-

438 3404 736 3474 phanonis
771 3421 804 3458 a
840 3405 1121 3460 Tzimisce
1155 3411 1213 3460 et
1241 3405 1566 3478 conjuratis
1617 3409 1677 3463 in
1725 3409 1946 3480 palatio
1991 3410 2092 3466 ob-

439 3499 751 3548 truncatur
765 3534 778 3548 .

512 3671 652 3725 Post
683 3669 843 3726 hunc
865 3671 1184 3743 imperium
1202 3677 1452 3744 occupat
1479 3674 1738 3730 Joannes
1756 3677 2086 3746 Tzimisces,

437 3776 694 3831 quocum
730 3761 906 3817 simul
939 3762 1316 3833 imperabant
1355 3765 1605 3822 Basilius
1655 3773 1714 3822 et
1761 3767 2092 3825 Constanti-

434 3866 545 3904 nus
579 3851 830 3906 Romani
864 3850 990 3908 filii.
1023 3853 1338 3909 Tzimisces
1358 3854 1470 3909 sibi
1503 3855 1885 3912 matrimonio
1916 3875 2091 3930 cOpu-

1714 3947 2089 4003 Constantini

434 4027 980 4098 Porphyrogenneti
1032 4029 1238 4085 filiam.
1290 4033 1338 4085 Α
1389 4030 1703 4102 Polyeucto
1754 4036 2090 4106 patriarcha

432 3937 512 3993 lat
574 3939 940 3996 Theodoram
1003 3942 1252 3997 Romani
1341 3959 1628 4012 sororem,

444 4116 845 4186 imperatoriis
889 4119 1225 4189 insignibus
1274 4119 1548 4191 donatur,
1599 4139 1734 4178 cum
1785 4125 1950 4196 prius
1997 4125 2086 4181 illi

437 4203 902 4273 obtemperasset
934 4206 1373 4278 Nicephorique
1401 4211 1728 4282 parricidas
1768 4211 1840 4267 de
1887 4214 2084 4270 medio

435 4292 796 4350 sustulisset.
821 4293 1319 4366 Theophanonem
1342 4299 1562 4370 palatio
1581 4301 1856 4372 ejecisset
1871 4304 2086 4361 solum-

433 4399 548 4454 que
581 4387 808 4439 vertere
831 4383 1133 4454 jussisset,
1166 4390 1390 4443 tomum
1424 4396 1732 4460 praterea,
1777 4408 1953 4462 quem
1981 4395 2082 4448 Ni-

2198 1803 2450 1859 ὁτούτου
2489 1802 2627 1872 υἱὸς,
2676 1804 2706 1858 6
2755 1801 3052 1877 λεγόμενος
3097 1801 3335 1873 παιδίον,
3387 1805 3446 1867 ὅς
3496 1806 3642 1878 νόσῳ
3689 1825 3848 1880 περι-

2196 1892 2375 1948 πεσὼν
2434 1891 2778 1963 ἐτελεύτησεν
2832 1891 2968 1948 ἐτῶν
3029 1893 3290 1970 ὑπάρχων
3345 1891 3428 1950 κδ’
3518 1891 3846 1969 βασιλεύσας

2196 1977 2289 2055 ἔτη
2319 1985 2368 2059 γ’
2402 1989 2577 2057 μῆνας
2608 1980 2654 2038 δ’
2683 1983 2894 2059 ἡμέρας
2925 1985 2984 2043 ε’.

2270 2161 2420 2220 Μετά
2450 2159 2509 2217 δὶ
2552 2162 2642 2217 τὸν
2683 2163 2964 2236 Ῥωμανὸν
3012 2161 3358 2240 διαδέχονται
3401 2165 3502 2235 τήν
3557 2163 3842 2242 βασιλείαν

2200 2249 2488 2315 Βασίλειος
2540 2252 2630 2308 καὶ
2693 2254 3096 2317 Κωνσταντῖνος
3153 2255 3204 2309 οἱ
3263 2251 3452 2316 παῖδες
3521 2253 3688 2312 αὐτοῦ
3747 2253 3844 2309 σὺν

2199 2346 2461 2416 Θεοφανοῖ
2508 2344 2578 2414 τῇ
2631 2341 2822 2416 μητρὶ,
2907 2341 3325 2418 βασιλεύσαντες
3399 2350 3575 2418 μῆνας
3641 2345 3680 2398 ε’
3749 2342 3846 2398 σὺν

2199 2430 2402 2507 Ἰωσήφ
2430 2435 2512 2502 τῷ
2542 2429 2744 2507 Βρίγγᾳ
2768 2429 2894 2487 τότε
2919 2429 3460 2508 παραδυναστεύοντι.

2269 2519 2416 2574 Μετὰ
2467 2515 2524 2574 δε
2578 2519 2806 2584 τούτους
2861 2521 3178 2600 Νικηφόρος
3210 2522 3240 2577 6
3297 2527 3497 2585 Φωκᾶς
3539 2521 3843 2599 βασιλεύει,

2200 2607 2444 2686 στεφθεὶς
2500 2608 2645 2682 παρὰ
2701 2606 3046 2665 Πολυεύκτου
3103 2614 3200 2666 τοῦ
3255 2611 3628 2688 πατριάρχου.
3696 2613 3842 2670 Εἶτα

2197 2696 2290 2750 καὶ
2344 2696 2444 2764 τήν
2503 2697 2758 2774 Θεοφανὼ
2811 2699 3051 2772 νόμιμον
3134 2703 3381 2776 γαμετήν
3456 2698 3662 2777 ἃγεται.
3741 2703 3844 2765 ⁸ος

2198 2787 2286 2840 καὶ
2330 2787 2492 2862 μέρος
2547 2808 2600 2842 τι
2657 2793 2754 2844 τοῦ
2811 2789 3034 2862 ἱματίου
3082 2795 3180 2846 τοῦ
3232 2792 3539 2848 Βαπτιστοῦ
3593 2793 3847 2849 Ἰωάννου

2199 2873 2488 2951 εἰσήγαγεν
2543 2876 2598 2933 ἐν
2655 2880 2726 2950 τῇ
2785 2877 2970 2949 πόλει,
3037 2881 3171 2954 ὅπερ
3239 2879 3389 2954 εὗρεν
3463 2880 3514 2936 ἐν
3591 2880 3852 2958 Βεῤῥοίᾳ.

2200 2968 2398 3040 ἼΙγαγε
2430 2961 2488 3020 δὲ
2545 2965 2634 3020 καὶ
2687 2967 2779 3022 τὸν
2838 2965 3077 3042 κέραμον
3115 2968 3206 3023 τὸν
3253 2963 3452 3044 ἔχοντα
3500 2970 3564 3024 τὸ
3623 2969 3857 3044 ἀχειρό-

2199 3074 2418 3110 τευκτον
2484 3053 2782 3127 ὲκτύπωμα
2833 3062 2934 3126 τῆς
3009 3063 3226 3135 μορφῆς
3301 3062 3400 3114 τοῦ
3456 3061 3694 3133 Χριστοῦ
3755 3061 3852 3118 καὶ

2202 3148 2336 3199 Θεοῦ
2364 3145 2550 3218 ἡμῶν,
2582 3143 2640 3200 ὅν
2669 3143 2817 3219 εὗρεν
2850 3143 2902 3200 ἓν
2950 3146 3274 3218 Ἱεραπόλει,
3317 3147 3520 3218 ταύτην
3563 3161 3851 3224 πεπορθη-

2197 3234 2328 3305 κὼς,
2369 3232 2459 3288 καὶ
2517 3237 2623 3289 τῶν
2672 3239 2884 3310 τριχῶν
2940 3239 3038 3290 τοῦ
3099 3239 3408 3292 Βαπτιστοῢ
3442 3238 3691 3294 Ἰωάννου
3755 3239 3856 3315 βό-

2199 3342 2434 3399 στρυχον
2469 3323 2562 3380 ’ὲνα
2591 3323 2971 3398 πεπιλημένον
3000 3325 3217 3400 αἵματι.
3269 3326 3468 3395 Οὗτος,
3519 3325 3850 3392 βασιλεύσας

2195 3411 2287 3482 ἔτη
2323 3413 2388 3483 ς’,
2421 3413 2700 3492 φρνεύεται
2741 3411 2796 3468 ὲν
2854 3418 2933 3486 τῷ
2985 3413 3240 3490 παλατίφ
3299 3415 3476 3492 βουλῇ
3531 3425 3633 3487 τῆς
3683 3420 3856 3493 βασι-

2197 3499 2402 3570 λίσσης
2429 3506 2738 3578 Θεοφανοῦς
2767 3501 2914 3578 παρᾶ
2939 3507 3042 3558 τοῦ
3073 3505 3345 3577 Τζιμισκῆ
3380 3505 3470 3560 καὶ
3515 3510 3623 3559 τῶν
3673 3505 3850 3562 αὐτοῦ

2195 3597 2550 3666 συνωμοτῶν.

2263 3682 2412 3738 Μετὰ
2467 3679 2526 3738 δὲ
2580 3686 2770 3739 τοῦτον
2829 3683 3104 3758 βασιλεύει
3163 3685 3416 3756 Ἰωάννης
3450 3687 3479 3742 6
3510 3690 3848 3760 Τζιμισκῆς,

2193 3766 2694 3845 συμϐασιλεύοντας
2725 3766 2870 3851 ἔχων
2901 3773 3048 3846 αὖτῷ
3077 3772 3362 3831 Βασίλειον
3411 3777 3502 3830 καὶ
3553 3782 3848 3834 Κωνσταν-

2190 3865 2337 3914 τῖνον
2367 3858 2498 3922 τοὺς
2575 3859 2729 3923 υἱοὺς
2801 3863 3112 3936 Ῥωμανοῦ.
3187 3865 3408 3936 Ἀγεται
3484 3861 3542 3920 δὶ
3606 3871 3850 3939 γυναῖκα

2192 3945 2476 4022 Θεοδώραν
2515 3951 2614 4018 τήν
2671 3946 2913 4028 ἀδελφήν
2957 3952 3260 4026 ⁸Ρωμανοῦ,
3307 3951 3574 4028 θυγατέρα
3623 3951 3682 4010 δὲ
3737 3962 3848 4013 τοῦ

2193 4040 2712 4114 Πορφυρογεννήτου
2788 4039 3208 4096 Κωνσταντίνου.
3285 4041 3544 4122 Στέφεται
3621 4041 3678 4100 δὲ
3759 4052 3851 4119 τῷ

2188 4131 2290 4188 τ’ῗς
2350 4125 2634 4202 βασιλείας
2695 4123 2997 4201 διαδήματι
3043 4130 3190 4206 παρὰ
3241 4129 3588 4187 Πολυεύκτου
3644 4154 3855 4210 πατρι-

2189 4215 2679 4290 άρχου,πρὸτερον
2725 4217 2874 4288 αὐτῷ
2921 4217 3158 4282 πεισθεὶς
3207 4219 3300 4274 καὶ
3345 4221 3472 4284 τοὺς
3519 4223 3851 4303 Νικηφόρου

2187 4302 2514 4381 αὐτόχειρας
2545 4303 2606 4360 ἐκ
2638 4305 2806 4378 μέσου
2844 4309 3106 4380 ποιήρας,
3158 4307 3249 4363 καὶ
3292 4312 3392 4378 τήν
3442 4302 3697 4385 Θεοφανὼ
3743 4318 3849 4370 τοῦ

2186 4391 2454 4449 παλατίου
2511 4389 2876 4458 καταϐιϐάσας
2920 4396 3010 4452 καὶ
3060 4396 3326 4472 ἑξορίσας,
3371 4400 3463 4454 καί
3523 4400 3616 4456 τὸν
3662 4403 3843 4476 τόμον

428 4472 722 4544 cephorus
755 4473 999 4542 Phocas,
1032 4479 1098 4529 ut
1125 4489 1222 4530 res
1253 4477 1686 4534 ecclesiasticas
1718 4485 2080 4539 transversas

2862 4453 2874 4458 -
3089 4453 3161 4472 ,,
3288 4453 3326 4468 .,
3675 4453 3838 4476 --ε-ν.

2199 4477 2482 4558 διαρρήξας
2537 4481 2596 4538 ὅν
2652 4481 2740 4538 ἐπὶ
2801 4483 3063 4559 συγχύσει
3115 4487 3226 4542 τῶν
3282 4485 3750 4560 ἐκκλησιαστικῶν
3807 4496 3839 4550 6

431 4567 652 4631 ageret,
715 4563 1175 4634 conscripserat,
1233 4563 1640 4622 dilacerasset.
1691 4569 1833 4625 Post
1902 4571 2080 4643 hujus

429 4651 786 4706 electionem
821 4668 955 4707 cum
985 4652 1227 4725 triginta
1257 4653 1523 4725 quinque
1566 4661 1796 4712 tantum
1827 4657 1954 4715 dies
1983 4677 2078 4716 su-

426 4739 784 4810 pervixisset
802 4739 1157 4812 Polyeuctus
1187 4742 1367 4798 vitam
1391 4743 1621 4814 posuit:
1646 4745 1708 4800 in
1730 4745 1922 4804 locum
1947 4751 2076 4818 ejus

428 4827 714 4880 successit
733 4826 985 4884 Basilius
1010 4829 1510 4901 Scamandrenus,
1531 4833 1630 4904 qui
1653 4835 2076 4895 nonnullorum

428 4913 747 4968 criminum
777 4931 916 4969 reus
944 4932 979 4970 a
1001 4919 1227 4988 synodo
1251 4929 1571 4979 convocata
1591 4924 1853 4995 pellitur,
1879 4933 1938 4982 et
1965 4929 2077 4984 An-

428 5001 628 5056 tonius
657 5001 890 5056 Studita
921 5003 1319 5063 substituitur.
1352 5011 1664 5068 Tzimisces
1695 5030 1830 5070 cum
1886 5015 2076 5088 impe-

427 5096 620 5147 rasset
648 5107 837 5145 annos
867 5108 966 5146 sex
999 5099 1058 5148 et
1086 5095 1212 5150 dies
1243 5099 1502 5171 triginta,
1548 5102 1745 5158 Basilii
1779 5106 2073 5162 accubito-

425 5181 510 5235 ris
569 5177 806 5234 insidiis
863 5196 1087 5236 veneno
1147 5185 1560 5258 exstinguitur,
1631 5193 2071 5250 successoribus

425 5267 646 5324 Basilio
678 5273 737 5324 et
765 5267 1151 5324 Constantino
1182 5272 1429 5330 Romani
1463 5277 1624 5334 ﬁliis.

498 5444 636 5497 Post
691 5442 1035 5499 Tzimiscem
1085 5445 1402 5516 imperium
1452 5456 1771 5510 tenuerunt
1817 5458 2067 5514 Basilius

425 5540 484 5587 et
513 5532 938 5588 Constantinus
969 5534 1530 5605 Porphyrogenneta
1559 5558 1746 5599 annos
1777 5547 2064 5618 quinqua-

422 5622 604 5696 ginta.
641 5620 890 5677 Basilius
917 5624 1106 5678 uitatis
1139 5641 1362 5682 annum
1396 5629 1760 5688 vicesimum.
1785 5637 2056 5692 Constan-

2190 4576 2386 4634 Φωκᾶς
2463 4570 2775 4650 Νικηφόρος
2851 4571 3070 4646 ἐξέθετο.
3151 4577 3296 4632 Μετᾶ
3370 4574 3426 4632 δὲ
3479 4579 3582 4648 τήν
3638 4583 3842 4638 τούτου

2187 4659 2536 4736 ἀναγόρευσιν
2571 4659 2648 4716 λε’
2681 4661 2852 4734 μόνας
2882 4662 3094 4737 ἡμέρας
3138 4665 3167 4719 6
3198 4663 3540 4730 Πολύευκτος
3587 4665 3842 4735 ἐπιϐιοὺς

2185 4746 2448 4806 κατέλυσε
2490 4751 2591 4820 τὴν
2650 4752 2821 4824 ζωὴν,
2878 4751 2970 4807 καὶ
3029 4753 3436 4828 προχειρίζεται
3503 4757 3614 4814 ἀντ’
3673 4759 3842 4817 αὐτοῦ

2186 4837 2536 4913 πατριάρχης
2591 4837 2879 4901 Βασίλειος
2957 4841 2986 4895 6
3074 4839 3514 4918 Σκαλανδρηνὸς,
3615 4846 3677 4912 ὅς
3754 4848 3840 4905 ἐπ’

2184 4926 2385 5013 αίτίαις
2433 4927 2543 4980 τισὶ
2602 4923 2923 4999 διαϐληθεὶς
2985 4928 3284 4994 συνοδικῶς
3331 4932 3630 5010 καθῃρέθη.
3693 4944 3838 5013 Προ-

2184 5009 2397 5086 εϐλήθη
2451 5013 2508 5071 δὲ
2555 5017 2670 5072 ἀντ’
2717 5017 2880 5072 αὐτοῦ
2925 5019 3213 5082 Ἀντώνιος
3247 5021 3273 5076 6
3306 5019 3630 5096 Στουδίττβ.
3681 5009 3838 5083 Ὀἰδὲ

2184 5109 2488 5194 Τζιμισκῆς
2546 5104 2872 5180 βασιλεύσας
2913 5101 3006 5177 ἔτη
3067 5109 3109 5177 ζ’
3165 5111 3251 5165 καὶ
3305 5111 3516 5188 ἡμέρας
3576 5115 3648 5186 λ’,
3697 5135 3831 5194 φαρ-

2187 5193 2346 5265 μάκῳ
2401 5194 2778 5268 κατεργασθεὶς
2828 5195 2976 5269 παρᾶ
3059 5197 3348 5254 Βασιλείου
3402 5207 3500 5257 τοῦ
3567 5193 3836 5280 παρακοι-

2187 5280 2464 5355 μωμένου,
2523 5285 2742 5354 θνήσκει
2802 5281 3096 5359 διαδόχους
3149 5287 3467 5346 καταλιπὼν
3548 5293 3840 5350 Βασίλειονί

2179 5370 2268 5425 καὶ
2305 5377 2704 5427 Κωνσταντίνον
2733 5371 2860 5435 τοὺς
2888 5371 3084 5436 παῖδας
3114 5381 3416 5449 Ῥωμανοῦ.

2251 5461 2403 5517 Μετά
2444 5459 2536 5516 οὖν
2581 5461 2673 5516 τὸν
2721 5464 3029 5535 Τζιμισκῆν
3083 5472 3333 5540 κρατεῦσι
3379 5477 3482 5540 τῆς
3543 5471 3834 5547 βασιλείας

2179 5548 2467 5613 Βασίλειος
2541 5551 2631 5607 καὶ
2735 5559 3129 5618 Κωνσταντῖνος
3201 5558 3228 5611 ὁ
3303 5563 3832 5638 Πορφυρογέννητος

2179 5632 2272 5710 ἔτη
2309 5640 2358 5715 γ’
2411 5640 2483 5695 ὦν
2518 5640 2546 5694 6
2582 5641 2675 5714 μὶν
2728 5639 3014 5706 Βασίλειος
3059 5645 3152 5700 τὸν
3193 5645 3240 5700 κ’
3285 5645 3413 5716 ἤνυε
3456 5656 3558 5721 τῆς
3599 5651 3839 5722 ἡλικίας
