4150 6292
318 328 426 391 281

1721 325 2403 389 CHRONOGRAPHIA.

3651 323 3769 385 283

332 462 556 541 χρόνον,
588 463 689 517 τὸν
763 468 833 532 ιζ’
896 459 955 516 δὲ
1014 463 1043 516 6
1099 465 1526 523 Κωνσταντῖνος.
1579 459 1673 515 Διὸ
1702 457 1885 514 καὶτὸ
1912 459 1997 527 τῆς

2128 460 2288 515 tinus
2320 460 2615 516 decimum
2648 459 2965 531 septimum
2988 456 3215 531 agebat.
3248 456 3616 528 Quapropter
3643 456 3769 510 solo

337 552 613 627 βασιλείας
674 549 871 624 ὄνομα
929 545 1098 624 ’μόνον
1149 550 1358 606 τούτων
1416 549 1661 625 ἐχόντων
1709 552 1880 603 πᾶσαν
1909 548 2008 615 τὴν

334 645 435 697 τῶν
488 660 855 717 πραγματων
912 637 1280 714 μεταχείρισιν
1341 635 1628 700 Βασίλειος
1672 638 1700 691 6
1738 655 2006 712 παρακοι-

349 732 589 805 μώμενος
651 729 916 805 ἐνήργει,
976 730 1035 790 δς
1092 729 1209 802 ἃμα
1263 728 1354 784 καὶ
1408 730 1510 799 τὴν
1555 726 1764 785 τούτων
1799 727 2007 800 μητέρα

350 823 557 894 πέμψας
618 819 730 874 ἀπὸ
792 825 899 887 τῆς
956 817 1246 892 ὑπερορίας
1321 816 1441 893 ἄγει
1500 817 1579 880 εἷς
1634 817 1702 871 τὰ
1756 815 2006 891 βασίλεια

357 908 622 967 Νικολάου
679 905 740 963 δὶ
797 911 901 962 τοῦ
954 901 1320 981 Χρυσοϐἐργη
1379 903 1469 961 hri
1528 904 1732 983 χρόνου
1801 905 1870 978 ιβ’
1915 903 2006 959 καὶ

363 1006 520 1071 μῆνας
550 998 602 1068 η’
642 997 751 1066 τὴν
800 993 1131 1064 Ἐκκλησίαν
1191 994 1468 1057 ἰθῦναντος
1496 995 1587 1049 καὶ
1619 992 1878 1055 λύσαντος
1907 995 2007 1063 τὴν

361 1089 511 1157 ζωὴν,
576 1090 984 1161 χειροτονεῖται
1087 1083 1361 1144 Σισίννιος
1467 1084 1789 1159 μάγιστρος.
1866 1082 2006 1157 ἀνὴρ

358 1182 649 1259 ἐλλόγιμος
690 1183 782 1237 καὶ
844 1181 1095 1257 ἰατρικῆς
1125 1180 1217 1237 καὶ
1246 1188 1485 1254 νομικῆς
1514 1180 1718 1260 τέχνης
1747 1180 1897 1249 ἥκων
1930 1180 2005 1242 εἰς

354 1274 413 1329 τὸ
437 1273 757 1348 ἀκρότατον.
789 1271 894 1326 Καὶ
926 1270 1084 1333 οὗτος
1129 1268 1208 1339 δὲ,
1258 1270 1344 1326 ἐπὶ
1393 1276 1540 1344 τρεῖς
1595 1270 1795 1345 μόνους
1827 1269 2004 1325 ἐνιαυ-

355 1362 475 1424 τοὺς
504 1363 605 1431 τὴν
632 1359 966 1431 Ἐκκλησίαν
1012 1361 1308 1433 ποιμανας,
1356 1358 1538 1431 ἐξέστή
1585 1365 1684 1429 τῆς
1717 1361 1883 1428 ζωῆς,
1915 1359 2005 1414 mi

357 1443 671 1524 προεϐλήθη
729 1446 986 1525 Σέργιος,
1036 1446 1337 1522 ήγοόμενρς
1407 1442 1482 1501 ὥν
1531 1452 1630 1516 τῆς
1681 1452 1854 1521 μονῆς
1908 1450 2004 1501 τοῦ

353 1535 616 1607 Μανουὴλ
669 1536 765 1592 καὶ
822 1536 887 1592 τὸ
944 1536 1103 1613 γένος
1170 1536 1453 1612 ἀναφέρων
1514 1534 1592 1598 εἰς
1652 1536 1872 1591 Φώτιον
1911 1534 2005 1590 τὸν

346 1628 724 1702 πατριάρχην,
753 1627 814 1687 ’ὸς
854 1626 945 1681 ἐπὶ
986 1626 1039 1679 κ’
1089 1624 1258 1687 ὅλους
1305 1623 1586 1687 ἐνιαυτοὺς
1616 1626 1717 1693 τήν
1746 1628 1842 1679 τοῦ
1872 1627 2005 1681 Θεοῦ

343 1716 618 1790 ποιμένας
675 1713 1012 1785 ⁹Κκκλησίαν
1068 1714 1205 1790 πρὸς
1274 1713 1476 1788 Κύριον
1536 1711 1858 1787 ἐξεδήμησε,
1913 1713 2004 1768 καὶ

342 1802 670 1882 προεϐλήθη
726 1804 1078 1882 πατριάρχης
1125 1801 1449 1872 Εὐστάθιος,
1498 1807 1716 1875 πρῶτος
1768 1801 1844 1857 ὢν
1894 1806 2003 1859 τῶν

340 1890 728 1969 πρεσϐυτέρων
751 1897 849 1948 τοῦ
883 1891 936 1947 ἐν
986 1890 1289 1967 βασιλείοις
1332 1890 1487 1949 ναοῦ.
1522 1892 1863 1949 Ἀνεκαίνισε,
1889 1889 1946 1946 δὲ
1975 1893 2004 1947 6

340 1983 605 2061 βασιλεὺς
655 1979 945 2043 Βασίλειος
999 1980 1090 2036 καὶ
1136 1980 1227 2036 τὸν
1288 1980 1506 2058 ἀγωγὸν
1562 1977 1867 2044 Οὐάλεντος
1908 1984 2005 2035 τοῦ

337 2072 641 2151 βασιλέως,
680 2074 759 2137 ὡς
797 2068 860 2127 ἄν
907 2067 1088 2147 ἔχοιεν
1137 2075 1189 2128 οἱ
1248 2072 1299 2128 ἐν
1331 2076 1410 2146 τῷ
1440 2073 1723 2141 Βυζαντίω
1754 2072 2002 2149 ἀφθονίαν

331 2164 554 2229 ίὶὂατος.
602 2164 802 2231 Οὗτος,
856 2159 1113 2237 αἰφνιδίῳ
1157 2163 1303 2236 νόσῳ
1350 2162 1605 2241 ληφθεὶς,
1634 2157 1866 2235 ἀπεϐίῳ,
1896 2161 2003 2237 πρό

322 2274 377 2311 τι
415 2277 490 2309 ων
522 2254 758 2326 ἡμερῶν
799 2257 903 2320 τῆς
954 2249 1121 2306 αὐτοῦ
1165 2249 1423 2321 τελευτῆς
1453 2250 1549 2305 καὶ
1579 2248 1878 2308 Εὖσταθίου
1906 2255 2003 2305 τοῦ

320 2341 684 2419 πατριάρχου
735 2339 1127 2408 ἀποθανόντος,
1184 2339 1248 2395 οὗ
1310 2336 1573 2414 διάδοχον
1647 2339 1676 2395 6
1746 2336 2002 2415 βασιλεὺς

313 2440 578 2513 ’Λλέξιον
646 2438 895 2512 μοναχὸν
953 2435 1252 2509 ἐποιήσατο
1311 2435 1728 2516 ἐκκλησιάρχ·ι,ν
1786 2433 1918 2494 ὅντα
1946 2437 1998 2493 ἐν

314 2533 523 2603 τῇτοῦ
554 2523 832 2583 Στουδίου
886 2529 1047 2601 μονῇ.
1098 2528 1210 2583 Τοῦ
1258 2524 1353 2582 οὖν
1405 2526 1676 2602 βασιλέως
1707 2524 1999 2584 Βασιλείου

315 2616 768 2688 τελευτήσαντος
794 2617 887 2671 καὶ
936 2615 992 2671 ἂν
1033 2620 1113 2688 τῷ
1158 2617 1296 2671 κατὰ
1343 2616 1407 2671 τὸ
1456 2610 1737 2689 Ἕϐδομον
1766 2619 1880 2687 ναῷ
1903 2619 2001 2671 τοῦ

319 2706 747 2783 Εὖαγγελιστοῦ
819 2705 913 2761 καὶ
987 2703 1260 2782 Θεολόγου
1343 2703 1624 2783 ταφέντος,
1701 2706 1730 2759 ὁ
1803 2704 2001 2761 τούτου

326 2792 575 2873 Ηόιλῴς
647 2800 1055 2857 Κωνσ-ταντῖνος
1135 2794 1299 2867 μόνος
1372 2795 1435 2850 τὸ
1507 2800 1608 2864 τῆς
1714 2791 1997 2868 βασιλείας

337 2881 643 2953 ἀνεδήσατο
694 2886 919 2960 κράτος·
981 2883 1043 2946 ὅς
1103 2886 1272 2954 ζήσας
1328 2884 1424 2957 μὶν
1479 2884 1576 2939 τὸν
1642 2884 1847 2939 ἅπαντα
1895 2890 1997 2952 τῆς

334 2976 494 3043 ζωῆς
524 2972 681 3029 αὐτοῦ
737 2974 947 3049 χρόνον
1006 2974 1048 3026 ο’
1104 2971 1222 3044 ἔτη,
1281 2971 1368 3028 ἰπὶ
1422 2978 1570 3046 τρεῖς
1603 2969 1659 3028 δὲ
1689 2972 1807 3035 ἑνὸς
1844 2969 1998 3027 ὂέονο

324 3082 434 3124 τος
508 3062 674 3135 μηνὸς
750 3061 1109 3136 αὐτοκράτωρ
1181 3062 1439 3137 γεγονὼς,
1517 3058 1775 3139 αἰφνιδίῳ
1850 3060 1997 3134 νόσῳ

2117 551 2359 607 nomine
2384 557 2556 607 erant
2577 552 2986 623 imperatores,
3019 549 3121 604 σο
3150 544 3399 603 Basilius
3430 562 3564 600 vero
3596 562 3768 602 accu-

2115 639 2272 697 bitor
2323 658 2450 697 rem
2497 658 2732 697 omnem
2785 657 2891 713 pro
2936 638 3180 695 libidine
3228 635 3614 709 gubernabat.
3662 636 3767 692 Hic

2115 747 2320 786 eorum
2351 737 2605 787 matrem
2634 730 2706 786 ab
2739 729 2943 785 exsilio
2976 730 3033 783 in
3065 727 3286 797 regiam
3317 725 3627 782 revocavit.
3666 726 3768 780 Ni-

2114 818 2316 875 colaus
2345 819 2771 891 Chrysoverges
2805 835 2912 891 per
2939 833 3126 873 annos
3157 814 3471 871 duodecim
3504 819 3560 869 et
3592 830 3766 869 men-

2114 922 2207 961 ses
2254 911 2391 966 octo.
2431 906 2609 962 rebus
2657 904 3073 962 ecclesiasticis
3126 902 3556 959 administratis
3597 900 3764 969 obiit,

2114 995 2318 1067 illique
2350 996 2612 1052 succedit
2641 995 2933 1051 Sisinnius
2977 994 3277 1066 magister,
3311 992 3397 1045 vir
3428 990 3675 1064 insignis
3707 996 3765 1045 et

2114 1084 2360 1140 medica:
2380 1084 2523 1139 artis
2545 1083 3043 1139 instructissimus
3070 1087 3127 1135 et
3147 1080 3373 1153 legibus
3395 1077 3763 1151 exponendis

2112 1174 2339 1229 nemini
2369 1173 2685 1230 secundus.
2712 1174 2815 1228 Hic
2844 1173 3010 1238 item,
3035 1187 3141 1244 per
3164 1176 3281 1225 tres
3311 1174 3540 1225 tantum
3574 1184 3761 1224 annos

2112 1271 2290 1327 rebus
2310 1272 2585 1328 Ecclesiaa
2607 1271 2989 1337 moderatis,e
3012 1284 3256 1341 corpore
3274 1266 3766 1332 excessit,substi-

2114 1368 2393 1433 tutusque
2453 1368 2543 1417 est
2573 1361 2810 1434 Sergius
2841 1358 3188 1417 monasterii
3242 1356 3529 1414 Manuelis
3559 1355 3763 1425 abbas,

2113 1451 2214 1522 qui
2245 1467 2432 1523 genus
2464 1450 2540 1506 ad
2569 1450 2845 1507 Photium
2866 1450 3264 1522 patriarcham
3297 1446 3591 1503 referebat
3616 1464 3629 1513 ;
3659 1445 3764 1517 qui

2112 1540 2187 1595 ad
2216 1539 2419 1611 viginti
2451 1555 2640 1595 annos
2691 1540 2954 1612 integros
2983 1538 3245 1595 Ecclesia
3295 1539 3398 1594 Dei
3441 1536 3770 1610 gubernata

2113 1629 2186 1686 de
2213 1630 2332 1685 vita
2357 1629 2431 1684 ad
2454 1629 2770 1685 Dominum
2796 1630 3031 1701 migrat,
3054 1628 3408 1700 eligiturque
3430 1625 3766 1698 patriarcha

2114 1719 2463 1775 Eustachius
2496 1718 2871 1774 sacerdotum
2899 1717 3127 1788 templi,
3151 1718 3309 1788 quod
3334 1717 3395 1771 in
3427 1716 3587 1789 regia
3618 1720 3763 1783 erat,

2044 1830 2091 1895 Β
2117 1810 2362 1881 primas.
2396 1808 2646 1865 Basilius
2681 1825 2813 1863 vero
2863 1807 3187 1878 imperator
3219 1807 3478 1862 Valentis
3509 1807 3764 1876 impera-

2117 1900 2261 1955 toris
2319 1898 2677 1955 conductum
2736 1897 3014 1964 restituit,
3076 1901 3141 1951 ut
3208 1895 3539 1968 Byzantinis
3595 1910 3764 1964 aqua)

2115 1987 2513 2045 abundantius
2529 1986 3203 2058 ﬂuerent.ls,repentino
3218 1984 3415 2040 morbo
3435 1989 3764 2056 correptus,

2113 2078 2295 2134 cessit
2323 2094 2353 2133 e
2384 2077 2519 2134 vita.
2552 2076 2760 2133 Paucis
2792 2093 2929 2132 vero
2979 2074 3185 2131 diebus
3216 2080 3535 2145 antequam
3568 2089 3762 2128 more-

2112 2172 2298 2236 retur,
2330 2173 2662 2227 extremum
2685 2167 2831 2222 obiit
2851 2167 3010 2223 diem
3032 2164 3368 2238 patriarcha
3396 2163 3757 2226 Eustathius,

2113 2257 2285 2329 cujus
2315 2273 2717 2313 successorem
2742 2256 3016 2313 Alexium
3044 2254 3400 2311 monachum
3424 2253 3488 2309 in
3513 2252 3757 2308 Studitm

2111 2347 2472 2419 monasterio
2503 2346 2776 2403 Ecclesia)
2799 2347 3144 2418 praefectum
3175 2344 3760 2418 designat.Emortuo

2110 2445 2312 2516 itaque
2341 2446 2700 2517 imperatore
2756 2444 2991 2511 Basilio,
3052 2451 3110 2500 et
3161 2445 3222 2501 in
3260 2442 3483 2515 templo
3511 2441 3757 2498 Joannis

2113 2534 2483 2606 evangelista:
2515 2540 2574 2589 et
2605 2534 2882 2606 theologi,
2921 2533 3082 2605 quod
3113 2534 3175 2589 in
3208 2532 3509 2589 Hebdomo
3540 2536 3649 2597 est,
3674 2548 3762 2586 se-

2110 2622 2298 2693 pulto,
2329 2622 2749 2678 Constantinus
2779 2622 2963 2678 frater
2992 2622 3329 2677 universam
3360 2619 3594 2691 imperii
3624 2634 3759 2689 pro-

2110 2710 2362 2766 vinciam
2389 2712 2450 2765 in
2481 2727 2543 2765 se
2568 2710 2822 2766 contulit
2845 2729 2860 2777 ;
2893 2711 2991 2782 qui
3016 2726 3150 2765 cum
3174 2725 3365 2765 annos
3386 2706 3760 2780 septuaginta

2112 2799 2374 2867 vixisset,
2398 2799 2723 2855 triennium
2749 2815 2953 2854 mense
2981 2799 3178 2854 minus
3202 2797 3363 2853 solus
3384 2796 3757 2868 imperasset,

2109 2888 2303 2945 subito
2358 2890 2564 2944 morbo
2620 2894 2891 2959 arreptus
2937 2887 3403 2958 desperatusque
3433 2902 3469 2940 a
3511 2883 3758 2940 medicis

2109 2978 2200 3034 sui
2219 2978 2349 3034 loco
2362 2980 2695 3034 Romanum
2710 2979 3000 3049 Argyrum
3019 2976 3436 3048 imperatorem
3454 2974 3548 3029 6|
3575 2989 3760 3029 enun-

2109 3067 2375 3134 tiat,cum
2400 3068 2698 3139 prapriam
2716 3067 2899 3122 ﬁliam
2917 3067 3089 3122 Zoem
3108 3065 3273 3137 prius
3294 3064 3356 3119 in
3377 3062 3758 3120 matrimonio

314 3148 561 3227 ληφθεὶς
628 3150 723 3205 καὶ
784 3148 934 3225 παρᾶ
985 3153 1098 3204 τῶν
1166 3149 1359 3224 ἰατρῶν
1422 3148 1813 3224 ἀπαγορευθεὶς
1882 3148 1995 3203 ἀντ’

314 3236 488 3262 __!__,~
545 3236 778 3262 o___,\1..
844 3237 1251 3262 __--._--Iv-_..-
1313 3236 1598 3262 σημημμὶ..
1648 3237 1738 3262 -ὶ..
1797 3238 1962 3262 in---”

2109 3157 2466 3229 copulasset.
2502 3158 2655 3213 Uxor
2706 3158 2925 3229 quippe
2973 3156 3222 3212 Romani
3275 3160 3487 3226 sponte
3528 3169 3760 3210 comam

308 3236 494 3293 αὐτοῦ
545 3236 780 3313 βασιλέα
840 3237 1256 3312 προχειρίζεται
1313 3236 1600 3309 Ῥωμανὸν
1647 3237 1740 3291 τὸν
1797 3238 1997 3311 Ἀργυ-

307 3325 440 3397 ρὸν,
507 3325 761 3398 mnsam;
814 3325 1081 3399 πρότερον
1153 3322 1302 3396 αὐτῷ
1366 3325 1467 3394 τήν
1528 3321 1668 3378 ἰδίαν
1730 3324 1998 3397 θυγατέρα

302 3413 499 3483 Ζωήν,
550 3414 628 3476 ὡς
676 3421 781 3483 τῆς
829 3413 1000 3468 αὐτοῦ
1050 3413 1314 3488 γυναικὸς
1366 3412 1628 3475 ἑκουσίως
1679 3413 1777 3480 τὴν
1829 3410 1998 3487 τρίχα

305 3502 652 3576 κειραμένης
724 3499 821 3557 διὰ
883 3501 951 3557 τὸ
1017 3498 1343 3557 κινδυνεύειν
1410 3502 1502 3557 τὸν
1571 3501 1742 3571 αὐτῆς
1809 3500 1841 3556 ἃ
1897 3499 1997 3576 δρα

303 3589 595 3663 Ῥωμανὸν
642 3592 980 3665 πηρωθῆναι
1031 3590 1176 3664 παρᾶ
1231 3594 1331 3646 τοῦ
1382 3589 1679 3665 βασιλέως,
1752 3589 1844 3645 καὶ
1908 3587 1997 3645 διὰ

314 3682 491 3734 τοῦτο
549 3680 646 3735 σὺν
700 3682 773 3753 τῇ
826 3674 953 3752 ὄψει
1010 3679 1101 3733 καὶ
1161 3679 1262 3748 τὴν
1329 3677 1614 3754 βασιλείαν
1665 3682 1748 3751 τῷ
1780 3677 1994 3754 συζόγῳ

328 3768 735 3841 χαρισαμένης.
784 3767 977 3830 Οὕτως
1036 3767 1181 3844 παρᾶ
1249 3773 1423 3823 πᾶσαν
1489 3766 1686 3823 ἐλπίδα
1749 3766 1842 3822 τὸν
1891 3774 1992 3837 τῆς

335 3858 643 3929 πηρώσεως
710 3854 963 3912 κίνδυνον
1039 3853 1261 3933 διαδρὰς
1315 3858 1344 3913 6
1405 3855 1660 3933 βασιλεὺς
1717 3858 1996 3929 Ῥωμανὸς

339 3951 689 4029 αὐτοκράτωρ
740 3954 857 4029 ἅμα
915 3958 1041 4029 Ζωῇ
1107 3958 1178 4029 τῇ
1242 3958 1342 4010 τοῦ
1400 3955 1806 4010 Κωνσταντίνου
1864 3956 1994 4011 ἁνα-

340 4044 616 4115 γορεύεται
673 4043 927 4120 θυγατρὶ,
1000 4041 1099 4099 οὔκ
1169 4042 1367 4120 ὀλίγας
1443 4043 1806 4121 ἀγαθουργίας
1879 4044 1994 4117 ’ἅμα

341 4133 427 4200 τῷ
472 4131 781 4206 βασιλεῦσαι
835 4135 1086 4204 ποιήσας.
1140 4132 1391 4208 Ἐξέκοψε
1440 4131 1499 4190 δὲ
1544 4136 1633 4190 καὶ
1690 4135 1754 4189 τὸ
1810 4133 1994 4204 ἀλλη-

346 4216 586 4294 λίτγυον,
638 4226 668 4278 '6
726 4225 880 4299 παρᾶ
932 4222 1214 4280 Βασιλείω
1270 4225 1513 4279 τυπωθὶν
1588 4222 1821 4297 ἐμελέτα
1894 4224 1987 4296 μὲν

355 4302 385 4355 ὃ
416 4310 801 4373 Κανοσταντῖνος
868 4309 1118 4383 ἐκκοψαι,
1177 4311 1278 4366 οὐκ
1331 4308 1527 4389 ἔφθασε
1584 4308 1660 4367 δέ.
1720 4310 1844 4367 Ἐπὶ
1890 4317 1991 4380 τῆς

357 4394 540 4453 τούτου
604 4400 887 4476 βασιλείας
956 4401 1046 4455 καὶ
1124 4402 1392 4478 Γεώργιος
1455 4404 1483 4458 6
1543 4403 1822 4472 Μανιάκης
1888 4402 1989 4471 τήν

358 4480 566 4543 Ἔδεσαν
622 4488 785 4560 ἑλὼν,
834 4488 888 4544 ἐν
930 4487 1098 4563 ταύτῃ
1159 4490 1331 4565 εὑρὼν
1392 4492 1493 4561 τήν
1553 4488 1690 4564 πρὸς
1739 4490 1986 4566 Δῦγαρον

362 4577 667 4657 πεμφθεῖσαν
722 4577 1051 4657 ἲόιόγραφον
1094 4576 1388 4649 ἐπιστολήν
1431 4582 1532 4635 τοῦ
1581 4578 1781 4653 Κυρίου
1830 4580 1992 4653 ἡμῶν

361 4655 524 4730 Ἰησοῦ
564 4671 805 4744 Χριστοῦ
872 4655 972 4739 τῷή
1005 4665 1220 4741 βασιλεῖ
1275 4669 1545 4741 Ῥωμανῷ
1599 4666 1653 4723 ἂν
1711 4668 1990 4740 Βυζαντίῳ

362 4747 662 4814 ἀπέστειλεν.
706 4756 899 4818 Οὕτως
972 4756 1114 4829 νόσῳ
1160 4755 1360 4832 χρονίᾳ
1420 4753 1685 4832 βάλλεται
1734 4757 1824 4812 καὶ
1866 4777 1987 4830 τρε·

363 4847 564 4926 Ζορβυεῖ
606 4856 761 4930 γένυν
806 4875 870 4911 τε
907 4853 1003 4908 καὶ
1046 4854 1146 4922 τήν
1214 4854 1420 4928 κόμην,
1465 4855 1867 4931 κατεργασθεὶς’
1912 4851 1986 4913 ὥς

361 4957 519 5016 φασιν,
577 4945 678 5001 ὑπὸ
727 4944 988 5003 Ἰωάννου
1039 4944 1478 5022 ὁρφανοτρόφουο
1528 4944 1665 5018 πρὸς
1728 4945 1835 5019 γὰρ
1892 4943 1986 4998 τὸν

359 5029 529 5088 τούτου
566 5033 800 5115 ἀδελφὸν
851 5032 1091 5107 Μιχαὴλ
1140 5029 1316 5108 ἔρωτα
1377 5032 1722 5109 δαιμονιώδη
1778 5034 1991 5110 σχοῦσα

355 5117 385 5185 ἡ
430 5121 627 5195 βασιλὶς
671 5126 822 5195 Ζωὴ,
880 5121 976 5177 καὶ
1030 5121 1208 5195 τούτῳ
1253 5124 1498 5201 κρῦφίως
1546 5125 1984 5201 συμμιγνυμένη,

352 5207 429 5261 τὸν
477 5212 696 5286 βασιλέα
747 5209 1070 5293 φαρμάκοις
1138 5209 1237 5266 οὐκ
1293 5211 1634 5287 ὦκυμὸροις,
1692 5212 1838 5268 ἀλλὰ
1883 5234 1985 5292 σχ-

353 5293 603 5360 λαιᾶτατον
660 5306 749 5359 καί
825 5297 1041 5377 βραδὺν
1094 5298 1358 5377 ἐπάγουσι
1428 5303 1653 5358 θάνατον
1698 5305 1989 5379 κατειργά-

352 5405 473 5446 σακοο
517 5393 595 5466 ὅς,
651 5393 789 5450 κατὰ
842 5391 952 5459 τὴν
1007 5388 1258 5465 μεγάλην
1318 5390 1578 5463 Πέμπτην
1644 5392 1777 5447 κατά
1833 5395 1894 5447 τὸ
1937 5391 1988 5448 ἐν

349 5482 408 5551 τῷ
433 5484 647 5559 μεγάλῳ
698 5478 970 5550 παλατίῳ
1026 5476 1311 5551 βαλανεῖον
1381 5478 1684 5552 λουόμενος
1739 5480 1841 5536 ὑπὸ
1878 5486 1986 5536 τῶν

349 5572 438 5645 περὶ
475 5576 561 5630 τὸν
604 5568 858 5648 Μιχαὴλ
904 5568 979 5639 τῇ
1040 5562 1411 5641 κολυμϐήθρᾳ
1451 5568 1547 5623 τοῦ
1592 5567 1828 5643 λουτροῦ
1870 5571 1989 5626 οἱκ-

344 5664 453 5733 τρώς
498 5661 807 5739 ἀπεπνίγη,
881 5651 1217 5730 βασιλεύσας
1276 5653 1367 5725 ἔτη
1434 5657 1471 5711 ε“
1530 5659 1620 5713 καὶ
1690 5664 1864 5731 μῆνας
1921 5660 1985 5722 ς’.

2111 3252 2410 3317 posuerat,
2441 3252 2507 3301 ut
2540 3247 2824 3302 caecitatis
2854 3245 3207 3318 periculum,
3239 3244 3398 3316 quod
3430 3243 3641 3300 marito
3687 3244 3760 3299 ab

2110 3336 2467 3407 imperatore
2496 3335 2868 3403 imminebat,
2908 3340 3215 3392 averteret.
3251 3335 3344 3390 Sic
3385 3334 3589 3390 lumen
3620 3350 3761 3407 ocu-

2109 3423 2304 3480 lorum
2360 3425 2798 3497 imperiumque
2829 3425 2952 3479 viro
3006 3425 3248 3496 elargita
3285 3430 3395 3480 est.
3430 3425 3548 3480 Hoc
3577 3421 3756 3479 modo

2109 3528 2325 3594 printer
2340 3538 2506 3592 spem
2523 3538 2752 3577 omnerr
2768 3527 2944 3593 atque
2962 3522 3455 3593 exspectationem
3477 3522 3759 3578 caecitatis

2108 3609 2373 3682 periculo
2405 3610 2729 3681 imperator
2775 3613 3075 3666 Romanus
3105 3615 3363 3681 ereptus,
3396 3627 3594 3665 rerum
3627 3626 3759 3665 om-

2107 3698 2272 3752 nium
2303 3696 2645 3753 moderator
2674 3714 2809 3754 cum
2854 3701 2964 3754 Zoe
2993 3697 3360 3754 Constantini
3394 3698 3515 3753 ﬁlia
3545 3697 3759 3753 saluta-

2108 3791 2225 3853 tur,
2256 3787 2319 3841 in
2350 3785 2479 3857 ipso
2510 3786 2745 3858 imperii
2795 3786 3034 3842 exordio
3085 3787 3384 3858 plerisque
3415 3786 3756 3842 hominibus

2103 3875 2390 3947 prolicuis
2445 3874 2624 3929 rebus
2679 3876 3054 3946 perpetratis.
3102 3874 3370 3930 Abolevit
3418 3881 3478 3930 et
3505 3875 3757 3930 allelen-

2102 3980 2302 4035 gyum,
2335 3962 2622 4019 tributum
2664 3964 2911 4031 scilicet,
2945 3964 3103 4036 quod
3150 3980 3478 4036 pauperum
3508 3965 3633 4019 vice
3664 3963 3756 4020 di-

2103 4054 2249 4110 vites
2270 4054 2705 4127 persolvebant.
2733 4071 2768 4110 a
2792 4054 3008 4111 Basilio
3028 4056 3403 4123 institutum;
3434 4054 3493 4111 id
3514 4054 3753 4112 abolere

2104 4144 2345 4213 quidem
2374 4144 2797 4200 Constantinus
2836 4144 2899 4200 in
2947 4145 3145 4201 animo
3176 4144 3404 4212 habuit,
3434 4145 3537 4201 sed
3564 4150 3753 4201 morte

2102 4239 2436 4303 praeventus
2464 4250 2583 4289 non
2614 4234 2826 4305 potuit.
2857 4234 2976 4291 Sub
3026 4234 3156 4306 ejus
3193 4234 3444 4307 imperio
3474 4234 3755 4308 Georgius

2100 4321 2397 4378 Maniaces
2443 4321 2662 4378 Edessa
2707 4322 2939 4394 direpta
2985 4322 3060 4379 ad
3108 4323 3403 4396 Abgarum
3444 4324 3754 4395 epistolam

2105 4410 2349 4466 Domini
2377 4411 2565 4468 nostri
2592 4413 2728 4467 Jesu
2759 4412 2975 4468 Christi
3006 4428 3191 4468 manu
3221 4418 3542 4475 exaratam,
3593 4412 3654 4466 in
3686 4427 3755 4466 ea

2104 4508 2430 4576 inventam,
2462 4510 2805 4582 imperatori
2855 4512 3121 4566 Romano
3175 4511 3514 4580 Byzantium
3560 4514 3752 4565 trans~

2104 4598 2285 4655 misit.
2318 4601 2561 4655 Interim
2597 4601 2920 4672 imperator
2972 4599 3132 4654 lento
3173 4598 3380 4653 morbo
3412 4596 3749 4667 corripitur,

2096 4686 2310 4755 capitis
2342 4691 2401 4740 et
2436 4686 2635 4741 barbas
2682 4686 2821 4757 pilis
2870 4685 3294 4753 deﬂuentibus,
3325 4702 3359 4739 a
3384 4686 3607 4740 Joanne
3639 4701 3754 4756 pu-

2096 4772 2375 4843 pillorum
2396 4779 2667 4828 curatore
2691 4773 3146 4829 circumventus.
3170 4773 3519 4846 Imperatrix
3540 4774 3753 4830 etenim

2097 4863 2206 4917 Zoe
2240 4862 2540 4917 Michaelis
2574 4862 2822 4917 Romani
2852 4862 3054 4917 fratris
3083 4879 3284 4919 amore
3312 4864 3529 4921 mirum
3564 4882 3751 4938 quan-

2099 4955 2223 5005 tum
2257 4950 2588 5018 insaniens,
2621 4950 2869 5021 ejusque
2916 4968 2976 5006 se
3026 4952 3357 5011 clanculum
3406 4954 3754 5012 libidinibus

2100 5037 2360 5102 tradens,
2392 5055 2515 5093 non
2564 5038 2769 5108 rapido
2818 5046 2877 5094 et
2923 5041 3108 5097 veloci
3159 5060 3408 5112 veneno,
3458 5044 3560 5101 sed
3591 5045 3752 5101 lento

2098 5127 2477 5200 torpentique
2508 5126 2761 5182 lmserat.
2813 5130 2866 5184 Is
2919 5146 3055 5204 ergo
3112 5149 3328 5208 magna
3363 5135 3512 5190 feria
3540 5134 3754 5199 Quinta

2098 5217 2159 5271 in
2181 5216 2394 5273 balneo
2416 5216 2573 5287 apud
2596 5232 2875 5290 magnum
2896 5220 3183 5292 palatium
3206 5241 3268 5280 se
3298 5224 3519 5291 lavans,
3538 5223 3600 5278 in
3621 5224 3748 5294 ipso

2096 5306 2245 5361 solio
2276 5304 2471 5360 balnei
2499 5322 2533 5361 a
2561 5306 2858 5364 Michaelis
2899 5311 3077 5366 sociis
3124 5311 3546 5369 miserabiliter
3575 5312 3751 5366 suﬂ‘o-

2099 5402 2286 5463 catur,
2328 5411 2463 5450 cum
2495 5394 2847 5467 imperasset
2895 5416 3083 5455 annos
3123 5402 3387 5471 quinque
3424 5405 3481 5453 et
3509 5413 3745 5453 menses

2100 5482 2531 5553 sex.Sepelitur
2560 5501 2694 5539 vero
2726 5485 2786 5540 in
2817 5504 2885 5541 eo
2913 5488 3073 5559 quod
3103 5489 3228 5559 ipse
3259 5488 3366 5543 sub
3397 5486 3748 5556 Peribleptm

2096 5571 2362 5638 nomine,
2389 5571 2500 5628 hoc
2533 5578 2624 5628 est
2644 5573 3014 5645 Spectabilis,
3042 5576 3434 5631 mdilicaverat
3456 5578 3748 5627 monaste-

2095 5662 2209 5729 rio,
2244 5660 2372 5732 ipso
2406 5678 2632 5735 magna;
2661 5663 3012 5719 Parascaves
3044 5663 3159 5717 die.
