4150 6292
405 323 526 390 283

1959 321 2252 388 JOELIS.
3693 327 3772 389 38

3779 371 3816 429 4

411 459 680 514 Θᾶπτεται
739 453 798 512 δὲ
855 455 906 512 ὲν
961 455 1102 530 αύτῇ
1153 461 1220 531 τῇ
1271 459 1398 530 παρ’
1457 455 1620 512 αὐτοῦ
1678 453 2067 533 νεουργήθείοῃ
2125 462 2226 528 τῆς
2288 451 2660 532 Περιϐλέπτου
2711 459 2853 530 μονῇ
2901 458 3018 512 κατ’
3051 455 3220 528 αὐτὴν
3245 457 3346 526 τήν
3379 455 3532 535 ἁγίαν
3570 457 3818 536 μεγάλην

413 547 782 620 Παρασκευήν.

484 639 586 696 ον
615 635 1033 701 Zoe,Michaele
1063 635 1438 709 Paphlagone
1464 635 1526 690 in
1557 634 1934 707 imperatoris
1965 652 2056 691 so.
2092 639 2142 704 Α

409 716 490 785 lio
513 725 820 794 collocato,
841 725 1116 798 sperabat
1142 742 1204 781 se
1235 725 1366 781 loco
1385 725 1581 781 mariti
1602 731 1660 780 et
1680 724 2056 798 imperatoris

411 815 777 886 mancipium
806 832 874 872 ac
903 813 1196 872 famulum
1231 811 1586 870 habituram.
1621 810 1734 869 Sed
1763 812 1912 868 votis
1943 811 2060 868 exi-

410 911 504 961 tus
533 903 782 961 minime
840 903 1297 978 responderunt.
1329 904 1511 959 Porro
1543 902 1868 975 imperator
1899 900 2055 958 malo

409 993 581 1067 genio
612 994 900 1050 obnoxius
921 1011 1056 1050 cum
1080 991 1334 1049 nimium
1361 989 1768 1054 afﬂictaretur,
1791 989 1943 1047 nihil
1964 991 2058 1046 in-

413 1087 704 1140 tentatum
733 1089 801 1139 ut
825 1083 896 1139 ab
929 1081 1039 1139 hac
1082 1100 1144 1137 se
1193 1097 1454 1138 mrumna
1482 1079 1765 1138 liberaret
1793 1078 2054 1152 reliquit.

411 1171 525 1229 Sed
547 1173 748 1230 omnia
765 1189 931 1229 cassa
949 1171 1009 1228 in
1026 1176 1161 1228 vota
1179 1175 1383 1228 vocata
1398 1175 1557 1227 sunt.
1577 1170 1854 1236 Quinimo
1874 1169 2059 1242 magis

409 1279 476 1320 ac
515 1262 702 1336 magis
753 1259 1050 1319 cruciatus
1107 1257 1474 1333 augebantur
1528 1273 1697 1330 aquas
1745 1258 2059 1315 intercutis

409 1352 770 1410 accessione.
793 1353 997 1423 Itaque
1023 1349 1306 1406 continuo
1329 1347 1537 1405 morbo
1559 1348 1884 1417 confectus,
1916 1365 2058 1420 pro-

407 1441 655 1516 priaque
686 1439 875 1496 salute
911 1437 1242 1510 desperata,
1274 1453 1309 1493 a
1337 1436 1629 1494 monacho
1659 1437 1870 1494 Cosme.
1891 1435 2056 1492 Tzin-

406 1528 660 1598 tzilucio,
693 1531 794 1601 qui
822 1521 912 1584 illi
943 1543 1180 1602 semper
1207 1527 1412 1584 aderat
1446 1527 1789 1601 agendaque
1817 1527 2060 1584 deman-

413 1619 610 1691 dabat,
630 1619 1006 1686 detondetur,
1027 1619 1443 1692 pmnitensque
1469 1621 1678 1674 exacta
1699 1617 2056 1674 delictorum

413 1709 786 1767 confessione
815 1707 1163 1780 facinusque
1186 1707 1246 1763 in
1272 1710 1602 1764 Romanum
1632 1708 2056 1779 imperatorem

413 1797 729 1870 deplorans
762 1798 1077 1870 occumbit,
1110 1813 1244 1853 cum
1275 1801 1583 1869 regnasset
1609 1811 1799 1852 annos
1829 1801 2056 1868 septem

409 1893 468 1944 et
495 1903 733 1944 menses
763 1891 914 1943 octo.

481 1973 762 2033 Michaele
793 1976 1166 2050 Paphlagone
1189 1975 1494 2042 defuncto,
1513 1976 1792 2032 universa
1821 1973 2056 2047 imperii

411 2081 556 2122 cura
575 2063 636 2120 in
659 2063 1100 2137 imperatricem
1122 2065 1297 2121 Zoem
1321 2069 1602 2136 tanquam
1635 2063 1934 2119 haeredem
1961 2062 2060 2118 de-

409 2155 608 2212 voluta
645 2160 754 2210 est.
801 2155 936 2211 Hinc
979 2154 1356 2228 imperatoris
1414 2171 1488 2211 ex
1543 2154 1724 2211 fratre
1777 2157 2056 2226 nepotem

409 2242 614 2317 illique
635 2245 1048 2319 cognominem
1069 2243 1360 2301 Caesarem
1382 2249 1666 2312 creatum,
1691 2243 1974 2299 audacem
1998 2248 2057 2298 et

406 2332 790 2390 temerarium
841 2332 1139 2406 rebusque
1191 2333 1468 2406 gerendis
1523 2337 2052 2406 peropportunum,

405 2422 572 2496 prius
601 2421 1070 2480 horrendissimo
1085 2422 1478 2495 jurejurando
1500 2422 1836 2478 devinctum
1866 2437 1930 2477 sc
1949 2436 2055 2493 per

403 2533 646 2574 omnem
673 2515 806 2572 vita;
835 2521 1069 2587 tempus
1101 2517 1271 2586 quasi
1318 2515 1622 2572 dominam
1651 2531 1719 2572 ac
1749 2513 1955 2570 heram
1993 2517 2054 2569 et

403 2609 656 2660 matrem
685 2607 1208 2678 pertractaturum,
1244 2605 1304 2659 in
1347 2604 1544 2659 locum
1575 2601 1684 2658 ﬁlii
1713 2601 1963 2658 assumit
1992 2606 2052 2656 et

401 2694 825 2766 imperatorem
855 2693 1094 2750 salutat.
1121 2695 1336 2749 Verum
1359 2693 1407 2748 is
1431 2693 1619 2765 pactis
1647 2707 1782 2747 cum
1808 2693 1917 2746 Zoe
1942 2689 2051 2745 ini-

404 2783 484 2839 tis
531 2781 763 2840 violatis
792 2781 1084 2838 universas
1115 2781 1514 2838 multitudinis
1545 2781 1744 2836 odium
1778 2779 2046 2846 incurrit,

407 2877 464 2930 et
489 2873 694 2946 populi
725 2873 1196 2929 incontinentem
1224 2873 1510 2944 impetum
1535 2871 1751 2927 timens
1772 2870 1835 2926 in
1860 2869 2048 2924 Studii

404 2963 819 3020 monasterium
843 2962 1124 3035 confugit,
1145 2962 1462 3032 statimque
1481 2961 1757 3016 monachi
1782 2959 2049 3014 habitum

404 3050 618 3107 induit.
651 3049 764 3106 Sed
810 3067 886 3106 ne
926 3051 1009 3104 sic
1057 3049 1300 3120 quidem
1349 3050 1497 3104 iram
1547 3047 1814 3104 evitavit:
1848 3047 2048 3102 multi-

401 3137 544 3194 tudo
576 3145 835 3208 namque
875 3137 1082 3208 populi
1131 3141 1428 3192 commota
1455 3151 1591 3191 eum
1622 3151 1656 3190 a
1687 3134 2047 3189 monasterio

401 3225 711 3298 abreptum
742 3225 803 3279 in
835 3224 1032 3280 locum
1061 3224 1162 3296 qui
1193 3223 1412 3279 dicitur
1437 3223 1633 3296 Sigma
1663 3223 2050 3292 transferunt,

405 3310 718 3382 subitoque
748 3309 850 3368 08
871 3317 1190 3381 excaecant,
1225 3311 1327 3366 llle
1363 3325 1566 3367 cassus
1593 3310 1920 3366 luminibus
1950 3327 2048 3366 so-

404 3496 720 3565 postquam
751 3495 1059 3563 regnasset
1097 3505 1332 3546 menses
1363 3495 1616 3562 quatuor
1645 3495 1706 3546 et
1731 3489 1858 3546 dies
1887 3491 2054 3562 quin-

409 3597 545 3654 que.

475 3674 680 3744 Itaque
709 3685 916 3726 rursus
975 3669 1295 3742 imperium
1353 3670 1430 3726 ad
1483 3672 1657 3726 Zoem
1709 3669 2053 3740 devolvitur,

403 3761 711 3818 Theodore
741 3773 944 3818 sorore
975 3773 1096 3817 una
1137 3771 1273 3816 cum
1331 3774 1402 3815 ea
1456 3760 1774 3832 imperium
1806 3759 2058 3817 admini-

409 3856 652 3908 strante.
683 3851 845 3907 Tunc
888 3849 962 3906 ab
1019 3849 1224 3906 exsilio
1283 3850 1607 3906 accersitur
1633 3849 2058 3906 Constantinus

411 3942 852 4010 Monomachus,
890 3941 986 3996 cui
1035 3941 1226 4006 nubit,
1258 3941 1630 3996 cmremoniis
1660 3941 1772 3996 rite
1804 3941 2058 4012 peractis

412 4049 447 4088 a
474 4033 728 4104 primate
759 4031 931 4086 Novae
984 4030 1307 4086 sacerdote.
1355 4028 1576 4101 Dieque
1607 4029 1993 4102 subsequenti
2025 4047 2060 4084 a

412 4120 751 4192 patriarcha
776 4119 978 4173 Alexio
1011 4125 1347 4185 coronatur,
1380 4120 1481 4190 qui
1513 4119 1620 4174 sub
1651 4119 1780 4191 ejus
1805 4119 2054 4190 imperio

409 4209 591 4264 vitam
621 4207 774 4274 finit,
797 4212 857 4261 et
872 4207 936 4260 in
959 4207 1236 4262 thronum
1257 4207 1385 4279 ejus
1405 4206 1784 4264 substituitur
1811 4209 2058 4266 Michael

415 4295 770 4364 Cerularius,
825 4294 920 4350 die
976 4295 1426 4351 Annuntiationi
1483 4311 1673 4366 sacro,
1715 4297 2058 4368 Imperator,

411 4389 696 4446 consueto
727 4383 934 4441 morbo
965 4383 1236 4456 podagras
1268 4392 1592 4458 correptus,
1623 4387 1758 4442 novi
1806 4392 2062 4459 sympto-

411 4477 588 4534 matis
618 4474 960 4532 accessione
1008 4474 1068 4528 in
1117 4474 1538 4544 Manganorum
1577 4477 1958 4543 monasterio,
1987 4477 2058 4532 ab

412 4569 542 4640 ipso
583 4565 654 4622 de
683 4566 910 4638 integro
943 4567 1260 4631 exstructo,
1295 4562 1565 4626 moritur,
1607 4563 1948 4636 ibidemque
1975 4582 2061 4622 se-

409 4658 648 4730 pelitur,
681 4671 816 4712 cum
848 4658 1154 4728 regnasset
1203 4667 1392 4708 annos
1437 4651 1741 4724 tredecim,
1775 4655 1886 4709 Zoe
1916 4655 2054 4711 item

404 4745 750 4818 jundudum
781 4749 1032 4801 mortua.

485 5013 565 5066 Eo
597 5010 918 5066 decedente
947 5010 1254 5066 Theodore
1280 5011 1846 5084 Porphyrogenneta
1872 5017 2061 5082 pater-

413 5116 562 5156 num
592 5097 901 5170 imperium
929 5105 1260 5169 recuperat,
1291 5104 1350 5154 et
1378 5111 1514 5156 cum
1539 5105 1844 5174 regnasset
1869 5115 2059 5157 annos

415 5189 568 5246 duos
599 5199 834 5243 menses
883 5201 1004 5248 sex.
1063 5187 1260 5242 tenuis
1315 5187 1581 5245 intestini
1612 5189 1818 5246 morbo
1847 5189 2060 5246 exstin-

587 5294 633 5332 ι’.

587 5294 633 5332 r.

415 5283 634 5435 gugj‘iis
662 5370 860 5419 autem
894 5360 1150 5417 eunuchi
1174 5365 1232 5416 et
1253 5362 1364 5418 Leo
1379 5363 1689 5432 syncellus,
1711 5365 1840 5435 ipsa
1868 5363 2061 5422 adhuc

421 5453 598 5508 etiam
641 5452 902 5510 animam
935 5454 1164 5524 agente,
1215 5450 1276 5505 in
1307 5449 1688 5521 imperatoria
1719 5453 1857 5510 sede
1885 5454 2064 5511 collo-

419 5549 558 5597 cant
589 5541 928 5599 Michaelem
970 5539 1284 5612 patricium
1335 5538 1759 5599 Stratioticum.
1793 5543 1895 5598 Hic
1925 5560 2058 5600 cum

2241 635 2303 690 Ἦ
2345 636 2470 704 Ζωὴ
2533 633 2612 706 δὲ,
2657 635 2751 690 τὸν
2799 635 3132 715 Παφλαγόνα
3170 635 3402 710 Μιχαὴλ
3463 633 3552 691 ἰπὶ
3602 636 3694 692 τὸν
3729 637 3820 712 βα-

2165 721 2368 778 σίλειον
2427 721 2692 800 ἱδρύσασα
2760 721 2970 801 θρόνον,
3039 723 3197 796 ᾠήθη
3277 723 3372 797 μὶν
3435 723 3553 779 ἀντὶ
3623 722 3818 800 ἀνδρὸς

2161 812 2253 867 καὶ
2288 810 2557 876 Βασιλέως
2617 809 2814 868 δοῦλον
2867 814 2959 867 καὶ
3016 809 3263 868 διάκονον
3313 809 3470 886 ἰξεινο
3521 808 3700 888 ἁπέϐῃ
3759 809 3820 868 δὶ

2160 901 2330 970 ταύτῃ
2399 900 2569 958 πάντα
2627 901 2702 964 εἰς
2757 900 3088 958 τοὺναντίον.
3158 901 3220 960 Ὁ
3277 899 3336 957 δί
3385 901 3668 977 βασιλεὺς,
3700 899 3822 958 δαί-

2169 999 2292 1064 μονι
2347 988 2576 1068 ληφθεὶς
2632 991 2722 1046 καὶ
2783 991 2887 1046 ὑπὸ
2945 989 3140 1048 τούτου
3207 988 3686 1066 κατατεινόμένος,
3726 992 3817 1047 καὶ

2163 1079 2332 1136 πάντα
2387 1085 2561 1136 ποιῶν
2616 1077 2756 1136 ὥστε
2811 1078 3120 1155 ἐλευθερία-ι
3173 1081 3372 1136 τούτου
3431 1079 3629 1156 εὑρεῖν,
3661 1077 3817 1136 οὐδὲν

2165 1166 2388 1240 ὣνησεν·
2463 1168 2676 1244 μᾶλλον
2735 1170 2841 1245 γὰρ
2897 1168 3198 1226 ἰπετείνετο
3253 1171 3317 1226 τὸ
3372 1169 3541 1226 κακὸν
3595 1189 3819 1226 συνεπι-

2167 1253 2596 1332 λαμϐανομὲνης
2663 1257 2755 1314 καὶ
2815 1259 2974 1314 νόσου
3041 1255 3314 1334 ὗδερικῆς.
3382 1261 3466 1334 Τῇ
3529 1258 3621 1316 οὖν
3685 1277 3822 1315 κατ-

2166 1347 2370 1428 εχούσῃ
2420 1347 2566 1422 νόσῳ
2623 1345 2990 1428 ἐκτρυχωθεὶς
3045 1345 3139 1403 καὶ
3193 1348 3456 1414 πάντοθεν
3481 1353 3580 1419 τῆς
3611 1347 3819 1412 οἰκείας

2163 1435 2434 1514 ἀπογνοὺς
2495 1437 2791 1514 σωτηρίας,
2843 1436 3187 1512 ἀποκείρεται
3235 1437 3384 1513 παρὰ
3427 1441 3526 1495 τοῦ
3571 1442 3824 1513 μοναχοῦ

2163 1532 2368 1601 Κοσμᾶ
2437 1531 2536 1584 τοῦ
2591 1527 3056 1600 Τζιντζιλουκίου,
3105 1527 3165 1583 ὃς
3244 1525 3334 1584 διὰ
3387 1528 3588 1590 παντὸς
3653 1534 3822 1598 συνῆν

2164 1616 2312 1690 αὖτῷ
2347 1619 2439 1672 καὶ
2497 1615 2760 1682 ἐνουθέτει
2815 1613 2884 1672 τὰ
2937 1613 3154 1688 δέοντα,
3212 1615 3304 1672 καὶ
3360 1617 3581 1687 θνήσκει
3635 1613 3687 1672 ἐν
3731 1636 3828 1691 με-

2161 1706 2351 1778 τανοίᾳ
2424 1703 2516 1762 καὶ
2589 1702 3012 1782 ἐξομολογήσει,
3084 1705 3188 1774 τὴν
3263 1703 3343 1768 εἷς
3413 1705 3508 1761 τὸν
3584 1703 3826 1780 βασιλέα

2161 1793 2442 1870 Ῥωμανὸν
2493 1793 2763 1871 ἁμαρτίαν
2819 1793 3284 1868 ἀποκλαιόμενος,
3337 1792 3672 1870 βασιλεύσας
3725 1792 3822 1866 ἔτη

2168 1892 2209 1958 ζ’
2236 1887 2326 1942 καὶ
2363 1889 2536 1960 μῆνας
2567 1884 2640 1956 η’.

2233 1975 2345 2031 Τοῦ
2416 1971 2472 2030 δὲ
2533 1972 2890 2054 Παφλαγόνος
2966 1974 3200 2050 Μιχαὴλ
3277 1972 3529 2040 θανόντος
3593 1975 3657 2031 τὸ
3714 1980 3822 2031 πᾶν

2163 2061 2360 2136 κράτος
2393 2061 2649 2137 περιίστὴ
2691 2061 2768 2124 είς
2809 2059 3164 2138 κληρονόμον
3208 2061 3310 2134 τὴν
3351 2059 3612 2138 βασιλίδα
3639 2063 3826 2134 Ζωήν,

2160 2149 2196 2221 ἢ
2219 2150 2314 2206 τὸν
2344 2153 2442 2206 τοῦ
2477 2149 2751 2226 βασιλίως
2800 2150 3018 2228 ἀνεψιὸν
3076 2149 3167 2209 καὶ
3225 2153 3542 2227 ὁμώνυμον,
3574 2153 3826 2230 Καίσαρα

2159 2233 2290 2294 ὅντα
2338 2239 2430 2294 καὶ
2479 2236 2812 2314 δραστήριον
2842 2238 3109 2298 δοκοῦντα
3147 2243 3236 2298 καὶ
3265 2240 3390 2316 περὶ
3420 2242 3488 2298 τὰ
3519 2243 3826 2319 πράγματα

2159 2325 2353 2400 δεξιὸν,
2425 2328 2612 2406 ὅρκοις
2701 2331 2966 2406 πρότερον
3047 2329 3510 2411 φρικωδεστάτοις
3570 2331 3822 2389 καταλα-

2158 2413 2329 2475 ϐοῦσα
2358 2419 2436 2485 ὡς
2461 2419 2652 2495 κυρίαν
2709 2418 2876 2491 αὐτὴν
2929 2421 3038 2496 ἕξει
3095 2419 3187 2478 διὰ
3225 2423 3356 2499 βίου
3402 2422 3494 2478 καὶ
3526 2420 3820 2499 δέσποιναν

2155 2509 2250 2566 καὶ
2329 2509 2558 2586 μητέρα,
2635 2511 2949 2582 εἰσποιητὸν
3043 2498 3460 2590 προσλαμϐάνει
3535 2513 3652 2569 υἱὸν
3727 2498 3822 2568 ιιιιὶ

2159 2597 2393 2675 βασιλία
2447 2599 2738 2674 Ῥωμαίων
2789 2599 3131 2678 ἀναγορεύει·
3186 2603 3246 2664 ὃς
3301 2601 3398 2665 τὰς
3455 2603 3594 2678 πρὸς
3644 2603 3819 2673 αὐτὴν

2154 2688 2418 2760 ἀθετήσας
2472 2691 2769 2761 συνθήκας,
2821 2689 2916 2746 καὶ
2982 2687 3072 2746 διὰ
3128 2696 3294 2748 τοῦτο
3353 2692 3604 2765 μισηθεὶς
3661 2693 3816 2768 παρὰ

2153 2777 2350 2841 παντὸς
2378 2782 2478 2834 τοῦ
2527 2777 2774 2850 πλήθους
2820 2786 2922 2850 τῆς
2969 2777 3210 2850 πόλεως,
3243 2781 3334 2836 καὶ
3363 2782 3463 2850 τήν
3493 2785 3595 2838 τοῦ
3627 2777 3816 2854 δήμου

2152 2865 2528 2942 ἀκατάσχετον
2583 2863 2860 2928 δειλιάσας
2934 2867 3172 2941 κίνησιν,
3249 2868 3420 2947 φυγὰς
3495 2869 3678 2945 ᾢχετο
3727 2867 3812 2932 εἰς

2153 2957 2252 3024 τήν
2306 2959 2404 3011 τοῦ
2463 2951 2729 3012 Στουδιου
2784 2957 2982 3030 μονὴν,
3039 2957 3130 3013 καὶ
3182 2956 3338 3022 εὐθὺς
3393 2957 3456 3013 τὸ
3509 2959 3816 3033 μοναχικὸν

2151 3040 2548 3120 περιϐάλλεται
2607 3052 2824 3121 σχῆμα.
2893 3045 3048 3105 Ἀλλ’
3127 3046 3231 3103 οὐκ
3310 3043 3536 3122 ἀπίδραο
3593 3047 3659 3104 τὸ
3707 3047 3816 3122 γὰρ

2152 3135 2366 3202 πλῆθος
2417 3138 2516 3190 τοῦ
2573 3133 2732 3206 λαοῦ,
2792 3137 3006 3206 κινηθὲν
3063 3134 3154 3192 καὶ
3208 3140 3402 3192 τοῦτον
3467 3143 3569 3206 τῆς
3632 3142 3810 3209 μονῆς

2153 3221 2494 3299 ἀφαρπάσαν,
2549 3223 2744 3300 ἄγουσι
2785 3224 2924 3280 κατᾶ
2976 3226 3067 3280 τὸν
3124 3225 3293 3280 τόπον
3348 3225 3442 3281 τὸν
3503 3223 3812 3300 λεγόμενον

2105 3359 2122 3378 ,
2156 3311 2356 3386 Σίγμα,
2404 3311 2496 3368 καὶ
2541 3312 2696 3376 εὐθὺς
2745 3310 3092 3392 ἐκτυφλοῦσι.
3141 3311 3462 3395 Τυιρλωθεὶς
3499 3314 3594 3370 οὖν
3639 3313 3822 3389 ἰξορί-

403 3403 530 3459 lum
557 3407 784 3456 vertere
815 3401 1046 3473 cogitur
1091 3401 1153 3456 in
1196 3401 1624 3458 monasterium
1654 3399 2046 3472 Elegmorum,
2081 3399 2125 3420 υ

2160 3405 2304 3471 ζεται
2361 3403 2440 3465 εἷς
2497 3403 2596 3473 τήν
2657 3404 2830 3477 μονὴν
2915 3408 3024 3459 τῶν
3107 3401 3423 3481 Ἐλεγμῶν,
3486 3401 3824 3480 βασιλεύσας

2161 3497 2335 3565 μῆνας
2370 3489 2411 3547 8‘
2437 3493 2526 3548 καὶ
2558 3491 2770 3568 ἡμέρας
2801 3493 2858 3554 ε’.

2228 3675 2338 3741 Τῆς
2388 3673 2480 3727 οὖν
2521 3669 2703 3747 ἂρχῆς
2766 3671 2931 3728 πάλιν
2988 3672 3066 3738 εἷς
3119 3674 3220 3744 τὴν
3285 3673 3439 3742 Ζωήν
3507 3671 3778 3747 μετακυλι

2158 3760 2378 3831 σθὲίσης
2414 3756 2923 3834 συμϐασιλεύουσαν
2983 3755 3214 3836 ἔχουσαν
3269 3762 3360 3818 καὶ
3416 3762 3518 3830 τὴν
3565 3757 3826 3839 ἀδελφὴν

2159 3845 2465 3924 Θεοδώραν,
2541 3849 2963 3922 μεταστέλλεται
3039 3850 3146 3906 ἀπὸ
3220 3858 3320 3920 τῆς
3396 3849 3606 3927 ἐξορίας
3661 3851 3836 3908 Κων-

2161 3943 2438 4002 σταντῖνος
2475 3938 2504 3993 ὁ
2537 3938 2896 4014 Μονομάχος,
2955 3941 3001 4012 ᾧ
3053 3939 3144 3995 καὶ
3203 3939 3526 3997 συνάπτεται
3587 3939 3666 4002 εἷς
3697 3961 3838 3996 κοι-

2160 4025 2350 4082 νωνίαν
2379 4027 2562 4102 γάμου
2621 4029 2657 4097 ἡ
2717 4027 2962 4102 βασιλὶς,
3017 4035 3120 4099 τῆς
3179 4028 3490 4106 ἱερολογίας
3519 4024 3836 4106 γενομένης

2163 4115 2310 4192 παρᾶ
2381 4119 2479 4172 τοῦ
2552 4117 2778 4192 πρώτου
2849 4120 2956 4174 τῶν
3029 4114 3410 4193 πρεσϐυτερων
3477 4124 3577 4189 τῆς
3651 4119 3836 4182 Νέας.

2165 4205 2427 4279 Στὲφεται
2502 4203 2560 4261 δὲ
2631 4209 2701 4280 τῇ
2779 4204 3036 4282 ἐπαύριον
3111 4207 3258 4284 παρὰ
3301 4212 3400 4266 τοῦ
3473 4211 3838 4287 πατριάρχου

2160 4293 2432 4366 Ἀλεξίου,
2509 4293 2567 4358 ες
2641 4293 2731 4351 ἰπὶ
2803 4303 2906 4365 τῆς
2974 4296 3176 4353 τούτου
3255 4296 3535 4373 βασιλείας
3578 4302 3837 4370 θνήσκειο

2160 4382 2438 4456 Ἀνάγιται
2489 4381 2548 4438 ὃὶ
2597 4384 2675 4448 εἰς
2724 4385 2818 4441 τὸν
2865 4385 3054 4458 θρόνον
3102 4385 3341 4462 Μιχαὴλ
3371 4387 3400 4442 ὁ
3432 4386 3840 4462 Κηρουλάριος

2164 4473 2296 4527 κατὰ
2325 4475 2422 4542 τὴν
2450 4473 2662 4545 ἡμέραν
2709 4477 2805 4528 τοῦ
2857 4472 3296 4550 Εὖαγγελίσμοῦ.
3340 4476 3406 4532 '0
3454 4475 3512 4532 δὲ
3543 4475 3838 4552 βασιλεὺς,

2163 4566 2231 4633 τῇ
2287 4563 2506 4632 συνήθει
2561 4561 2708 4635 νόσῳ
2763 4568 2866 4632 τῆς
2923 4560 3236 4638 ποδαλγίας
3285 4564 3626 4642 κατάσχετος
3661 4587 3844 4644 γεγο-

2165 4649 2294 4720 νὼς,
2369 4651 2917 4724 ἐπακολουθήσαντος
2991 4655 3084 4710 καὶ
3139 4654 3324 4729 ἑτέρου
3389 4655 3840 4732 συμπτώματος,

2167 4739 2220 4796 ἐν
2249 4745 2318 4816 τῇ
2349 4743 2476 4816 παρ’
2515 4741 2682 4798 αὐτοῦ
2739 4743 3128 4819 νεουργηθείσῃ
3192 4748 3336 4818 μονῇ
3385 4749 3493 4800 τῶν
3523 4747 3842 4823 Μαγγᾶνων

2165 4829 2417 4904 κείμενος
2448 4831 2688 4902 θνήσκει,
2747 4831 2838 4887 καὶ
2896 4832 2950 4888 ἐν
3008 4832 3148 4906 αὐτῇ
3206 4833 3462 4891 θάπτεται
3496 4834 3845 4910 βασιλεύσας

2167 4914 2262 4990 ἔτη
2299 4921 2388 4995 ιγ’,
2419 4918 2510 4976 καὶ
2536 4927 2638 4991 τῆς
2668 4926 2824 4990 Ζωῆς
2865 4917 2976 4992 ἢδη
3009 4921 3544 4997 προτελευτησάσης.

2237 5008 2450 5066 Τόύτου
2495 5005 2552 5064 δὲ
2593 5007 3042 5082 τελευτήσαντος,
3094 5006 3352 5085 Θεοδώρα
3380 5012 3416 5081 ἡ
3448 5013 3854 5092 Πορφυρογέν-

2167 5117 2332 5166 νητος
2359 5097 2460 5166 τήν
2491 5099 2828 5173 προγονικὴν
2885 5095 3164 5174 βασιλείαν
3223 5095 3574 5174 ἆναδὲχεται,
3603 5103 3696 5157 καὶ
3729 5101 3847 5178 ξ’τη

2173 5185 2218 5262 β’
2275 5186 2364 5241 καὶ
2420 5193 2595 5259 μῆνας
2625 5187 2668 5257 ζ’
2701 5185 3088 5263 βασιλεύσασα,
3138 5184 3319 5244 είλεοῦ
3345 5189 3622 5262 νοσήματι
3665 5211 3853 5268 περι-

2167 5279 2405 5332 πεσοῦσα
2433 5277 2669 5346 θνήσκει.

2241 5366 2304 5419 Oi
2335 5361 2392 5420 δὶ
2415 5363 2622 5434 ταύτης
2679 5365 2936 5444 εὐνοῦχοι
2994 5363 3087 5422 σὺν
3142 5365 3222 5438 τῷ
3280 5364 3572 5440 ωγκέλιιῳ
3609 5369 3854 5446 Λέοντι,

2169 5449 2248 5509 ἔτι
2294 5453 2495 5522 ταύτης
2549 5451 3034 5532 ψυχορῥαγούοης,
3090 5453 3380 5529 ἂνάγουσιν
3434 5455 3512 5518 εἷς
3539 5457 3634 5512 τὸν
3667 5460 3858 5533 βασί-

2174 5541 2323 5598 λειον
2363 5541 2552 5618 θρόνον
2611 5541 2848 5618 Μιχαὴλ
2907 5541 3194 5620 πατρίκιον
3243 5543 3334 5598 τὸν
3391 5549 3857 5628 Στρατιιυτικὸν,
