4150 6292
300 316 402 378 285

1702 310 2404 377 OHHONOGHAPHIA.

310 446 367 514 ’ὁς
421 446 548 511 ἔτος
610 445 1019 525 α’βασιλεόσας
1068 448 1159 503 καὶ
1218 446 1363 503 ἄκων
1407 453 1508 520 τῆς
1557 445 1831 526 βασιλείας
1886 452 1968 522 τῷ

2094 455 2383 524 regnasset
2415 462 2639 508 annum
2667 464 2877 522 unum,
2906 452 3068 524 {licet
3126 450 3364 519 invitus,
3425 453 3725 508 Comneno

314 545 586 617 Κομνηνῷ
620 539 995 611 ὑπεξίσταται.

374 632 433 691 Ὀ
489 628 585 686 οὗν
654 628 945 705 Κομνηνὸς
1004 630 1269 691 Ἰσαάκιος
1326 629 1427 699 τὴν
1487 628 1764 706 βασιλείαν
1840 628 1970 683 ἂνα-

329 720 629 796 ζωσίιμενος
686 718 885 776 αὐτίκα
924 720 1003 791 τῷ
1060 717 1335 795 βασιλικῷ
1391 720 1687 793 νομίσματι
1744 715 1971 799 ξιφηφό-

331 833 408 888 ρος
438 807 889 887 διαχαράττεται,
920 808 1010 863 οἷα
1044 808 1119 881 μὴ
1162 810 1244 881 τῷ
1300 812 1417 880 Θεῷ
1467 808 1531 863 τὸ
1586 814 1691 863 πᾶν
1749 806 1972 882 ἐπιγρά-

331 921 450 978 φων,
510 896 661 954 ἄλλᾶ
714 894 931 972 τῇίδίᾳ
978 895 1133 971 ἰσχύϊ
1184 895 1276 951 καὶ
1330 898 1401 970 τῇ
1485 897 1610 973 περὶ
1688 894 1971 969 πολέμους

329 984 588 1065 ἐμπειρίᾳ.
620 988 837 1065 ’Ἠγαγε
858 984 917 1042 δὶ
956 985 1049 1041 καὶ
1108 987 1209 1057 τὴν
1264 985 1458 1042 ἑαυτοῦ
1516 990 1744 1063 γυναῖκα
1797 984 1967 1043 Αἲκα‹

328 1076 517 1153 τερῖναν
557 1074 619 1132 ἐκ
649 1082 751 1146 τῆς
798 1073 1127 1145 ’Δνατολῆς,
1185 1073 1277 1131 καὶ
1332 1076 1535 1147 ταύτην
1590 1076 1967 1154 ἀνηγόρευσεν.

332 1168 467 1226 Ἐπεί
499 1163 557 1222 δὲ
576 1164 669 1221 καὶ
730 1166 760 1220 ὁ
814 1165 1164 1241 πατριάρχης
1213 1162 1450 1243 Μιχαὴλ
1510 1166 1538 1220 ὁ
1590 1164 1968 1241 Κηρουλάριος

331 1250 553 1327 ἂπεϐίω,
606 1252 1023 1334 προχειρίζεται
1090 1253 1204 1309 ἀντ’
1259 1252 1424 1310 αὐτοῦ
1505 1254 1856 1331 πατριάρχης
1938 1254 1967 1309 ὁ

327 1342 622 1416 Λεικοΰδης
677 1343 1099 1405 Κωνσταντῖνος.
1159 1344 1220 1401 ’O
1272 1340 1330 1398 ὂὶ
1387 1342 1667 1415 βασιλεὺς,
1709 1342 1786 1405 είς
1839 1362 1969 1399 κυν-

330 1437 480 1511 ἡγιον
513 1432 741 1505 ἐξελθὼν
781 1431 873 1487 καὶ
904 1420 1061 1508 φωτῖ
1100 1428 1510 1507 ἄστραπηϐόλιρ
1567 1431 1812 1510 βληθεὶς.
1869 1437 1968 1489 τοῦ

318 1523 489 1579 ἵππον
564 1543 624 1579 τε
687 1521 1089 1598 ἆπεσφαιρίσθη
1146 1520 1239 1577 καὶ
1295 1522 1431 1596 πρὸς
1476 1524 1546 1596 τῇ
1603 1525 1675 1598 γῇ
1724 1521 1963 1600 ἀφρίζων

321 1610 584 1670 ἐκυλίετο.
636 1610 1079 1687 Γνωσιηαχήσας
1132 1610 1229 1665 οὗν
1280 1609 1364 1688 ἐφ’
1415 1611 1628 1686 ἡμέρας
1686 1612 1860 1679 τινας,
1917 1611 1967 1666 εἲ

318 1723 429 1768 πως
478 1702 689 1774 ἀνεθείη
742 1707 845 1771 τῆς
899 1699 1087 1772 νόσου,
1154 1698 1374 1774 ἐπείπερ
1413 1698 1556 1776 ἔγνω
1610 1705 1728 1755 κατ’
1800 1698 1967 1777 ἄκρας

2080 541 2397 613 imperium
2428 540 2604 597 cedit.

2148 632 2407 688 Isaacius
2419 633 2758 690 Comnenus
2770 648 2905 690 cum
2927 633 3160 705 imperii
3179 633 3411 705 pondus
3424 632 3724 702 subiisset,

2082 720 2279 776 subito
2306 722 2367 776 in
2391 722 2552 795 regio
2569 722 2928 779 numismate
2949 738 3011 778 se
3047 738 3251 779 ensem
3299 723 3591 779 ferentem
3622 738 3722 778 ex-

2080 811 2215 867 cudi
2238 812 2439 883 jussit,
2464 815 2748 883 tanquam
2788 812 2888 883 qui
2918 828 3039 868 non
3067 808 3318 879 Deo,sed
3349 812 3587 884 proprio
3618 828 3731 868 ro-

2079 898 2212 954 boxi
2242 904 2301 955 et
2329 900 2487 955 circa
2516 916 2717 957 rerum
2747 900 3098 957 bellicarum
3128 917 3304 957 usum
3341 902 3722 973 experientim

2079 986 2280 1042 omnia
2310 990 2551 1059 accepta
2598 984 2866 1043 referret.
2916 989 3020 1045 04
3056 985 3314 1044 Abduxit
3358 1002 3430 1043 ex
3485 987 3723 1043 Oriente

2075 1090 2323 1130 uxorem
2354 1073 2711 1147 Caterinam,
2733 1090 2983 1147 eamque
3013 1077 3454 1148 imperatricem
3485 1075 3722 1132 creavit.

2078 1165 2291 1221 Verum
2317 1181 2451 1221 cum
2474 1166 2812 1237 patriarcha
2862 1166 3109 1222 Michael
3148 1164 3487 1222 Cerularius
3542 1180 3723 1221 occu-

2076 1254 2391 1323 buisset,in
2422 1255 2551 1327 ejus
2567 1255 2766 1311 locum
2790 1255 3066 1311 Licudem
3097 1255 3555 1310 Constantinum
3582 1255 3725 1310 sub-

2078 1345 2291 1399 stituit.
2325 1346 2654 1416 Imperator
2682 1361 2818 1400 cum
2851 1344 2995 1400 isset
3024 1350 3322 1413 venatum,
3357 1344 3491 1416 igne
3521 1343 3724 1399 fulmi-

2075 1450 2189 1489 neo
2219 1432 2529 1504 perculsus
2561 1450 2832 1505 equoque
2855 1434 3123 1506 dejectus
3178 1451 3464 1506 spumans
3521 1433 3724 1489 humi-

2076 1520 2902 1594 circumvolutabatur.ltaque
2915 1539 3051 1580 eum
3064 1524 3298 1581 consilii
3316 1524 3728 1596 pmnituitmec

2075 1611 2284 1669 morbo
2314 1613 2676 1680 remittente,
2712 1612 2817 1669 sed
2837 1614 3045 1670 intime
3083 1614 3420 1685 misereque
3450 1619 3721 1683 vexante,

2076 1705 2308 1774 sceptro
2326 1717 2648 1774 rerumque
2678 1703 3085 1759 moderamine
3113 1702 3403 1775 deposito,
3436 1702 3508 1758 ad
3530 1703 3718 1761 Studii

315 1791 484 1867 ταύτῃ
545 1787 737 1863 ἁλοὺς,
796 1788 898 1862 τὴν
961 1787 1238 1866 βασιλείαν
1297 1788 1657 1864 ἀποθέμενος,
1690 1790 1813 1860 ,τήν
1868 1794 1967 1847 τοῦ

2094 1790 2506 1848 nonasterium
2565 1808 2628 1848 se
2657 1791 2904 1855 confert.
2934 1790 3323 1848 monasticam
3376 1791 3555 1846 vitam
3602 1806 3723 1848 am-

318 1878 582 1938 Στουδίου
636 1874 1049 1954 καταλαμϐάνει
1137 1880 1309 1953 μονὴν
1375 1879 1467 1935 καὶ
1520 1878 1613 1935 τὸν
1672 1879 1969 1957 μοναχικὸν

317 1972 615 2043 ἀσπάζεται
657 1967 801 2045 βίον,
831 1966 1020 2025 πολλὰ
1063 1967 1155 2025 καὶ
1208 1974 1312 2039 τῆς
1365 1967 1688 2047 Δῦγοόστης
1745 1969 1969 2026 Αἷκατε-

315 2062 469 2137 ρίνης
518 2055 994 2136 συμϐαγλομένης
1049 2057 1198 2131 αὐτῷ
1254 2059 1390 2131 πρὸς
1443 2058 1519 2129 Ιτὸ
1582 2059 1966 2135 προκείμενον,

312 2148 645 2227 βασιλεῦσας
679 2146 777 2224 μὶν
826 2143 922 2221 ἔτη
1086 2152 1178 2204 καὶ
1238 2152 1413 2223 μῆνας
1465 2149 1534 2225 γ’,
1591 2146 1852 2221 ἐπιζήσας
1909 2145 1968 2205 δὲ

307 2241 518 2298 τούτων
605 2236 875 2296 ἰλάττονα
926 2240 1006 2312 τῷ
1091 2240 1407 2316 μοναχικῷ,
1470 2241 1645 2294 πᾶσαν
1720 2239 1967 2309 ὐπακοήν

307 2331 445 2408 πρὸς
485 2329 581 2385 τὸν
636 2326 690 2385 ἐν
749 2330 820 2403 τῇ
880 2328 1021 2402 μονῇ
1078 2325 1483 2403 ἡγεμονεύοντα
1534 2325 1967 2403 ἐνδεικνύμενος,

307 2420 387 2483 ὡς
442 2420 541 2476 καὶ
596 2418 847 2495 θυρωρὸς
915 2416 1152 2492 γενέσθαι
1200 2417 1295 2475 καὶ
1341 2423 1465 2481 ταῖς
1515 2415 1716 2482 ἄλλαις
1766 2418 1968 2493 ὑπηρε-

2078 1878 2306 1952 plexus,
2339 1879 2413 1937 ad
2440 1880 2550 1937 hoc
2596 1882 2858 1953 Augusta
2877 1880 3151 1937 Caterina
3180 1894 3348 1935 suam
3379 1896 3553 1951 opem
3584 1896 3724 1936 con‘

2076 1968 2326 2025 ferente.
2376 1970 2693 2041 Imperavit
2743 1986 2936 2026 annos
2991 1968 3138 2025 duos
3166 1984 3401 2025 menses
3447 1974 3585 2024 tres.
3620 1968 3721 2024 His

2077 2060 2279 2115 minus
2301 2059 2623 2131 supervixit
2653 2060 2715 2115 in
2746 2059 2951 2116 habitu
2982 2060 3329 2117 monastico.
3396 2058 3557 2115 Adeo
3589 2075 3720 2115 mo-

2076 2150 2323 2205 nasterii
2345 2149 2583 2221 praasidi
2613 2149 2726 2206 fuit
2754 2149 3036 2206 obediens
3066 2154 3133 2207 ut
3162 2154 3221 2205 et
3235 2149 3515 2207 ostiarius
3533 2149 3724 2207 factus

2078 2238 2157 2295 sit
2173 2238 2427 2311 aliisque
2446 2239 2796 2297 ministeriis
2809 2256 2915 2312 pro
2938 2256 3047 2297 sua
3076 2240 3300 2315 ingenti
3313 2238 3724 2297 moderatione

2077 2328 2504 2386 .inservierit.In
2533 2330 2720 2387 vicem
2749 2345 2886 2386 vero
2918 2344 3088 2388 suam
3123 2329 3578 2387 Constantinum
3606 2329 3728 2385 Du-

2079 2435 2211 2476 cam
2234 2420 2656 2492 imperatorem
2684 2421 2884 2495 elegit.

295 2516 459 2580 τῆσαι
516 2506 818 2570 διακονίαις
877 2502 969 2561 διὸ.
1021 2504 1241 2578 πολλὴν
1290 2507 1751 2587 μετριοιρροσύνην
1802 2504 2249 2581 καταδεξάμενος.
2307 2508 2723 2583 Προχειρίζεται
2777 2506 2834 2564 δὲ
2888 2509 3002 2565 ἀντ’
3056 2509 3225 2565 αὐτοῦ
3311 2510 3387 2573 εἰς
3467 2504 3732 2585 βασιλέα·

304 2602 644 2654 Κωνσταννῖν
652 2619 712 2652 ον
743 2597 837 2653 τὸν
870 2599 1099 2657 Δοῦκαν.

373 2687 530 2747 Μετᾶ
586 2684 647 2744 Si
700 2687 797 2743 τὸν
858 2686 1149 2760 Κομνηνὸν
1208 2692 1613 2752 Κωνσταντῖνος
1673 2689 1702 2743 6
1761 2687 1966 2750 Δουκὰς

2148 2689 2289 2743 Post
2307 2687 2672 2743 Comnenum
2692 2688 3113 2745 Constantinus
3138 2689 3325 2745 Ducas
3348 2689 3572 2760 absque
3598 2703 3733 2744 san-

310 2779 575 2851 ἀναιμωτὶ
618 2774 753 2853 δίχα
799 2774 1141 2854 πραγμάτων
1193 2775 1286 2832 καὶ
1341 2784 1595 2854 ταραχῆς
1644 2781 1754 2834 τῶν
1793 2779 1973 2850 σκήπ-

2094 2776 2278 2849 ςιιὶιιο,
2333 2775 2462 2832 sine
2508 2774 2626 2832 ullo
2675 2792 2876 2833 rerum
2931 2776 3276 2834 discrimine
3335 2792 3402 2834 ac
3436 2776 3732 2843 molestia,

321 2884 466 2940 τρων
494 2859 939 2941 ὶπιλιιμϐάνεται.
1001 2866 1106 2921 Τοῦ
1173 2862 1232 2921 δὲ
1288 2865 1638 2943 πατριάρχου
1686 2871 1969 2923 Κωνσταν·

2094 2870 2385 2936 sceptrum
2416 2870 2692 2937 occupat.
2751 2866 2965 2923 Licude
3017 2868 3403 2923 Constantino
3435 2870 3727 2935 emortuo,

321 2953 476 3011 τίνοι)
520 2957 612 3011 τοῦ
664 2951 940 3025 Λεικούδη
1002 2953 1274 3026 θανόντος,
1334 2954 1591 3028 Ἰωάννης
1651 2957 1894 3035 μοναχὸς
1945 2956 1976 3012 6

2094 2957 2341 3012 Ioannes
2372 2956 2699 3012 monachus
2728 2962 3120 3029 cognomento
3143 2954 3476 3028 Xiphilinus
3509 2954 3732 3011 sufﬁci-

306 3044 551 3134 ἐπίκλην
627 3042 949 3134 .¹Ξ¹“.ι‹ί›ιλῖνοςΔ
1001 3044 1435 3120 προχειρίζεται.
1492 3048 1591 3119 Τῷ
1648 3043 1705 3102 δὲ
1760 3044 1976 3122 βασιλεῖ

2094 3048 2201 3101 tur.
2238 3045 2664 3117 Imperatorem
2720 3051 2919 3102 autem
2978 3045 3222 3104 obortus
3272 3043 3518 3101 morbus
3558 3044 3734 3101 vehe-

313 3135 481 3200 νότος
536 3132 847 3208 ἐνσκήψασα
896 3131 959 3187 οὗ
1016 3136 1229 3209 μικρῶς
1287 3134 1447 3191 αὑτὸν
1500 3134 1854 3215 κατετρυχεν.
1885 3137 1976 3199 Ὠς

2094 3136 2455 3192 meritissimo
2489 3137 2757 3195 vexabat.
2818 3139 2890 3194 Ut
2945 3137 3216 3211 cognovit
3264 3151 3327 3194 se
3384 3135 3732 3210 tegritudine

315 3225 379 3283 δὲ
405 3221 545 3303 ἔγνω
575 3222 687 3298 ἤδη
718 3222 909 3282 τέλεον
940 3226 1009 3300 τῇ
1067 3225 1212 3300 νόσῳ
1269 3229 1678 3305 κατεργασθεὶς,
1743 3227 1871 3292 τοὺς
1925 3227 1976 3300 ἑξ

2094 3227 2571 3288 confectum.tres
2599 3227 2839 3294 liberos.
2864 3245 3016 3300 quos
3045 3245 3118 3286 ex
3165 3226 3427 3286 Eudocia
3479 3227 3735 3299 impera-

298 3314 590 3379 Εὗδοκίας
619 3321 721 3386 τῆς
755 3313 1085 3390 βασιλίσσης
1116 3314 1284 3372 αὐτοῦ
1312 3322 1461 3394 τρεῖς
1487 3314 1686 3382 παῖδας
1721 3316 1977 3394 Μιχαὴλ,

302 3402 677 3480 Ἀνδρόνικον
701 3404 792 3460 καὶ
851 3402 1290 3474 Κωτσταντῖνον,
1354 3406 1407 3477 ἑξ
1467 3407 1543 3463 ὧν
1601 3408 1982 3486 Ιιορφορογέν-

314 3514 492 3568 νητος
548 3494 621 3566 ἧν
672 3496 702 3550 6
758 3498 1188 3565 Κωνσταντῖνος,
1258 3496 1456 3559 πάντας
1542 3494 1789 3572 βασιλεῖς
1860 3495 1983 3569 ἄνη-

322 3586 582 3663 γὸρευσε,
633 3581 877 3660 Καίσαρα
932 3580 989 3639 δὲ
1039 3583 1130 3640 τὸν
1185 3584 1353 3640 αὖτοῢ
1407 3582 1640 3663 ἀδελφὸν
1700 3585 1978 3658 Ἰωάννην.

322 3675 501 3732 Ἦσαν
563 3670 623 3730 δὲ
679 3670 829 3746 αὖτῷ
885 3674 977 3728 καὶ
1034 3672 1315 3751 θυγατὲρες
1362 3678 1530 3751 τρεῖς,
1571 3675 1738 3732 Ἀννα
1775 3695 1836 3731 τε
1890 3675 1978 3731 καὶ

325 3761 613 3841 Θεοδώρα,
644 3762 737 3819 καὶ
767 3764 917 3833 Ζωή.
980 3760 1214 3819 Μέλλων
1270 3759 1328 3818 δὲ
1378 3764 1656 3837 τελευτᾷν,
1717 3757 1984 3844 ἔγγραφον

328 3851 614 3926 ἀπῄτησεν
683 3849 745 3907 ἐκ
778 3850 996 3906 πάντων
1052 3851 1128 3916 ὡς
1179 3850 1278 3907 οὐκ
1333 3849 1394 3909 ἄν
1450 3872 1584 3908 ποτε
1634 3853 1779 3928 παρά
1857 3853 1987 3918 τοὺς

338 3943 503 4000 αὖτοό
555 3940 755 4005 παῖδας
816 3940 1050 4018 βασιλέα
1117 3938 1301 4021 ἕτερον
1362 3941 1623 4017 δέξαιντο·
1675 3945 1728 4001 ἐν
1774 3947 1821 4020 ᾧ
1865 3949 1984 4003 καθ’

339 4033 643 4109 υπίγραψαν
664 4034 917 4095 ἅπαντες.
950 4029 1125 4089 Ἀλλᾶ
1156 4034 1267 4107 μὴν
1298 4034 1385 4090 καὶ
1440 4037 1475 4105 ἡ
1545 4034 1763 4111 βασιλὶς
1813 4033 1984 4093 Εὔδο-

341 4120 454 4191 κία,
482 4120 554 4183 ὦς
592 4118 692 4177 οὐκ
721 4121 782 4176 ἂν
828 4117 956 4175 οὐδὲ
1011 4120 1145 4190 αὒτή
1215 4120 1352 4195 πρὸς
1412 4119 1658 4199 δεύτερον
1710 4121 1984 4180 ἐλεῦσεται

350 4210 692 4268 συνοικέσιον.
725 4211 798 4267 Ὅ
857 4207 948 4264 καὶ
1008 4208 1330 4286 ἂπαρτισθὲν
1383 4217 1464 4284 τῷ
1517 4213 1832 4288 πατριάρχῃ
1886 4234 1984 4292 φο-

349 4295 552 4355 λάττειν
608 4296 903 4355 δεδώκασι.
952 4294 1195 4371 Τελευτᾷ
1256 4299 1346 4355 οὗν
1398 4301 1425 4355 6
1509 4299 1770 4376 βασιλεὺς
1851 4301 1982 4359 ἐτῶν

347 4378 422 4438 ὤν
456 4388 490 4459 ξ’
539 4386 629 4442 καὶ
690 4384 886 4461 μικρόν
951 4403 1005 4440 τι
1058 4385 1213 4461 πρὸς,
1273 4384 1595 4463 βασιλεύσας

347 4473 436 4528 καὶ
462 4478 680 4549 ἥμισυν,
699 4473 891 4554 ταφεὶς
923 4472 1001 4535 είς
1030 4473 1092 4529 τὸ
1116 4466 1465 4534 Μολιϐωτὸν.

430 4566 690 4642 Κατέσχον
749 4564 843 4619 οὖν
902 4564 969 4619 τὰ
1030 4570 1278 4641 σκῆπτρα
1325 4572 1426 4636 τῆς
1487 4568 1766 4643 βασιλείας
1914 4572 1987 4646 ίτε

357 4653 574 4730 σόζυγος
629 4652 802 4709 αὐτοῦ
868 4648 1108 4710 Εύὸοκία
1135 4653 1311 4709 καἱοὶ
1358 4652 1567 4720 παῖδες.
1620 4658 1727 4712 Σὺν
1772 4656 1985 4723 τούτοις

358 4739 446 4796 οὖν
507 4749 676 4818 μῆνας
735 4743 777 4812 ζ’
825 4741 920 4796 καὶ
982 4742 1176 4816 μικρόν
1242 4762 1297 4797 τι
1378 4744 1513 4816 πρὸς
1601 4744 1985 4821 βασιλεύσασα,

356 4830 526 4910 ανᾶγει
549 4833 639 4890 τὸν
666 4829 961 4906 Ῥωμανὸν
1014 4832 1273 4909 Διογένην
1330 4833 1406 4895 εἰς
1456 4833 1524 4889 τὰ
1574 4834 1846 4911 βασίλεια,
1896 4839 1982 4894 καί

351 4921 516 4995 τούτῳ
565 4921 1021 4998 προσζεύγνυται,
1112 4922 1200 4977 καὶ
1305 4921 1532 4999 βασιλέα
1616 4924 1774 4990 εὐθὺς
1848 4927 1984 4982 ἁνα-

357 5011 565 5084 γορεύει.

425 5101 521 5170 Τὴν
562 5101 651 5159 οὖν
682 5098 971 5179 βασιλείαν
1028 5099 1058 5153 6
1113 5095 1371 5174 Διογένης
1422 5096 1629 5175 λαϐὼν,
1682 5105 1778 5170 εἶθ’
1835 5106 1988 5162 ὑστε-

367 5205 446 5258 ρον
498 5186 907 5255 ἐπιϐουλευθεὶς
980 5186 1126 5261 παρᾶ
1170 5190 1278 5243 τῶν
1338 5188 1552 5245 οἰκείων
1603 5190 1986 5273 ὶκτυιρλοῦται,

357 5278 620 5346 καὲοῧτῶς
649 5283 900 5357 θνήσκει,
944 5276 1037 5330 καὶ
1095 5273 1151 5331 ἑν
1205 5281 1274 5351 τῇ
1324 5279 1473 5352 νήσῳ
1540 5282 1735 5357 Πρώτη
1792 5284 1986 5348 eiure-

348 5387 446 5438 ται,
468 5369 793 5447 βασιλεύσας
827 5356 931 5435 ἔτη
962 5363 1012 5441 γ’
1032 5363 1125 5419 καὶ
1169 5365 1348 5437 μῆνας
1384 5389 1417 5439 η
1440 5413 1455 5427 .

404 5460 665 5537 Διεδὶεατο
696 5461 803 5530 τήν
842 5451 1138 5533 βασιλείαν
1170 5452 1199 5507 6
1246 5456 1343 5509 τοῦ
1364 5456 1539 5513 Δούκα
1596 5459 1712 5523 υἱὸς
1752 5460 1987 5535 Μιχαὴλ

345 5549 367 5604 ὁ
395 5548 670 5630 λεγόμενος
704 5543 1135 5623 Παραπινάκης.
1167 5543 1279 5630 Τοῦ
1327 5540 1385 5600 δὲ
1432 5547 1778 5624 πατριάρχου
1806 5548 1990 5608 Ἰωάν-

343 5662 434 5714 μου
462 5629 556 5701 ξοδ
584 5640 902 5724 Ξιφιλίνου
974 5629 1361 5708 κοιμηθέντος,
1422 5636 1450 5691 6
1511 5635 1768 5712 βασιλεὺς
1812 5637 1990 5715 ἔτερόν

2089 3317 2232 3372 trice
2270 3318 3737 3389 susceperat,Michaelem,Andronicum,Constan-

2090 3404 2469 3474 tinum,inter
2496 3422 2645 3477 quos
2674 3408 3100 3464 Constantinus
3129 3415 3257 3464 erat
3288 3408 3736 3479 Porphyrogen-

2094 3500 2254 3563 neta,
2308 3495 2699 3567 imperatores
2754 3503 2936 3566 creat,
2987 3498 3279 3554 Casarem
3311 3511 3447 3552 vero
3490 3496 3735 3552 fratrem

2086 3583 2494 3641 Joannem.llli
2513 3585 2758 3642 fuerunt
2785 3591 2845 3642 et
2876 3592 2996 3642 tres
3034 3584 3295 3656 θυεμ
3328 3586 3524 3652 Anna,
3556 3584 3735 3639 Theo-

2090 3671 2885 3745 dora,Zoe.Mortiproximus
2909 3674 3090 3732 fidem
3113 3674 3185 3731 ab
3207 3673 3488 3730 omnibus
3512 3671 3732 3744 scripto

2093 3761 2380 3833 exposcit,
2410 3762 2718 3819 neminem
2756 3769 2892 3835 post
2947 3778 3011 3819 se
3068 3763 3253 3820 alium
3310 3763 3735 3834 imperatorem

2093 3866 2272 3921 quam
2302 3850 2460 3906 filios
2483 3852 3310 3925 excepturum.Subscripsere
3329 3850 3742 3920 omnes,Quin-

2105 3940 2223 3995 imo
2281 3945 2341 3996 et
2385 3940 2512 4011 ipsa
2566 3942 2911 4013 imperatrix
2962 3941 3220 3997 Eudocia
3268 3954 3647 4011 nequaquam
3676 3956 3741 3996 se

2094 4030 2385 4087 secundas
2414 4030 2650 4104 nuptias
2680 4031 3111 4088 celebraturam
3165 4031 3384 4103 scripto
3441 4028 3739 4101 promisit.

2092 4118 2444 4175 Absolutum
2477 4120 2763 4192 scriptum
2780 4119 3131 4193 patriarchas
3146 4118 3479 4186 tradidit,ut
3500 4132 3738 4173 conser-

2092 4208 2437 4265 varet.0biit
2472 4209 2661 4265 astatis
2684 4226 2977 4266 annorum
3007 4209 3309 4282 sexaginta
3341 4226 3354 4278 ;
3388 4224 3575 4264 annos
3606 4206 3739 4279 plus

2091 4298 2290 4353 minus
2323 4302 2549 4371 septem
2578 4305 2634 4354 et
2664 4298 2979 4355 dimidium
3006 4300 3290 4373 regnavit.
3343 4300 3409 4354 In
3460 4296 3738 4354 Moliboto

1647 4388 1882 4467 χρόνους
1943 4390 1985 4460 ζ’
2015 4434 2060 4498 D
2094 4385 2398 4459 sepelitur.

2167 4570 2407 4641 Imperii
2437 4567 2700 4627 habenas
2730 4571 2947 4641 conjux
3008 4569 3170 4625 illius
3209 4568 3468 4624 Eudocia
3516 4567 3740 4637 ﬁliique

2098 4665 2360 4717 tenuere.
2391 4665 2531 4718 Cum
2559 4679 2696 4718 vero
2714 4679 2834 4719 una
2863 4679 2998 4718 cum
3017 4662 3223 4717 liberis
3252 4675 3489 4716 menses
3512 4663 3741 4732 septem

2097 4748 2186 4805 vel
2232 4749 2410 4822 paulo
2458 4751 2594 4822 plus
2637 4751 3009 4823 imperasset,
3052 4754 3385 4807 Romanum
3413 4749 3735 4822 Diogenem

2095 4836 2157 4893 in
2190 4839 2414 4911 regiam
2444 4840 2700 4896 accitum
2729 4839 2841 4894 sibi
2874 4840 3255 4896 matrimonio
3298 4840 3499 4913 jungit
3546 4840 3738 4912 impe-

2093 4932 2472 5001 ratoremque
2499 4929 2865 5000 pronuntiat.

2168 5115 2487 5188 Occupavit
2517 5115 2832 5185 imperium
2880 5113 3188 5188 Diogenes,
3241 5115 3342 5188 qui
3400 5114 3680 5185 deinceps
3711 5130 3744 5169 a

2096 5204 2491 5261 familiaribus
2508 5203 2661 5259 dolis
2674 5203 3445 5260 circumventusluminibus
3460 5202 3742 5275 privatur,

2096 5299 2485 5364 mortuusque
2516 5292 2578 5348 in
2607 5292 2807 5349 insula
2823 5295 2997 5348 Prote
3026 5293 3473 5367 sepelitur,cum
3504 5306 3745 5359 regnas-

2098 5387 2189 5437 set
2220 5396 2409 5436 annos
2441 5385 2559 5436 tres
2592 5386 2650 5435 et
2676 5397 2912 5437 menses
2942 5387 3093 5436 octo.

2169 5470 2344 5525 Ducas
2376 5469 2532 5524 filius
2589 5469 2836 5526 Michael
2881 5471 3277 5542 Parapinaces
3325 5469 3516 5524 dictus
3550 5467 3743 5536 impe-

2100 5557 2255 5613 rium
2313 5557 2579 5630 suscipit.
2639 5544 2982 5613 Patriarcha
3030 5559 3251 5613 Joanne
3284 5552 3592 5627 Xiphilino
3625 5553 3741 5605 vita

2100 5648 2323 5715 functo,
2348 5646 2673 5718 imperator
2697 5647 2969 5701 Cosmam
3002 5644 3318 5715 quemdam
3361 5638 3739 5703 monachum,
