4150 6292
417 313 535 376 287

1724 308 2067 372 NICETAS
2109 307 2582 373 CHONIATES.

3701 309 3822 370 288

420 450 523 520 qui
571 465 602 504 e
662 452 867 504 sancta
923 447 1153 502 civitate
1211 445 1547 509 advenerat.
1587 445 1847 501 maximo
1879 443 1951 500 ab
2000 460 2056 499 se

2177 462 2294 499 τινα
2323 444 2746 521 προεχειρίσατο
2780 447 3000 518 Κοσμᾶν
3037 444 3311 518 μοναχὸγ,
3363 449 3464 513 τῆς
3507 441 3670 516 ἁγίας
3731 443 3825 515 μὲν

419 543 663 611 propter
710 537 958 592 eximias
983 535 1230 590 virtutes
1258 535 1316 589 in
1350 534 1540 606 pretio
1566 533 1836 589 habitum
1867 533 2060 605 elegit.

421 627 585 684 Cives
617 625 982 682 Botaniatem
1008 624 1070 679 in
1093 623 1331 679 Nriente
1359 623 1776 696 imperatorem
1799 628 2062 679 creatum

420 716 728 772 audientes
758 714 977 786 regiam
994 712 1585 784 occupant,custodes
1615 711 1704 767 illi
1726 712 2063 784 imponunt;

419 805 810 876 imperantem
842 801 1186 859 Michaelem
1209 801 1358 857 solio
1380 801 1641 874 pulsum,
1673 800 1770 856 vili
1795 801 2062 858 vehiculo

420 910 552 950 cum
585 897 846 965 Augusta
892 892 1070 947 Maria
1107 909 1180 946 ex
1210 892 1532 946 Alanorum
1561 906 1776 964 genere
1836 896 1894 946 et
1942 891 2062 946 filio

417 982 804 1038 Constantino
829 981 931 1038 66
955 981 1520 1052 Porphyrogenneta
1541 979 1604 1034 in
1634 978 1822 1034 Studii
1854 995 2062 1036 mona—

417 1071 664 1127 sterium
693 1069 972 1142 ablegant
1002 1075 1060 1126 et
1088 1068 1519 1126 monachorum
1551 1067 1684 1124 albo
1733 1067 2060 1136 ascribunt,

421 1159 666 1216 sabbato
697 1160 798 1230 qui
831 1157 1050 1215 dicitur
1077 1157 1296 1214 Lazari.
1326 1157 1582 1228 Imperio
1612 1156 1848 1228 prmfuit
1877 1173 2063 1213 annos

418 1266 536 1305 SEX.

2170 531 2388 597 πόλεως
2446 533 2794 609 ἀφικόμενον,
2863 533 3086 610 μεγίστῃ
3147 529 3205 588 δὲ
3231 539 3368 606 τιμῆ
3405 529 3494 588 διὰ
3523 532 3626 602 τήν
3655 531 3824 588 αὐτοῦ

2171 622 2370 697 ἀρετὴν
2400 623 2545 698 παρὰ
2577 623 2796 700 βασιλεῖ
2831 622 3170 698 τιμώμενον.
3211 623 3280 680 Οἱ
3329 619 3388 676 δὲ
3423 619 3673 690 πολῖται,
3729 617 3819 676 διὰ

2168 713 2233 768 τὸ
2262 713 2357 768 τὸν
2391 713 2749 783 Βοτανειάτην
2787 714 2864 784 ἓξ⁸
2909 709 3198 780 Ανατολῆς
3244 707 3354 781 ἤδη
3386 710 3820 785 ἀναγορευθῆναι

2169 800 2236 856 τά
2293 821 2350 857 τε
2405 801 2675 876 ἀνάκτορα
2739 801 3103 880 κατασχόντες
3171 799 3270 874 χαὶ
3327 797 3574 876 φύλακας
3627 799 3820 863 αὐτοῖς

2171 887 2577 960 ἐπιστήσαντες,
2632 890 2723 946 καὶ
2771 890 2864 946 τὸν
2927 887 3286 964 βασιλεύοντα
3333 885 3571 962 Μιγαήλ
3628 897 3823 952 καθαι-

2173 978 2456 1053 ρήσαντες,
2487 980 2623 1055 πρὸς
2653 979 2753 1049 τήν
2811 983 2912 1034 τοῦ
2969 974 3236 1033 Στουδίου
3294 978 3470 1049 μονὴν
3527 981 3820 1051 παραπέμ-

2169 1088 2332 1126 πουσι
2391 1070 2508 1142 μετ’
2566 1069 2819 1131 εὐτελοῦς
2869 1067 3170 1145 ὑποζυγίου
3253 1065 3346 1120 σὺν
3404 1069 3474 1140 τῇ
3526 1065 3815 1142 Αὑγούστῃ

2169 1160 2351 1234 Μαρίᾳ
2404 1162 2474 1233 τῇ
2531 1157 2581 1230 ἐξ
2653 1156 2901 1215 Ἀλανῶν
2950 1159 3039 1214 καὶ
3093 1161 3174 1230 τῷ
3228 1155 3425 1212 τούτου
3481 1151 3820 1212 παιδὶΚων-

2171 1249 2436 1322 σταντίνῷ
2472 1253 2553 1321 τῷ
2583 1251 3109 1326 ῐιορφυρογεννήτῳ,
3139 1247 3229 1303 καὶ
3265 1245 3404 1320 πρὸς
3453 1244 3542 1302 τὸν
3594 1247 3813 1321 μονήρη

2173 1339 2611 1414 μεταλλάττουσι
2671 1339 2792 1414 βίον
2843 1339 2984 1394 κατὰ
3023 1339 3092 1394 τὸ
3150 1331 3437 1393 Σάϐϐατον
3498 1339 3595 1392 τοῦ
3647 1335 3812 1413 ἁγίου

2167 1427 2440 1506 Λαζάρου,
2476 1427 2867 1505 βασιλεύσαντα
2896 1427 3128 1504 χρόνους
3162 1427 3224 1497 ζ’.

489 1543 621 1597 Haec
641 1541 869 1597 ratione
899 1539 1268 1612 Nicephorus
1298 1537 1639 1594 Botaniates
1669 1543 1885 1610 praeter
1935 1553 2056 1594 om-

2237 1517 2426 1580 Οὕτως
2484 1517 2576 1573 οὗν
2609 1517 2637 1573 ὁ
2689 1516 3050 1585 Βοτανειάτης
3106 1510 3424 1593 Νικηφόρος
3462 1515 3608 1590 παρὰ
3635 1517 3813 1570 πᾶσαν

418 1647 556 1687 nem
588 1629 1085 1702 exspectationem
1111 1643 1325 1701 magna
1343 1627 1494 1683 feria
1521 1627 1716 1682 Tertia
1743 1627 2056 1698 imperium

2173 1605 2497 1682 προσδοκίαν
2551 1606 2883 1680 ἀναίμακτον
2949 1598 3192 1662 ἀπέλαϐε
3253 1605 3353 1676 τήν
3435 1603 3814 1680 αὐτοκράτορα

416 1719 721 1792 occupavit
751 1719 997 1774 minime
1027 1714 1918 1790 sanguinolentum.Diademate
1947 1714 2056 1770 im-

2173 1697 2345 1772 άρχήν
2373 1698 2490 1752 κατ’
2520 1695 2688 1764 αὐτὴν
2716 1695 2816 1765 τήν
2847 1693 3097 1770 μεγάλην
3127 1692 3357 1768 Τρίτην,
3394 1691 3486 1749 καὶ
3529 1698 3649 1756 ταῖς
3710 1697 3811 1748 τοῦ

411 1777 709 1882 peratorio
737 1807 1088 1880 patriarcha:
1107 1777 1384 1863 inanibus
1403 1804 2056 1877 insignitur,jungitque

2173 1784 2514 1864 πατριάρχου
2566 1783 2725 1861 χερσὶ
2783 1785 2864 1856 τῷ
2926 1781 3200 1859 βασιλικῷ
3255 1785 3557 1840 ταινιοῦται
3616 1777 3817 1853 διαδή-

413 1899 526 1955 sibi
557 1898 939 1955 matrimonio
987 1897 1382 1956 Alamannam
1441 1897 1704 1965 Mariam,
1762 1893 2056 1951 Michaelis

2173 1896 2322 1949 ματι,
2399 1869 2491 1930 καί
2553 1873 2768 1951 γυναικὶ
2834 1873 3188 1965 συζεύγνυται
3253 1874 3322 1946 τῇ
3369 1869 3424 1965 ἐξ
3481 1869 3812 1945 ’Δλαμανῶν

412 1988 748 2060 conjugem.
781 1987 1072 2060 Regnavit
1102 2001 1292 2041 annos
1319 1990 1465 2040 tres.

2173 1963 2366 2070 Βααρίᾳ,
2421 1970 2491 2034 τῆ
2557 1967 2656 2019 τοῦ
2707 1961 2948 2042 Μιχαὴλ
2994 1956 3234 2036 συμϐίῷ.
3316 1955 3668 2018 Ἐϐασίλευσε
3752 1957 3814 2016 δὲ

2163 2073 2256 2126 ετη
2289 2073 2359 2129 γ.

482 2167 721 2223 Alexius
751 2167 1087 2222 Comnenus
1144 2164 1462 2238 imperium
1491 2163 1686 2220 tenuit
1731 2179 1918 2219 annos
1949 2163 2056 2218 tri-

2233 2142 2479 2215 ’Δλέξιος
2531 2144 2560 2198 ὁ
2618 2141 2904 2216 Κομνηνὸς
2970 2135 3311 2238 ἐβασίλευσεν
3355 2137 3452 2212 ἔτη
3493 2137 3577 2210 λζ’
3631 2145 3812 2214 μῆνας

409 2258 576 2330 ginta
595 2262 821 2328 septem
853 2271 1089 2312 menses
1143 2224 1418 2328 quatuor,
1445 2254 1705 2310 Joannes
1734 2252 1864 2324 ejus
1895 2251 2055 2308 illius

2173 2231 2225 2290 ς·.
2255 2232 2520 2302 Ἰωάννης
2553 2232 2583 2287 ὁ
2609 2229 2808 2287 τούτου
2838 2229 2957 2295 υἱὸς
2984 2224 3078 2300 ἔτη
3111 2225 3212 2299 κδ’,
3276 2226 3546 2298 Μανουήλ
3595 2228 3625 2283 ὁ
3679 2231 3816 2283 τοῦ-

410 2314 598 2402 ;nnos
631 2345 830 2418 viginti
862 2351 1133 2416 quatuor,
1149 2314 1525 2415 lilanuelejus
1557 2340 1716 2397 illius
1745 2355 1934 2397 annos
1952 2340 2054 2396 tri-

2173 2342 2255 2378 :ou
2276 2321 2393 2386 υἱὸς
2423 2318 2518 2392 ἔτη
2553 2318 2664 2390 λη’,
2725 2317 2970 2390 Ἀλέξιος
3015 2319 3043 2373 ὁ
3099 2317 3297 2375 τούτου
3347 2317 3462 2380 υίὸς
3523 2314 3811 2392 μειράκιον

408 2436 570 2510 ginta
599 2409 753 2504 octo,
777 2409 1017 2490 Alexius
1048 2409 1226 2505 hujus
1259 2409 1644 2488 ﬁliusvinfans
1687 2429 1908 2486 adhuc
1937 2446 2052 2486 an-
2157 2409 2276 2474 ἔτος
2299 2419 2364 2468 α’·

405 2541 548 2582 num
573 2540 782 2582 unum.

471 2617 550 2672 Eo
586 2615 899 2682 trucidato,
921 2613 1296 2670 Andronicus
1325 2617 1575 2686 patruus
1602 2611 1920 2684 imperium
1953 2610 2048 2666 in-

395 2705 544 2762 vasit
575 2721 764 2761 annos
791 2711 935 2761 tres.
961 2703 1300 2760 Andronico
1329 2701 1826 2767 necato,lsaacius
1851 2703 2046 2772 Ange-

2227 2597 2440 2653 Τοῦτον
2471 2593 2728 2675 φονεύσας
2757 2590 3108 2669 Ἀνδρόνικος
3139 2592 3168 2648 6
3197 2591 3336 2664 πρὸς
3395 2589 3599 2665 πατρὸς
3657 2591 3811 2654 Θεῖος

2154 2684 2325 2740 αὐτοῦ
2381 2681 2731 2757 ἐτυράννησεν
2786 2676 2880 2753 ἔτη
2933 2683 3001 2757 γ’.
3059 2683 3267 2738 Τοῦτον
3313 2679 3576 2759 φονεύσας
3626 2680 3654 2734 ὁ
3685 2678 3810 2735 ἆνε-

399 2795 490 2852 lus
515 2795 714 2851 fratris
748 2795 906 2852 filius
937 2795 1256 2866 imperium
1279 2791 1539 2848 obtinuit
1565 2808 1754 2848 annos
1814 2805 2046 2846 novem.

2173 2775 2282 2849 ιδιὸς
2311 2772 2477 2830 αὐτοῦ
2506 2772 2778 2835 Ἰσαάκιος
2810 2773 2838 2828 ὁ
2867 2768 3166 2849 Ἄγγελος,
3225 2770 3521 2846 ἐκράτησεν
3587 2764 3683 2842 ἔτη
3739 2779 3808 2835 θ’.

399 2885 688 2940 lsaacium
738 2883 924 2938 oculis
947 2855 1221 2954 spoliavit
1261 2883 1536 2954 proprius
1567 2880 1752 2937 frater
1779 2879 2044 2946 Alexius,

2173 2866 2362 2921 Γοῦτον
2422 2859 2774 2954 ἂτυφλῴσας
2833 2861 2862 2916 ὁ
2919 2857 3063 2923 ἲδιος
3092 2855 3329 2933 ἀδελφὸς
3379 2856 3622 2932 Ἀλὲξιος
3651 2857 3818 2934 ἐκρά-

398 2973 496 3043 qui
529 2973 794 3045 regnavit
825 2977 885 3026 et
914 2973 1041 3043 ipse
1071 2987 1260 3026 annos
1299 2987 1531 3026 novem.
1565 2969 1768 3025 Alexio
1795 2968 2046 3039 imperio

2173 2975 2284 3026 τησι
2311 2953 2404 3010 καὶ
2433 2952 2596 3016 αὐτὸς
2627 2948 2722 3024 ἔτη
2782 2959 2846 3017 θ’.
2904 2953 3112 3010 Τοῦτον
3181 2947 3443 3022 ἐπιδιώξας
3499 2957 3601 3021 τῆς
3651 2951 3813 3026 βασι-

397 3036 572 3133 atque
597 3036 767 3131 Epoli
801 3036 992 3132 pulso,
1016 3058 1172 3114 illius
1215 3059 1422 3114 Isaacii
1467 3058 1704 3112 Alexius
1760 3036 2046 3128 puerulus

2173 3041 2302 3098 λείας
2355 3041 2446 3097 καὶ
2513 3038 3140 3105 Κωνσταντίνουπόλεως
3207 3039 3236 3095 ὁ
3289 3038 3509 3114 ἀνεψιὸς
3562 3036 3812 3110 Ἀλέξιος

395 3151 589 3206 adhuc
638 3165 888 3220 regnum
935 3148 1191 3204 obtinuit
1231 3164 1470 3203 menses
1513 3163 1636 3202 sex.
1691 3147 1861 3201 Hunc
1909 3161 2043 3201 cum

2173 3129 2439 3204 ιειράκιον
2471 3127 2570 3198 ὥν,
2613 3131 2642 3186 ὁ
2672 3129 2787 3192 υἱὸς
2819 3127 2986 3184 αὐτοῦ
3006 3128 3301 3196 Ἰσαακίου,
3330 3126 3598 3202 ἐκράτησε
3631 3133 3815 3201 μῆνας

395 3212 1023 3310 οοοίᾶὶεεθινρθιιιιιθιίε
1051 3237 1290 3292 Alexius
1322 3237 1530 3305 Ducas,
1567 3236 1667 3307 qui
1698 3239 1756 3290 et
1785 3236 2042 3290 Murtzu-

2173 3223 2224 3290 ;“.
2263 3221 2467 3278 Τοῦτον
2499 3219 2760 3297 φονεύσας
2789 3219 2818 3274 ὁ
2857 3213 3149 3294 ἐξάδελφος
3179 3212 3425 3288 Ἀλέξιος
3492 3217 3522 3272 ὁ
3585 3220 3822 3288 Δοῦκας,

392 3325 571 3398 phlus
631 3304 822 3382 dictus
877 3331 986 3393 est,
1037 3325 1290 3397 imperio
1339 3304 1841 3396 praefuit—menses
1871 3323 2038 3379 duos.

2173 3309 2300 3364 iacui
2336 3307 2794 3386 Μούρτζυυφλος,
2821 3304 3083 3380 ἐκράτησε
3135 3312 3312 3378 μῆνας
3494 3309 3604 3362 Φεῦ
3641 3307 3653 3361 !
3710 3308 3810 3362 καὶ

393 3415 518 3469 Heu
547 3430 658 3468 nos
689 3413 972 3469 miseros!
997 3419 1057 3469 et
1077 3414 1483 3470 maximecum
1505 3413 1670 3469 sinus
1699 3412 2040 3480 Christiani,

2173 3401 2322 3454 ταῦτα
2378 3396 2688 3472 Χριστιανοῖ
2771 3395 3154 3472 Χριστιανούς.
3233 3395 3338 3452 Καὶ
3393 3399 3510 3457 πῶς
3566 3391 3802 3467 ἔμελλεν

395 3503 496 3574 qui
525 3501 666 3558 talia
693 3503 754 3557 in
772 3502 1140 3558 Christianos
1185 3503 1634 3558 machinamur:
1685 3507 1746 3558 et
1783 3479 2042 3572 quanam

2173 3485 2496 3565 ιφησυχάσαι
2553 3487 2588 3555 ἡ
2648 3481 2774 3556 δίκη
2832 3483 2924 3540 καὶ
2981 3484 3059 3558 μὴ
3107 3479 3442 3558 παραδοῦναι
3513 3485 3664 3554 ἡμᾶς
3723 3485 3808 3548 εἷς

391 3592 626 3649 ratione
656 3593 920 3648 divinum
943 3592 1244 3666 judicium
1294 3599 1380 3648 tot
1410 3592 1637 3650 scelera
1666 3593 1924 3649 laturum
1949 3611 2039 3650 es-

2173 3573 2550 3666 ιῖχμαλωσίαν
2581 3573 2674 3650 καὶ
2703 3571 3122 3647 ἑξολόθρευσιν;
3180 3574 3250 3630 "0
3301 3569 3392 3627 καὶ
3446 3571 3653 3648 γίγονε,
3711 3574 3807 3628 καὶ

394 3687 502 3752 set,
529 3687 588 3738 et
644 3698 767 3738 non
800 3689 957 3738 esset
1005 3698 1116 3739 nos
1165 3681 1492 3756 captivitati
1537 3687 1596 3739 et
1641 3683 2036 3738 internecioni

2173 3656 2578 3756 ιπερίξλεππος
2604 3660 3014 3756 ξςωνσταχτίνιου
3031 3657 3153 3756 Ἷ’δι’δι
3197 3661 3294 3723 τὰς
3349 3657 3605 3722 τοιαύτας
3665 3660 3806 3717 ἀνο-

389 3730 746 3828 traditurum
773 3771 983 3838 ?Quod
1014 3778 1072 3828 et
1120 3730 1340 3829 facti—1m
1373 3777 1482 3841 est,
1515 3776 1574 3827 et
1601 3771 2040 3844 spectatissima

2173 3730 2430 3810 ἓιουργίας
2459 3731 2735 3810 παρεδόθη
2767 3738 2884 3796 τοῖς
2919 3730 3174 3795 Ἰταλοῖς.

387 3861 528 3917 urbs
543 3862 913 3918 Constantini
939 3861 1013 3917 ob
1046 3861 1269 3919 similia
1289 3862 1556 3919 facinora
1577 3861 2036 3934 impietatesque

388 3950 548 4006 Italis
580 3951 798 4007 tradita
833 3959 939 4007 est.

397 4103 768 4145 ΜΝ-..
907 4134 962 4145 Α...
983 4109 1396 4148 W'
1405 4109 2972 4148 ψΙ-ψη--μ-δ-ν-*ῌ-α-ψ-ο.
3769 4139 3788 4147 ο

1765 4241 1930 4288 ANNO
1973 4240 2180 4286 DOMINI
2224 4241 2409 4289 πίθον.

724 4412 1804 4604 NICETAS
1949 4413 3441 4605 CHONIATES.

1813 4811 2340 4906 NOTITIA.

631 5010 734 5080 (Ex
766 5005 972 5062 Leonis
997 5003 1191 5062 Allatii
1222 5005 1477 5062 Diatriba
1500 5005 1566 5061 de
1597 5005 1798 5061 Nicetis
1830 5004 1891 5060 in
1921 5007 2068 5078 Aug.
2104 5007 2213 5062 Mai
2245 5005 2586 5063 Bibliotheca
2615 5023 2756 5062 nova
2786 5008 3037 5076 Patrum,
3061 5012 3206 5065 tom.
3241 5007 3328 5063 VI.
3353 5024 3409 5080 p.
3443 5009 3558 5080 25.)

463 5332 540 5385 De
571 5329 785 5384 Nicetaa
816 5325 1118 5383 Choniataa
1149 5325 1227 5397 (a)
1256 5326 1378 5382 vita
1407 5342 1477 5382 ex
1507 5326 1773 5400 professo
1797 5326 1914 5399 egit
1942 5327 2152 5380 Petrus
2182 5325 2460 5382 Morellus
2491 5325 2552 5380 in
2601 5325 2852 5397 epistola
2881 5322 2955 5381 ad
3009 5325 3297 5379 Joannem
3353 5325 3794 5383 Sanctandrea-

388 5435 554 5488 num,
614 5414 1106 5474 Carcassonensis
1163 5414 1395 5470 eclesiee
1445 5415 1784 5481 diaconum,
1831 5431 2008 5485 quam
2058 5413 2158 5469 ille
2217 5431 2288 5470 ex
2328 5413 2624 5470 Michaelis
2681 5413 2982 5468 Chouiatae
3041 5410 3318 5466 monodia
3389 5412 3450 5467 in
3537 5414 3802 5472 Nicetam

380 5509 723 5575 fratrem,et
752 5523 821 5562 ex
841 5505 1138 5562 Thesauro
1169 5502 1510 5558 orthodoxae
1542 5503 1678 5560 ﬁdei
1710 5503 2050 5576 collegerat,
2073 5511 2131 5559 et
2151 5503 2277 5576 ipse
2301 5504 2598 5589 Thesauro
2631 5501 2955 5575 subjunxit.
2995 5502 3112 5556 Nos
3152 5517 3290 5556 vero
3343 5500 3640 5558 nonnulla
3688 5503 3804 5558 alia

455 5656 534 5728 (a)
564 5657 627 5712 In
658 5653 850 5727 primo
880 5668 1020 5710 casu
1050 5651 1303 5708 Allatius
1329 5648 1674 5722 plerumque
1705 5649 1992 5707 Choniates
2014 5649 2237 5718 scribit,
2266 5649 2370 5706 sed
2397 5649 2699 5706 interdum
2725 5648 2902 5706 etiam
2933 5644 3224 5706 Chaniata.
3259 5647 3324 5700 Λ.
3375 5646 3444 5702 Μ.
