4150 6292
268 363 368 428 239
1755 358 2193 421 PR/EFATIO.
3592 367 3713 426 290

286 515 347 553 ex
372 496 659 570 ejusdem
692 495 920 552 Nicetes
941 492 1188 549 historia
1217 492 1471 563 aliisque
1493 489 1815 547 trademus.
1838 489 1969 545 Fuit
1999 488 2095 544 hic
2124 489 2356 546 Nicetes
2386 491 2592 563 gentili
2640 493 2883 548 nomine
2939 493 3343 559 Acominatus,
3395 511 3426 549 e
3471 496 3711 565 Chonis,

291 586 545 659 Phrygias
573 584 759 653 urbe,
792 601 869 640 ex
890 599 1006 655 qua
1034 581 1351 639 oriundum
1383 597 1447 637 se
1474 579 1776 653 gloriatur.
1807 579 1874 634 In
1897 576 2201 647 Balduino,
2234 594 2412 651 agens
2437 579 2511 636 de
2541 596 2683 652 pace
2706 581 2854 637 inita
2882 597 2988 653 per
3015 581 3385 637 Theodorum
3416 583 3708 641 Lascarim

298 694 411 733 cum
454 676 649 733 lconii
694 675 958 744 suitano,
1011 680 1070 730 et
1115 673 1187 729 de
1233 672 1484 729 urbibus
1530 670 1691 727 illius
1733 685 1937 725 socero
1981 667 2236 723 Manueli
2286 669 2667 726 Maurozomae
2720 669 3039 737 concessis,
3071 671 3227 727 inter
3255 672 3424 740 alias,
3456 673 3708 731 Chomas

303 783 518 839 quoque
571 778 937 833 numerans,
996 762 1239 820 scribit:
1306 758 1484 835 Mipo;
1536 756 1792 831 ἀπίνειμι
1844 763 1942 825 τῆς

2064 763 2190 834 ›χῆς
2242 762 2322 828 τῷ
2372 754 2612 832 κηδεστῇ
2670 760 2880 813 ἒκεὶνου
2913 759 3178 827 Μανουὴλ
3208 764 3288 832 τῷ
3322 763 3703 839 Μαυροζώμῃ·

303 851 407 910 τόδε
430 853 500 922 ἦν
529 852 675 926 ἰμοῦ
703 856 808 907 τοῦ
841 853 1189 930 συγγαρφὲως
1211 851 1424 921 Nimim
1450 850 1663 924 πατρὶς,
1686 848 1742 904 αἱ
1782 851 1942 919 Χῷνα

2072 854 2257 903 ’artcm
2311 850 2535 916 imperii
2582 850 2844 905 Manuet'i
2892 850 3254 908 Maurozomee
3307 852 3465 907 illius
3529 870 3711 910 socero

311 948 573 1002 concessu.
607 944 689 1000 Ea
720 958 854 1012 pars
885 951 1048 998 erant
1083 941 1307 1007 Chartae,
1336 941 1447 996 mei
1474 939 1759 1009 scriptoris
1787 937 1994 994 Niceta?
2020 937 2222 1006 patria.
2260 938 2325 991 Et
2354 936 2455 992 lib.
2508 954 2561 993 v1
2605 938 2668 992 in
2718 939 2985 994 Manuele
3034 939 3107 995 de
3164 938 3373 995 eodem
3408 946 3458 995 :'
3516 939 3711 1016 Απάρα

314 1030 389 1087 οὖν
417 1037 516 1101 τῆς
551 1026 848 1106 βασιλίδος
875 1033 984 1085 τῶν
1012 1027 1251 1095 πόλεων,
1283 1027 1521 1103 Φρυγίαν
1547 1047 1607 1082 τε
1642 1026 1733 1081 καὶ
1792 1023 2106 1081 Δαοδέκειαν
2137 1019 2388 1091 διελθὼν,
2446 1022 2749 1101 ἀφικνεῖται
2807 1024 2861 1088 ἐς
2914 1025 3127 1093 Χώνας,
3186 1024 3351 1080 πόλιν
3412 1024 3707 1101 εὐδαίμονυ

311 1120 386 1176 καὶ
417 1118 691 1197 μεγάλην,
720 1117 895 1174 πάλαί
923 1118 1019 1179 τάς
1048 1115 1353 1180 [Ιαλασσάς.
1385 1118 1679 1190 (Palassas
1707 1117 1912 1172 vitiose
1942 1115 1950 1170 1

2088 1130 2193 1188 pro
2227 1114 2491 1182 Colossas,
2536 1115 3015 1171 animadvertunt
3070 1117 3441 1174 Abrahamus
3499 1120 3710 1175 Horte-

309 1210 413 1267 lius
440 1210 501 1266 in
530 1210 838 1265 Thesauro
862 1206 1276 1280 geographico,
1307 1212 1365 1261 et
1396 1205 1787 1277 Hieronymus
1816 1203 1948 1259 Wol‘

2086 1202 2148 1257 in
2178 1203 2334 1258 notis
2359 1203 2432 1259 ad
2462 1204 2621 1259 hunc
2650 1204 2870 1276 locum)
2897 1204 2997 1272 τὴν
3026 1202 3161 1277 ἐμοῦ
3205 1209 3303 1260 τοῦ
3358 1206 3708 1285 συγγραερίως

309 1296 555 1376 gnatas.
587 1300 726 1358 Urbe
751 1301 1060 1367 disgrcssus
1081 1313 1183 1369 per
1211 1298 1513 1369 Phrygiam
1543 1300 1593 1352 et
1623 1294 1965 1360 Laodiceam,
1998 1292 2404 1359 Chomas,olim
2454 1294 2731 1361 Palassas,
2786 1294 2978 1350 urbem
3033 1311 3295 1366 magnam
3350 1303 3403 1351 et
3461 1298 3704 1365 beatam,

305 1393 533 1462 patriam
563 1405 766 1457 meam,
825 1386 1092 1458 pervenit.
1153 1388 1223 1442 Et
1276 1386 1507 1442 Chonas
1561 1385 1761 1453 hasce,
1814 1384 2097 1440 Asianam
2123 1381 2291 1438 illam
2324 1398 2452 1438 esse
2482 1383 2802 1451 civitatem,
2835 1401 3013 1456 quam
3045 1385 3182 1443 data
3211 1386 3462 1458 epistola
3489 1388 3707 1445 Paulus

306 1478 623 1551 apostolus,
655 1494 793 1534 cum
826 1476 1113 1533 scriberet
1130 1475 1401 1531 Colossas
1439 1474 1679 1541 dictam,
1714 1473 2068 1540 nobilitavit,
2101 1472 2398 1544 colligitur
2418 1488 2493 1529 ex
2522 1474 2793 1545 ejusdem
2826 1475 3110 1532 Thesauri
3140 1476 3292 1533 libro
3324 1494 3398 1548 iv,
3428 1495 3557 1551 cap.
3608 1482 3709 1548 ‘22,

303 1571 359 1627 in
415 1584 533 1640 quo
588 1568 785 1625 locum
844 1582 915 1622 ex
974 1565 1225 1637 epistola
1278 1565 1440 1621 illius
1495 1564 1571 1620 ad
1625 1563 1942 1620 Colossens

2068 1560 2376 1631 idducens,
2436 1563 2680 1619 scribit:
2741 1563 2829 1624 Ὠς
2889 1562 2918 1616 ὁ
2967 1563 3187 1627 Παῦλος
3238 1564 3290 1619 ἐν
3321 1568 3391 1640 τῇ
3422 1565 3561 1642 πρὸς
3581 1566 3707 1629 τοὺς

300 1658 610 1733 πατριώτας
668 1676 763 1729 μοι
824 1652 1120 1715 Κολοσσεῖς
1187 1651 1454 1728 ἐπιστολῇ
1514 1652 1783 1728 θεολογεῖ.
1822 1655 1885 1713 Ut

2077 1658 2150 1713 Tus
2202 1658 2266 1714 in
2293 1659 2531 1730 epistola
2559 1660 2640 1715 ad
2667 1670 3048 1717 conterraneos
3079 1677 3223 1718 meos
3254 1664 3598 1722 Colossenses
3625 1665 3690 1719 1ιί
3690 1699 3716 1738 ε

301 1748 472 1805 verbis
501 1746 811 1817 theologica
835 1744 1275 1816 philosophatur.
1316 1746 1386 1799 Et
1404 1743 1676 1800 Colossas
1704 1742 1846 1799 olim
1876 1751 2082 1815 postea
2112 1752 2337 1804 mutato
2369 1748 2615 1805 nomine
2646 1750 2876 1806 Chonas
2922 1749 3163 1815 dictam,
3195 1752 3407 1823 probat
3437 1752 3713 1811 Morellus

299 1854 360 1895 ex
379 1837 578 1894 lexico
610 1834 1019 1907 manuscripto
1046 1832 1382 1901 Vascosani,
1408 1849 1596 1905 eoque
1613 1832 2009 1888 vetustissimo
2048 1836 2325 1892 manibus
2347 1837 2657 1909 cujusdam
2685 1854 2759 1895 ex
2792 1838 3093 1895 Michaelis
3122 1840 3299 1896 Pselli
3339 1841 3712 1898 auditoribus

294 1930 589 2001 descripto
621 1928 715 1995 (ὑὶ,
746 1927 808 1982 in
840 1941 959 1998 quo
990 1924 1314 1998 legebatur,
1347 1921 1622 1979 Κολοσσιὶ
1647 1921 1822 1986 πόλις
1852 1929 1933 2000 Φρ

2069 1944 2113 1993 ς,
2171 1925 2225 1978 αἱ
2283 1928 2376 1979 νῦν
2428 1924 2720 2001 λεγόμεναι
2784 1930 2991 1982 Χῶναι”
3053 1926 3173 1981 ὅθεν
3230 1928 3317 1982 καὶ
3380 1925 3708 1991 Κολοσσαεῖς

292 2022 376 2093 (c).
408 2021 648 2077 Colossz
676 2019 808 2074 urbs
837 2017 1115 2088 Phrygiae,
1147 2031 1273 2088 quae
1299 2031 1451 2072 nunc
1479 2015 1678 2072 Chonae
1714 2016 1944 2085 dicitur,
1992 2016 2140 2073 unde
2179 2020 2229 2071 et
2279 2016 2633 2075 Colossenses.
2667 2020 2737 2074 Et
2789 2018 3025 2091 probari
3057 2025 3347 2091 praeterea
3391 2026 3587 2093 potest
3640 2038 3714 2077 ex

295 2110 690 2167 Constantino
720 2106 1228 2179 Porphyrogenito
1264 2106 1325 2161 in
1360 2105 1617 2161 themate
1649 2106 1934 2163 Thracesii

2067 2103 2417 2162 11.Κολοσσαὶ
2450 2106 2505 2161 αἱ
2560 2110 2653 2161 νῦν
2687 2106 2979 2185 λεγομὲναι
3013 2109 3222 2177 Χῶναι,
3282 2109 3345 2164 οὗ
3401 2108 3514 2165 ἐστι
3580 2110 3706 2174 νοὸς

293 2193 589 2269 διαϐόητος
618 2199 719 2251 τοῦ
751 2193 1103 2270 ἀρχαγγέλου
1149 2192 1407 2267 Μιχαήλ.
1440 2196 1689 2263 Cclossas,
1721 2209 1848 2267 qua?
1875 2211 1932 2250 ιιι

2075 2196 2275 2265 Ilionae,
2308 2198 2405 2253 ubi
2435 2199 2639 2254 visitur
2664 2199 3084 2256 celeberrimum
3114 2201 3380 2273 templum
3436 2201 3714 2259 Michaelis

287 2287 847 2362 archangeli.Neque
865 2286 1143 2342 dissentit
1163 2284 1636 2357 TheOphylactus
1657 2301 1926 2341 commen

2075 2284 2288 2343 dictam
2311 2287 2626 2359 epistolam
2645 2288 2832 2345 Pauli.
2850 2285 3021 2351 Πόλις
3049 2289 3291 2364 Φρυγίοις
3323 2290 3379 2344 αἱ
3420 2291 3714 2360 Κολοσσαὶ,

284 2379 336 2431 αἱ
364 2381 455 2432 νῦν
487 2374 791 2451 Λεγόμενκι
822 2376 1032 2441 Χῶναι,
1064 2372 1154 2427 καὶ
1186 2369 1358 2442 δῆλον
1391 2370 1451 2426 ἐκ
1477 2375 1575 2428 τοῦ
1602 2374 1706 2441 τήν
1737 2370 1923 2429 Λαοδίι

2080 2374 2220 2429 εἶναι
2249 2372 2513 2444 πλησίον.
2547 2376 2813 2450 Phrygiae
2842 2379 2973 2435 urbs
2990 2388 3069 2436 est
3101 2380 3361 2447 Colonas,
3392 2398 3516 2453 quae
3559 2399 3709 2439 nunc

284 2467 493 2524 dicitur
526 2466 752 2532 Charite,
787 2464 930 2536 quod
962 2462 1088 2519 inde
1113 2464 1466 2535 perspicuum
1496 2470 1595 2530 est,
1625 2463 1767 2536 quod
1799 2464 2063 2523 Laodicea
2093 2465 2225 2521 huic
2251 2467 2325 2521 sit
2354 2465 2558 2534 vicina,
2589 2468 2659 2522 Et
2687 2485 2758 2523 ex
2786 2469 3217 2526 recentioribus
3245 2470 3485 2528 Wolﬁus
3507 2472 3569 2529 in
3599 2489 3712 2529 no-

286 2557 357 2612 tis
385 2556 459 2613 ad
488 2555 596 2612 lib.
632 2571 681 2609 vr
714 2553 1040 2610 Choniatae.
1079 2552 1227 2609 Unde
1254 2550 1508 2624 suspicor
1538 2551 1827 2609 Choniatas
1847 2557 1965 2625 post
1996 2555 2318 2626 appellatos,
2349 2557 2447 2627 qui
2474 2555 2609 2612 olim
2649 2558 2982 2615 Colossenses
3030 2560 3177 2616 dicti
3229 2563 3406 2631 fuere,
3455 2562 3527 2618 ad
3580 2578 3716 2634 quos

284 2646 507 2717 epistola
536 2644 659 2700 divi
693 2644 863 2699 Pauli
883 2649 1086 2699 exstat.

362 2736 611 2791 Possent
647 2732 1042 2788 nihilominus
1089 2730 1225 2787 huic
1274 2730 1361 2787 rei
1405 2729 1785 2787 difﬁcultates
1832 2732 2074 2803 opponi.
2124 2734 2388 2806 Namque
2434 2733 2684 2805 populos
2731 2751 2804 2790 ex
2857 2736 2968 2792 hac
3012 2736 3308 2809 Phrygum
3352 2738 3500 2794 urbe
3548 2745 3716 2796 vocat

301 2824 503 2879 Strabo
556 2823 633 2895 (ά)
680 2822 1058 2878 Colossenos.
1109 2816 1443 2881 Κολοσσαεῖς
1508 2836 1644 2875 vero
1700 2819 2068 2888 Colossenses,
2118 2821 2438 2879 multorum
2497 2823 2774 2897 sutl‘ragio
2801 2824 3014 2880 Rhodii
3046 2825 3159 2897 ipsi
3187 2832 3612 2899 nuncupantur
3641 2846 3713 2886 ex

304 2917 465 2967 vasto
491 2912 707 2968 colosso
739 2913 803 2968 in
832 2913 1123 2967 honorem
1154 2910 1298 2966 solis
1329 2916 1648 2967 exstructo.
1680 2909 1925 2966 Suidas:

2067 2915 2298 2973 .aons‘iq
2331 2911 2382 2965 oi
2428 2907 2652 2979 Ῥόδιοι,
2704 2908 2904 2973 οἵτινες
2962 2912 3256 2983 ἀνέστησαν
3316 2912 3371 2969 ἐν
3428 2919 3497 2990 τῇ
3555 2917 3706 2989 νήσῳ

307 2995 550 3074 χαλκοῦν
579 2998 860 3075 ἀνδριάντα
888 3001 986 3054 τοῦ
1018 2997 1204 3069 ἡλίου,
1237 2999 1296 3053 ’ὀν
1330 2997 1420 3053 διὰ
1450 2996 1513 3053 τό
1547 2996 1772 3073 μέγεθος
1798 2996 1946 3053 ἒκάλι

2085 2997 2376 3055 κολοσσόν.
2430 3001 2768 3059 Colossenses
2806 3002 3007 3060 Rhodii
3059 3008 3208 3074 sunt,
3264 3006 3361 3077 qui
3414 3016 3711 3063 erexerunt

299 3092 358 3145 in
389 3092 571 3148 insula
597 3107 803 3149 tuream
834 3099 1075 3146 statuam
1102 3090 1229 3157 soli,
1260 3104 1431 3161 quam
1459 3090 1525 3146 ob
1554 3090 1871 3146 vastitatem
1890 3105 1938 3145 cc

2072 3107 2162 3145 um
2191 3091 2571 3161 appellarunt.
2604 3092 2674 3145 Et
2727 3106 2863 3148 voce
2921 3088 3128 3154 Ῥόδος.
3189 3088 3379 3156 Ῥόδος
3431 3095 3466 3163 ἡ
3519 3100 3711 3165 νῆσος,

295 3179 414 3245 ἣτις
447 3179 538 3234 καὶ
569 3178 763 3243 Λίνδος
804 3176 1080 3243 καλεῖται,
1108 3177 1200 3232 καὶ
1234 3175 1571 3239 Κολασσαεῖς
1604 3177 1658 3231 οἱ
1687 3176 1934 3251 οἷκήτορε

2086 3178 2119 3232 ὰ
2173 3179 2263 3234 τὸν
2327 3176 2622 3236 κολοσσὸν.
2687 3181 2903 3239 Rhodus
2969 3184 3185 3252 insula,
3245 3184 3451 3242 Lindus
3506 3202 3718 3261 quoque

292 3272 636 3342 nuncupata,
655 3275 708 3325 et
731 3271 889 3327 illius
920 3269 1254 3325 habitatores
1273 3277 1497 3339 propter
1523 3268 1793 3324 colosvum
1816 3267 2328 3325 Colossensesdicti.
2362 3271 2703 3328 Eustathius
2759 3273 2820 3327 in
2878 3273 3240 3346 Periegetem
3273 3292 3287 3330 :
3349 3273 3448 3330 Διά
3509 3272 3569 3331 δὶ
3621 3276 3714 3331 τὸν

290 3355 565 3431 ἀνώτερον
620 3356 853 3433 ῥηθέντα
905 3354 1075 3433 μέγαν
1131 3353 1398 3411 κολοσσὸν
1458 3354 1549 3410 καὶ
1601 3352 1957 3425 Κολοσσαεῖς,
2025 3356 2099 3416 ὡς
2158 3354 2218 3411 ἐκ
2279 3356 2518 3430 μεγάλου
2574 3360 2926 3433 παρασήμου,
2985 3358 3281 3418 ἐκαλοῦντο
3353 3363 3406 3418 οἱ
3487 3360 3720 3423 Ῥόδιοι.

292 3448 532 3515 PrOpter
548 3448 675 3520 jam
700 3464 869 3519 supra
897 3454 1163 3503 assertum
1191 3448 1485 3511 colossum,
1515 3448 1687 3502 etiam
1717 3445 2077 3516 Colossenses,
2102 3445 2284 3503 veluti
2322 3463 2393 3503 ea:
2418 3465 2619 3519 magno
2687 3450 2921 3519 insigni,
2978 3451 3180 3509 Rhodii
3233 3455 3718 3526 nuncupabantur.

295 3536 517 3594 Eadem
546 3536 771 3594 habent
801 3536 1085 3609 Georgius
1116 3535 1437 3606 Cedrenus,
1466 3535 1725 3591 Joannes
1757 3536 2033 3599 Zonaras,
2066 3535 2313 3591 Michael
2347 3536 2576 3607 Glycas,
2603 3538 2861 3594 Joannes
2892 3540 3298 3597 Antiochenus
3336 3542 3399 3597 in
3451 3543 3724 3599 Archmo-

295 3626 474 3698 logia,
506 3632 566 3682 et
594 3626 715 3682 alii.
749 3626 899 3682 Hinc
931 3641 1052 3681 non
1082 3625 1449 3699 dignoscitur
1468 3640 1650 3696 quare
1680 3623 1877 3695 potius
1900 3623 1973 3679 ad
2004 3624 2321 3681 Chouiatas
2353 3640 2526 3696 quam
2558 3626 2634 3681 ad
2661 3626 2920 3682 Rhodios
2948 3627 3277 3700 inscripitio
3309 3629 3410 3685 illa
3458 3630 3722 3701 epistolas

305 3714 509 3769 referri
542 3713 776 3771 debeat.
808 3718 1088 3770 Attamen
1114 3730 1249 3771 cum
1279 3716 1340 3770 in
1367 3730 1439 3770 ea
1456 3712 1673 3770 Paulus
1705 3712 2025 3781 Laodiceae,
2059 3720 2117 3769 et
2148 3714 2530 3785 Hierapoleos
2559 3731 2819 3786 quoque,
2852 3715 3186 3772 vicinarum
3217 3718 3476 3789 urbium,
3501 3719 3718 3775 memi-

303 3803 459 3857 nerit
483 3804 578 3876 (e),
617 3803 790 3876 longe
820 3803 1079 3859 similius
1107 3819 1244 3859 vero
1276 3808 1369 3860 est
1396 3802 1777 3858 Colossenses
1813 3817 1933 3856 non
1964 3802 2115 3858 alios
2147 3819 2276 3858 esse
2307 3818 2485 3873 quam
2517 3818 2617 3858 eos
2647 3803 2805 3874 ipsos
2836 3804 2937 3875 qui
2966 3804 3026 3860 in
3075 3805 3391 3862 Choniatas
3449 3806 3722 3863 decesse-

313 3897 466 3958 runt,
498 3899 554 3948 et
582 3893 849 3949 Colossas
878 3909 1008 3948 esse
1040 3909 1192 3964 qum,
1212 3898 1439 3950 mutato
1471 3898 1678 3965 postea
1702 3892 1967 3959 nomine,
1998 3890 2213 3946 Chonm
2244 3889 2416 3945 dictae
2448 3896 2625 3957 sunt;
2659 3890 2816 3960 quod
2873 3897 3043 3947 acute
3099 3900 3485 3965 perspexerat
3534 3895 3721 3951 Theo-

314 3978 634 4052 phylactus,
669 3999 806 4038 cum
833 3982 1121 4038 scriberet
1153 3998 1166 4038 :
1202 3980 1303 4037 Kal
1334 3978 1506 4049 δῆλον
1539 3979 1597 4035 ἐκ
1618 3982 1715 4035 τοῦ
1739 3980 1840 4048 τὴν
1872 3988 1953 4036 Aa

2086 3998 2192 4033 ειαν
2224 3978 2359 4032 εἶνχι
2387 3976 2650 4047 πλησίον.
2687 3979 2836 4048 Quod
2866 3979 2996 4036 inde
3024 3982 3376 4053 perspicuum
3432 3987 3529 4052 est,
3590 3985 3723 4055 quia

316 4068 573 4130 Laodicea
598 4074 729 4129 huic
756 4076 831 4129 sit
863 4073 1070 4130 vicina.
1104 4075 1303 4145 Neque
1333 4073 1528 4130 obstat
1548 4089 1618 4130 ex
1646 4072 1740 4128 his
1769 4069 2027 4127 Colossis
2059 4069 2405 4126 Strabonem
2439 4066 2791 4125 Colossenos
2821 4085 3188 4143 nuncupare.
3217 4071 3481 4145 Namque
3541 4072 3599 4129 id
3659 4074 3723 4129 in

324 4156 451 4216 aliis
470 4178 701 4235 quoque
733 4161 1006 4217 videmus
1035 4161 1200 4218 varia
1222 4162 1420 4219 etl'erri
1441 4161 1819 4218 formatione.
1851 4160 1919 4214 Et
1945 4174 2021 4213 ne
2052 4158 2113 4213 in
2141 4157 2423 4230 exemplis
2443 4156 2809 4213 adducendis
2839 4159 3062 4215 nimius
3092 4161 3229 4228 sim,
3255 4179 3441 4235 pauca
3471 4163 3724 4220 tradam.

325 4247 488 4306 Chios
514 4269 584 4309 ex
612 4254 759 4309 Chio
789 4252 991 4309 insula
1020 4253 1327 4310 oriundios
1359 4252 1662 4309 communi
1694 4250 2051 4322 scriptorum
2073 4264 2183 4305 usu
2210 4264 2488 4304 vocamus
2522 4264 2535 4304 :
2567 4264 2688 4304 non
2709 4247 2948 4305 defuere
2980 4257 3204 4322 tamen,
3237 4253 3338 4325 qui
3389 4259 3447 4310 et
3493 4254 3728 4310 Chiotas

325 4333 599 4408 dixerunt,
634 4349 699 4399 ut
718 4342 920 4398 videre
951 4348 1041 4398 est
1070 4343 1131 4400 in
1149 4343 1479 4399 Memnonis
1509 4341 1801 4413 excerptis
1832 4338 1987 4412 apud
2017 4338 2314 4395 Photium.
2338 4338 2419 4393 Ex
2468 4338 2762 4410 Byzantio,
2822 4338 2920 4394 alii
2972 4340 3299 4411 Byzantios,
3351 4341 3453 4397 alii
3512 4344 3728 4414 Byzan-

329 4424 496 4495 tinos,
524 4430 622 4488 alii
650 4431 1071 4505 Byzantianos,
1099 4448 1203 4489 seu
1228 4431 1704 4504 Byzantinianos,
1738 4434 1797 4486 et
1818 4428 2056 4484 tandem
2089 4430 2384 4486 Vitruvius
2414 4430 2730 4501 Byzanteas
2752 4428 2855 4485 lib.
2889 4447 2989 4485 vn.
3023 4432 3103 4486 Ex
3158 4432 3372 4489 Gadira
3423 4433 3728 4502 Gadireus,

324 4518 381 4567 et
407 4518 702 4590 Gadirites,
737 4528 798 4578 et
824 4521 1150 4592 Gadirmus,
1183 4527 1243 4578 et
1290 4520 1618 4578 Gadirenus
1650 4536 1663 4586 ;
1696 4525 1755 4575 et
1785 4518 2103 4574 innumera
2122 4518 2244 4574 fere
2286 4518 2525 4574 similia.
2582 4518 2709 4574 Non
2767 4523 2858 4573 est
2913 4535 3050 4591 ergo
3105 4521 3326 4575 mirum
3374 4519 3724 4575 Colossenos

328 4600 612 4667 Strabonis
644 4612 708 4667 in
739 4611 1128 4669 Colossenses
1159 4611 1401 4668 abiisse.

393 4694 495 4752 Sed
524 4717 638 4770 qua
666 4700 740 4757 de
773 4716 956 4757 causa
984 4700 1262 4769 Colossaa,
1296 4717 1475 4773 quam
1504 4697 1667 4754 πόλιν
1704 4696 1947 4774 μεγάλην
1969 4706 2032 4775 Φε

2090 4698 2241 4775 γίης,
2273 4714 2541 4767 magnam
2563 4697 2829 4770 Phrygiae
2862 4698 3072 4765 urbem,
3114 4697 3339 4754 vocavit
3399 4697 3727 4756 Herodotus

332 4779 388 4834 in
420 4784 721 4860 Polymnia,
753 4807 977 4847 nomen
1003 4791 1065 4846 in
1096 4791 1325 4848 Chonas
1354 4790 1799 4847 immutaverint
1817 4790 1844 4844 ‘l
1873 4792 2096 4847 Menma
2122 4790 2456 4845 Grmcorum
2479 4792 2687 4842 natum
2711 4785 2796 4840 illi
2818 4802 3036 4842 nomen
3059 4801 3130 4842 ex
3160 4787 3458 4844 Michaelis
3479 4788 3734 4846 archan-

333 4870 438 4941 geli
462 4875 518 4933 in
547 4880 750 4937 eadem
782 4880 931 4937 urbe
963 4886 1194 4955 patrato
1223 4880 1512 4936 miraculo
1544 4884 1806 4936 narrant.
1843 4883 1989 4936 Dum
2021 4879 2180 4935 enim
2210 4875 2482 4950 gentiles,
2515 4872 2650 4930 odio
2682 4873 3026 4930 Christianae
3057 4876 3383 4950 religionis,
3416 4877 3730 4935 ﬂuviorum

335 4954 413 5014 ibi
437 4954 1174 5041 prasterlluentiumaquas
1203 4969 1266 5026 in
1296 4985 1484 5027 unum
1514 4970 1830 5033 corrivant,
1862 4973 1927 5024 ut
1948 4984 2152 5025 earum
2184 4966 2407 5037 impetu
2438 4969 2496 5019 et
2516 4962 2686 5035 copia
2714 4961 2909 5018 locum
2942 4969 3003 5020 et
3029 4966 3320 5039 templum
3346 4967 3455 5025 sub
3487 4970 3731 5026 nomine

336 5045 605 5113 licbaelis
625 5065 891 5116 erectum
924 5059 1290 5132 demergant,
1324 5058 1571 5115 Michael
1599 5057 1811 5114 baculo
1835 5073 2041 5114 saxum
2064 5056 2329 5129 pulsans,
2354 5051 2581 5108 hiatum
2612 5051 2972 5124 aperuit,qui
3004 5054 3224 5112 molem
3256 5057 3422 5114 illam
3442 5073 3732 5131 aquarum

336 5136 624 5224 absorpsit,
656 5155 715 5207 et
745 5150 1066 5224 templum,
1094 5155 1151 5206 et
1180 5150 1613 5208 deservientem
1644 5149 1730 5205 illi
1761 5149 2065 5205 hominem
2097 5148 2169 5203 ab
2208 5146 2407 5203 illuvie
2439 5144 2540 5199 illa
2589 5144 2844 5201 servavit
2902 5146 3286 5208 incolumem.
3318 5152 3388 5207 Et
3443 5168 3579 5208 cum
3627 5167 3734 5223 per

335 5222 537 5292 hiatum
557 5239 725 5297 illum
756 5222 953 5296 instar
982 5238 1369 5306 infundibuli,
1403 5239 1562 5311 quod
1591 5239 1808 5296 Graecis
1839 5238 1995 5312 χώνη
2046 5242 2155 5305 est,
2213 5252 2384 5307 aqum
2441 5233 3011 5306 transmitterentur,
3059 5238 3187 5296 loco
3247 5246 3307 5296 et
3363 5239 3495 5296 urbi
3547 5222 3732 5295 Χῶναι

340 5317 520 5403 ξθιωιδ
544 5344 761 5387 nomen
785 5329 1054 5386 inditum
1084 5334 1193 5385 est-
1218 5327 1417 5400 Φθόνῳ
1454 5325 1748 5400 τηκόμενοι
1780 5325 1870 5382 ἐπὶ
1889 5331 1979 5381 τοῖ

2092 5319 2365 5399 αραόόξως
2390 5319 2710 5398 γενομένοις
2741 5320 2792 5377 ἐν
2846 5328 2918 5396 τῷ
2974 5328 3088 5397 ναῷ
3136 5330 3234 5382 τοῦ
3284 5326 3731 5403 ἀρχιστρατήγου

341 5399 573 5495 ξίιχαήλ,
621 5417 815 5495 ἄνδρες
863 5415 1253 5487 ἑλληνίζοντες
1302 5416 1395 5472 τὸν
1447 5399 1815 5493 παραβῇοντα
1874 5413 2099 5492 ἐγγύθεν
2158 5411 2405 5483 ποταμὸν
2456 5405 2892 5468 ἐϐουλλεύσαντο
2933 5413 3070 5469 κατά
3122 5420 3221 5469 τοῦ
3272 5399 3404 5470 νάόο
3481 5399 3732 5487 στρέψαι,

343 5489 461 5580 ᾦπι
506 5504 589 5560 καί
639 5509 731 5565 τὸν
783 5509 915 5565 ναὸν
959 5505 1318 5575 κατακλύσαι,
1373 5504 1466 5561 καὶ
1534 5506 1625 5563 τὸν
1677 5505 2051 5580 προσμὲνονται
2106 5503 2251 5573 αὐτῷ
2301 5497 2467 5574 ἀνδρα
2517 5498 2701 5575 τίμιον
2741 5502 2834 5557 τὸν
2868 5503 3182 5580 Ἄρχιππον
3216 5501 3501 5560 ἀπολέσαι.
3538 5502 3734 5561 Φανεὶς

345 5576 396 5636 δῖ
431 5592 507 5646 καὶ
546 5598 707 5668 μόνος
744 5600 773 5655 ό
833 5601 985 5661 θεῖος
1054 5595 1520 5674 ἀρχιστράτηγος,
1577 5595 1668 5652 καὶ
1718 5576 1932 5671 θαρρεῖν
1987 5589 2445 5669 ἐγκελευσάμενος
2506 5588 2588 5662 τῷ
2668 5576 3013 5667 Ἀρχὶππῴξ
3072 5592 3307 5663 πλήσσει
3385 5586 3572 5665 ῥάϐδῳ
3636 5590 3735 5657 τήν

395 5715 611 5839 4921ωο
641 5729 829 5802 ipsius
844 5725 1034 5787 Pselli
1059 5724 1292 5783 lexicon
1320 5741 1580 5809 graecum
1603 5742 1698 5782 me
1734 5724 1792 5780 in
1819 5722 1974 5779 codi-

395 5800 407 5835 1
443 5806 500 5839 us
526 5797 824 5839 ηιιαοηςινο
860 5797 1055 5839 nrnl'm
1086 5797 1333 5839 mnminl
1385 5800 1419 5839 Δ
1480 5798 1552 5839 Π-

2091 5719 2218 5775 πάνυ
2251 5717 2451 5774 bibliis
2470 5718 2931 5774 vaticanistid.
2959 5718 3134 5773 etiam
3169 5716 3219 5769 ἐν
3253 5713 3730 5772 Κολοσσαῖς.Α.Μ.

2156 5792 2233 5839 (di
2254 5788 2379 5839 Lib.
2414 5806 2509 5839 xu.
2542 5790 2701 5839 circa
2731 5788 2926 5839 finem.

364 5797 500 5835 Clbn:
526 5797 824 5835 nimus—nam..-
860 5797 1055 5835 nrt-Jun
1086 5797 1265 5835 mam;

443 5806 500 5847 us
526 5788 824 5860 obesi-vare
858 5797 1055 5876 probe
1086 5788 1357 5855 memini.
1379 5800 1446 5854 A.
1480 5798 1553 5852 Μ.
2156 5792 2233 5932 (άζ
2254 5788 2379 5845 Lib.
2413 5806 2509 5857 xu,
2542 5790 2701 5845 circa
2731 5788 2926 5843 finem.

443 5861 475 5929 ε)
499 5865 811 5932 Κολοσσιεῗς
832 5876 899 5930 et
931 5865 1270 5930 Κολασσαεῖς
1302 5869 1490 5925 variat
1534 5868 1597 5925 in
1652 5866 1796 5932 ipsis
1860 5868 1975 5926 τοῖς
2159 5864 2210 5932 (e
2262 5861 2484 5917 Coloss'
2518 5877 2595 5926 ιγ,
2629 5862 2714 5914 13.

420 5861 475 5929 (ε)
499 5865 811 5935 Κολοσσιεῗς
832 5861 899 5930 εἶ
931 5865 1270 5930 Κολασσαεῖς
1302 5869 1490 5925 variat
1534 5868 1597 5925 in
1652 5866 1796 5940 ipsis
1860 5868 1975 5926 τοῖς

1074 5873 1270 5930 tonsi:
1302 5869 1490 5925 variat
1534 5868 1597 5925 in
1652 5866 1796 5940 ipsis
1860 5868 1975 5926 τοῖς
2159 5861 2231 5934 (e)
2262 5861 2484 5917 Coloss-
2518 5877 2595 5926 ιγ,
2629 5862 2713 5914 13.
