4150 6292
360 292 449 354 πω
1795 269 1999 337 PREI

2101 268 2234 335 [ἹΟ.
3622 267 3740 331 294.-

367 435 545 493 susque
571 417 711 475 inde
744 418 1023 471 exortum
1052 427 1158 485 per
1177 414 1413 484 apertos
1431 425 1671 482 campos
1693 404 2030 480 exspatiari,
2055 404 2215 475 quod
2238 403 2457 461 mirum
2474 403 2633 461 haud
2655 402 2965 467 videbitur,
2994 401 3041 456 si
3065 401 3171 457 soli
3194 400 3356 493 illius
3378 407 3592 493 natura
3606 419 3744 493 con-

367 491 638 569 sideretur.
670 506 870 571 Quare
904 501 975 558 de
1007 500 1124 557 alio
1154 499 1403 558 ﬂumine
1433 497 1668 565 Cadmo,
1699 497 1915 554 iisdem
1944 501 2121 570 atque
2152 496 2338 568 Lycus
2385 494 2647 555 fontibus
2696 494 3024 560 exsiliente,
3058 492 3263 549 scribit
3306 491 3512 548 Strabo
3562 491 3671 549 lib.
3710 508 3747 549 χ

368 601 432 672 (Ρι
459 599 612 665 578):
649 593 997 667 Ὑπὲρκειται
1028 585 1085 644 δὲ
1111 589 1209 657 τῆς
1238 582 1562 648 Λαοδικείας
1592 581 1719 661 ὅρος
1751 581 1988 659 Κάδμοςη
2021 584 2073 655 ἐξ
2105 581 2170 638 οὗ
2204 583 2295 639 καὶ
2326 582 2354 638 δ
2386 584 2566 649 Λύκος
2623 580 2726 658 ῥεῖ»
2775 581 2866 637 καὶ
2912 579 3082 643 an":
3127 581 3425 655 ὁμώνυμος
3473 583 3553 653 τῷ
3606 576 3744 657 ὅθεν

442 684 595 742 πλέον
624 680 682 738 δὶ
712 682 878 742 οὗτος
910 678 1014 735 ὓπὸ
1041 684 1143 755 γῆς
1171 675 1343 754 ῥυεὶς,
1372 676 1473 732 εἴτ’
1503 675 1780 751 ἀνακύψας
1812 673 2087 731 συνέπεσεν
2131 673 2206 734 εἰς
2237 673 2400 729 ταυτὸ
2438 678 2557 735 τοῖς
2595 671 2793 735 ἄλλοις
2836 677 3133 747 ποταμοῖς,
3188 670 3469 749 ἐμφαίνων
3524 670 3637 747 ἃμα
3679 672 3742 726 τὸ

363 774 676 847 πολύτρητον
704 776 808 840 τῆς
840 768 1053 845 χώρας,
1085 765 1175 821 ml
1204 765 1266 822 τὸ
1298 760 1591 823 εὔπεπτον·
1626 763 1672 820 εἰ
1705 764 1807 842 γάρ
1838 784 1922 826 τις
1952 759 2118 832 ἃΛλη,
2151 764 2242 820 καὶ
2272 767 2308 834 ἡ
2341 761 2632 819 Λαοδίκεια
2681 761 2976 835 εὕσειστος,
3037 762 3128 817 καὶ
3171 768 3271 833 τῆς
3315 760 3744 838 πλησιοχώρου.

363 863 462 939 (Καὶ
492 862 605 936 μετ’
635 857 851 935 ὀλίγα,)
884 852 1094 937 Σχεδὸν
1124 852 1181 911 δὲ
1210 875 1262 911 τι
1295 849 1563 915 εὖπεωτός
1595 853 1708 909 ἐστι
1738 852 1829 908 καὶ
1861 854 2058 925 πᾶσαὴ
2091 853 2215 929 περὶ
2244 855 2336 909 τὸν
2368 851 2671 931 Μαίανδρον
2702 854 2862 933 χώρα
2900 852 2991 908 καὶ
3044 852 3318 926 ὑπόνομος
3368 851 3500 931 πυρῖ
3546 872 3605 907 τε
3658 852 3751 908 καὶ

363 951 484 1011 ὕδατι
512 950 681 1027 μέχρι
719 954 824 1019 τῆς
858 944 1177 1022 μεσογαίας.
1209 948 1395 1018 Supra
1432 945 1757 1001 Laodiceam
1801 946 1939 999 situs
1980 960 2002 998 c

2108 962 2247 1002 mons
2288 944 2541 1016 Cadmus,
2592 962 2618 1001 c
2656 962 2764 1014 quo
2817 946 2987 1016 Lycus
3045 942 3255 1014 deﬂuit,
3308 943 3548 1016 itemque
3604 946 3747 1003 alius

362 1046 505 1103 monti
530 1038 904 1112 cognominis,
935 1037 1034 1107 qui
1063 1052 1187 1091 cum
1215 1034 1368 1091 hand
1396 1035 1598 1105 exiguo
1626 1032 1811 1104 spatio
1844 1039 2046 1088 terram
2074 1034 2310 1103 subiens,
2342 1050 2639 1105 rursusque
2683 1050 2979 1104 emergens,
3032 1035 3269 1108 reliquis
3316 1037 3612 1092 misceatur
3639 1039 3752 1106 ﬂu-

360 1133 591 1197 minibus,
623 1128 791 1187 simul
823 1133 877 1183 et
917 1126 1105 1183 multis
1126 1124 1495 1194 foraminibus
1508 1125 1760 1197 perviam
1789 1123 2121 1178 demonstrat
2153 1138 2262 1179 esse
2282 1127 2578 1195 regionem,
2610 1130 2660 1179 et
2689 1123 2979 1179 obnoxiam
3014 1129 3179 1180 terra:
3208 1123 3462 1192 motibus,
3510 1131 3563 1179 et
3612 1126 3747 1180 vici-

360 1226 486 1279 niam
514 1221 668 1280 item.
699 1220 771 1275 Et
798 1232 961 1274 mox.
995 1215 1131 1270 Fere
1158 1220 1338 1270 autem
1370 1219 1486 1270 tota
1518 1213 1591 1268 ad
1619 1212 1961 1269 Maeandrum
1988 1214 2142 1283 regio
2169 1213 2335 1283 facile
2362 1213 2756 1269 terramotibus
2783 1214 3116 1280 concutitur,
3168 1219 3219 1268 et
3269 1213 3545 1271 cuniculos
3588 1206 3752 1269 habet

357 1316 465 1383 igne
492 1317 541 1367 et
571 1324 717 1380 aqua
737 1305 936 1381 plenos
966 1318 1135 1374 usque
1163 1302 1237 1359 ad
1279 1302 1695 1361 Mediterranea.
1730 1300 1842 1357 Sed
1874 1300 2164 1372 quidquid
2191 1302 2267 1358 sit
2296 1302 2366 1359 de
2396 1303 2529 1371 hoc,
2562 1307 2697 1358 ante
2729 1318 2907 1375 quam
2940 1300 3057 1358 alio
3078 1302 3266 1357 oratio
3292 1301 3749 1375 procedat,invi-

359 1415 539 1457 samus
567 1408 1038 1467 veneremurque
1072 1391 1357 1466 templum
1388 1390 1583 1463 ipsum
1612 1390 1916 1447 Michaelis
1945 1392 2789 1463 munificentissimum,.quod
2820 1393 3049 1449 Nicetas
3081 1393 3256 1449 nobis
3301 1400 3752 1487 conterraneus,

351 1489 444 1549 lib.
474 1505 543 1557 γι,
574 1488 637 1543 in
669 1502 785 1558 quo
814 1484 889 1541 de
938 1481 1201 1541 Manuale
1250 1482 1632 1553 imperatore,
1679 1481 1883 1555 paucis
1932 1496 1990 1536 re

2109 1486 2355 1538 ssentat:
2406 1479 2497 1537 κκὶ
2543 1480 2634 1537 τὸν
2686 1479 3092 1558 ἀρχαγγελικὸν
3139 1482 3263 1537 ναὸν
3310 1481 3492 1538 εἶσιὼν
3540 1479 3748 1563 μεγέθεί

354 1579 614 1654 μέγιστον,
646 1572 738 1628 καὶ
767 1569 966 1627 κάλλει
998 1566 1294 1624 κάλλιστον
1328 1565 1475 1635 ὄντα,
1506 1568 1597 1623 καὶ
1657 1568 1957 1642 θαυμασίας

2110 1570 2202 1644 ρὸς
2251 1568 2459 1623 ἃπαντα
2510 1562 2689 1644 ἔργον.
2747 1573 2815 1625 Et
2865 1572 3041 1629 aedem
3099 1573 3426 1645 archangeli
3470 1562 3749 1648 magnitu-

352 1670 460 1725 dine
484 1666 816 1733 maximam,
838 1660 1262 1735 pulchritudine
1284 1658 1744 1733 pulcherrimam,
1778 1666 1829 1715 et
1859 1658 2207 1716 admirabilis
2237 1658 2458 1714 omnino
2486 1657 2717 1728 artiﬁcii
2747 1674 2903 1730 opus,
2934 1657 3231 1729 ingressus.

406 1758 481 1814 Ex
510 1755 605 1810 his
634 1754 840 1825 itaque
872 1749 1090 1809 Chonis
1120 1754 1296 1807 natus
1322 1747 1640 1805 Choniates
1668 1749 1922 1819 Nicetas,
1962 1748 2249 1806 novennis
2282 1765 2316 1806 a
2345 1754 2510 1823 patre
2543 1749 2617 1806 ad
2644 1749 2991 1807 Michaelem
3020 1756 3165 1808 natu
3198 1752 3489 1823 majorem
3533 1756 3751 1827 Byzan.

353 1849 482 1905 tium
515 1845 799 1912 mittitur,
829 1840 1045 1898 litteris
1074 1839 1324 1913 aliisque
1354 1838 1683 1915 disciplinis
1714 1840 2123 1905 instruendus,
2157 1838 2318 1912 quod
2347 1843 2513 1896 tanta
2541 1855 2703 1908 cura,
2747 1839 2941 1897 studio
2992 1844 3052 1896 et
3095 1840 3296 1898 labore
3328 1859 3362 1897 a
3389 1842 3570 1901 fratre
3613 1860 3753 1917 per-

342 1940 542 1995 fectum
573 1939 687 1998 est,
720 1938 790 1990 ut
818 1929 1323 2002 quemadmodum
1353 1945 1631 1987 successu
1661 1930 1948 2004 temporis
1980 1929 2226 1986 Michael
2270 1928 2332 1985 in
2381 1930 2749 1988 Athenarum
2802 1931 3139 2003 praesidem,
3189 1932 3272 1989 ita
3316 1934 3551 1992 Nicetes
3594 1936 3750 1993 inter

343 2027 627 2103 primaria;
658 2022 1032 2082 auctoritatis
1061 2021 1213 2078 viros
1243 2021 1307 2076 in
1333 2019 1529 2079 aulam
1560 2026 1864 2094 exceptus,
1896 2022 1957 2078 in
1988 2019 2319 2077 scribarum
2359 2020 2757 2093 imperialium
2789 2038 3108 2081 numerum
3140 2023 3248 2079 sub
3280 2024 3545 2083 Manuale
3575 2029 3751 2087 Com-

344 2135 481 2175 neno
512 2114 768 2173 allectus
800 2112 898 2180 sit,
930 2114 989 2167 et
1018 2111 1300 2167 virtutum
1329 2127 1399 2168 ac
1450 2109 1857 2169 doctrinarum
1902 2110 2063 2168 fama
2111 2110 2268 2166 inter
2323 2110 2548 2183 primos
2594 2110 2749 2166 illius
2799 2110 2902 2168 aevi
2947 2111 3314 2171 inclaruerit.
3365 2116 3750 2178 Postmodum

342 2205 655 2264 Andronici
686 2199 1068 2275 tyrannidem
1094 2199 1348 2271 fugiens,
1374 2199 1530 2273 juris
1559 2199 1751 2257 civilis
1780 2200 1974 2257 studio
2007 2215 2134 2257 sese
2167 2198 2351 2269 dedit,
2380 2204 2557 2273 atque
2587 2199 2735 2255 adeo
2765 2200 3036 2273 profecit,
3064 2206 3130 2258 ut
3167 2202 3560 2277 quadriennio
3592 2214 3748 2282 post,

337 2294 667 2353 Andronico
698 2292 923 2349 misere
954 2293 1182 2357 euecto,
1215 2287 1322 2345 sub
1352 2288 1576 2346 Isaacio
1609 2288 1830 2362 Angela
1863 2289 2207 2361 Byzantium
2232 2306 2501 2347 reversus
2532 2291 2606 2347 ad
2635 2291 2891 2363 majores
2923 2293 3218 2352 honorum
3247 2295 3463 2368 gradus
3516 2305 3750 2357 evectus

338 2383 437 2441 sit:
472 2380 694 2455 quibus
713 2377 789 2434 ad
822 2375 1089 2433 excisum
1119 2392 1155 2431 a
1182 2375 1426 2433 Francis
1457 2375 1800 2449 Byzantium
1832 2374 2059 2451 integre
2090 2380 2484 2451 perfungitur.
2519 2381 2784 2451 Namque
2816 2382 2879 2441 in
2909 2382 3216 2441 Thraciam
3260 2385 3538 2451 mittitur,
3571 2393 3636 2444 ut
3666 2389 3745 2445 ibi

340 2470 562 2527 arcibus
595 2465 960 2535 reﬁciendis,
995 2463 1445 2537 civitatibusque
1476 2464 1954 2523 communiendis
1985 2473 2289 2539 praeesset,
2321 2474 2500 2540 atque
2546 2468 2692 2524 adeo
2751 2469 3101 2529 militarium
3149 2471 3427 2531 ordinum
3480 2474 3745 2539 delectus

335 2559 587 2617 haberet.
620 2556 719 2612 Sic
750 2555 933 2613 etiam
962 2553 1024 2608 in
1042 2552 1374 2626 provincias
1395 2558 1452 2609 et
1472 2553 1799 2625 municipia
1821 2554 1894 2612 ab
1918 2554 2048 2611 aliis
2065 2555 2526 2629 imperatoribus
2551 2557 2788 2626 missus,
2815 2574 3015 2617 rerum
3039 2576 3282 2619 summa)
3303 2563 3557 2634 prmfuit.
3584 2568 3741 2632 Quos

344 2649 593 2705 honores
624 2650 684 2702 et
714 2643 1115 2718 magistratus,
1153 2646 1220 2698 ut
1274 2641 1521 2699 Michael
1576 2642 1892 2700 Choniates
1935 2643 2094 2700 illius
2140 2644 2323 2700 frater
2360 2644 2585 2714 scribit,
2642 2645 2924 2705 continua
2970 2648 3401 2719 imperatorum
3448 2654 3745 2711 successio

351 2737 598 2808 integros
654 2733 1060 2804 illibatosque,
1117 2747 1227 2789 nec
1283 2746 1548 2803 unquam
1604 2731 1968 2805 interruptos
2025 2733 2425 2791 conservavit:
2481 2732 2600 2789 imo
2658 2734 2760 2806 qui
2815 2735 3350 2811 subsequebantur,
3411 2740 3751 2810 praeceden-

364 2822 510 2878 tibus
539 2839 671 2894 erga
697 2822 868 2878 illum
905 2819 1320 2877 benevolentia
1349 2820 1577 2876 anteire
1611 2821 1780 2894 quasi
1811 2821 2260 2893 contendentes,
2292 2821 2363 2878 ad
2396 2822 2676 2898 pristinos
2724 2822 2882 2879 illius
2929 2824 3186 2883 honores
3228 2825 3456 2898 aliquid
3502 2829 3748 2904 insuper

361 2909 720 2983 adjiciebant,
750 2910 863 2967 viri
895 2908 1183 2966 nimirum
1214 2909 1431 2965 virtute
1463 2908 1868 2983 obstupentes,
1898 2916 2250 2984 tantumque
2281 2928 2353 2968 ex
2371 2911 2620 2986 imperio
2651 2928 2757 2968 suo
2788 2912 3063 2973 imminui
3096 2914 3523 2985 existimantes,
3554 2935 3747 2991 quan-

350 3002 467 3055 tum
485 2998 557 3056 de
578 2999 905 3056 honoribus
927 2997 1091 3054 illius
1111 2997 1589 3056 imminueretur.
1616 2999 1865 3055 Uxorem
1886 2999 2094 3057 habuit
2123 3016 2191 3057 ex
2222 2999 2441 3057 illustri
2459 2999 2970 3059 Belissariotarum
2992 3004 3295 3076 progenie,
3317 3006 3486 3078 cujus
3499 3022 3744 3079 nomen,

338 3087 842 3162 quemadmodum
873 3091 935 3144 et
962 3086 1168 3160 patris,
1202 3093 1260 3143 et
1287 3103 1363 3145 an
1393 3104 1463 3144 ex
1494 3103 1564 3145 ea
1594 3089 1919 3159 susceperit
1948 3089 2168 3147 liberos
2198 3089 2537 3160 Choniates,
2568 3089 2942 3147 incommode
2969 3091 3154 3149 tacuit
3202 3092 3450 3153 Michael
3493 3095 3747 3154 Chonia-

332 3185 435 3247 tes,
467 3194 609 3235 cum
639 3177 947 3235 Michaelis
979 3181 1038 3232 et
1063 3177 1306 3233 Joannis
1338 3176 1853 3233 Belissariotarum
1881 3178 2132 3235 fratrum
2160 3178 2367 3236 laudes
2397 3178 2545 3236 adeo
2576 3178 2852 3252 ampliter
2899 3184 3471 3241 commemoraverit.
3529 3186 3745 3243 Verum

328 3268 588 3341 Byzantii
620 3265 790 3325 clade
822 3265 1064 3321 afflictis
1094 3266 1430 3322 Griecorum
1462 3265 1663 3335 rebus,
1696 3270 1754 3322 et
1780 3265 1936 3323 illius
1976 3267 2200 3325 aedibus
2244 3267 2666 3339 pulcherrimis
2715 3274 2892 3340 atque
2930 3270 3320 3343 amplissimis
3364 3272 3426 3331 in
3471 3274 3755 3348 Sporacio

327 3359 453 3416 sitis
484 3356 773 3416 incendio
804 3354 1157 3427 absumptis,
1189 3355 1330 3415 licet
1378 3355 1453 3412 ad
1485 3355 1643 3412 illius
1673 3355 2075 3414 habitaculum
2122 3356 2448 3433 porticibus
2497 3358 2776 3428 obsitum,
2827 3358 3077 3439 ideoque
3130 3360 3449 3421 obscurum
3494 3369 3552 3419 et
3594 3365 3759 3421 aditu

330 3448 596 3517 difﬁcile,
629 3464 703 3505 ex
732 3463 850 3520 quo
882 3451 1084 3503 tamen
1109 3452 1478 3519 opportunus
1511 3452 1636 3503 erat
1656 3445 1732 3505 ad
1760 3447 2099 3519 proximum
2130 3448 2421 3522 templum
2444 3450 2772 3506 maximum
2798 3465 3095 3517 accessus,
3115 3453 3505 3518 conﬂuerent,
3529 3471 3662 3513 cum
3686 3455 3757 3512 ab

333 3537 719 3611 aggressione
749 3535 1031 3603 militum,
1065 3536 1165 3609 qui
1195 3534 1347 3590 nihil
1376 3534 1794 3609 investigatum
1826 3536 2268 3607 relinquebant,
2301 3553 2427 3593 sese
2460 3536 2781 3595 defendere
2816 3554 2937 3594 non
2976 3538 3261 3605 valerent,
3295 3558 3403 3613 ope
3451 3540 3763 3611 cujusdam

337 3626 570 3694 Veneti,
605 3625 704 3682 cui
734 3625 956 3682 victum
982 3629 1293 3697 tutumque
1325 3629 1627 3697 receptum
1663 3623 1789 3699 ipse
1822 3626 2258 3699 suppeditabat,
2282 3626 2465 3681 armis
2484 3631 2543 3682 et
2563 3626 2809 3683 militari
2840 3627 3049 3685 habitu
3077 3646 3184 3699 pro
3210 3630 3565 3686 mercatorio
3599 3647 3764 3688 sum-

340 3716 475 3786 ptis,
505 3715 877 3791 praedatores
907 3714 1261 3787 aliquandiu
1289 3714 1522 3771 fortiter
1551 3715 1770 3771 mdium
1803 3716 2075 3789 ingressu
2106 3715 2337 3787 depulsi
2370 3721 2527 3787 sunt,
2552 3714 2693 3772 dum
2716 3732 2778 3773 se
2799 3717 3272 3777 commilitonem
3290 3724 3584 3787 eorum,et
3603 3721 3762 3778 mdes

340 3803 473 3861 illas
500 3820 957 3877 praeoccupasse
991 3803 1249 3872 simulat,
1280 3804 1758 3878 colloquiturque
1789 3822 1923 3862 cum
1956 3805 2073 3861 illis
2102 3804 2293 3879 patria
2321 3803 2543 3879 lingua,
2577 3821 2706 3876 quae
2737 3822 2832 3862 res
2874 3805 3231 3877 postulabat.
3279 3808 3390 3863 Sed
3438 3826 3596 3874 cum,
3647 3810 3764 3866 illis

348 3894 689 3953 catervatim
721 3892 1112 3956 irruentibus.
1140 3900 1198 3950 et
1237 3894 1581 3951 inhumanis
1630 3901 1809 3968 atque
1859 3894 2116 3951 efferatis
2166 3893 2440 3967 ingeniis,
2486 3894 2765 3952 resistere
2818 3910 2940 3951 non
2990 3901 3213 3968 posset,
3262 3897 3502 3955 tandem
3547 3898 3762 3956 Nicetes

346 3988 549 4039 auctor
575 3984 695 4040 fuit
720 3982 865 4039 inde
897 3982 1263 4052 discedendi,
1296 4000 1371 4041 ne
1402 3984 1652 4059 captiin
1694 3983 1930 4040 vincula
1971 3982 2085 4056 ipsi
2143 3982 2609 4056 conjicerentur,
2668 3982 2950 4040 mulieres
2999 3984 3074 4040 ad
3123 3991 3326 4059 stupra
3376 3992 3435 4043 et
3484 3986 3767 4045 libidines

346 4077 715 4145 raperentur.
748 4074 967 4129 Veneto
998 4072 1199 4143 itaque
1227 4071 1399 4142 duce,
1432 4078 1491 4129 et
1520 4078 1583 4129 ut
1612 4072 1875 4146 prmdam
1907 4089 2076 4128 suam
2125 4072 2468 4138 comitante,
2510 4072 2714 4131 tristes
2763 4077 2821 4128 et
2868 4073 3023 4131 male
3071 4076 3265 4132 vestiti
3316 4077 3391 4134 ad
3438 4076 3616 4146 mdes,
3662 4076 3765 4135 ubi

345 4161 465 4214 noti
497 4160 616 4217 illis
648 4160 854 4217 Veneti
880 4159 1247 4230 habitabant,
1282 4160 1678 4216 ducebantur.
1712 4162 1927 4217 Verum
1960 4160 2059 4216 ubi
2091 4160 2165 4217 ad
2191 4166 2419 4235 partem
2452 4161 2615 4218 urbis
2645 4162 2885 4218 Francis
2942 4162 3313 4236 adsignatam
3357 4182 3699 4239 pervenere,
3733 4183 3769 4222 a

346 4245 580 4307 famulis
610 4249 1024 4307 inhumaniter
1053 4248 1294 4314 deserti,
1319 4249 1522 4306 liberis
1553 4250 1655 4324 qui
1687 4249 1953 4306 nondum
1982 4249 2253 4324 progredi
2284 4256 2559 4324 poterant
2588 4250 2856 4311 humeris
2890 4252 3203 4332 impositis,
3228 4271 3334 4327 per
3353 4255 3584 4315 medios
3602 4257 3761 4313 vicos

344 4334 613 4397 incedere
642 4343 959 4412 coguntur,
991 4338 1354 4410 tandemque
1375 4344 1692 4413 postquam
1718 4338 1845 4395 dies
1876 4338 2139 4411 quinque
2169 4339 2233 4394 in
2261 4338 2406 4396 urbe
2430 4340 2777 4397 commorati
2800 4340 3057 4406 fuerant,
3082 4341 3429 4399 discessere.
3453 4344 3763 4403 Calamita‘

351 4429 466 4483 tem
494 4428 750 4503 augebat
777 4428 906 4485 dies
936 4444 1169 4503 aspera,
1202 4433 1263 4484 et
1289 4444 1438 4485 uxor
1464 4429 1682 4485 Nicetm
1712 4428 1906 4502 partui
1939 4427 2167 4485 vicina:
2200 4434 2259 4485 et
2312 4434 2379 4485 ut
2421 4428 2622 4486 omnia
2668 4429 3144 4504 perquirentium
3194 4430 3454 4487 militum
3501 4432 3764 4492 crudeli-

352 4519 529 4576 tatem
557 4525 735 4590 atque
765 4517 1081 4578 libidinem
1113 4517 1462 4591 effugerent,
1494 4518 1836 4590 quicunque
1868 4523 1995 4575 tum
2021 4517 2083 4574 in
2126 4534 2317 4575 unum
2362 4524 2762 4578 convenerant
2807 4519 3088 4579 mulieres
3136 4519 3198 4577 in
3240 4520 3500 4579 medium
3550 4537 3763 4593 agmen

346 4607 657 4680 recipiunt,
690 4615 750 4668 et
777 4608 1263 4669 adolescentulus
1306 4609 1523 4667 faciem
1580 4625 1746 4665 como
1792 4608 2050 4676 illinere,
2101 4613 2277 4680 atque
2320 4608 2402 4666 ita
2446 4626 2736 4682 genarum
2779 4609 3058 4668 ruborem
3108 4610 3481 4687 exstinguere
3522 4609 3761 4682 jubent.

347 4693 418 4751 Ut
443 4696 519 4755 ad
546 4698 745 4772 inclyti
776 4698 1062 4772 martyris
1093 4698 1261 4756 Hocii
1290 4699 1585 4772 templum
1612 4715 1768 4766 vere,
1802 4697 2069 4755 insolens
2100 4715 2168 4755 ac
2198 4698 2460 4755 nefarius
2481 4699 2721 4771 quidem
2742 4698 2914 4756 miles
2934 4699 3194 4772 puellam
3225 4700 3569 4769 formosam,
3596 4701 3762 4774 judi-

346 4782 433 4841 εἰς
477 4787 782 4861 cujusdam
813 4788 1027 4857 tiliam,
1060 4804 1091 4843 e
1124 4786 1319 4844 medio
1358 4804 1568 4845 eorum
1600 4793 1883 4859 tanquam
1922 4786 2094 4861 lupus
2124 4802 2333 4860 agnam
2367 4786 2646 4858 abripuit.
2670 4778 3076 4847 Consternatis
3124 4790 3462 4862 spectaculo
3511 4792 3767 4864 cmteris,

347 4876 557 4943 Puella
584 4889 751 4955 pater
781 4882 957 4941 senio
990 4884 1051 4941 et
1078 4879 1284 4936 morbo
1314 4880 1594 4950 afﬂictus,
1628 4885 1687 4937 et
1716 4879 1777 4936 in
1809 4895 2043 4936 ccenum
2073 4876 2404 4951 prolapsus,
2438 4877 2647 4933 crebro
2677 4878 2939 4941 Nicetam
2988 4896 3182 4946 orare,
3232 4886 3298 4939 ut
3338 4900 3445 4956 pro
3485 4882 3638 4939 virili
3687 4883 3762 4941 ad

347 4966 597 5031 puellam
612 4969 1091 5045 recuperandam
1117 4968 1227 5024 sibi
1250 4973 1409 5027 esset
1427 4969 1792 5040 adjumento.
1815 4967 1945 5037 llle,
1968 4966 2212 5039 vestigia
2230 4965 2485 5038 raptoris
2507 4982 2894 5039 persequens,
2911 4967 3027 5025 vim
3048 4969 3263 5029 factum
3279 4988 3400 5033 non
3422 4972 3549 5031 sine
3568 4971 3771 5042 lacry-

336 5052 452 5113 mis
468 5061 931 5130 proclamans,et
952 5057 1222 5132 gestibus
1239 5075 1411 5131 opem
1432 5057 1922 5132 praetereuntium
1936 5055 2192 5112 militum
2207 5054 2852 5129 implorans,quosdam
2870 5057 3050 5117 etiam
3067 5061 3345 5120 manibus
3358 5060 3761 5134 prehendens,

339 5154 543 5207 00mm
568 5152 802 5213 animos
832 5151 918 5207 ita
950 5147 1139 5215 ﬂexit,
1171 5153 1237 5203 ut
1265 5147 1629 5220 impudentis
1658 5147 1820 5204 illius
1853 5146 2095 5204 domum
2125 5144 2368 5219 perduci
2396 5143 2556 5216 passi
2584 5145 2742 5206 sint:
2774 5163 2890 5223 quo
2922 5164 3058 5205 cum
3105 5155 3345 5206 ventum
3398 5154 3578 5214 esset,
3628 5148 3769 5207 licet

333 5240 533 5304 t‘aptor
560 5241 979 5303 reluctaretur,
1016 5242 1077 5294 et
1106 5237 1169 5293 in
1198 5235 1426 5294 foribus
1457 5242 1621 5294 stans
1650 5236 1766 5293 vim
1796 5236 2057 5293 facturos
2092 5232 2431 5305 repelleret,
2462 5232 2657 5289 verbis
2688 5239 2908 5292 tamen.
2937 5237 3154 5295 Nicetis
3176 5239 3464 5311 persuasi,
3494 5237 3761 5308 puellam

338 5319 517 5379 minis
536 5327 606 5385 ab
626 5329 928 5403 impudico
953 5327 1061 5382 illo
1090 5330 1462 5397 extorquent,
1495 5332 1554 5381 et
1580 5326 1733 5398 patri
1765 5326 2103 5381 restituunt.
2131 5323 2225 5378 Sic
2250 5321 2398 5377 urbe
2417 5321 2711 5378 excedunt
2732 5324 2963 5381 Nicetas
3004 5342 3125 5382 una
3169 5332 3229 5381 et
3275 5327 3545 5393 comites,
3593 5343 3760 5397 prae-

339 5416 512 5491 eunte
570 5419 898 5491 patriarcha
921 5417 1057 5475 sine
1073 5413 1308 5480 baculo,
1334 5414 1461 5472 sine
1483 5415 1720 5484 calceis,
1748 5431 1867 5472 una
1893 5411 2159 5470 tunicula
2180 5410 2408 5467 induto.
2440 5409 2593 5470 Urbe
2625 5413 2868 5487 egressi,
2896 5413 3341 5489 Selybriamque
3368 5414 3635 5489 profecti,
3658 5431 3767 5487 pe-

340 5489 475 5557 dem
502 5489 958 5567 sistuntfamilia
989 5502 1295 5565 inviolata.
1320 5503 1436 5565 Sed
1454 5521 1589 5561 cum
1618 5503 1861 5561 horrido
1878 5501 2204 5559 oblectaret
2234 5515 2386 5574 pane
2416 5500 2618 5568 vitam,
2641 5507 2700 5558 et
2733 5503 2947 5581 pannis
2984 5508 3042 5559 et
3091 5503 3298 5576 inopia
3342 5503 3522 5559 nimis
3552 5502 3761 5575 miser,

343 5585 446 5649 ’ἶῠὶ
474 5593 631 5665 capia
662 5613 859 5654 rerum
893 5601 1079 5655 antea
1108 5595 1169 5649 et
1199 5591 1515 5665 splendore
1544 5591 1898 5665 dignitatum
1927 5589 2178 5648 celebris
2207 5589 2422 5659 fuerat,
2453 5589 2527 5647 ad
2557 5591 2883 5651 Ascanium
2919 5592 3115 5651 lacum
3143 5596 3206 5648 et
3234 5588 3522 5661 Bithyniae
3537 5594 3763 5644 metro-

344 5672 522 5768 pclim
551 5685 814 5761 Nicaeam,
847 5695 1146 5759 umquam
1176 5682 1436 5755 captivus
1467 5700 1600 5739 cum
1630 5681 1879 5756 reliquis
1908 5680 2272 5758 inquilinum
2306 5679 2443 5753 egit,
2475 5678 2588 5735 sibi
2618 5679 2820 5737 vivens
2852 5684 2910 5735 et
2942 5678 3120 5743 saluti
3148 5680 3362 5768 animae
3416 5672 3755 5768 providens.

352 5759 660 5833 valuerunt
686 5759 883 5852 itaque
920 5774 1114 5834 Graeci
1144 5772 1254 5840 illi,
1288 5772 1385 5844 qui
1419 5778 1542 5830 tum
1576 5773 1781 5830 Nicresc
1812 5771 2184 5840 habitabant,
2218 5774 2276 5825 et
2306 5786 2509 5826 eorum
2545 5769 2884 5843 imperator,
2920 5768 2977 5821 in
3019 5766 3165 5821 alios
3198 5764 3343 5825 adeo
3380 5759 3569 5820 on'usi,
3626 5761 3755 5811 lan-
