4150 6292
448 365 568 425 295
1757 355 2092 418 NICETAS
2134 353 2596 414 CHONIATES.
3732 361 3827 422 296

442 505 570 556 tum
600 499 788 553 virum
825 510 1066 552 suarum
1097 509 1272 566 opum
1299 509 1424 548 esse
1450 491 1831 565 indigentem,
1855 493 1922 545 ut
1950 489 2075 560 ipse
2117 485 2414 555 existimo,
2465 487 2624 558 quod
2655 488 3100 560 suspicarentur
3139 489 3434 560 eumdem,
3486 496 3547 546 et
3597 491 3834 564 reliquos

437 591 638 659 patres
661 583 1026 655 conscriptos
1045 580 1210 636 urbis
1234 579 1473 636 excidiit
1501 595 1741 635 causam
1766 577 1973 641 fuisse,
2002 575 2074 631 de
2105 591 2359 648 quorum
2393 591 2534 631 sane
2565 577 2786 648 iniquis
2808 578 3056 650 judiciis
3087 583 3275 636 exstat
3303 579 3458 652 apud
3485 580 3755 637 eumdem
3784 583 3835 638 in

437 676 552 732 fine
585 674 842 730 historia:
875 671 1114 744 querela
1143 670 1508 743 gravissima.
1543 670 1636 724 Sic
1663 669 1764 724 ille
1797 667 1909 724 sibi
1942 664 2234 731 redditus,
2269 673 2328 722 et
2355 667 2610 738 publicis
2641 668 2799 724 curis
2839 675 3170 742 exemptus,
3221 671 3532 742 scriptioni
3581 673 3829 730 animum

437 769 732 836 pacatum,
765 768 827 817 ut
859 767 924 816 ut
948 767 1146 816 tamen
1179 765 1429 832 poterat,
1462 759 1706 814 addixit.
1737 757 1958 814 Puellae
1990 761 2232 811 servata)
2260 757 2490 812 facinus
2522 758 2766 814 Michael
2798 760 2928 832 ejus
2977 760 3179 829 frater,
3228 765 3295 816 ut
3339 761 3506 817 fratri
3555 763 3832 836 gratiﬁca-

437 860 622 922 retur,
657 853 1228 926 magnillcentiorem
1251 857 1311 906 et
1338 849 1778 923 generosiorem
1802 848 1862 903 in
1894 847 2134 902 modum
2161 843 2404 910 extulit;
2453 846 2552 918 qui
2600 861 2720 901 non
2771 847 3304 920 supplicationibus
3349 855 3409 906 et
3459 850 3738 922 lacrymis
3787 859 3836 909 et

436 943 692 1000 aliorum
724 941 983 1008 auxiliis,
1013 941 1114 996 sed
1146 940 1388 1012 propria
1416 941 1631 994 Niceten
1661 938 1873 992 virtute
1905 944 1963 992 et
1989 935 2200 991 robore
2229 952 2354 992 rem
2389 941 2689 1008 peractam
2719 937 2904 994 fuisse
2938 944 3162 995 narrat.
3196 939 3412 996 Scribit
3453 941 3640 1010 enim,
3691 943 3831 1014 quod

433 1049 569 1088 cum
589 1031 712 1103 jam
737 1029 951 1103 puellae
969 1034 1241 1101 stuprum
1265 1029 1538 1084 illaturus
1565 1031 1723 1082 esset
1741 1025 2048 1089 barbarus,
2073 1023 2172 1078 ille
2197 1024 2323 1080 sine
2343 1025 2469 1081 ulla
2487 1041 2657 1082 mora
2681 1025 2741 1081 in
2768 1027 2998 1083 hostem
3021 1028 3256 1084 irruens
3295 1035 3581 1098 armatus,
3615 1036 3675 1087 et
3703 1048 3831 1088 uxo-

428 1136 556 1176 rem
586 1118 910 1191 legitimam
941 1133 1068 1172 esse
1101 1115 1434 1183 clamitans,
1467 1119 1642 1184 atque
1673 1112 1820 1168 adeo
1848 1111 2248 1168 acerbissimis
2279 1113 2555 1170 afllictari
2585 1115 2780 1172 modis
2811 1117 3130 1188 quiritans,
3157 1126 3217 1174 et
3264 1118 3542 1176 adulterii
3593 1121 3828 1176 crimine

427 1215 720 1277 avertens,
753 1207 1062 1264 ambarum
1095 1206 1413 1262 tenacitate
1443 1219 1727 1259 manuum
1756 1202 2134 1274 prehensum,
2167 1204 2504 1274 pancratice
2537 1221 2672 1260 cum
2703 1207 2872 1262 hoste
2927 1207 3302 1276 colluctatus,
3351 1209 3524 1280 cujus
3577 1211 3828 1268 animum

427 1316 628 1356 amore
659 1299 890 1356 ebrium
923 1297 1108 1354 libido
1139 1298 1503 1362 etl‘eraverat,
1535 1293 1610 1350 ad
1641 1310 1702 1349 se
1725 1293 2038 1349 retraxerit
2063 1309 2076 1358 ;
2108 1310 2218 1348 nec
2243 1294 2402 1366 prius
2426 1296 2854 1367 conquieverit,
2878 1314 3056 1370 quam
3080 1315 3115 1354 a
3143 1299 3386 1356 violenti
3418 1301 3602 1357 hostis
3647 1303 3830 1358 mani—

427 1388 536 1444 bus
568 1393 832 1460 ereptam
861 1387 1149 1459 virginem
1179 1391 1238 1440 et
1265 1383 1514 1440 illaesam
1544 1384 1672 1438 sine
1701 1381 1880 1438 ullius
1910 1381 2092 1445 caede,
2124 1383 2277 1454 patri
2308 1384 2656 1440 restituerit.
2702 1387 2839 1451 Quze
2888 1392 3090 1442 tamen
3144 1387 3206 1442 in
3253 1387 3532 1446 Michaele
3571 1391 3824 1459 tolerari,

427 1483 726 1534 oratorem
757 1482 988 1549 agente,
1021 1479 1332 1548 poterant:
1367 1479 1428 1529 at
1456 1473 1517 1528 in
1546 1473 1910 1528 Athenarum
1936 1472 2188 1543 prmside
2231 1477 2288 1526 et
2318 1473 2443 1528 viro
2499 1473 2897 1530 ecclesiastico
2950 1477 3083 1548 quis
3127 1477 3299 1546 ferat,
3349 1478 3612 1536 Nicetam
3660 1479 3720 1536 in
3767 1497 3830 1536 eo

422 1566 689 1638 facinore
721 1565 1077 1633 Abrahamo,
1107 1565 1330 1631 Isaaco,
1365 1561 1586 1630 Davidi,
1620 1560 1871 1624 Danieli,
1905 1560 2033 1615 Levi
2067 1565 2126 1615 et
2157 1561 2413 1618 Simeoni
2449 1564 2738 1635 prmferri,
2773 1569 2828 1620 et
2861 1565 3023 1636 quod
3061 1565 3234 1640 pejus
3282 1572 3394 1636 est,
3439 1568 3676 1624 Christo
3703 1569 3834 1642 'ipsi

424 1670 765 1727 comparem
798 1653 925 1710 fieri
946 1653 974 1708 ?

492 1743 754 1799 Plurima
783 1742 1040 1814 scripsit.
1075 1741 1163 1797 Ad
1194 1759 1302 1797 nos
1333 1759 1652 1814 pervenere
1685 1743 2007 1812 dogmatica
2035 1741 2198 1798 illius
2229 1743 2526 1812 Panoplia.
2574 1743 2732 1816 Opus
2781 1745 3058 1816 equidem
3107 1746 3426 1820 singulare,
3479 1747 3827 1818 eruditione,

421 1830 714 1894 doctrina,
748 1831 885 1894 fide,
917 1830 1278 1903 pietateque,
1311 1836 1370 1886 et
1399 1830 1574 1886 rebus
1605 1829 1736 1886 aliis
1766 1828 2312 1895 instructissimum,
2354 1829 2402 1884 si
2453 1845 2584 1901 quae
2637 1829 2736 1886 ille
2787 1848 2858 1888 ex
2913 1833 3234 1890 schismate
3281 1834 3610 1892 immiscuit
3657 1841 3824 1908 atque

421 1921 804 1981 concinnavit
833 1919 1058 1976 demas.
1089 1919 1214 1976 Illis
1245 1919 1540 1992 siquidem
1571 1919 2042 1992 pulcherrimum
2071 1917 2219 1974 alias
2249 1934 2395 1990 opus
2425 1919 2602 1974 veluti
2635 1921 2885 1976 maculis
2915 1927 2976 1976 et
3020 1923 3200 1977 nievis
3244 1925 3655 1981 contaminat:
3699 1941 3828 1983 cum

425 2010 718 2068 multaibi
752 2027 821 2066 ex
849 2008 1066 2065 Photii.
1121 2008 1340 2064 Nicolai
1397 2007 1817 2076 Methonensis,
1867 2008 2084 2064 Niceten
2133 2008 2402 2076 Stehtati,
2461 2010 2706 2066 Joannis
2755 2011 3298 2084 Hierosolymitani,
3354 2015 3603 2070 Joannis
3645 2014 3830 2072 Phur-

420 2118 550 2168 nes,
582 2096 883 2171 Euthymii
915 2095 1226 2170 Zygabeni,
1260 2096 1550 2152 Theodori
1577 2097 1885 2168 Smyrnaei,
1918 2101 1976 2150 et
2003 2095 2253 2152 aliorum
2287 2114 2520 2154 cmnoso
2551 2115 2731 2170 penu,
2783 2099 2856 2156 de
2902 2101 3281 2172 processione
3324 2103 3578 2176 Spiritus
3624 2105 3829 2173 sancti,

417 2190 662 2264 azymis,
692 2194 751 2245 et
780 2188 912 2244 aliis
943 2193 1240 2259 congerat.
1275 2187 1510 2242 Priores
1543 2191 1741 2242 tamen
1771 2185 1906 2242 libri
1940 2185 2038 2242 tali
2071 2186 2195 2241 luto
2226 2187 2475 2243 minime
2507 2188 2769 2260 obducti,
2813 2196 2873 2246 et
2923 2190 2998 2246 ob
3045 2192 3391 2263 gravitatem
3441 2194 3725 2261 materiae,
3773 2199 3828 2250 et

415 2279 665 2337 solidam
694 2278 989 2334 haeresum
1021 2275 1462 2344 refutationem,
1495 2292 1730 2343 necnon
1762 2291 1959 2332 earum
1998 2280 2303 2331 auctorum
2355 2293 2474 2332 non
2524 2276 2671 2334 adeo
2722 2279 2986 2352 cognitas
3034 2280 3332 2350 historias,
3384 2285 3442 2337 et
3489 2288 3825 2338 sanctorum

411 2370 654 2424 Patrum
687 2365 1050 2431 testimonia,
1084 2365 1244 2438 digni
1279 2370 1417 2420 sunt
1446 2365 1546 2436 qui
1591 2381 1626 2420 a
1670 2363 1958 2420 catholico
2007 2364 2246 2421 homine
2297 2367 2604 2424 volvantur
2649 2369 3162 2442 revolvanturque.
3214 2372 3532 2444 Exemplar
3561 2389 3596 2430 a
3625 2373 3822 2430 Niceta

410 2458 793 2530 descriptum,
822 2461 956 2530 post
984 2455 1198 2512 Niceue
1234 2455 1484 2520 obitum,
1514 2460 1583 2510 ut
1609 2460 1812 2511 narrat
1851 2455 2062 2510 Petrus
2106 2455 2404 2526 Morellus,
2455 2456 2530 2512 ad
2575 2457 2920 2516 Michaelem
2967 2460 3318 2517 Choniatam
3371 2461 3820 2518 Atheniensium

407 2546 724 2618 praesulem
751 2543 1127 2601 haareditario
1152 2544 1289 2616 jure
1322 2543 1596 2600 transiit:
1628 2561 1745 2616 quo
1775 2543 1918 2600 item
1951 2548 2204 2612 mortuo,
2238 2544 2301 2600 in
2329 2561 2544 2602 manus
2597 2546 2886 2603 Theodori
2939 2548 3283 2605 Scutariotie
3326 2549 3516 2606 levitas
3561 2551 3819 2622 Cyziceni

408 2639 603 2694 venit:
638 2635 962 2710 Cyzicoque
991 2651 1026 2691 a
1055 2635 1256 2690 Turcis
1284 2639 1530 2703 vastata,
1563 2634 1626 2690 in
1650 2634 2135 2706 frequentissima
2156 2633 2378 2689 montis
2407 2634 2660 2691 Athonis
2679 2637 3044 2693 monasteria
3073 2635 3433 2709 deportatur,
3471 2644 3647 2710 atque
3685 2639 3822 2696 inde

405 2727 649 2786 tandem
679 2725 968 2782 Lutetiam
999 2723 1328 2792 advectum,
1359 2723 1684 2796 venaleque
1715 2725 2236 2807 expositumhcum
2267 2730 2510 2796 propter
2539 2725 2630 2780 sui
2671 2723 3110 2783 deformitatem
3157 2733 3456 2800 emptores
3497 2744 3622 2786 non
3673 2745 3823 2787 nan-

405 2819 748 2884 cisceretur,
768 2816 1026 2872 Joannes
1057 2829 1092 2870 ιι
1121 2819 1326 2871 sancto
1353 2815 1588 2870 Andrea
1616 2815 1992 2886 redemptum
2023 2829 2058 2869 a
2087 2829 2171 2878 se,
2205 2812 2449 2869 Morello
2477 2814 2865 2872 evolvendum
2897 2815 3104 2882 mittit,
3138 2833 3173 2872 a
3203 2833 3320 2888 quo
3357 2819 3675 2891 epigraphe
3722 2818 3823 2875 de-

402 2906 721 2978 prehensa,
753 2908 810 2959 et
841 2920 962 2959 non
994 2901 1484 2965 carbonibus,sed
1513 2901 1794 2959 thesauro
1825 2903 1886 2958 in
1911 2901 2140 2974 paginis
2172 2899 2258 2955 illi
2289 2902 2408 2958 situ
2435 2907 2495 2958 et
2525 2903 2800 2974 squalore
2823 2903 2906 2959 ita
2925 2903 3290 2971 obductis,ut
3311 2905 3424 2961 nisi
3452 2912 3588 2978 post
3606 2907 3824 2963 multas

397 2995 626 3069 vigilias
656 2993 770 3066 legi
801 2993 1060 3064 potuerit
1088 2997 1344 3063 reperto,
1375 3008 1496 3047 non
1526 2991 1800 3046 universa
1829 2990 2024 3061 operis
2052 2989 2258 3055 moles,
2287 2991 2389 3047 sed
2418 2992 2686 3063 quinque
2716 2998 2947 3049 tantum
3003 2993 3142 3048 libri
3189 2993 3420 3066 priores
3461 2996 3526 3050 in
3557 2993 3820 3068 linguam

401 3085 675 3141 Latinam
699 3082 872 3148 versi,
908 3081 1110 3136 Latine
1141 3081 1515 3136 solummodo
1538 3080 1814 3146 eduntur,
1841 3078 2080 3134 Parisiis
2109 3077 2248 3144 in-8,
2283 3095 2440 3134 anno
2474 3081 2632 3136 1580.
2665 3079 2899 3152 Reliqui
2927 3081 2989 3135 in
3015 3097 3121 3136 suo
3155 3081 3430 3153 squalore
3456 3081 3647 3138 relicti
3695 3081 3820 3137 ubi-

401 3189 542 3229 nam
574 3171 747 3228 modo
777 3171 1024 3237 lateant,
1058 3169 1406 3240 scripserint
1433 3167 1532 3224 alii
1565 3169 1664 3239 (h).
1697 3167 1877 3224 Addit
1905 3165 2216 3222 Morellus:
2251 3171 2381 3224 Mox
2428 3185 2482 3225 se
2526 3170 2697 3225 indea:
2748 3186 2962 3242 quoque
3011 3173 3210 3241 aperit,
3252 3187 3346 3226 seu
3389 3171 3658 3235 elenchus,
3707 3187 3816 3242 quo

398 3277 669 3317 summam
699 3259 965 3315 librorum
996 3259 1261 3314 Thesauri
1289 3258 1478 3330 capita
1507 3265 1792 3326 notantur,
1824 3276 1858 3313 a
1888 3259 2074 3313 Niceta
2103 3258 2222 3326 ipso
2253 3263 2306 3311 et
2335 3259 2664 3329 compositus
2695 3264 2746 3314 et
2773 3259 3034 3329 scriptus,
3080 3259 3538 3329 quemadmodum
3585 3262 3638 3315 et
3681 3259 3817 3315 libri

399 3365 578 3406 omnes
610 3350 777 3418 hujus
803 3349 1004 3418 operis,
1037 3347 1280 3418 ea-ceptis
1303 3347 1515 3403 duobus
1538 3347 1770 3415 ultimis,
1803 3345 1904 3418 qui
1928 3363 1962 3402 α
1995 3346 2277 3402 Theodoro
2308 3349 2626 3404 Scutariota
2654 3349 2850 3420 scripti
2884 3355 3032 3417 sunt,
3084 3351 3183 3420 qui
3231 3350 3550 3406 monodium
3598 3366 3817 3422 quoque

396 3439 681 3496 Michaelis
707 3439 992 3508 scripsisse
1019 3436 1259 3492 videtur.
1298 3437 1570 3492 Theodori
1599 3434 1940 3512 αὐτόγραφον
1972 3453 2100 3505 esse,
2128 3454 2197 3492 ea:
2239 3437 2543 3508 appendice
2590 3437 2664 3492 ad
2709 3437 2952 3494 indicem
2997 3437 3129 3493 libri
3173 3438 3325 3492 XXV
3369 3437 3596 3508 colligo.
3629 3439 3717 3506 Et,
3748 3444 3820 3494 ut

397 3547 466 3586 ex
503 3527 696 3584 verbis
723 3527 993 3600 pauculis
1023 3526 1394 3590 Scutariotze.
1425 3527 1606 3582 indici
1639 3527 1854 3582 Nicetm
1887 3527 2098 3583 aeditis
2125 3527 2322 3584 videre
2355 3532 2464 3593 est,
2489 3527 2591 3597 qui
2614 3525 2978 3598 appendicem
3007 3527 3184 3596 illam,
3216 3543 3344 3598 qua:
3391 3534 3558 3584 antea
3601 3529 3820 3585 deside—

393 3619 650 3688 rabatur,
680 3619 737 3672 in
763 3621 871 3687 ﬁne
897 3615 1141 3672 vicesimi
1159 3617 1346 3687 quinti
1375 3616 1508 3672 libri
1536 3617 1742 3672 alicubi
1779 3623 2051 3688 repertam
2077 3631 2135 3671 se
2162 3619 2462 3672 attexuisse
2489 3617 2759 3686 afﬁrmat.
2793 3617 2860 3671 In
2891 3615 3094 3671 codice
3148 3617 3428 3672 Vaticano
3475 3616 3683 3673 titulus
3733 3618 3820 3674 ita

395 3725 460 3766 se
491 3709 688 3764 habet.
722 3706 940 3775 Νικήτα
970 3707 1067 3760 τοῦ
1097 3703 1402 3771 Χωνιοὶτου,
1433 3708 1530 3760 τοῦ
1568 3705 1660 3760 καὶ
1719 3706 2004 3783 γεγονότος
2045 3703 2132 3760 ἐπὶ
2191 3708 2300 3759 τῶν
2353 3703 2584 3780 κρίσεως
2641 3703 2732 3757 καὶ
2787 3701 2980 3782 φόρου,
3031 3697 3216 3758 ἔπειτα
3263 3699 3321 3758 δὲ
3371 3703 3462 3758 καὶ
3513 3701 3816 3778 λογοθὲτου

394 3801 502 3851 τῶν
535 3796 813 3872 σεκρήτων
847 3791 1154 3870 δογματική
1191 3793 1497 3862 Πανοπλία,
1527 3795 1651 3864 ἢτοι
1703 3793 1952 3872 συλλογὴ
2001 3800 2109 3851 τῶν
2167 3794 2313 3852 ὅλων
2365 3791 2560 3871 σχεδὸν
2613 3790 2806 3864 δοξῶν,
2857 3793 2950 3849 καὶ
3007 3794 3224 3868 ἱστορίαι
3283 3800 3391 3850 τῶν
3437 3795 3816 3852 ἀποτεκόντων

393 3885 590 3948 τούτοις
620 3881 851 3960 ἀνδρῶν,
883 3881 1046 3940 ἔτιδὲ
1093 3883 1436 3962 ἀντιῤῥήσεις
1491 3883 1573 3940 ἐπ’
1640 3884 1808 3950 ἐνίαις
1859 3886 2092 3956 τούτων,
2149 3885 2240 3940 καὶ
2302 3884 2542 3958 μάλιστα
2592 3887 2700 3938 τῶν
2750 3881 3152 3956 παλαιοτέρων,
3209 3884 3300 3938 καὶ
3351 3881 3507 3961 ’ἐτερά
3561 3905 3701 3942 τινα.
3747 3893 3814 3944 Ρ.

383 3979 500 4046 Θεῷ
529 3974 620 4028 καὶ
651 3970 959 4052 θεοφιλέσιν
1016 3971 1240 4046 ἀνδράσι
1277 3972 1360 4034 τίς
1399 3974 1460 4028 ἄν
1514 3972 1636 4044 ἀξία
1679 3975 2017 4051 προσαγωγὴ

2173 3992 2326 4042 mo;
2377 3975 2443 4030 In
2501 3973 2863 4030 bibliotheca
2927 3973 3202 4030 Bavarica
3250 3991 3320 4030 ex
3363 3975 3572 4032 eodem
3626 3993 3812 4049 opere

387 4069 783 4126 asservantur.
811 4064 942 4118 cod.
976 4066 1075 4118 119
1102 4080 1115 4118 :
1150 4065 1349 4121 Nicetes
1389 4065 1680 4122 Choniataz
1709 4066 1776 4122 de
1806 4068 2194 4122 Armeniorum
2225 4063 2420 4120 heresi
2450 4069 2622 4118 tomus
2651 4063 2889 4118 decimus
2937 4063 3214 4133 septimus.
3264 4064 3526 4132 Ejusdem
3565 4065 3814 4121 decimus

386 4159 607 4208 octavus
635 4158 829 4207 contra
854 4151 1226 4220 Paulicianos,
1253 4161 1305 4208 et
1335 4154 1576 4212 decimus
1604 4171 1780 4211 nonus
1802 4161 1998 4210 contra
2017 4154 2344 4227 Bogomilos,
2385 4159 2438 4209 et
2479 4153 2778 4224 vigesimus
2819 4159 3013 4208 contra
3061 4151 3378 4209 Saracenos.
3423 4155 3612 4211 Modus
3658 4159 3812 4212 reci-

376 4241 576 4312 piendi
605 4238 748 4302 illos.
783 4241 881 4310 qui
909 4256 944 4294 a
975 4240 1264 4297 Saracenis
1296 4242 1369 4297 ad
1398 4243 1710 4300 Christiana
1737 4259 1897 4300 sacra
1927 4247 2289 4303 transierunt.

457 4332 656 4402 Neque
691 4329 803 4386 hoc
834 4330 1114 4386 thesauro
1145 4330 1342 4387 minus
1372 4331 1620 4388 illustris
1652 4337 1743 4388 est
1799 4333 2066 4406 ejusdem
2121 4334 2372 4401 historia,
2429 4348 2608 4404 quam
2657 4331 3018 4404 auspicatus,
3053 4336 3120 4386 ut
3165 4332 3348 4388 tradit
3391 4333 3452 4388 in
3503 4333 3814 4408 principio

385 4420 458 4478 ab
487 4420 559 4476 iis
589 4419 790 4488 rebus,
825 4437 956 4492 quas
987 4423 1122 4492 post
1148 4420 1361 4485 Alexii,
1392 4422 1566 4496 primi
1601 4439 1672 4478 ex
1703 4426 2004 4480 Comnena
2051 4423 2278 4479 familia
2316 4419 2714 4494 imperatoris,
2767 4419 2994 4475 obitum
3044 4419 3412 4486 acciderunt,
3462 4421 3620 4478 ultra
3668 4439 3814 4496 qua:

385 4509 710 4582 superioris
738 4508 931 4564 aetatis
961 4508 1226 4564 historici
1285 4525 1406 4565 non
1466 4517 1607 4566 sunt
1659 4513 1954 4584 progressi
2011 4515 2268 4568 Joannes
2321 4512 2600 4576 Zonaras,
2657 4507 3080 4564 Constantinus
3137 4510 3456 4577 Manasses,
3515 4511 3816 4582 Georgius

383 4597 706 4664 Cedrenus,
739 4597 984 4654 Joannis
1013 4597 1390 4670 imperatoris
1419 4598 1618 4667 vitam,
1652 4600 1752 4672 qui
1784 4601 1984 4657 Alexio
2025 4600 2330 4664 successit,
2383 4597 2643 4654 breviter
2687 4595 3033 4668 perstringit
3065 4613 3078 4650 :
3127 4613 3240 4654 nec
3289 4613 3493 4654 earum
3537 4614 3820 4656 comme-

383 4687 700 4744 morationi
732 4686 954 4743 diutius
987 4687 1358 4752 immoratur.
1393 4703 1540 4760 quas
1569 4687 1671 4744 ille
1703 4706 1823 4745 non
1852 4689 2097 4757 viderat,
2131 4688 2234 4745 sed
2265 4687 2338 4744 ab
2369 4688 2442 4742 iis
2488 4685 2736 4758 accepit,
2787 4685 2889 4756 qui
2939 4701 3040 4741 eas
3088 4685 3384 4755 viderunt,
3430 4703 3687 4760 eumque
3741 4689 3818 4746 in

384 4775 862 4847 expeditionibus
892 4777 1156 4834 comitati
1197 4784 1375 4834 sunt:
1437 4777 1755 4835 subsecuta
1801 4795 1935 4836 vero
1977 4797 2023 4834 rt

2181 4795 2210 4834 ξι
2252 4777 2496 4833 uberius
2540 4779 2772 4830 tractat.
2821 4774 2908 4830 Ἐν
2954 4769 3355 4852 κεφαλαιώδεσι
3405 4771 3450 4828 δ’
3507 4772 3820 4848 ἐπιτομαῖς

380 4863 450 4916 τὰ
477 4863 614 4916 κατὰ
670 4863 760 4917 τὸν
815 4862 1186 4941 αὐτοκρατορα
1244 4866 1498 4937 Ἰωάννην
1552 4867 1615 4922 τὸ
1681 4868 1914 4942 ἱστορεῖν
1974 4865 2319 4942 διηγήσεται,
2388 4863 2450 4926 ὅς
2499 4861 2732 4934 Ἀλεξὶῳ
2780 4857 3048 4937 διάδοχος
3101 4861 3389 4938 γεγένηται
3441 4868 3538 4932 τῆς
3588 4863 3812 4939 ἀρχῆςο

383 4947 502 5006 οὐδ’
533 4945 863 5024 ἐμϐραδυνεῖ
889 4959 1010 5016 ταῖς
1054 4957 1170 5011 κατ’
1224 4956 1382 5014 αὐτὸν
1441 4957 1796 5036 ἀφηγήσεσιν,
1843 4957 2025 5036 ὥσπερ
2077 4957 2128 5013 ἐν
2174 4961 2294 5018 τοῖς
2351 4953 2542 5032 ἐφεξῆς
2597 4949 2880 5030 ἐργάσεται
2937 4950 3151 5028 λόγοις,
3200 4954 3293 5008 οἶα
3345 4951 3438 5008 καὶ
3486 4955 3648 5024 ἡμῶν
3715 4956 3809 5028 μὴ

377 5039 448 5094 τὰ
483 5043 602 5099 τοῖς
635 5039 944 5118 ὀφθαλμοῖς
975 5039 1061 5098 ἐπὶ
1113 5042 1254 5113 τῷδε
1295 5046 1722 5122 παρειλημμένα
1768 5045 2247 5125 συγγραφομένωψ
2305 5043 2588 5099 κάντεῦθεν
2639 5038 2770 5114 μηδ’
2818 5037 3095 5112 ἀποτάδην
3155 5039 3396 5116 ἐχόντων
3436 5043 3605 5097 ταῦτα
3653 5037 3814 5116 διεξ-

386 5130 542 5197 ιέναι,
575 5126 868 5203 ἀλλάπερ
902 5129 978 5192 εἷς
1009 5131 1175 5201 ἀκοὴν
1206 5134 1370 5190 ὠτίου
1410 5136 1714 5214 εἰλήφαμεν
1774 5136 1832 5192 ἐκ
1881 5139 1992 5192 τῶν
2047 5137 2168 5191 ὅσοι
2231 5139 2338 5190 τῶν
2391 5132 2510 5188 καθ’
2565 5132 2717 5203 ἡμᾶς
2770 5129 2863 5185 τὸν
2925 5129 3156 5205 βασιλέα
3211 5129 3428 5185 τουτονὶ
3483 5127 3810 5202 ἐθεάσαντο,

376 5218 466 5272 καὶ
503 5216 892 5292 συνωμάρτουν
923 5217 1116 5293 ἐκείνῳ
1146 5222 1282 5296 πρὸς
1333 5222 1606 5288 ἐναντίους
1664 5229 1944 5302 χωροῦντι
1999 5245 2015 5279 i

2176 5223 2244 5286 ὰς
2282 5223 2463 5297 μάχαις
2523 5217 2971 5292 συνετολύπευον,
3025 5221 3110 5276 Ac
3155 5221 3387 5276 Joannis
3436 5221 3815 5292 imperatoris

377 5307 572 5374 vitam,
606 5311 704 5378 qui
731 5311 987 5365 successit
1018 5311 1244 5378 Alea-io,
1275 5314 1508 5372 breviter
1530 5319 1964 5388 perstringemus
1984 5335 2005 5382 ;
2035 5331 2210 5386 neque
2249 5327 2437 5369 carum
2491 5327 2679 5367 rerum
2727 5311 3227 5366 commemorationi
3272 5309 3482 5365 diutius
3527 5311 3820 5366 immora—

453 5426 534 5508 (ἢ)
567 5427 645 5482 De
662 5425 895 5508 ΔΝίϐθιᾶθ
925 5429 1217 5508 Ptmgplia
1239 5431 1485 5508 ejusque
1508 5435 1828 5504 codicibus,
1847 5435 2028 5508 plena
2137 5433 2264 5508 dos,
2285 5437 2344 5488 et
2365 5430 2688 5508 secundam
2712 5427 3039 5508 Theoriani
3051 5445 3187 5486 cum
3208 5427 3514 5508 Armeniis
3531 5425 3820 5501 disputa-

379 5512 487 5553 nos
519 5497 698 5553 locuti
729 5515 933 5579 sumus
957 5500 1018 5579 in
1041 5497 1338 5574 Sinicilegio
1369 5497 1519 5560 Rom.
1570 5513 1632 5579 t.
1658 5508 1748 5572 ιν,
1899 5509 2022 5575 398,
2137 5497 2384 5579 tionem,
2419 5501 2528 5579 etsi
2559 5500 2844 5579 lianpplia
2881 5499 3104 5579 ljiicetas
3148 5497 3645 5579 continerenturf
3669 5515 3820 5579 non

379 5584 704 5650 rursusque
735 5573 928 5650 p.__4§l8
955 5587 969 5636 ;
1005 5570 1286 5650 ideoque
1319 5580 1489 5650 tomo
1509 5570 1770 5650 capitula
1792 5570 2026 5650 ’praeci-l
2135 5577 2302 5643 item,
2335 5573 2442 5650 sed
2471 5570 2820 5650 melioribus
2850 5570 3114 5650 aliis_usi_
3135 5570 3467 5650 codicibus,
3510 5577 3650 5650 ante
3681 5571 3818 5650 hos

372 5655 492 5716 pua
513 5641 711 5698 Graece
737 5641 1034 5716 edidimus
1058 5660 1130 5701 ex
1145 5641 1264 5700 illis
1287 5662 1419 5716 quae
1441 5641 1740 5704 Moréllius
1757 5641 1884 5704 luce
1903 5666 2024 5705 non
2134 5641 2326 5704 annos
2355 5646 2417 5702 in
2447 5648 2662 5716 quarto
2688 5647 2970 5716 sextoque
2994 5642 3362 5716 Scriptorum
3381 5648 3496 5697 vet.
3517 5647 3710 5716 tomo_,
3739 5649 3819 5716 et

373 5711 712 5786 donaverat.
745 5715 968 5786 Rursus
1017 5715 1080 5772 in
1131 5716 1240 5773 hac
1287 5711 1631 5774 Bibliotheca
1675 5724 1928 5786 Patrum,
1979 5726 2021 5777 t.
2134 5719 2195 5773 in
2224 5711 2783 5786 decimo—Spicilegii
2811 5711 3008 5770 Greece
3039 5729 3106 5768 ac
3127 5711 3332 5769 Latine
3355 5713 3815 5769 exstarevolui-

370 5782 746 5854 IVLcapitula
770 5785 842 5842 de
865 5787 1200 5844 Manichaeis
1223 5789 1373 5844 etde
1404 5789 1846 5846 Mohamedanis
1871 5782 2022 5846 om-
2131 5805 2284 5845 mus.
2322 5789 2389 5844 A.
2422 5787 2496 5843 Μ.

371 5867 436 5906 ce
469 5853 790 5928 Latineque
823 5859 1226 5930 exposuimus.
1261 5861 1442 5916 Porro
1475 5861 1655 5916 etiam
1676 5859 1824 5916 duas
1851 5876 2024 5932 syno-
