4150 6292
309 441 408 502 29⁵7
1795 436 1948 496 ΡΒΑ

2069 434 2235 495 .TIO.
3589 439 3708 500 298

311 573 484 642 bimur,
509 587 642 642 quas
673 571 795 641 ipse
815 583 925 623 non
953 569 1222 635 vidimus,
1256 568 1346 624 sed
1374 569 1442 622 ab
1474 566 1614 623 aliis
1643 569 1976 638 accepimus,
2010 566 2106 637 qui
2138 581 2266 621 eum
2289 566 2565 637 viderant,
2598 572 2650 624 et
2677 568 2742 624 in
2769 569 3146 640 expeditiones
3177 571 3438 626 comitati
3458 578 3609 627 sunt.
3643 578 3716 629 In

313 665 474 718 ceteris
499 666 686 716 autem
713 658 937 714 uberius
969 658 1326 712 tractabimus
1358 657 1566 713 omnia.
1629 657 1787 712 Idem
1843 655 2184 710 institutum
2234 657 2472 710 secutus
2527 659 2619 712 est
2670 661 2727 712 et
2779 659 3031 714 Joannes
3088 658 3438 727 Cinnamus,
3473 661 3581 730 qui
3613 677 3715 718 res

317 756 481 822 gestas
523 749 778 805 Joannis
847 752 904 803 et
971 745 1372 802 Emmanuelis
1438 745 1688 801 historia
1737 761 1956 815 prosect

2069 761 2078 799 ι
2123 747 2235 800 est.
2298 740 2589 816 Εἷρήσεται
2640 741 2696 798 δὲ
2757 765 2850 818 μοι
2898 747 2964 799 τὰ
3027 746 3120 818 μὲν
3147 749 3244 801 τοῦ
3297 746 3546 803 Ἰωάννου
3593 758 3708 802 κατ’

319 837 567 910 ἐπιτομὴν,
597 838 690 890 καὶ
729 833 914 908 ὥσπερ
961 833 1012 888 ἐν
1066 832 1368 909 κεφαλαίῳ,
1417 833 1502 888 ὅτι
1557 831 1686 906 μηδ’
1735 833 1786 886 ὲν
1836 837 1951 893 τοῖς
2001 832 2116 886 κατ’
2166 830 2394 903 ἐκεῖνον,
2447 833 2576 906 ὅπερ
2629 831 2736 904 ἠδη
2784 827 2941 912 ἔφην,
2991 834 3192 912 γέγονα
3240 837 3483 910 χρόνοιςο
3523 837 3591 892 τά
3645 859 3706 914 γε

323 929 514 998 μὴντοῦ
547 927 665 999 μετ’
698 925 904 979 ἐκεῖνον
962 924 1275 1000 πράγματα,
1326 921 1423 977 οὐκ
1482 920 1605 976 οἰδα
1660 920 1714 977 εἷ’
1759 943 1842 984 τις
1899 921 2038 995 ἐμοῦ
2091 918 2320 975 κάλλιον
2380 919 2721 996 ἐξιστορῆσαι
2779 918 2916 997 ἔχει·
2979 923 3094 978 ἐπεὶ
3152 924 3242 978 καὶ
3303 925 3457 979 οὒπω
3510 946 3704 1002 μειρα-

319 1015 400 1087 κίῳ
424 1015 521 1070 ὄντι
558 1037 655 1088 μοι
716 1013 978 1076 πλείστας
1035 1010 1568 1086 συνεκδεὸημηκέναι
1632 1013 1682 1066 οἱ
1737 1015 1844 1066 τῶν
1904 1012 1980 1075 εἷς
2036 1011 2264 1085 ἤπειρον
2327 1011 2580 1085 ἑκατέραν
2645 1007 2952 1068 συνέϐαινεν
3013 1014 3395 1088 ἐκστρατειῶν.
3458 1015 3710 1075 Comme-

329 1109 650 1162 morabuntur
680 1123 808 1162 vero
841 1106 983 1162 mihi
1012 1107 1240 1162 Joannis
1270 1106 1492 1176 quidem
1543 1120 1625 1160 res
1673 1113 1831 1175 gesta:
1874 1103 2213 1175 compendio,
2268 1107 2323 1159 et
2368 1105 2543 1159 veluti
2588 1104 2835 1176 capitum
2877 1122 3108 1162 summa:
3156 1107 3514 1180 digerentur,
3570 1110 3713 1181 quod

326 1197 452 1252 illius
479 1197 832 1268 temporibus,
865 1205 926 1251 ut
958 1201 1127 1251 antea
1157 1195 1478 1263 innueram,
1503 1194 1690 1248 nullus
1717 1195 1822 1264 fui.
1860 1198 1960 1249 Res
1983 1201 2163 1248 autem
2195 1196 2376 1261 gestas
2406 1194 2563 1249 illius
2595 1197 2692 1266 qui
2713 1196 3034 1252 subsecutus
3063 1206 3159 1266 est,
3209 1201 3390 1253 nescio
3440 1216 3519 1253 an
3557 1201 3708 1271 quis-

320 1288 447 1356 piam
465 1285 610 1340 alius
636 1301 727 1340 me
752 1287 1070 1341 accuratius
1097 1284 1302 1355 scripto
1352 1283 1573 1338 tradere
1614 1282 1855 1354 poterit;
1903 1299 2024 1338 cum
2063 1282 2308 1337 nondum
2358 1283 2539 1338 adhuc
2578 1300 2648 1339 ex
2695 1284 2915 1356 ephebis
2967 1287 3253 1358 excedens,
3298 1287 3498 1343 multis
3550 1290 3709 1344 illius

321 1374 736 1444 expeditionibus
766 1376 828 1428 in
858 1379 1146 1446 utramque
1173 1375 1548 1429 continentem
1578 1388 1819 1443 praesens
1851 1373 2151 1441 adfuerim.
2188 1370 2342 1426 Finit
2373 1371 2569 1443 itaque
2591 1372 2816 1429 Nicetes
2838 1374 3146 1431 historiam
3175 1392 3344 1432 suam
3374 1376 3433 1431 in
3456 1377 3706 1435 Henrico

323 1460 568 1516 Balduini
599 1463 798 1528 fratre,
831 1477 924 1518 res
953 1467 1276 1518 memoratu
1308 1460 1519 1532 dignas
1549 1477 1675 1532 quae
1714 1460 1773 1516 in
1805 1460 2120 1531 Byzantino
2152 1459 2417 1530 imperio,
2451 1476 2740 1516 annorum
2773 1462 3001 1518 circiter
3022 1465 3092 1518 86
3131 1464 3345 1536 spatio,
3377 1465 3436 1520 in
3468 1468 3702 1538 magnis

317 1550 628 1622 praesertim
662 1555 973 1606 eventuum
995 1551 1397 1618 varietatibus,
1427 1554 1484 1606 et
1515 1550 1731 1606 subitis
1759 1550 2004 1605 fortunae
2035 1548 2622 1616 commutationibus,
2655 1567 2785 1621 quae
2817 1549 3083 1621 plurimae
3131 1569 3327 1625 eaeque
3379 1555 3699 1625 mirabiles,

313 1657 374 1697 ac
402 1639 591 1712 potius
622 1639 984 1697 miserabiles
1015 1648 1068 1696 et
1098 1645 1308 1713 praeter
1335 1640 1826 1712 exspectationem
1858 1640 2086 1696 Graecos
2117 1653 2481 1710 Oppressere,
2516 1642 2814 1694 crescente
2845 1640 2903 1694 in
2935 1641 3060 1696 dies
3107 1646 3420 1700 Persarum
3464 1649 3520 1701 et
3549 1647 3701 1702 Tur-

313 1744 493 1784 carum
533 1729 594 1784 in
626 1727 871 1795 oriente,
906 1729 1290 1801 Bulgarorum
1315 1733 1373 1785 et
1401 1729 1650 1785 aliorum
1680 1728 2069 1784 ﬁnitimorum
2127 1727 2189 1781 in
2238 1725 2534 1782 occidente
2580 1727 2864 1798 potentia,
2896 1731 2954 1783 et
2997 1729 3216 1801 ubique
3237 1733 3702 1792 christianorum

313 1817 624 1889 principum
658 1817 924 1874 dissidiis
953 1822 1010 1874 et
1034 1817 1408 1889 perversitate
1457 1819 1817 1887 acciderunt,
1893 1815 2232 1888 complexus
2308 1813 2473 1870 libris
2548 1815 2690 1884 XXI,
2768 1832 2954 1888 usque
3029 1818 3100 1872 ad
3177 1834 3398 1875 annum
3475 1822 3692 1879 Christi

315 1906 457 1961 1%3.

376 1997 489 2054 Non
519 1996 840 2053 descivisse
863 2013 997 2053 eum
1033 2014 1066 2054 a
1093 1998 1356 2066 veritate,
1389 2002 1516 2054 tum
1548 2002 1917 2055 externorum
1949 1997 2206 2052 facinora
2236 2011 2350 2052 non
2383 1995 2508 2051 sine
2541 1995 2864 2068 promerita
2892 1996 3086 2068 laude,
3117 2001 3245 2054 tum
3276 2015 3518 2058 suorum
3549 2020 3690 2076 gen-

306 2085 483 2142 tilium
515 2085 737 2142 scelera
765 2086 1020 2158 ingenue
1042 2090 1098 2142 et
1125 2103 1260 2142 cum
1290 2088 1511 2143 doloris
1541 2087 1852 2143 acerbitate
1884 2085 2203 2158 deplorata,
2236 2088 2292 2140 et
2322 2101 2488 2156 aequa
2518 2100 2716 2141 rerum
2747 2086 3023 2155 narratio,
3067 2086 3281 2144 indicio
3317 2093 3476 2147 sunt.
3511 2092 3592 2148 Ex
3621 2110 3687 2152 eo

307 2175 583 2247 siquidem
618 2176 799 2233 habes
827 2174 1289 2232 Occidentalium
1321 2177 1379 2232 in
1413 2177 1812 2250 recuperanda
1839 2176 2002 2249 Syria
2023 2179 2080 2232 et
2111 2180 2266 2231 terra
2297 2179 2500 2231 sancta
2530 2174 2804 2247 pietatem
2838 2192 2904 2232 ac
2935 2176 3342 2235 fortitudinem
3375 2196 3389 2247 ;
3440 2183 3688 2240 Conradi

304 2271 357 2322 et
385 2266 654 2323 Friderici
685 2282 803 2321 non
834 2267 963 2322 sine
993 2266 1379 2323 nobilissimis
1409 2266 1690 2338 exemplis
1720 2265 2078 2322 clarissimas
2108 2265 2331 2321 laudes.
2379 2265 2520 2330 Quis
2564 2264 2834 2322 Balduini
2878 2267 3124 2324 virtutes
3173 2269 3365 2341 aptius
3395 2285 3694 2342 expresse-

300 2356 416 2412 rit?
442 2358 654 2412 Contra
683 2372 822 2411 vero
853 2355 988 2427 quis
1017 2355 1077 2410 in
1108 2355 1439 2412 Graecorum
1471 2355 1630 2424 vitia,
1657 2373 1782 2427 quas
1835 2354 1961 2410 suis
2013 2353 2377 2426 temporibus
2423 2357 2588 2410 tanta
2639 2355 2900 2427 adeoque
2946 2356 3232 2412 immania
3290 2359 3470 2427 fuere,
3501 2363 3693 2419 acrius

300 2446 654 2504 insultaverit
682 2446 712 2500 ?
739 2447 860 2502 Hoc
891 2446 1064 2518 plane
1101 2446 1342 2518 ingenui
1371 2447 1555 2503 animi
1586 2445 1777 2512 fuerit,
1811 2460 1933 2501 rem
1968 2445 2052 2501 uti
2082 2449 2211 2501 acta
2239 2448 2348 2514 est,
2381 2446 2693 2502 narrantis.

355 2537 581 2591 Modum
611 2535 843 2592 dicendi
876 2541 1114 2592 secutus
1141 2539 1230 2592 est
1270 2536 1554 2608 amplum,
1601 2535 1930 2607 profusum,
1991 2535 2097 2591 sed
2144 2534 2471 2601 horridum,
2523 2535 2962 2607 complicatum,
3008 2537 3323 2595 immodica
3378 2539 3686 2600 insolentis

291 2624 586 2695 elegantias
615 2627 788 2696 atque
818 2623 1166 2680 eruditionis
1195 2624 1556 2680 affectatione
1582 2641 1826 2696 vanum,
1857 2639 1929 2680 ne
1958 2623 2145 2680 dicam
2179 2623 2484 2695 puerilem,
2519 2628 2577 2680 et
2607 2625 2968 2696 poeticarum
3023 2626 3354 2684 fabularum
3395 2633 3453 2685 et
3491 2631 3692 2688 dictio-

291 2729 427 2769 num
456 2713 818 2770 immistione
847 2714 1262 2786 subasperum,
1292 2718 1351 2770 et
1373 2715 1812 2787 compositionis
1869 2713 2023 2770 male
2066 2712 2318 2785 implexa
2376 2714 2806 2771 constructione
2862 2717 3226 2786 obscurum,-
3267 2719 3365 2788 qui
3417 2722 3687 2793 proprius

301 2801 536 2870 hujusce
565 2803 867 2874 scriptoris
897 2809 989 2859 est
1017 2805 1422 2876 praecipueque
1452 2805 1526 2859 ab
1565 2805 1694 2876 ipso
1725 2821 1828 2876 pro
1860 2820 1968 2860 suo
1999 2803 2169 2874 genio
2195 2803 2462 2859 intentus
2485 2808 2544 2860 et
2575 2809 2918 2875 procuratus
2953 2825 2967 2875 ;
3010 2825 3125 2864 non
3177 2808 3603 2879 Metaphrasta',
3635 2817 3692 2868 et

299 2904 441 2942 amu
459 2889 501 2943 li
521 2889 1230 2962 alicujus,assumenturn,
1265 2901 1327 2949 ut
1349 2894 1571 2950 videtur
1593 2893 1942 2964 Hieronymo
1956 2893 2192 2949 Wolﬁo.
2219 2897 2298 2948 De
2322 2892 2475 2965 stylo
2500 2892 2662 2950 illius
2705 2894 2860 2950 idem
2885 2896 3132 2953 Wolﬁus
3158 2914 3177 2952 :
3218 2900 3312 2954 Ex
3339 2901 3695 2973 affectatione

314 2979 485 3032 nescio
513 2978 663 3048 cujus
691 2981 968 3038 insolentis
1019 2983 1329 3051 elegantiae,
1381 2992 1432 3037 et
1473 2985 1705 3055 poetica"
1745 2982 2002 3039 dictionis
2048 2981 2438 3053 aemulatione,
2487 2984 2547 3038 in
2595 2984 2847 3040 salebras
2898 3000 3044 3056 saepe
3085 2986 3310 3058 incidit,
3343 2997 3398 3044 et
3445 2990 3600 3046 duris
3628 3008 3696 3047 ac

285 3068 485 3138 ineptis
511 3068 686 3124 utitur
717 3070 1074 3142 metaphoris,
1110 3074 1170 3126 iu
1197 3074 1457 3143 prooemio
1485 3074 1822 3144 prmsertim,
1855 3073 1952 3127 ubi
1977 3088 2101 3127 cum
2131 3073 2328 3143 primis
2360 3072 2602 3127 disertus
2630 3072 2805 3128 videri
2831 3073 3004 3145 cupit.
3039 3076 3189 3144 Quod
3219 3078 3268 3132 si
3313 3085 3482 3134 totam
3522 3080 3694 3137 histo-

279 3159 424 3213 riam
452 3157 630 3214 simili
670 3161 918 3217 oratione
962 3161 1296 3227 involvisset,
1347 3163 1408 3216 in
1457 3162 1709 3217 latomias
1755 3163 1856 3229 ire,
1906 3176 2075 3232 quam
2125 3159 2393 3216 molestiis
2440 3161 2815 3218 conversionis
2848 3162 3165 3232 conﬂictari
3211 3167 3556 3224 maluissem.
3591 3169 3694 3226 Sed

275 3249 407 3318 quia
438 3247 816 3304 tolerabiliter
855 3249 1006 3320 loqui
1026 3248 1226 3321 incipit
1254 3265 1377 3305 cum
1406 3249 1476 3304 ad
1515 3265 1634 3305 rem
1669 3251 1848 3319 ipsam
1893 3252 2118 3304 ventum
2162 3255 2260 3318 est,
2309 3251 2450 3304 hanc
2494 3264 2704 3321 quoque
2741 3265 2963 3322 operam
3003 3252 3264 3310 studiosis
3317 3255 3691 3314 historiarum

277 3336 417 3392 dare
445 3337 617 3406 volui,
652 3341 712 3391 ut
742 3338 983 3394 Zonaras
1012 3355 1144 3410 opus
1176 3339 1280 3394 hac
1306 3337 1612 3406 appendice
1641 3339 1863 3407 plenius
1882 3337 2429 3409 redderetur.Nequs
2457 3337 2712 3394 Joannes
2760 3341 3007 3396 Vossius
3059 3342 3359 3399 discordat
3409 3346 3480 3401 de
3511 3345 3691 3402 histo-

279 3425 418 3481 ricis
447 3426 666 3482 Grecis
695 3425 798 3482 lib.
835 3427 910 3495 II,
941 3443 1069 3499 cap.
1102 3428 1207 3483 29:
1242 3428 1488 3498 Diligens
1515 3428 1625 3498 fuit
1655 3427 1882 3484 Homeri
1913 3429 2084 3483 lector
2111 3432 2159 3481 et
2189 3427 2456 3495 imitator,
2481 3427 2611 3484 adeo
2642 3433 2724 3497 ut,
2757 3428 2820 3483 ob
2866 3432 3137 3500 poeticam
3168 3436 3337 3503 atque
3368 3435 3690 3492 insolentem

282 3514 582 3572 dictionem
610 3515 936 3586 quandoque
965 3516 1162 3572 durior
1191 3518 1310 3588 ﬁat,
1339 3533 1465 3572 cum
1493 3516 1694 3588 primis
1726 3518 1786 3571 in
1831 3518 2180 3587 praefatione,
2226 3529 2352 3586 quae
2397 3531 2530 3570 sane
2567 3515 2864 3572 salebrosa.
2913 3519 2974 3572 In
3025 3521 3235 3575 τυπίσι·ιέ
3282 3521 3504 3603 mollior
3541 3525 3702 3603 fluit,
3743 3506 3751 3510 ”

279 3605 414 3672 quod
439 3605 573 3660 etde
595 3620 657 3660 se
687 3606 749 3660 in
770 3607 1104 3675 praefatione
1144 3606 1437 3678 promittit.
1488 3605 1550 3662 Ut
1599 3605 1744 3660 mihi
1785 3605 2008 3676 quidem
2053 3603 2308 3659 videatur
2351 3606 2678 3674 praefatione
2720 3619 2784 3659 ea
2828 3609 3102 3662 ostentare
3145 3607 3408 3678 voluisse,
3455 3593 3699 3680 quantus

284 3692 650 3761 logadmdalus
667 3696 858 3764 foret:
907 3694 1049 3766 quod
1085 3694 1354 3750 similiter
1401 3695 1461 3749 in
1503 3693 1745 3749 historia
1791 3695 1844 3749 si
1887 3693 2124 3761 fecisset,
2172 3708 2258 3746 nx
2299 3692 2398 3746 ille
2439 3693 2611 3747 multo
2649 3693 2818 3747 etiam
2862 3695 3051 3749 minus
3094 3695 3296 3762 laudis,
3337 3712 3502 3767 quam
3547 3715 3698 3755 nunc

291 3782 442 3837 habet
481 3783 955 3854 mereretur.lpse
977 3782 1366 3839 nihilominus
1388 3781 1864 3854 perspicuitatem
1890 3799 1951 3838 se
1973 3780 2138 3852 sequi
2165 3780 2220 3834 in
2245 3779 2837 3851 prommiishistoriaa,
2860 3786 3033 3852 prout
3059 3781 3398 3839 historicum
3429 3786 3692 3858 addecet,

282 3884 646 3942 summapere
694 3871 904 3940 jactat,
945 3871 1004 3926 in
1046 3872 1177 3943 ipsa
1214 3889 1323 3928 sua
1349 3873 1663 3942 jactatione
1683 3872 1921 3927 obscuri

2054 3875 2068 3925 t
2104 3869 2526 3938 confragosus:
2580 3865 2730 3921 Ἐπεὶ
2765 3863 2822 3920 δὲ
2873 3868 2946 3924 ὡς
2986 3867 3076 3922 καὶ
3106 3867 3271 3922 ἃλλοι
3299 3890 3359 3924 τε
3388 3866 3693 3944 ξυμϐαλεῖν

283 3950 478 4028 ἔχουσι,
516 3959 606 4013 καὶ
656 3957 820 4020 αὐτὸς
873 3957 932 4013 δὲ
977 3959 1244 4033 συνορῶν,
1294 3959 1406 4034 οὐχ
1449 3956 1646 4028 ἣκιστά
1699 3956 1813 4031 εἷ’μι
1861 3957 1927 4013 τὰ
1975 3960 2070 4012 τοῦ
2128 3956 2363 4029 ἱστορεῖν
2421 3955 2484 4008 τὸ
2539 3959 2638 4022 τῆς
2690 3950 3000 4028 διηγήσεως
3043 3955 3264 4033 ἀσαφὲς»
3311 3959 3401 4012 καὶ
3451 3956 3690 4035 περιϐο-

286 4038 530 4110 λαῖς,καὶ
569 4044 851 4122 περιόδοις
906 4046 1364 4122 ἐπεστραμμένον,
1427 4048 1500 4110 ὡς
1563 4048 1638 4120 μὴ
1700 4043 1924 4117 συνᾷδον
1981 4046 2170 4106 αὐτοῖς
2229 4043 2291 4098 οὐ
2349 4041 2681 4117 προσίενται,
2737 4040 2959 4120 φιλοῦσι
3021 4041 3078 4099 δὲ
3129 4045 3194 4099 τὸ
3248 4048 3430 4124 σαφὲς,
3493 4048 3570 4112 ὠς
3618 4050 3683 4106 οὗ

293 4129 438 4196 μόνον
498 4138 631 4191 κατὰ
686 4137 780 4192 τὸν
845 4135 1068 4190 εἰπόντα
1125 4138 1313 4214 σοφὸν,
1373 4135 1519 4191 ἀλλὰ
1572 4135 1663 4191 καὶ
1724 4131 2025 4209 συμϐαῖνον
2092 4134 2242 4210 σφίσι
2304 4130 2560 4206 μάλιστα,
2623 4128 2750 4186 οὐδὲ
2799 4131 2997 4188 τούτου
3053 4132 3278 4208 πάμπαν
3337 4133 3530 4208 ἔξωθεν
3587 4143 3685 4195 τοῦ

290 4217 443 4274 καλοῦ
472 4224 715 4280 πίπτοντ’
751 4221 812 4279 ἃν
866 4224 995 4299 εὕρῃ
1039 4244 1121 4285 τις
1167 4226 1233 4280 τὰ
1271 4227 1604 4302 γραφόμενα,
1663 4226 1748 4279 οἶα
1793 4224 1885 4278 καὶ
1936 4226 2100 4297 ἡμῶν
2154 4223 2230 4294 μὴ
2278 4223 2340 4276 τὸ
2385 4222 2672 4296 κομπηρὸν
2717 4221 2808 4276 καὶ
2859 4219 3178 4299 δυσφραδὲς,
3227 4226 3319 4280 καὶ
3360 4227 3690 4303 κρημνώδε-

296 4306 890 4388 σινᾶποδιειλημμὲνον
944 4313 1148 4383 λέξεσιν
1180 4315 1254 4377 ὡς
1287 4313 1482 4370 ἐπίπαν
1542 4313 1957 4387 ἀσπασαμένων,
2014 4311 2059 4366 εἷ
2115 4312 2206 4366 καὶ
2261 4310 2544 4391 χαίνοντὲς
2603 4311 2737 4366 εἰσιν
2795 4310 2871 4374 εἷς
2923 4317 3087 4369 τοῦτο
3145 4314 3378 4388 πολλοὶ,
3437 4317 3537 4374 ε’ἰτ’
3590 4318 3684 4374 οὖν

295 4399 626 4487 ἀληθέστερον
657 4413 832 4468 εἰπεῖν
894 4412 1238 4474 ἐκλείποντες
1291 4412 1358 4467 τὰ
1413 4418 1519 4468 τῶν
1575 4411 1745 4468 πάλαι
1792 4411 1882 4466 καὶ
1935 4412 2204 4484 σήμερον⁹
2261 4408 2352 4464 καὶ
2411 4408 2510 4463 ὅσα
2560 4431 2612 4464 τι
2670 4411 2761 4463 καὶ
2814 4409 3153 4484 ἐπιτήδευμα
3210 4413 3672 4490 προύργιαίτατον

293 4489 618 4579 ξξητκηκότες
649 4501 742 4557 διὰ
803 4504 1042 4575 μακροῦ,
1100 4498 1161 4554 ἔκ
1212 4505 1309 4556 τοῦ
1364 4500 1622 4564 πλείονος
1667 4498 1725 4555 δὲ
1780 4501 1876 4555 κάν
1921 4499 2106 4571 τούτῳ
2155 4497 2283 4572 δρᾷν
2327 4503 2397 4573 τῇ
2445 4499 2661 4571 ἱστορίᾳ
2711 4498 3060 4574 προθεμένων
3112 4501 3178 4555 τὰ
3232 4489 3538 4579 πρόσφορα,
3597 4504 3674 4577 μὴ

294 4573 330 4666 ξ’
381 4585 735 4666 ὑπερϐάϐμιον
803 4573 954 4647 πόδα
1009 4589 1196 4645 τείνειν
1249 4590 1642 4666 ἠγαπηκότων,
1701 4589 1736 4658 ἢ
1799 4588 1944 4650 ὅλως
1999 4588 2127 4650 τοὺς
2183 4581 2376 4658 ἄξονας
2431 4587 2600 4657 αὐτῆς
2690 4573 3109 4662 ὑπεράλλεσθαι·
3179 4590 3310 4664 ὑπὲρ
3535 4573 3678 4647 ἅπαν

289 4661 537 4744 ἕτεροντὸ
569 4661 642 4755 pi,
697 4684 797 4752 τὴν
858 4682 1058 4755 φράσιν
1117 4661 1346 4735 ἁπλοῦν.
1406 4678 1480 4740 ὡς
1537 4673 1653 4754 ἔχω
1713 4677 1882 4733 εἰπεῖν
1939 4677 2028 4731 καὶ
2085 4677 2382 4753 πρόχειρον
2437 4676 2513 4740 εἷς
2567 4661 2905 4751 κατάληψιν,
2966 4676 3101 4752 αὐτῇ
3161 4661 3543 4750 διαϐέϐληται·
3592 4683 3685 4737 καὶ

284 4757 523 4840 ἠγαπήθη
553 4771 654 4834 ἓως
703 4768 922 4850 σφόδρα
968 4769 1033 4823 τὸ
1093 4769 1364 4843 ἄκομψον,
1423 4766 1512 4823 καί
1570 4767 1646 4830 ὡς
1702 4763 1832 4841 ἔχον
1887 4766 2096 4846 φύσεως
2156 4763 2538 4838 διηγούμενον,
2586 4765 2677 4819 καὶ
2729 4762 3028 4838 δαιμονίως
3086 4766 3150 4821 τὸ
3199 4765 3473 4840 εὔληπτον
3525 4791 3686 4846 περι-

276 4853 559 4917 minetur
627 4862 794 4926 τέλος
847 4861 959 4938 γὰρ
1019 4859 1440 4931 σκοπιμώτατον
1497 4858 1597 4926 τὴν
1652 4855 1914 4927 ἀλήθειαν
1973 4851 2204 4930 ἔχουσα,
2262 4853 2354 4908 καὶ
2413 4851 2510 4920 τῆς
2560 4873 2619 4907 τε
2702 4852 3008 4930 ῥητορικῆς
3067 4853 3378 4930 δεινότητος
3433 4862 3526 4916 καὶ
3583 4869 3688 4932 τῆς

269 4955 551 5020 ποιητικῆς
585 4953 931 5032 λογοποιῖας
963 4946 1250 5024 ἀφεστῶσα
1277 4946 1416 5002 κατᾶ
1445 4943 1733 5021 διάμετρον
1756 4951 1864 5004 etc.
1891 4956 1908 5001 Α

2049 4945 2150 5002 iici
2202 4943 2392 5017 potuit
2426 4943 2722 5032 etripode
2767 4945 3225 5020 perplexibilius,
3271 4954 3377 5007 aut
3432 4969 3465 5008 a
3501 4953 3688 5023 Lyco-

251 5038 468 5109 phrona
509 5049 565 5105 in
594 5031 826 5121 linguas
867 5046 1092 5097 Graecae
1119 5038 1454 5095 amoenitate
1483 5037 1780 5094 horridius
1801 5037 1828 5092 ?
1858 5036 2002 5092 Hinc
2031 5034 2130 5092 ille
2161 5050 2291 5091 cum
2323 5033 2446 5089 haec
2477 5031 2736 5104 legisset,
2765 5032 2884 5091 sive
2914 5035 3241 5098 Alexander
3269 5041 3685 5117 chartophylax

242 5130 520 5198 diaconus
559 5128 1298 5202 Constantinopolitanae,
1329 5128 1450 5185 sive
1482 5128 1615 5200 quis
1646 5127 1820 5196 alius,
1854 5143 1971 5183 non
2002 5125 2238 5198 illepide
2267 5126 2572 5186 adnotavit
2603 5143 2619 5185 :

1137 5249 1402 5330 Οὔκ-οῖδα
1428 5252 1481 5307 τί
1512 5253 1616 5330 ιρής
1648 5249 1850 5330 ἐνθάδε,
1885 5251 2188 5330 Χωεζειάτου

1133 5326 1307 5402 Σοφὸν
1339 5325 1402 5379 τὸ
1433 5322 1596 5402 saepe;
1628 5325 1956 5402 συγγράφειν
1979 5322 2342 5402 εἶναιλέγειςς

1132 5392 1272 5473 lilia
1293 5392 1548 5473 γριφιρδὴ
1579 5397 1666 5451 καὶ
1690 5392 1996 5473 Αβᾶραηδώδη
2029 5392 2276 5473 γράφεις.
2305 5395 2526 5469 Nempe
2550 5411 2566 5456 ε

1134 5416 1264 5452 una
1293 5416 1548 5523 γιριφωοη
1579 5416 1666 5451 και
1705 5416 1996 5470 Ραραθωοη
2029 5416 2192 5472 γραφε

1134 5469 1273 5538 Quid
1337 5472 1388 5523 ic
1416 5469 1586 5535 dicas,
1613 5485 1642 5524 ο
1675 5468 1966 5535 Choniata,
1993 5472 2192 5538 nescio,

1134 5539 1414 5597 Orationis
1445 5540 1687 5596 lucidum
1718 5540 1920 5612 probas
1943 5541 2131 5605 decus,

1133 5613 1521 5669 Tenebricosus
1549 5613 1732 5667 instar
1761 5613 1876 5683 ipse
1903 5613 2128 5666 tartari.

207 5745 334 5804 Non
367 5752 463 5810 ila
493 5757 710 5808 tamen
745 5755 996 5814 semper
1028 5736 1268 5806 insanit,
1300 5740 1366 5792 ut
1394 5735 1706 5808 aliquando
1739 5753 1851 5792 non
1885 5736 1943 5791 in
1976 5739 2230 5791 mentem
2262 5735 2478 5809 redeat,
2511 5753 2643 5797 cum
2676 5754 2830 5812 szspe
2859 5737 3072 5811 szspius
3117 5743 3172 5796 et
3221 5739 3551 5797 ammnitate
3581 5737 3675 5790 di-

210 5837 516 5907 ctionum,
546 5849 602 5895 et
635 5827 1322 5911 ﬁgurarumqsuavitate,
1356 5825 1903 5899 sententiarumque
1933 5825 2228 5896 ingeniosa
2261 5826 2524 5885 ubertate
2555 5830 2764 5898 valeat,
2799 5832 2853 5883 et
2879 5827 3003 5883 sine
3034 5828 3302 5898 strepitu,
3334 5833 3386 5883 et
3419 5823 3679 5879 concita-

216 5920 382 5980 tione
406 5927 630 5984 leniter
655 5927 831 5982 ﬂuat.

566 6045 840 6108 Ps'rnon.
893 6041 1010 6103 Gn.
1061 6036 1380 6103 CXXXIX.
2369 6110 2372 6112 γ
3274 6029 3350 6085 10
