4184 6290
431 439 548 500 299
1734 421 2074 484 NICETAS
2120 423 2564 486 CHONIATES
3712 421 3832 484 300

499 569 656 624 Hanc
689 563 989 620 historiam
1019 559 1222 614 Latine
1252 555 1506 612 reddidit
1534 553 1922 626 Hieronymus
1953 555 2222 624 Wolﬁus,
2255 555 2454 610 fusum
2489 554 2646 610 illius
2675 567 2740 609 ac
2773 549 3063 624 prolixum
3121 549 3352 606 dicendi
3401 566 3590 623 genus
3620 551 3838 621 vitans,

429 665 485 718 et
515 660 574 714 in
605 654 1016 714 contractiores
1045 648 1331 704 terminos
1362 644 1760 706 contrahens;
1793 649 1850 700 et
1879 645 2254 716 potissimum
2286 644 2346 700 in
2379 645 2554 701 rebus
2575 643 2715 710 illis,
2761 657 3008 714 quarum
3053 641 3408 697 sententiam
3457 659 3571 700 non
3619 660 3838 717 usque-

428 763 656 820 quaque
685 741 1034 813 assequitur,
1067 735 1484 808 expressioque
1517 750 1633 790 non
1669 734 1751 789 ita
1781 733 1969 789 facilis
2001 738 2148 803 erat,
2180 735 2503 790 sententias
2533 731 2786 789 auctoris
2818 729 3166 804 appendere,
3214 731 3510 803 verbaque
3550 749 3838 790 annume—

428 818 554 892 rare
585 847 822 890 necesse
853 845 968 884 non
1027 825 1251 882 habuit.
1287 827 1504 879 Verum
1561 821 1643 892 id,
1673 829 1735 877 ut
1793 820 1890 877 ille
1948 821 2106 891 facit,
2157 822 2217 878 in
2271 822 2388 878 ﬁdo
2457 822 2773 893 interprete
2829 818 3194 875 laudandum
3253 835 3370 874 non
3429 821 3680 890 videtur,
3739 823 3840 894 qui

425 925 562 980 licet
639 937 751 976 non
829 918 1039 974 debeat
1113 929 1459 970 mensurare
1530 910 1728 982 verba,
1807 914 2063 966 attamen
2142 911 2378 966 modum
2455 909 2750 978 dictionis,
2782 911 2840 964 et
2882 912 3082 965 notam
3124 907 3320 981 aliquo
3351 909 3524 966 etiam
3557 913 3752 980 modo,
3787 915 3845 968 et

424 1012 525 1069 ubi
557 1009 859 1067 commode
888 1005 1014 1062 ﬁeri
1043 1007 1252 1076 potest,
1285 1001 1424 1058 dum
1455 1001 1734 1056 transfert
1791 1004 2231 1071 repraesentare,
2291 1005 2464 1070 atque
2520 1003 2582 1054 ut
2649 999 2732 1054 ita
2774 999 2966 1054 dicam
3015 1013 3128 1068 prae
3169 997 3355 1054 oculis
3401 1016 3614 1068 ponere
3649 999 3841 1063 debet.

421 1101 678 1159 Wolﬁus
710 1097 940 1154 duobus
965 1093 1266 1152 codicibus
1297 1107 1440 1147 usus
1471 1093 1582 1156 est,
1617 1104 1868 1160 quorum
1899 1088 2150 1144 alterum
2179 1087 2418 1144 Antonii
2468 1087 2736 1160 Fuggeri,
2795 1087 3041 1143 alterum
3075 1085 3275 1143 herilis
3306 1087 3660 1144 bibliotheca
3699 1104 3843 1160 snp-

426 1189 735 1264 peditavit,
770 1187 982 1258 quibus
1006 1184 1243 1239 tandem
1277 1180 1528 1236 accessit
1551 1178 1756 1234 tertius
1779 1185 2129 1250 Augustanae
2153 1177 2540 1246 bibliothecae,
2567 1180 2834 1233 vetustus
2859 1177 3179 1264 admodum
3211 1176 3314 1232 sed
3339 1176 3623 1248 principio
3645 1183 3701 1233 et
3722 1177 3839 1233 ﬁne

427 1263 697 1348 mutilus,
727 1292 834 1334 nec
859 1273 1094 1346 reliquis
1125 1269 1390 1343 partibus
1425 1267 1646 1339 ubique
1675 1266 2012 1323 incolumis.
2047 1267 2398 1323 Obscuriora
2423 1267 2568 1339 loca,
2601 1269 2660 1322 et
2687 1265 2875 1322 varias
2907 1263 3186 1322 lectiones
3208 1265 3528 1335 subjunxit.
3547 1267 3715 1324 Edita
3745 1271 3840 1323 est

427 1369 672 1426 historia
696 1366 930 1433 Nicetes,
977 1365 1216 1418 curante
1261 1357 1506 1415 Antonio
1560 1357 1824 1429 Fuggero
1865 1356 2057 1412 Grece
2105 1361 2162 1412 et
2223 1355 2414 1412 Latine
2465 1371 2598 1411 cum
2665 1355 3141 1426 interpretatione
3167 1355 3366 1411 Wolﬁi
3396 1356 3628 1413 Basileas
3679 1357 3838 1428 apud

431 1458 752 1532 Oporinum
785 1456 846 1510 in
881 1453 1018 1510 folio
1050 1467 1203 1509 anno
1247 1447 1405 1514 1557,
1441 1451 1499 1503 et
1529 1461 1734 1502 recusa
1763 1445 1822 1501 in
1853 1446 1886 1500 4
1917 1447 2072 1517 apud
2103 1445 2365 1502 heredes
2395 1445 2680 1502 Eustathii
2745 1443 3010 1516 Vignonii
3068 1461 3221 1500 anno
3277 1445 3436 1500 4593.
3489 1445 3838 1502 Possevinus

428 1549 490 1605 in
525 1550 804 1620 apparatu
839 1543 1080 1601 scribit:
1114 1538 1364 1595 Wolﬁus
1385 1553 1496 1593 non
1523 1538 1656 1592 satis
1689 1534 1872 1593 Greece
1899 1534 2080 1592 sciens
2111 1535 2270 1592 illius
2299 1537 2569 1607 interpres
2601 1550 2712 1591 non
2741 1535 2907 1605 facile
2941 1533 3312 1590 admittendus
3345 1542 3426 1590 est
3469 1533 3556 1606 (i).
3608 1535 3841 1606 Legitur

431 1643 492 1694 et
521 1633 928 1706 manuscripta
959 1632 1017 1686 in
1053 1627 1425 1686 bibliothecis
1460 1627 1764 1694 Vaticana,
1789 1626 1972 1699 Regia
2003 1626 2324 1696 Lutetiana,
2349 1625 2528 1697 Regia
2545 1625 2743 1682 Sancti
2774 1625 3097 1692 Laurentii,
3119 1633 3172 1680 et
3193 1623 3522 1681 alibi.Scias
3543 1629 3837 1697 praeterea,

431 1726 638 1792 lector,
673 1721 1165 1796 quemadmodum
1194 1717 1471 1774 historias
1499 1718 1678 1772 Annae
1707 1719 2036 1786 Comnenaa,
2068 1724 2120 1772 et
2151 1715 2380 1788 Georgii
2411 1714 2778 1788 Acropolitas,
2810 1719 2876 1770 ut
2905 1715 3102 1770 minus
3147 1712 3452 1770 laboriosis
3502 1713 3840 1771 hominibus

437 1830 655 1872 morem
686 1815 934 1885 gereret,
971 1809 1309 1881 quicunque
1339 1806 1439 1863 ille
1469 1806 1582 1862 fuit
1613 1806 1960 1873 decurtavit,
1991 1810 2050 1862 et
2078 1812 2144 1861 ut
2175 1805 2546 1878 angustiores
2579 1805 2816 1874 limites,
2847 1821 2976 1876 qua
3007 1803 3092 1858 illi
3127 1803 3473 1861 videbantur
3511 1804 3840 1875 prolixiora,

433 1909 492 1961 et
521 1903 716 1958 minus
750 1899 1082 1958 necessaria
1112 1897 1466 1955 subtrahens
1494 1895 1806 1964 conclusit,
1838 1895 1920 1951 ita
1949 1897 2125 1951 etiam
2157 1894 2460 1950 historiam
2510 1894 2808 1951 Cboniatae
2859 1896 3268 1964 pertractasse,
3319 1908 3392 1948 ne
3439 1893 3631 1948 dicam
3670 1893 3842 1948 muti-

431 1992 609 2063 lasse,
642 2007 820 2063 quam
853 2005 982 2046 cum
1018 1988 1148 2044 aliis
1180 1987 1412 2044 duobus
1462 2001 1579 2044 uno
1627 1985 1923 2042 volumine
1953 1983 2292 2056 complexus
2321 1989 2432 2041 est.
2465 1985 2673 2041 Confer
2721 2001 2754 2040 a
2784 1983 2954 2040 nobis
2987 1981 3203 2038 editam
3234 1982 3577 2054 Acropolitze
3609 1998 3742 2038 cum
3772 1981 3846 2037 il-

432 2081 544 2136 lius
573 2079 940 2151 compendio,
975 2095 1080 2134 nec
1107 2095 1222 2133 non
1251 2078 1432 2132 Anna:
1473 2076 1690 2131 editam
1719 2075 1994 2146 Augustas
2027 2074 2098 2128 ab
2129 2073 2472 2130 Hoeschelio
2503 2089 2636 2130 cum
2671 2073 2784 2129 alia
2813 2073 3074 2143 ejusdem
3103 2090 3280 2144 quam
3303 2073 3654 2145 promittunt
3685 2077 3848 2145 typo—

433 2169 641 2242 graphi
671 2169 838 2241 Regii
869 2167 1250 2236 Parisienses,
1283 2170 1340 2222 et
1367 2165 1590 2223 videbis
1621 2165 1762 2237 quid
1794 2166 1947 2220 inter
1975 2165 2194 2221 editam
2227 2164 2464 2231 Nicetis,
2496 2172 2550 2220 et
2587 2181 2717 2220 eam
2756 2181 2885 2236 quis
2917 2164 2976 2219 in
3019 2164 3432 2237 compendium
3471 2165 3706 2222 redacta
3735 2168 3848 2233 est,

428 2259 668 2317 intersit
699 2275 713 2314 :
747 2258 818 2315 ab
847 2274 962 2314 uno
993 2257 1151 2314 enim
1182 2257 1352 2329 genio
1383 2257 1564 2312 trium
1597 2255 1809 2312 horum
1834 2255 2252 2312 historicorum
2285 2254 2705 2328 compendium
2737 2255 3060 2326 perfectum
3091 2257 3208 2338 est,
3235 2257 3294 2310 et
3319 2254 3522 2310 eadem
3559 2253 3716 2310 ascia
3744 2254 3850 2310 de-

571 2363 594 2414 t
708 2397 721 2413 .

437 2359 778 2506 άολῗῑέἒρο
809 2462 923 2504 non
955 2445 1063 2502 hac
1095 2448 1326 2501 tantum
1357 2445 1606 2501 historia
1634 2447 1974 2502 contentum
2033 2445 2219 2502 fuisse
2277 2443 2646 2511 Choniatam,
2693 2445 2792 2501 sed
2845 2444 3022 2501 aliam
3072 2458 3302 2516 quoque
3355 2443 3684 2516 scripsisse,
3717 2460 3846 2518 quas

433 2539 625 2596 adhuc
643 2554 758 2595 non
784 2535 1132 2608 comparuit,
1169 2551 1350 2606 arguo
1380 2551 1447 2592 ex
1505 2535 1775 2606 ejusdem
1833 2535 2184 2608 fragmento,
2245 2536 2402 2606 quod
2460 2551 2636 2606 penes
2699 2551 2788 2590 me
2847 2539 2956 2604 est,
2989 2535 3062 2590 de
3099 2533 3313 2590 statuis
3359 2534 3605 2604 aliisque
3637 2550 3706 2589 ex
3735 2550 3849 2590 aere

437 2628 611 2684 tactis
629 2625 846 2683 tabulis
894 2624 1018 2697 igni
1059 2623 1296 2680 traditis
1340 2641 1374 2680 a
1416 2624 1640 2680 Latinis
1683 2627 1816 2695 post
1871 2630 2100 2695 captam
2160 2624 2742 2694 Constantinopolim,
2775 2625 2930 2695 quod
2964 2625 3022 2678 in
3054 2622 3297 2678 historia
3317 2622 3443 2693 jam
3475 2623 3700 2694 vulgata
3729 2640 3844 2679 non

436 2717 669 2788 legitur,
702 2720 758 2772 et
787 2715 1112 2786 exscriptor
1149 2713 1232 2768 ait
1279 2730 1340 2769 se
1383 2731 1452 2769 ex
1505 2713 1750 2769 historia
1791 2713 2004 2769 Nicetes
2053 2731 2088 2769 e1

2197 2713 2431 2784 ripsisse
2471 2730 2486 2769 :
2535 2715 2642 2768 Τοῢ
2699 2710 2863 2766 αὐτοῦ
2915 2709 3212 2785 μακαρίτου
3257 2708 3445 2783 κυρίου
3493 2711 3706 2780 Numina
3751 2714 3849 2765 τοῦ

433 2805 750 2861 Χωνειάτου
802 2803 907 2857 ὰπὸ
955 2807 1055 2870 τῆς
1102 2801 1269 2856 αὐτοῦ
1323 2801 1566 2875 ἱστορίας
1606 2801 1732 2875 περὶ
1781 2807 2083 2856 Κωνσταντι

2199 2799 2424 2863 πόλεως.
2485 2802 2741 2872 Ejusdem
2795 2804 2967 2859 beata?
3027 2801 3313 2858 memoriae
3375 2800 3586 2856 domini
3650 2802 3851 2856 Niceta:

435 2896 744 2964 Choniata,
773 2909 845 2949 ea:
875 2893 1032 2949 illius
1063 2892 1316 2948 Historia
1343 2892 1414 2948 de
1445 2891 1935 2964 Constantinopoli.
1977 2893 2048 2948 Et
2075 2892 2087 2947 i

2199 2893 2283 2964 pit
2315 2909 2328 2948 :
2368 2893 2479 2959 Τῆς
2511 2887 2569 2945 δὲ
2596 2889 2866 2966 ἡμετέρας
2914 2887 3193 2965 βασιλείας
3221 2887 3341 2962 ἄρτι
3369 2885 3849 2960 διαπεπτευθείοης

433 2984 510 3045 εἷς
542 2981 952 3058 Φραγγίσκους.

513 3073 770 3144 Dignum
799 3072 1028 3127 tandem
1061 3077 1148 3125 est
1177 3073 1210 3124 J
1217 3069 1329 3125 usti
1358 3069 1536 3141 Lipsii
1553 3069 1843 3142 judicium
1873 3069 1944 3124 de
1973 3069 2194 3136 Niceta,
2225 3071 2380 3142 quod
2411 3084 2481 3126 ex
2511 3070 2662 3126 notis
2709 3070 2782 3126 ad
2829 3068 2931 3124 lib.
2985 3071 3009 3125 Ι
3045 3069 3410 3125 Politicorum
3461 3068 3577 3124 huc
3624 3069 3842 3125 refera-

439 3167 574 3218 tur:
609 3162 823 3216 Nicetas
855 3159 1172 3226 Choniates,
1201 3159 1298 3230 qui
1327 3173 1414 3213 res
1446 3159 1762 3216 Graecanici
1791 3159 2020 3230 imperii
2047 3159 2292 3229 scripsit,
2325 3176 2485 3216 orsus
2511 3161 2612 3216 abs
2637 3161 2845 3216 Joanne
2891 3158 3159 3214 Comneno
3199 3158 3403 3214 Alexii
3445 3159 3503 3213 F.
3549 3158 3618 3213 ad
3656 3157 3844 3213 urbem

437 3255 680 3322 captam,
704 3250 818 3305 sive
854 3247 923 3302 ad
954 3248 1290 3303 Balduinum
1323 3247 1644 3304 Flandrum.
1678 3248 1728 3302 Is
1757 3263 1954 3318 parum
1993 3248 2171 3304 adhuc
2199 3249 2361 3317 vulgo
2390 3253 2569 3316 notus,
2600 3251 2799 3319 fateor,
2825 3248 2926 3304 sed
2954 3247 3315 3319 dignissimus
3363 3249 3570 3304 notitia
3597 3263 3615 3300 :
3643 3261 3849 3318 parum

438 3346 760 3407 rectumque
791 3333 1099 3405 ingenium,
1130 3335 1179 3389 si
1208 3335 1318 3390 alio
1354 3334 1495 3390 illud
1523 3350 1654 3391 meo.
1695 3335 1888 3407 Stylus
1915 3335 2087 3390 etiam
2116 3351 2390 3408 operosus,
2439 3341 2626 3407 poetas
2689 3340 2744 3392 et
2798 3337 3096 3392 Homerum
3145 3350 3294 3405 saepe
3324 3335 3596 3407 resipiens
3629 3355 3648 3392 .-
3675 3341 3730 3390 at
3761 3349 3850 3389 res

438 3431 491 3483 et
519 3427 771 3482 narratio
803 3427 924 3496 ipsa
949 3424 1202 3481 distincte
1227 3423 1542 3495 composita,
1584 3426 1704 3480 sine
1731 3424 1994 3490 vanitate,
2025 3424 2146 3480 sine
2173 3411 2426 3496 ineptiis,
2481 3426 2659 3481 brevis
2703 3428 2846 3496 quod
2897 3427 3030 3480 satis
3081 3426 3153 3480 sit
3197 3432 3252 3480 et
3297 3423 3429 3495 ﬁda.
3465 3424 3667 3480 Crebra
3703 3423 3853 3496 apud

443 3519 651 3574 cumet
690 3518 996 3586 opportuna
1025 3515 1232 3567 monita
1259 3529 1280 3574 ,'
1311 3511 1534 3583 judicia
1563 3528 1674 3568 non
1707 3513 1884 3568 libera
1905 3514 2107 3582 solum,
2136 3515 2228 3570 sed
2247 3514 2498 3569 sana.Ad
2517 3529 2790 3570 summam
2811 3514 2976 3584 legite
2999 3528 3104 3583 vos,
3127 3513 3346 3584 politici
3371 3529 3384 3582 ;
3419 3513 3672 3581 gratiam
3713 3513 3859 3569 mihi

445 3607 652 3676 aliquis
678 3619 779 3674 pro
796 3601 1010 3672 judicio
1041 3600 1280 3667 habebit,
1311 3605 1461 3656 certe
1487 3600 1718 3657 debebit.
1750 3601 2006 3672 Angelus
2036 3601 2360 3658 Politianus
2389 3603 2533 3658 satis
2591 3601 2676 3658 illi
2727 3602 3001 3658 tribuisse
3050 3601 3164 3658 sibi
3214 3601 3378 3658 visus
3403 3606 3518 3674 est,
3549 3603 3602 3658 si
3633 3602 3862 3659 dictum

445 3695 707 3750 Nicetam
741 3694 895 3748 inter
925 3707 1040 3747 non
1073 3689 1466 3760 aspernabiles
1497 3692 1738 3746 omnino
1759 3695 1982 3748 Graecos
2015 3697 2282 3748 auctores
2311 3691 2639 3758 collocaret,
2671 3691 2911 3748 Miscell.
2945 3708 3070 3763 cap.
3105 3692 3196 3748 28.

517 3783 816 3852 Leguntur
844 3784 1120 3852 praeterea
1149 3778 1337 3849 ipsius
1371 3779 1484 3835 alia
1515 3795 1527 3834 :
1561 3777 1689 3853 Περὶ
1719 3782 1815 3832 τοῦ
1847 3775 2126 3855 δόγματος
2153 3800 2169 3832 ἰ

2208 3778 2250 3831 ,ὖ
2281 3783 2415 3833 Θεοῦ
2443 3781 2540 3833 τοό
2573 3777 2836 3851 Μωάμευ.
2867 3781 2940 3835 De
2973 3780 3225 3848 dogmate
3255 3781 3355 3836 Dei
3409 3779 3755 3836 Mohametici
3783 3779 3860 3851 (f)

439 3878 503 3928 P.
537 3872 822 3947 Ἔγκειται
852 3872 930 3940 τῷ
957 3871 1321 3940 κατηχητικῷ
1349 3865 1561 3940 πυκτίῳ
1597 3868 1714 3940 μεθ’
1746 3865 1939 3940 ἑτέρων
1973 3867 2091 3943 ἀφοι

2209 3871 2316 3922 ιῶν.
2349 3869 2740 3934 Quaestionem
2771 3868 3056 3940 promovit
3085 3869 3317 3925 Manuel
3349 3870 3686 3941 imperator.
3719 3869 3861 3932 Qui-

441 3962 557 4016 bus
587 3977 724 4015 vero
751 3959 972 4016 artibus
1012 3962 1072 4012 et
1097 3957 1327 4013 tccbnis
1361 3958 1672 4029 prasulum
1704 3959 1932 4013 animos
1958 3973 2242 4028 occupare
2274 3957 2599 4024 tentaverit,
2631 3963 2687 4012 et
2713 3957 2771 4012 in
2799 3973 2966 4012 suam
3017 3957 3368 4013 sententiam
3419 3959 3678 4026 traxerit,
3731 3957 3858 4014 fuse

437 4049 555 4120 egit
585 4048 814 4103 Nicetes
845 4047 905 4102 in
931 4046 1261 4114 Annalibus,
1295 4049 1350 4101 et
1373 4047 1478 4101 dos
1511 4045 1650 4102 alibi
1685 4045 1967 4101 dicemus.

513 4136 642 4208 Περὶ
673 4140 768 4189 τοῦ
801 4133 1104 4210 φιλοσόφου
1163 4133 1403 4192 Ἰταλοῦ.
1437 4137 1512 4192 De
1564 4135 1888 4207 philosopho
1941 4137 2098 4192 Italo.
2149 4141 2165 4190 l

2201 4176 2214 4190 .
2269 4133 2452 4207 ’ᾹλΛἘ
2493 4135 2546 4196 ἒς
2583 4131 2710 4190 τόδε
2744 4136 2836 4208 μὲν
2864 4137 2927 4191 τὸ
2956 4137 3080 4212 περὶ
3109 4139 3216 4191 τῶν
3245 4135 3469 4208 ἀζύμων
3511 4134 3851 4207 ληξάτωσαν.

520 4225 725 4280 Contra
755 4225 993 4278 Latinos
1025 4225 1089 4278 de
1113 4225 1352 4294 azymis,
1385 4223 1615 4279 duobus
1645 4223 2017 4292 tractatibus,
2052 4241 2302 4295 quorum
2336 4223 2578 4280 alterius
2607 4224 2963 4298 principium
3007 4232 3095 4282 est
3123 4244 3135 4281 :
3183 4224 3248 4282 Et
3296 4217 3406 4278 ἔστι
3456 4225 3687 4296 σύνεσις,
3719 4225 3854 4301 φησί

450 4309 750 4384 Σολομὼν,
781 4308 1108 4384 ἀποκρίθητι
1147 4314 1226 4382 τῷ
1257 4309 1518 4380 πλησίον,
1551 4313 1640 4366 καὶ
1677 4312 1751 4384 μὴ
1807 4311 2058 4385 κωλύσῃς

2197 4333 2305 4386 γον.
2363 4312 2621 4370 Alterius
2679 4331 2810 4371 vero
2855 4314 3207 4386 principium
3257 4319 3385 4371 est:
3435 4313 3508 4370 Τὸ
3567 4314 3690 4387 περὶ
3741 4319 3849 4368 τῶν

446 4399 667 4474 ἆζὸμων
698 4399 832 4455 κατὰ
863 4397 1104 4454 Λασίνων
1135 4397 1384 4472 αἰτίαμα.

515 4491 655 4546 Item
686 4487 837 4543 Κατᾶ
866 4487 1112 4542 Λατίνων
1154 4486 1280 4563 περὶ
1331 4490 1430 4541 τοῦ
1471 4486 1632 4563 ἁγίου
1675 4487 2006 4560 Πνεύματος.
2061 4489 2167 4545 Adi

2203 4506 2338 4547 :rsus
2381 4489 2607 4548 Latinos
2655 4490 2721 4546 de
2769 4489 2981 4562 Spiritu
3025 4494 3232 4547 sancto.
3279 4488 3422 4560 Ξὲνὴ
3473 4511 3556 4554 τις
3597 4488 3709 4545 ἔστὶ
3765 4489 3855 4546 καὶ

441 4578 769 4646 ἀλλόκοτος,
799 4578 866 4647 ἤν
899 4577 950 4632 οἱ
983 4578 1253 4650 Ῥωμαῖοι
1282 4577 1337 4630 ὲν
1369 4580 1449 4648 τῷ
1487 4576 1626 4648 ἁγίῳ
1657 4571 1925 4649 συμϐόλῳ
1955 4583 2093 4632 που.οέ

2207 4599 2241 4632 ιι
2285 4579 2626 4653 προσθήκην.
2678 4579 2800 4634 Nisi
2861 4580 3205 4652 dogmaticas
3255 4579 3412 4636 illius
3461 4581 3748 4652 PanOplize
3800 4587 3859 4639 et

435 4672 700 4728 thesauri
733 4671 856 4727 haec
888 4669 1062 4726 etiam
1097 4671 1282 4724 frusta
1313 4673 1626 4740 partesque
1655 4672 1814 4724 sunt.
1850 4669 1912 4723 Id
1959 4669 2008 4724 si
2040 4670 2237 4738 fuerit,
2269 4670 2556 4725 immerito
2591 4670 2760 4741 plane
2807 4670 2876 4726 de
2926 4687 2992 4726 eo
3035 4671 3239 4726 Petrus
3289 4670 3564 4728 Morellus
3599 4689 3855 4743 pronun-

435 4761 630 4816 tiavit:
669 4761 818 4829 Quod
848 4759 1071 4832 quidem
1103 4763 1313 4832 quanta
1345 4757 1634 4828 diligentia
1669 4757 1963 4830 laboreque
1991 4759 2336 4830 praestiterit,
2370 4763 2645 4814 testantur
2692 4764 3076 4831 aeternumque
3123 4760 3468 4816 testabantur
3506 4761 3714 4818 divinae
3763 4763 3857 4818 lu-

439 4849 810 4920 cubrationes,
842 4866 980 4920 quas
1012 4851 1075 4904 in
1107 4849 1204 4906 hoc
1235 4864 1372 4920 opus
1401 4863 1527 4905 vere
1558 4865 1796 4904 aureum
1827 4851 2124 4917 congessit,
2157 4853 2412 4918 tantoque
2442 4848 2680 4917 arti/icio
2717 4849 2784 4904 ab
2831 4849 2965 4920 ipsis
3017 4850 3213 4905 Adami
3255 4849 3585 4921 primordiis
3630 4851 3701 4906 ad
3750 4867 3857 4907 sua

439 4953 609 5007 usque
639 4945 882 5008 tempora
911 4937 1164 5008 deduxit,
1224 4943 1282 4993 ut
1335 4939 1616 4995 haereseon
1675 4953 1798 5008 qua
1849 4942 1979 4993 ante
2035 4937 2314 4992 Christum
2370 4946 2586 5006 natum,
2615 4941 2671 4992 et
2721 4955 2754 4991 a
2806 4937 3020 4994 Christo
3077 4947 3207 4994 nato
3259 4940 3422 5010 quasi
3471 4939 3856 5012 hypotyposim

425 5026 733 5094 quamdam
763 5029 1160 5082 consecraverit
1194 5043 1207 5094 ;
1243 5043 1355 5098 qua
1389 5027 1663 5091 consulta,
1696 5029 1746 5082 si
1793 5026 1937 5097 quod
1991 5025 2294 5096 aliquando
2349 5024 2576 5080 dubium
2601 5028 2668 5080 de
2696 5025 2856 5082 rebus
2911 5025 3117 5082 divinis
3168 5028 3503 5094 suboriatur,
3546 5028 3722 5099 possit
3750 5033 3856 5084 sta-

430 5116 534 5169 tim
561 5114 740 5169 videri
768 5121 950 5169 utram
990 5117 1044 5168 in
1088 5120 1303 5185 partem
1354 5116 1682 5186 ﬂectendum
1729 5115 1820 5172 sit.
1883 5121 2088 5170 Praeter
2139 5114 2295 5170 enim
2343 5130 2568 5170 errores
2621 5115 2692 5170 de
2743 5117 3112 5186 processione
3158 5117 3407 5188 Spiritus
3457 5119 3642 5173 sancti
3695 5119 3854 5174 etde

433 5204 678 5275 azymis,
711 5219 860 5274 quos
893 5204 1168 5259 adversus
1206 5205 1438 5261 Latinos
1473 5221 1539 5260 ex
1573 5205 1832 5276 professo
1863 5209 2079 5272 tuetur,
2111 5203 2359 5259 latenter
2389 5203 2562 5259 etiam
2595 5203 2710 5259 alia
2743 5205 2804 5260 in
2834 5207 3069 5261 easdem
3121 5206 3423 5278 inspergit.
3478 5206 3676 5278 Neque
3726 5214 3852 5263 tan-

432 5293 564 5348 dem
597 5292 812 5361 omnia,
847 5308 975 5364 quas
1006 5291 1104 5348 ille
1134 5293 1351 5349 ibidem
1401 5295 1679 5364 afﬁrmat,
1728 5293 1856 5350 sine
1905 5309 2074 5364 verte,
2123 5291 2425 5349 catholicae
2478 5291 2732 5365 scilicet,
2765 5295 2990 5350 trutina:
3020 5293 3286 5352 examine
3318 5295 3657 5368 accipienda
3689 5301 3852 5355 sunt.

508 5417 576 5489 (i)
621 5415 808 5472 Wolﬁi
858 5421 1080 5493 curtam
1121 5415 1449 5493 Graecitatis
1479 5417 1934 5493 _su_pellectilem
1981 5433 2090 5493 nos
2197 5415 2464 5493 Ylledit.
2499 5417 2679 5493 Paris.
2713 5419 2928 5493 p_._1_li2.
2963 5423 3040 5493 Et
3059 5420 3524 5493 quidemrbreve
3565 5421 3850 5493 scriptum

439 5487 674 5560 quoque
706 5490 1080 5560 coarguimus
1117 5487 1175 5542 in
1218 5487 1710 5560 adnotationibus
1751 5489 1964 5544 nostris
2014 5490 2086 5544 ad
2198 5487 2460 5543 Graecum
2495 5491 2565 5544 de
2591 5487 3103 5547 Deo—Mohamedis
3153 5492 3394 5547 memini
3443 5509 3536 5550 me
3563 5487 3757 5548 videre
3789 5493 3850 5549 in

433 5557 824 5635 Ephraemium
847 5557 1356 5635 chronographum
1383 5559 1582 5635 Script.
1619 5564 1720 5635 vet.
1759 5567 1804 5616 t.
1831 5561 2083 5635 lll_,p_art.
2197 5561 2378 5635 codd._
2401 5565 2531 5616 Vat.
2565 5562 2674 5616 Sed
2707 5568 2862 5635 certe
2893 5563 3122 5635 Nicetas
3153 5561 3326 5635 alius,
3359 5564 3416 5618 id
3450 5568 3537 5620 est
3575 5564 3852 5635 Byzanti-

435 5629 562 5708 πέρ.
597 5631 700 5686 116
745 5635 809 5708 et
844 5629 1371 5708 i7l.__Quanq_uam_
1411 5629 1566 5708 quod
1615 5631 1819 5708 attinet
1849 5629 2084 5708 alb-no-

2198 5649 2331 5708 nus,
2363 5631 2424 5688 in
2455 5648 2625 5708 opere
2659 5634 2888 5708 anobis
2918 5634 3068 5690 edito
3103 5634 3164 5688 Β.
3197 5629 3341 5708 N._t.
3373 5635 3460 5704 IV,
3503 5629 3654 5708 part.
3691 5652 3758 5708 ιιἶ
3789 5653 3846 5708 p.

435 5701 661 5779 φήφιον,
696 5703 846 5757 male
876 5720 927 5779 _a
972 5703 1178 5779 Wolﬁo
1217 5701 1596 5779 intellectum,
1642 5702 1706 5779 _id
1738 5703 1860 5779 jam
1907 5703 2087 5779 fuisse
2195 5703 2410 5779 36_t,_et
2441 5701 2796 5774 pf399-406,
2831 5705 3047 5761 diserte
3077 5706 3336 5779 ostendit
3365 5701 3548 5762 Deum
3589 5701 3853 5779 Abraha-

431 5773 804 5848 emendatum
839 5774 911 5848 ab
944 5773 1152 5829 Allatio
1187 5777 1382 5840 postea
1413 5773 1799 5842 cognovimus
1829 5775 1887 5827 in
1921 5775 2082 5843 praef.
2195 5774 2382 5848 mi,_i_d
2431 5773 2521 5829 est
2569 5781 2754 5848 Deum
2799 5791 3024 5848 verum,
3083 5777 3378 5833 diversum
3429 5792 3558 5836 esse
3587 5795 3621 5837 a
3650 5777 3850 5836 Moba-

429 5847 499 5902 ad
533 5852 796 5918 excerpta
821 5847 1350 5918 rhetorum.A.ibl.
1492 5913 1530 5918 ,_
1642 5914 1652 5918 _
1705 5917 1711 5918 ί
1919 5917 1925 5918 ί
2195 5844 2376 5900 modis
2409 5850 2542 5901 Deo.
2575 5847 2747 5905 A.M.

505 5918 579 5992 (j)
619 5913 761 5978 Rem
791 5919 958 5976 video
991 5916 1154 5991 tangi
1185 5933 1218 5974 a
1243 5917 1443 5975 Niceta
1471 5913 1776 5986 Choniata,
1807 5915 1946 5971 Hist.
1978 5913 2082 5973 lib.
