4184 6290
385 464 508 525 301
1877 458 2037 518 ΡΡιᾸ

2152 459 2328 522 LTIO.
3687 465 3804 523 302

462 602 696 659 Finiam
728 599 798 652 de
828 593 1111 652 Choniata
1143 591 1465 646 orationem
1521 589 1713 644 verbis
1771 588 1962 646 Vossii
2019 593 2090 647 de
2147 596 2530 666 scriptoribus
2568 595 2802 662 Graecis,
2837 597 3052 668 quibus
3093 595 3190 652 ille
3220 593 3495 651 Gulielmi
3527 593 3810 666 Xylandri

396 691 794 763 suspicionem
833 685 902 740 de
934 683 1131 738 Niceta
1166 680 1400 744 Davide,
1432 683 1488 734 et
1518 679 1716 734 Niceta
1745 679 2028 736 Chcnlata
2051 682 2258 738 refellit
2290 701 2301 737 :
2341 684 2600 741 Gulielmi
2629 685 2894 757 Xylandri
2955 686 3193 758 suspicio
3251 691 3352 751 est,
3409 683 3661 739 eumdem
3699 698 3812 739 esse

403 781 544 835 hunc
573 779 820 834 Nicetam
853 771 1133 836 Davidem,
1167 772 1261 840 qui
1289 777 1340 824 et
1371 770 1588 822 Nicctas
1625 767 1922 838 Paphlago,
1956 785 2020 823 ac
2058 770 2226 826 illum
2275 773 2365 826 cui
2422 775 2733 830 Acomz’nati
2787 784 3204 846 cognomentum
3255 772 3387 844 fuit.
3422 771 3524 828 Sed
3565 776 3812 841 tempora

387 872 654 926 videntur
683 863 1086 920 disconvenire.
1121 862 1185 914 In
1217 856 1544 930 quibusdam
1573 857 1726 912 codd.
1770 874 1898 914 mss.
1959 859 2158 914 Nicetze
2214 861 2438 929 Davidi,
2502 861 2827 934 philosopho
2884 859 3251 932 Paphlagoni,
3306 860 3659 928 tribuuntur,
3691 874 3814 930 quae

395 960 496 1015 alii
528 956 825 1013 ascribunt
855 952 1054 1008 Nicetes
1083 949 1337 1015 Serrani,
1371 950 1525 1018 prius
1551 947 1808 1002 Ecclesia
1839 946 2472 1020 Constantinopolitanae
2527 952 2782 1019 diacono,
2841 958 3036 1024 postea
3093 959 3286 1005 autem
3345 949 3685 1005 Heraclicnsi
3713 966 3811 1004 ar-

401 1049 745 1118 chiepiscopo
776 1061 791 1096 :
826 1051 888 1096 ut
911 1042 971 1096 in
1004 1045 1210 1094 Latona
1240 1039 1468 1092 Patrum
1498 1041 1549 1092 et
1577 1039 1904 1106 scriptorum
1943 1039 2462 1108 ecclesiasticarum,
2495 1045 2757 1113 excerpta
2782 1044 2842 1098 in
2871 1041 3200 1098 Matthaeum
3241 1047 3296 1094 et
3339 1039 3539 1094 Lucam
3578 1055 3809 1109 evange-

391 1140 548 1196 tistas
583 1155 595 1192 :
623 1138 760 1191 item
789 1133 1060 1204 expositio
1082 1131 1378 1184 multorum
1411 1129 1751 1182 Nazianzeni
1781 1127 2093 1181 carminum
2117 1134 2172 1183 et
2203 1132 2544 1186 orationum.
2584 1134 2838 1188 Diversus
2889 1138 3072 1188 tamen
3114 1145 3230 1186 esse
3274 1129 3369 1183 hos
3416 1129 3652 1197 Nicetas,
3685 1128 3810 1184 Leo-

396 1232 485 1284 nis
512 1226 709 1284 Allatii
730 1225 1004 1280 sententia
1035 1229 1131 1286 est,
1164 1221 1225 1274 in
1260 1218 1515 1273 Diatriba
1552 1217 1617 1272 dc
1650 1215 1872 1284 Psellis,
1905 1217 1998 1272 cui
2028 1219 2129 1272 hac
2158 1220 2213 1273 in
2246 1224 2410 1290 parte
2429 1223 2612 1292 potius
2640 1223 2939 1279 subscribe.
2973 1222 3085 1277 Sed
3119 1220 3177 1274 in
3212 1219 3563 1290 quibusdam
3609 1235 3814 1274 manu-

400 1317 640 1388 scriptis
672 1315 888 1370 Nicetes
919 1311 1117 1367 Davidi
1145 1309 1348 1376 tribui,
1381 1323 1506 1379 quas
1538 1305 1635 1360 alii
1667 1306 1968 1361 ascribunt
1999 1307 2212 1362 Nicetis
2238 1310 2494 1378 Serroni,
2531 1311 2672 1366 fides
2696 1312 2779 1367 'sit
2811 1328 2986 1384 penes
3017 1311 3236 1383 ipsum.
3269 1309 3420 1374 Quos
3469 1323 3574 1380 ego
3626 1309 3810 1364 evolvi

405 1406 632 1464 codices
664 1401 1114 1472 manuscriptos,
1146 1414 1351 1455 omnes
1381 1413 1496 1452 uno
1528 1411 1810 1451 consensu
1843 1397 2260 1468 expositionem
2292 1399 2354 1454 in
2385 1398 2692 1456 Orationes
2721 1400 3089 1470 Nazianzeni,
3122 1416 3268 1471 quas
3308 1415 3487 1471 supra
3517 1397 3814 1454 recensui-

407 1513 562 1565 mus,
594 1495 811 1552 Nicetaa
844 1491 1080 1548 Serroni
1099 1490 1401 1544 vindicant
1434 1505 1446 1542 :
1479 1485 1901 1560 expositionem
1931 1503 2064 1543 vero
2097 1488 2154 1542 in
2187 1491 2472 1558 carmina,
2505 1491 2718 1547 Nicetis
2750 1491 2970 1548 Davidi.
3003 1495 3072 1547 Et
3117 1491 3188 1546 de
3214 1491 3319 1546 hoc
3359 1489 3504 1547 nulli
3552 1505 3814 1560 unquam

404 1586 647 1643 dubium
681 1583 808 1639 fuit.
842 1583 1033 1646 Quare
1067 1580 1296 1634 ﬁrmum
1332 1585 1674 1647 certumque
1705 1579 1922 1644 manet,
1959 1575 2174 1633 Nicetes
2215 1578 2448 1635 Davidis
2483 1579 2912 1651 Expositionem
2945 1581 3004 1636 in
3036 1580 3296 1638 carmina
3327 1578 3571 1649 ;Nicetaa
3616 1582 3819 1635 Serro-

405 1676 519 1746 nis,
551 1671 987 1746 Expositionem
1020 1669 1080 1724 in
1111 1669 1416 1724 Orationes
1446 1665 1787 1724 Nazianzeni
1820 1681 1966 1721 esse.

659 1987 1562 2163 NIKHTA
1715 1985 2189 2161 ΤΟΥ

1908 1985 2189 2161 ΟΥ
2337 1986 3560 2163 ΧΩΝΙΑΤΟΥ

1737 2290 2504 2423 ΙΣΤΟΡΙΑ.

875 2715 1864 2908 ΝΙΟΕΤλἘ
2007 2559 2527 2908 (ΞΗΟῘ

1716 2719 1864 2904 Ε
2007 2559 3368 2909 GHONIATPE

1699 3035 2550 3162 HISTORIA.

415 1817 3822 1866 ὼ

1121 3435 1568 3481 ΕΜΙΝΕΝΤῙΒΒῙΜΟ
1620 3433 1849 3476 SANCTB
1903 3433 2154 3473 ROIAN£
2205 3432 2482 3475 ECGLBSIB
2538 3433 2794 3475 PRINCIPI
2849 3435 3146 3475 CARDINALI

1811 3566 1842 3624 J
1854 3565 2017 3624 ULIO
2063 3565 2452 3624 MAZARINO.

507 3901 693 3958 Editio
723 3900 938 3958 Nicetis
959 3913 1109 3955 nova
1130 3898 1438 3968 patronum
1469 3893 1581 3950 sibi
1603 3907 1672 3948 ex
1693 3907 1854 3948 more
1874 3891 2166 3964 qumrebat
2199 3892 2481 3947 adversus
2530 3891 2816 3964 malignos
2865 3891 3229 3965 invidosque.
3290 3892 3455 3950 Unus
3505 3893 3840 3962 occurristi,

432 3991 745 4049 cardinalis
779 3987 1263 4055 eminentissime,
1294 3986 1464 4055 cujus
1496 3982 1820 4054 patrocinio
1851 3998 1964 4038 non
1992 3981 2131 4038 levis
2161 3986 2367 4038 auctor
2414 3998 2542 4038 sese
2601 3982 3022 4051 committeret,
3084 3999 3270 4039 unum
3327 3990 3382 4040 te
3437 3983 3729 4056 siquidem
3760 3984 3845 4040 vi-

435 4083 642 4137 demus
671 4079 958 4134 litteraria
987 4083 1367 4131 monumenta
1396 4073 1522 4129 orbi
1551 4071 1768 4126 Gallico
1801 4071 2041 4126 forsitan
2076 4072 2272 4142 ignota
2301 4071 2518 4142 ubique
2549 4071 2810 4143 gentium
2853 4071 3116 4143 conquiri
3159 4072 3387 4144 jubere,
3436 4077 3492 4129 et
3547 4073 3604 4128 in
3629 4073 3842 4130 biblio-

437 4169 672 4224 thecam
707 4173 864 4222 tuam
900 4163 1414 4236 incomparabilem
1449 4160 1700 4225 admitti,
1735 4164 1800 4214 ut
1828 4167 1878 4214 et
1912 4159 2308 4215 certissimum
2343 4159 2422 4214 sit
2453 4157 2793 4231 scriptorem
2829 4161 2925 4232 qui
2958 4164 3014 4216 te
3041 4159 3196 4216 ultro
3228 4161 3347 4217 adit
3372 4161 3622 4234 benigna
3655 4161 3846 4218 fronte

436 4256 765 4312 admissum
799 4255 886 4309 iri.
924 4257 1044 4309 Hoc
1075 4269 1203 4308 vero
1233 4250 1498 4307 omnium
1524 4247 1742 4317 linguis
1799 4246 2194 4317 laudibusque
2254 4246 2533 4302 celebrari
2591 4247 2786 4316 debet,
2818 4249 2972 4320 quod
3026 4249 3159 4306 licet
3206 4266 3271 4306 ea
3302 4250 3632 4322 prudentia,
3667 4264 3845 4322 quam

438 4343 629 4399 centeri
661 4360 724 4398 ex
757 4343 1039 4399 librorum
1069 4340 1316 4397 lectione
1347 4337 1718 4394 emendicare
1748 4351 1988 4390 necesse
2021 4336 2258 4402 habent,
2292 4335 2396 4390 tibi
2453 4335 2717 4408 ingenita
2769 4338 2863 4403 sit,
2892 4355 2991 4394 eos
3049 4344 3245 4394 tamen
3290 4343 3457 4394 tanta
3505 4339 3684 4394 animi
3716 4355 3850 4394 con-

440 4433 701 4490 tentione
736 4437 969 4504 tamque
1000 4432 1265 4501 impenso
1297 4435 1534 4498 sumptu
1566 4425 1889 4497 comparari
1920 4425 2026 4493 vis,
2060 4441 2125 4479 ac
2156 4424 2204 4479 si
2238 4425 2545 4496 prudentia
2575 4423 2675 4481 illa
2700 4442 2814 4481 non
2847 4427 2950 4482 tibi
2973 4432 3219 4500 cognata
3242 4427 3345 4483 sed
3369 4427 3566 4483 labore
3588 4427 3848 4498 paranda

437 4528 612 4580 esset.
651 4525 848 4595 Itaque
873 4524 1026 4578 bono
1059 4520 1248 4593 magis
1281 4517 1514 4590 publico
1546 4515 1960 4570 bibliothecam
1991 4513 2248 4569 instituis
2284 4529 2458 4585 quam
2491 4519 2614 4584 tuo,
2647 4519 2712 4570 ut
2740 4532 2946 4572 omnes
2975 4515 3311 4588 intelligant
3357 4523 3409 4571 et
3454 4530 3576 4570 rem
3621 4513 3758 4571 belli
3790 4519 3850 4570 et

436 4613 597 4685 pacis
620 4615 831 4669 decora
859 4625 1125 4685 peraeque
1155 4608 1260 4664 tibi
1293 4624 1447 4663 curae
1477 4620 1626 4661 esse.
1669 4603 1860 4658 Altero
1891 4603 2094 4658 Gallici
2126 4603 2326 4659 hostes
2377 4603 2638 4659 nominis
2688 4605 2938 4674 obteres,
2987 4603 3164 4660 altero
3213 4603 3520 4676 peritiores
3578 4602 3848 4658 homines

431 4703 678 4772 efficies,
714 4707 779 4756 ut
807 4705 1024 4771 quanto
1057 4699 1140 4754 eis
1165 4699 1508 4753 ornamento
1534 4691 1786 4765 principi
1809 4695 1868 4746 et
1897 4707 2072 4762 quam
2108 4706 2381 4762 prospere
2403 4707 2520 4746 rem
2545 4691 2827 4748 Gallicam
2860 4709 3049 4765 geras,
3083 4709 3196 4748 non
3230 4693 3404 4748 modo
3429 4691 3515 4747 his
3535 4692 3637 4764 qui
3664 4691 3847 4748 vitam

435 4792 666 4856 vivunt,
700 4789 806 4846 sed
830 4791 1007 4846 etiam
1040 4787 1291 4860 posteris
1323 4787 1561 4840 narrent
1590 4786 1648 4837 et
1677 4781 1931 4837 tradant.
1966 4780 2179 4836 Felices
2201 4783 2394 4836 autem
2416 4785 2506 4834 ter
2529 4788 2850 4853 quaterque
2900 4782 2954 4836 hi
2997 4797 3246 4852 quorum
3292 4797 3464 4852 opera
3492 4797 3688 4838 rerum
3730 4798 3764 4837 a
3793 4784 3851 4836 te

438 4879 716 4952 praeclare
747 4883 1035 4951 gestarum
1058 4874 1342 4932 memoria
1363 4873 1624 4928 testatior
1646 4870 1772 4935 erit,
1806 4869 1926 4926 sive
1957 4869 2110 4940 quod
2141 4868 2382 4925 materia.
2410 4867 2691 4924 illustrior
2747 4869 2868 4925 sive
2915 4871 3066 4941 quod
3118 4887 3313 4927 rerum
3365 4871 3534 4944 copia
3571 4871 3730 4928 nulla
3768 4870 3852 4928 eis

435 4968 626 5042 possit
658 4967 891 5023 uberior
922 4965 1296 5035 contingere:
1333 4959 1830 5034 quemadmodum
1855 4959 2010 5014 enim
2039 4957 2119 5014 rei
2149 4958 2426 5014 tenuitate
2482 4957 2786 5030 scriptoris
2841 4959 3178 5031 eloquentia
3241 4961 3540 5032 deteritur,
3568 4961 3651 5017 ita
3687 4968 3741 5018 et
3770 4960 3854 5016 rei

434 5057 726 5128 dignitate
759 5055 1031 5112 clarescit
1061 5059 1119 5109 et
1149 5052 1520 5108 diffunditur.
1554 5049 1622 5102 Hi
1649 5047 1856 5105 Galliae
1889 5048 2035 5104 fines
2068 5047 2522 5117 prudentissimo
2548 5047 3005 5120 felicissimeque
3062 5049 3308 5106 consilio
3359 5054 3460 5107 tuo
3504 5050 3759 5124 prolatos
3789 5050 3851 5106 in

433 5146 607 5204 Italia
638 5146 1052 5211 narrabunt,et
1074 5144 1294 5198 frustra
1316 5155 1446 5196 esse
1470 5154 1568 5194 eos
1589 5135 1928 5208 quiGallico
1952 5136 2196 5208 imperio
2218 5135 2364 5192 ﬁnes
2397 5139 2682 5204 statuunt,
2715 5136 2868 5208 quod
2901 5135 3195 5195 Gallorum
3229 5137 3418 5195 virtus
3465 5139 3680 5195 invicta
3732 5153 3850 5194 non

434 5237 658 5294 ﬁnibus
689 5234 886 5302 certis,
923 5233 1027 5289 sed
1057 5232 1198 5288 orbe
1231 5226 1651 5285 claudatur-Illi
1671 5225 1991 5282 Germanias
2017 5227 2304 5297 principes
2328 5226 2505 5282 armis
2523 5225 2820 5283 Gallorum
2846 5226 3186 5285 victricibus
3215 5229 3521 5287 exterritos
3557 5229 3850 5301 quievisse

437 5325 706 5384 neutrive
737 5322 891 5395 parti
923 5337 1051 5379 sese
1081 5318 1376 5377 addixisse
1408 5317 1672 5381 tradent;
1706 5331 1821 5386 quo
1853 5316 2001 5370 iacto
2033 5317 2144 5369 sibi
2178 5315 2544 5387 poaterisque
2591 5315 2719 5371 suis
2767 5315 3107 5374 consultum
3156 5318 3388 5375 iverunt
3429 5322 3488 5374 et
3529 5317 3852 5375 imminen-

437 5423 556 5474 tem
586 5417 763 5474 rebus
787 5415 912 5473 suis
944 5414 1164 5471 exitum
1186 5410 1560 5483 depulerunt.
1585 5406 1654 5460 Hi
1686 5405 1885 5462 Gallos
1915 5405 2097 5477 copiis
2125 5406 2296 5478 ionge
2317 5406 2572 5478 impares
2624 5405 2873 5463 classem
2921 5407 3185 5464 hostilem
3233 5407 3520 5464 devicisse
3567 5407 3853 5480 praedica-

431 5507 607 5577 bunt,
639 5513 695 5563 et
723 5523 823 5563 eos
853 5503 956 5577 qui
988 5503 1059 5559 de
1089 5500 1278 5574 gloria
1306 5501 1630 5555 certaturos
1661 5510 1722 5550 se
1754 5494 2062 5566 putabant,
2094 5495 2292 5550 statim
2327 5493 2442 5550 sibi
2472 5494 2543 5550 de
2573 5493 2761 5551 salute
2793 5496 3140 5553 certandum
3179 5495 3560 5566 intellexisse,
3611 5497 3850 5554 tametsi

433 5595 688 5667 superba
717 5594 879 5651 natio
912 5607 1088 5648 naves
1120 5587 1411 5655 solvisset,
1444 5589 1510 5640 ut
1537 5582 1703 5655 quasi
1735 5599 1838 5654 per
1865 5581 2072 5638 ludum
2097 5585 2418 5654 jccumque
2448 5582 2698 5640 Gallicas
2729 5584 3104 5656 deprimeret.
3135 5584 3285 5640 Galli
3318 5601 3432 5641 non
3477 5601 3723 5643 numero
3755 5586 3859 5642 sed

428 5685 648 5742 virtute
675 5685 1009 5740 censentur.
1043 5679 1189 5734 Hinc
1215 5677 1436 5733 feroces
1463 5671 1750 5730 exercitus
1779 5687 1932 5743 saepe
1961 5671 2033 5726 ab
2065 5670 2159 5727 his
2222 5675 2582 5744 expugnatos
2640 5671 2862 5743 videas,
2888 5673 3026 5730 hinc
3091 5673 3263 5728 etiam
3314 5676 3623 5727 terrestres
3656 5673 3855 5742 copias

432 5773 496 5829 in
531 5788 698 5846 spem
728 5769 986 5828 victoriis
1010 5773 1232 5824 erectas
1265 5766 1337 5821 ob
1370 5764 1743 5835 superantem
1777 5759 2218 5817 multitudinem
2251 5759 2470 5817 deletas
2503 5761 2870 5833 attritasque.
2907 5763 3056 5817 Eant
3105 5777 3256 5817 nunc
3297 5760 3394 5832 qui
3443 5763 3598 5814 retro
3632 5765 3867 5830 tempo-

434 5877 573 5918 rum
605 5861 910 5916 ministros
938 5856 1214 5913 laudibus
1243 5854 1306 5910 in
1338 5852 1549 5910 caelum
1580 5848 1883 5906 extollunt.
1917 5849 2026 5918 Tu,
2060 5849 2374 5907 cardinalis
2404 5850 2891 5915 eminentissime,
2935 5865 3064 5905 cum
3120 5849 3276 5902 fasce
3323 5861 3624 5902 armorum
3669 5846 3865 5918 plures

438 5951 644 6012 vinces
675 5965 854 6024 quam
885 5947 987 6005 alii
1013 5945 1318 6020 explicatis
1352 5941 1554 6001 armis.
1587 5940 1674 5997 Tu
1703 5938 1893 6014 vivida
1919 5946 2113 6002 mente
2160 5945 2260 6000 tua
2318 5947 2372 6000 et
2421 5940 2613 6016 sagaci
2653 5938 2896 5996 consilio
2947 5934 3068 6008 regi
3115 5928 3639 6004 Christianissimo,
3682 5947 3858 6005 quem
