4184 6290
371 464 489 526 303
1614 435 1722 496 AD
1765 429 2072 493 NICETE
2113 423 2540 490 HISTORIAM
3665 422 3784 482 30;

368 599 492 670 jam
526 591 724 668 populi
756 603 901 661 pene
932 597 1133 640 omnes
1163 577 1428 670 adorant,
1465 572 1664 670 plures
1695 567 2028 670 triu‘mphps
2057 562 2288 664 parabis
2319 575 2498 670 quam
2531 555 2644 656 alii-
2661 555 2714 610 vi
2748 569 3092 670 man-tilqugf.’
3117 553 3296 670 perge
3327 555 3516 670 ‘mod‘o
3539 557 3642 670 xei
3675 575 3789 631 Ρη-

373 643 852 744 “micantibus—ramis
885 673 1160 746 prodesse
1191 673 1246 724 et
1275 643 1542 721 litteratis
1575 658 1920 718 hominibus
1949 657 2157 722 favere,
2190 653 2314 710 sine
2347 648 2562 722 quibus
2591 645 2850 702 virorum
2881 643 3202 700 illustrium
3237 644 3404 710 facta,
3441 647 3644 704 statim
3702 653 3790 704 at-

374 793 488 848 que
519 773 774 830 animam
805 735 1222 838 deposuerunt,
1253 753 1644 823 intercidunt,
1676 753 1734 808 et
1789 763 1916 806 cum
1975 759 2211 816 corpore
2269 755 2491 812 magna
2538 751 2767 810 quoque
2817 735 3025 792 animae
3055 736 3511 806 exstinguuntur
3545 738 3688 793 dum
3721 739 3794 796 si-

374 865 589 922 lentur.
1478 939 1826 1000 Eminentia:
1856 941 1966 995 tua;
1997 931 2438 992 addictissimus
2469 927 2787 987 CAROLUS
2841 926 3150 984 ANNIBAL
3209 927 3614 986 FABROTUS.

391 1139 3786 1191 ______________________——-——————-————-

381 1399 454 1444 AD
527 1393 894 1438 MAGNIFIGUM
968 1389 1036 1429 ET
1109 1381 1447 1426 GENEROSUI
1519 1377 1728 1430 VIRUM,
1804 1375 1861 1416 D.
1942 1369 2248 1413 ANTONIUM
2339 1366 2678 1420 FUGGERUM,
2754 1367 3137 1408 KIRCHBERGE
3210 1367 3278 1406 ET
3349 1367 3790 1410 WEISSENHORNI

453 1469 735 1520 DOMINUM,
811 1461 1096 1504 CESABEE
1169 1455 1465 1497 MAJESTATI
1555 1452 1590 1491 Α
1681 1445 1982 1496 αοΝεῐιῐῐε,
2075 1444 2105 1483 Ε

2138 1446 2202 1482 ‘C.
2295 1441 2359 1483 IN
2451 1441 2667 1482 NICETES
2739 1439 3036 1482 ACOMINATI
3111 1439 3410 1482 CHONIATJE
3483 1441 3790 1482 HISTORIAM

453 1539 776 1583 HIEBONYMI
847 1533 1047 1575 'WOLFII
1124 1528 1432 1570 PBEFATIO.

457 1707 736 1762 Zonaram
769 1707 958 1768 tuum,
987 1695 1075 1752 vir
1101 1691 1490 1765 amplissime,
1523 1685 1836 1744 Choniates
1865 1681 2154 1754 sequitur,
2183 1678 2356 1735 homo
2387 1693 2496 1733 sua
2528 1677 2690 1732 aetate
2715 1690 2832 1730 non
2863 1675 3095 1730 tantum
3131 1674 3362 1746 magnis
3411 1675 3790 1748 dignitatibus

387 1805 648 1866 ornatus,
683 1793 781 1850 sed
814 1763 991 1848 etiam
1021 1763 1254 1860 ingenio
1285 1776 1680 1853 ethultiplici
1711 1773 1974 1831 doctrina
2003 1773 2312 1844 praestans,
2345 1770 2401 1824 et
2430 1765 2686 1822 veritatis
2709 1764 2984 1832 historiae,
3018 1766 3084 1818 ut
3111 1763 3256 1820 mihi
3301 1764 3548 1834 videtur,
3578 1767 3794 1839 ubique

389 1853 711 1951 studiosus,
747 1881 951 1936 ordine
979 1853 1282 1948 aptissimo
1309 1875 1366 1926 et
1382 1866 1698 1924 lectoribus
1722 1861 2036 1919 utilissimo
2065 1881 2078 1929 ;
2105 1857 2204 1930 qui
2226 1857 2366 1914 ordo
2385 1871 2514 1912 cum
2538 1854 2846 1926 sequentia
2867 1853 2940 1910 iis
2961 1869 3086 1926 quae
3112 1863 3472 1912 antecessere
3515 1857 3796 1929 adiungat

387 1981 561 2046 atque
592 1943 886 2040 adnectat,
917 1943 1174 2023 historiae
1205 1960 1500 2034 quoddam
1534 1954 1704 2028 quasi
1736 1969 1944 2024 corpus
1970 1949 2222 2006 absolvit
2249 1951 2306 2004 et
2333 1947 2396 2046 in
2427 1963 2534 2003 suo
2565 1961 2773 2018 genere
2804 1943 3070 2000 homines
3116 1946 3378 2002 eruditos
3421 1946 3634 2012 reddit,
3686 1947 3797 2004 hoc

391 2033 498 2136 est,
531 2082 566 2120 a
593 2063 769 2134 vulgo
801 2033 1141 2116 mortalium
1173 2033 1498 2122 distinguit.
1524 2046 1736 2102 Multos
1767 2058 1910 2100 sane
1939 2039 2223 2110 invenias,
2255 2036 2354 2109 qui
2385 2037 2496 2092 etsi
2521 2035 2788 2092 alitteris
2813 2033 3225 2102 alieni,tamen
3251 2036 3516 2092 acumine
3554 2037 3796 2110 ingenii,

393 2122 832 2218 facundiarum
862 2162 1079 2214 rerum,
1113 2137 1472 2198 doctissimis
1499 2136 1665 2205 viris,
1697 2133 1802 2190 sed
1832 2130 1920 2186 vel
1954 2133 2169 2186 natura
2197 2125 2554 2183 tardioribus
2583 2125 2672 2180 vel
2730 2125 2788 2179 in
2851 2122 3156 2179 hominum
3216 2125 3546 2196 frequentia
3603 2128 3800 2184 minus

392 2214 800 2310 versatis,’etsi
831 2249 1069 2293 omnem
1099 2235 1326 2288 aetatem
1356 2229 1416 2282 in
1446 2226 1802 2298 optimarum
1843 2219 2054 2276 artium
2113 2215 2324 2274 studiis
2383 2214 2727 2279 contrivere,
2788 2215 3190 2286 praeferantur.
3245 2218 3464 2280 Quodsi
3513 2220 3584 2274 ad
3634 2219 3796 2276 illam

394 2337 618 2388 naturas
647 2302 985 2384 ielicitatem
1018 2327 1074 2378 et
1107 2317 1485 2390 multiplicem
1518 2311 1932 2386 experientiam
1966 2306 2292 2364 accuratior
2322 2307 2379 2360 et
2411 2303 2742 2360 methodica
2770 2302 3060 2360 institutio
3085 2307 3443 2375 accessisset,
3477 2309 3616 2380 quid
3665 2327 3800 2366 cum

393 2423 632 2478 illorum
664 2413 1004 2474 excellentia
1033 2407 1356 2482 comparari
1387 2403 1624 2478 posset?
1654 2402 1818 2460 Nunc
1848 2399 2125 2456 laudibus
2155 2411 2352 2452 eorum
2383 2399 2614 2450 tantum
2665 2392 2891 2482 decedit
2940 2400 3224 2466 quantum
3265 2400 3590 2456 accuratior
3621 2401 3800 2456 insti-

396 2512 544 2568 tutio
578 2509 695 2564 illis
727 2505 1070 2562 addidisset.
1103 2481 1302 2571 Neque
1332 2497 1486 2554 enim
1519 2493 1659 2549 falso
1691 2491 1907 2547 dicitur
1936 2492 2142 2556 artem,
2171 2501 2299 2557 quae
2330 2487 2416 2540 est
2445 2483 2666 2555 ingenii
2697 2481 2872 2538 veluti
2903 2485 3068 2540 rudis
3105 2486 3325 2558 speculi
3379 2491 3544 2559 quasi
3587 2491 3804 2562 expoli-

394 2601 474 2657 tio
507 2598 798 2671 quzsdam,
832 2593 1142 2650 certiorem
1175 2605 1301 2644 esse
1330 2587 1538 2642 ducem
1575 2597 1754 2653 quam
1782 2587 2075 2644 naturam,
2109 2581 2281 2646 atque
2311 2573 2484 2630 etiam
2513 2571 2864 2628 uberiorem.
2896 2573 3039 2628 Nam
3085 2576 3188 2645 qui
3233 2577 3410 2633 nullis
3458 2579 3806 2638 eruditionis

393 2661 1228 2746 adminiculissustentantur,
1259 2681 1478 2732 temere
1509 2671 1851 2745 plerumque
1883 2667 2144 2722 feruntur
2175 2667 2232 2720 et
2261 2667 2420 2719 extra
2447 2661 2687 2728 limites,
2719 2678 2832 2733 quo
2855 2661 3034 2718 animi
3058 2669 3235 2720 aestus
3257 2667 3430 2737 rapit,
3452 2676 3802 2742 evagantur:

396 2779 548 2836 docti
581 2795 614 2833 a
644 2774 819 2832 certis
847 2771 1036 2828 initiis
1065 2769 1138 2826 ad
1169 2771 1350 2824 metas
1380 2765 1582 2822 ordine
1613 2756 2060 2834 progrediendo,
2094 2754 2289 2810 statim
2335 2754 2393 2808 in
2439 2760 2712 2824 promptu
2762 2750 2982 2808 habent
3028 2769 3156 2823 quae
3197 2757 3264 2810 ad
3300 2773 3420 2812 rem
3454 2760 3803 2828 pertineant,

397 2870 486 2926 Illi
517 2867 722 2935 multa,
754 2865 814 2919 hi
847 2861 1123 2935 pleraque
1153 2857 1304 2916 scitu
1337 2855 1518 2926 digna
1544 2855 1745 2910 tenent
1775 2865 1790 2906 :
1824 2847 1909 2904 illi
1967 2843 2610 2935 fragmentagquaedam
2660 2845 2718 2898 et
2766 2841 2935 2935 quasi
2995 2841 3242 2913 disjecta
3292 2848 3555 2903 membra
3609 2866 3808 2906 conse-

395 2963 653 3026 ctantur,
683 2931 745 3011 hi
773 2931 1350 3023 sol—idumiquoddam
1382 2950 1438 3002 et
1467 2943 1592 3000 suis
1623 2939 1884 2997 numeris
1925 2937 2257 3026 absolutum
2317 2933 2590 2989 humana!
2648 2931 2994 3004 cognitionis
3047 2947 3255 3004 corpus
3315 2937 3800 3009 complectuntur.

400 3055 554 3115 Quas
584 3021 656 3102 ob
689 3062 780 3099 res
811 3059 916 3114 ego
947 3021 1248 3111 perbeatos
1278 3053 1376 3092 eos
1410 3050 1540 3090 esse
1562 3031 1788 3102 judico,
1839 3025 2052 3098 quibus
2098 3029 2155 3080 et
2207 3039 2274 3078 ea
2318 3022 2584 3078 voluntas
2629 3021 2874 3092 contigit
2905 3026 2966 3075 ut
3010 3022 3270 3094 cupiant,
3303 3027 3359 3078 et
3389 3025 3804 3096 eaegfacultatcs

401 3110 723 3210 suppetunt
751 3137 817 3188 ut
847 3110 1098 3202 possint,
1129 3124 1804 3196 citraimpedimentum,
1839 3117 1912 3172 ab
1943 3117 2184 3210 ineunte
2213 3117 2377 3169 estate
2407 3127 2596 3183 usque
2625 3111 2695 3209 ad
2728 3110 2785 3164 id
2835 3113 3072 3182 tempus
3123 3115 3278 3182 quod
3329 3115 3500 3171 rebus
3539 3119 3802 3188 gerendis

401 3198 610 3299 aptum
643 3226 754 3290 est,
787 3198 1212 3292 philosophari,
1242 3231 1307 3271 ac
1339 3218 1464 3268 tum
1507 3212 1740 3266 demum
1783 3205 1994 3278 agendi
2041 3202 2340 3259 solertiam
2390 3218 2524 3258 cum
2573 3198 2836 3256 veritatis
2889 3201 3379 3271 contemplatione
3427 3207 3801 3278 conjungere,

402 3289 618 3372 animis
647 3313 706 3367 in
743 3308 918 3365 cmlos
949 3311 1007 3362 et
1037 3308 1232 3378 ipsum
1263 3305 1469 3371 Deum,
1501 3299 1842 3372 corporibus
1883 3297 1941 3349 in
1993 3295 2261 3348 humanae
2297 3292 2593 3347 societatis
2640 3289 3137 3346 conservationem
3189 3291 3449 3350 intentis.
3479 3300 3608 3350 Haec
3661 3299 3809 3359 mihi

401 3407 521 3463 vita
549 3419 682 3460 vere
711 3401 971 3456 humana
999 3405 1052 3453 et
1083 3395 1278 3468 potius
1326 3393 1524 3449 divina
1565 3405 1796 3462 semper
1848 3387 1977 3445 visa
2023 3390 2128 3452 est,
2159 3387 2217 3440 et
2265 3382 2539 3438 omnibus
2580 3381 2653 3436 iis
2683 3379 3083 3450 voluptatibus
3134 3397 3261 3453 quae
3295 3401 3426 3440 cum
3461 3386 3645 3442 brutis
3679 3390 3812 3444 ani-

405 3494 706 3554 mentibus
737 3492 854 3546 fere
884 3501 1227 3544 communes
1251 3487 1392 3540 sunt
1423 3479 1801 3554 praeferenda.
1837 3475 1897 3530 In
1949 3491 2064 3545 quo
2114 3471 2378 3528 assentiri
2438 3469 2580 3525 mihi
2624 3473 2681 3524 et
2725 3485 2794 3525 ex
2826 3469 3014 3524 doctis
3045 3474 3103 3526 et
3136 3487 3204 3526 ex
3243 3472 3492 3529 indoctis
3525 3477 3811 3547 optimum

403 3591 460 3644 et
492 3580 1018 3658 prudentissimum
1051 3590 1368 3648 quemque,
1422 3573 1540 3627 imo
1621 3585 1710 3625 me
1783 3567 1979 3640 potius
2055 3581 2188 3622 cum
2264 3563 2500 3618 illorum
2579 3559 2890 3616 sententiis
2965 3575 3308 3634 congruere,
3387 3570 3636 3622 constat,
3701 3569 3816 3626 Nec

403 3653 572 3732 tuum
613 3673 723 3729 hac
754 3671 811 3726 in
843 3685 923 3738 re,
956 3670 1018 3724 ut
1050 3669 1106 3721 et
1137 3666 1194 3719 in
1223 3664 1468 3734 caeteris,
1529 3659 1874 3734 praeclarum
1927 3655 2240 3728 judicium,
2302 3653 2456 3724 quod
2532 3654 2589 3706 et
2661 3655 2786 3706 tota
2814 3655 3153 3723 Fuggerana
3183 3653 3404 3709 familia
3429 3671 3639 3728 magno
3674 3676 3814 3715 con-

405 3781 580 3821 sensu
657 3760 920 3832 sequitur
993 3765 1046 3812 et
1121 3753 1343 3811 cordati
1419 3767 1624 3808 omnes
1699 3763 1929 3805 summe
2007 3745 2277 3817 probant,
2355 3743 2671 3798 obscurum
2747 3743 2881 3807 est;
2933 3741 3035 3811 qui
3111 3739 3264 3797 ﬁlios
3337 3747 3468 3799 tuos
3545 3745 3816 3818 ingenio-

403 3873 533 3912 rum
565 3857 623 3910 et
653 3830 963 3922 corporum
997 3847 1186 3915 vigore
1217 3847 1558 3916 praestantes
1597 3841 1667 3896 ab
1698 3839 1843 3910 ipsis
1873 3851 2052 3910 prope
2083 3831 2391 3889 cunabulis
2417 3847 2604 3903 usque
2635 3831 2705 3884 ad
2728 3830 3058 3902 juventutis
3089 3831 3324 3889 initium
3373 3852 3406 3890 a
3457 3837 3812 3895 doctissimis

409 3919 880 4018 prazceptoribus,
915 3939 974 3993 in
1004 3933 1398 3992 celeberrimis
1474 3931 1805 4002 quibusque
1879 3927 2122 3996 Europae
2198 3920 2540 3994 gymnasiis,
2583 3935 2781 3974 severa
2855 3919 3166 3992 disciplina
3240 3925 3628 3982 moderandos
3703 3945 3810 4000 op-

409 4008 811 4103 timarumque
842 4028 1058 4083 artium
1090 4029 1148 4081 ct
1171 4023 1506 4095 linguarum
1552 4018 1884 4090 cognitione
1933 4013 2280 4069 imbuendos
2328 4010 2570 4066 curaris.
2622 4008 2848 4071 Quibus
2891 4008 2977 4064 illi
3021 4010 3090 4064 de
3139 4011 3334 4067 causis
3374 4029 3432 4068 se
3467 4032 3581 4071 non
3615 4017 3814 4075 minus

409 4126 515 4182 tibi
548 4097 778 4190 debere,
810 4135 928 4190 qua
957 4117 1170 4188 pietate
1201 4129 1267 4168 ac
1293 4109 1602 4185 prudentia
1635 4111 1796 4176 sunt,
1859 4105 2223 4177 proﬁtentur,
2286 4115 2462 4172 quam
2523 4097 2676 4169 quod
2730 4097 2904 4152 vitam
2951 4101 3008 4153 et
3050 4099 3303 4156 maxima
3348 4119 3588 4175 qumque
3639 4123 3816 4162 orna.

417 4217 617 4270 menta
647 4189 795 4266 felici
826 4189 1078 4279 quodam
1114 4205 1228 4259 fato
1262 4203 1364 4258 abs
1395 4207 1451 4256 te
1476 4201 1861 4270 acceperunt;
1896 4193 1996 4264 qui
2027 4209 2198 4248 verus
2230 4207 2344 4246 non
2383 4192 2608 4244 tantum
2641 4204 2948 4258 corporum
3001 4189 3101 4242 sed
3157 4189 3329 4246 etiam
3363 4193 3690 4252 animorum
3721 4215 3832 4270 pa-

411 4310 498 4361 ter
527 4317 654 4358 esse
684 4276 939 4366 voluisti,
971 4311 1076 4352 nec
1107 4291 1374 4366 genuisse
1401 4291 1710 4346 contentus
1739 4283 2004 4353 utrisque
2038 4297 2104 4338 ea
2135 4277 2522 4352 suppeditasti
2553 4277 2614 4332 in
2659 4277 2873 4348 quibus
2923 4276 3185 4333 humana
3234 4279 3478 4337 felicitas
3533 4287 3820 4342 consistit.

409 4395 484 4452 Ut
516 4397 713 4450 autem
741 4395 970 4446 terrena
1003 4400 1246 4456 corpora
1274 4386 1444 4437 terra;
1478 4377 1748 4450 frugibus
1781 4373 2036 4440 aluntur,
2086 4371 2168 4426 sic
2221 4367 2472 4426 caelestis
2523 4372 2581 4424 et
2635 4367 2869 4424 divinus
2920 4368 3152 4424 animus
3181 4385 3349 4425 suum
3385 4377 3615 4442 pastum
3647 4376 3829 4432 habet

407 4483 820 4542 eruditionem.
851 4479 1033 4543 Quam
1061 4491 1092 4529 a
1123 4472 1286 4544 vulgi
1307 4471 1446 4536 fece,
1472 4468 1581 4522 hoc
1615 4469 1704 4521 est
1739 4481 1774 4519 a
1803 4462 2059 4536 pessimo
2091 4465 2149 4516 et
2181 4457 2534 4515 stultissimo
2567 4473 2822 4528 quoque,
2853 4457 3149 4512 contemni
3183 4474 3250 4515 ac
3304 4459 3554 4517 derideri
3589 4481 3704 4520 non
3739 4472 3830 4522 est

407 4574 766 4638 mirandum,
801 4585 933 4627 cum
967 4565 1122 4639 quod
1155 4563 1225 4618 de
1257 4578 1317 4616 re
1350 4561 1551 4631 ignota
1581 4554 1764 4611 nihilo
1797 4553 2009 4609 rectius
2036 4555 2289 4607 statuere
2322 4551 2567 4622 possunt
2590 4563 2764 4616 quam
2798 4561 2981 4602 Cacus
3003 4547 3073 4602 de
3095 4547 3388 4606 coloribus
3419 4557 3820 4624 pronuntiare,

405 4670 532 4722 tum
609 4664 763 4736 quod
836 4657 992 4716 vitiis
1065 4659 1241 4725 atque
1321 4646 1558 4719 ineptiis
1635 4643 2094 4700 semidoctorum
2171 4639 2560 4710 quorumdam
2638 4639 2740 4691 aut
2831 4643 3239 4706 corruptorum
3315 4639 3622 4698 hominum
3701 4661 3825 4702 rem

406 4725 908 4828 praeclarissimam
943 4747 1286 4804 metiuntur.
1322 4739 1470 4798 Nam
1502 4735 1640 4809 quid
1672 4737 1757 4790 est
1786 4733 1944 4790 aliud
1977 4729 2223 4788 eruditio
2254 4727 2368 4784 nisi
2393 4725 2821 4799 amplissimum
2857 4726 3152 4796 quoddam
3201 4735 3252 4784 et
3297 4728 3818 4792 instructissimum

409 4815 911 4915 amphitheatrum
943 4835 1190 4892 humaui
1220 4827 1440 4904 ingenii
1466 4831 1523 4883 et
1555 4823 1920 4897 experientiae
1961 4819 2308 4891 multiplicis
2330 4818 2356 4872 ?
2379 4817 2459 4915 .ad
2492 4817 2646 4886 quod
2679 4815 3078 4870 exornandum
3107 4820 3166 4872 et
3195 4816 3673 4891 locupletandum
3707 4842 3822 4880 non

406 4905 636 4990 tantum
671 4947 875 4988 omnes
905 4927 1194 4993 nationes,
1227 4935 1435 4978 omnes
1465 4917 1758 4983 homines,
1812 4927 2014 4968 omnes
2064 4913 2266 4964 aetates
2320 4905 2532 4978 stipem
2592 4921 2760 4960 suam
2806 4907 3206 4972 contulerunt,
3241 4908 3341 4964 sed
3375 4911 3552 4966 etiam
3584 4912 3686 4968 Dei
3719 4913 3832 4970 im-

406 5021 672 5078 mortalis
702 5015 1023 5074 liberalitas
1056 5012 1242 5069 multa
1271 5005 1537 5064 auctaria
1569 5001 1800 5073 adjecit,
1834 5000 1907 5056 iis
1934 4998 2109 5054 rebus
2135 4995 2344 5068 partim
2377 5009 2590 5050 arcano
2621 4993 2820 5049 afﬂatu
2853 4997 3066 5065 partim
3100 5015 3202 5070 per
3231 4999 3490 5074 insignia
3539 5005 3831 5064 miracula

403 5107 694 5176 relevatis,
729 5123 877 5178 quas
909 5103 1174 5158 obtusior
1207 5100 1449 5156 humani
1493 5094 1714 5169 ingenii
1750 5092 1904 5148 acies
1936 5089 2264 5163 perspicere
2319 5085 2565 5141 minime
2631 5085 2940 5156 potuisset.
2996 5088 3138 5148 Cum
3191 5097 3387 5148 autem
3447 5099 3593 5151 ratio
3650 5105 3830 5169 atque

404 5198 588 5254 oratio
623 5173 807 5252 multo
839 5192 1029 5264 magis
1061 5205 1238 5262 quam
1269 5191 1456 5244 forma
1488 5199 1797 5258 corporum
1819 5180 2121 5236 hominem
2173 5177 2498 5264 distinguat
2526 5191 2558 5229 a
2594 5173 2830 5264 belluis,
2875 5181 2933 5231 et
2965 5179 3228 5235 veritatis
3260 5181 3450 5238 solida
3481 5185 3736 5257 cognitio
3767 5191 3828 5243 et

403 5289 622 5344 diserta
641 5263 1051 5358 explicatiosit
1081 5284 1208 5348 ejus
1241 5281 1542 5350 proprium
1571 5289 1807 5342 munus,
1842 5270 1984 5343 quid
2014 5267 2191 5358 aliud
2213 5269 2299 5358 est
2343 5263 2740 5336 philosophari
2791 5281 2967 5336 quam
3000 5267 3062 5322 in
3123 5285 3188 5325 eo
3216 5269 3513 5329 elaborare
3555 5279 3618 5329 ut
3653 5291 3826 5333 voca-

402 5377 544 5434 bula
573 5353 912 5432 cum-rebus
943 5369 1334 5435 consentiant,
1366 5371 1421 5422 et
1453 5369 1518 5420 ut
1546 5365 1587 5419 ii
1615 5365 1806 5420 simus
1833 5361 1932 5434 qui
1967 5357 2241 5414 dicimur.
2274 5353 2543 5410 homines
2564 5353 2592 5409 ?
2641 5353 2997 5425 complector
3047 5359 3243 5411 autem
3289 5357 3676 5432 philosophica
3727 5379 3833 5418 no-

406 5467 565 5523 mine
595 5469 826 5520 tantum
863 5467 1152 5536 quantum
1185 5458 1372 5530 ipsius
1404 5455 1754 5526 signiﬁcatio
1786 5447 2215 5520 complectitur,
2251 5443 2512 5500 studium
2548 5447 2723 5514 atque
2758 5459 3014 5500 amorem
3065 5444 3366 5516 sapientiae
3404 5466 3418 5516 ;
3473 5465 3600 5520 quas
3631 5466 3832 5508 rerum

408 5555 739 5612 divinarum
771 5557 830 5608 et
861 5530 1254 5605 humanarum
1289 5557 1720 5614 causarumque
1753 5540 1968 5612 quibus
2001 5551 2078 5592 ea:
2111 5549 2203 5591 res
2231 5532 2605 5588 continentur
2636 5530 2884 5587 scientia
2927 5533 3221 5590 delinitur.
3277 5538 3464 5602 Quam
3525 5538 3832 5596 immensi-

407 5649 584 5700 tatem
616 5659 750 5699 cum
782 5641 946 5698 solus
976 5644 1132 5695 Deus
1165 5651 1362 5693 rerum
1389 5633 1654 5690 omnium
1705 5631 1893 5703 opit'ex
1951 5631 2168 5696 teneat,
2218 5623 2378 5680 solus
2424 5625 2488 5676 ut
2539 5621 2700 5690 boni,
2753 5621 2835 5676 ita
2879 5626 2935 5677 et
2985 5624 3271 5695 sapientis
3306 5643 3518 5684 nomen
3543 5629 3679 5699 jure
3713 5631 3834 5689 sibi

403 5735 670 5792 vendicat
696 5751 708 5788 :
743 5731 1012 5788 homines
1043 5737 1235 5784 autem
1269 5723 1563 5798 sapientiae
1598 5727 1655 5778 et
1683 5719 1918 5776 virtutis
1935 5721 2202 5774 amantes
2225 5731 2290 5770 ac
2313 5712 2610 5768 studiosos
2637 5726 2764 5768 esse
2785 5711 2930 5767 nihil
2965 5717 3152 5784 vetat;
3181 5731 3296 5786 quo
3324 5733 3520 5776 amore
3549 5734 3614 5776 ac
3632 5721 3832 5779 studio

401 5844 516 5900 quo
537 5821 1045 5897 quisquelongius
1077 5818 1472 5892 progreditur,
1505 5831 1573 5871 eo
1605 5811 1848 5900 propius
1879 5827 1925 5900 a7
1952 5805 2293 5900 coelestibus
2339 5801 2530 5900 geniis
2569 5800 2755 5900 abest,
2791 5804 2928 5900 quia
2973 5821 3041 5862 ea
3069 5823 3130 5862 re
3159 5807 3489 5868 beatissimi
3521 5811 3830 5886 habentur,

402 5892 570 5989 quod
587 5892 782 5988 ipsum
815 5892 1024 5982 Deum,
1056 5909 1254 5967 omnis
1287 5905 1567 5964 bonitatis
1597 5908 1655 5960 et
1677 5893 2500 5989 sapientiaefontem,jugiter
2529 5907 2666 5989 cum
2695 5892 2983 5952 ineffabili
3013 5896 3226 5970 gaudio
3258 5899 3569 5960 intuentur
3617 5901 3830 5976 (neque

404 5981 520 6064 alia
547 5981 780 6079 piorum
813 5981 1107 6064 beatitudo
1139 6007 1271 6074 post
1305 5999 1454 6056 hanc
1481 5997 1662 6054 vitam
1694 5992 1814 6049 i‘ore
1843 5988 2003 6047 haud
2035 5987 2140 6047 abs
2174 6001 2235 6044 re
2271 5981 2555 6056 creditur)
2589 5995 2606 6053 ;
2657 5999 2774 6054 quo
2824 5985 3067 6060 propius
3117 5987 3358 6060 resistit,
3393 6007 3460 6050 eo
3509 5991 3709 6050 minus
3739 5993 3832 6050 di-
