4184 6290
392 331 510 392 305
1600 335 1813 398 man.
1859 333 2156 396 WOLFII
2198 329 2644 392 PRIEFATIO.
3705 308 3822 396 306

395 463 686 536 gnitatem
750 478 884 518 nam
909 465 966 518 et
1000 462 1344 521 excellentis
1376 469 1597 523 naturae
1627 485 1874 526 munera
1897 467 2261 531 tuetur.Quis
2291 483 2427 522 vero
2459 482 2526 522 ea
2557 465 2633 522 sit
2663 463 3087 538 arrogantia,ut
3117 479 3290 522 suum
3315 463 3490 520 unius
3511 463 3815 539 ingenium

396 559 630 611 tantum
663 570 785 610 esse
813 555 1006 624 putet,
1039 558 1100 610 ut
1129 571 1195 611 eo
1229 559 1538 613 contentus
1572 557 1770 613 omnia
1800 561 2060 613 veterum
2093 557 2329 612 inventa
2359 560 2415 612 et
2444 557 2864 628 experimenta,
2897 557 3231 614 litterarum
3258 557 3660 613 monumentis
3683 574 3821 614 con-

398 647 645 719 signata,
679 646 983 713 aspernari
1015 651 1219 718 queat,
1252 664 1318 704 ac
1349 664 1463 704 non
1498 649 1691 721 potius
1713 666 1780 705 ex
1808 650 2039 705 inﬁnita
2072 649 2240 720 copia
2259 650 2482 722 optima
2504 666 2752 722 quaaque
2781 654 2838 707 et
2875 647 3108 723 ingenio
3140 661 3243 702 suo
3264 645 3512 717 vitaeque
3547 647 3812 704 instituto

398 736 701 806 aptissima
730 739 1101 804 pescrutetur
1132 737 1160 791 ‘I
1189 753 1326 793 nam
1359 741 1425 793 ut
1456 754 1609 794 unus
1643 738 1908 805 excellat,
1941 742 2045 794 aut
2073 738 2282 794 saltem
2333 755 2467 794 cum
2520 740 2799 794 mediocri
2842 743 3118 796 successu
3169 735 3391 790 laboret
3421 735 3480 790 in
3514 737 3812 806 omnibus,

393 825 483 879 vix
514 842 579 880 ac
612 841 682 880 ne
710 824 807 880 vix
836 817 1075 896 quidem
1110 825 1237 881 ﬁeri
1265 830 1475 898 potest.
1503 829 1582 884 Ac
1615 827 1921 901 plerosque
1948 827 2038 883 vel
2072 827 2150 883 rei
2204 827 2512 882 familiaris
2560 828 2845 900 angustiaa
2895 829 2982 884 vel
3026 827 3399 901 ingeniorum
3449 826 3704 883 tenuitas
3745 827 3805 883 in

392 917 614 970 certum
643 915 940 984 quoddam
975 915 1311 971 studiorum
1345 932 1553 988 genus,
1590 918 1743 973 velut
1772 918 1831 972 in
1863 933 2156 973 carcerem
2190 921 2288 972 aut
2317 918 2703 988 ergastulum,
2757 918 3148 987 abstrudunt;
3202 917 3416 990 quibus
3464 921 3656 974 autem
3707 919 3807 973 Dei

390 1004 594 1078 optimi
627 1003 864 1060 maximi
897 1004 1229 1076 benignitas
1260 1021 1324 1061 ea
1358 1011 1414 1062 et
1444 1005 1778 1063 animorum
1809 1011 1864 1063 et
1897 1007 2261 1064 fortunarum
2294 1005 2552 1062 subsidia
2583 1008 2892 1074 concessit,
2928 1011 2991 1063 ut
3025 1009 3085 1064 in
3119 1007 3340 1064 nullius
3371 1007 3637 1080 magistri
3667 1025 3801 1064 ver—

387 1095 459 1151 ba
481 1095 684 1165 jurare
716 1093 894 1150 coacti
930 1092 1261 1150 libertatem
1299 1113 1466 1152 suam
1500 1085 1841 1153 inviolatam
1883 1098 2198 1165 retineant,
2231 1097 2491 1168 profecto
2521 1111 2587 1152 eo
2619 1097 2908 1153 beatiores
2941 1101 3112 1154 erunt
3155 1114 3270 1169 quo
3299 1097 3559 1170 plurium
3589 1102 3647 1154 et
3677 1115 3798 1155 me-

386 1184 597 1240 liorum
629 1172 823 1240 rerum
857 1184 1256 1256 cognitionem
1291 1187 1606 1258 coegerint,
1639 1186 1700 1241 in
1729 1186 1911 1242 variis
1944 1185 2162 1258 linguis
2194 1189 2368 1256 atque
2399 1185 2736 1241 auctoribus
2787 1186 3159 1260 dissipatam.
3209 1187 3273 1243 Id
3318 1192 3513 1244 autem
3563 1188 3802 1246 difﬁcile

389 1273 439 1330 ei
473 1291 588 1329 non
621 1273 752 1341 erit,
787 1273 886 1346 qui
918 1272 1132 1344 linguae
1154 1279 1364 1331 Graecae
1398 1291 1462 1331 ac
1494 1275 1711 1331 Latinas
1752 1275 2030 1332 mediocri
2063 1292 2174 1331 usu
2203 1275 2529 1332 instructus
2563 1275 2836 1332 methodo
2869 1293 2931 1332 se
2957 1276 3332 1333 assuefecerit
3361 1282 3419 1332 et
3450 1276 3663 1334 artium
3695 1295 3799 1351 op-

384 1363 664 1418 timarum
698 1364 1084 1418 fundamenta
1113 1363 1360 1419 ﬁdeliter
1385 1363 1614 1435 jecerit.
1651 1365 1724 1419 Ac
1756 1369 1844 1420 est
1885 1364 1945 1420 in
1978 1381 2045 1420 ea
2066 1380 2127 1420 re
2157 1379 2298 1420 sane
2329 1363 2691 1420 difﬁcultatis
2720 1369 2776 1420 et
2802 1365 3081 1422 molestias
3113 1365 3382 1422 nonnihil
3417 1383 3430 1434 ;
3464 1367 3566 1422 sed
3600 1367 3698 1422 ubi
3729 1383 3799 1422 ex

386 1453 503 1509 illis
535 1454 748 1509 artium
783 1453 1082 1526 angustiis
1114 1453 1174 1509 in
1206 1454 1562 1510 liberrimum
1595 1455 1802 1527 optimi
1828 1455 2117 1526 cujusque
2149 1455 2449 1526 scriptoris
2479 1471 2750 1527 campum
2785 1455 3080 1512 eluctatus
3110 1454 3312 1520 fueris,
3341 1469 3477 1510 vere
3529 1453 3587 1509 id
3616 1471 3796 1526 appa-

387 1543 472 1598 bit
503 1543 653 1615 quod
691 1561 722 1597 a
745 1542 1005 1614 quodam
1036 1543 1478 1615 sapientissimo
1508 1545 1630 1602 viro
1662 1545 1884 1601 dictum
1906 1548 2016 1614 est,
2044 1545 2163 1600 sive
2192 1545 2242 1600 is
2273 1548 2534 1601 Socrates
2566 1545 2686 1601 sive
2716 1545 2999 1602 lsoorates
3031 1545 3204 1600 fuerit
3236 1546 3395 1614 (nam
3436 1544 3672 1617 utrique
3702 1562 3798 1600 as-

387 1633 532 1688 cribi
561 1633 749 1701 video,
779 1635 835 1688 et
865 1632 1138 1704 proclivis
1169 1648 1330 1690 error
1358 1637 1448 1690 est
1474 1635 1534 1690 in
1561 1634 1736 1691 unius
1768 1633 1974 1690 litterae
2003 1633 2392 1707 discrimine),
2424 1635 2651 1690 radices
2700 1635 3046 1692 eruditionis
3092 1650 3322 1690 amaras
3371 1649 3518 1705 esse,
3568 1635 3794 1692 fructus

385 1737 516 1777 vero
551 1721 951 1777 dulcissimos.
987 1721 1302 1779 Radicibus
1333 1730 1526 1780 autem
1557 1731 1970 1796 comparantur
2001 1723 2332 1796 linguarum
2365 1730 2418 1778 et
2451 1723 2666 1779 artium
2701 1723 2985 1794 methodi,
3036 1724 3324 1779 fructibus
3371 1723 3526 1779 varia
3575 1723 3743 1781 lectio
3778 1743 3791 1781 :

385 1812 484 1883 qui
517 1818 579 1866 ut
608 1812 736 1867 sine
767 1811 1063 1866 radicibus
1095 1811 1243 1867 nulli
1276 1817 1495 1885 essent,
1529 1815 1610 1870 ita
1640 1813 1893 1870 eruditio
1924 1813 2226 1885 pertenuis
2257 1820 2364 1882 est,
2399 1829 2528 1884 qum
2560 1829 2676 1870 non
2703 1818 2858 1870 certa
2887 1814 3112 1870 ratione
3138 1831 3204 1870 ac
3241 1812 3332 1868 via
3361 1830 3395 1869 a
3444 1813 3648 1884 primis
3677 1815 3789 1869 ini-

383 1902 482 1957 tiis
515 1903 586 1957 ad
620 1917 922 1958 summum
957 1916 1142 1972 usque
1172 1902 1474 1974 fastigium
1509 1907 1846 1960 constanter
1875 1904 2136 1960 ascendit
2186 1920 2250 1958 ac
2309 1906 2657 1975 perpetuum
2706 1903 2820 1959 sibi
2863 1903 3348 1960 commentarium
3388 1907 3573 1974 parat.
3628 1906 3786 1968 Quod

383 1993 537 2048 enim
571 2009 752 2064 supra
783 1991 958 2047 etiam
994 1991 1182 2062 attigi,
1216 1992 1493 2047 doctrinae
1525 1993 1718 2048 omnis
1767 1993 1896 2048 laus
1947 1993 2005 2047 in
2057 1993 2272 2047 artium
2323 1991 2617 2048 methodis
2668 1998 2844 2064 atque
2887 1991 2947 2048 in
2999 2010 3063 2049 eo
3096 1993 3359 2059 vertitur,
3393 1993 3572 2064 quod,
3604 1994 3788 2063 quead

382 2085 506 2138 ﬁeri
537 2087 748 2154 potest,
792 2081 1074 2152 quidquid
1109 2082 1179 2137 ad
1213 2082 1482 2137 eamdem
1512 2098 1633 2137 rem
1661 2082 1933 2155 pertinet,
1961 2081 2275 2149 contrahit,
2300 2089 2354 2138 et
2393 2099 2462 2137 ex
2488 2083 2669 2138 variis
2709 2083 2993 2139 membris
3026 2099 3208 2139 unum
3251 2099 3464 2154 corpus
3495 2081 3786 2154 integrum

377 2171 695 2241 componit.
731 2170 806 2225 Eo
841 2169 1108 2226 absoluto
1136 2169 1404 2226 lectionis
1426 2170 1676 2226 varietas
1709 2168 1960 2242 singulis
1985 2169 2250 2242 partibus
2281 2169 2444 2225 addit
2469 2175 2817 2227 ornamenta
2861 2175 2916 2227 et
2964 2173 3415 2245 amplitudinem
3470 2173 3786 2244 quamdam

378 2260 676 2316 conciliat.
711 2259 927 2325 Quodsi
963 2258 1083 2314 haec
1117 2259 1445 2315 similitudo
1477 2259 1674 2315 minus
1706 2259 1907 2331 placet,
1942 2259 2116 2315 homo
2148 2259 2445 2315 studiosus
2475 2259 2741 2332 diligenti
2774 2261 3164 2333 patrifamiliae
3191 2265 3564 2334 comparetur
3595 2287 3610 2330 ;
3661 2264 3786 2334 qui,

377 2356 441 2406 ut
471 2350 570 2405 ille
601 2367 868 2420 agrorum
905 2365 1145 2405 suorum
1179 2354 1496 2421 proventus
1528 2353 1584 2405 et
1613 2350 1934 2406 domestica
1964 2348 2359 2404 instrumenta
2389 2350 2446 2404 in
2479 2349 2703 2407 horreis
2735 2358 2788 2406 et
2819 2353 2992 2408 certis
3023 2353 3373 2424 quibusdam
3425 2351 3586 2408 cellis
3617 2368 3786 2426 repo—

376 2442 483 2508 nit,
528 2447 589 2496 ut
620 2457 753 2496 cum
789 2458 933 2496 usus
966 2441 1246 2513 postulat,
1279 2440 1477 2496 statim
1513 2441 1582 2495 ad
1619 2456 1860 2518 manum
1893 2439 2031 2508 sint,
2062 2441 2142 2495 ita
2172 2441 2319 2512 ipse,
2347 2441 2631 2512 quidquid
2655 2441 2740 2496 vel
2773 2444 3120 2514 cogitatione
3149 2442 3236 2498 vel
3269 2442 3515 2497 lectione
3564 2441 3650 2498 vel
3683 2460 3782 2498 au-

379 2532 599 2587 ditione
629 2549 730 2603 per
760 2547 933 2586 omne
963 2534 1196 2602 tempus
1228 2531 1412 2586 artatis
1446 2529 1656 2603 (neque
1688 2530 1846 2585 enim
1880 2529 2001 2585 ulla
2030 2529 2327 2600 sapientiae
2359 2531 2552 2585 studio
2584 2535 2739 2586 meta
2769 2532 3120 2603 praeﬁgenda
3148 2532 3258 2604 est)
3285 2539 3631 2588 consecutus
3664 2534 3783 2588 fue-

381 2623 476 2690 rit,
511 2622 708 2677 statim
741 2622 797 2675 in
833 2621 961 2677 illas
993 2621 1208 2677 artium
1243 2621 1483 2688 classes,
1517 2621 1562 2675 si
1597 2637 1712 2676 non
1739 2619 1890 2690 stylo
1924 2625 2022 2676 aut
2054 2619 2300 2690 calamo,
2335 2621 2542 2676 saltem
2575 2621 2771 2676 animo
2803 2627 2859 2678 et
2889 2623 3287 2677 recordatione
3318 2626 3578 2692 reponat,
3612 2624 3668 2676 et
3707 2623 3775 2676 ad

384 2708 616 2780 regulas
647 2708 773 2764 illas
801 2726 832 2764 a
861 2708 1223 2765 doctissimis
1253 2709 1594 2766 hominibus
1626 2710 1869 2766 traditas
1899 2710 2114 2781 exigat,
2150 2709 2266 2766 acri
2290 2710 2515 2780 judicio
2546 2727 2777 2782 semper
2805 2710 3170 2781 interposito,
3218 2727 3289 2765 ne
3332 2713 3484 2780 quod
3527 2709 3777 2782 quisque

383 2799 595 2854 dixerit
625 2804 723 2854 aut
751 2801 1042 2871 scripserit
1073 2808 1171 2856 aut
1202 2800 1314 2872 ipsi
1344 2801 1519 2856 etiam
1553 2801 1610 2855 in
1646 2804 1902 2855 mentem
1929 2799 2175 2870 venerit,
2211 2799 2510 2855 oraculum
2541 2816 2669 2856 esse
2700 2805 2860 2872 putet
2892 2801 3051 2873 (nam
3083 2800 3307 2856 homini
3349 2801 3519 2856 docto
3549 2800 3774 2872 turpis-

378 2887 596 2943 simum
630 2886 818 2957 fuerit,
853 2892 915 2943 ut
936 2888 1117 2945 Graeci
1145 2889 1442 2962 eleganter
1467 2891 1691 2961 dicunt,
1723 2883 2030 2943 ἀϐασανίστε

2126 2885 2528 2963 παραδέχεσθαι
2555 2888 2654 2956 τὴν
2686 2889 2865 2943 πίστιν
2909 2895 3010 2959 τῆς
3060 2885 3342 2960 ἀληθείας,
3375 2889 3483 2945 hoc
3535 2894 3626 2945 est
3657 2889 3773 2961 opi-

371 2978 578 3034 niones
606 2979 919 3034 consectari
955 2981 1228 3052 nudaque
1261 2982 1605 3038 auctoritate
1637 2981 1790 3054 niti),
1822 2982 1923 3037 sed
1955 2985 2183 3036 tantum
2216 2981 2425 3051 cuique
2475 2981 2833 3036 credendum
2875 2996 3004 3036 esse
3059 2985 3294 3051 statuat,
3344 2984 3632 3052 quantum
3674 2986 3775 3036 aut

363 3069 559 3124 ﬁrmis
591 3069 924 3124 rationibus
956 3073 1059 3125 aut
1107 3071 1510 3142 probabilibus
1559 3071 1912 3143 oonjecturis
1990 3071 2340 3144 persuadere
2411 3071 2620 3142 possit,
2695 3070 2756 3126 in
2831 3072 3052 3128 caeteris
3127 3087 3435 3127 assensum
3510 3070 3778 3126 cohibeat

363 3162 420 3214 et
495 3159 814 3225 sustineat,
891 3159 1074 3215 donec
1149 3159 1345 3234 ipsum
1422 3165 1657 3234 tempus
1732 3160 2077 3234 scrupulum
2153 3159 2477 3218 sustulerit.
2552 3161 2663 3216 Sed
2739 3176 2812 3217 ne
2887 3161 3171 3217 memoria
3242 3159 3443 3233 lapsus
3517 3176 3646 3216 esse
3720 3163 3776 3215 et

358 3250 429 3306 ab
462 3249 736 3305 instituto
771 3265 888 3304 non
921 3253 1077 3305 certo
1109 3250 1350 3307 consilio
1383 3251 1686 3308 deﬂexisse
1728 3252 1828 3307 sed
1906 3268 2010 3324 per
2083 3250 2432 3307 oblivionem
2507 3251 2807 3308 aberrasse
2854 3251 3073 3320 videar,
3108 3251 3178 3307 ad
3210 3249 3545 3308 Choniatem
3577 3251 3770 3317 redeo,

360 3357 534 3412 quem
568 3340 775 3395 ordine
807 3340 1113 3410 aptissimo
1143 3345 1201 3396 et
1231 3342 1505 3414 prudenti
1534 3346 1636 3399 tuo
1710 3341 1952 3398 consilio
2026 3343 2259 3398 Zonaraa
2336 3342 2682 3413 adjunctum
2759 3357 2888 3399 esse
2931 3341 3067 3398 dixi.
3101 3341 3247 3397 Nam
3275 3358 3391 3413 quo
3423 3341 3480 3396 in
3514 3340 3640 3397 loco
3672 3339 3770 3395 ille

364 3428 618 3485 Annales
652 3445 792 3484 suos
825 3428 1034 3495 ﬁnivit,
1068 3429 1126 3484 in
1158 3429 1340 3486 Alexii
1389 3431 1669 3488 Comneni
1718 3431 1986 3488 videlicet
2028 3430 2215 3502 obitu,
2243 3447 2309 3487 eo
2360 3431 2420 3486 in
2460 3431 2586 3488 loco
2619 3431 2712 3487 hic
2739 3449 2910 3488 suam
2941 3431 3250 3488 historiam
3282 3431 3641 3502 auspicatur,
3675 3447 3767 3487 res

365 3522 688 3575 memoratu
722 3519 954 3589 dignas,
990 3535 1115 3590 quae
1147 3519 1208 3575 in
1239 3520 1555 3593 Byzantino
1578 3521 1824 3594 imperio
1853 3538 2140 3577 annorum
2173 3521 2398 3577 circiter
2428 3522 2496 3576 86
2527 3521 2714 3592 spatio
2761 3521 3116 3590 acciderunt,
3168 3521 3528 3593 complexus.
3569 3523 3759 3592 Atque

366 3610 595 3666 utinam
628 3609 780 3665 alius
813 3609 1045 3666 Graecus
1079 3610 1420 3677 exstitisset,
1453 3612 1554 3682 qui
1585 3611 1656 3666 ab
1691 3611 1797 3667 hoc
1831 3615 2066 3667 auctore
2097 3617 2149 3666 et
2179 3609 2566 3683 Chalcondyle
2597 3611 2988 3682 przstermissa
3019 3612 3142 3682 pari
3173 3611 3449 3668 facundia
3479 3626 3759 3681 prosecu-

362 3705 457 3757 tus
484 3709 655 3756 esset.
688 3699 873 3771 Major
903 3699 1057 3755 enim
1089 3705 1177 3756 est
1206 3700 1496 3758 Cboniataa
1530 3701 1696 3772 cepia
1725 3709 1779 3756 et
1807 3700 2112 3772 diligentia
2142 3699 2429 3771 lectioque
2450 3700 2768 3771 jucundior
2797 3716 2972 3771 quam
3020 3701 3250 3755 Zonaras
3285 3717 3300 3754 :
3333 3699 3426 3754 cui
3481 3715 3596 3754 una
3627 3699 3755 3754 bre-

352 3790 502 3846 vitas
532 3790 861 3846 necessario
895 3795 1189 3861 proposrta
1211 3790 1342 3858 fuit,
1379 3791 1532 3862 quod
1562 3789 1779 3862 alioqui
1811 3807 1957 3862 opus
2006 3791 2065 3844 in
2122 3791 2476 3844 immensum
2521 3789 2905 3858 excrevisset;
2951 3788 3126 3859 idque
3178 3788 3266 3843 vel
3297 3805 3366 3843 ex
3395 3805 3460 3844 eo
3491 3793 3758 3860 apparet,

359 3880 512 3951 quod
534 3879 772 3935 beroina
797 3879 1386 3935 eruditissima.Anna
1407 3879 1740 3946 Caesarissa,
1764 3879 2134 3950 imperatoris
2157 3877 2338 3934 Alexii
2363 3877 2582 3944 ﬁlia,de
2604 3879 2778 3934 rebus
2803 3878 2984 3951 gestis
3001 3878 3183 3949 patris
3214 3879 3304 3932 sui
3329 3877 3509 3933 libros
3531 3881 3599 3933 2O
3621 3879 3756 3934 scri-

350 3970 488 4042 psit,
521 3970 620 4041 qui
653 3969 846 4025 adhuc
877 3969 936 4024 in
966 3971 1316 4042 Augustanae
1362 3971 1444 4026 rei
1497 3969 1737 4042 publica:
1788 3969 2143 4026 bibliotheca
2187 3972 2437 4037 exstant,
2483 3984 2616 4024 cum
2665 3969 2916 4024 Zonaras
2955 3967 3133 4021 vitam
3168 3965 3326 4021 illius
3358 3966 3558 4036 paucis
3598 3968 3754 4023 foliis

347 4058 772 4133 perstrinxerit.
807 4058 880 4114 Ut
910 4063 1108 4115 autem
1141 4059 1396 4116 brevitas
1426 4059 1770 4116 memoriam
1802 4060 1990 4130 juvat,
2041 4058 2121 4115 ita
2165 4059 2411 4114 fusiores
2443 4058 2804 4113 narrationes
2837 4057 2970 4129 plus
3005 4055 3406 4111 delectationis
3436 4055 3672 4122 habent,
3696 4057 3754 4113 in

349 4165 563 4220 magna
594 4147 910 4220 praesertim
941 4148 1220 4206 varietate
1252 4165 1450 4206 rerum
1479 4153 1536 4205 et
1576 4149 1788 4205 subitis
1815 4149 2058 4204 fortunae
2093 4147 2687 4214 commutationibus;
2745 4163 2873 4219 quae
2925 4162 3040 4202 non
3091 4145 3294 4201 multis
3352 4145 3523 4202 annis
3573 4145 3756 4218 pluri-

349 4255 484 4308 mas,
517 4253 710 4308 eisque
739 4236 1039 4293 mirabiles
1072 4253 1138 4294 ac
1168 4238 1361 4310 potius
1385 4239 1769 4309 miserabiles,
1802 4242 2007 4310 praeter
2036 4236 2532 4309 exspectationem
2564 4235 2817 4308 Graecos,
2851 4251 2996 4308 quos
3026 4234 3121 4292 hic
3166 4234 3418 4307 scriptor
3464 4236 3756 4292 Romano-

357 4343 488 4382 rum
518 4326 904 4398 appellatione
935 4327 1228 4398 honestat,
1264 4334 1698 4400 oppresserunt,
1731 4335 2024 4386 crescente
2071 4328 2128 4382 in
2180 4328 2304 4383 dies
2349 4327 2657 4384 Persarum
2703 4327 2825 4382 sive
2855 4327 3180 4382 Turcorum
3213 4326 3372 4398 (nam
3407 4328 3759 4382 recentiores

359 4412 687 4485 promiscue
717 4414 810 4470 his
841 4415 1140 4472 vocabulis
1173 4415 1446 4490 utuntur)
1471 4416 1764 4488 potentia;
1799 4431 2051 4489 quorum
2083 4415 2476 4488 grassationes
2507 4421 2564 4472 et
2595 4414 3058 4472 Christianorum
3093 4415 3426 4487 principum
3468 4415 3753 4471 desidiam

355 4519 422 4559 ac
452 4504 887 4575 perversitatem
919 4509 1083 4562 tanta
1114 4506 1333 4564 doloris
1366 4507 1685 4563 acerbitate
1716 4507 2024 4563 Choniates
2054 4505 2268 4578 saepius
2299 4505 2589 4578 deplorat,
2621 4510 2685 4562 ut
2714 4523 2849 4562 eum
2883 4507 2954 4561 ab
2981 4505 3256 4562 omnibus
3289 4505 3386 4576 qui
3425 4505 3754 4572 reipublicae

349 4598 575 4664 partem
608 4592 867 4664 aliquam
900 4594 1218 4667 attingunt,
1251 4595 1471 4652 nostris
1505 4596 1864 4668 temporibus
1894 4595 2005 4667 legi
2039 4611 2409 4666 summopere
2455 4597 2743 4668 expediat,
2777 4597 2829 4653 si
2883 4597 3030 4653 forte
3082 4597 3511 4653 Germanorum
3543 4595 3748 4669 animi,

346 4697 599 4754 quorum
629 4682 910 4738 fortitudo
941 4687 998 4740 et
1027 4684 1210 4756 pietas
1239 4685 1300 4739 in
1332 4685 1731 4756 recuperanda
1761 4683 1927 4756 Syria
1957 4688 2015 4739 et
2045 4690 2197 4740 terra
2225 4688 2428 4740 sancta
2457 4683 2736 4740 laudibus
2766 4685 3015 4757 egregiis
3062 4684 3172 4740 hoc
3218 4684 3436 4755 scripto
3485 4689 3748 4751 ornatur,

345 4771 695 4827 clarissimis
727 4771 1010 4844 exemplis
1049 4774 1299 4830 Conradi
1343 4777 1401 4830 et
1429 4773 1706 4830 Friderici
1753 4774 2171 4846 imperatorum
2217 4772 2430 4829 saltem
2479 4774 2550 4829 ad
2597 4775 2876 4829 tuendam
2919 4774 3190 4844 patriam,
3239 4772 3349 4828 hoc
3400 4776 3488 4828 est
3529 4771 3751 4828 vicinas

345 4859 709 4929 Pannonias,
744 4861 1089 4918 excitentur.
1113 4861 1279 4918 Nunc
1311 4862 1465 4918 enim
1499 4879 1615 4918 non
1647 4863 1720 4918 de
1749 4861 1921 4918 laude
1952 4865 2010 4918 et
2038 4860 2220 4934 gloria
2249 4861 2653 4929 laborandum,
2686 4861 2790 4917 sed
2820 4862 2890 4917 de
2922 4861 3038 4918 aris
3080 4865 3138 4916 et
3187 4862 3330 4918 focis
3371 4863 3752 4935 pugnandum

349 4967 479 5007 esse
509 4953 776 5022 opparet,
809 4966 923 5022 quo
945 4950 1141 5008 minus
1172 4953 1296 5020 ﬁat,
1330 4951 1493 5008 nulla
1523 4968 1615 5008 res
1644 4968 1810 5024 aeque
1838 4951 1898 5007 in
1931 4968 2106 5008 causa
2135 4955 2224 5008 est
2252 4955 2426 5022 atque
2468 4951 2884 5007 dissensiones.
2936 4951 3185 5021 Graecos,
3219 4956 3428 5024 praeter
3476 4953 3755 5010 intestina

344 5039 504 5097 bella
531 5056 600 5096 ex
630 5040 949 5096 ambitione
981 5041 1102 5097 fere
1130 5045 1276 5110 orta,
1307 5041 1674 5113 voluptatum
1707 5043 1968 5097 studium
2002 5045 2059 5098 et
2081 5041 2288 5114 ignava
2306 5042 2644 5098 monarchia
2666 5041 2915 5113 perdidit
2942 5058 2954 5096 :
2977 5042 3144 5097 nobis
3169 5043 3475 5098 temeraria
3497 5043 3752 5098 bellandi

353 5129 652 5201 cupiditas
682 5137 737 5185 et
768 5129 994 5185 discors
1029 5146 1095 5187 ac
1125 5130 1390 5203 inquieta
1419 5130 1753 5204 polyarchia
1781 5132 1836 5187 id
1872 5131 2132 5187 minatur
2161 5133 2317 5203 quod
2350 5133 2503 5188 absit
2532 5136 2597 5187 ut
2637 5131 3038 5203 experiamur:
3086 5136 3142 5188 et
3191 5132 3358 5187 facile
3406 5148 3754 5202 caveremus,

354 5219 470 5276 nisi
504 5219 664 5275 fatali
698 5220 950 5292 quadam
983 5219 1244 5276 siderum
1286 5221 1671 5293 impressione
1701 5221 1918 5278 animis
1947 5226 2122 5292 atque
2168 5221 2410 5277 auribus
2459 5237 2492 5276 a
2547 5221 2708 5276 sanis
2753 5219 3015 5277 consiliis
3060 5219 3320 5293 plerique
3352 5220 3754 5277 abhorrerent.

356 5309 672 5365 lmminuta
704 5309 939 5381 quidem
967 5313 1078 5376 est,
1113 5314 1171 5367 et
1199 5309 1376 5366 veluti
1408 5309 1540 5365 laeta
1590 5325 1754 5382 seges
1806 5309 1955 5366 tristi
2007 5309 2142 5365 lolio
2189 5315 2482 5382 corrupta,
2535 5315 2698 5366 vetus
2748 5314 2958 5367 nostrae
3005 5311 3194 5382 gentis
3224 5309 3570 5381 integritas;
3603 5312 3752 5381 quod

352 5401 682 5453 exterarum
715 5397 1020 5454 nationum
1053 5399 1305 5470 quodam
1338 5399 1502 5470 quasi
1534 5398 1801 5470 contagio
1833 5397 2115 5454 accidisse
2145 5399 2398 5469 videtur,
2428 5414 2673 5470 quarum
2709 5398 2861 5455 mala
2891 5416 3024 5455 cum
3059 5400 3276 5456 nostris
3321 5400 3753 5470 conjunximus,

351 5502 485 5543 cum
517 5488 1057 5561 peregrinationum
1105 5488 1156 5544 is
1208 5489 1344 5544 ﬁnis
1395 5505 1524 5545 esse
1569 5489 1796 5556 debeat,
1847 5491 1913 5544 ut
1960 5488 2175 5544 innatis
2226 5493 2284 5544 et
2333 5489 2758 5546 consuetudine
2789 5490 3012 5546 inclitis
3043 5490 3198 5546 vitiis
3231 5489 3474 5558 abjectis
3506 5487 3753 5544 aliorum

354 5576 595 5632 virtutes
624 5577 1007 5647 asciscamus,
1041 5595 1359 5650 eorumque
1390 5579 1697 5649 prudentia
1729 5582 1786 5634 et
1817 5577 2184 5633 humanitate
2224 5579 2291 5633 ad
2325 5595 2498 5633 omne
2526 5595 2711 5650 genus
2742 5580 2919 5636 ofﬁcii
2951 5584 3006 5635 et
3035 5579 3227 5635 laudis
3258 5577 3614 5634 crudiamur.
3641 5580 3749 5633 Sed

362 5670 412 5722 si
443 5672 646 5724 caetera
676 5674 1033 5742 spectemus,
1054 5685 1354 5741 nunquam
1377 5669 1686 5724 Germania
1705 5668 1863 5735 viris,
1888 5669 2089 5735 armis,
2115 5668 2349 5740 opibus,
2375 5668 2656 5738 consiliis,
2689 5669 2794 5725 fuit
2827 5671 3200 5737 instructior;
3231 5683 3374 5738 quas
3397 5683 3486 5720 res
3520 5671 3754 5736 propter

363 5758 714 5816 discordiam
747 5777 862 5817 non
896 5761 954 5816 in
987 5760 1246 5816 hostium
1280 5758 1697 5814 detrimentum
1723 5759 1818 5814 εθᾱ
1857 5759 1914 5812 in
1947 5758 2145 5830 patrias
2177 5759 2416 5814 exitium
2439 5760 2779 5816 detestanda
2811 5758 3250 5825 crudelitate,ne
3273 5755 3459 5809 dicam
3494 5753 3746 5820 insania,

358 5849 753 5908 convertimus
783 5868 796 5908 :
831 5867 958 5922 quae
991 5849 1264 5922 cogitatio
1295 5865 1431 5906 cum
1459 5848 1520 5904 in
1551 5848 1729 5919 hujus
1780 5847 2031 5904 historiae
2080 5849 2556 5920 interpretatione
2607 5849 2855 5905 subinde
2896 5863 3089 5903 meum
3136 5845 3396 5901 animum
3441 5841 3661 5907 feriret,
3695 5847 3752 5896 et
