  <div class='ocr_page' id='page_1' title='image "/cluster/home/n/w/nwhite01/storage/ocr_20150623/139/mdp.39015078384214/161.png"; bbox 0 0 4184 6290; ppageno 0'>
   <div class='ocr_carea' id='block_1_1' title="bbox 414 291 3835 359">
    <p class='ocr_par' dir='ltr' id='par_1_1' title="bbox 414 291 3835 359">
     <span class='ocr_line' id='line_1_1' title="bbox 414 291 3835 359; baseline 0.001 -6"><span class='ocrx_word' id='word_1_1' title='bbox 414 291 526 354; x_wconf 86' lang='grc' dir='ltr'>3οἹ</span> <span class='ocrx_word' id='word_1_2' title='bbox 1644 291 1747 351; x_wconf 84' lang='lat' dir='ltr'>AD</span> <span class='ocrx_word' id='word_1_3' title='bbox 1791 291 2110 352; x_wconf 70' lang='lat' dir='ltr'>NICETJE</span> <span class='ocrx_word' id='word_1_4' title='bbox 2152 291 2591 354; x_wconf 81' lang='lat' dir='ltr'>HISTORIAM</span> <span class='ocrx_word' id='word_1_5' title='bbox 3715 297 3835 359; x_wconf 85' lang='lat'>308</span> 
     </span>
    </p>
   </div>
   <div class='ocr_carea' id='block_1_2' title="bbox 416 425 3834 500">
    <p class='ocr_par' dir='ltr' id='par_1_2' title="bbox 416 425 3834 500">
     <span class='ocr_line' id='line_1_2' title="bbox 416 425 3834 500; baseline 0.001 -18"><span class='ocrx_word' id='word_1_6' title='bbox 416 427 573 483; x_wconf 88' lang='lat' dir='ltr'>haud</span> <span class='ocrx_word' id='word_1_7' title='bbox 607 429 782 486; x_wconf 88' lang='lat' dir='ltr'>dubio</span> <span class='ocrx_word' id='word_1_8' title='bbox 815 429 1163 487; x_wconf 84' lang='lat' dir='ltr'>cordatiores</span> <span class='ocrx_word' id='word_1_9' title='bbox 1194 442 1428 500; x_wconf 89' lang='lat' dir='ltr'>quoque</span> <span class='ocrx_word' id='word_1_10' title='bbox 1458 425 1702 482; x_wconf 82' lang='lat' dir='ltr'>lectores</span> <span class='ocrx_word' id='word_1_11' title='bbox 1733 427 2184 482; x_wconf 86' lang='lat' dir='ltr'>exstimulatura</span> <span class='ocrx_word' id='word_1_12' title='bbox 2212 427 2308 492; x_wconf 90' lang='lat' dir='ltr'>sit,</span> <span class='ocrx_word' id='word_1_13' title='bbox 2341 443 2455 482; x_wconf 91' lang='lat' dir='ltr'>non</span> <span class='ocrx_word' id='word_1_14' title='bbox 2489 433 2813 497; x_wconf 88' lang='lat' dir='ltr'>temperare</span> <span class='ocrx_word' id='word_1_15' title='bbox 2846 425 2991 480; x_wconf 90' lang='lat' dir='ltr'>mihi</span> <span class='ocrx_word' id='word_1_16' title='bbox 3025 426 3184 498; x_wconf 89' lang='lat' dir='ltr'>potui</span> <span class='ocrx_word' id='word_1_17' title='bbox 3234 427 3378 499; x_wconf 88' lang='lat' dir='ltr'>quin</span> <span class='ocrx_word' id='word_1_18' title='bbox 3422 428 3581 485; x_wconf 93' lang='lat' dir='ltr'>hunc</span> <span class='ocrx_word' id='word_1_19' title='bbox 3613 429 3834 500; x_wconf 90' lang='lat' dir='ltr'>locum,</span> 
     </span>
    </p>
   </div>
   <div class='ocr_carea' id='block_1_3' title="bbox 421 515 3833 588">
    <p class='ocr_par' dir='ltr' id='par_1_3' title="bbox 421 515 3833 588">
     <span class='ocr_line' id='line_1_3' title="bbox 421 515 3833 588; baseline 0.001 -17"><span class='ocrx_word' id='word_1_20' title='bbox 421 534 594 588; x_wconf 84' lang='lat' dir='ltr'>quem</span> <span class='ocrx_word' id='word_1_21' title='bbox 626 520 887 574; x_wconf 89' lang='lat' dir='ltr'>omnium</span> <span class='ocrx_word' id='word_1_22' title='bbox 921 518 1134 572; x_wconf 88' lang='lat' dir='ltr'>animis</span> <span class='ocrx_word' id='word_1_23' title='bbox 1165 525 1343 588; x_wconf 92' lang='lat' dir='ltr'>atque</span> <span class='ocrx_word' id='word_1_24' title='bbox 1371 515 1558 571; x_wconf 89' lang='lat' dir='ltr'>oculis</span> <span class='ocrx_word' id='word_1_25' title='bbox 1589 532 1820 584; x_wconf 89' lang='lat' dir='ltr'>semper</span> <span class='ocrx_word' id='word_1_26' title='bbox 1846 516 2134 571; x_wconf 82' lang='lat' dir='ltr'>obversari</span> <span class='ocrx_word' id='word_1_27' title='bbox 2169 515 2552 570; x_wconf 77' lang='lat' dir='ltr'>utilissimum</span> <span class='ocrx_word' id='word_1_28' title='bbox 2589 516 2783 578; x_wconf 87' lang='lat' dir='ltr'>fuerit,</span> <span class='ocrx_word' id='word_1_29' title='bbox 2818 515 3006 569; x_wconf 91' lang='lat' dir='ltr'>obiter</span> <span class='ocrx_word' id='word_1_30' title='bbox 3038 517 3411 586; x_wconf 76' lang='lat' dir='ltr'>attingerem.</span> <span class='ocrx_word' id='word_1_31' title='bbox 3437 518 3605 574; x_wconf 92' lang='lat' dir='ltr'>Nunc</span> <span class='ocrx_word' id='word_1_32' title='bbox 3632 522 3702 574; x_wconf 91' lang='lat' dir='ltr'>de</span> <span class='ocrx_word' id='word_1_33' title='bbox 3725 521 3833 576; x_wconf 89' lang='lat' dir='ltr'>hoc</span> 
     </span>
    </p>
   </div>
   <div class='ocr_carea' id='block_1_4' title="bbox 419 604 3832 678">
    <p class='ocr_par' dir='ltr' id='par_1_4' title="bbox 419 604 3832 678">
     <span class='ocr_line' id='line_1_4' title="bbox 419 604 3832 678; baseline 0.001 -17"><span class='ocrx_word' id='word_1_34' title='bbox 419 623 589 677; x_wconf 88' lang='lat' dir='ltr'>opere</span> <span class='ocrx_word' id='word_1_35' title='bbox 620 609 925 662; x_wconf 89' lang='lat' dir='ltr'>dicendum</span> <span class='ocrx_word' id='word_1_36' title='bbox 955 613 1064 672; x_wconf 90' lang='lat' dir='ltr'>est,</span> <span class='ocrx_word' id='word_1_37' title='bbox 1099 607 1250 678; x_wconf 89' lang='lat' dir='ltr'>quod</span> <span class='ocrx_word' id='word_1_38' title='bbox 1283 606 1390 660; x_wconf 87' lang='lat' dir='ltr'>etsi</span> <span class='ocrx_word' id='word_1_39' title='bbox 1421 605 1618 660; x_wconf 90' lang='lat' dir='ltr'>labore</span> <span class='ocrx_word' id='word_1_40' title='bbox 1649 623 1764 660; x_wconf 91' lang='lat' dir='ltr'>non</span> <span class='ocrx_word' id='word_1_41' title='bbox 1797 607 1981 660; x_wconf 90' lang='lat' dir='ltr'>multo</span> <span class='ocrx_word' id='word_1_42' title='bbox 2015 607 2260 674; x_wconf 90' lang='lat' dir='ltr'>minore,</span> <span class='ocrx_word' id='word_1_43' title='bbox 2311 605 2481 675; x_wconf 84' lang='lat' dir='ltr'>longe</span> <span class='ocrx_word' id='word_1_44' title='bbox 2519 609 2716 658; x_wconf 87' lang='lat' dir='ltr'>tamen</span> <span class='ocrx_word' id='word_1_45' title='bbox 2769 605 2974 673; x_wconf 84' lang='lat' dir='ltr'>majori</span> <span class='ocrx_word' id='word_1_46' title='bbox 3019 621 3150 658; x_wconf 92' lang='lat' dir='ltr'>cum</span> <span class='ocrx_word' id='word_1_47' title='bbox 3197 604 3500 678; x_wconf 83' lang='lat' dir='ltr'>voluptate</span> <span class='ocrx_word' id='word_1_48' title='bbox 3547 609 3832 665; x_wconf 63' lang='lat' dir='ltr'>converti,</span> 
     </span>
    </p>
   </div>
   <div class='ocr_carea' id='block_1_5' title="bbox 419 694 3829 772">
    <p class='ocr_par' dir='ltr' id='par_1_5' title="bbox 419 694 3829 772">
     <span class='ocr_line' id='line_1_5' title="bbox 419 694 3829 772; baseline 0.001 -22"><span class='ocrx_word' id='word_1_49' title='bbox 419 703 658 772; x_wconf 86' lang='lat' dir='ltr'>propter</span> <span class='ocrx_word' id='word_1_50' title='bbox 688 697 963 751; x_wconf 81' lang='lat' dir='ltr'>historias</span> <span class='ocrx_word' id='word_1_51' title='bbox 996 695 1139 750; x_wconf 89' lang='lat' dir='ltr'>mihi</span> <span class='ocrx_word' id='word_1_52' title='bbox 1175 695 1422 752; x_wconf 89' lang='lat' dir='ltr'>antehac</span> <span class='ocrx_word' id='word_1_53' title='bbox 1452 697 1568 752; x_wconf 82' lang='lat' dir='ltr'>fere</span> <span class='ocrx_word' id='word_1_54' title='bbox 1599 696 1921 766; x_wconf 85' lang='lat' dir='ltr'>incognitas</span> <span class='ocrx_word' id='word_1_55' title='bbox 1939 703 1991 751; x_wconf 90' lang='lat' dir='ltr'>et</span> <span class='ocrx_word' id='word_1_56' title='bbox 2014 695 2246 767; x_wconf 83' lang='lat' dir='ltr'>planius</span> <span class='ocrx_word' id='word_1_57' title='bbox 2280 712 2345 750; x_wconf 92' lang='lat' dir='ltr'>ac</span> <span class='ocrx_word' id='word_1_58' title='bbox 2379 695 2568 750; x_wconf 80' lang='lat' dir='ltr'>fusius</span> <span class='ocrx_word' id='word_1_59' title='bbox 2613 694 2890 750; x_wconf 88' lang='lat' dir='ltr'>orationis</span> <span class='ocrx_word' id='word_1_60' title='bbox 2949 711 3174 766; x_wconf 85' lang='lat' dir='ltr'>genus:</span> <span class='ocrx_word' id='word_1_61' title='bbox 3226 698 3284 750; x_wconf 88' lang='lat' dir='ltr'>in</span> <span class='ocrx_word' id='word_1_62' title='bbox 3339 713 3451 768; x_wconf 90' lang='lat' dir='ltr'>quo</span> <span class='ocrx_word' id='word_1_63' title='bbox 3483 701 3681 753; x_wconf 87' lang='lat' dir='ltr'>tamen</span> <span class='ocrx_word' id='word_1_64' title='bbox 3715 700 3829 754; x_wconf 79' lang='lat' dir='ltr'>iiu-</span> 
     </span>
    </p>
   </div>
   <div class='ocr_carea' id='block_1_6' title="bbox 419 785 3833 860">
    <p class='ocr_par' dir='ltr' id='par_1_6' title="bbox 419 785 3833 860">
     <span class='ocr_line' id='line_1_6' title="bbox 419 785 3833 860; baseline 0.001 -19"><span class='ocrx_word' id='word_1_65' title='bbox 419 787 708 842; x_wconf 85' lang='lat' dir='ltr'>modicam</span> <span class='ocrx_word' id='word_1_66' title='bbox 738 786 934 841; x_wconf 89' lang='lat' dir='ltr'>nescio</span> <span class='ocrx_word' id='word_1_67' title='bbox 965 787 1136 856; x_wconf 85' lang='lat' dir='ltr'>cujus</span> <span class='ocrx_word' id='word_1_68' title='bbox 1171 785 1476 842; x_wconf 82' lang='lat' dir='ltr'>insolentis</span> <span class='ocrx_word' id='word_1_69' title='bbox 1508 785 1805 858; x_wconf 65' lang='lat' dir='ltr'>elegantiae</span> <span class='ocrx_word' id='word_1_70' title='bbox 1836 787 2259 842; x_wconf 79' lang='lat' dir='ltr'>aﬂ&#39;ectatiouem</span> <span class='ocrx_word' id='word_1_71' title='bbox 2295 803 2406 840; x_wconf 91' lang='lat' dir='ltr'>non</span> <span class='ocrx_word' id='word_1_72' title='bbox 2439 801 2668 855; x_wconf 81' lang='lat' dir='ltr'>semper</span> <span class='ocrx_word' id='word_1_73' title='bbox 2698 786 3053 855; x_wconf 81' lang='lat' dir='ltr'>sequendam</span> <span class='ocrx_word' id='word_1_74' title='bbox 3085 785 3226 840; x_wconf 90' lang='lat' dir='ltr'>mihi</span> <span class='ocrx_word' id='word_1_75' title='bbox 3259 787 3417 852; x_wconf 86' lang='lat' dir='ltr'>duxi,</span> <span class='ocrx_word' id='word_1_76' title='bbox 3473 789 3630 858; x_wconf 92' lang='lat' dir='ltr'>quod</span> <span class='ocrx_word' id='word_1_77' title='bbox 3665 789 3833 860; x_wconf 89' lang='lat' dir='ltr'>quid-</span> 
     </span>
    </p>
   </div>
   <div class='ocr_carea' id='block_1_7' title="bbox 421 874 3831 947">
    <p class='ocr_par' dir='ltr' id='par_1_7' title="bbox 421 874 3831 947">
     <span class='ocr_line' id='line_1_7' title="bbox 421 874 3831 947; baseline 0.001 -18"><span class='ocrx_word' id='word_1_78' title='bbox 421 874 560 946; x_wconf 84' lang='lat' dir='ltr'>quid</span> <span class='ocrx_word' id='word_1_79' title='bbox 593 879 721 946; x_wconf 85' lang='lat' dir='ltr'>ejus</span> <span class='ocrx_word' id='word_1_80' title='bbox 747 876 972 945; x_wconf 84' lang='lat' dir='ltr'>generis</span> <span class='ocrx_word' id='word_1_81' title='bbox 1006 881 1116 944; x_wconf 87' lang='lat' dir='ltr'>est,</span> <span class='ocrx_word' id='word_1_82' title='bbox 1149 893 1262 930; x_wconf 90' lang='lat' dir='ltr'>non</span> <span class='ocrx_word' id='word_1_83' title='bbox 1297 875 1481 947; x_wconf 84' lang='lat' dir='ltr'>ipsius</span> <span class='ocrx_word' id='word_1_84' title='bbox 1514 877 1770 932; x_wconf 81' lang='lat' dir='ltr'>auctoris</span> <span class='ocrx_word' id='word_1_85' title='bbox 1801 876 2080 946; x_wconf 88' lang='lat' dir='ltr'>scriptum</span> <span class='ocrx_word' id='word_1_86' title='bbox 2115 877 2210 931; x_wconf 89' lang='lat' dir='ltr'>sed</span> <span class='ocrx_word' id='word_1_87' title='bbox 2245 875 2639 947; x_wconf 62' lang='lat' dir='ltr'>paraphrasim</span> <span class='ocrx_word' id='word_1_88' title='bbox 2671 879 2727 928; x_wconf 91' lang='lat' dir='ltr'>et</span> <span class='ocrx_word' id='word_1_89' title='bbox 2755 874 2949 929; x_wconf 64' lang='lat' dir='ltr'>aemuli</span> <span class='ocrx_word' id='word_1_90' title='bbox 2981 875 3224 945; x_wconf 82' lang='lat' dir='ltr'>alicujus</span> <span class='ocrx_word' id='word_1_91' title='bbox 3256 885 3668 933; x_wconf 89' lang='lat' dir='ltr'>assumentum</span> <span class='ocrx_word' id='word_1_92' title='bbox 3701 894 3831 934; x_wconf 87' lang='lat' dir='ltr'>esse</span> 
     </span>
    </p>
   </div>
   <div class='ocr_carea' id='block_1_8' title="bbox 417 965 3832 1038">
    <p class='ocr_par' dir='ltr' id='par_1_8' title="bbox 417 965 3832 1038">
     <span class='ocr_line' id='line_1_8' title="bbox 417 965 3832 1038; baseline 0.001 -18"><span class='ocrx_word' id='word_1_93' title='bbox 417 965 666 1021; x_wconf 89' lang='lat' dir='ltr'>videtur.</span> <span class='ocrx_word' id='word_1_94' title='bbox 699 967 926 1023; x_wconf 87' lang='lat' dir='ltr'>Contuli</span> <span class='ocrx_word' id='word_1_95' title='bbox 954 967 1110 1022; x_wconf 90' lang='lat' dir='ltr'>enim</span> <span class='ocrx_word' id='word_1_96' title='bbox 1143 967 1238 1022; x_wconf 91' lang='lat' dir='ltr'>hic</span> <span class='ocrx_word' id='word_1_97' title='bbox 1269 983 1502 1038; x_wconf 91' lang='lat' dir='ltr'>quoque</span> <span class='ocrx_word' id='word_1_98' title='bbox 1524 970 1670 1023; x_wconf 89' lang='lat' dir='ltr'>duos</span> <span class='ocrx_word' id='word_1_99' title='bbox 1702 968 1932 1023; x_wconf 82' lang='lat' dir='ltr'>codices</span> <span class='ocrx_word' id='word_1_100' title='bbox 1963 984 2092 1023; x_wconf 86' lang='lat' dir='ltr'>cum</span> <span class='ocrx_word' id='word_1_101' title='bbox 2124 984 2191 1022; x_wconf 91' lang='lat' dir='ltr'>eo</span> <span class='ocrx_word' id='word_1_102' title='bbox 2223 983 2391 1038; x_wconf 89' lang='lat' dir='ltr'>quem</span> <span class='ocrx_word' id='word_1_103' title='bbox 2427 965 2754 1037; x_wconf 74' lang='lat' dir='ltr'>amplitudo</span> <span class='ocrx_word' id='word_1_104' title='bbox 2787 974 2886 1022; x_wconf 89' lang='lat' dir='ltr'>tua</span> <span class='ocrx_word' id='word_1_105' title='bbox 2915 966 3077 1038; x_wconf 90' lang='lat' dir='ltr'>Cpoli</span> <span class='ocrx_word' id='word_1_106' title='bbox 3121 967 3192 1020; x_wconf 86' lang='lat' dir='ltr'>ab</span> <span class='ocrx_word' id='word_1_107' title='bbox 3235 965 3563 1022; x_wconf 88' lang='lat' dir='ltr'>Alexandro</span> <span class='ocrx_word' id='word_1_108' title='bbox 3594 967 3832 1022; x_wconf 83' lang='lat' dir='ltr'>Charto-</span> 
     </span>
    </p>
   </div>
   <div class='ocr_carea' id='block_1_9' title="bbox 417 1055 3832 1131">
    <p class='ocr_par' dir='ltr' id='par_1_9' title="bbox 417 1055 3832 1131">
     <span class='ocr_line' id='line_1_9' title="bbox 417 1055 3832 1131; baseline 0 -20"><span class='ocrx_word' id='word_1_109' title='bbox 417 1056 660 1128; x_wconf 85' lang='lat' dir='ltr'>phylace</span> <span class='ocrx_word' id='word_1_110' title='bbox 691 1055 1072 1126; x_wconf 81' lang='lat' dir='ltr'>comparavit,</span> <span class='ocrx_word' id='word_1_111' title='bbox 1102 1061 1273 1127; x_wconf 86' lang='lat' dir='ltr'>atque</span> <span class='ocrx_word' id='word_1_112' title='bbox 1304 1073 1540 1131; x_wconf 82' lang='lat' dir='ltr'>operam</span> <span class='ocrx_word' id='word_1_113' title='bbox 1572 1057 1725 1124; x_wconf 90' lang='lat' dir='ltr'>dedi,</span> <span class='ocrx_word' id='word_1_114' title='bbox 1763 1061 1828 1112; x_wconf 92' lang='lat' dir='ltr'>ut</span> <span class='ocrx_word' id='word_1_115' title='bbox 1855 1073 1923 1113; x_wconf 88' lang='lat' dir='ltr'>ex</span> <span class='ocrx_word' id='word_1_116' title='bbox 1955 1072 2021 1112; x_wconf 88' lang='lat' dir='ltr'>ea</span> <span class='ocrx_word' id='word_1_117' title='bbox 2051 1056 2354 1112; x_wconf 80' lang='lat' dir='ltr'>collatione</span> <span class='ocrx_word' id='word_1_118' title='bbox 2400 1073 2548 1126; x_wconf 90' lang='lat' dir='ltr'>opus</span> <span class='ocrx_word' id='word_1_119' title='bbox 2597 1055 2708 1112; x_wconf 92' lang='lat' dir='ltr'>hoc</span> <span class='ocrx_word' id='word_1_120' title='bbox 2755 1071 2929 1127; x_wconf 87' lang='lat' dir='ltr'>quam</span> <span class='ocrx_word' id='word_1_121' title='bbox 2975 1056 3418 1127; x_wconf 90' lang='lat' dir='ltr'>integerrimum</span> <span class='ocrx_word' id='word_1_122' title='bbox 3452 1059 3745 1122; x_wconf 86' lang='lat' dir='ltr'>ederetur,</span> <span class='ocrx_word' id='word_1_123' title='bbox 3777 1063 3832 1112; x_wconf 90' lang='lat' dir='ltr'>et</span> 
     </span>
    </p>
   </div>
   <div class='ocr_carea' id='block_1_10' title="bbox 419 1145 3829 1218">
    <p class='ocr_par' dir='ltr' id='par_1_10' title="bbox 419 1145 3829 1218">
     <span class='ocr_line' id='line_1_10' title="bbox 419 1145 3829 1218; baseline 0 -16"><span class='ocrx_word' id='word_1_124' title='bbox 419 1148 612 1202; x_wconf 68' lang='lat' dir='ltr'>Graeca</span> <span class='ocrx_word' id='word_1_125' title='bbox 645 1147 844 1201; x_wconf 86' lang='lat' dir='ltr'>itidem</span> <span class='ocrx_word' id='word_1_126' title='bbox 874 1151 938 1200; x_wconf 91' lang='lat' dir='ltr'>ut</span> <span class='ocrx_word' id='word_1_127' title='bbox 967 1145 1027 1200; x_wconf 89' lang='lat' dir='ltr'>in</span> <span class='ocrx_word' id='word_1_128' title='bbox 1058 1153 1276 1202; x_wconf 85' lang='lat' dir='ltr'>Zonara</span> <span class='ocrx_word' id='word_1_129' title='bbox 1308 1151 1505 1202; x_wconf 87' lang='lat' dir='ltr'>nostro</span> <span class='ocrx_word' id='word_1_130' title='bbox 1539 1149 1754 1202; x_wconf 89' lang='lat' dir='ltr'>factum</span> <span class='ocrx_word' id='word_1_131' title='bbox 1787 1153 1876 1203; x_wconf 90' lang='lat' dir='ltr'>est</span> <span class='ocrx_word' id='word_1_132' title='bbox 1905 1164 2037 1203; x_wconf 90' lang='lat' dir='ltr'>cum</span> <span class='ocrx_word' id='word_1_133' title='bbox 2069 1147 2292 1202; x_wconf 87' lang='lat' dir='ltr'>Latinis</span> <span class='ocrx_word' id='word_1_134' title='bbox 2323 1147 2836 1218; x_wconf 88' lang='lat' dir='ltr'>conjungerentur.</span> <span class='ocrx_word' id='word_1_135' title='bbox 2879 1145 3156 1210; x_wconf 82' lang='lat' dir='ltr'>Quamvis</span> <span class='ocrx_word' id='word_1_136' title='bbox 3187 1145 3343 1200; x_wconf 91' lang='lat' dir='ltr'>enim</span> <span class='ocrx_word' id='word_1_137' title='bbox 3379 1145 3564 1202; x_wconf 68' lang='lat' dir='ltr'>Graeci</span> <span class='ocrx_word' id='word_1_138' title='bbox 3603 1163 3829 1201; x_wconf 89' lang='lat' dir='ltr'>sermo-</span> 
     </span>
    </p>
   </div>
   <div class='ocr_carea' id='block_1_11' title="bbox 419 1233 3828 1308">
    <p class='ocr_par' dir='ltr' id='par_1_11' title="bbox 419 1233 3828 1308">
     <span class='ocr_line' id='line_1_11' title="bbox 419 1233 3828 1308; baseline 0 -18"><span class='ocrx_word' id='word_1_139' title='bbox 419 1237 510 1291; x_wconf 87' lang='lat' dir='ltr'>nis</span> <span class='ocrx_word' id='word_1_140' title='bbox 541 1237 763 1308; x_wconf 88' lang='lat' dir='ltr'>puritas</span> <span class='ocrx_word' id='word_1_141' title='bbox 790 1241 849 1291; x_wconf 92' lang='lat' dir='ltr'>et</span> <span class='ocrx_word' id='word_1_142' title='bbox 879 1237 1203 1307; x_wconf 88' lang='lat' dir='ltr'>proprietas</span> <span class='ocrx_word' id='word_1_143' title='bbox 1230 1252 1364 1290; x_wconf 90' lang='lat' dir='ltr'>cum</span> <span class='ocrx_word' id='word_1_144' title='bbox 1398 1241 1730 1292; x_wconf 86' lang='lat' dir='ltr'>exterarum</span> <span class='ocrx_word' id='word_1_145' title='bbox 1763 1238 2064 1292; x_wconf 85' lang='lat' dir='ltr'>nationum</span> <span class='ocrx_word' id='word_1_146' title='bbox 2097 1235 2464 1292; x_wconf 87' lang='lat' dir='ltr'>commerciis</span> <span class='ocrx_word' id='word_1_147' title='bbox 2511 1241 2638 1290; x_wconf 89' lang='lat' dir='ltr'>tum</span> <span class='ocrx_word' id='word_1_148' title='bbox 2689 1235 3009 1290; x_wconf 90' lang='lat' dir='ltr'>otiosorum</span> <span class='ocrx_word' id='word_1_149' title='bbox 3061 1233 3370 1290; x_wconf 87' lang='lat' dir='ltr'>hominum</span> <span class='ocrx_word' id='word_1_150' title='bbox 3417 1234 3658 1306; x_wconf 90' lang='lat' dir='ltr'>ineptiis</span> <span class='ocrx_word' id='word_1_151' title='bbox 3699 1251 3828 1290; x_wconf 88' lang='lat' dir='ltr'>cor-</span> 
     </span>
    </p>
   </div>
   <div class='ocr_carea' id='block_1_12' title="bbox 420 1324 3827 1400">
    <p class='ocr_par' dir='ltr' id='par_1_12' title="bbox 420 1324 3827 1400">
     <span class='ocr_line' id='line_1_12' title="bbox 420 1324 3827 1400; baseline -0.001 -18"><span class='ocrx_word' id='word_1_152' title='bbox 420 1333 595 1400; x_wconf 88' lang='lat' dir='ltr'>rupta</span> <span class='ocrx_word' id='word_1_153' title='bbox 624 1331 734 1396; x_wconf 91' lang='lat' dir='ltr'>est,</span> <span class='ocrx_word' id='word_1_154' title='bbox 767 1343 872 1382; x_wconf 91' lang='lat' dir='ltr'>nec</span> <span class='ocrx_word' id='word_1_155' title='bbox 905 1327 1030 1382; x_wconf 84' lang='lat' dir='ltr'>ﬁeri</span> <span class='ocrx_word' id='word_1_156' title='bbox 1063 1327 1269 1398; x_wconf 85' lang='lat' dir='ltr'>nequit</span> <span class='ocrx_word' id='word_1_157' title='bbox 1299 1327 1357 1382; x_wconf 92' lang='lat' dir='ltr'>in</span> <span class='ocrx_word' id='word_1_158' title='bbox 1391 1327 1497 1382; x_wconf 88' lang='lat' dir='ltr'>hoc</span> <span class='ocrx_word' id='word_1_159' title='bbox 1525 1328 1874 1400; x_wconf 87' lang='lat' dir='ltr'>scriptorum</span> <span class='ocrx_word' id='word_1_160' title='bbox 1899 1344 2108 1400; x_wconf 84' lang='lat' dir='ltr'>genere</span> <span class='ocrx_word' id='word_1_161' title='bbox 2141 1333 2203 1383; x_wconf 90' lang='lat' dir='ltr'>ut</span> <span class='ocrx_word' id='word_1_162' title='bbox 2235 1325 2569 1398; x_wconf 87' lang='lat' dir='ltr'>interpretis</span> <span class='ocrx_word' id='word_1_163' title='bbox 2601 1341 2716 1380; x_wconf 91' lang='lat' dir='ltr'>non</span> <span class='ocrx_word' id='word_1_164' title='bbox 2749 1325 2968 1380; x_wconf 86' lang='lat' dir='ltr'>indocti</span> <span class='ocrx_word' id='word_1_165' title='bbox 3017 1341 3126 1380; x_wconf 90' lang='lat' dir='ltr'>nec</span> <span class='ocrx_word' id='word_1_166' title='bbox 3176 1325 3446 1380; x_wconf 88' lang='lat' dir='ltr'>indiserti</span> <span class='ocrx_word' id='word_1_167' title='bbox 3496 1324 3679 1381; x_wconf 86' lang='lat' dir='ltr'>oratio</span> <span class='ocrx_word' id='word_1_168' title='bbox 3712 1325 3827 1396; x_wconf 88' lang='lat' dir='ltr'>ipsi</span> 
     </span>
    </p>
   </div>
   <div class='ocr_carea' id='block_1_13' title="bbox 421 1414 3828 1490">
    <p class='ocr_par' dir='ltr' id='par_1_13' title="bbox 421 1414 3828 1490">
     <span class='ocr_line' id='line_1_13' title="bbox 421 1414 3828 1490; baseline 0 -21"><span class='ocrx_word' id='word_1_169' title='bbox 421 1415 642 1471; x_wconf 85' lang='lat' dir='ltr'>auctori</span> <span class='ocrx_word' id='word_1_170' title='bbox 674 1415 1037 1486; x_wconf 72' lang='lat' dir='ltr'>praeferatur,</span> <span class='ocrx_word' id='word_1_171' title='bbox 1070 1417 1265 1472; x_wconf 84' lang='lat' dir='ltr'>tamen</span> <span class='ocrx_word' id='word_1_172' title='bbox 1299 1433 1403 1473; x_wconf 88' lang='lat' dir='ltr'>nec</span> <span class='ocrx_word' id='word_1_173' title='bbox 1433 1434 1564 1473; x_wconf 90' lang='lat' dir='ltr'>eum</span> <span class='ocrx_word' id='word_1_174' title='bbox 1599 1433 1702 1490; x_wconf 91' lang='lat' dir='ltr'>ego</span> <span class='ocrx_word' id='word_1_175' title='bbox 1735 1433 1824 1474; x_wconf 89' lang='lat' dir='ltr'>me</span> <span class='ocrx_word' id='word_1_176' title='bbox 1855 1418 2232 1490; x_wconf 85' lang='lat' dir='ltr'>interpretem</span> <span class='ocrx_word' id='word_1_177' title='bbox 2266 1417 2524 1490; x_wconf 80' lang='lat' dir='ltr'>proﬁteri</span> <span class='ocrx_word' id='word_1_178' title='bbox 2555 1416 2768 1484; x_wconf 86' lang='lat' dir='ltr'>ausim,</span> <span class='ocrx_word' id='word_1_179' title='bbox 2801 1419 2858 1470; x_wconf 89' lang='lat' dir='ltr'>et</span> <span class='ocrx_word' id='word_1_180' title='bbox 2893 1415 3090 1470; x_wconf 75' lang='lat' dir='ltr'>Graeca</span> <span class='ocrx_word' id='word_1_181' title='bbox 3127 1414 3347 1487; x_wconf 87' lang='lat' dir='ltr'>lingua,</span> <span class='ocrx_word' id='word_1_182' title='bbox 3397 1415 3828 1486; x_wconf 85' lang='lat' dir='ltr'>qualiscunque</span> 
     </span>
    </p>
   </div>
   <div class='ocr_carea' id='block_1_14' title="bbox 419 1505 3826 1577">
    <p class='ocr_par' dir='ltr' id='par_1_14' title="bbox 419 1505 3826 1577">
     <span class='ocr_line' id='line_1_14' title="bbox 419 1505 3826 1577; baseline 0 -17"><span class='ocrx_word' id='word_1_183' title='bbox 419 1505 636 1571; x_wconf 89' lang='lat' dir='ltr'>adhuc,</span> <span class='ocrx_word' id='word_1_184' title='bbox 670 1507 867 1562; x_wconf 84' lang='lat' dir='ltr'>nescio</span> <span class='ocrx_word' id='word_1_185' title='bbox 899 1522 1074 1577; x_wconf 90' lang='lat' dir='ltr'>quem</span> <span class='ocrx_word' id='word_1_186' title='bbox 1107 1507 1344 1577; x_wconf 88' lang='lat' dir='ltr'>genium</span> <span class='ocrx_word' id='word_1_187' title='bbox 1377 1505 1588 1562; x_wconf 88' lang='lat' dir='ltr'>retinet</span> <span class='ocrx_word' id='word_1_188' title='bbox 1618 1523 1683 1562; x_wconf 91' lang='lat' dir='ltr'>ac</span> <span class='ocrx_word' id='word_1_189' title='bbox 1731 1507 2056 1563; x_wconf 88' lang='lat' dir='ltr'>ubertatem</span> <span class='ocrx_word' id='word_1_190' title='bbox 2109 1507 2332 1563; x_wconf 88' lang='lat' dir='ltr'>Latinis</span> <span class='ocrx_word' id='word_1_191' title='bbox 2380 1507 2812 1564; x_wconf 85' lang='lat' dir='ltr'>inimitabilem.</span> <span class='ocrx_word' id='word_1_192' title='bbox 2863 1505 3221 1562; x_wconf 90' lang='lat' dir='ltr'>Testimonio</span> <span class='ocrx_word' id='word_1_193' title='bbox 3271 1509 3412 1560; x_wconf 90' lang='lat' dir='ltr'>sunt</span> <span class='ocrx_word' id='word_1_194' title='bbox 3455 1520 3662 1560; x_wconf 91' lang='lat' dir='ltr'>omnes</span> <span class='ocrx_word' id='word_1_195' title='bbox 3706 1505 3826 1560; x_wconf 84' lang='lat' dir='ltr'>fere</span> 
     </span>
    </p>
   </div>
   <div class='ocr_carea' id='block_1_15' title="bbox 422 1593 3822 1668">
    <p class='ocr_par' dir='ltr' id='par_1_15' title="bbox 422 1593 3822 1668">
     <span class='ocr_line' id='line_1_15' title="bbox 422 1593 3822 1668; baseline -0.001 -18"><span class='ocrx_word' id='word_1_196' title='bbox 422 1594 771 1668; x_wconf 78' lang='lat' dir='ltr'>disciplinis,</span> <span class='ocrx_word' id='word_1_197' title='bbox 813 1611 1056 1665; x_wconf 90' lang='lat' dir='ltr'>quarum</span> <span class='ocrx_word' id='word_1_198' title='bbox 1099 1595 1194 1650; x_wconf 85' lang='lat' dir='ltr'>vix</span> <span class='ocrx_word' id='word_1_199' title='bbox 1227 1595 1348 1651; x_wconf 88' lang='lat' dir='ltr'>ulla</span> <span class='ocrx_word' id='word_1_200' title='bbox 1379 1599 1469 1651; x_wconf 87' lang='lat' dir='ltr'>est</span> <span class='ocrx_word' id='word_1_201' title='bbox 1497 1596 1639 1668; x_wconf 89' lang='lat' dir='ltr'>quin</span> <span class='ocrx_word' id='word_1_202' title='bbox 1673 1600 1730 1651; x_wconf 89' lang='lat' dir='ltr'>et</span> <span class='ocrx_word' id='word_1_203' title='bbox 1757 1612 1788 1651; x_wconf 92' lang='lat' dir='ltr'>e</span> <span class='ocrx_word' id='word_1_204' title='bbox 1820 1596 2020 1652; x_wconf 87' lang='lat' dir='ltr'>schola</span> <span class='ocrx_word' id='word_1_205' title='bbox 2049 1599 2244 1652; x_wconf 72' lang='lat' dir='ltr'>Graeca</span> <span class='ocrx_word' id='word_1_206' title='bbox 2303 1613 2364 1652; x_wconf 87' lang='lat' dir='ltr'>se</span> <span class='ocrx_word' id='word_1_207' title='bbox 2422 1597 2706 1668; x_wconf 86' lang='lat' dir='ltr'>prodiisse</span> <span class='ocrx_word' id='word_1_208' title='bbox 2763 1595 2850 1652; x_wconf 87' lang='lat' dir='ltr'>vel</span> <span class='ocrx_word' id='word_1_209' title='bbox 2908 1595 3037 1667; x_wconf 88' lang='lat' dir='ltr'>ipso</span> <span class='ocrx_word' id='word_1_210' title='bbox 3095 1595 3334 1650; x_wconf 88' lang='lat' dir='ltr'>nomine</span> <span class='ocrx_word' id='word_1_211' title='bbox 3386 1594 3654 1662; x_wconf 82' lang='lat' dir='ltr'>fateatur,</span> <span class='ocrx_word' id='word_1_212' title='bbox 3689 1597 3747 1648; x_wconf 85' lang='lat' dir='ltr'>et</span> <span class='ocrx_word' id='word_1_213' title='bbox 3774 1593 3822 1648; x_wconf 89' lang='lat' dir='ltr'>si</span> 
     </span>
    </p>
   </div>
   <div class='ocr_carea' id='block_1_16' title="bbox 421 1684 3820 1758">
    <p class='ocr_par' dir='ltr' id='par_1_16' title="bbox 421 1684 3820 1758">
     <span class='ocr_line' id='line_1_16' title="bbox 421 1684 3820 1758; baseline -0.001 -18"><span class='ocrx_word' id='word_1_214' title='bbox 421 1687 650 1741; x_wconf 70' lang='lat' dir='ltr'>Graecas</span> <span class='ocrx_word' id='word_1_215' title='bbox 679 1701 851 1740; x_wconf 88' lang='lat' dir='ltr'>voces</span> <span class='ocrx_word' id='word_1_216' title='bbox 879 1685 1209 1752; x_wconf 88' lang='lat' dir='ltr'>sustuleris,</span> <span class='ocrx_word' id='word_1_217' title='bbox 1245 1702 1395 1757; x_wconf 66' lang='lat' dir='ltr'>saepe</span> <span class='ocrx_word' id='word_1_218' title='bbox 1427 1687 1814 1742; x_wconf 85' lang='lat' dir='ltr'>obmutescet.</span> <span class='ocrx_word' id='word_1_219' title='bbox 1849 1687 1972 1750; x_wconf 93' lang='lat' dir='ltr'>Quo</span> <span class='ocrx_word' id='word_1_220' title='bbox 2003 1687 2205 1742; x_wconf 91' lang='lat' dir='ltr'>minus</span> <span class='ocrx_word' id='word_1_221' title='bbox 2233 1686 2272 1740; x_wconf 92' lang='lat' dir='ltr'>ii</span> <span class='ocrx_word' id='word_1_222' title='bbox 2297 1687 2516 1742; x_wconf 91' lang='lat' dir='ltr'>ferendi</span> <span class='ocrx_word' id='word_1_223' title='bbox 2546 1692 2687 1742; x_wconf 87' lang='lat' dir='ltr'>sunt</span> <span class='ocrx_word' id='word_1_224' title='bbox 2715 1685 2818 1758; x_wconf 90' lang='lat' dir='ltr'>qui</span> <span class='ocrx_word' id='word_1_225' title='bbox 2847 1686 3104 1741; x_wconf 75' lang='lat' dir='ltr'>Graecam</span> <span class='ocrx_word' id='word_1_226' title='bbox 3137 1684 3400 1755; x_wconf 84' lang='lat' dir='ltr'>linguam</span> <span class='ocrx_word' id='word_1_227' title='bbox 3435 1687 3499 1739; x_wconf 90' lang='lat' dir='ltr'>ut</span> <span class='ocrx_word' id='word_1_228' title='bbox 3545 1699 3820 1754; x_wconf 87' lang='lat' dir='ltr'>superva-</span> 
     </span>
    </p>
   </div>
   <div class='ocr_carea' id='block_1_17' title="bbox 419 1771 3824 1846">
    <p class='ocr_par' dir='ltr' id='par_1_17' title="bbox 419 1771 3824 1846">
     <span class='ocr_line' id='line_1_17' title="bbox 419 1771 3824 1846; baseline -0.001 -18"><span class='ocrx_word' id='word_1_229' title='bbox 419 1789 658 1828; x_wconf 88' lang='lat' dir='ltr'>caneam</span> <span class='ocrx_word' id='word_1_230' title='bbox 684 1779 1094 1844; x_wconf 87' lang='lat' dir='ltr'>aspernantur.</span> <span class='ocrx_word' id='word_1_231' title='bbox 1127 1773 1292 1837; x_wconf 90' lang='lat' dir='ltr'>Quod</span> <span class='ocrx_word' id='word_1_232' title='bbox 1324 1776 1521 1845; x_wconf 86' lang='lat' dir='ltr'>utique</span> <span class='ocrx_word' id='word_1_233' title='bbox 1553 1793 1667 1830; x_wconf 91' lang='lat' dir='ltr'>non</span> <span class='ocrx_word' id='word_1_234' title='bbox 1703 1776 1979 1841; x_wconf 88' lang='lat' dir='ltr'>facerent,</span> <span class='ocrx_word' id='word_1_235' title='bbox 2013 1775 2064 1829; x_wconf 89' lang='lat' dir='ltr'>si</span> <span class='ocrx_word' id='word_1_236' title='bbox 2098 1792 2272 1846; x_wconf 87' lang='lat' dir='ltr'>quam</span> <span class='ocrx_word' id='word_1_237' title='bbox 2308 1777 2476 1846; x_wconf 87' lang='lat' dir='ltr'>pauci</span> <span class='ocrx_word' id='word_1_238' title='bbox 2507 1775 2706 1830; x_wconf 86' lang='lat' dir='ltr'>ﬁdeles</span> <span class='ocrx_word' id='word_1_239' title='bbox 2737 1785 2790 1830; x_wconf 91' lang='lat' dir='ltr'>et</span> <span class='ocrx_word' id='word_1_240' title='bbox 2817 1773 2972 1829; x_wconf 90' lang='lat' dir='ltr'>docti</span> <span class='ocrx_word' id='word_1_241' title='bbox 3012 1775 3356 1844; x_wconf 88' lang='lat' dir='ltr'>interpretes</span> <span class='ocrx_word' id='word_1_242' title='bbox 3387 1773 3506 1828; x_wconf 91' lang='lat' dir='ltr'>sint</span> <span class='ocrx_word' id='word_1_243' title='bbox 3539 1771 3824 1842; x_wconf 86' lang='lat' dir='ltr'>intellige-</span> 
     </span>
    </p>
   </div>
   <div class='ocr_carea' id='block_1_18' title="bbox 419 1859 3828 1935">
    <p class='ocr_par' dir='ltr' id='par_1_18' title="bbox 419 1859 3828 1935">
     <span class='ocr_line' id='line_1_18' title="bbox 419 1859 3828 1935; baseline -0.001 -19"><span class='ocrx_word' id='word_1_244' title='bbox 419 1866 568 1918; x_wconf 87' lang='lat' dir='ltr'>rent.</span> <span class='ocrx_word' id='word_1_245' title='bbox 601 1861 749 1916; x_wconf 84' lang='lat' dir='ltr'>Aliis</span> <span class='ocrx_word' id='word_1_246' title='bbox 781 1863 944 1918; x_wconf 86' lang='lat' dir='ltr'>deest</span> <span class='ocrx_word' id='word_1_247' title='bbox 973 1862 1214 1918; x_wconf 91' lang='lat' dir='ltr'>alterius</span> <span class='ocrx_word' id='word_1_248' title='bbox 1239 1865 1453 1930; x_wconf 85' lang='lat' dir='ltr'>utrius,</span> <span class='ocrx_word' id='word_1_249' title='bbox 1489 1863 1621 1919; x_wconf 90' lang='lat' dir='ltr'>aliis</span> <span class='ocrx_word' id='word_1_250' title='bbox 1651 1862 1961 1934; x_wconf 90' lang='lat' dir='ltr'>utriusque</span> <span class='ocrx_word' id='word_1_251' title='bbox 1992 1862 2205 1935; x_wconf 66' lang='lat' dir='ltr'>linguas</span> <span class='ocrx_word' id='word_1_252' title='bbox 2236 1865 2507 1934; x_wconf 81' lang='lat' dir='ltr'>cognitio,</span> <span class='ocrx_word' id='word_1_253' title='bbox 2543 1863 2674 1918; x_wconf 85' lang='lat' dir='ltr'>aliis</span> <span class='ocrx_word' id='word_1_254' title='bbox 2706 1863 2852 1919; x_wconf 82' lang='lat' dir='ltr'>fides</span> <span class='ocrx_word' id='word_1_255' title='bbox 2883 1870 2936 1918; x_wconf 92' lang='lat' dir='ltr'>et</span> <span class='ocrx_word' id='word_1_256' title='bbox 2967 1861 3290 1934; x_wconf 83' lang='lat' dir='ltr'>diligentia,</span> <span class='ocrx_word' id='word_1_257' title='bbox 3343 1859 3644 1916; x_wconf 90' lang='lat' dir='ltr'>nonnullis</span> <span class='ocrx_word' id='word_1_258' title='bbox 3695 1859 3828 1913; x_wconf 90' lang='lat' dir='ltr'>uni-</span> 
     </span>
    </p>
   </div>
   <div class='ocr_carea' id='block_1_19' title="bbox 417 1949 3826 2024">
    <p class='ocr_par' dir='ltr' id='par_1_19' title="bbox 417 1949 3826 2024">
     <span class='ocr_line' id='line_1_19' title="bbox 417 1949 3826 2024; baseline -0.001 -18"><span class='ocrx_word' id='word_1_259' title='bbox 417 1967 585 2008; x_wconf 84' lang='lat' dir='ltr'>versa</span> <span class='ocrx_word' id='word_1_260' title='bbox 616 1951 755 2018; x_wconf 79' lang='lat' dir='ltr'>haec,</span> <span class='ocrx_word' id='word_1_261' title='bbox 796 1968 911 2007; x_wconf 91' lang='lat' dir='ltr'>non</span> <span class='ocrx_word' id='word_1_262' title='bbox 941 1956 1060 2008; x_wconf 89' lang='lat' dir='ltr'>tam</span> <span class='ocrx_word' id='word_1_263' title='bbox 1097 1953 1342 2008; x_wconf 86' lang='lat' dir='ltr'>fortasse</span> <span class='ocrx_word' id='word_1_264' title='bbox 1374 1953 1596 2008; x_wconf 90' lang='lat' dir='ltr'>malitia</span> <span class='ocrx_word' id='word_1_265' title='bbox 1617 1961 1670 2008; x_wconf 88' lang='lat' dir='ltr'>et</span> <span class='ocrx_word' id='word_1_266' title='bbox 1700 1957 2034 2024; x_wconf 90' lang='lat' dir='ltr'>contemptu</span> <span class='ocrx_word' id='word_1_267' title='bbox 2065 1952 2412 2022; x_wconf 83' lang='lat' dir='ltr'>iudiciorum</span> <span class='ocrx_word' id='word_1_268' title='bbox 2457 1953 2896 2024; x_wconf 68' lang='lat' dir='ltr'>(quae-extrema</span> <span class='ocrx_word' id='word_1_269' title='bbox 2922 1955 3077 2007; x_wconf 88' lang='lat' dir='ltr'>esset</span> <span class='ocrx_word' id='word_1_270' title='bbox 3123 1951 3398 2018; x_wconf 88' lang='lat' dir='ltr'>amentia)</span> <span class='ocrx_word' id='word_1_271' title='bbox 3453 1966 3629 2021; x_wconf 85' lang='lat' dir='ltr'>quam</span> <span class='ocrx_word' id='word_1_272' title='bbox 3663 1949 3826 2004; x_wconf 85' lang='lat' dir='ltr'>cala-</span> 
     </span>
    </p>
   </div>
   <div class='ocr_carea' id='block_1_20' title="bbox 420 2039 3821 2114">
    <p class='ocr_par' dir='ltr' id='par_1_20' title="bbox 420 2039 3821 2114">
     <span class='ocr_line' id='line_1_20' title="bbox 420 2039 3821 2114; baseline -0.001 -18"><span class='ocrx_word' id='word_1_273' title='bbox 420 2041 621 2096; x_wconf 87' lang='lat' dir='ltr'>mitate</span> <span class='ocrx_word' id='word_1_274' title='bbox 651 2041 904 2111; x_wconf 90' lang='lat' dir='ltr'>quadam</span> <span class='ocrx_word' id='word_1_275' title='bbox 937 2046 1268 2112; x_wconf 89' lang='lat' dir='ltr'>temporum</span> <span class='ocrx_word' id='word_1_276' title='bbox 1303 2046 1639 2096; x_wconf 77' lang='lat' dir='ltr'>nostrorum</span> <span class='ocrx_word' id='word_1_277' title='bbox 1671 2049 1724 2096; x_wconf 92' lang='lat' dir='ltr'>et</span> <span class='ocrx_word' id='word_1_278' title='bbox 1756 2042 2156 2113; x_wconf 74' lang='lat' dir='ltr'>praestantium</span> <span class='ocrx_word' id='word_1_279' title='bbox 2189 2041 2557 2113; x_wconf 82' lang='lat' dir='ltr'>ingeniorum</span> <span class='ocrx_word' id='word_1_280' title='bbox 2605 2041 2893 2114; x_wconf 88' lang='lat' dir='ltr'>neglectu,</span> <span class='ocrx_word' id='word_1_281' title='bbox 2949 2041 3164 2112; x_wconf 89' lang='lat' dir='ltr'>quibus</span> <span class='ocrx_word' id='word_1_282' title='bbox 3199 2041 3430 2095; x_wconf 87' lang='lat' dir='ltr'>fortuna</span> <span class='ocrx_word' id='word_1_283' title='bbox 3479 2039 3821 2110; x_wconf 85' lang='lat' dir='ltr'>plerumque</span> 
     </span>
    </p>
   </div>
   <div class='ocr_carea' id='block_1_21' title="bbox 418 2128 3821 2200">
    <p class='ocr_par' dir='ltr' id='par_1_21' title="bbox 418 2128 3821 2200">
     <span class='ocr_line' id='line_1_21' title="bbox 418 2128 3821 2200; baseline -0.001 -16"><span class='ocrx_word' id='word_1_284' title='bbox 418 2129 614 2185; x_wconf 87' lang='lat' dir='ltr'>minus</span> <span class='ocrx_word' id='word_1_285' title='bbox 647 2129 790 2184; x_wconf 88' lang='lat' dir='ltr'>favet</span> <span class='ocrx_word' id='word_1_286' title='bbox 824 2146 996 2200; x_wconf 87' lang='lat' dir='ltr'>quam</span> <span class='ocrx_word' id='word_1_287' title='bbox 1030 2131 1102 2186; x_wconf 91' lang='lat' dir='ltr'>iis</span> <span class='ocrx_word' id='word_1_288' title='bbox 1135 2146 1373 2200; x_wconf 85' lang='lat' dir='ltr'>quorum</span> <span class='ocrx_word' id='word_1_289' title='bbox 1406 2133 1594 2185; x_wconf 90' lang='lat' dir='ltr'>minor</span> <span class='ocrx_word' id='word_1_290' title='bbox 1623 2135 1712 2186; x_wconf 88' lang='lat' dir='ltr'>est</span> <span class='ocrx_word' id='word_1_291' title='bbox 1738 2130 2026 2186; x_wconf 86' lang='lat' dir='ltr'>industria</span> <span class='ocrx_word' id='word_1_292' title='bbox 2055 2139 2108 2184; x_wconf 88' lang='lat' dir='ltr'>et</span> <span class='ocrx_word' id='word_1_293' title='bbox 2139 2131 2402 2186; x_wconf 90' lang='lat' dir='ltr'>obtusior</span> <span class='ocrx_word' id='word_1_294' title='bbox 2431 2133 2584 2186; x_wconf 87' lang='lat' dir='ltr'>acies</span> <span class='ocrx_word' id='word_1_295' title='bbox 2616 2132 2964 2186; x_wconf 91' lang='lat' dir='ltr'>animorum.</span> <span class='ocrx_word' id='word_1_296' title='bbox 3003 2132 3203 2200; x_wconf 87' lang='lat' dir='ltr'>[taque</span> <span class='ocrx_word' id='word_1_297' title='bbox 3236 2129 3481 2200; x_wconf 84' lang='lat' dir='ltr'>pedibus</span> <span class='ocrx_word' id='word_1_298' title='bbox 3519 2128 3580 2182; x_wconf 90' lang='lat' dir='ltr'>in</span> <span class='ocrx_word' id='word_1_299' title='bbox 3615 2143 3821 2182; x_wconf 89' lang='lat' dir='ltr'>eorum</span> 
     </span>
    </p>
   </div>
   <div class='ocr_carea' id='block_1_22' title="bbox 415 2217 3826 2289">
    <p class='ocr_par' dir='ltr' id='par_1_22' title="bbox 415 2217 3826 2289">
     <span class='ocr_line' id='line_1_22' title="bbox 415 2217 3826 2289; baseline -0.001 -17"><span class='ocrx_word' id='word_1_300' title='bbox 415 2231 482 2272; x_wconf 85' lang='lat' dir='ltr'>eo</span> <span class='ocrx_word' id='word_1_301' title='bbox 515 2218 860 2272; x_wconf 90' lang='lat' dir='ltr'>sententiam</span> <span class='ocrx_word' id='word_1_302' title='bbox 893 2217 987 2286; x_wconf 89' lang='lat' dir='ltr'>qui</span> <span class='ocrx_word' id='word_1_303' title='bbox 1022 2217 1218 2274; x_wconf 67' lang='lat' dir='ltr'>Graeca</span> <span class='ocrx_word' id='word_1_304' title='bbox 1250 2233 1380 2273; x_wconf 90' lang='lat' dir='ltr'>cum</span> <span class='ocrx_word' id='word_1_305' title='bbox 1417 2218 1638 2274; x_wconf 86' lang='lat' dir='ltr'>Latinis</span> <span class='ocrx_word' id='word_1_306' title='bbox 1670 2218 2082 2288; x_wconf 86' lang='lat' dir='ltr'>conjungenda</span> <span class='ocrx_word' id='word_1_307' title='bbox 2112 2233 2240 2274; x_wconf 86' lang='lat' dir='ltr'>esse</span> <span class='ocrx_word' id='word_1_308' title='bbox 2271 2223 2534 2289; x_wconf 88' lang='lat' dir='ltr'>censent,</span> <span class='ocrx_word' id='word_1_309' title='bbox 2577 2217 2862 2289; x_wconf 90' lang='lat' dir='ltr'>siquidem</span> <span class='ocrx_word' id='word_1_310' title='bbox 2903 2217 3100 2273; x_wconf 72' lang='lat' dir='ltr'>Graeca</span> <span class='ocrx_word' id='word_1_311' title='bbox 3139 2217 3385 2272; x_wconf 90' lang='lat' dir='ltr'>seorsim</span> <span class='ocrx_word' id='word_1_312' title='bbox 3431 2231 3640 2287; x_wconf 90' lang='lat' dir='ltr'>parum</span> <span class='ocrx_word' id='word_1_313' title='bbox 3689 2231 3826 2270; x_wconf 87' lang='lat' dir='ltr'>ven-</span> 
     </span>
    </p>
   </div>
   <div class='ocr_carea' id='block_1_23' title="bbox 419 2303 3835 2376">
    <p class='ocr_par' dir='ltr' id='par_1_23' title="bbox 419 2303 3835 2376">
     <span class='ocr_line' id='line_1_23' title="bbox 419 2303 3835 2376; baseline 0 -18"><span class='ocrx_word' id='word_1_314' title='bbox 419 2303 625 2360; x_wconf 90' lang='lat' dir='ltr'>dibilia</span> <span class='ocrx_word' id='word_1_315' title='bbox 650 2311 788 2359; x_wconf 85' lang='lat' dir='ltr'>sunt</span> <span class='ocrx_word' id='word_1_316' title='bbox 819 2309 985 2360; x_wconf 74' lang='lat' dir='ltr'>aetate</span> <span class='ocrx_word' id='word_1_317' title='bbox 1015 2315 1236 2374; x_wconf 87' lang='lat' dir='ltr'>nostra,</span> <span class='ocrx_word' id='word_1_318' title='bbox 1265 2321 1391 2375; x_wconf 69' lang='lat' dir='ltr'>qua:</span> <span class='ocrx_word' id='word_1_319' title='bbox 1423 2311 1656 2376; x_wconf 91' lang='lat' dir='ltr'>propter</span> <span class='ocrx_word' id='word_1_320' title='bbox 1685 2305 2063 2361; x_wconf 89' lang='lat' dir='ltr'>ambitionem</span> <span class='ocrx_word' id='word_1_321' title='bbox 2091 2315 2144 2361; x_wconf 92' lang='lat' dir='ltr'>et</span> <span class='ocrx_word' id='word_1_322' title='bbox 2175 2306 2476 2361; x_wconf 85' lang='lat' dir='ltr'>avaritiam</span> <span class='ocrx_word' id='word_1_323' title='bbox 2527 2305 2781 2362; x_wconf 89' lang='lat' dir='ltr'>bellandi</span> <span class='ocrx_word' id='word_1_324' title='bbox 2827 2305 3198 2376; x_wconf 87' lang='lat' dir='ltr'>cupiditatem</span> <span class='ocrx_word' id='word_1_325' title='bbox 3244 2303 3317 2358; x_wconf 90' lang='lat' dir='ltr'>ad</span> <span class='ocrx_word' id='word_1_326' title='bbox 3365 2304 3674 2374; x_wconf 87' lang='lat' dir='ltr'>pristinam</span> <span class='ocrx_word' id='word_1_327' title='bbox 3707 2303 3835 2358; x_wconf 88' lang='lat' dir='ltr'>bar-</span> 
     </span>
    </p>
   </div>
   <div class='ocr_carea' id='block_1_24' title="bbox 420 2393 3833 2468">
    <p class='ocr_par' dir='ltr' id='par_1_24' title="bbox 420 2393 3833 2468">
     <span class='ocr_line' id='line_1_24' title="bbox 420 2393 3833 2468; baseline -0 -18"><span class='ocrx_word' id='word_1_328' title='bbox 420 2393 636 2450; x_wconf 87' lang='lat' dir='ltr'>bariem</span> <span class='ocrx_word' id='word_1_329' title='bbox 666 2409 874 2466; x_wconf 88' lang='lat' dir='ltr'>magno</span> <span class='ocrx_word' id='word_1_330' title='bbox 905 2395 1128 2466; x_wconf 89' lang='lat' dir='ltr'>impetu</span> <span class='ocrx_word' id='word_1_331' title='bbox 1159 2395 1299 2451; x_wconf 91' lang='lat' dir='ltr'>ruit.</span> <span class='ocrx_word' id='word_1_332' title='bbox 1333 2395 1478 2450; x_wconf 89' lang='lat' dir='ltr'>Nam</span> <span class='ocrx_word' id='word_1_333' title='bbox 1515 2395 1700 2451; x_wconf 90' lang='lat' dir='ltr'>Latini</span> <span class='ocrx_word' id='word_1_334' title='bbox 1732 2403 1788 2451; x_wconf 89' lang='lat' dir='ltr'>et</span> <span class='ocrx_word' id='word_1_335' title='bbox 1814 2397 1994 2452; x_wconf 67' lang='lat' dir='ltr'>Graeci</span> <span class='ocrx_word' id='word_1_336' title='bbox 2023 2395 2314 2452; x_wconf 81' lang='lat' dir='ltr'>sermonis</span> <span class='ocrx_word' id='word_1_337' title='bbox 2346 2397 2692 2467; x_wconf 87' lang='lat' dir='ltr'>proprietate</span> <span class='ocrx_word' id='word_1_338' title='bbox 2731 2404 2786 2452; x_wconf 91' lang='lat' dir='ltr'>et</span> <span class='ocrx_word' id='word_1_339' title='bbox 2818 2397 3070 2468; x_wconf 90' lang='lat' dir='ltr'>puritate</span> <span class='ocrx_word' id='word_1_340' title='bbox 3116 2393 3333 2450; x_wconf 86' lang='lat' dir='ltr'>amissa</span> <span class='ocrx_word' id='word_1_341' title='bbox 3379 2401 3833 2464; x_wconf 88' lang='lat' dir='ltr'>contemptaque</span> 
     </span>
    </p>
   </div>
   <div class='ocr_carea' id='block_1_25' title="bbox 413 2482 3830 2557">
    <p class='ocr_par' dir='ltr' id='par_1_25' title="bbox 413 2482 3830 2557">
     <span class='ocr_line' id='line_1_25' title="bbox 413 2482 3830 2557; baseline 0 -19"><span class='ocrx_word' id='word_1_342' title='bbox 413 2482 786 2555; x_wconf 83' lang='lat' dir='ltr'>philosOphia</span> <span class='ocrx_word' id='word_1_343' title='bbox 815 2489 870 2538; x_wconf 93' lang='lat' dir='ltr'>et</span> <span class='ocrx_word' id='word_1_344' title='bbox 901 2483 1156 2554; x_wconf 88' lang='lat' dir='ltr'>politiori</span> <span class='ocrx_word' id='word_1_345' title='bbox 1188 2483 1510 2540; x_wconf 87' lang='lat' dir='ltr'>litteratura</span> <span class='ocrx_word' id='word_1_346' title='bbox 1539 2485 1824 2557; x_wconf 87' lang='lat' dir='ltr'>neglecta,</span> <span class='ocrx_word' id='word_1_347' title='bbox 1885 2491 1952 2540; x_wconf 90' lang='lat' dir='ltr'>ut</span> <span class='ocrx_word' id='word_1_348' title='bbox 2008 2501 2204 2540; x_wconf 89' lang='lat' dir='ltr'>coram</span> <span class='ocrx_word' id='word_1_349' title='bbox 2256 2486 2576 2556; x_wconf 89' lang='lat' dir='ltr'>cernimus,</span> <span class='ocrx_word' id='word_1_350' title='bbox 2637 2501 2755 2541; x_wconf 90' lang='lat' dir='ltr'>non</span> <span class='ocrx_word' id='word_1_351' title='bbox 2785 2486 3101 2541; x_wconf 87' lang='lat' dir='ltr'>obscurum</span> <span class='ocrx_word' id='word_1_352' title='bbox 3151 2487 3242 2539; x_wconf 89' lang='lat' dir='ltr'>est</span> <span class='ocrx_word' id='word_1_353' title='bbox 3289 2484 3428 2554; x_wconf 90' lang='lat' dir='ltr'>quid</span> <span class='ocrx_word' id='word_1_354' title='bbox 3469 2483 3830 2552; x_wconf 90' lang='lat' dir='ltr'>impendeat.</span> 
     </span>
    </p>
   </div>
   <div class='ocr_carea' id='block_1_26' title="bbox 423 2573 3834 2647">
    <p class='ocr_par' dir='ltr' id='par_1_26' title="bbox 423 2573 3834 2647">
     <span class='ocr_line' id='line_1_26' title="bbox 423 2573 3834 2647; baseline -0.001 -17"><span class='ocrx_word' id='word_1_355' title='bbox 423 2575 704 2630; x_wconf 68' lang='lat' dir='ltr'>Prasclare</span> <span class='ocrx_word' id='word_1_356' title='bbox 733 2573 935 2630; x_wconf 87' lang='lat' dir='ltr'>scribit</span> <span class='ocrx_word' id='word_1_357' title='bbox 967 2575 1273 2640; x_wconf 84' lang='lat' dir='ltr'>Isocrates,</span> <span class='ocrx_word' id='word_1_358' title='bbox 1323 2591 1493 2646; x_wconf 86' lang='lat' dir='ltr'>quem</span> <span class='ocrx_word' id='word_1_359' title='bbox 1538 2575 1595 2630; x_wconf 91' lang='lat' dir='ltr'>in</span> <span class='ocrx_word' id='word_1_360' title='bbox 1653 2576 1760 2632; x_wconf 85' lang='lat' dir='ltr'>hac</span> <span class='ocrx_word' id='word_1_361' title='bbox 1807 2581 1966 2646; x_wconf 90' lang='lat' dir='ltr'>parte</span> <span class='ocrx_word' id='word_1_362' title='bbox 2017 2575 2382 2646; x_wconf 85' lang='lat' dir='ltr'>Aristoteles,</span> <span class='ocrx_word' id='word_1_363' title='bbox 2425 2585 2482 2632; x_wconf 87' lang='lat' dir='ltr'>ut</span> <span class='ocrx_word' id='word_1_364' title='bbox 2533 2577 2678 2631; x_wconf 90' lang='lat' dir='ltr'>mihi</span> <span class='ocrx_word' id='word_1_365' title='bbox 2727 2576 2976 2640; x_wconf 90' lang='lat' dir='ltr'>videtur,</span> <span class='ocrx_word' id='word_1_366' title='bbox 3013 2575 3226 2647; x_wconf 89' lang='lat' dir='ltr'>quippe</span> <span class='ocrx_word' id='word_1_367' title='bbox 3267 2578 3405 2629; x_wconf 89' lang='lat' dir='ltr'>natu</span> <span class='ocrx_word' id='word_1_368' title='bbox 3440 2573 3834 2645; x_wconf 86' lang='lat' dir='ltr'>grandiorem,</span> 
     </span>
    </p>
   </div>
   <div class='ocr_carea' id='block_1_27' title="bbox 429 2661 3834 2736">
    <p class='ocr_par' dir='ltr' id='par_1_27' title="bbox 429 2661 3834 2736">
     <span class='ocr_line' id='line_1_27' title="bbox 429 2661 3834 2736; baseline -0.001 -18"><span class='ocrx_word' id='word_1_369' title='bbox 429 2661 738 2719; x_wconf 65' lang='lat' dir='ltr'>aemulatus</span> <span class='ocrx_word' id='word_1_370' title='bbox 769 2666 880 2731; x_wconf 86' lang='lat' dir='ltr'>est,</span> <span class='ocrx_word' id='word_1_371' title='bbox 910 2671 964 2718; x_wconf 89' lang='lat' dir='ltr'>et</span> <span class='ocrx_word' id='word_1_372' title='bbox 992 2679 1058 2718; x_wconf 92' lang='lat' dir='ltr'>eo</span> <span class='ocrx_word' id='word_1_373' title='bbox 1089 2664 1368 2718; x_wconf 89' lang='lat' dir='ltr'>admirari</span> <span class='ocrx_word' id='word_1_374' title='bbox 1399 2681 1514 2720; x_wconf 91' lang='lat' dir='ltr'>non</span> <span class='ocrx_word' id='word_1_375' title='bbox 1545 2665 1690 2720; x_wconf 88' lang='lat' dir='ltr'>satis</span> <span class='ocrx_word' id='word_1_376' title='bbox 1719 2680 1978 2735; x_wconf 85' lang='lat' dir='ltr'>possum,</span> <span class='ocrx_word' id='word_1_377' title='bbox 2012 2664 2242 2720; x_wconf 88' lang='lat' dir='ltr'>virtutis</span> <span class='ocrx_word' id='word_1_378' title='bbox 2273 2665 2541 2736; x_wconf 88' lang='lat' dir='ltr'>singulas</span> <span class='ocrx_word' id='word_1_379' title='bbox 2593 2666 2650 2720; x_wconf 91' lang='lat' dir='ltr'>in</span> <span class='ocrx_word' id='word_1_380' title='bbox 2707 2665 2896 2721; x_wconf 90' lang='lat' dir='ltr'>medio</span> <span class='ocrx_word' id='word_1_381' title='bbox 2937 2664 3208 2719; x_wconf 89' lang='lat' dir='ltr'>binorum</span> <span class='ocrx_word' id='word_1_382' title='bbox 3258 2663 3553 2728; x_wconf 89' lang='lat' dir='ltr'>vitiorum,</span> <span class='ocrx_word' id='word_1_383' title='bbox 3584 2677 3834 2732; x_wconf 89' lang='lat' dir='ltr'>quorum</span> 
     </span>
    </p>
   </div>
   <div class='ocr_carea' id='block_1_28' title="bbox 427 2751 3834 2827">
    <p class='ocr_par' dir='ltr' id='par_1_28' title="bbox 427 2751 3834 2827">
     <span class='ocr_line' id='line_1_28' title="bbox 427 2751 3834 2827; baseline -0.001 -18"><span class='ocrx_word' id='word_1_384' title='bbox 427 2753 676 2809; x_wconf 88' lang='lat' dir='ltr'>alterum</span> <span class='ocrx_word' id='word_1_385' title='bbox 707 2753 852 2810; x_wconf 89' lang='lat' dir='ltr'>citra</span> <span class='ocrx_word' id='word_1_386' title='bbox 881 2753 1134 2824; x_wconf 88' lang='lat' dir='ltr'>resistat,</span> <span class='ocrx_word' id='word_1_387' title='bbox 1165 2754 1412 2810; x_wconf 91' lang='lat' dir='ltr'>alterum</span> <span class='ocrx_word' id='word_1_388' title='bbox 1441 2755 1672 2826; x_wconf 90' lang='lat' dir='ltr'>longius</span> <span class='ocrx_word' id='word_1_389' title='bbox 1701 2771 1878 2826; x_wconf 90' lang='lat' dir='ltr'>quam</span> <span class='ocrx_word' id='word_1_390' title='bbox 1912 2773 2017 2826; x_wconf 90' lang='lat' dir='ltr'>par</span> <span class='ocrx_word' id='word_1_391' title='bbox 2047 2756 2118 2810; x_wconf 89' lang='lat' dir='ltr'>sit</span> <span class='ocrx_word' id='word_1_392' title='bbox 2149 2755 2573 2827; x_wconf 86' lang='lat' dir='ltr'>progrediatur,</span> <span class='ocrx_word' id='word_1_393' title='bbox 2632 2772 2761 2811; x_wconf 89' lang='lat' dir='ltr'>esse</span> <span class='ocrx_word' id='word_1_394' title='bbox 2829 2753 3156 2810; x_wconf 87' lang='lat' dir='ltr'>collocatas.</span> <span class='ocrx_word' id='word_1_395' title='bbox 3209 2753 3274 2808; x_wconf 90' lang='lat' dir='ltr'>Et</span> <span class='ocrx_word' id='word_1_396' title='bbox 3332 2761 3484 2808; x_wconf 90' lang='lat' dir='ltr'>recte</span> <span class='ocrx_word' id='word_1_397' title='bbox 3517 2755 3670 2824; x_wconf 85' lang='lat' dir='ltr'>apud</span> <span class='ocrx_word' id='word_1_398' title='bbox 3703 2751 3834 2807; x_wconf 86' lang='lat' dir='ltr'>Ovi-</span> 
     </span>
    </p>
   </div>
   <div class='ocr_carea' id='block_1_29' title="bbox 423 2841 3829 2915">
    <p class='ocr_par' dir='ltr' id='par_1_29' title="bbox 423 2841 3829 2915">
     <span class='ocr_line' id='line_1_29' title="bbox 423 2841 3829 2915; baseline -0 -19"><span class='ocrx_word' id='word_1_399' title='bbox 423 2842 584 2898; x_wconf 89' lang='lat' dir='ltr'>dium</span> <span class='ocrx_word' id='word_1_400' title='bbox 621 2843 884 2898; x_wconf 77' lang='lat' dir='ltr'>Daadalus</span> <span class='ocrx_word' id='word_1_401' title='bbox 913 2845 992 2898; x_wconf 86' lang='lat' dir='ltr'>ait</span> <span class='ocrx_word' id='word_1_402' title='bbox 1023 2842 1161 2912; x_wconf 85' lang='lat' dir='ltr'>ﬁlio,</span> <span class='ocrx_word' id='word_1_403' title='bbox 1191 2843 1372 2900; x_wconf 80' lang='lat' dir='ltr'>medio</span> <span class='ocrx_word' id='word_1_404' title='bbox 1400 2845 1707 2899; x_wconf 75' lang='lat' dir='ltr'>tutissimus</span> <span class='ocrx_word' id='word_1_405' title='bbox 1735 2846 1860 2899; x_wconf 73' lang='lat' dir='ltr'>ibis.</span> <span class='ocrx_word' id='word_1_406' title='bbox 1895 2843 2052 2907; x_wconf 87' lang='lat' dir='ltr'>Quod</span> <span class='ocrx_word' id='word_1_407' title='bbox 2085 2845 2309 2900; x_wconf 89' lang='lat' dir='ltr'>utinam</span> <span class='ocrx_word' id='word_1_408' title='bbox 2345 2849 2462 2899; x_wconf 89' lang='lat' dir='ltr'>tam</span> <span class='ocrx_word' id='word_1_409' title='bbox 2485 2843 2818 2915; x_wconf 86' lang='lat' dir='ltr'>atheologis</span> <span class='ocrx_word' id='word_1_410' title='bbox 2843 2842 3273 2915; x_wconf 88' lang='lat' dir='ltr'>jurisconsultis</span> <span class='ocrx_word' id='word_1_411' title='bbox 3295 2851 3348 2896; x_wconf 91' lang='lat' dir='ltr'>et</span> <span class='ocrx_word' id='word_1_412' title='bbox 3374 2841 3618 2896; x_wconf 88' lang='lat' dir='ltr'>medicis</span> <span class='ocrx_word' id='word_1_413' title='bbox 3651 2857 3829 2912; x_wconf 84' lang='lat' dir='ltr'>quam</span> 
     </span>
    </p>
   </div>
   <div class='ocr_carea' id='block_1_30' title="bbox 421 2921 3828 3003">
    <p class='ocr_par' dir='ltr' id='par_1_30' title="bbox 421 2921 3828 3003">
     <span class='ocr_line' id='line_1_30' title="bbox 421 2921 3828 3003; baseline -0 -16"><span class='ocrx_word' id='word_1_414' title='bbox 421 2932 494 2987; x_wconf 86' lang='lat' dir='ltr'>ab</span> <span class='ocrx_word' id='word_1_415' title='bbox 526 2931 942 2986; x_wconf 83' lang='lat' dir='ltr'>humaniorum</span> <span class='ocrx_word' id='word_1_416' title='bbox 977 2931 1300 2987; x_wconf 88' lang='lat' dir='ltr'>litterarum</span> <span class='ocrx_word' id='word_1_417' title='bbox 1335 2933 1657 2988; x_wconf 90' lang='lat' dir='ltr'>cultoribus</span> <span class='ocrx_word' id='word_1_418' title='bbox 1687 2934 2082 2989; x_wconf 86' lang='lat' dir='ltr'>observaretur</span> <span class='ocrx_word' id='word_1_419' title='bbox 2115 2950 2128 3001; x_wconf 90' lang='lat'><strong>;</strong></span> <span class='ocrx_word' id='word_1_420' title='bbox 2162 2949 2404 3003; x_wconf 89' lang='lat' dir='ltr'>quorum</span> <span class='ocrx_word' id='word_1_421' title='bbox 2441 2935 2604 2990; x_wconf 88' lang='lat' dir='ltr'>alteri</span> <span class='ocrx_word' id='word_1_422' title='bbox 2638 2949 2700 2990; x_wconf 93' lang='lat' dir='ltr'>se</span> <span class='ocrx_word' id='word_1_423' title='bbox 2757 2935 2930 2990; x_wconf 88' lang='lat' dir='ltr'>rebus</span> <span class='ocrx_word' id='word_1_424' title='bbox 2987 2933 3289 3001; x_wconf 65' lang='lat' dir='ltr'>inhaerere,</span> <span class='ocrx_word' id='word_1_425' title='bbox 3334 2921 3496 2987; x_wconf 87' lang='lat' dir='ltr'>alteri</span> <span class='ocrx_word' id='word_1_426' title='bbox 3553 2930 3828 2986; x_wconf 88' lang='lat' dir='ltr'>dictionis</span> 
     </span>
    </p>
   </div>
   <div class='ocr_carea' id='block_1_31' title="bbox 419 3019 3824 3094">
    <p class='ocr_par' dir='ltr' id='par_1_31' title="bbox 419 3019 3824 3094">
     <span class='ocr_line' id='line_1_31' title="bbox 419 3019 3824 3094; baseline -0.001 -18"><span class='ocrx_word' id='word_1_427' title='bbox 419 3019 720 3092; x_wconf 68' lang='lat' dir='ltr'>elegantiae</span> <span class='ocrx_word' id='word_1_428' title='bbox 751 3036 813 3076; x_wconf 90' lang='lat' dir='ltr'>se</span> <span class='ocrx_word' id='word_1_429' title='bbox 843 3021 1075 3077; x_wconf 90' lang='lat' dir='ltr'>studere</span> <span class='ocrx_word' id='word_1_430' title='bbox 1109 3022 1455 3092; x_wconf 84' lang='lat' dir='ltr'>profitentur</span> <span class='ocrx_word' id='word_1_431' title='bbox 1487 3040 1502 3076; x_wconf 91' lang='lat'>:</span> <span class='ocrx_word' id='word_1_432' title='bbox 1539 3022 1705 3093; x_wconf 88' lang='lat' dir='ltr'>quasi</span> <span class='ocrx_word' id='word_1_433' title='bbox 1733 3038 1865 3078; x_wconf 92' lang='lat' dir='ltr'>vero</span> <span class='ocrx_word' id='word_1_434' title='bbox 1901 3026 2003 3078; x_wconf 89' lang='lat' dir='ltr'>aut</span> <span class='ocrx_word' id='word_1_435' title='bbox 2031 3022 2316 3079; x_wconf 87' lang='lat' dir='ltr'>vocabula</span> <span class='ocrx_word' id='word_1_436' title='bbox 2345 3033 2577 3094; x_wconf 88' lang='lat' dir='ltr'>propter</span> <span class='ocrx_word' id='word_1_437' title='bbox 2608 3022 3052 3094; x_wconf 81' lang='lat' dir='ltr'>explicationem</span> <span class='ocrx_word' id='word_1_438' title='bbox 3085 3037 3277 3077; x_wconf 90' lang='lat' dir='ltr'>rerum</span> <span class='ocrx_word' id='word_1_439' title='bbox 3307 3037 3423 3076; x_wconf 90' lang='lat' dir='ltr'>non</span> <span class='ocrx_word' id='word_1_440' title='bbox 3455 3020 3569 3075; x_wconf 90' lang='lat' dir='ltr'>sint</span> <span class='ocrx_word' id='word_1_441' title='bbox 3623 3020 3824 3074; x_wconf 86' lang='lat' dir='ltr'>inven-</span> 
     </span>
    </p>
   </div>
   <div class='ocr_carea' id='block_1_32' title="bbox 417 3109 3818 3182">
    <p class='ocr_par' dir='ltr' id='par_1_32' title="bbox 417 3109 3818 3182">
     <span class='ocr_line' id='line_1_32' title="bbox 417 3109 3818 3182; baseline -0.002 -16"><span class='ocrx_word' id='word_1_442' title='bbox 417 3112 497 3175; x_wconf 81' lang='lat' dir='ltr'>ta,</span> <span class='ocrx_word' id='word_1_443' title='bbox 529 3114 632 3164; x_wconf 84' lang='lat' dir='ltr'>aut</span> <span class='ocrx_word' id='word_1_444' title='bbox 661 3126 872 3181; x_wconf 82' lang='lat' dir='ltr'>corpus</span> <span class='ocrx_word' id='word_1_445' title='bbox 903 3109 1222 3182; x_wconf 85' lang='lat' dir='ltr'>egregium,</span> <span class='ocrx_word' id='word_1_446' title='bbox 1269 3109 1377 3166; x_wconf 92' lang='lat' dir='ltr'>hoc</span> <span class='ocrx_word' id='word_1_447' title='bbox 1426 3114 1516 3166; x_wconf 88' lang='lat' dir='ltr'>est</span> <span class='ocrx_word' id='word_1_448' title='bbox 1564 3109 1888 3182; x_wconf 72' lang='lat' dir='ltr'>praeclaras,</span> <span class='ocrx_word' id='word_1_449' title='bbox 1937 3110 2270 3181; x_wconf 88' lang='lat' dir='ltr'>cujusmodi</span> <span class='ocrx_word' id='word_1_450' title='bbox 2321 3113 2377 3165; x_wconf 92' lang='lat' dir='ltr'>in</span> <span class='ocrx_word' id='word_1_451' title='bbox 2427 3111 2778 3166; x_wconf 88' lang='lat' dir='ltr'>sublimibus</span> <span class='ocrx_word' id='word_1_452' title='bbox 2830 3109 2944 3165; x_wconf 90' lang='lat' dir='ltr'>illis</span> <span class='ocrx_word' id='word_1_453' title='bbox 2975 3109 3302 3180; x_wconf 88' lang='lat' dir='ltr'>disciplinis</span> <span class='ocrx_word' id='word_1_454' title='bbox 3329 3113 3672 3176; x_wconf 88' lang='lat' dir='ltr'>tractantur,</span> <span class='ocrx_word' id='word_1_455' title='bbox 3707 3123 3818 3161; x_wconf 86' lang='lat' dir='ltr'>non</span> 
     </span>
    </p>
   </div>
   <div class='ocr_carea' id='block_1_33' title="bbox 423 3194 3824 3272">
    <p class='ocr_par' dir='ltr' id='par_1_33' title="bbox 423 3194 3824 3272">
     <span class='ocr_line' id='line_1_33' title="bbox 423 3194 3824 3272; baseline -0.001 -20"><span class='ocrx_word' id='word_1_456' title='bbox 423 3198 648 3253; x_wconf 88' lang='lat' dir='ltr'>munda</span> <span class='ocrx_word' id='word_1_457' title='bbox 677 3201 736 3253; x_wconf 90' lang='lat' dir='ltr'>et</span> <span class='ocrx_word' id='word_1_458' title='bbox 763 3201 965 3254; x_wconf 87' lang='lat' dir='ltr'>ornata</span> <span class='ocrx_word' id='word_1_459' title='bbox 988 3198 1191 3266; x_wconf 84' lang='lat' dir='ltr'>vestis,</span> <span class='ocrx_word' id='word_1_460' title='bbox 1223 3197 1333 3253; x_wconf 91' lang='lat' dir='ltr'>hoc</span> <span class='ocrx_word' id='word_1_461' title='bbox 1363 3204 1454 3254; x_wconf 87' lang='lat' dir='ltr'>est</span> <span class='ocrx_word' id='word_1_462' title='bbox 1479 3213 1623 3270; x_wconf 87' lang='lat' dir='ltr'>pura</span> <span class='ocrx_word' id='word_1_463' title='bbox 1651 3203 1709 3253; x_wconf 90' lang='lat' dir='ltr'>et</span> <span class='ocrx_word' id='word_1_464' title='bbox 1733 3197 1934 3253; x_wconf 89' lang='lat' dir='ltr'>limata</span> <span class='ocrx_word' id='word_1_465' title='bbox 1961 3200 2164 3254; x_wconf 88' lang='lat' dir='ltr'>deceat</span> <span class='ocrx_word' id='word_1_466' title='bbox 2193 3200 2399 3255; x_wconf 85' lang='lat' dir='ltr'>oratio.</span> <span class='ocrx_word' id='word_1_467' title='bbox 2432 3199 2732 3272; x_wconf 91' lang='lat' dir='ltr'>Duplicem</span> <span class='ocrx_word' id='word_1_468' title='bbox 2783 3199 3037 3270; x_wconf 87' lang='lat' dir='ltr'>profecto</span> <span class='ocrx_word' id='word_1_469' title='bbox 3086 3197 3318 3254; x_wconf 89' lang='lat' dir='ltr'>laudem</span> <span class='ocrx_word' id='word_1_470' title='bbox 3369 3202 3682 3264; x_wconf 86' lang='lat' dir='ltr'>merentur,</span> <span class='ocrx_word' id='word_1_471' title='bbox 3717 3194 3824 3266; x_wconf 90' lang='lat' dir='ltr'>qui</span> 
     </span>
    </p>
   </div>
   <div class='ocr_carea' id='block_1_34' title="bbox 423 3285 3825 3360">
    <p class='ocr_par' dir='ltr' id='par_1_34' title="bbox 423 3285 3825 3360">
     <span class='ocr_line' id='line_1_34' title="bbox 423 3285 3825 3360; baseline -0.001 -19"><span class='ocrx_word' id='word_1_472' title='bbox 423 3301 515 3343; x_wconf 89' lang='lat' dir='ltr'>res</span> <span class='ocrx_word' id='word_1_473' title='bbox 549 3287 820 3360; x_wconf 89' lang='lat' dir='ltr'>optimas,</span> <span class='ocrx_word' id='word_1_474' title='bbox 850 3287 897 3342; x_wconf 89' lang='lat' dir='ltr'>si</span> <span class='ocrx_word' id='word_1_475' title='bbox 927 3303 1044 3342; x_wconf 90' lang='lat' dir='ltr'>non</span> <span class='ocrx_word' id='word_1_476' title='bbox 1076 3285 1328 3358; x_wconf 90' lang='lat' dir='ltr'>eleganti</span> <span class='ocrx_word' id='word_1_477' title='bbox 1359 3295 1413 3342; x_wconf 91' lang='lat' dir='ltr'>et</span> <span class='ocrx_word' id='word_1_478' title='bbox 1443 3287 1770 3356; x_wconf 88' lang='lat' dir='ltr'>splendido,</span> <span class='ocrx_word' id='word_1_479' title='bbox 1803 3291 1861 3342; x_wconf 90' lang='lat' dir='ltr'>at</span> <span class='ocrx_word' id='word_1_480' title='bbox 1887 3303 2031 3358; x_wconf 87' lang='lat' dir='ltr'>puro</span> <span class='ocrx_word' id='word_1_481' title='bbox 2061 3299 2116 3341; x_wconf 84' lang='lat' dir='ltr'>et</span> <span class='ocrx_word' id='word_1_482' title='bbox 2149 3289 2360 3343; x_wconf 88' lang='lat' dir='ltr'>diserto</span> <span class='ocrx_word' id='word_1_483' title='bbox 2394 3303 2663 3343; x_wconf 87' lang='lat' dir='ltr'>sermone</span> <span class='ocrx_word' id='word_1_484' title='bbox 2691 3293 3041 3360; x_wconf 89' lang='lat' dir='ltr'>proponunt.</span> <span class='ocrx_word' id='word_1_485' title='bbox 3091 3286 3438 3358; x_wconf 87' lang='lat' dir='ltr'>Cujusmodi</span> <span class='ocrx_word' id='word_1_486' title='bbox 3487 3285 3643 3341; x_wconf 91' lang='lat' dir='ltr'>viros</span> <span class='ocrx_word' id='word_1_487' title='bbox 3691 3301 3825 3340; x_wconf 89' lang='lat' dir='ltr'>nos-</span> 
     </span>
    </p>
   </div>
   <div class='ocr_carea' id='block_1_35' title="bbox 423 3373 3826 3448">
    <p class='ocr_par' dir='ltr' id='par_1_35' title="bbox 423 3373 3826 3448">
     <span class='ocr_line' id='line_1_35' title="bbox 423 3373 3826 3448; baseline -0.001 -16"><span class='ocrx_word' id='word_1_488' title='bbox 423 3383 512 3432; x_wconf 85' lang='lat' dir='ltr'>tra</span> <span class='ocrx_word' id='word_1_489' title='bbox 541 3383 678 3431; x_wconf 76' lang='lat' dir='ltr'>astas</span> <span class='ocrx_word' id='word_1_490' title='bbox 709 3375 907 3447; x_wconf 91' lang='lat' dir='ltr'>plures</span> <span class='ocrx_word' id='word_1_491' title='bbox 938 3392 1070 3431; x_wconf 90' lang='lat' dir='ltr'>cum</span> <span class='ocrx_word' id='word_1_492' title='bbox 1102 3375 1316 3447; x_wconf 77' lang='lat' dir='ltr'>insigni</span> <span class='ocrx_word' id='word_1_493' title='bbox 1348 3376 1534 3448; x_wconf 88' lang='lat' dir='ltr'>gloria</span> <span class='ocrx_word' id='word_1_494' title='bbox 1563 3375 1702 3431; x_wconf 87' lang='lat' dir='ltr'>tulit</span> <span class='ocrx_word' id='word_1_495' title='bbox 1729 3392 1906 3447; x_wconf 90' lang='lat' dir='ltr'>quam</span> <span class='ocrx_word' id='word_1_496' title='bbox 1940 3377 2246 3447; x_wconf 87' lang='lat' dir='ltr'>posteritas</span> <span class='ocrx_word' id='word_1_497' title='bbox 2294 3375 2564 3434; x_wconf 87' lang='lat' dir='ltr'>habitura</span> <span class='ocrx_word' id='word_1_498' title='bbox 2609 3377 2856 3443; x_wconf 89' lang='lat' dir='ltr'>videtur,</span> <span class='ocrx_word' id='word_1_499' title='bbox 2891 3377 3001 3432; x_wconf 84' lang='lat' dir='ltr'>nisi</span> <span class='ocrx_word' id='word_1_500' title='bbox 3049 3375 3222 3432; x_wconf 86' lang='lat' dir='ltr'>aliam</span> <span class='ocrx_word' id='word_1_501' title='bbox 3273 3377 3553 3430; x_wconf 91' lang='lat' dir='ltr'>rationem</span> <span class='ocrx_word' id='word_1_502' title='bbox 3600 3373 3826 3430; x_wconf 90' lang='lat' dir='ltr'>studio-</span> 
     </span>
    </p>
   </div>
   <div class='ocr_carea' id='block_1_36' title="bbox 423 3462 3832 3536">
    <p class='ocr_par' dir='ltr' id='par_1_36' title="bbox 423 3462 3832 3536">
     <span class='ocr_line' id='line_1_36' title="bbox 423 3462 3832 3536; baseline 0 -18"><span class='ocrx_word' id='word_1_503' title='bbox 423 3479 552 3518; x_wconf 89' lang='lat' dir='ltr'>rum</span> <span class='ocrx_word' id='word_1_504' title='bbox 593 3463 902 3520; x_wconf 88' lang='lat' dir='ltr'>inierimus</span> <span class='ocrx_word' id='word_1_505' title='bbox 939 3479 952 3518; x_wconf 91' lang='lat'><strong>:</strong></span> <span class='ocrx_word' id='word_1_506' title='bbox 986 3465 1083 3519; x_wconf 88' lang='lat' dir='ltr'>sed</span> <span class='ocrx_word' id='word_1_507' title='bbox 1117 3463 1256 3536; x_wconf 90' lang='lat' dir='ltr'>quid</span> <span class='ocrx_word' id='word_1_508' title='bbox 1287 3480 1392 3536; x_wconf 90' lang='lat' dir='ltr'>ego</span> <span class='ocrx_word' id='word_1_509' title='bbox 1423 3481 1731 3520; x_wconf 89' lang='lat' dir='ltr'>censuram</span> <span class='ocrx_word' id='word_1_510' title='bbox 1763 3465 1821 3520; x_wconf 87' lang='lat' dir='ltr'>in</span> <span class='ocrx_word' id='word_1_511' title='bbox 1854 3481 1915 3519; x_wconf 90' lang='lat' dir='ltr'>re</span> <span class='ocrx_word' id='word_1_512' title='bbox 1947 3464 2178 3535; x_wconf 91' lang='lat' dir='ltr'>publica</span> <span class='ocrx_word' id='word_1_513' title='bbox 2209 3465 2492 3521; x_wconf 89' lang='lat' dir='ltr'>litteraria</span> <span class='ocrx_word' id='word_1_514' title='bbox 2551 3465 2696 3521; x_wconf 90' lang='lat' dir='ltr'>mihi</span> <span class='ocrx_word' id='word_1_515' title='bbox 2745 3483 2939 3536; x_wconf 86' lang='lat' dir='ltr'>sumo,</span> <span class='ocrx_word' id='word_1_516' title='bbox 2973 3482 3103 3520; x_wconf 92' lang='lat' dir='ltr'>cum</span> <span class='ocrx_word' id='word_1_517' title='bbox 3150 3465 3264 3536; x_wconf 89' lang='lat' dir='ltr'>ipsi</span> <span class='ocrx_word' id='word_1_518' title='bbox 3311 3464 3451 3519; x_wconf 83' lang='lat' dir='ltr'>mihi</span> <span class='ocrx_word' id='word_1_519' title='bbox 3493 3462 3832 3518; x_wconf 89' lang='lat' dir='ltr'>diversissi-</span> 
     </span>
    </p>
   </div>
   <div class='ocr_carea' id='block_1_37' title="bbox 424 3551 3830 3623">
    <p class='ocr_par' dir='ltr' id='par_1_37' title="bbox 424 3551 3830 3623">
     <span class='ocr_line' id='line_1_37' title="bbox 424 3551 3830 3623; baseline -0 -17"><span class='ocrx_word' id='word_1_520' title='bbox 424 3565 653 3606; x_wconf 88' lang='lat' dir='ltr'>morum</span> <span class='ocrx_word' id='word_1_521' title='bbox 682 3551 1051 3621; x_wconf 90' lang='lat' dir='ltr'>ingeniorum</span> <span class='ocrx_word' id='word_1_522' title='bbox 1081 3567 1327 3608; x_wconf 86' lang='lat' dir='ltr'>censura</span> <span class='ocrx_word' id='word_1_523' title='bbox 1355 3551 1433 3608; x_wconf 88' lang='lat' dir='ltr'>sit</span> <span class='ocrx_word' id='word_1_524' title='bbox 1465 3553 1764 3609; x_wconf 83' lang='lat' dir='ltr'>subeunda</span> <span class='ocrx_word' id='word_1_525' title='bbox 1785 3553 2017 3622; x_wconf 27' lang='lat' dir='ltr'>?,Movit</span> <span class='ocrx_word' id='word_1_526' title='bbox 2048 3569 2140 3608; x_wconf 91' lang='lat' dir='ltr'>me</span> <span class='ocrx_word' id='word_1_527' title='bbox 2171 3558 2366 3608; x_wconf 90' lang='lat' dir='ltr'>tamen</span> <span class='ocrx_word' id='word_1_528' title='bbox 2392 3555 2591 3623; x_wconf 89' lang='lat' dir='ltr'>justus</span> <span class='ocrx_word' id='word_1_529' title='bbox 2623 3555 2862 3610; x_wconf 81' lang='lat' dir='ltr'>fortasse</span> <span class='ocrx_word' id='word_1_530' title='bbox 2913 3555 3076 3609; x_wconf 90' lang='lat' dir='ltr'>dolor</span> <span class='ocrx_word' id='word_1_531' title='bbox 3119 3553 3178 3607; x_wconf 91' lang='lat' dir='ltr'>in</span> <span class='ocrx_word' id='word_1_532' title='bbox 3239 3553 3388 3607; x_wconf 90' lang='lat' dir='ltr'>hanc</span> <span class='ocrx_word' id='word_1_533' title='bbox 3417 3551 3830 3607; x_wconf 85' lang='lat' dir='ltr'>confusionem</span> 
     </span>
    </p>
   </div>
   <div class='ocr_carea' id='block_1_38' title="bbox 419 3639 3834 3713">
    <p class='ocr_par' dir='ltr' id='par_1_38' title="bbox 419 3639 3834 3713">
     <span class='ocr_line' id='line_1_38' title="bbox 419 3639 3834 3713; baseline 0 -19"><span class='ocrx_word' id='word_1_534' title='bbox 419 3640 863 3713; x_wconf 82' lang='lat' dir='ltr'>gymnasiorum</span> <span class='ocrx_word' id='word_1_535' title='bbox 903 3640 1248 3708; x_wconf 89' lang='lat' dir='ltr'>intuentem,</span> <span class='ocrx_word' id='word_1_536' title='bbox 1281 3642 1388 3697; x_wconf 88' lang='lat' dir='ltr'>etsi</span> <span class='ocrx_word' id='word_1_537' title='bbox 1422 3642 1545 3698; x_wconf 70' lang='lat' dir='ltr'>haec</span> <span class='ocrx_word' id='word_1_538' title='bbox 1574 3658 1679 3698; x_wconf 90' lang='lat' dir='ltr'>nec</span> <span class='ocrx_word' id='word_1_539' title='bbox 1711 3643 1990 3712; x_wconf 83' lang='lat' dir='ltr'>temporis</span> <span class='ocrx_word' id='word_1_540' title='bbox 2019 3657 2125 3698; x_wconf 86' lang='lat' dir='ltr'>nec</span> <span class='ocrx_word' id='word_1_541' title='bbox 2153 3641 2264 3698; x_wconf 91' lang='lat' dir='ltr'>loci</span> <span class='ocrx_word' id='word_1_542' title='bbox 2293 3643 2464 3713; x_wconf 83' lang='lat' dir='ltr'>hujus</span> <span class='ocrx_word' id='word_1_543' title='bbox 2495 3659 2624 3698; x_wconf 88' lang='lat' dir='ltr'>esse</span> <span class='ocrx_word' id='word_1_544' title='bbox 2673 3644 3000 3698; x_wconf 84' lang='lat' dir='ltr'>videantur.</span> <span class='ocrx_word' id='word_1_545' title='bbox 3052 3643 3239 3706; x_wconf 86' lang='lat' dir='ltr'>Quare</span> <span class='ocrx_word' id='word_1_546' title='bbox 3287 3641 3519 3698; x_wconf 88' lang='lat' dir='ltr'>veniam</span> <span class='ocrx_word' id='word_1_547' title='bbox 3575 3645 3730 3712; x_wconf 89' lang='lat' dir='ltr'>peto,</span> <span class='ocrx_word' id='word_1_548' title='bbox 3781 3639 3834 3696; x_wconf 92' lang='lat' dir='ltr'>si</span> 
     </span>
    </p>
   </div>
   <div class='ocr_carea' id='block_1_39' title="bbox 419 3729 3825 3804">
    <p class='ocr_par' dir='ltr' id='par_1_39' title="bbox 419 3729 3825 3804">
     <span class='ocr_line' id='line_1_39' title="bbox 419 3729 3825 3804; baseline -0.001 -18"><span class='ocrx_word' id='word_1_549' title='bbox 419 3748 534 3802; x_wconf 89' lang='lat' dir='ltr'>qua</span> <span class='ocrx_word' id='word_1_550' title='bbox 566 3730 760 3786; x_wconf 91' lang='lat' dir='ltr'>minus</span> <span class='ocrx_word' id='word_1_551' title='bbox 793 3731 861 3786; x_wconf 91' lang='lat' dir='ltr'>ad</span> <span class='ocrx_word' id='word_1_552' title='bbox 896 3729 1232 3788; x_wconf 87' lang='lat' dir='ltr'>institutum</span> <span class='ocrx_word' id='word_1_553' title='bbox 1266 3733 1618 3804; x_wconf 89' lang='lat' dir='ltr'>pertinentia</span> <span class='ocrx_word' id='word_1_554' title='bbox 1649 3733 1933 3790; x_wconf 90' lang='lat' dir='ltr'>inculcavi</span> <span class='ocrx_word' id='word_1_555' title='bbox 1963 3749 1976 3800; x_wconf 90' lang='lat'><strong>;</strong></span> <span class='ocrx_word' id='word_1_556' title='bbox 2009 3740 2064 3787; x_wconf 89' lang='lat' dir='ltr'>et</span> <span class='ocrx_word' id='word_1_557' title='bbox 2095 3732 2337 3788; x_wconf 89' lang='lat' dir='ltr'>debetur</span> <span class='ocrx_word' id='word_1_558' title='bbox 2366 3733 2486 3788; x_wconf 60' lang='lat' dir='ltr'>haec</span> <span class='ocrx_word' id='word_1_559' title='bbox 2521 3732 2900 3804; x_wconf 76' lang='lat' dir='ltr'>philosOphiaa</span> <span class='ocrx_word' id='word_1_560' title='bbox 2929 3731 3183 3799; x_wconf 90' lang='lat' dir='ltr'>libertas,</span> <span class='ocrx_word' id='word_1_561' title='bbox 3234 3747 3361 3804; x_wconf 61' lang='lat' dir='ltr'>qua;</span> <span class='ocrx_word' id='word_1_562' title='bbox 3399 3730 3533 3802; x_wconf 89' lang='lat' dir='ltr'>quia</span> <span class='ocrx_word' id='word_1_563' title='bbox 3563 3731 3682 3785; x_wconf 81' lang='lat' dir='ltr'>iere</span> <span class='ocrx_word' id='word_1_564' title='bbox 3712 3745 3825 3784; x_wconf 73' lang='grc' dir='ltr'>ρω-</span> 
     </span>
    </p>
   </div>
   <div class='ocr_carea' id='block_1_40' title="bbox 417 3817 3822 3893">
    <p class='ocr_par' dir='ltr' id='par_1_40' title="bbox 417 3817 3822 3893">
     <span class='ocr_line' id='line_1_40' title="bbox 417 3817 3822 3893; baseline -0.001 -16"><span class='ocrx_word' id='word_1_565' title='bbox 417 3821 558 3877; x_wconf 88' lang='lat' dir='ltr'>teris</span> <span class='ocrx_word' id='word_1_566' title='bbox 600 3830 967 3876; x_wconf 85' lang='lat' dir='ltr'>externarum</span> <span class='ocrx_word' id='word_1_567' title='bbox 1005 3837 1200 3876; x_wconf 85' lang='lat' dir='ltr'>rerum</span> <span class='ocrx_word' id='word_1_568' title='bbox 1232 3823 1743 3878; x_wconf 86' lang='lat' dir='ltr'>csmmoditatibus</span> <span class='ocrx_word' id='word_1_569' title='bbox 1784 3831 1838 3879; x_wconf 92' lang='lat' dir='ltr'>et</span> <span class='ocrx_word' id='word_1_570' title='bbox 1868 3823 2230 3878; x_wconf 88' lang='lat' dir='ltr'>ornamentis</span> <span class='ocrx_word' id='word_1_571' title='bbox 2259 3827 2436 3892; x_wconf 87' lang='lat' dir='ltr'>caret,</span> <span class='ocrx_word' id='word_1_572' title='bbox 2472 3822 2674 3877; x_wconf 87' lang='lat' dir='ltr'>saltem</span> <span class='ocrx_word' id='word_1_573' title='bbox 2705 3821 3072 3893; x_wconf 87' lang='lat' dir='ltr'>cogitationis</span> <span class='ocrx_word' id='word_1_574' title='bbox 3101 3825 3277 3892; x_wconf 85' lang='lat' dir='ltr'>atque</span> <span class='ocrx_word' id='word_1_575' title='bbox 3307 3819 3583 3876; x_wconf 85' lang='lat' dir='ltr'>orationis</span> <span class='ocrx_word' id='word_1_576' title='bbox 3619 3817 3822 3873; x_wconf 88' lang='lat' dir='ltr'>vincu-</span> 
     </span>
    </p>
   </div>
   <div class='ocr_carea' id='block_1_41' title="bbox 421 3907 3828 3982">
    <p class='ocr_par' dir='ltr' id='par_1_41' title="bbox 421 3907 3828 3982">
     <span class='ocr_line' id='line_1_41' title="bbox 421 3907 3828 3982; baseline -0.001 -17"><span class='ocrx_word' id='word_1_577' title='bbox 421 3911 490 3965; x_wconf 90' lang='lat' dir='ltr'>lis</span> <span class='ocrx_word' id='word_1_578' title='bbox 521 3909 832 3966; x_wconf 78' lang='lat' dir='ltr'>laxioribus</span> <span class='ocrx_word' id='word_1_579' title='bbox 863 3911 1227 3982; x_wconf 87' lang='lat' dir='ltr'>astringitur.</span> <span class='ocrx_word' id='word_1_580' title='bbox 1262 3911 1386 3975; x_wconf 92' lang='lat' dir='ltr'>Quo</span> <span class='ocrx_word' id='word_1_581' title='bbox 1419 3913 1652 3968; x_wconf 90' lang='lat' dir='ltr'>nomine</span> <span class='ocrx_word' id='word_1_582' title='bbox 1682 3911 1946 3967; x_wconf 88' lang='lat' dir='ltr'>Socrates</span> <span class='ocrx_word' id='word_1_583' title='bbox 1975 3927 2036 3966; x_wconf 90' lang='lat' dir='ltr'>se</span> <span class='ocrx_word' id='word_1_584' title='bbox 2069 3911 2304 3966; x_wconf 88' lang='lat' dir='ltr'>meliore</span> <span class='ocrx_word' id='word_1_585' title='bbox 2335 3911 2664 3965; x_wconf 89' lang='lat' dir='ltr'>conditione</span> <span class='ocrx_word' id='word_1_586' title='bbox 2694 3927 2822 3966; x_wconf 88' lang='lat' dir='ltr'>esse</span> <span class='ocrx_word' id='word_1_587' title='bbox 2853 3927 3032 3980; x_wconf 90' lang='lat' dir='ltr'>quam</span> <span class='ocrx_word' id='word_1_588' title='bbox 3078 3917 3359 3974; x_wconf 88' lang='lat' dir='ltr'>oratores,</span> <span class='ocrx_word' id='word_1_589' title='bbox 3411 3907 3506 3978; x_wconf 93' lang='lat' dir='ltr'>qui</span> <span class='ocrx_word' id='word_1_590' title='bbox 3557 3907 3627 3962; x_wconf 88' lang='lat' dir='ltr'>ad</span> <span class='ocrx_word' id='word_1_591' title='bbox 3667 3907 3828 3961; x_wconf 87' lang='lat' dir='ltr'>laudi</span> 
     </span>
    </p>
   </div>
   <div class='ocr_carea' id='block_1_42' title="bbox 423 3996 3827 4072">
    <p class='ocr_par' dir='ltr' id='par_1_42' title="bbox 423 3996 3827 4072">
     <span class='ocr_line' id='line_1_42' title="bbox 423 3996 3827 4072; baseline -0.001 -18"><span class='ocrx_word' id='word_1_592' title='bbox 423 4016 540 4054; x_wconf 90' lang='lat' dir='ltr'>non</span> <span class='ocrx_word' id='word_1_593' title='bbox 571 4002 739 4068; x_wconf 91' lang='lat' dir='ltr'>duco,</span> <span class='ocrx_word' id='word_1_594' title='bbox 773 4005 836 4054; x_wconf 95' lang='lat' dir='ltr'>ut</span> <span class='ocrx_word' id='word_1_595' title='bbox 865 4001 915 4054; x_wconf 88' lang='lat' dir='ltr'>si</span> <span class='ocrx_word' id='word_1_596' title='bbox 947 4017 1057 4071; x_wconf 86' lang='lat' dir='ltr'>qua</span> <span class='ocrx_word' id='word_1_597' title='bbox 1087 4001 1260 4072; x_wconf 87' lang='lat' dir='ltr'>culpa</span> <span class='ocrx_word' id='word_1_598' title='bbox 1290 4003 1373 4056; x_wconf 88' lang='lat' dir='ltr'>vel</span> <span class='ocrx_word' id='word_1_599' title='bbox 1409 4001 1517 4057; x_wconf 90' lang='lat' dir='ltr'>hac</span> <span class='ocrx_word' id='word_1_600' title='bbox 1545 4001 2089 4057; x_wconf 88' lang='lat' dir='ltr'>commemoratione</span> <span class='ocrx_word' id='word_1_601' title='bbox 2118 4000 2206 4055; x_wconf 91' lang='lat' dir='ltr'>vel</span> <span class='ocrx_word' id='word_1_602' title='bbox 2245 3999 2642 4054; x_wconf 85' lang='lat' dir='ltr'>conversionis</span> <span class='ocrx_word' id='word_1_603' title='bbox 2685 3999 3222 4070; x_wconf 87' lang='lat' dir='ltr'>procrastinatione,</span> <span class='ocrx_word' id='word_1_604' title='bbox 3281 3997 3541 4068; x_wconf 90' lang='lat' dir='ltr'>longiore</span> <span class='ocrx_word' id='word_1_605' title='bbox 3588 3996 3827 4068; x_wconf 89' lang='lat' dir='ltr'>quidem</span> 
     </span>
    </p>
   </div>
   <div class='ocr_carea' id='block_1_43' title="bbox 423 4087 3831 4162">
    <p class='ocr_par' dir='ltr' id='par_1_43' title="bbox 423 4087 3831 4162">
     <span class='ocr_line' id='line_1_43' title="bbox 423 4087 3831 4162; baseline -0.001 -18"><span class='ocrx_word' id='word_1_606' title='bbox 423 4105 600 4159; x_wconf 89' lang='lat' dir='ltr'>quam</span> <span class='ocrx_word' id='word_1_607' title='bbox 631 4091 752 4159; x_wconf 92' lang='lat' dir='ltr'>ipse</span> <span class='ocrx_word' id='word_1_608' title='bbox 783 4097 1066 4157; x_wconf 89' lang='lat' dir='ltr'>putaram,</span> <span class='ocrx_word' id='word_1_609' title='bbox 1101 4091 1412 4145; x_wconf 90' lang='lat' dir='ltr'>commissa</span> <span class='ocrx_word' id='word_1_610' title='bbox 1442 4099 1547 4158; x_wconf 88' lang='lat' dir='ltr'>est,</span> <span class='ocrx_word' id='word_1_611' title='bbox 1579 4093 1704 4162; x_wconf 86' lang='lat' dir='ltr'>ejus</span> <span class='ocrx_word' id='word_1_612' title='bbox 1739 4090 1877 4144; x_wconf 89' lang='lat' dir='ltr'>mihi</span> <span class='ocrx_word' id='word_1_613' title='bbox 1917 4091 2162 4161; x_wconf 88' lang='lat' dir='ltr'>gratiam</span> <span class='ocrx_word' id='word_1_614' title='bbox 2199 4089 2322 4143; x_wconf 83' lang='lat' dir='ltr'>ﬁeri</span> <span class='ocrx_word' id='word_1_615' title='bbox 2355 4089 2586 4159; x_wconf 89' lang='lat' dir='ltr'>cupiam</span> <span class='ocrx_word' id='word_1_616' title='bbox 2614 4106 2627 4156; x_wconf 93' lang='lat'><strong>;</strong></span> <span class='ocrx_word' id='word_1_617' title='bbox 2665 4089 2986 4161; x_wconf 67' lang='lat' dir='ltr'>praesertim</span> <span class='ocrx_word' id='word_1_618' title='bbox 3018 4105 3149 4143; x_wconf 91' lang='lat' dir='ltr'>eum</span> <span class='ocrx_word' id='word_1_619' title='bbox 3177 4087 3370 4159; x_wconf 82' lang='lat' dir='ltr'>exigui</span> <span class='ocrx_word' id='word_1_620' title='bbox 3395 4087 3671 4156; x_wconf 82' lang='lat' dir='ltr'>temporis</span> <span class='ocrx_word' id='word_1_621' title='bbox 3697 4103 3831 4140; x_wconf 90' lang='lat' dir='ltr'>mo-</span> 
     </span>
    </p>
   </div>
   <div class='ocr_carea' id='block_1_44' title="bbox 427 4175 3832 4248">
    <p class='ocr_par' dir='ltr' id='par_1_44' title="bbox 427 4175 3832 4248">
     <span class='ocr_line' id='line_1_44' title="bbox 427 4175 3832 4248; baseline -0.001 -17"><span class='ocrx_word' id='word_1_622' title='bbox 427 4193 510 4242; x_wconf 89' lang='lat' dir='ltr'>ra,</span> <span class='ocrx_word' id='word_1_623' title='bbox 545 4177 732 4231; x_wconf 86' lang='lat' dir='ltr'>omnis</span> <span class='ocrx_word' id='word_1_624' title='bbox 761 4191 968 4246; x_wconf 89' lang='lat' dir='ltr'>expers</span> <span class='ocrx_word' id='word_1_625' title='bbox 999 4179 1372 4244; x_wconf 88' lang='lat' dir='ltr'>incommodi,</span> <span class='ocrx_word' id='word_1_626' title='bbox 1399 4197 1512 4235; x_wconf 90' lang='lat' dir='ltr'>non</span> <span class='ocrx_word' id='word_1_627' title='bbox 1548 4181 1930 4235; x_wconf 82' lang='lat' dir='ltr'>cessationem</span> <span class='ocrx_word' id='word_1_628' title='bbox 1967 4179 2064 4232; x_wconf 90' lang='lat' dir='ltr'>sed</span> <span class='ocrx_word' id='word_1_629' title='bbox 2099 4177 2271 4232; x_wconf 86' lang='lat' dir='ltr'>fidem</span> <span class='ocrx_word' id='word_1_630' title='bbox 2321 4183 2377 4231; x_wconf 89' lang='lat' dir='ltr'>et</span> <span class='ocrx_word' id='word_1_631' title='bbox 2421 4177 2779 4248; x_wconf 86' lang='lat' dir='ltr'>diligentiam</span> <span class='ocrx_word' id='word_1_632' title='bbox 2839 4193 3026 4233; x_wconf 89' lang='lat' dir='ltr'>meam</span> <span class='ocrx_word' id='word_1_633' title='bbox 3073 4181 3312 4248; x_wconf 88' lang='lat' dir='ltr'>arguat;</span> <span class='ocrx_word' id='word_1_634' title='bbox 3366 4193 3492 4248; x_wconf 80' lang='lat' dir='ltr'>quae</span> <span class='ocrx_word' id='word_1_635' title='bbox 3535 4175 3648 4230; x_wconf 86' lang='lat' dir='ltr'>nisi</span> <span class='ocrx_word' id='word_1_636' title='bbox 3683 4175 3832 4229; x_wconf 91' lang='lat' dir='ltr'>mihi</span> 
     </span>
    </p>
   </div>
   <div class='ocr_carea' id='block_1_45' title="bbox 422 4265 3832 4339">
    <p class='ocr_par' dir='ltr' id='par_1_45' title="bbox 422 4265 3832 4339">
     <span class='ocr_line' id='line_1_45' title="bbox 422 4265 3832 4339; baseline -0.001 -19"><span class='ocrx_word' id='word_1_637' title='bbox 422 4266 538 4320; x_wconf 91' lang='lat' dir='ltr'>otio</span> <span class='ocrx_word' id='word_1_638' title='bbox 569 4269 625 4320; x_wconf 89' lang='lat' dir='ltr'>et</span> <span class='ocrx_word' id='word_1_639' title='bbox 655 4266 976 4319; x_wconf 90' lang='lat' dir='ltr'>commodis</span> <span class='ocrx_word' id='word_1_640' title='bbox 1009 4268 1152 4320; x_wconf 91' lang='lat' dir='ltr'>meis</span> <span class='ocrx_word' id='word_1_641' title='bbox 1184 4269 1479 4339; x_wconf 87' lang='lat' dir='ltr'>antiquior</span> <span class='ocrx_word' id='word_1_642' title='bbox 1503 4269 1732 4335; x_wconf 88' lang='lat' dir='ltr'>fuisset,</span> <span class='ocrx_word' id='word_1_643' title='bbox 1766 4269 1872 4324; x_wconf 88' lang='lat' dir='ltr'>hoc</span> <span class='ocrx_word' id='word_1_644' title='bbox 1902 4267 2098 4322; x_wconf 87' lang='lat' dir='ltr'>labore</span> <span class='ocrx_word' id='word_1_645' title='bbox 2130 4266 2312 4321; x_wconf 90' lang='lat' dir='ltr'>multo</span> <span class='ocrx_word' id='word_1_646' title='bbox 2344 4267 2518 4323; x_wconf 90' lang='lat' dir='ltr'>citius</span> <span class='ocrx_word' id='word_1_647' title='bbox 2555 4267 2790 4336; x_wconf 79' lang='lat' dir='ltr'>defungi</span> <span class='ocrx_word' id='word_1_648' title='bbox 2827 4267 3164 4335; x_wconf 87' lang='lat' dir='ltr'>potuissem.</span> <span class='ocrx_word' id='word_1_649' title='bbox 3207 4267 3318 4320; x_wconf 90' lang='lat' dir='ltr'>Sed</span> <span class='ocrx_word' id='word_1_650' title='bbox 3366 4270 3457 4319; x_wconf 90' lang='lat' dir='ltr'>sat</span> <span class='ocrx_word' id='word_1_651' title='bbox 3488 4269 3631 4331; x_wconf 86' lang='lat' dir='ltr'>sato,</span> <span class='ocrx_word' id='word_1_652' title='bbox 3665 4265 3710 4318; x_wconf 90' lang='lat' dir='ltr'>si</span> <span class='ocrx_word' id='word_1_653' title='bbox 3743 4267 3832 4318; x_wconf 85' lang='lat' dir='ltr'>sat</span> 
     </span>
    </p>
   </div>
   <div class='ocr_carea' id='block_1_46' title="bbox 421 4353 3834 4426">
    <p class='ocr_par' dir='ltr' id='par_1_46' title="bbox 421 4353 3834 4426">
     <span class='ocr_line' id='line_1_46' title="bbox 421 4353 3834 4426; baseline -0.001 -18"><span class='ocrx_word' id='word_1_654' title='bbox 421 4355 589 4422; x_wconf 87' lang='lat' dir='ltr'>bene,</span> <span class='ocrx_word' id='word_1_655' title='bbox 623 4362 680 4408; x_wconf 88' lang='lat' dir='ltr'>ut</span> <span class='ocrx_word' id='word_1_656' title='bbox 716 4353 947 4408; x_wconf 90' lang='lat' dir='ltr'>dicitur.</span> <span class='ocrx_word' id='word_1_657' title='bbox 983 4355 1140 4418; x_wconf 89' lang='lat' dir='ltr'>Quod</span> <span class='ocrx_word' id='word_1_658' title='bbox 1173 4356 1366 4426; x_wconf 89' lang='lat' dir='ltr'>ipsum</span> <span class='ocrx_word' id='word_1_659' title='bbox 1400 4360 1568 4412; x_wconf 87' lang='lat' dir='ltr'>etiam</span> <span class='ocrx_word' id='word_1_660' title='bbox 1599 4359 1799 4412; x_wconf 87' lang='lat' dir='ltr'>sedulo</span> <span class='ocrx_word' id='word_1_661' title='bbox 1823 4373 1912 4412; x_wconf 91' lang='lat' dir='ltr'>me</span> <span class='ocrx_word' id='word_1_662' title='bbox 1939 4363 2212 4412; x_wconf 89' lang='lat' dir='ltr'>conatum</span> <span class='ocrx_word' id='word_1_663' title='bbox 2247 4372 2376 4412; x_wconf 89' lang='lat' dir='ltr'>esse</span> <span class='ocrx_word' id='word_1_664' title='bbox 2406 4373 2534 4410; x_wconf 93' lang='lat' dir='ltr'>cum</span> <span class='ocrx_word' id='word_1_665' title='bbox 2569 4373 2688 4411; x_wconf 86' lang='lat' dir='ltr'>rem</span> <span class='ocrx_word' id='word_1_666' title='bbox 2719 4357 2905 4426; x_wconf 89' lang='lat' dir='ltr'>ipsam</span> <span class='ocrx_word' id='word_1_667' title='bbox 2937 4361 3278 4410; x_wconf 87' lang='lat' dir='ltr'>testaturam</span> <span class='ocrx_word' id='word_1_668' title='bbox 3323 4355 3640 4422; x_wconf 82' lang='lat' dir='ltr'>conﬁdam,</span> <span class='ocrx_word' id='word_1_669' title='bbox 3678 4353 3834 4407; x_wconf 89' lang='lat' dir='ltr'>nihil</span> 
     </span>
    </p>
   </div>
   <div class='ocr_carea' id='block_1_47' title="bbox 420 4445 3832 4520">
    <p class='ocr_par' dir='ltr' id='par_1_47' title="bbox 420 4445 3832 4520">
     <span class='ocr_line' id='line_1_47' title="bbox 420 4445 3832 4520; baseline -0.001 -20"><span class='ocrx_word' id='word_1_670' title='bbox 420 4445 490 4502; x_wconf 90' lang='lat' dir='ltr'>de</span> <span class='ocrx_word' id='word_1_671' title='bbox 531 4462 622 4503; x_wconf 84' lang='lat' dir='ltr'>me</span> <span class='ocrx_word' id='word_1_672' title='bbox 651 4447 774 4518; x_wconf 90' lang='lat' dir='ltr'>ipso</span> <span class='ocrx_word' id='word_1_673' title='bbox 802 4447 1038 4517; x_wconf 88' lang='lat' dir='ltr'>addam,</span> <span class='ocrx_word' id='word_1_674' title='bbox 1073 4447 1223 4516; x_wconf 90' lang='lat' dir='ltr'>quod</span> <span class='ocrx_word' id='word_1_675' title='bbox 1256 4449 1523 4519; x_wconf 88' lang='lat' dir='ltr'>quamvis</span> <span class='ocrx_word' id='word_1_676' title='bbox 1545 4449 1800 4520; x_wconf 89' lang='lat' dir='ltr'>amplius</span> <span class='ocrx_word' id='word_1_677' title='bbox 1831 4448 2048 4519; x_wconf 89' lang='lat' dir='ltr'>aliquid</span> <span class='ocrx_word' id='word_1_678' title='bbox 2081 4447 2505 4518; x_wconf 84' lang='lat' dir='ltr'>praestitissem,</span> <span class='ocrx_word' id='word_1_679' title='bbox 2541 4453 2736 4503; x_wconf 87' lang='lat' dir='ltr'>tamen</span> <span class='ocrx_word' id='word_1_680' title='bbox 2767 4447 3130 4502; x_wconf 82' lang='lat' dir='ltr'>liberalitatis</span> <span class='ocrx_word' id='word_1_681' title='bbox 3162 4462 3300 4517; x_wconf 89' lang='lat' dir='ltr'>erga</span> <span class='ocrx_word' id='word_1_682' title='bbox 3333 4461 3425 4500; x_wconf 90' lang='lat' dir='ltr'>me</span> <span class='ocrx_word' id='word_1_683' title='bbox 3457 4453 3566 4500; x_wconf 74' lang='lat' dir='ltr'>tuae</span> <span class='ocrx_word' id='word_1_684' title='bbox 3599 4452 3651 4499; x_wconf 91' lang='lat' dir='ltr'>et</span> <span class='ocrx_word' id='word_1_685' title='bbox 3694 4460 3832 4515; x_wconf 84' lang='lat' dir='ltr'>erga</span> 
     </span>
    </p>
   </div>
   <div class='ocr_carea' id='block_1_48' title="bbox 419 4535 3840 4610">
    <p class='ocr_par' dir='ltr' id='par_1_48' title="bbox 419 4535 3840 4610">
     <span class='ocr_line' id='line_1_48' title="bbox 419 4535 3840 4610; baseline -0.001 -19"><span class='ocrx_word' id='word_1_686' title='bbox 419 4537 720 4593; x_wconf 85' lang='lat' dir='ltr'>studiosos</span> <span class='ocrx_word' id='word_1_687' title='bbox 751 4537 1040 4605; x_wconf 85' lang='lat' dir='ltr'>homines,</span> <span class='ocrx_word' id='word_1_688' title='bbox 1075 4553 1325 4607; x_wconf 89' lang='lat' dir='ltr'>quorum</span> <span class='ocrx_word' id='word_1_689' title='bbox 1355 4538 1677 4592; x_wconf 89' lang='lat' dir='ltr'>commodis</span> <span class='ocrx_word' id='word_1_690' title='bbox 1709 4543 1807 4592; x_wconf 91' lang='lat' dir='ltr'>tuo</span> <span class='ocrx_word' id='word_1_691' title='bbox 1839 4545 2070 4610; x_wconf 89' lang='lat' dir='ltr'>sumptu</span> <span class='ocrx_word' id='word_1_692' title='bbox 2102 4537 2375 4606; x_wconf 80' lang='lat' dir='ltr'>consulis,</span> <span class='ocrx_word' id='word_1_693' title='bbox 2410 4543 2629 4608; x_wconf 86' lang='lat' dir='ltr'>partem</span> <span class='ocrx_word' id='word_1_694' title='bbox 2661 4537 2752 4592; x_wconf 85' lang='lat' dir='ltr'>vix</span> <span class='ocrx_word' id='word_1_695' title='bbox 2781 4539 3048 4607; x_wconf 84' lang='lat' dir='ltr'>exiguam</span> <span class='ocrx_word' id='word_1_696' title='bbox 3098 4536 3323 4592; x_wconf 85' lang='lat' dir='ltr'>viderer</span> <span class='ocrx_word' id='word_1_697' title='bbox 3363 4543 3685 4590; x_wconf 84' lang='lat' dir='ltr'>assecutus.</span> <span class='ocrx_word' id='word_1_698' title='bbox 3727 4535 3840 4588; x_wconf 91' lang='lat' dir='ltr'>Au-</span> 
     </span>
    </p>
   </div>
   <div class='ocr_carea' id='block_1_49' title="bbox 419 4625 1990 4698">
    <p class='ocr_par' dir='ltr' id='par_1_49' title="bbox 419 4625 1990 4698">
     <span class='ocr_line' id='line_1_49' title="bbox 419 4625 1990 4698; baseline 0.003 -18"><span class='ocrx_word' id='word_1_699' title='bbox 419 4629 601 4697; x_wconf 77' lang='lat' dir='ltr'>gustas</span> <span class='ocrx_word' id='word_1_700' title='bbox 631 4626 1078 4696; x_wconf 82' lang='lat' dir='ltr'>Vindelicorum,</span> <span class='ocrx_word' id='word_1_701' title='bbox 1109 4642 1164 4682; x_wconf 78' lang='lat' dir='ltr'>v1</span> <span class='ocrx_word' id='word_1_702' title='bbox 1195 4625 1278 4682; x_wconf 94' lang='lat' dir='ltr'>Id.</span> <span class='ocrx_word' id='word_1_703' title='bbox 1311 4625 1494 4698; x_wconf 87' lang='lat' dir='ltr'>April.</span> <span class='ocrx_word' id='word_1_704' title='bbox 1530 4641 1684 4682; x_wconf 90' lang='lat' dir='ltr'>anno</span> <span class='ocrx_word' id='word_1_705' title='bbox 1715 4627 1990 4684; x_wconf 76' lang='lat' dir='ltr'>MDLVII.</span> 
     </span>
    </p>
   </div>
  </div>
