4184 6290
391 304 510 364 313
1651 303 1998 365 FABRONI
2042 306 2043 310 “

2152 302 2561 364 EVIARIUM.
3687 307 3804 371 31-1

399 442 619 496 animus
651 439 747 510 (6).
784 437 986 506 Aaron,
1009 437 1584 511 _Sclcrus,_Sicydites,
1619 440 1864 511 insignes
1892 439 2208 506 nebulones,
2243 439 2310 492 ob
2341 440 2614 508 magiam,
2645 436 2956 509 perﬁdiam,
2990 445 3043 493 et
3070 437 3387 511 calumnias
3417 444 3722 503 cxcwwli;
3757 452 3809 498 et

401 508 815 639 Aartqnipqqstea
842 508 1046 565 lsaacii
1062 511 1228 582 jussu
1257 508 1461 580 lingua
1491 508 1987 569 exsecta.'Manuel
2017 527 2141 567 cum
2172 527 2370 582 magna
2400 508 2653 566 omnium
2680 513 2867 579 gratia
2890 514 2942 565 et
2971 510 3135 566 laude
3168 526 3309 566 nova
3352 518 3542 567 castra
3578 515 3636 566 in
3665 515 3805 570 Asia

404 601 503 639 con
545 589 588 638 it
700 623 712 634 .

404 589 588 642 condit
615 589 712 642 (7).

615 583 945 708 (3).-Manuel
982 668 1053 707 ex
1093 653 1312 708 duabus
1341 653 1540 708 statuis
1569 654 1755 711 altera
1793 663 1976 710 erecta
2004 654 2177 709 altera
2197 653 2386 723 eiecta,
2421 651 2567 708 bello
2600 651 2851 722 Hungari
2890 653 3269 708 Andronicum
3303 652 3806 724 Contostephanum

395 729 644 798 praeﬁcit,
672 731 724 779 et
755 725 997 798 victoriae
1028 739 1189 798 omen
1215 724 1281 780 de
1305 725 2019 798 Hungarilapsurarripit.
2040 727 2320 780 Pannonii
2363 741 2422 798 se
2467 726 2546 780 ad
2589 725 2793 798 bellum
2828 723 3135 798 caccingunt
3187 727 3202 795 (
3214 727 3285 795 1).
3324 723 3677 781 Andronicus
3704 743 3800 782 ne-

388 795 562 869 glecta
593 795 862 869 Manuelis
891 795 1286 869 superstitione
1307 795 1660 869 astrologica‘
1692 795 1915 853 milites
1945 797 2022 852 ad
2074 813 2324 868 pugnam
2371 795 2625 850 hortatur
2669 796 2768 868 (2).
2803 795 3118 869 Utriusque
3161 799 3436 851 exercitus
3487 799 3795 868 dispositio.

387 867 578 939 Pugna
610 877 629 922 .‘
661 867 893 922 victoria
920 883 1086 939 penes
1117 867 1508 934 Andronicum,
1539 869 1636 939 qui
1662 874 1816 938 fama
1847 867 2079 923 territus
2103 870 2299 923 Istrum
2327 869 2554 932 traiicit.
2593 868 2813 924 Manuel
2843 873 3033 922 autem
3063 868 3129 921 de
3166 869 3476 924 Pannoniis
3521 867 3799 939 superatis

386 940 691 1012 triumphat
721 939 820 1012 (3).
855 939 1055 1012 contra
1085 940 1298 1012 Servios
1330 939 1594 995 Manuetis
1623 939 1898 1011 expeditio
1930 958 1949 1012 ς(
1979 942 2111 994 item
2147 948 2336 994 contra
2366 940 2672 1012 ﬁgyptios,
2694 940 2956 1012 _Amerigo
2991 941 3499 1012 Hierosolymorum
3529 957 3654 1009 rege
3683 959 3794 997 au-

383 1011 531 1068 xilia
558 1009 861 1084 pollicente
892 1010 988 1084 (4).
1021 1010 1311 1084 Amerigus
1340 1013 1537 1082 pedem
1568 1009 1734 1084 refert
1757 1011 2197 1084 {nihilominus
2224 1017 2411 1064 tamen
2462 1009 2814 1065 ’Iamiathum
2863 1010 3067 1065 obsidet
3115 1009 3477 1084 Andronicus,
3528 1019 3582 1067 et
3620 1016 3796 1068 variis

384 1081 571 1139 modis
596 1088 875 1152 oppugnat
906 1081 1004 1154 (5).
1031 1083 1248 1136 Fraude
1277 1081 1883 1151 AmerigiAndronicus
1918 1081 2199 1136 Tamiathi
2245 1084 2653 1154 expugnatione
2695 1085 3015 1154 frustratus,
3067 1084 3275 1154 milites
3314 1083 3384 1137 ad
3429 1086 3788 1154 oppugnatio-

384 1172 511 1211 nem
541 1151 1032 1226 redintegrandum
1060 1154 1317 1226 hortatur
1341 1155 1437 1225 (6).
1472 1157 1700 1209 Tentata
1729 1155 2063 1226 expugnatio
2091 1155 2342 1226 Amerigi
2367 1152 2506 1207 dolis
2538 1155 2706 1226 irrita
2736 1153 3003 1226 redditur,
3053 1151 3333 1226 etWerci
3376 1151 3660 1212 Tamiatho
3691 1157 3784 1211 do-

384 1243 538 1282 mum
569 1225 860 1280 redeuntes
887 1227 1190 1295 naufragio
1216 1225 1337 1294 fere
1359 1241 1542 1281 omnes
1572 1224 1822 1296 pereunt.
1855 1225 2157 1280 Sarraceni
2183 1240 2369 1295 pacem
2401 1240 2526 1278 cum
2555 1224 2799 1279 Manuele
2827 1225 3058 1292 ﬁrmant
3104 1225 3200 1295 (7).
3243 1225 3498 1282 Nascitur
3543 1228 3785 1283 Manueli

382 1300 532 1370 ﬁlius
559 1298 784 1370 Alexius
815 1298 1121 1370 imperator
1149 1297 1486 1370 designatus.
1516 1297 1787 1370 Manuelis
1807 1297 2318 1370 gener_Pannoniee
2347 1313 2574 1366 regnum
2606 1303 2856 1370 occupat,
2906 1306 2959 1352 et
3006 1296 3343 1352 marchionis
3381 1299 3791 1370 Montis/errati

383 1368 499 1441 filio
525 1369 763 1441 Mariam
797 1368 976 1438 ﬁliam
1005 1371 1098 1423 dat
1130 1384 1356 1423 uxorem
1380 1369 1474 1441 (8).
1507 1368 1776 1441 Manuelis
1804 1385 1931 1424 cum
1960 1368 2174 1441 Venetis
2203 1373 2615 1441 controversiae,
2647 1368 2848 1441 bellum
2875 1372 2925 1422 et
2951 1384 3068 1439 pax
3094 1371 3313 1441 sancila
3336 1370 3433 1440 (9).

457 1446 574 1495 LIB.
606 1439 703 1514 V1.
738 1439 1032 1514 Sultanum
1060 1441 1338 1514 Persicum
1376 1440 1594 1514 Μανιυεί
1624 1440 1844 1496 adoriri
1871 1439 2176 1514 constituit.
2212 1441 2466 1514 ρον-υἱιἘο
2497 1449 2549 1514 et
2578 1439 2774 1514 Subleo
2809 1439 3185 1514 instauratis:
3215 1457 3273 1495 se
3295 1439 3365 1495 ad
3400 1441 3603 1514 bellum
3633 1457 3791 1514 aper-

386 1517 436 1568 te
465 1513 704 1582 accingit
733 1512 832 1583 (1).
865 1511 1085 1567 Manuel
1113 1515 1298 1583 spreta
1335 1511 1551 1583 sultam'
1577 1528 1766 1583 pacem
1791 1514 2024 1582 petentis
2055 1512 2331 1583 legatione
2359 1511 2639 1580 superb'ix
2658 1526 2780 1566 suae
2808 1510 2901 1566 dat
2929 1527 3144 1581 pxnas,
3183 1515 3544 1568 temerarium
3573 1510 3680 1568 iter
3699 1516 3791 1569 in-

382 1599 619 1655 gressus,
652 1586 713 1638 in
743 1582 847 1655 quo
880 1583 1091 1650 insigni
1117 1582 1274 1637 clade
1303 1582 1696 1653 afﬁcitur(2).
1729 1583 2016 1655 Capitalia
2038 1582 2310 1655 Manuelis
2352 1583 2621 1655 pericula,
2677 1597 2803 1653 qum
2849 1599 2995 1655 aegre
3042 1587 3281 1650 superat,
3333 1585 3524 1640 multis
3561 1601 3790 1640 suorum

382 1653 642 1711 millibus
671 1663 726 1710 et
756 1654 1156 1726 illustrisszmis
1185 1655 1486 1726 quibusque
1514 1653 1763 1722 cognatis
1783 1653 2105 1710 desideratis
2137 1654 2230 1722 (3).
2265 1654 2427 1726 Nova?
2456 1653 2648 1726 caedes,
2679 1670 2750 1708 ex
2780 1653 2979 1724 quibus
3003 1655 3223 1724 elapsus
3263 1655 3480 1711 Manuel
3523 1665 3574 1712 et
3621 1657 3692 1712 ad
3721 1658 3792 1712 le-

380 1730 571 1798 giones
601 1727 875 1780 accedens
902 1725 1165 1798 conviciis
1196 1725 1572 1780 acerbissimis
1599 1728 1890 1798 pungitur,
1921 1742 2038 1797 qux
2068 1726 2302 1798 patienti
2328 1725 2549 1798 silentio
2569 1725 2882 1798 obruit“).
2941 1726 3365 1796 lgnavissimum
3413 1729 3693 1783 Manuelis
3723 1727 3789 1784 de

381 1796 720 1854 clandestina
749 1799 884 1867 fuga
913 1797 1204 1868 consilium
1239 1813 1272 1851 a
1293 1799 1546 1867 gregario
1578 1797 1756 1853 milite
1785 1796 2062 1863 arguitur.
2084 1797 2355 1868 sultanus
2382 1796 2526 1850 ultro
2558 1796 2797 1851 Manueli
2824 1812 3011 1868 pacem
3043 1798 3202 1868 oﬂert
3229 1817 3242 1865 ;
3288 1798 3429 1853 unde
3484 1799 3790 1854 Graecorum

381 1871 658 1926 exercitus
688 1868 856 1923 salus.
891 1869 1088 1923 Niceten
1117 1867 1184 1922 de
1207 1873 1418 1923 somnio
1449 1869 1726 1940 manuelis
1755 1874 1811 1924 et
1841 1867 2153 1935 Mauropuli
2181 1873 2314 1940 ante
2343 1868 2781 1940 infelicissimam
2811 1867 2971 1940 illam
2989 1885 3234 1937 pugnam
3256 1869 3509 1925 narratio
3536 1872 3632 1940 (5).
3651 1873 3790 1926 Pace

384 1941 600 1997 sancito
634 1941 842 1995 Graecos
872 1941 1058 1996 Persae
1083 1939 1457 2010 nihilominus
1486 1939 1775 2010 infestant.
1813 1939 2058 1997 Manueli
2085 1939 2490 1994 conditionibus
2507 1938 2662 2006 pacis
2691 1939 2840 1994 haud
2868 1940 3239 2008 satisfacienti
3278 1938 3547 1996 sultanus'
3583 1941 3787 1996 bellum

379 2016 552 2082 infert
584 2013 684 2084 (6).
712 2012 928 2084 Manuel
959 2028 1059 2084 per
1093 2009 1302 2084 legatos
1330 2011 1546 2084 sultani
1583 2013 1890 2084 exercitum
1917 2011 2110 2084 praeda
2140 2014 2395 2084 onustum
2428 2013 2593 2084 caedit
2641 2010 2810 2084 et_ad
2842 2012 3273 2084 internecionem
3320 2012 3464 2067 delet
3511 2013 3608 2083 (7).
3661 2014 3787 2068 Alia

379 2081 652 2227 Manu‘efg
680 2081 958 2154 expeditio
994 2082 1056 2137 in
1081 2083 1275 2138 Persas
1305 2098 1430 2137 cum
1459 2081 1675 2154 infelici
1702 2081 1930 2140 eventui
1976 2084 2144 2138 Turci
2188 2081 2572 2153 Claudiopolin
2625 2098 2659 2137 a
2703 2081 2952 2137 Manuele
3005 2090 3304 2154 protectam
3351 2081 3578 2154 frustra
3607 2099 3780 2155 oppu-

379 2173 526 2227 gnan
781 2225 820 2227 _
977 2224 1287 2227 _,_
1553 2225 1564 2227 μ
1931 2226 1936 2227 ί
2215 2225 2306 2227 -Α
2475 2223 2484 2227 Δ
2631 2224 2700 2227 __
3360 2224 3466 2227 γ’

416 2163 674 2210 nantlBL

379 2174 736 2282 “miti/'11.
770 2225 1036 2280 Manuelis
1066 2226 1129 2280 in
1157 2224 1501 2281 Fridericum
1533 2225 1806 2282 Caesarem
1827 2235 1878 2282 et
1909 2225 2258 2284 Occidentale
2285 2223 2581 2294 imperium
2609 2224 2812 2281 dolosae
2839 2233 3004 2279 artes.
3032 2228 3270 2280 Anconae
3315 2224 3522 2281 obsidio
3568 2228 3621 2280 et
3659 2240 3786 2295 pro-

380 2298 658 2371 pugnatio
701 2298 799 2367 (4).
823 2298 1027 2371 Nicetx
1055 2296 1122 2351 de
1153 2297 1426 2371 litanuelis
1456 2297 1685 2371 consilio
1706 2298 2007 2371 judicium.
2040 2297 2303 2371 Manuelis
2333 2297 2636 2371 rapacitas,
2665 2295 3010 2371 prcfusiones
3037 2302 3090 2371 et
3119 2296 3431 2371 inconsulta
3481 2299 3541 2351 in
3571 2295 3786 2365 ignotos

385 2367 758 2427 benevolentia
787 2393 802 2436 ;
832 2370 980 2423 unde
1001 2369 1256 2423 maxima
1285 2367 1368 2423 rei
1387 2367 1635 2440 publica:
1661 2367 1816 2424 labes
1841 2371 1938 2440 (2).
1962 2367 2230 2436 Ediﬂcia
2258 2371 2310 2422 et
2337 2369 2507 2440 luxus
2536 2367 2837 2440 Manuelis,
2872 2370 3164 2440 austeritas
3195 2371 3326 2423 item
3354 2367 3417 2422 in
3463 2373 3784 2436 monachos,

381 2458 513 2514 quos
541 2441 613 2514 ad
639 2441 962 2514 rigtdiorem
991 2441 1362 2514 institutisui
1387 2439 1784 2514 professionem
1813 2439 2026 2514 revocat
2056 2440 2151 2514 (3).
2201 2439 2546 2514 Negligentia
2599 2439 2840 2514 ejusdem
2894 2439 3041 2494 circa
3101 2441 3461 2514 disciplinam
3514 2440 3788 2514 militum,

383 2510 524 2585 quos
551 2512 729 2585 nimia
769 2511 995 2585 licentia
1023 2510 1558 2585 redditdeterrimos
1585 2512 1686 2584 (4).
1719 2513 1860 2567 Aula
1896 2516 1949 2568 et
1978 2511 2190 2585 militia
2209 2510 2543 2585 perturbatis
2563 2513 2821 2585 animum
2841 2513 3134 2585 curiosead
3150 2510 3490 2585 theologiam
3516 2511 3787 2585 applicat,

383 2581 447 2640 de
477 2583 768 2654 praecipuis
795 2583 1061 2638 doctrinae
1093 2582 1420 2638 Christianae
1449 2581 1702 2639 articulis
1730 2584 2030 2640 temerarie
2059 2583 2326 2654 definiens
2357 2583 2456 2654 (5).
2490 2584 2704 2637 Insanit
2731 2581 2928 2637 deinde
2943 2585 3095 2637 circa
3142 2581 3490 2654 Machametis
3539 2583 3790 2651 blasphe-

387 2652 556 2722 mias,
589 2652 724 2726 quas
753 2654 921 2711 doctis
960 2661 1012 2710 et
1039 2654 1155 2725 piis
1182 2655 1319 2709 viris
1343 2654 1718 2726 nequidquam
1746 2655 2181 2726 reclamantibus
2209 2653 2386 2709 edicto
2408 2652 2702 2723 confirmat
2731 2654 2823 2726 (6).
2851 2652 3238 2726 DeManuelis
3287 2655 3517 2726 interitu
3563 2668 3781 2723 prwsa-

386 2729 542 2854 g‘ium
572 2723 1151 2869 oélzservatumdsignani
1181 2727 1241 2781 in
1261 2723 1876 2797 monastico‘habilumb
1905 2725 2198 2798 astrologis
2221 2727 2592 2794 dementatus,
2624 2725 2880 2780 moritur.
2916 2725 3222 2790 Successor,
3271 2723 3497 2796 imperii
3545 2733 3779 2796 tempus,

386 2813 415 2853 e
462 2814 596 2869 sepu
642 2813 745 2853 ura
770 2813 886 2868 ejus
923 2813 1008 2854 em
1130 2837 1143 2854 .

384 2805 436 2854 et
462 2798 745 2870 sepultura
770 2798 1008 2868 ejusdem
1045 2799 1143 2869 (7).

1433 2924 1526 2980 DE
1563 2925 1815 2982 ALEXIO
1855 2925 2197 2983 COMNENO
2237 2922 2606 2983 MANUELIS
2649 2925 2712 2981 F.

445 3049 693 3106 Puerilis
719 3053 857 3108 atlas
888 3047 1094 3120 Alexii,
1123 3049 1396 3105 Manuelis
1425 3049 1532 3118 ﬁlii
1561 3058 1612 3106 et
1637 3053 1985 3116 successoris,
2015 3051 2333 3106 aulicorum
2361 3051 2492 3107 item
2529 3050 2585 3106 in
2617 3048 2940 3120 improbitas
2965 3049 3266 3120 imperium
3297 3046 3614 3120 ercorum
3655 3065 3784 3120 pes-

369 3121 596 3178 sumdat
625 3122 735 3193 (1).
774 3119 1119 3194 Andronicus
1151 3122 1476 3190 Comnenus,
1508 3123 1850 3193 sequentium
1884 3123 2290 3194 tragoediarum
2319 3139 2450 3194 pars
2481 3119 2751 3190 maxima,
2777 3139 2902 3176 cum
2944 3119 3192 3194 Manuele
3236 3119 3779 3194 reconciliatus

366 3209 535 3248 neum
568 3191 885 3262 ablegatur,
919 3193 1070 3265 utin
1100 3195 1210 3249 otio
1236 3198 1357 3264 post
1387 3191 1712 3265 longinquos
1741 3211 1955 3251 errores
1975 3191 2041 3250 se
2070 3191 2351 3251 recrearet
2376 3195 2471 3265 (2).
2504 3196 2567 3250 In
2595 3193 2892 3250 solitudine
2919 3210 3017 3250 sua
3048 3193 3389 3248 Andronicus
3435 3191 3658 3265 imperii
3687 3208 3778 3248 oc-

371 3265 626 3336 cupandi
655 3265 804 3338 cadit
834 3263 1075 3319 consilia
1107 3265 1204 3336 (5).
1236 3263 1435 3320 Maria
1465 3263 1784 3334 starzssa,
1816 3265 2001 3322 Alexii
2025 3266 2192 3338 pueri
2222 3263 2572 3335 imperatoris
2601 3282 2772 3322 soror.
2805 3265 2990 3321 Alexii
3016 3265 3394 3338 protosebasti,
3425 3264 3526 3334 qui
3556 3265 3616 3318 in
3648 3265 3781 3319 aula

372 3352 563 3392 rerum
588 3336 926 3410 potiebatur,
956 3339 1259 3410 potentiam
1284 3351 1434 3410 aegre
1460 3343 1648 3410 ferens
1675 3336 2120 3410 conjurationem
2145 3339 2254 3394 init
2285 3339 2385 3410 (4).
2417 3338 2660 3394 Consilio
2689 3353 2786 3394 suo
2817 3338 3096 3410 frustrata
3142 3337 3474 3410 seditionem
3516 3338 3779 3404 concitat,

375 3407 673 3478 Byzantini
702 3408 893 3480 populi
915 3412 1107 3477 favore
1136 3408 1325 3479 adjuta
1353 3407 1467 3479 (6').
1487 3407 1784 3480 Seditionis
1809 3427 1843 3465 a
1875 3413 2066 3466 Maria
2096 3407 2390 3466 concitate?
2417 3411 2628 3480 effecta.
2662 3407 3032 3464 Protosebasti
3061 3414 3286 3464 conatus
3317 3409 3507 3480 Pugua
3551 3412 3779 3462 cruenta

370 3480 448 3551 (6)
479 3481 664 3535 Maria:
697 3479 934 3535 maritus
964 3495 1088 3534 suos
1115 3480 1184 3534 ad
1210 3497 1458 3550 pugnam
1488 3479 1914 3537 instaurandam
1945 3483 2220 3546 hortatur,
2248 3490 2300 3538 et
2328 3479 2594 3550 impetum
2625 3480 2760 3548 facit
2799 3482 2856 3535 in
2887 3480 3243 3550 protosebasti
3271 3479 3499 3551 milites,
3528 3481 3778 3546 patriar-

371 3549 493 3626 chx
523 3551 793 3626 Theodori
823 3553 1150 3626 auctoritate
1206 3549 1318 3626 pax
1371 3553 1689 3626 restituitur
1741 3552 1867 3626 (7).,
1901 3554 2262 3626 Ignominiosi
2317 3549 2482 3624 hujus
2543 3552 2675 3607 belli
2711 3549 3012 3626 detestatio.
3047 3550 3388 3626 Patriarcha
3412 3549 3550 3604 dolis
3577 3553 3774 3626 proto-

373 3624 574 3704 sebasti
603 3623 718 3704 loco
747 3627 1020 3704 movetur,
1051 3625 1100 3676 et
1128 3623 1296 3692 paulo
1321 3621 2284 3704 postreslituitur'(8).'Andro_nicus
2316 3621 2502 3704 aperte
2524 3623 2823 3704 imperium
2854 3623 3091 3704 aﬂ‘ectat.
3117 3621 3555 3704 ‘l’rotosebastus
3603 3623 3774 3704 impe-

375 3697 598 3766 ratricis
625 3697 813 3766 favore
841 3693 1095 3748 innixus.
1127 3691 1257 3766 quos
1280 3691 1332 3766 et
1358 3694 1559 3766 quibus
1611 3703 1788 3766 potest
1829 3691 2023 3751 modis
2079 3695 2188 3750 sibi
2241 3691 2503 3750 conciliat
2560 3691 2614 3750 et
2666 3691 2975 3766 Andronico
3034 3693 3216 3749 reddit
3261 3691 3624 3766 adversarios.
3657 3692 3774 3746 An-

375 3761 848 3821 dronicus'antem
878 3766 1088 3820 viribus
1129 3761 1292 3836 haud
1338 3761 1632 3821 destitutus
1689 3772 1748 3822 in
1802 3769 2052 3822 instituto
2108 3765 2291 3835 pergit
2339 3766 2431 3836 (9).
2484 3766 2851 3820 Protosebasti
2895 3765 3087 3822 classis
3132 3770 3328 3836 contra
3378 3761 3770 3817 Andronicum.

375 3836 644 3911 Xiphitini
676 3836 863 3911 legati,
892 3838 1093 3911 magni
1114 3835 1272 3911 _ducis
1303 3844 1354 3911 et
1384 3837 1698 3894 aulicorum
1727 3839 1848 3911 fere
1867 3834 2116 3894 omnium
2144 3837 2214 3892 ad
2242 3834 2619 3911 Andronicum
2662 3837 2889 3911 d_efecti_o
2917 3837 3051 3911 (10).
3103 3834 3536 3911 Cpolitanaru'm
3588 3849 3772 3911 r_erum

373 3903 514 3963 mira
548 3903 857 3981 crnversio.
879 3903 1290 3981 Protosebastus
1320 3909 1380 3962 in
1411 3911 1637 3981 vincula
1666 3903 1940 3981 conjectus
1967 3915 2298 3966 excaecatum
2333 3906 2518 3963 Latini
2545 3923 2639 3962 seu
2668 3903 2870 3981 Franci
2899 3903 3034 3981 urbe
3076 3903 3362 3981 pelluntur
3417 3903 3552 3981 (11).
3595 3905 3771 3958 Futu-

373 3995 562 4054 rorum
585 3979 887 4051 prasagia.
915 3979 1262 4054 Patriarchx
1290 3995 1414 4034 cum
1444 3974 1774 4054 Andronico'
1806 3997 2123 4054 congressus
2173 3985 2228 4035 et
2269 3981 2683 4054 collocationes
2722 3978 2854 4050 (12).
2911 3974 3224 4054 Andronici
3265 3993 3387 4054 cum
3435 3974 3772 4054 imperatore

368 4047 667 4127 Alexio_'ct_
682 4047 859 4127 matre
887 4050 1002 4122 ejus
1027 4065 1357 4127 congressus.
1393 4053 1680 4107 Mendicus
1712 4055 1770 4127 in
1802 4047 2103 4127 Andronici
2129 4052 2366 4127 gratiam
2395 4069 2429 4106 a
2456 4051 2611 4122 plebe
2631 4047 3103 4127 vivus_exuritur._
3146 4047 3230 4127 Ad_
3272 4047 3541 4127 Manuelis
3580 4047 3772 4127 _sepul-

363 4139 520 4194 crum
550 4122 894 4178 Andronicus
908 4118 1033 4193 'qua
1059 4118 1239 4191 fronte
1265 4131 1321 4177 et
1352 4137 1479 4178 voce
1502 4124 1787 4181 accesserit
1816 4125 1950 4194 (13).
1994 4125 2103 4180 Suo
2129 4118 2430 4178 'arbitratu
2456 4118 2595 4177 ’rem
2642 4122 2920 4194 publicam
2985 4119 3328 4194 Andronicus
3372 4118 3760 4194 administrat,

362 4193 421 4250 in
455 4193 665 4250 nobiles
695 4191 1267 4266 quosque—grassatur,
1292 4194 1554 4249 Joannem
1596 4191 2034 4250 Cantacuzenum
2080 4201 2340 4252 excaecat.
2391 4191 2654 4266 Mariam‘
2680 4193 3037 4266 Caesarissam
3075 4193 3310 4266 ejusque
3355 4191 3625 4266 maritum
3665 4208 3758 4245 ve-

366 4283 506 4322 neno
535 4268 686 4337 tollit
705 4263 852 4337 (14).
877 4263 1059 4337 Alexii
1087 4274 1138 4320 et
1165 4266 1346 4337 [renes
1376 4265 1678 4321 Andronici
1709 4267 2004 4323 nothorum
2033 4266 2262 4323 incestae
2289 4265 2523 4334 nuptiae.
2551 4264 2870 4320 Theodosius
2917 4263 3299 4337 patriarchatu
3346 4263 3508 4337 cedit,
3543 4270 3591 4317 et
3612 4277 3762 4337 _suc-

367 4353 632 4392 cessorem
666 4333 823 4393 habet
862 4335 1136 4392 Basiliam
1169 4336 1517 4408 Camaterum
1542 4337 1674 4408 (13).
1707 4338 1982 4393 Sullanus
2014 4339 2192 4394 lconii
2235 4339 2294 4392 in
2343 4333 2561 4393 Oriente
2606 4333 2925 4408 grassatur.
2973 4337 3197 4406 Magnus
3239 4333 3764 4408 domesticus_._lcan-

368 4424 465 4463 nes
499 4409 805 4464 Comnenus
832 4425 991 4463 arma
1020 4413 1196 4464 movet
1228 4409 1288 4463 in
1319 4403 1694 4464 Andronicum
1722 4409 1879 4479 cujus
1909 4413 2214 4465 exercitum
2241 4411 2429 4479 fundit
2456 4413 2506 4464 et
2545 4403 2726 4477 fugat.
2758 4411 2966 4463 Joanne
3009 4403 3221 4479 mortuo
3269 4407 3538 4479 ejusdem,
3555 4403 3670 4479 ﬁlii
3703 4404 3760 4479 in

365 4480 671 4536 Andronici
700 4497 898 4536 manus
930 4479 1181 4534 incidunt
1208 4484 1263 4534 et
1288 4491 1655 4552 excxeantur.
1679 4475 1904 4537 Alexius
1931 4497 2068 4552 puer
2114 4475 2413 4536 coronatur
2443 4475 2574 4552 (16).
2620 4475 2962 4552 Andronicus
3007 4478 3350 4552 imperatrici
3395 4475 3564 4552 struit
3613 4477 3758 4552 insi-

364 4553 505 4623 dias.
539 4554 605 4606 In
634 4551 1350 4623 Andronicumconjuratio
1379 4552 1541 4623 facta
1569 4553 1786 4607 detecta
1815 4561 1865 4608 et
1893 4545 2260 4608 excecatione
2286 4545 2545 4607 multum.
2581 4550 2951 4622 lmperatricis
2971 4545 3304 4623 miserabilis
3333 4546 3596 4623 interitus
3619 4545 3756 4616 (17).

369 4622 830 4679 Consiliariorum
861 4631 911 4679 et
939 4619 1250 4695 aulicorum
1280 4619 1511 4693 ignavia
1537 4638 1859 4695 summaque
1890 4623 2238 4695 improbitate
2267 4624 2611 4695 Andronicus
2641 4619 2944 4693 imperator
2989 4621 3332 4695 designatur,
3379 4619 3760 4695 salutatum}!

366 4695 558 4821 21:6in
589 4710 781 4822 ρῗρςο,
813 4695 1080 4839 Ιέιῗῶυθῑίδ
1107 4694 1246 4767 ﬁlio,
1277 4687 1599 4766 prafertur,
1632 4697 1728 4766 qui
1752 4687 1919 4767 paulo
1943 4687 2155 4767 postab
2180 4693 2485 4751 Andronico
2516 4709 2625 4750 non
2652 4687 2868 4750 tantum
2898 4687 3151 4765 imperio,
3183 4693 3283 4748 sed
3313 4687 3366 4750 et
3403 4691 3516 4748 vita
3561 4687 3758 4745 crude-

390 4782 408 4820 ι
435 4783 498 4824 er
524 4782 619 4839 spo
653 4783 708 4822 ta
734 4782 802 4822 ur
953 4806 966 4820 .

390 4768 498 4824 iter
524 4766 802 4839 spoliatur
830 4766 966 4839 (18).

1599 4891 1690 4948 DE
1731 4891 2138 4950 ANDBONICO
2177 4889 2543 4948 COMNENO.

434 5016 555 5070 Lm.
588 5015 630 5070 I.
664 5013 849 5070 Alexii
878 5015 1142 5088 elogium.
1173 5015 1310 5070 Huic
1335 5017 1569 5072 succedit
1601 5017 1945 5074 Andronicus
2009 5020 2342 5088 Comnenus,
2391 5014 2489 5088 qui
2536 5015 2649 5088 iam
2697 5018 2962 5088 provectae
2999 5015 3194 5088 aetatis
3245 5016 3461 5072 sobrini
3499 5031 3754 5088 sponsam

360 5086 834 5145 adolescentulam
864 5085 1105 5158 nondum
1138 5103 1193 5141 χι
1222 5104 1396 5142 annos
1438 5093 1627 5144 natam
1673 5106 1904 5145 uxorem
1945 5089 2114 5145 ducit.
2159 5085 2454 5156 Pontiﬁces
2499 5085 2812 5141 adulatores
2849 5086 3055 5141 deludit
3097 5094 3149 5142 et
3191 5092 3381 5144 merito
3413 5087 3638 5158 prmnio
3668 5087 3760 5142 do-

363 5167 482 5214 nat.
515 5158 936 5230 Lapardas,vir
964 5157 1270 5229 bellicosus,
1303 5159 1368 5214 ab
1395 5160 1703 5216 Andronico
1755 5161 1979 5230 deﬁcit;
2031 5160 2127 5215 sed
2183 5161 2530 5230 interceptus,
2587 5158 2775 5230 eratis
2816 5159 2990 5213 oculis
3032 5166 3092 5214 tn
3140 5157 3534 5216 monasterium
3584 5158 3756 5228 conji-

365 5233 510 5286 citur
538 5231 635 5301 (1).
669 5229 954 5287 Relaxatis
984 5231 1153 5296 curis,
1176 5230 1519 5288 Andronicus
1547 5231 1619 5288 ad
1643 5229 1887 5288 Nicaeam
1947 5232 2302 5288 obsidendam
2324 5229 2706 5300 proﬁciscitur.
2746 5229 3186 5299 Oppugnationis
3209 5232 3357 5288 varii
3385 5242 3609 5287 eventus
3657 5231 3754 5300 (2).

371 5301 639 5374 Theodori
668 5301 1040 5374 Cantacuzeni
1067 5303 1338 5374 interitus.
1373 5306 1549 5358 lsaaci
1581 5305 1778 5372 Angeli
1803 5304 2074 5374 segnities.
2106 5304 2320 5358 Nicolai
2347 5301 2618 5373 pontificis
2646 5316 2817 5374 pavor
2844 5304 2953 5370 fuit
2990 5304 3204 5358 occasio
3236 5305 3436 5361 Nicaea:
3466 5301 3753 5374 (ledendte.

363 5373 423 5427 In
454 5373 754 5444 oppidanos
782 5374 941 5429 sxvit
971 5371 1333 5444 Andronicus,
1367 5379 1418 5429 et
1445 5377 1723 5430 Isaacium
1753 5371 1978 5430 comiter
2007 5375 2211 5444 excipit
2252 5371 2356 5444 (3).
2381 5375 2566 5428 Prusx
2595 5371 2895 5444 excidium,
2929 5379 2981 5428 et
3028 5377 3087 5428 in
3137 5375 3430 5431 Prusenses
3459 5373 3760 5428 Andronici

364 5443 674 5516 crudelitas.
706 5445 902 5512 Angeli
933 5443 1196 5516 Theodori
1223 5448 1554 5511 excxcatio,
1586 5447 1852 5501 nobilium
1909 5443 2207 5502 multorum
2261 5443 2554 5516 supplicia.
2581 5443 2828 5499 Andro-ni
2849 5446 2904 5501 ci
2955 5447 3015 5499 in
3061 5445 3271 5501 theatro
3320 5444 3753 5516 perieulumUs).

359 5517 600 5589 Isaacius
632 5515 934 5589 Comcnenus
967 5515 1206 5589 Cyprum
1235 5526 1459 5586 occupat
1488 5522 1538 5572 et
1569 5519 1633 5572 in.
1661 5533 1723 5572 ea
1751 5521 2060 5589 tyrannum
2108 5519 2224 5586 agit
2253 5533 2273 5578 ;
2329 5515 2474 5572 unde
2523 5517 2833 5589 Andronico
2880 5525 3060 5589 metus
3099 5518 3197 5589 (5).
3239 5515 3580 5589 Macroducas
3615 5515 3751 5570 Con-

359 5586 634 5659 stantinus
662 5597 712 5642 et
740 5588 915 5659 Ducas
943 5587 1304 5659 Andronicus,
1339 5589 1642 5644 Andronici
1668 5586 1980 5659 familiares
2009 5596 2064 5644 et
2094 5589 2428 5653 consiliarii,
2461 5589 2606 5643 mira
2651 5588 2890 5658 quadam
2938 5586 3165 5644 ratione
3209 5588 3402 5643 ultimo
3431 5588 3758 5657 afficiuntur

360 5653 646 5732 supplicio.
679 5657 879 5729 Populi
907 5657 1132 5732 affectus
1159 5659 1258 5714 sub
1290 5653 1392 5716 illa
1421 5653 1747 5732 tyrannide,
1799 5660 1892 5715 cui
1934 5660 2274 5716 Andronicus
2317 5661 2496 5730 legum
2545 5653 2920 5715 auctoritatem
2967 5659 3269 5732 praetexit;
3317 5661 3367 5712 et
3414 5653 3587 5732 paulo
3641 5665 3757 5724 post

362 5729 709 5785 Sebastianos
735 5734 944 5800 fratres
966 5729 1158 5801 laqueo
1190 5732 1416 5857 su1/focat
1447 5729 1546 5805 (6).
1577 5733 1820 5787 Alexius
1844 5733 2174 5798 Comnenus,
2209 5729 2475 5788 Manuelis
2506 5747 2576 5786 ex
2603 5736 2784 5802 fratre
2809 5747 2992 5798 nepos.
3022 5731 3226 5784 Sicilia
3273 5743 3457 5806 regem
3498 5729 3558 5806 in
3592 5731 3754 5780 Gre-

362 5816 444 5855 cos
473 5803 725 5857 concitat.
759 5800 1129 5857 Durrachium
1160 5805 1211 5857 et
1279 5802 1681 5857 hessalonicam
1739 5803 1916 5857 Siculi
1967 5808 2248 5857 occupant.
2302 5803 2870 5857 Thessalonicensium
2934 5803 3070 5855 urbe
3119 5799 3296 5853 dedita
3346 5809 3594 5857 miserta:
3650 5795 3751 5857 (7).

356 5816 444 5876 cos
473 5795 1129 5876 ccncitathyrrachium
1160 5805 1211 5857 et
1242 5795 1681 5860 TheSsal‘onicam
1739 5803 1916 5859 Siculi
1967 5795 2248 5876 occupant.
2302 5795 3070 5876 Thessalonicensium;_unbe
3119 5799 3296 5876 dedita
3335 5795 3597 5876 miseria;
3650 5795 3751 5872 (7).

353 5870 675 5930 Siculon
704 5867 1068 5944 grassationes
1095 5875 1393 5935 horrendae
1419 5877 1483 5933 in
1517 5875 2042 5948 Thessalonicenses,
2074 5867 2170 5950 qui
2198 5876 2350 5934 domi
2377 5891 2434 5932 se
2480 5873 2835 5932 continebant
2855 5872 2951 5944 (8).
2975 5868 3298 5927 Eorumdem
3323 5867 3649 5919 immunitas
3686 5867 3751 5919 in
