4150 6292
353 261 470 327 319

360 427 606 436 ————'—-

361 445 590 452 .——————

1684 259 1994 320 NICETIE
2035 255 2462 320 CHONIAT/E

1563 440 1628 446 -ν-
1633 441 1636 444 -
1641 438 2152 446 *φῇ-φῄς...-

609 603 1510 777 NIKHTA
1663 601 2000 775 ΤΟ

2113 602 2138 642 ’
2287 597 3512 772 ΧΩΝΙΑΤΟΥ

3655 255 3774 316 320

2603 415 3771 448 m

2157 437 2586 447 ._-—.._——_——..——,

1667 923 2447 1055 ΙΣΤΟΡΙΑ.

351 1355 1162 1534 ΝΙΟΕΤᾸΕ
1347 1353 1978 1530 CHONI

2113 1355 2468 1524 .TZE
2625 1349 3750 1534 HISTORIA.

424 1821 474 1876 1.
514 1819 756 1877 Utiliter
784 1820 1037 1876 inventis
1067 1826 1204 1875 sunt
1235 1817 1508 1883 historias,
1559 1831 1752 1889 neque
1791 1831 1998 1888 parvas
2028 1813 2083 1880 Α

356 1911 430 1967 iis
479 1911 577 1983 qui
640 1910 814 1966 rebus
875 1908 1216 1965 melioribus
1272 1907 1511 1963 student
1566 1905 2010 1962 commoditates

352 2001 751 2072 suppeditant,
811 2003 938 2054 tum
993 1997 1304 2054 vetustatis
1362 1996 1646 2052 memoria
1677 1995 2008 2066 repetenda,

351 2094 482 2145 tum
535 2090 788 2160 ingentis
843 2088 1148 2143 hominum
1208 2085 1592 2158 explicandis,
1649 2087 1776 2140 tum
1833 2083 2009 2140 variis

354 2193 558 2233 eorum
589 2177 896 2232 conatibus
927 2178 999 2232 ob
1031 2175 1228 2231 oculos
1290 2174 1593 2246 ponendis,
1640 2173 1856 2244 quibus
1891 2173 2011 2228 ani-

357 2282 588 2321 morum
643 2265 988 2336 magnitudo
1043 2269 1101 2320 et
1146 2263 1471 2318 honestatis
1527 2277 1696 2318 amor
1749 2262 1820 2317 ab
1879 2262 2008 2333 ipsa

357 2360 564 2410 natura
597 2353 708 2408 fuit
733 2353 969 2408 insitus.
1027 2353 1160 2408 Jam
1218 2351 1357 2422 quia
1415 2351 1554 2407 vitia
1603 2350 2007 2423 perstringunt

354 2448 414 2498 et
443 2441 753 2513 praeclaras
783 2441 1042 2497 actiones
1072 2440 1384 2507 celebrant,
1427 2440 1836 2496 moderatiores
1890 2439 2006 2511 ple-

351 2546 602 2602 rumque
661 2530 919 2586 reddunt
976 2535 1034 2585 et
1091 2529 1354 2585 meliores
1403 2527 1694 2599 homines,
1751 2533 1870 2584 tam
1931 2530 2004 2584 ad

341 2620 487 2675 vitia
520 2635 700 2691 quam
762 2620 833 2674 ad
884 2620 1160 2674 virtutem
1211 2635 1548 2691 propensos,
1603 2618 1674 2673 iis
1723 2619 2004 2674 duntaxat

347 2709 629 2782 exceptis,
682 2709 780 2782 qui
829 2709 1174 2782 turpissima
1221 2708 1564 2764 educatione
1611 2708 1868 2780 corrupti
1938 2724 2002 2763 ac

345 2799 504 2856 mala
523 2800 947 2856 consuetudine
968 2799 1268 2870 depravati
1295 2797 1522 2854 nullam
1553 2799 1784 2855 virtutis
1825 2797 1999 2854 ratio-

352 2905 482 2946 nem
515 2890 754 2958 habent,
787 2907 904 2960 qua
946 2889 1094 2944 nihil
1117 2893 1205 2944 est
1252 2887 1312 2944 in
1343 2889 1519 2944 rebus
1549 2887 1824 2944 humanis
1854 2904 1998 2959 prae-

347 2977 567 3034 clarius
601 2981 702 3033 aut
736 2977 922 3049 magis
989 2978 1394 3048 expetendum.
1449 2977 1534 3031 Ad
1591 2975 1713 3032 haec
1765 2976 1807 3030 ii
1852 2993 2000 3047 quos

349 3067 716 3122 monimenta
775 3065 1154 3121 historiarum
1207 3065 1693 3136 complectuntur,
1735 3064 1998 3135 quamvis

349 3153 620 3209 mortales
653 3163 706 3209 et
737 3153 970 3252 obnoxii
1127 3151 1261 3208 fatis
1310 3154 1432 3252 iam
1459 3152 1628 3252 'olim
1661 3151 1786 3208 vitae
1829 3153 1996 3224 quasi
2033 3187 2075 3252 Β

344 3257 593 3314 pensum
625 3241 1001 3307 absolverint,
1051 3239 1506 3295 immortalitatis
1564 3242 1994 3313 quodammodo

345 3331 499 3386 ﬁunt
527 3335 852 3401 compotes.
897 3329 1042 3386 Nam
1093 3335 1264 3401 prout
1308 3329 1550 3402 turpiter
1595 3335 1699 3387 aut
1755 3331 1997 3388 honeste

343 3419 634 3486 vixerunt,
668 3419 752 3474 ita
785 3419 933 3474 male
979 3425 1079 3474 aut
1131 3419 1278 3474 bene
1327 3419 1578 3476 audiunt
1609 3439 1624 3488 ;
1667 3437 1732 3476 ac
1762 3421 1994 3476 animus

348 3507 588 3579 quidem
621 3509 678 3562 in
709 3507 902 3563 locum
935 3525 1109 3564 suum
1141 3508 1280 3578 abit,
1305 3513 1362 3564 et
1389 3524 1602 3580 corpus
1649 3510 1708 3567 in
1749 3511 1996 3583 primor-

342 3597 440 3652 dia
473 3613 502 3652 e
535 3596 748 3669 quibus
776 3597 1160 3669 compositum
1199 3597 1304 3652 fuit
1334 3597 1642 3654 resolvitur
1673 3617 1686 3656 :
1720 3605 1858 3656 actis
1889 3618 1994 3656 au-

349 3689 467 3740 tem
497 3685 629 3742 vitae
661 3685 829 3756 ratio,
863 3686 982 3742 sive
1003 3691 1205 3742 sancta
1229 3685 1489 3756 etjusta,
1523 3687 1645 3744 sive
1690 3689 1910 3745 nefaria
1940 3695 1997 3746 et

340 3773 580 3845 injuria,
642 3775 954 3847 obitusque
1011 3775 1131 3831 sive
1189 3775 1325 3831 felix
1393 3775 1513 3832 sive
1593 3779 1992 3851 calamitosus,

345 3863 503 3920 clara
559 3863 819 3921 historiae
849 3881 986 3921 voce
1015 3865 1377 3936 praedicatur,
1409 3867 1794 3932 Quamobrem
1835 3867 1995 3925 haud

345 3955 450 4009 abs
483 3969 542 4010 rc
572 3953 721 4010 liber
767 3954 1084 4010 viventium
1135 3954 1527 4025 appellabitur
1577 3956 1845 4022 historia,
1900 3975 1991 4014 re-

347 4057 603 4112 rumque
633 4046 930 4113 gestarum
987 4043 1300 4115 descriptio
1358 4043 1514 4099 tubis
1571 4044 1828 4117 clangor,
1879 4063 1995 4118 quo

343 4131 462 4201 jam
497 4130 636 4184 olim
669 4131 886 4184 mortui
915 4130 1073 4186 velut
1102 4147 1132 4186 e
1163 4133 1446 4204 sepulcris
1499 4134 1724 4190 excitati
1775 4135 1835 4190 in
1881 4151 1996 4192 me-

345 4219 511 4274 dium
570 4218 992 4288 producuntur.
1051 4224 1242 4290 Atque
1298 4221 1416 4276 haec
1491 4223 1562 4279 de
1621 4222 1991 4281 historiarum

341 4307 597 4362 utilitate
655 4307 906 4363 breviter
959 4323 1302 4380 percurrere
1355 4309 1533 4366 volui.
1595 4311 1794 4383 Neque
1858 4329 1992 4371 vero

342 4397 658 4470 quisquam
689 4398 834 4454 adeo
889 4413 1087 4455 vecors
1145 4401 1258 4466 est,
1314 4399 1458 4470 quin
1513 4416 1645 4456 eam
1677 4400 1992 4462 lectoribus

2201 1826 2332 1880 1-4
2364 1823 2449 1895 [P.
2481 1821 2558 1891 2].
2591 1821 2668 1874 A‘.
2703 1817 2772 1875 At
2801 1814 3031 1890 ἱστορίαι
3081 1813 3137 1870 δὲ
3193 1814 3296 1892 ἄρα
3341 1813 3672 1894 κοινωφελές
3716 1823 3770 1880 τι

2125 1919 2320 1988 χρῆμα
2373 1913 2453 1982 τῷ
2515 1907 2618 1984 βίῳ
2684 1906 3024 1986 ἐφεύρηνται,
3079 1901 3228 1979 εἷ’περ
3292 1902 3352 1958 ἐκ
3406 1905 3613 1959 τούτων
3673 1897 3772 1958 οὒκ

2122 2003 2286 2078 ὄλίγα
2315 1993 2426 2056 ἔστι
2467 1996 2745 2072 ξυλλέγειν
2806 1995 2872 2051 τὰ
2933 1993 3133 2070 βελτίω
3163 1998 3279 2056 τοῖς
3313 1990 3641 2069 ᾑρημένοις.
3677 1993 3772 2049 Εἰ-

2120 2090 2264 2148 δυῖαι
2323 2090 2430 2168 γὰρ
2481 2088 2549 2144 τὰ
2602 2086 2810 2165 ἆρχαῖα
2868 2083 2958 2139 καὶ
3026 2078 3120 2154 ἔθη
3181 2083 3336 2138 αὗται
3395 2081 3772 2156 διατρανοῦσιν

2117 2181 2421 2256 ἀνθρώπεια
2472 2177 2562 2231 καὶ
2615 2174 2977 2248 πολυπειρίαν
3039 2172 3399 2240 ὑποτιθέασιν,
3443 2173 3636 2228 ὁπόσοι
3695 2173 3775 2250 (1)

2115 2275 2222 2325 τῶν
2255 2269 2557 2344 ἀνθρώπων
2621 2264 3111 2339 μεγαλογνώμονες
3167 2263 3392 2316 καὶτοῦ
3450 2261 3626 2316 καλοῦ
3671 2259 3771 2314 αὒ-

2113 2360 2345 2438 τόφυτον
2377 2355 2661 2432 τρέφοντες
2715 2347 2912 2426 ἔρωτα·
2962 2350 3053 2405 καὶ
3101 2350 3262 2405 κακία
3311 2347 3369 2404 δὲ
3419 2351 3545 2424 παρ’
3576 2349 3773 2410 αὐταῖς

2113 2437 2532 2521 κωμῳδουμένη
2573 2443 2664 2498 καὶ
2728 2439 3098 2516 ἆγαθοπραξία
3145 2437 3466 2514 ἒξαιρομένη
3519 2438 3774 2513 μετρίους

2115 2538 2190 2600 ὡς
2233 2537 2301 2591 τὰ
2348 2533 2537 2590 πολλά
2581 2534 2671 2588 καὶ
2723 2527 3061 2594 ἐπιδιδόντας
3105 2529 3232 2592 τοὺς
3274 2531 3400 2604 παρ’
3433 2529 3656 2604 ἑκάτερα
3683 2549 3774 2582 τι-

2113 2624 2578 2702 θέασιρἐποντας,
2626 2623 2743 2676 ὅσοι
2801 2621 2940 2682 τέως
3000 2618 3106 2695 οὐχ
3165 2619 3254 2673 ὑπ’
3313 2618 3602 2693 αἰσχίστης
3639 2637 3766 2670 συν-

2113 2715 2300 2785 ηοείας
2355 2713 2446 2768 καὶ
2499 2709 2846 2789 φαυλοτάτης
2913 2703 3069 2781 ἕξεως
3136 2707 3544 2783 ἀνεπιστρόφως
3575 2703 3768 2780 ἔχουσι

2106 2807 2208 2858 τοῦ
2267 2800 2646 2874 πολυεράστου
2685 2800 2976 2873 χρήματος
3037 2795 3249 2871 ἀρετῆς·
3309 2795 3424 2851 ἐπεὶ
3475 2795 3566 2850 καὶ
3620 2794 3764 2858 ἀθα-

2109 2889 2296 2953 νάτοις
2327 2888 2533 2946 ἕοίκασι
2588 2885 2855 2958 δήπουθεν
2913 2885 3103 2956 θνητοὶ
3157 2885 3247 2940 καὶ
3307 2883 3560 2958 ἐπίκηροι
3601 2903 3768 2960 γεγοο

2107 2981 2257 3043 νότες
2309 2979 2399 3034 καὶ
2456 2977 2625 3034 πάλαι
2690 2977 2754 3031 τὸ
2802 2979 2897 3048 ζῇν
2955 2973 3380 3043 ἐκτοξεύσαντες,
3430 2973 3588 3034 ὅσους
3627 2993 3770 3047 παρ-

2110 3067 2332 3140 ειλήφει
2405 3069 2468 3122 τὸ
2543 3065 2799 3138 ἷστορεῖν.
2877 3063 3084 3135 Ὀρθῶς
3159 3061 3262 3138 γὰρ
3334 3063 3370 3132 ἢ
3445 3060 3759 3117 τούναντίον

2107 3156 2332 3233 φαύλως
2394 3151 2724 3232 βεϐιωκότες
2780 3149 2837 3207 εὖ
2896 3173 2954 3207 τε
3011 3151 3102 3206 καὶ
3159 3151 3405 3226 αἰσχρῶς
3447 3149 3763 3208 ἀκούουσιν.

2105 3247 2210 3306 Καὶ
2257 3250 2354 3302 τοῦ
2405 3246 2498 3317 μὶν
2555 3245 2608 3306 ἐς
2662 3241 2794 3316 ’ᾁδου
2854 3235 3085 3317 βέϐηκεν
3132 3243 3165 3310 ἡ
3216 3243 3370 3320 ψυχὴ
3405 3241 3502 3314 (2),
3535 3240 3672 3314 πρὸς
3705 3237 3766 3294 δὲ

2104 3337 2172 3392 τὰ
2219 3333 2272 3407 ἐξ
2324 3337 2396 3390 ὧν
2448 3333 2704 3410 ἡρμόσθη
2765 3332 2826 3386 τὸ
2883 3335 3043 3404 σῶμα
3099 3327 3557 3405 ἐπολινδρόμησε·
3607 3329 3673 3382 τὰ
3703 3325 3762 3384 δὲ

2104 3431 2231 3501 παρ’
2289 3421 2458 3480 αὐτοῦ
2519 3418 2849 3499 βεϐιωμένα.
2922 3415 3018 3474 κᾶν
3075 3419 3196 3474 ὅσια
3251 3419 3337 3490 ε’ἰη
3396 3419 3491 3474 κᾶν
3552 3415 3756 3488 δίκαια,

2105 3509 2200 3570 κᾶν
2235 3513 2462 3587 ἀθέμιτα
2517 3511 2611 3568 κᾶν
2673 3505 2992 3590 ἐφύϐριστα,
3049 3507 3143 3564 κᾶν
3205 3503 3339 3564 ἐϐίω
3387 3507 3755 3581 εὐδαιμόνως,

2105 3602 2198 3658 κᾶν
2267 3607 2629 3677 κακοπραγῶν
2697 3600 3081 3674 ἂνεχρέμψατο
3147 3599 3246 3668 τήν
3310 3598 3494 3672 ψυχήν
3559 3601 3652 3670 (3).
3715 3599 3752 3666 ἠ

2104 3693 2318 3768 ἱστορία
2380 3689 2712 3766 διαπρυσίως
2792 3690 2913 3763 βοᾷ.
2991 3689 3150 3742 Ὣστε
3223 3689 3342 3750 καθ’
3395 3683 3577 3761 ἕτερόν
3629 3707 3756 3741 τινα

2103 3781 2302 3858 τρόπον
2353 3781 2442 3835 καὶ
2498 3777 2664 3856 λόγον
2714 3776 2804 3831 καὶ
2887 3771 3083 3851 βίϐλος
3162 3776 3378 3845 ζώντων
3437 3778 3472 3844 ἡ
3533 3775 3756 3848 ἱστορία

2106 3871 2457 3946 λεχθήσεται,
2511 3869 2602 3924 καὶ
2651 3865 2882 3942 σάλπιγξ
2929 3865 3251 3942 περίτρανος
3298 3863 3364 3920 τὰ
3409 3863 3753 3944 γραφόμενα,

2105 3959 2232 4022 τοὺς
2263 3959 2436 4014 πάλαι
2460 3961 2754 4021 τεθνεῶτας
2801 3957 2918 4010 οἷον
2969 3958 3076 4009 τῶν
3137 3953 3398 4028 σημάτων
3428 3953 3758 4024 ἐξανιστῶσα

2105 4050 2193 4105 καὶ
2230 4049 2318 4103 ὑπ’
2349 4047 2472 4121 δψιν
2534 4047 2746 4101 τιθεῖσα
2793 4049 2910 4106 τοῖς
2955 4042 3336 4120 βουλομένοις.
3369 4041 3545 4101 Ἀλλὰ
3571 4041 3760 4098 τοιάδε

2111 4140 2204 4212 μὲν
2234 4139 2268 4208 ἡ
2305 4135 2531 4212 ἱστορία,
2593 4135 2668 4200 ὡς
2723 4132 3082 4208 ἐπιτρέχοντοὶ
3142 4154 3208 4206 με
3262 4134 3454 4204 έίπεῖν,
3485 4131 3670 4194 αὐτοῖς
3701 4129 3760 4188 δὲ

2104 4232 2220 4290 τοῖς
2303 4225 2542 4281 ἐπιοῦσιν
2637 4221 2899 4297 οὐμενοῦν
2993 4219 3252 4296 οὐδαμῶς
3333 4241 3594 4297 χαρεσσα.
3663 4223 3755 4291 Μὴ

2110 4316 2259 4371 οὕτω
2307 4316 2498 4388 μανείη
2529 4334 2612 4376 τις
2661 4313 2737 4375 ὡς
2785 4309 2936 4381 ἣδιον
2981 4312 3235 4389 ἡγεῖσθαί
3281 4333 3334 4366 τι
3383 4308 3568 4385 ἕτερον
3600 4309 3758 4365 ἱστο-

2107 4405 2246 4480 ρίας·
2279 4405 2315 4460 a
2343 4405 2450 4482 γὰρ
2500 4403 2552 4458 οἳ
2609 4401 2894 4464 πολυετεῖς
2951 4404 3060 4456 τῶν
3111 4401 3410 4478 ἀνθρώπων
3451 4399 3542 4457 καὶ
3571 4401 3760 4466 Τιθω-

1733 4551 1899 4614 Hier.
1929 4557 2146 4618 Wolﬂi
2173 4562 2362 4618 notae.

413 4713 490 4784 (1)
522 4707 917 4788 Πολυπ-ειρίαν.
964 4703 1307 4788 ὑποτιθέασιν
1367 4708 1580 4764 ὁπόσοι.
1615 4713 1994 4788 _Am_biguum

2113 4733 2207 4773 nec
2225 4715 2296 4772 ab
2338 4716 2554 4788 usitata
2577 4715 3092 4788 loquendiratione
3129 4715 3438 4788 abhorrere
3477 4717 3757 4774 videban-

343 4781 684 4854 est,'utrum
711 4781 971 4854 historias
1003 4781 1403 4854 multiplicent
1437 4781 1849 4854 experientiam
1899 4805 1995 4844 eo-

345 4869 474 4932 rum
507 4853 605 4923 qui
635 4853 866 4932 magnis
923 4852 1196 4932 ingeniis
1233 4853 1458 4932 praediti
1511 4852 1696 4932 atque
1753 4857 1826 4932 ab
1868 4858 1999 4932 ipsa

347 4928 554 4979 natura
611 4925 679 4977 ad
741 4923 918 4978 decus
975 4929 1030 4979 et
1087 4923 1450 4980 honestatem
1484 4923 1830 4984 conformati
1858 4923 1998 4986 sunt

346 4998 696 5068 proponant,
730 5011 803 5048 an
835 5009 966 5048 vero
1001 4994 1266 5068 homines
1299 4997 1585 5068 ingeniosi
1626 5001 1911 5058 duntaxat
1942 5007 1998 5058 et

345 5065 579 5142 virtutis
612 5069 876 5142 amantes
905 5065 1389 5142 varia_exempl_a'
1408 5069 1488 5124 rei
1538 5071 1684 5126 bene
1734 5075 1996 5142 gerenda:

348 5155 416 5194 ex
445 5135 944 5214 historiispetere
1001 5135 1601 5214 soleant—Incertum
1665 5135 1820 5199 enim
1885 5151 1995 5214 est,

352 5216 547 5281 utrum
599 5203 846 5281 postj-cs
910 5203 1251 5281 ὑποτιθέασιν
1307 5211 1865 5281 subintelligendum
1925 5203 2000 5272 sit

350 5278 562 5361 ξκξίείων
599 5275 676 5361 an
724 5275 968 5361 ἐκείνοις,
1017 5279 1283 5359 Fortasse
1327 5275 1998 5361 scriptori-Thucydidis

347 5353 588 5429 salebras
622 5351 990 5429 placuerunt,
1025 5349 1118 5420 qui
1153 5351 1387 5429 oracula
1441 5349 1634 5426 potius
1691 5349 1862 5429 quam
1915 5361 2000 5415 hi-

347 5425 592 5480 storiam
623 5421 992 5478 scribendam
1028 5421 1306 5482 suscepit.

415 5497 493 5568 ('3)
527 5496 638 5570 Ἰῖοδ
689 5493 783 5565 μὲν
819 5492 896 5570 ,ἐς
949 5487 1090 5570 ᾅδου,
1135 5489 1452 5570 βέϐηὶιεη
1513 5498 1690 5570 emt.
1743 5501 1997 5558 Imitatio

348 5553 648 5644 Homerica
679 5553 891 5644 magis,
948 5553 1102 5638 ψυχὴ
1135 5553 1206 5618 ’δ’
1259 5553 1482 5644 ξϊδιόσδε

348 5639 692 5696 Christiana.
759 5635 1126 5708 Quare'e’go,
1187 5635 1417 5694 evitatis
1497 5635 1780 5706 quantum
1836 5635 2002 5700 licuit

347 5709 680 5772 istiusmodi
704 5711 959 5785 ineptiis,
991 5711 1228 5783 reposui
1256 5725 1323 5766 ea
1353 5725 1480 5781 quas
1515 5727 1621 5770 nec
1655 5731 1688 5769 a
1726 5712 2000 5786 religione

2100 4787 2563 4855 tur;consilium
2585 4787 2778 4844 meum
2803 4788 2990 4844 doctis
3012 4792 3069 4843 et
3091 4787 3358 4844 candidis
3393 4789 3548 4843 haud
3579 4789 3759 4846 dubie

2146 4861 2466 4916 robabitur.
2503 4860 2560 4915 Si
2595 4859 2694 4930 qui
2727 4864 2920 4914 autem
2955 4858 3265 4931 semidocti
3316 4863 3380 4931 et
3426 4861 3758 4931 scrupulosi

2146 4877 2466 4916 ronanuur.
2503 4877 2560 4915 bl
2595 4877 2694 4930 qui
2727 4877 2920 4914 autem
2955 4877 3265 4916 semidocti
3322 4877 3380 4915 et
3426 4877 3755 4931 SOPHleOSI

2102 4877 2531 4987 homunciones
2559 4931 2648 4986 vel
2697 4931 3116 5003 negligentiam
3165 4929 3255 5003 vel
3315 4929 3640 5003 licentianr
3673 4934 3755 4988 vel

2105 5002 2404 5076 inscitiam
2448 5019 2636 5076 meam
2682 4999 3068 5076 accusabunt,
3118 5001 3334 5062 τούτοις
3382 4999 3492 5074 ἐγὼ
3540 5000 3756 5076 χαίρειν

2103 5073 2194 5128 καὶ
2233 5071 2497 5148 ἐρρῶσθαι
2532 5073 2740 5150 φρᾴσω.
2775 5074 2972 5150 Neque
3002 5075 3168 5150 enim
3213 5081 3367 5150 tanta
3410 5071 3503 5128 res
3543 5071 3674 5144 'est,
3703 5081 3760 5131 et

2105 5165 2139 5203 a
2169 5145 2381 5202 natura
2406 5151 2468 5218 et
2487 5145 2708 5218 studiis
2757 5147 2904 5218 meis
2963 5145 3220 5218 alienum
3275 5149 3362 5218 ut_
3396 5159 3758 5218 quamquam

2105 5218 2338 5288 cupiam
2370 5213 2580 5270 κλαίειν
2613 5215 2703 5270 καὶ
2727 5215 3014 5290 οἱμώζειν)
3066 5215 3209 5290 Illud
3257 5213 3566 5290 vellem,_si
3597 5213 3756 5290 'quid

2107 5287 2361 5360 optando
2395 5287 2800 5361 proficeretur,
2829 5290 2888 5343 in
2948 5287 3236 5361 plerisque
3294 5287 3610 5361 lectoribus
3633 5287 3758 5345 ‘aut

2107 5363 2304 5486 adiutus
2336 5359 2464 5418 esse
2495 5361 2840 5432 arrogantiae
2868 5365 2967 5416 aut
2999 5359 3130 5430 plus
3183 5359 3528 5415 eruditionis
3581 5364 3637 5416 et
3665 5363 3756 5418 in—

2149 5451 2215 5486 us
2252 5449 2367 5486 riae.

2149 5433 2367 5487 ustriae.

2283 5502 2707 5577 ’Δνεχρέμψατο
2745 5501 3080 5577 τῆν’-ψυχήν.
3123 5501 3426 5577 Εωενεαυίί
3457 5505 3751 5577 gitimam;

2107 5573 2466 5631 ut'Zonaras'
2487 5573 2635 5648 saepe
2667 5573 2993 5648 égnpeagma
3014 5577 3306 5642 cruciavit,
3331 5573 3430 5629 sed
3454 5575 3524 5630 de
3555 5575 3752 5647 impiis

2107 5646 2222 5700 fere
2253 5651 2504 5700 tantum.
2758 5677 2770 5690 -

2129 5651 2222 5702 ‘ere
2253 5651 2504 5704 tantum.
2758 5677 2770 5690 -
