4150 6292
334 430 431 489 3M

1875 425 2258 489 HISTORIA.

3648 433 3767 491 322

352 580 425 614 νου
454 557 786 632 παλαίτεροι
840 557 935 612 καὶ
995 555 1322 631 τριχόρωνοι
1381 557 1486 629 (4),
1543 555 1593 612 εἰ
1642 561 1722 629 τῷ
1775 556 1878 633 βίῳ
1925 555 2005 613 ἔτι

2130 577 2282 632 sque
2305 560 2636 632 jucundam
2663 579 2729 620 ao
2773 563 3131 620 fructuosam
3184 579 3310 622 esse
3346 563 3592 634 judicet.
3625 563 3770 621 Nam

358 654 611 722 περιῆσαν,
671 644 899 722 ᾔδεσαν
941 642 1003 700 ἄν
1049 644 1137 700 χαὶ
1190 645 1484 720 ἐξηγοῖητο
1543 651 1660 708 τοῖς
1705 645 2005 724 φιλαχροάο

365 758 494 811 post,
549 736 614 790 τὰ
667 743 786 805 τῆς
857 736 1087 809 μνήμης
1151 733 1546 808 ἐμπυρεύοντες
1600 734 1691 790 καὶ
1746 735 1842 798 τὰς
1897 740 2006 791 τῶν

359 826 576 901 πράξεων
638 825 861 899 ῥυσσᾶς
933 821 1365 887 ἆνασκάλλοντες
1430 828 1524 897 (5),
1601 829 1769 880 ταῦτα
1828 823 2006 896 δήπου

359 917 566 990 προθείη
624 916 719 969 καὶ
789 915 818 969 ὁ
862 911 1161 992 ιριλίστωρ,
1217 914 1314 968 κᾶν
1378 911 1592 970 οὐδέπω
1649 914 2008 990 παρηλλάχει

358 1006 437 1061 τὸν
481 1003 732 1080 μείρακα.
782 1001 888 1058 Διὰ
939 1003 1088 1056 τοῦτ’
1130 1003 1224 1057 οὗν
1271 1003 1359 1058 καὶ
1415 1001 1576 1066 αὐτὸς
1620 1002 1688 1059 τὰ
1734 1009 1850 1066 τοῖς
1889 1005 2006 1058 κατ’

366 1093 452 1167 ἐμὲ
513 1092 742 1168 χρόνοις
810 1089 1144 1167 γεγενημένα
1209 1091 1302 1147 καὶ
1369 1091 1558 1148 ἀνόπιν
1641 1089 1720 1148 ἔτι
1801 1092 2004 1171 βραχὺ,

368 1185 580 1257 μνήμης
628 1180 720 1237 καὶ
781 1178 1099 1255 διηγήσεως
1150 1179 1272 1250 ἄξια
1331 1179 1457 1237 ὄντα
1512 1183 1600 1236 καὶ
1659 1185 1893 1238 τοσαῦτα
1943 1181 2006 1236 τὸ

365 1271 570 1340 πλῆθος
620 1269 712 1326 καὶ
770 1273 1002 1325 τοιαῦτα
1065 1270 1127 1324 τὸ
1193 1269 1447 1345 μέγεθος,
1517 1269 1616 1326 οὐκ
1671 1264 1838 1346 ἔγνων
1897 1267 2005 1326 δεῖν

365 1364 480 1435 σιγῇ
521 1363 816 1434 παρελθεῖν
874 1360 962 1431 [Ρ.
1024 1360 1097 1431 3].
1153 1359 1364 1416 Οὐκοῦν
1408 1357 1500 1416 καί
1551 1357 1639 1415 διὰ
1683 1357 1848 1430 τῆσδέ
1899 1380 2008 1434 μου

365 1457 458 1520 τῆς
525 1449 838 1526 ξυγγραφῆς
917 1444 1062 1516 δῆλα
1115 1453 1285 1503 ταῦτα
1334 1453 1453 1513 τοῖς
1509 1446 1694 1505 ἔπειτα
1749 1451 2009 1506 καθιστῶ.

367 1536 584 1607 Ἐπειδή
632 1536 711 1605 δὲ,
752 1537 828 1599 ὡς
877 1536 972 1591 καὶ
1023 1532 1185 1593 ἄλλοι
1238 1559 1297 1593 τε
1343 1533 1640 1612 ξυμϐαλεῖν
1686 1533 1876 1614 ἔχουσι
1935 1540 2011 1613 (ὃ)

364 1629 447 1683 καὶ
480 1627 644 1690 αὐτὸς
675 1623 733 1681 δὲ
772 1629 1010 1700 συνορῶν
1040 1623 1146 1700 οὐχ
1189 1626 1389 1696 ἣκιστά
1426 1626 1565 1700 εἶμι,
1610 1627 1678 1682 τὰ
1721 1631 1818 1682 τοῦ
1866 1626 2012 1682 ίστο-

363 1723 466 1792 ρεῖν
499 1718 561 1773 τὸ
613 1723 715 1784 τῆς
773 1713 1087 1789 διηγήσεως
1145 1715 1340 1793 ὀσαφὲς
1397 1715 1487 1771 καὶ
1544 1712 1864 1791 περιϐολαῖς
1923 1716 2013 1772 καὶ

359 1805 638 1881 περιόδοις
678 1802 1121 1879 ἐπεστραμμένον
1179 1805 1254 1866 ὡς
1306 1807 1382 1878 μὴ
1439 1804 1668 1876 συνᾷδον
1716 1806 1901 1869 αὐτοῖς
1949 1805 2013 1861 οὗ

2118 666 2246 720 quas
2277 651 2552 722 decrepiti
2583 668 2775 719 senes,
2807 656 2980 724 atque
3010 652 3049 708 ii
3091 653 3214 724 qui,
3265 652 3311 708 si
3359 653 3552 708 adhuc
3592 653 3652 708 in
3683 655 3770 709 vi-

2114 738 2203 794 vis
2233 743 2450 809 essent,
2500 740 2817 798 Tithonum
2869 741 3092 798 multus
3141 742 3403 798 aetatibus
3445 743 3766 812 vincerent,

2117 827 2176 882 in
2209 832 2358 885 caatu
2390 829 2726 886 auditorum
2759 846 2826 888 ex
2854 831 3147 887 memorias
3176 830 3454 888 thesauro
3504 833 3772 902 deprom-

2117 921 2218 989 pta
2247 918 2308 973 in
2368 919 2621 976 medium
2678 921 2970 990 afferrent,
3017 920 3220 976 eadem
3280 920 3369 976 vel
3427 920 3770 978 adolescens

2115 1007 2380 1066 eruditus
2411 1009 2626 1066 referre
2683 1013 2878 1082 queat.
2935 1011 3037 1066 His
3089 1009 3272 1081 igitur
3327 1010 3400 1065 de
3439 1010 3636 1066 causis
3666 1027 3770 1081 ego

2115 1095 2292 1156 etiam
2325 1111 2392 1153 ea
2422 1114 2549 1169 quae
2584 1113 2714 1154 mea
2743 1105 2906 1155 aetate
2937 1107 2988 1156 et
3019 1099 3190 1171 paulo
3213 1115 3392 1170 supra
3415 1115 3606 1154 meam
3639 1107 3775 1156 teta-

2114 1189 2236 1243 tem
2268 1192 2593 1244 memoratu
2625 1188 2804 1260 digna
2836 1192 2999 1260 gesta
3031 1192 3190 1258 sunt,
3221 1203 3348 1259 quae
3379 1188 3613 1259 quidem
3647 1188 3773 1258 plu-

2117 1275 2262 1333 rima
2298 1280 2356 1332 et
2387 1277 2645 1333 maxima
2677 1277 2859 1344 fuere,
2909 1294 3026 1334 non
3086 1277 3488 1348 praetereunda
3539 1275 3772 1332 silentio

2117 1381 2248 1422 esse
2296 1370 2460 1423 ratus
2494 1369 2565 1423 ad
2618 1371 2982 1437 posterorum
3042 1368 3384 1424 memoriam
3444 1383 3767 1439 propagare

2119 1454 2342 1510 studui.
2373 1455 2518 1510 Cum
2567 1459 2762 1511 autem
2807 1471 3010 1512 eorum
3048 1455 3288 1527 judiciis
3337 1456 3625 1511 assentiar
3666 1455 3766 1525 qui

2121 1541 2536 1599 obscuritatem
2577 1549 2632 1598 et
2680 1543 3087 1615 perplexarum
3135 1544 3510 1616 periodorum
3541 1542 3777 1614 prolixi-

2121 1635 2300 1687 tatem
2330 1632 2379 1687 6
2409 1631 2669 1688 historiae
2701 1632 2952 1689 alienam
3011 1649 3140 1690 esse
3187 1641 3426 1690 censent
3453 1637 3511 1689 et
3539 1631 3772 1704 perspi-

2123 1720 2395 1777 cuitatem
2427 1721 2678 1777 maxime
2707 1726 2931 1793 gratam
2961 1726 3020 1778 et
3047 1730 3266 1794 aptam.
3316 1722 3588 1793 equidem
3633 1720 3772 1777 huic

2125 1826 2354 1883 quoque
2380 1811 2584 1867 virtuti
2615 1828 2853 1882 operam
2910 1811 3067 1882 dedi,
3113 1811 3344 1868 evitatis
3397 1811 3588 1866 verbis
3631 1810 3771 1865 all‘e-

361 1896 693 1970 προσίενται,
737 1894 961 1972 φιλοῦσι
1009 1890 1064 1947 δὲ
1111 1893 1172 1948 τὸ
1221 1895 1381 1974 σαφὲς
1436 1894 1510 1956 ὡς
1560 1895 1623 1948 οὑ
1674 1896 1835 1968 μόνον
1880 1893 2016 1949 κατά

2130 1901 2296 1957 etatis
2327 1902 2595 1958 obscuris
2647 1902 3031 1974 confragosis,
3091 1902 3200 1957 etsi
3253 1899 3463 1973 vulgus
3508 1899 3578 1954 iis
3606 1899 3769 1955 avide

361 1986 446 2042 τὸν
505 1984 735 2040 εἷπόντα
777 1983 971 2056 σοφὸν,
1027 1979 1170 2037 ἀλλὰ
1215 1983 1306 2037 καὶ
1357 1979 1650 2057 συμϐαῖνόν
1703 2005 1849 2061 σφισι
1904 1984 2012 2057 μά-

361 2075 538 2145 λιστα,
613 2071 741 2128 οὐδὲ
828 2072 1028 2127 τούτου
1099 2075 1324 2146 πάμπαν
1402 2071 1593 2144 ἔξωθεν
1668 2079 1767 2128 τοῦ
1840 2074 2014 2128 καλοῦ

359 2164 606 2221 πίπτοντ’
637 2162 699 2218 ἄν
763 2160 894 2236 εὕρῃ
943 2181 1027 2222 τις
1083 2162 1148 2216 τὰ
1194 2163 1532 2241 γραφόμενα,
1579 2164 1673 2218 οἶα
1715 2162 1802 2217 καὶ
1851 2165 2013 2236 ἡμῶν

371 2256 446 2328 μή
513 2255 578 2308 τὸ
637 2251 936 2326 κομπηρὸν
996 2250 1085 2304 καὶ
1144 2248 1440 2330 δυσφραδὲς
1489 2251 1580 2307 καὶ
1635 2249 2014 2327 κρημνώδεσιν

355 2342 875 2416 ἀποὸιειλημμένον
938 2339 1138 2408 λέξεσιν
1193 2341 1267 2404 ὡς
1325 2341 1524 2399 ἐπίπαν
1599 2342 2016 2418 ἀσπασαμένων,

354 2433 514 2488 εἶκαὶ
587 2428 884 2510 χαίνοντές
945 2428 1078 2485 εἰσιν
1134 2430 1212 2493 εἰς
1265 2435 1427 2486 τοῦτο
1483 2429 1712 2503 πολλοὶ,
1768 2430 1864 2486 εἶτ’
1923 2430 2016 2486 οὗν

355 2522 725 2594 ἀληθέστερον
789 2519 961 2574 εἶπεῖν
1019 2517 1361 2583 ἐκλείποντες
1419 2521 1486 2576 τὰ
1551 2525 1660 2577 τῶν
1715 2520 1888 2577 πάλαι
1927 2519 2020 2575 καὶ

359 2613 597 2682 σήμερον
637 2609 730 2664 καὶ
771 2609 874 2664 ’ὀσα
917 2627 972 2662 τι
1006 2607 1098 2662 καὶ
1147 2606 1522 2683 ἐπιτυήδευμα
1569 2609 2023 2686 προύργιαίτατον

369 2697 730 2769 manus“;
799 2695 889 2752 διὰ
941 2701 1176 2772 μακροῦ,
1234 2697 1294 2753 ἐκ
1344 2703 1442 2754 τοῦ
1507 2697 1762 2762 πλείονος
1821 2696 1879 2754 δὲ
1930 2697 2025 2754 κάν

373 2787 557 2858 τούτῳ
607 2784 736 2858 ὃρᾷν
789 2790 859 2860 τῇ
915 2786 1130 2861 ἱστορίᾳ
1183 2786 1536 2862 προθεμένων
1589 2788 1660 2844 τὰ
1713 2789 2022 2866 πρόσφορα,

373 2874 511 2951 μηδ’
571 2870 930 2951 ὑπερϐάθμιον
974 2873 1118 2932 πόδα
1161 2878 1352 2933 τείνειν
1408 2880 1774 2952 ἠγαπηκότων
1805 2878 1840 2948 ἢ
1874 2876 2024 2940 ὅλως

361 2966 496 3030 τοὺς
543 2965 740 3035 ἄξονας
796 2965 963 3036 αὐτῆς
1024 2967 1445 3042 ὑπεράλλεσθαι.
1499 2969 1657 3041 Ὑπὲρ
1725 2969 1827 3044 γὰρ
1885 2966 2026 3022 ἅπαν

352 3053 544 3132 ἕτερον
573 3057 639 3112 τὸ
666 3057 750 3130 μὴ
780 3058 884 3126 τήν
916 3056 1110 3134 φράσιν
1162 3059 1389 3128 ἁπλοῦν,
1433 3058 1509 3121 ὡς
1549 3054 1665 3131 ἔχω
1715 3057 1904 3129 εἰπὼν,
1937 3056 2028 3112 καὶ

353 3149 670 3226 πρόχειρον
722 3146 805 3207 εἷς
882 3145 1191 3220 κατάληψιν
1267 3147 1403 3222 αὐτῇ
1480 3142 1864 3218 διαϐέϐληται,
1940 3146 2030 3203 καὶ

353 3239 621 3314 ῆγαπήθη
680 3233 896 3313 σφόδρα
950 3236 1014 3290 τὸ
1060 3235 1309 3312 ἄκομψον
1355 3235 1446 3292 καὶ
1500 3236 1575 3299 ὡς
1630 3231 1762 3312 ἔχον
1815 3238 2028 3316 φύσεως

361 3326 757 3404 διηγούμενον,
799 3325 893 3380 καὶ
944 3321 1239 3399 δαιμονίως
1284 3327 1346 3382 τὸ
1395 3324 1669 3398 εὔληπτον
1723 3326 2021 3403 περιπτύσ-

366 3439 524 3475 σεται.
604 3414 790 3476 Τέλος
863 3413 966 3490 γὰρ
1050 3417 1467 3490 σκοπιμώτατον
1561 3416 1664 3485 τήν
1758 3414 2017 3486 ἀλήθειαν

366 3504 590 3582 ἔχουσα,
652 3504 748 3560 καὶ
805 3503 908 3570 τῆς
965 3525 1022 3559 τε
1078 3504 1380 3582 ῥητορικῆς
1421 3503 1731 3577 δεινότητος
1778 3507 1866 3560 καὶ
1921 3513 2022 3576 τῆς

362 3602 667 3668 ποιητικῆς
734 3592 1065 3669 λογοποιίας
1147 3594 1432 3669 ἀφεστῶσα
1497 3596 1632 3651 κατὰ
1708 3592 2021 3670 διάμετρον,

365 3687 452 3740 καὶ
526 3686 597 3741 τὰ
671 3683 890 3738 τούτων
966 3680 1244 3748 διωθεῖται
1334 3684 1826 3760 χαρακτηριστικὰ.
1919 3684 2024 3741 Καὶ

364 3774 552 3838 ἄλλως
585 3772 645 3830 δὲ
673 3773 772 3829 κᾶν
808 3773 870 3828 οὐ
920 3772 1099 3849 βραχὺ
1144 3774 1209 3829 τὸ
1264 3776 1460 3848 σεμνὸν
1491 3777 1526 3845 ἡ
1560 3775 1773 3849 ἱστορία
1819 3775 1907 3829 καὶ
1960 3775 2024 3830 τὸ

365 3865 652 3940 αἰδέσιμον
712 3863 1064 3938 ἐπισύρηται,
1140 3861 1317 3938 ἐρῶσα
1378 3863 1423 3921 δ’
1493 3865 1646 3938 ὅμως
1704 3868 2026 3939 προκεῖσθαι

368 3950 699 4009 τιαπανεῦσί
755 3971 814 4006 τε
871 3950 964 4006 καὶ
1023 3947 1305 4026 σιδηρεῢσι
1360 3951 1452 4006 καὶ
1504 3947 1725 4021 πολλῆς
1795 3951 2027 4028 γέμουσι

367 4051 469 4112 τῆς
497 4037 748 4111 ἆσϐόλης
780 4041 874 4096 καῖ
926 4041 1164 4111 συνήθης
1214 4041 1353 4096 εἶναι
1398 4046 1517 4103 τοῖς
1565 4040 1702 4115 πρὸς
1755 4039 1901 4096 ὅπλα
1938 4040 2028 4095 καὶ

366 4135 532 4207 Ἀρεα
571 4132 868 4208 βλέπουσι,
923 4126 1067 4204 μηδὲ
1131 4131 1340 4208 γυναιξὶ
1391 4133 1677 4208 χερνήτισι
1737 4127 2030 4186 δυσκολαί-

367 4242 532 4277 νουσα
564 4220 974 4292 διαξαινοῦσαις
1027 4219 1092 4274 τὰ
1149 4221 1266 4275 κατ’
1321 4220 1514 4293 αὐτὴν,
1571 4223 1690 4282 ταῖς
1749 4218 2032 4294 χαριεστέ-

371 4329 489 4383 ραις
528 4311 714 4387 χαίρει
748 4313 860 4366 τῶν
905 4307 1176 4387 φράσεων,
1223 4307 1315 4364 καὶ
1363 4308 1425 4364 τὸ
1473 4312 1641 4386 φᾶρος
1677 4312 1784 4363 τῶν
1833 4307 2030 4378 λέξεων

366 4399 660 4477 εἰλικρινὲς
707 4401 801 4456 καὶ
856 4399 1146 4474 ἀπέριττον
1197 4400 1531 4470 περικεῖσθαι
1579 4397 1752 4469 φιλεῖ,
1804 4398 1864 4454 οὗ
1923 4399 2030 4471 μὴν

366 4491 823 4568 ηκομψευμένον
894 4487 990 4544 καὶ
1039 4487 1283 4561 ἔξαλλον·
1329 4489 1419 4544 καὶ
1450 4491 1485 4558 ἡ
1522 4489 1616 4562 μὲν
1672 4487 1906 4562 ἱστορία,
1957 4487 2032 4550 ὡς

370 4574 445 4636 ἔνι
519 4582 788 4657 μάλιστα,
874 4578 1015 4653 μετὰ
1089 4581 1184 4633 τοῦ
1259 4579 1463 4659 σαφοῦς
1538 4577 1629 4632 καὶ
1706 4577 1782 4640 εἰς
1843 4575 2034 4634 ἐπίτο-

2120 1989 2348 2046 inhiare
2405 2007 2521 2046 non
2571 1993 2796 2062 ignoro,
2851 1990 3167 2062 relictaque
3233 1993 3291 2046 et
3339 1988 3658 2061 superioris
3715 1992 3773 2044 et

2118 2084 2332 2135 nostra
2363 2079 2549 2134 (statis
2601 2079 3030 2135 consuetudine
3091 2095 3324 2135 summo
3374 2077 3566 2134 studio
3605 2077 3664 2132 in
3698 2077 3771 2132 iis

2119 2168 2440 2225 elaborare.
2479 2167 2596 2225 Nos
2646 2183 2783 2224 vero
2811 2167 2984 2241 longo
3014 2171 3276 2241 tempore
3322 2168 3383 2223 in
3431 2168 3489 2223 id
3539 2182 3776 2238 operam

2123 2259 2412 2328 dedimus,
2448 2267 2511 2315 ut
2540 2258 2793 2316 dictione
2823 2259 2961 2316 huic
2984 2259 3370 2331 scriptionum
3409 2258 3609 2330 generi
3641 2273 3778 2314 con-

2123 2349 2390 2406 veniente
2429 2348 2695 2405 adhibita
2737 2366 2854 2406 non
2903 2352 3065 2406 extra
3109 2348 3326 2404 limites
3369 2363 3776 2420 evagaremur.

2126 2437 2421 2508 Quidquid
2448 2438 2626 2509 enim,
2684 2441 2749 2494 ut
2795 2437 2938 2507 dixi,
2979 2454 3094 2493 non
3155 2440 3422 2508 apertum
3475 2443 3562 2492 est
3603 2440 3778 2507 atque

2125 2525 2187 2582 in
2218 2530 2492 2598 promptu
2523 2527 2810 2597 positum,
2841 2527 3089 2582 historia
3138 2525 3514 2582 abominetur
3546 2541 3560 2582 :
3605 2525 3778 2596 quid-

2129 2613 2272 2684 quid
2305 2613 2554 2684 simplex
2583 2620 2638 2668 et
2680 2613 2946 2669 naturale
2987 2615 3078 2668 est
3119 2617 3178 2667 et
3226 2612 3626 2684 intelligentiae
3677 2612 3778 2666 ob-

2128 2700 2306 2766 vium,
2336 2699 2586 2756 libenter
2635 2700 2912 2756 admittit.
2973 2699 3122 2756 Nam
3167 2715 3300 2755 cum
3349 2700 3420 2755 ad
3471 2699 3776 2754 veritatem

2130 2793 2415 2860 tanquom
2449 2788 2686 2844 unicum
2709 2805 2956 2861 scopum
3004 2787 3282 2857 collimet,
3315 2791 3488 2859 atque
3534 2788 3607 2843 ab
3647 2804 3777 2843 ora-

2130 2879 2282 2935 toria
2311 2876 2631 2934 calliditate
2650 2883 2710 2935 et
2738 2878 2981 2950 poeticis
3027 2876 3241 2933 fabulis
3289 2893 3465 2949 quam
3515 2876 3782 2932 remotis-

2134 2970 2285 3026 sima
2319 2969 2416 3040 sit,
2447 2969 2617 3026 eliam
2675 2986 2709 3026 a
2773 2970 2962 3026 forma
3008 2968 3238 3024 dicendi
3285 2968 3359 3024 iis
3407 2967 3781 3023 facultatibus

2137 3060 2371 3133 propria
2399 3059 2694 3117 abhorret.
2745 3060 3018 3125 Quamvis
3076 3062 3272 3116 autem
3317 3058 3571 3114 multum
3601 3057 3780 3128 gravi-

2137 3148 2272 3206 tatis
2317 3152 2376 3204 et
2431 3147 2761 3205 reverentiae
2812 3147 3120 3204 historiam
3193 3149 3522 3213 comitetur,
3582 3149 3780 3201 tamen

2138 3240 2278 3310 quia
2296 3236 2381 3295 vel
2411 3237 2740 3310 opiﬁcibve,
2761 3237 3052 3294 militibus
3091 3240 3148 3293 et
3186 3235 3546 3293 mulierculis
3580 3235 3781 3302 etiam,

2136 3332 2274 3384 nota
2304 3343 2432 3384 esse
2463 3327 2645 3401 cupit,
2671 3326 2942 3383 formulis
2962 3326 3417 3398 elegantioribus
3438 3325 3783 3394 delectatur,

2124 3421 2462 3488 vestemque
2478 3421 2639 3473 amat
2663 3433 2780 3474 non
2803 3431 2945 3474 sane
2961 3415 3322 3472 luxuriosam
3365 3420 3423 3471 et
3469 3415 3779 3482 exoticam,

2128 3507 2228 3562 sed
2263 3506 2592 3577 simplicem
2625 3510 2681 3561 et
2732 3505 3060 3562 mundam:
3114 3520 3218 3560 nec
3263 3503 3679 3575 perspicuitate
3725 3505 3784 3556 et

2129 3595 2408 3652 brevitate
2451 3594 2776 3666 quidquam
2840 3595 3016 3650 habet
3071 3592 3396 3664 antiquius.
3429 3591 3658 3657 Quibus
3709 3591 3781 3644 de

2129 3684 2316 3740 causis
2361 3683 2591 3740 veniam
2647 3700 2681 3738 a
2729 3683 3044 3740 lectoribus
3086 3681 3463 3752 impetratam
3514 3681 3552 3733 7
3605 3679 3782 3750 cupi-

2130 3789 2287 3838 mus,
2336 3772 2384 3828 si
2432 3771 2492 3826 in
2541 3787 2712 3843 opere
2787 3777 2987 3828 nostro
3061 3778 3300 3827 ornatus
3332 3769 3780 3836 desiderabitur,

2131 3860 2454 3935 praesertim
2487 3876 2614 3917 cum
2648 3863 3058 3932 argumentum
3118 3859 3226 3914 hoc
3281 3875 3398 3913 non
3447 3856 3702 3929 primum
3745 3873 3779 3912 a

2133 3951 2302 4028 nobis
2321 3954 2621 4006 tractetur.
2671 3951 2835 4016 Quod
2891 3949 3133 4022 perinde
3181 3956 3266 4004 est
3315 3963 3381 4003 ac
3415 3947 3466 4003 si
3494 3947 3644 4002 viam
3681 3947 3784 4002 de-

2133 4045 2350 4098 sertam
2383 4057 2450 4098 ac
2478 4039 2716 4096 minime
2745 4038 2944 4094 tritam
2989 4037 3467 4110 ingrederemur;
3518 4040 3574 4090 et
3611 4036 3784 4108 longe

2134 4130 2436 4187 difﬁcilius
2464 4146 2643 4202 quam
2690 4127 2936 4184 aliorum
2979 4127 3228 4199 vestigia
3287 4125 3558 4199 persequi
3591 4129 3648 4182 et.
3693 4125 3788 4181 via

2136 4221 2288 4292 regis
2319 4219 2607 4276 ineedere.
2658 4215 3026 4288 Auspieabor
3099 4220 3296 4272 autem
3345 4216 3417 4272 ab
3494 4214 3565 4270 iis
3612 4212 3788 4269 rebus

2136 4327 2260 4382 quae
2336 4313 2466 4381 post
2521 4306 2707 4364 Alexii
2783 4305 2957 4378 primi
3032 4321 3102 4361 ex
3173 4305 3492 4362 Comnenia
3566 4303 3789 4359 familia

2136 4398 2508 4473 imperatoris
2537 4397 2758 4454 obitum
2786 4395 3146 4461 acciderunt,
3179 4395 3336 4450 ultra
3366 4410 3492 4464 quae
3524 4392 3788 4463 superio-

2139 4492 2220 4546 ris
2249 4490 2434 4545 tetatis
2459 4485 2722 4544 historici
2754 4502 2870 4542 non
2922 4488 3062 4542 sunt
3108 4481 3416 4555 progressi,
3453 4485 3517 4536 ut
3567 4496 3636 4535 ea
3662 4496 3788 4549 quae

2141 4595 2175 4634 a
2205 4578 2377 4636 nobis
2427 4577 2712 4646 dicentur,
2771 4591 2905 4631 cum
2955 4573 3190 4630 illorum
3241 4569 3414 4626 dictis
3459 4567 3790 4625 cohaereant

363 4691 463 4743 μον
520 4654 1102 4751 ἐπιτροχασθήσεται·
1191 4669 1219 4722 ὁ
1287 4654 1350 4724 δέ
1413 4666 1579 4741 λόγος
1664 4667 2019 4745 εὐγνωμονῶι

2137 4671 2319 4724 instar
2364 4665 2539 4723 fontis
2595 4665 2771 4721 unius
2829 4664 2891 4719 in
2961 4661 3160 4734 plures
3206 4657 3440 4715 canales
3487 4654 3786 4712 distributi

349 4766 672 4840 συγγνώμην
733 4759 980 4816 αἰτεῖται
1040 4758 1166 4832 παρ’
1225 4757 1304 4822 οἷς
1358 4756 1434 4820 εἰς
1494 4762 1683 4833 χεῖρας
1757 4760 2022 4828 πεσεῖται,

342 4852 391 4909 εἷ
420 4858 496 4929 μὴ
553 4853 914 4935 φιλοτίμως,
951 4844 1023 4901 δι’
1065 4845 1098 4900 ἃ
1140 4845 1372 4921 εἴρηται,
1421 4846 1512 4903 καὶ
1563 4841 1744 4922 ἁϐρῶς
1796 4844 2023 4901 ἐκπεπό-

329 4967 512 5020 νηται,
552 4946 676 5005 ἐπεὶ
711 4942 812 5000 καὶ
858 4935 1061 5000 ἄλλως
1109 4939 1201 4993 νῦν
1251 4939 1489 5014 πρώτως
1527 4938 1692 5012 ἡμεῖς
1735 4943 1838 5008 τῆς
1886 4938 2021 4992 ὑπο.

2137 4765 2235 4813 aut
2263 4755 2618 4812 annulorum
2646 4752 2820 4823 longa
2850 4751 2999 4808 serie
3021 4750 3171 4806 inter
3191 4763 3321 4805 sese
3343 4745 3784 4804 cohaerentium.

2132 4847 2213 4903 Ac
2243 4843 2486 4916 Jopnnis
2514 4840 2888 4914 imperatoris
2930 4839 3132 4910 vitam,
3185 4839 3288 4910 qui
3337 4835 3615 4895 successit
3663 4835 3791 4892 Ale-

2132 4937 2248 5005 xio,
2281 4933 2532 4991 breviter
2555 4932 3018 5005 perstringemus
3048 4949 3063 5001 ;
3115 4943 3307 5001 neque
3366 4944 3564 4987 earum
3594 4943 3788 4985 rerum

1749 5177 1922 5241 Hier.
1970 5175 2185 5239 Wolﬁi
2229 5180 2420 5238 notae.

405 5438 482 5508 (4)
514 5431 913 5509 Τρικόριξὲἳίῖιν
951 5422 1065 5489 Qui
1098 5423 1280 5509 ιτίιέεο,
1322 5425 1621 5509 cornicum
1657 5423 2023 5509 ,διίιεβωηγί-

337 5494 575 5564 πεξνιίοιῘ
600 5509 641 5562 i.
672 5494 727 5561 θ’.
765 5502 881 5558 300
915 5512 1133 5554 annos.
1161 5496 1390 5569 iNotum
1432 5502 1522 5552 est
1572 5494 2028 5569 quidVVirgilius

344 5590 410 5629 ex
441 5579 676 5635 Hesiodi
712 5571 1093 5632 auctoritate
1143 5568 1213 5623 de
1263 5569 1514 5624 cornicis
1564 5585 1680 5624 aevo
1717 5568 2027 5635 fabuletur,

351 5646 442 5700 his
469 5651 739 5706 versibus
768 5664 783 5702 :

425 5736 515 5792 Ter
541 5739 697 5794 binos
726 5735 1040 5802 deciesque
1064 5743 1256 5785 novem
1286 5731 1570 5801 superexit
1592 5729 1650 5802 in
1681 5742 1877 5795 annos,

426 5806 567 5864 Iusta
595 5801 1006 5866 senescenlum
1036 5815 1166 5870 quos
1195 5802 1397 5873 implet
1425 5802 1540 5873 vita
1568 5801 1819 5856 virorum
1847 5813 1870 5862 ;

425 5877 524 5936 H0:
557 5883 744 5940 novies
771 5879 1026 5952 superat
1059 5872 1282 5932 vivendo
1309 5872 1540 5944 garrula
1569 5873 1786 5931 cornix.

2208 5420 2288 5491 (5)
2345 5415 2454 5480 Τὰς
2520 5434 2630 5469 των
2713 5412 2991 5491 πράξεων-
3038 5414 3247 5491 Δῥυσσᾶις
3304 5409 3787 5491 ⁸ιΞιν-ασιιοὶλλοντειῖ.

2137 5481 2338 5552 Rerum
2365 5492 2646 5560 gestarum
2670 5481 2848 5560 rug'as
2893 5481 3247 5560 refodientas.
3292 5487 3431 5549 Quis
3489 5486 3631 5539 istas
3682 5481 3792 5536 ele-

2138 5559 2379 5642 gantias
2407 5560 2806 5642 nop‘deﬁspu'at
2823 5559 2850 5614 ?

2209 5614 2561 5711 (ιίόδ-ῖίέτιεειᾷἡΔ
2859 5628 2948 5681 καὶ
3007 5626 3174 5711 ἄλλοι
3231 5614 3792 5711 ξυμϐαλεῖγῌξχρυρι.

2138 5688 2378 5770 Ριεοιῖχεῖ
2396 5706 2454 5759 et
2483 5688 2928 5757 in'tricatissima
2980 5688 3341 5770 periodu_s,r'e
3396 5688 3792 5770 quibus'sale-

2139 5756 2508 5849 535"};er
2537 5772 2779 5849 quidem
2803 5770 2911 5849 sed
2971 5756 3235 5849 expedivi
3263 5756 3504 5831 'tamen,
3538 5761 3603 5812 ut
3636 5756 3795 5811 arbi-

2137 5839 2258 5916 tror
2289 5869 2303 5910 :
2336 5839 2588 5912 multum
2619 5845 2774 5900 certe
2803 5839 3082 5896 laboravi.
