4150 6292
384 449 503 508 323

1707 433 2015 494 ΝῙΟΕΤΛΕ
2055 431 2481 496 ΟΗΟΝΙΑΤλΕ

3681 433 3803 494 324

385 571 928 636 commemorationi
959 569 1182 626 diutius
1231 565 1684 622 immorabimur
1733 583 1882 636 quas
1925 568 2031 638 ipsi

2157 566 2351 630 θέσεως
2409 563 2760 640 ἐπιϐαίνομεν
2825 562 3017 635 τῆσδε,
3085 562 3176 618 οἶά
3237 583 3358 619 τινα
3443 563 3660 638 ἐρήμην
3719 565 3808 620 καὶ

385 683 500 722 non
529 666 806 729 vidimus,
841 663 941 716 sed
975 663 1044 716 ab
1075 660 1147 713 iis
1179 657 1516 728 accepimus
1573 656 1672 727 qui
1724 673 1860 712 eum
1887 657 2042 712 vide-

2155 651 2349 724 ἂστιϐῆ
2413 652 2600 709 διιέναι
2657 652 3031 732 ἐγχειροῦντες
3087 649 3233 722 ὁδδν,
3295 650 3325 706 ὅ
3381 653 3469 706 καὶ
3549 650 3810 728 δύσεργόν

385 761 526 811 runt
562 763 614 810 et
643 754 703 808 in
736 751 1135 823 expeditiones
1187 746 1440 801 comitati
1497 753 1656 800 sunt.
1709 745 1772 800 In
1817 746 2031 800 caeteris

2155 741 2268 799 ἐστι
2335 744 2426 798 καὶ
2483 743 2682 816 πολλῷ
2740 743 3122 818 ὑπερκείμενον
3179 745 3277 796 τοῦ
3347 739 3558 816 ἴχνεσιν
3616 741 3810 816 ἐτέρων

393 850 588 900 autem
621 842 862 897 uberius
895 838 1280 895 tractabimus
1311 835 1530 890 omnia.
1557 835 1664 889 Sed
1685 835 1806 904 jam
1831 835 1900 888 ad
1919 851 2038 890 rem

383 933 572 1004 ipsam
611 932 980 994 accedamus,
1015 927 1150 982 hinc
1184 929 1420 995 sumpto
1451 923 1708 978 exordio.

2153 831 2582 906 προωδευκότων
2631 833 2982 910 ἐφομαρτεῖν,
3013 829 3048 900 ἤ
3081 835 3210 908 γοῦν
3261 831 3335 892 ὡς
3381 828 3472 884 διὰ
3521 829 3672 893 λείας
3721 832 3810 886 καὶ

2157 921 2452 996 βασιλικῆς
2489 921 2726 998 βαδίζειν
2755 919 2910 992 ὁδοῦ,
2944 921 3088 994 λέγω
3139 917 3206 988 δὴ
3257 925 3360 988 τῆς
3411 919 3608 990 ἑτέρων
3660 921 3812 975 ἰστο-

386 1021 524 1096 ρίας,
579 1020 897 1094 εὐθυπόρως
942 1036 1002 1071 τε
1052 1012 1142 1068 καὶ
1191 1011 1472 1072 ἀπλανῶς.
1524 1011 1700 1085 ’Λρχή
1745 1008 1803 1064 δέ
1852 1031 1947 1082 μοι
1983 1015 2080 1066 τοῦ
2131 1011 2309 1085 λέγειν
2361 1010 2460 1065 ὅσα
2507 1011 2642 1085 μετὰ
2687 1011 2750 1096 τδ
2790 1012 2966 1096 ,πέρας
3015 1008 3166 1072 εὐθὺς
3209 1015 3310 1076 τῆς
3365 1013 3514 1096 ζωῆς
3561 1011 3674 1096 ἅμα
3721 1013 3810 1065 καὶ

391 1093 492 1176 τῆς
569 1108 752 1181 ἀρχῆς
827 1109 924 1160 τοῦ
1000 1103 1060 1158 ἐκ
1133 1105 1442 1170 Κομνηνῶν
1519 1097 1773 1173 ἄρξαντο)
1849 1101 2082 1174 πρώτως
2159 1099 2402 1168 Ἀλεξίου
2441 1105 2520 1172 (7)
2597 1093 2963 1172 συμϐέϐηκεν,
3041 1097 3154 1153 ἐπεὶ
3230 1097 3317 1150 καὶ
3371 1095 3424 1156 ἐς
3489 1095 3644 1152 τόνδε
3719 1100 3810 1154 τὸν

382 1198 586 1252 ἄνακτα
648 1196 712 1250 τὸ
782 1191 959 1270 λέγειν
1031 1189 1460 1264 συνεπεράναντο
1529 1188 1723 1243 ὁπόσοι
1783 1193 1890 1242 τῶν
1948 1189 2057 1261 πρὸ
2115 1191 2277 1260 ἡμῶν
2335 1193 2404 1262 τῇ
2468 1192 2754 1264 συγγραφῆ
2811 1185 3112 1262 προδήλως
3171 1181 3460 1256 ἐπέϐαλον,
3497 1185 3569 1239 τἔν’
3609 1190 3713 1242 εἷεν
3749 1189 3816 1242 τὰ

383 1285 736 1362 ῥηθησόμενα
775 1287 900 1359 παρ’
941 1285 1102 1354 ἡμῶν
1166 1285 1375 1353 συναφῆ
1432 1299 1550 1339 πως
1610 1283 1726 1338 τοῖς
1779 1279 1866 1331 ὑπ’
1925 1276 2144 1331 ἐκείνων
2205 1275 2476 1352 λεχθεῖσι,
2535 1278 2625 1332 καὶ
2681 1279 2708 1332 ὁ
2773 1276 2940 1353 λόγος
3001 1277 3143 1331 οὕτω
3203 1274 3631 1348 διαπλεκόμενος
3686 1277 3818 1351 τρό-

381 1395 484 1430 πον
525 1375 650 1430 τινὰ
691 1373 843 1446 ὁλκῷ
883 1372 1157 1440 εἰκάζοιτο
1235 1369 1503 1442 ῥεύματος
1581 1366 1641 1421 ἐκ
1717 1370 1845 1439 μιᾶς
1921 1373 2106 1441 πηγῆς
2179 1364 2476 1434 ἐκδιδόντι,
2551 1365 2587 1436 ἥ
2663 1369 2794 1440 γοῦν
2865 1367 2928 1420 τὸ
2999 1369 3108 1420 τῶν
3163 1363 3364 1438 κρίκων
3402 1362 3803 1434 ἀλληλένδετον

405 1467 782 1540 ὑποκρίνοιτο,
821 1467 890 1537 τῇ
930 1467 1036 1516 νῶν
1096 1461 1178 1514 ἀεὶ
1243 1463 1531 1534 προσεχῶν
1595 1456 1794 1535 ἐφάψει
1853 1457 2162 1530 προϊόντων
2229 1457 2284 1518 ἐς
2351 1458 2598 1532 ἓιπειρον.
2667 1457 2756 1513 Ἐν
2821 1453 3218 1534 κεφαλαιώδεσι
3287 1453 3334 1509 δ’
3399 1454 3688 1528 ἐπιτομαῖς
3753 1458 3819 1510 τὰ

392 1553 532 1608 κατᾶ
587 1553 678 1608 τὸν
737 1550 1108 1624 αὐτοκράτορα
1163 1547 1420 1616 Ἰωάννην
1473 1545 1536 1601 τὸ
1595 1546 1828 1620 ἱστορεῖν
1885 1543 2231 1621 διηγήσεται,
2290 1545 2351 1607 ὃς
2433 1543 2657 1617 Ἀλεξίῳ
2741 1541 3002 1619 διάδοχος
3077 1545 3360 1620 γεγένηται
3437 1550 3539 1612 τῆς
3609 1544 3810 1618 ἀρχῆς,

384 1639 501 1697 οὐδ’
529 1638 858 1716 ἐμϐραδυνεῖ
913 1644 1034 1702 ταῖς
1083 1637 1202 1692 κατ’
1271 1635 1431 1690 αὐτὸν
1489 1635 1848 1711 ἀφηγήσεσιν,
1909 1637 1996 1706 [Ρ.
2057 1634 2133 1706 4.]
2193 1631 2374 1708 ὥσπερ
2433 1633 2485 1689 έν
2557 1639 2675 1694 τοῖς
2731 1633 2920 1712 ἐφεξῆς
2975 1634 3252 1708 ἐργάσεται
3310 1631 3520 1708 λόγοις,
3579 1635 3667 1686 οἷα
3721 1633 3808 1686 καί

387 1734 548 1803 ἡμῶν
582 1731 658 1803 μή
690 1731 756 1784 τὰ
797 1733 914 1790 τοῖς
971 1725 1279 1804 ὀφθαλμοῖς
1337 1723 1428 1778 ἐπὶ
1494 1721 1637 1794 τῷδε
1691 1720 2120 1798 παρειλημμένα
2177 1722 2660 1799 συγγραφομένων,
2719 1723 3000 1786 κάντεῦθεν
3057 1719 3186 1795 μηδ’
3245 1719 3520 1792 ἀποτάδην
3567 1719 3808 1796 ἐχόντων

386 1825 557 1878 ταῦτα
588 1817 852 1890 διεξιέναι,
887 1816 1014 1872 ἀλλ’
1045 1817 1180 1890 ἅπερ
1225 1816 1302 1876 είς
1359 1815 1527 1882 ἀκοὴν
1589 1813 1758 1867 ὠτίου
1817 1811 2122 1889 εἷ’λήφαμεν
2183 1811 2243 1866 ἐκ
2295 1815 2404 1866 τῶν
2465 1812 2584 1866 ὅσοι
2640 1816 2748 1867 τῶν
2807 1813 2924 1876 καθ’
2981 1814 3130 1886 ἡμᾶς
3181 1813 3271 1866 τὸν
3329 1809 3558 1886 βασιλέα
3587 1823 3814 1878 τουτονὶ

383 1909 666 1966 ἐθεάσαντο
723 1908 814 1962 καὶ
873 1909 1260 1980 συνωμάρτουν
1319 1903 1513 1976 ἐκείνῳ
1569 1901 1706 1978 πρὸς
1763 1899 2031 1962 ἐναντίους
2093 1905 2368 1977 χωροῦντι
2419 1902 2510 1956 καὶ
2583 1901 2680 1964 τὰς
2757 1903 2940 1980 μάχας
3019 1899 3472 1970 συνετολόπεσον,
3547 1901 3807 1973 ’Ἄμεινον

383 1997 428 2053 δ’
461 1997 700 2062 ἐντεῦθεν
734 1998 1016 2072 ἄρξασθαι.

454 2089 526 2142 ΙΙ.
560 2088 796 2144 Alexius
853 2091 1190 2142 Comnenus
1248 2084 1568 2155 imperator
1617 2081 1768 2136 ﬁlios
1817 2085 1935 2135 tres
1979 2083 2031 2135 et

2217 2079 2294 2136 B'.
2355 2082 2443 2150 Τῷ
2491 2079 2677 2136 ἄνακτι
2736 2078 2966 2153 ’Δλεξίῳ
3022 2084 3101 2152 τῷ
3151 2083 3428 2152 Κομνηνῷ
3485 2078 3594 2133 υἱοὶ
3651 2083 3816 2152 τρεῖς

383 2180 633 2246 quatuor
659 2175 811 2230 ﬁlias
837 2173 1062 2230 habuit.
1125 2173 1171 2230 8
1223 2173 1376 2228 Inter
1431 2171 1640 2226 fratres
1687 2173 1827 2225 natu
1859 2168 2040 2224 maxi-

385 2280 518 2320 mus
546 2263 802 2320 Joannes
833 2263 946 2317 fuit
977 2279 991 2330 ;
1027 2267 1194 2317 Anna
1241 2276 1376 2316 vero
1427 2257 1814 2331 primsgenita
1871 2257 2040 2313 Nice-

385 2355 570 2426 phoro
601 2353 868 2426 Bryenio,
895 2351 1208 2408 Cesarissa
1244 2349 1551 2422 appellata,
1605 2349 1828 2420 nupsit.
1869 2347 2043 2404 Joan-

385 2459 520 2499 nem
580 2447 744 2515 pater
803 2442 1054 2498 maxime
1111 2439 1334 2508 dilexit,
1395 2438 1664 2510 datisque
1729 2435 2038 2510 purpureis

385 2533 596 2590 calceis
629 2531 873 2604 imperio
925 2529 1232 2586 destinavit
1279 2533 1338 2585 et
1379 2527 1786 2600 imperatorem
1837 2524 2035 2597 appel-

383 2623 626 2680 landum
667 2624 907 2678 curavit.
959 2625 1124 2678 Irene
1171 2635 1302 2676 vero
1357 2622 1546 2674 mater
1583 2623 1639 2674 et
1691 2617 2039 2689 imperatrix

385 2717 589 2768 contra
619 2711 764 2766 nihil
793 2717 975 2768 Annae
1009 2709 1140 2764 tiliae
1171 2707 1488 2776 deferebat,
1522 2721 1713 2778 neque
1749 2705 2034 2762 Joannem

388 2803 544 2873 apud
601 2801 858 2858 Alexium
920 2801 1198 2856 maritum
1249 2803 1312 2854 ut
1357 2796 1734 2853 temerarium
1784 2801 1838 2851 et
1895 2794 2032 2850 luxu

384 2891 673 2962 perditum
706 2891 960 2946 etlevem
996 2907 1061 2946 ac
1112 2889 1282 2958 plane
1329 2887 1634 2943 vecordem
1685 2883 2034 2940 calumniari

383 2995 498 3034 non
533 2979 864 3044 desistebat,
899 2993 1087 3048 neque
1120 2977 1444 3048 quidquam
1468 2975 1720 3030 habebat
1737 2973 2033 3044 antiquius

378 3083 554 3137 quam
589 3075 650 3122 ut
679 3070 1093 3139 imperatorem
1149 3067 1220 3120 ad
1281 3065 1630 3120 mutandam
1691 3063 1762 3118 de
1808 3066 2034 3118 Joanne

380 3156 732 3212 sententiam
767 3155 1164 3226 compelleret.
1206 3151 1536 3224 Aliquando
1611 3152 1787 3206 etiam
1865 3151 2032 3222 Brye-

381 3245 546 3300 nium
581 3261 682 3314 per
711 3243 1072 3299 occasionem
1104 3242 1353 3298 summis
1383 3241 1660 3297 laudibus
1703 3239 2033 3297 celebrabat

379 3337 442 3387 ul:
515 3336 572 3386 et
643 3329 1194 3402 eloquentissimum
1269 3334 1327 3385 et
1389 3329 1562 3385 rebus
1614 3329 1883 3401 gerendis
1925 3345 2028 3400 ap-

2153 2165 2246 2220 καὶ
2313 2169 2600 2244 θυγατέρες
2665 2167 2918 2243 τέσσαρες
2983 2169 3322 2246 ἐγεγένηντο.
3401 2171 3500 2224 Ἦν
3587 2164 3645 2221 δὲ
3697 2172 3812 2222 τῶν

2157 2255 2252 2328 μὲν
2320 2253 2532 2330 ἀνδρῶν
2592 2257 2620 2311 ὁ
2675 2257 2926 2328 Ἰωάννης
2985 2257 3123 2312 κατᾶ
3177 2259 3380 2334 γένεσιν
3439 2253 3818 2333 προφερέστε-

2153 2363 2269 2418 ρος,
2319 2346 2674 2419 πρωτογενής
2733 2341 2780 2398 δ’
2843 2344 3090 2400 ἁπάντων
3157 2349 3266 2400 τῶν
3340 2343 3392 2414 ἐξ
3460 2344 3660 2421 ὀσφύος
3715 2347 3794 2415 τῷ

2150 2431 2379 2505 ’Δλεξίῳ
2453 2435 2487 2501 ἡ
2565 2435 2809 2510 θυγάτηρ
2883 2437 3044 2490 Ἀννα
3117 2437 3450 2510 καθεωρᾶτο,
3527 2433 3652 2502 ἣτις
3715 2431 3792 2493 εἷς

2151 2517 2320 2596 λέχος
2365 2527 2446 2593 τῷ
2487 2523 2730 2595 Βρυενίῳ
2770 2524 3067 2602 Νικηφόρῳ
3114 2525 3450 2594 συνέζευγτο,
3499 2523 3792 2596 τιμηθεῖσα

2151 2611 2500 2684 Καισάρισσα.
2537 2612 2592 2665 Ὀ
2651 2610 2906 2686 βασιλεὺς
2951 2611 3129 2668 τοίνυν
3177 2613 3268 2667 καὶ
3313 2610 3503 2674 τοκεὺς
3552 2609 3792 2680 Ἀλέξιος

2152 2698 2389 2772 μάλιστα
2418 2704 2524 2754 τῶν
2575 2697 2761 2756 ἄλλων
2801 2698 3014 2756 παίδων
3055 2705 3134 2773 τῷ
3185 2701 3404 2775 Ἰωάννῃ
3455 2701 3790 2774 προσέκειτο.

2149 2787 2376 2860 Ἀμέλει
2433 2807 2523 2844 τοι
2588 2790 2678 2845 καὶ
2743 2794 2936 2846 τοῦτον
3004 2789 3284 2864 ἐπικρίνας
3351 2797 3452 2858 τῆς
3516 2789 3796 2865 βασιλείας

2148 2872 2408 2952 διάδοχον
2437 2877 2787 2953 καταλείψειν
2821 2878 3051 2956 ἐρυθροῦ
3091 2881 3150 2935 τέ
3199 2880 3251 2933 ol
3299 2876 3527 2934 πεδίλου
3579 2875 3796 2951 μετεδε-

2147 2963 2310 3020 δώκει
2368 2969 2457 3022 καί
2513 2966 2742 3042 βασιλέα
2787 2965 3038 3023 ἐδεδώκει
3123 2967 3559 3044 ἅναγορεύεσθαι.
3615 2967 3676 3022 Ἦ
3737 2961 3794 3020 δὲ

2147 3059 2332 3130 μήτηρ
2382 3056 2469 3110 καὶ
2534 3055 2752 3130 βασιλὶς
2811 3057 3019 3132 Εἰρήνη
3070 3062 3139 3131 τῇ
3191 3058 3418 3133 θυγατρὶ
3472 3059 3633 3130 Ἀννῃ
3691 3055 3790 3124 τὴν

2143 3148 2314 3198 πᾶσαν
2347 3142 2406 3198 ἐκ
2451 3146 2548 3198 τοῦ
2603 3141 2843 3199 ἐναντίου
2887 3145 3228 3219 χαριζομένη
3289 3145 3463 3219 ῥοπὴν
3513 3145 3612 3199 οὐκ
3657 3143 3787 3198 ἀνίει

2141 3235 2290 3308 παρᾶ
2336 3237 2414 3305 τῷ
2481 3231 2803 3308 συλλέκτρῳ
2857 3235 3085 3308 Ἃλεξίῳ
3141 3235 3232 3291 τὸν
3303 3235 3559 3302 Ἰωάννην
3615 3231 3790 3288 ἐνδια-

2143 3315 2448 3393 ϐάλλουσα,
2499 3329 2744 3396 προπετῆ
2803 3325 2992 3378 τοῦτον
3047 3321 3426 3395 ἀποκαλοῦσα,
3483 3323 3572 3378 καὶ
3629 3323 3786 3398 ὑγρὸν

375 3421 698 3488 tissimum,
777 3425 833 3476 et
905 3419 1253 3476 liberalibus
1327 3419 1580 3486 artibus,
1612 3419 2026 3490 quaeanimum

2144 3417 2230 3472 τὸν
2267 3417 2386 3492 βίον
2443 3417 2872 3488 ἐπιτωθάζουσα,
2937 3418 3341 3496 παλίνστροφόν
3424 3439 3482 3474 τε
3536 3419 3598 3474 τὸ
3649 3418 3786 3486 ἦθος

375 3513 444 3566 ad
479 3487 752 3566 virtutem
783 3509 1104 3566 informant
1142 3513 1200 3565 et
1227 3511 1294 3565 ad
1331 3487 1648 3582 imperium
1675 3509 1782 3564 rite
1811 3525 2025 3582 geren-

2144 3506 2229 3562 καὶ
2265 3487 2496 3579 μηδαμῆ
2557 3487 2728 3579 μηδὲν
2783 3507 2932 3582 ὑγιὲς
2981 3487 3200 3586 ἔχοντα,
3251 3487 3342 3564 καὶ
3389 3509 3644 3581 τιθεμένη
3699 3504 3789 3562 διὰ

377 3601 518 3656 dum
547 3603 603 3655 et
633 3600 916 3655 tuendum
961 3599 1216 3655 maximo
1271 3599 1609 3669 adiumento
1661 3597 1798 3668 sint,
1831 3599 2030 3654 erudi—

377 3695 522 3744 tum.
601 3689 834 3745 Alexius
907 3704 1042 3744 vero
1119 3704 1254 3743 cum
1330 3687 1454 3744 hac
1531 3687 1779 3742 materni
1855 3687 2026 3743 aﬂ‘ec-

375 3784 468 3833 tus
500 3779 654 3834 haud
693 3778 936 3848 ignarus
963 3777 1210 3842 audiret.
1243 3775 1390 3832 alias
1441 3792 1503 3832 se
1540 3775 1904 3848 gravioribus
1935 3793 2030 3832 ne-

383 3865 556 3936 gotiis
597 3872 940 3936 occupatum
973 3864 1146 3920 verba
1179 3863 1278 3920 illa
1309 3879 1548 3933 prorsus
1569 3879 1684 3918 non
1715 3879 1916 3919 curare
1945 3864 2028 3919 si-

377 3954 662 4021 mulabat,
696 3953 844 4010 alias
879 3960 1111 4024 tempus
1155 3953 1226 4008 ad
1276 3951 1718 4008 deliberandum
1757 3957 2029 4022 sumptu-

376 4061 506 4099 rum
542 4060 726 4112 neque
757 4044 1094 4114 petitionem
1125 4043 1254 4113 ejus
1287 4041 1686 4112 neglecturum
1716 4058 1844 4097 esse
1875 4042 2029 4096 afﬁr-

373 4133 592 4187 mabat.
625 4132 814 4186 Semel
871 4147 1004 4186 vero
1057 4137 1381 4202 temperare
1435 4131 1483 4186 9
1545 4131 1655 4186 sibi
1695 4147 1809 4185 non
1838 4130 2028 4200 potuit

373 4219 518 4290 quin
551 4235 680 4274 eam
714 4219 794 4274 ita
827 4219 1256 4289 alloqueretur:
1289 4242 1318 4270 «
1369 4219 1414 4274 Ο
1461 4219 1674 4275 mulier
1723 4223 1781 4274 et
1808 4218 1940 4274 lecti
1972 4225 2028 4274 et

371 4309 608 4379 imperii
649 4308 763 4362 mei
823 4309 1134 4380 particeps,
1195 4325 1309 4364 non
1366 4309 1600 4364 tandem
1653 4323 1722 4364 ea
1781 4309 2027 4363 suadere

373 4396 512 4452 mihi
545 4397 774 4452 desines
809 4413 934 4469 quae
961 4397 1094 4454 filiae
1126 4403 1238 4453 tua:
1269 4401 1430 4468 grata
1461 4401 1622 4466 sunt,
1655 4403 1708 4452 et
1731 4395 1927 4452 conari
1961 4400 2026 4451 ut

373 4487 512 4542 ordo
549 4487 920 4544 laudabiliter
971 4487 1279 4544 institutus
1313 4485 1620 4542 turbetur?
1649 4487 1800 4557 quod
1835 4485 1880 4541 si
1911 4503 2023 4542 nu-

2137 3596 2338 3657 παντὸς
2385 3593 2656 3671 ἀσχολίας
2705 3597 2885 3668 πάσης
2935 3595 3205 3672 ἀνώτερον
3267 3595 3592 3671 σπούδασμα
3635 3597 3786 3660 ὅπως

2141 3686 2427 3758 μετάθοιτο
2479 3686 2580 3754 τὴν
2634 3685 2865 3760 γνώμην
2923 3686 2950 3740 ὁ
3024 3685 3279 3761 βασιλεὺς
3359 3685 3428 3756 ἢν
3505 3687 3652 3762 εἶχεν
3709 3685 3777 3740 ἐπ

2137 3773 2284 3845 αὐτῷ
2323 3775 2732 3847 κυρωσάμενος.
2787 3775 3050 3850 Ἐνιαχοῦ
3101 3771 3158 3830 δὲ
3205 3775 3297 3830 καὶ
3355 3773 3523 3849 λόγου
3572 3775 3792 3850 πρόφα-

2139 3883 2218 3916 σιν
2291 3864 2382 3917 τὸν
2461 3863 2708 3938 Βρυένιον
2786 3866 3237 3940 παρεισφέρουσα,
3293 3865 3576 3926 παντοίοις
3625 3863 3786 3919 αὐτὸν

2137 3952 2380 4012 ἐπαίνοις
2411 3951 2734 4024 κατέστεφεν
2791 3951 2882 4008 ἂτε
2925 3953 3092 4008 εἰπεῖν
3149 3953 3482 4008 ἐκανώτατον
3539 3953 3631 4008 καὶ
3689 3953 3792 4008 οὐκ

2135 4038 2392 4094 ἐλάττονα
2447 4037 2857 4114 διαπράξασθαι,
2915 4042 3007 4096 καὶ
3065 4042 3408 4115 μαθημάτων
3469 4041 3790 4118 ἐλευθερίων

2139 4127 2547 4206 μεταλαχόντα,
2609 4129 2890 4204 ῥυθμίζειν
2939 4131 3002 4186 τὸ
3059 4133 3192 4200 ἦθος
3239 4129 3460 4187 εἰδότων
3507 4133 3598 4186 καὶ
3649 4133 3788 4206 πρὸς

2139 4214 2418 4289 βασιλείαν
2498 4213 2884 4288 ἀδιαλώϐητον
2959 4219 3020 4274 οὐ
3092 4216 3303 4294 βραχέα
3377 4222 3784 4295 συναιρομένων

2131 4311 2250 4368 τοῖς
2279 4304 2472 4380 ἄρχειν
2527 4304 2850 4380 μέλλουσιν.
2901 4309 2958 4362 Ὀ
3007 4305 3052 4362 δ’
3097 4307 3338 4381 Ἀλέξιος
3386 4313 3552 4364 ταῦτα
3601 4309 3786 4364 ἑνωτι-

2133 4399 2364 4470 ζόμενος
2410 4397 2500 4452 καὶ
2561 4397 2620 4452 τὸ
2680 4405 2934 4474 μητρῷον
2991 4397 3216 4478 φίλτρον
3273 4399 3652 4475 ἐπιστάμενος,
3707 4403 3792 4470 πῆ

2135 4488 2229 4560 μὲν
2281 4485 2476 4549 ἄλλοις
2527 4487 2587 4543 ἐκ
2641 4493 2740 4544 τοῦ
2807 4485 3004 4564 σχεδὸν
3061 4489 3443 4566 κατεπείγουσι
3503 4494 3790 4566 πράγμασι

371 4575 546 4631 minis
573 4575 824 4648 alicujus
853 4577 940 4633 ira
995 4575 1219 4650 percita
1293 4591 1376 4640 es,
1409 4575 1480 4630 ad
1555 4591 1758 4630 sanam
1835 4575 2022 4632 redito

2144 4577 2447 4650 χαρίζεσθαι
2504 4577 2596 4632 τὸν
2653 4581 2777 4632 νοῦν
2843 4577 3228 4652 πλαττόμενος
3297 4577 3424 4635 οὐδὲ
3489 4582 3788 4656 προσέχειν

369 4669 760 4736 mentem;ac
805 4667 1001 4738 potius
1053 4681 1284 4722 mecum
1339 4663 1705 4720 considerato
1751 4681 1822 4719 an
1870 4664 2022 4720 ullus

2144 4666 2280 4728 Dum:
2311 4672 2428 4728 τοῖς
2463 4667 2783 4740 λεγομένοις
2813 4673 3223 4742 προσεποιεῖτο,
3273 4675 3350 4739 πῆ
3396 4666 3441 4723 δ’
3493 4668 3546 4730 ἐς
3597 4667 3794 4744 σκέψιν

363 4768 624 4824 unquam
656 4772 725 4810 ex
756 4756 1162 4827 superioribus
1209 4756 1598 4811 Romanorum
1649 4754 2019 4826 imperatori-

2144 4753 2391 4810 Ξιπολύων
2419 4756 2486 4810 τὰ
2535 4755 2898 4832 εἰσηγούμενα
2949 4757 3025 4830 μή
3083 4757 3144 4812 ἅν
3198 4759 3298 4828 τήν
3357 4757 3572 4828 α’ίτησιν
3611 4757 3792 4829 αὐτῆς

365 4841 500 4910 bus,
535 4859 666 4897 cum
699 4843 888 4900 ﬁlium
923 4845 1170 4916 imperio
1198 4846 1474 4901 idoneum
1505 4843 1763 4913 haberet,
1809 4859 1876 4900 eo
1929 4861 2024 4900 ne-

2144 4841 2583 4918 ιιαραϐλέψασθαι
2635 4843 2965 4921 ἰσχυρίζετο.
3014 4845 3219 4904 Ἐνίοτε
3275 4843 3332 4901 δὲ
3389 4847 3479 4902 καὶ
3533 4847 3794 4904 τοιοῦτόν

363 4930 552 5000 glecto
608 4947 884 5002 generum
947 4935 1297 5006 praetulerit:
1345 4951 1412 4990 ac
1455 4938 1518 4989 ut
1561 4933 1874 5006 aliquando
1905 4933 2020 4990 tale

2144 4955 2188 4988 τι
2228 4935 2608 5008 παθηνάμενος
2665 4933 2897 5011 εἷ’ρηκενο
2961 4960 2986 4988 ιι
3047 4937 3116 4990 Ὦ
3173 4935 3348 5010 γύναι,
3405 4939 3632 4993 κοινωνέ
3685 4957 3792 5010 μοι

367 5019 669 5091 quippiam
745 5023 1040 5090 acciderit,
1095 5027 1250 5095 quod
1311 5041 1440 5080 raro
1492 5025 1710 5080 factum
1759 5029 1868 5093 est,
1919 5041 2022 5096 pro

2144 5023 2338 5097 λέχους
2369 5026 2459 5078 καὶ
2497 5023 2796 5099 βασιλείας,
2825 5025 2886 5080 οὐ
2926 5027 2992 5082 τὰ
3041 5027 3175 5099 πρὸς
3226 5026 3390 5102 χάριν
3437 5028 3620 5101 παύσῃ
3677 5033 3790 5095 τῆς

367 5107 494 5178 lege
525 5107 860 5164 habendum
923 5127 1036 5166 non
1099 5113 1250 5168 erit:
1301 5131 1334 5168 a
1384 5129 1476 5168 me
1527 5113 1872 5183 praesertim,
1923 5111 2022 5183 qui

2144 5119 2234 5182 τῆς
2301 5113 2660 5188 ὑποτιθεμένη
2735 5135 2826 5186 μοι
2897 5114 3182 5189 θυγατρὸς,
3246 5115 3508 5187 ἁρμονίαν
3573 5136 3632 5170 τε
3685 5116 3786 5170 καὶ

365 5211 496 5252 cum
549 5213 794 5266 regnum
849 5199 1001 5254 haud
1051 5200 1421 5256 laudabiliter
1468 5201 1568 5255 sed
1617 5201 1872 5255 caedibus
1921 5217 2019 5256 co-

2144 5201 2279 5272 τάξιν
2335 5201 2692 5276 ἐπιχειροῦσα
2741 5200 2890 5257 λύειν
2949 5201 3252 5274 ἐπαινετὴν,
3315 5203 3389 5262 ὡς
3447 5202 3592 5276 ε’ἱπερ
3653 5213 3790 5266 θεο-

361 5292 675 5357 gnatorum
721 5291 778 5342 et
839 5287 1168 5343 rationibus
1225 5287 1295 5343 ab
1345 5287 1633 5344 institutis
1665 5287 2018 5346 Christiano-

2144 5285 2395 5356 ϐλαϐείας
2443 5291 2839 5366 μετέσχηκας;
2892 5289 3064 5347 Βάλλ⁹
3125 5289 3180 5356 ἐς
3235 5291 3412 5367 τύχην
3457 5291 3686 5368 ἀγαθήν
3745 5291 3792 5362 ἢ

1733 5495 1904 5556 Hier.
1938 5495 2146 5558 Wolﬂi
2181 5502 2370 5558 notae.

430 5715 508 5788 (7)
538 5715 836 5789 ⁶Ἀρξαντος
887 5711 1120 5788 πρώτως
1167 5709 1431 5789 Ἀλεξίου.
1481 5707 1739 5789 Respicit
1786 5713 1856 5766 ad
1905 5729 2012 5768 sua.

2144 5713 2391 5789 .ioticum
2420 5715 2764 5789 imperavit;
2797 5717 2892 5773 cui
2935 5717 3356 5776 Constantinus
3402 5716 3596 5774 Ducas
3625 5730 3798 5772 suc—

357 5781 734 5856 potissimum
766 5781 1054 5858 tempora,
1089 5791 1151 5842 ut
1183 5781 1434 5842 arbitror
1467 5801 1493 5858 εΔ
1512 5781 1648 5858 nam
1678 5781 2012 5858 longeﬂante
2123 5785 2318 5856 cessit,
2353 5791 2418 5843 ut
2445 5781 2620 5844 rel‘ert
2647 5781 2924 5848 Zonaras.

351 5853 623 5917 Alcxium
653 5853 913 5918 Isaacius
943 5863 1276 5916 Comnenus
1307 5861 1437 5930 post
1475 5853 1821 5912 Michaelem
1851 5855 2008 5913 Stra-
