4150 6292
312 433 437 495 3‘25

1908 439 2306 506 HISTORIA.

3674 451 3797 512 326

341 570 562 643 μᾶλλον
626 570 801 648 δεῦρο
866 577 1034 647 κοινῇ
1087 570 1629 646 συνδιασκεψώμεθα,
1691 570 1778 626 καὶ
1832 574 2040 647 γνωσό-

2172 595 2282 634 ὐῐΠ
2316 579 2524 637 alienis
2555 581 2911 651 occuparim,
2943 581 3050 638 toti
3082 582 3346 638 Romano
3378 582 3622 655 imperio
3653 587 3803 642 risui

353 662 486 734 μεθα
544 661 634 727 τίς
704 664 762 735 ἒξ
841 663 1096 718 ὁπάντων
1187 667 1296 719 τῶν
1364 662 1550 734 πρώην
1615 660 1682 716 τὰ
1745 661 2036 734 Ῥωμαίων

361 757 611 825 σκῆπτρα
680 752 1150 830 παρειληφότων,
1219 751 1335 806 υἱὸν
1418 744 1562 824 ἔχων
1621 748 1886 824 ἁρμόδιον
1963 751 2040 814 εἰς

368 839 568 914 ἀρχὴν,
628 839 839 896 τοῖιτον
908 842 1003 914 μὲν
1055 836 1462 916 παρεϐλέψατο,
1520 834 1766 916 γαμϐρὸν
1825 837 1880 894 δὲ
1909 838 2040 904 ἀνθ-

369 927 585 997 εἷλετο;
632 931 705 987 Εἰ
760 928 822 986 δέ
881 951 1018 984 ποτε
1072 931 1162 984 καὶ
1219 927 1429 985 τοιόνδε
1479 949 1531 982 τι
1583 923 1944 1000 ξυμϐέϐηκεν,
1977 929 2041 983 οὐ

372 1018 561 1091 νόμον,
592 1020 640 1074 ὧ
669 1019 859 1095 γύναι,
919 1021 983 1074 τὸ
1036 1021 1256 1074 σπάνιον
1309 1017 1654 1092 ἡγησόμεθα.
1698 1020 1782 1090 [Ρ.
1816 1020 1894 1090 5.]
1926 1018 2044 1074 Ἐπ’

384 1113 504 1188 ἐμοὶ
537 1113 595 1170 δὲ
641 1115 734 1170 καὶ
799 1115 952 1190 μάλα
1011 1117 1249 1192 καπυρὸν
1289 1113 1536 1190 γελάσειε
1566 1115 1627 1168 τὸ
1659 1115 2044 1188 Πανρώμαιον,

389 1208 472 1260 καὶ
531 1210 641 1261 τῶν
701 1213 914 1285 φρενῶν
972 1207 1214 1281 κριθείην
1274 1205 1586 1274 ἀποπεσὼν,
1637 1204 1682 1258 εἰ
1738 1205 1836 1272 τὴν
1892 1205 2045 1280 βασι-

393 1294 537 1350 λείαν
572 1295 674 1350 οὒκ
702 1293 1002 1358 ἒπαινετῶς
1038 1294 1286 1374 εἲληφὼς
1335 1291 1462 1348 ἀλλ’
1511 1292 1734 1365 α’ἰμασιν
1769 1294 2046 1369 ὁμογενῶν

394 1384 476 1439 mi
545 1382 802 1458 μεθόδοις
889 1389 1292 1458 Χριστιανικῶν
1349 1383 1734 1458 ἆφισταμέναις
1810 1386 2047 1456 θεσμῶν,

399 1472 587 1543 δεῆσαν
626 1473 831 1545 ταύτης
886 1473 1158 1551 ἀφεικέναι
1218 1470 1497 1548 διάδοχον,
1534 1474 1597 1528 τὸ
1636 1473 1730 1546 μὲν
1763 1472 1813 1542 ἐξ
1846 1472 2052 1550 ὀσφύος

400 1561 855 1636 ἇποπεμῲαίμην,
911 1563 1006 1617 τὸν
1063 1559 1122 1616 δὲ
1178 1559 1458 1618 Μακεδόνα
1534 1561 1956 1634 εἰσοικισαίμην,
2019 1586 2047 1612 ›ο

397 1661 485 1714 τὸν
538 1660 795 1734 Βρυένιον
857 1661 1007 1715 οὕτω
1076 1660 1272 1734 λέγων,
1340 1658 1456 1714 ἐπεὶ
1502 1658 1592 1713 καὶ
1623 1657 1672 1728 ἐξ
1707 1655 2050 1732 Ὀρεστιάδος

398 1749 648 1824 ὥρμητο·
713 1750 814 1822 μία
874 1747 922 1802 δ’
981 1749 1115 1820 αὕτη
1173 1753 1278 1803 τῶν
1336 1745 1674 1820 εὐδαιμόνων
1718 1747 1806 1802 καὶ
1861 1746 2050 1821 κρατί-

397 1859 534 1892 στων
601 1841 752 1914 παρά
807 1833 1113 1897 Μακεδόσιν
1170 1835 1408 1896 πόλεων.
1464 1839 1704 1893 Τοιαῦτα
1761 1837 1896 1911 πρὸς
1951 1837 2051 1906 τὴν

400 1927 720 2002 βασίλισσαν
779 1927 1021 2002 Εἴρήνην
1087 1921 1360 2001 έμϐριθῶς
1405 1927 1432 1981 6
1483 1925 1732 1996 Ἀλέξιος
1793 1926 2048 2003 φάμενος,
2084 1949 2128 2015 Β

392 2027 544 2098 ’ὅμως
609 2029 699 2082 καὶ
761 2024 930 2081 πάλιν
993 2026 1084 2080 τὸν
1148 2023 1418 2099 μηδαμῶς
1460 2025 1756 2081 ἀπειπόντα
1814 2024 2050 2099 ὐποκρι-

394 2118 645 2189 νόμενος,
716 2113 877 2193 διῆγε
934 2117 1034 2185 τὴν
1086 2122 1316 2190 γυναῖκα
1371 2118 1751 2188 σκηπτόμενος
1816 2115 1898 2170 ἀεὶ
1965 2117 2055 2170 τὸν

391 2208 784 2278 σκεπτόμενον·
846 2205 914 2274 ἦν
985 2204 1110 2279 γὰρ,
1169 2204 1214 2258 εἰ
1271 2205 1361 2260 καὶ
1409 2225 1494 2267 τις
1535 2203 1733 2273 ἄλλος,
1766 2203 2054 2279 κρυψίνους

392 2295 420 2348 6
452 2297 589 2370 ἀνὴρ
650 2295 838 2364 οὗτος,
895 2294 987 2348 καὶ
1048 2293 1216 2370 σοφὸν
1247 2293 1554 2369 ἡγούμενος
1613 2294 1692 2348 ἀεὶ
1742 2294 1806 2349 τὸ
1837 2292 2056 2369 περίερ-

389 2405 508 2461 γον,
581 2383 725 2457 μηδὲ
789 2383 857 2438 τὰ
923 2381 1114 2436 πολλὰ
1187 2381 1560 2458 ὲξάγγελτικὸς
1630 2386 1727 2436 τοῦ
1793 2383 2056 2451 ποιητέου

390 2480 763 2556 δεικνῦμενος.
824 2480 1178 2556 Ἐγγίζοντος
1237 2479 1293 2535 δέ
1363 2481 1415 2534 οἱ
1477 2484 1574 2535 τοῦ
1628 2482 1899 2554 τέρματος
1957 2486 2059 2549 τῆς

389 2578 541 2640 ζωῆς
582 2574 610 2626 6
669 2573 759 2643 μὲν
811 2568 990 2625 ἔκειτο
1041 2571 1216 2624 πνέων
1263 2570 1330 2624 τὰ
1380 2568 1598 2625 λοίσθια
1648 2568 1702 2625 ἐν
1759 2575 1877 2631 τοῖς
1923 2570 2058 2623 κατὰ

393 2661 495 2726 τὴν
548 2662 717 2731 μονὴν
770 2664 876 2714 τῶν
933 2658 1239 2734 Μαγγάνων
1300 2657 1717 2733 λαμπροτάτοις
1749 2655 2056 2732 οἰκοδομή·

413 2768 597 2819 μασιν,
659 2748 686 2800 'o
742 2745 798 2800 ’ὀὶ
849 2753 974 2809 παῖς
1041 2748 1297 2816 Ἰωάννης
1357 2748 1449 2802 τὸν
1507 2748 1712 2822 πατέρα
1778 2748 1918 2822 ὁρῶν
1987 2751 2055 2821 τῇ

405 2831 642 2907 τελευτῇ
706 2835 1090 2906 πλησιάζοντα,
1142 2835 1230 2890 καὶ
1278 2838 1376 2905 τὴν
1439 2838 1648 2911 μητέρα
1704 2833 1863 2898 εἰδὼς
1918 2837 2057 2891 ἀπο-

407 2934 738 3007 στέργουσαν
802 2936 881 2988 καὶ
936 2935 1008 3008 τῇ
1069 2931 1279 3012 ἀδελφῇ
1337 2936 1437 3002 τήν
1501 2934 1780 3008 βασιλείαν
1837 2935 2058 3007 μνωμέ-

393 3045 522 3093 νην,
576 3026 854 3078 κοινοῦται
899 3026 963 3078 τὸ
1013 3022 1272 3091 ποιητέον
1321 3029 1438 3084 τοῖς
1485 3021 1545 3076 ἐκ
1591 3029 1690 3092 τῆς
1748 3023 2056 3097 συγγενείας

387 3115 585 3185 ἐκείνῳ
617 3109 756 3186 φίλα
786 3112 1103 3190 φρονούσιν,
1151 3109 1224 3166 ὧν
1255 3113 1324 3167 τὰ
1370 3113 1630 3187 κράτιστα
1658 3113 1728 3181 ἦν
1759 3113 1786 3166 ὁ
1819 3109 2060 3192 ἀδκλφὸς

384 3205 691 3266 Ἰσαάκιος.
755 3203 859 3259 Καὶ
915 3200 984 3271 δὴ
1047 3198 1230 3265 λαθὼν
1281 3203 1384 3269 τὴν
1446 3202 1655 3275 μητέρα
1711 3201 1902 3256 εἳσεισι
1968 3203 2061 3256 τὸν

394 3307 631 3357 κοιτῶνα
701 3302 794 3356 τὸν
858 3299 1148 3374 πατρικὸν,
1217 3301 1308 3354 καὶ
1369 3300 1694 3374 προσπεσὼν
1763 3300 1839 3362 ὠς
1908 3297 1974 3369 δῆ

396 3394 685 3463 θρηνήσων
744 3392 1053 3467 ὑφαιρεῖται
1109 3388 1280 3464 λάθρα
1333 3397 1432 3459 τῆς
1485 3389 1688 3445 έκεῖνου
1738 3392 1926 3466 χειρὸς
1967 3391 2059 3445 τὸν

407 3487 787 3557 σφραγιστῆρα
819 3479 1136 3535 δακτύλιον.
1169 3479 1288 3536 Εἰσὶ
1332 3477 1379 3533 δ’
1428 3480 1480 3534 οἳ
1532 3481 1669 3535 κατά
1707 3483 1932 3554 γνώμην
1967 3485 2064 3535 τοῦ

401 3574 601 3644 πατρὸς
662 3569 826 3624 αὐτόν
889 3589 1020 3648 φασι
1077 3566 1202 3622 τόδε
1257 3567 1638 3638 πεποιηκέναι,
1701 3570 1774 3630 ὡς
1845 3566 2066 3624 δίδωσιν

400 3667 598 3723 ἐννοεῖν
653 3667 724 3723 τὰ
774 3667 910 3740 μετᾶ
962 3665 1147 3741 βραχὺ
1199 3663 1572 3740 ῥηθησόμενα.
1627 3665 1834 3722 Αὐτίκα
1889 3667 2066 3722 τοίνυν

405 3757 431 3808 6
484 3757 742 3826 Ἰωάννης
798 3754 928 3814 τοὺς
988 3753 1311 3828 συνίστορας
1357 3755 1637 3828 ἡθροικὼς
1684 3755 1775 3809 καὶ
1821 3757 1882 3811 τὸ
1930 3776 2066 3831 πρα-

408 3850 529 3922 χθὲν
585 3845 886 3925 ἡγγελκὼς
930 3845 1018 3900 ἐπὶ
1071 3844 1304 3914 κέλητος
1371 3847 1488 3918 μεθ’
1563 3844 1750 3900 ὅπλων
1803 3847 1942 3922 πρὸς
2004 3848 2067 3901 τὸ

412 3937 664 4012 μέγιστον
725 3936 954 4010 ἀρχεῖον
1034 3933 1342 4007 ἐξώρμησε,
1401 3935 1521 3989 κατ’
1579 3933 1750 4003 αὐτὴν
1801 3937 1900 4004 τὴν
1955 3940 2068 3990 τῶν

408 4036 710 4112 Manciva
749 4034 929 4107 μονήν
977 4032 1068 4086 καὶ
1128 4031 1220 4094 τὰς
1266 4031 1456 4107 ἀγυιὰς
1487 4031 1696 4104 ὁμοίως
1726 4039 1826 4100 τῆς
1855 4031 2072 4095 πόλεως

408 4127 509 4180 ὑπὸ
545 4124 797 4195 πλήθους
860 4125 963 4175 τοῦ
1026 4122 1338 4198 σύμφρονος
1396 4121 1482 4174 καὶ
1545 4125 1652 4175 τῶν
1709 4122 1845 4176 κατὰ
1877 4123 2068 4198 φήμην

409 4221 515 4269 τῶν
571 4213 869 4289 δρωμένων
931 4209 1370 4284 συναλιζομένων
1429 4210 1751 4266 ἀστυπόλων
1816 4210 2072 4286 βασιλεὺς

413 4306 759 4380 αὐτοκράτωρ
820 4300 1326 4379 ἀνευφημούμενος.
1387 4305 1449 4356 Ἡ
1511 4298 1730 4374 βασιλὶς
1775 4297 1830 4354 δὲ
1862 4301 2072 4374 Εἰρήνη

410 4397 493 4449 καὶ
529 4398 715 4468 μήτηρ
743 4398 845 4448 τοῦ
877 4391 1137 4448 Ἰωάθνου
1196 4392 1273 4460 (8)
1337 4389 1474 4465 πρὸς
1533 4392 1642 4443 τῶν
1676 4387 1817 4443 οὕτω
1847 4391 2073 4464 γινομέ-

411 4515 512 4546 νων
573 4486 989 4566 έκθαμϐηθεῖσα
1052 4485 1307 4541 στείλασα
1370 4485 1743 4559 μετεπέμπετο
1792 4487 1882 4540 τὸν
1935 4487 2074 4556 υἱὸν,

411 4582 494 4636 καὶ
549 4583 784 4660 παρῄνεί
841 4583 957 4633 τῶν
1018 4575 1071 4629 έν
1132 4575 1320 4653 χερσὶν
1381 4576 1742 4649 ἂποσχέσθαι.
1801 4575 1890 4640 Ὠς
1938 4573 1984 4629 δ’
2011 4575 2077 4644 ἧν

1982 3310 2067 3394 θεν
2097 3303 2140 3368 c
2169 3303 2246 3394 si

2151 668 2262 722 sim
2297 669 2529 725 futurus
2562 677 2618 726 et
2649 688 2752 742 pro
2783 672 2990 727 insano
3023 673 3350 741 habendus,
3397 672 3442 727 si
3489 673 3547 728 in
3589 675 3806 731 delibe-

2152 758 2374 813 ratione
2406 761 2816 829 successionis,
2845 777 3120 832 germano
3153 761 3270 818 ﬁlio
3319 763 3643 832 repudiato,
3680 764 3802 819 Ma-

2154 845 2431 900 cedonem
2472 846 2530 900 in
2561 845 2704 902 solio
2738 847 3039 903 collocare.
3086 869 3112 896 »
3160 847 3254 903 Sic
3305 853 3498 902 autem
3544 849 3804 920 appella-

2153 933 2253 987 bat
2284 933 2592 1006 Bryenium
2647 935 2944 992 Orestiade
2994 937 3160 992 beata
3203 940 3259 992 et
3316 939 3806 1008 praetentissima

2156 1024 2298 1079 urbe
2355 1024 2703 1082 Macedonia
2759 1026 3097 1082 oriundum.
3157 1026 3382 1089 Quibus
3440 1027 3628 1082 verbis
3670 1045 3804 1084 cum

2156 1111 2332 1167 Irenas
2356 1114 2694 1184 petitionem
2724 1115 2980 1186 graviter
3011 1115 3340 1184 refutasset,
3372 1120 3566 1170 tamen
3599 1117 3809 1172 deinde

2155 1216 2290 1256 eum
2324 1218 2437 1273 prae
2486 1219 2549 1258 se
2600 1204 2786 1259 ferens
2843 1203 2944 1275 qui
3000 1203 3454 1275 haudquaquam
3515 1212 3806 1277 negasset,

2161 1291 2465 1348 mulierem
2503 1299 2780 1366 perpetua
2813 1294 3249 1350 deliberationis
3293 1294 3665 1352 simulatione
3696 1297 3812 1350 dif-

2160 1379 2397 1449 ferebat,
2433 1383 2648 1454 quippe
2673 1383 2872 1451 homo,
2915 1383 2962 1439 si
3011 1383 3325 1455 quisquam
3379 1385 3551 1456 alius,
3600 1384 3809 1441 occulti

2161 1468 2364 1535 animi,
2400 1470 2501 1542 qui
2551 1471 2899 1541 sapientiam
2951 1472 3011 1527 in
3069 1472 3498 1528 dissimulando
3559 1475 3809 1546 positam

2162 1562 2325 1612 ratus
2356 1573 2486 1612 raro
2514 1558 2850 1623 admodum,
2880 1559 3019 1632 quid
3056 1561 3311 1618 facturus
3343 1563 3445 1617 10
3485 1567 3658 1628 esset,
3692 1579 3808 1634 pra:

2163 1661 2224 1700 se
2258 1646 2452 1701 ferret.
2485 1647 2748 1703 Instante
2783 1653 2976 1704 autem
3006 1649 3166 1704 obitu
3201 1666 3332 1705 cum
3366 1650 3423 1706 in
3457 1651 3808 1724 splendidis-

2163 1734 2330 1790 simis
2369 1737 2688 1808 Manganiaa
2748 1738 2917 1810 regite
2975 1738 3516 1796 substructionibus
3575 1741 3812 1796 decum-

2165 1823 2348 1891 beret,
2381 1828 2637 1882 Joannes
2667 1831 2722 1882 et
2752 1828 2879 1898 ejus
2907 1827 2990 1883 rei
3019 1832 3076 1883 et
3121 1829 3361 1884 materni
3414 1829 3530 1884 odii
3570 1846 3814 1900 gnarus,

2165 1927 2295 1982 quas
2326 1913 2632 1985 imperium
2676 1916 2735 1971 in
2767 1933 3023 1972 sororem
3057 1917 3318 1972 conferre
3362 1916 3660 1986 niteretur,
3713 1933 3814 1973 ne-

2165 2002 2390 2073 gotium
2425 2019 2557 2058 cum
2608 2004 2870 2076 cognatis
2929 2005 3019 2060 sui
3070 2005 3351 2061 studiosis
3400 2007 3815 2077 communicat,

2166 2105 2412 2160 quorum
2443 2091 2715 2164 princeps
2747 2094 3061 2150 eratfrater
3090 2094 3349 2151 Isaacius
3383 2113 3397 2152 :
3429 2100 3487 2152 et
3516 2096 3666 2152 clam
3696 2112 3815 2152 ma-

2164 2183 2250 2234 tre
2304 2189 2606 2250 paternum
2666 2181 3004 2239 cubiculum
3053 2183 3376 2258 ingressus,
3421 2190 3478 2240 et
3528 2190 3812 2257 tanquam

2166 2270 2439 2326 morbum
2471 2272 2600 2341 ejus
2630 2271 2931 2344 deplorare
2955 2272 3146 2342 vellet,
3171 2278 3495 2346 prostratus
3529 2275 3815 2331 annulum

2168 2356 2238 2412 de
2269 2374 2442 2414 manu
2475 2359 2602 2430 ejus
2634 2361 2899 2434 surripit.
2926 2362 3078 2418 Sunt
3107 2367 3302 2419 tamen
3335 2364 3436 2434 qui
3477 2365 3533 2418 id
3581 2380 3714 2420 eum
3745 2365 3815 2420 de

2167 2450 2458 2504 sententia
2508 2451 2696 2522 patris
2745 2452 2957 2508 fecisse
3009 2453 3350 2522 afﬁrmant;
3405 2454 3581 2526 idque
3629 2471 3696 2510 ex
3749 2454 3820 2508 iis

2168 2553 2297 2607 quae
2329 2554 2463 2592 mox
2488 2547 2809 2610 sequentur
2857 2540 2925 2595 fit
2970 2541 3289 2611 probabile.
3339 2542 3482 2598 Cum
3536 2547 3730 2598 autem
3759 2541 3819 2597 in

2167 2629 2316 2680 ecstu
2351 2642 2594 2682 suorum
2647 2644 2768 2684 rem
2819 2634 3045 2700 gestam
3097 2631 3479 2701 exposuisset,
3521 2648 3698 2702 eques
3745 2632 3817 2686 ad

2168 2714 2466 2770 maximam
2497 2716 2714 2787 regiam
2743 2717 3094 2788 properavit,
3127 2719 3308 2774 armis
3337 2719 3608 2790 stipatus,
3642 2724 3819 2789 atque

2168 2803 2225 2858 in
2260 2803 2386 2874 ipso
2418 2804 2729 2877 Manganio
2763 2805 3120 2861 monasterio
3169 2811 3225 2861 et
3276 2806 3436 2862 urbis
3483 2807 3820 2879 regionibus

2168 2909 2202 2948 a
2235 2893 2612 2948 multitudine
2641 2894 2731 2949 sui
2763 2895 3044 2964 studiosa,
3077 2898 3134 2950 et
3165 2893 3238 2950 iis
3274 2895 3373 2966 qui
3419 2896 3575 2951 fama
3614 2897 3694 2951 rei
3734 2913 3825 2951 ex-

2169 2982 2266 3038 citi
2298 2983 2356 3037 in
2392 2983 2529 3039 urbe
2563 2985 2967 3053 versabantur,
3021 2986 3338 3056 imperator
3381 2985 3669 3041 salutatus
3712 2992 3822 3042 est.

2168 3072 2390 3137 Quibus
2415 3071 2590 3130 rebus
2619 3072 2785 3130 Irene
2815 3073 3014 3130 territa
3049 3073 3237 3129 filium
3288 3076 3517 3130 monuit
3565 3083 3625 3130 ut
3674 3091 3826 3146 coep-

2169 3161 2245 3217 tis
2276 3161 2604 3218 desisteret'
2636 3163 2747 3218 Sed
2780 3179 2915 3219 cum
2946 3161 2996 3219 is
3029 3177 3260 3219 summo
3313 3163 3508 3219 studio
3559 3180 3680 3219 rem
3724 3180 3822 3220 ur-

2169 3254 2329 3321 geret
2361 3267 2550 3323 neque
2593 3252 2788 3308 verbis
2863 3251 3069 3308 matris
3121 3251 3440 3323 quidquam
3478 3259 3826 3321 moveretur,

2247 3340 2523 3409 yennium
2555 3340 2823 3398 hortatur
2855 3346 2920 3398 ut
2966 3358 3025 3398 se
3073 3342 3357 3412 adjutrice
3410 3358 3654 3414 regnum
3688 3343 3830 3399 affe-

2173 3433 2307 3484 ctet.
2353 3433 2426 3484 Ut
2473 3446 2604 3486 vero
2664 3445 2734 3486 ne
2785 3431 2869 3488 sic
2917 3430 3155 3502 quidem
3210 3447 3302 3486 res
3351 3432 3719 3501 procedebat,
3753 3433 3825 3486 ad

2176 3518 2453 3574 maritum
2501 3519 2719 3577 accedit
2769 3519 2828 3575 in
2881 3519 3031 3575 lecto
3081 3520 3521 3575 decumbentem
3561 3529 3615 3576 et
3664 3521 3823 3576 tenui

2176 3607 2389 3679 spiritu
2421 3608 2600 3663 vitam
2650 3609 2843 3665 adhuc
2888 3626 3002 3679 praa
3054 3624 3117 3664 se
3167 3608 3467 3678 ferentem,
3500 3614 3556 3663 et
3599 3609 3825 3680 corpori

2177 3697 2304 3767 ejus
2335 3697 2685 3752 incumbens
2716 3697 2868 3753 clare
2896 3698 3262 3766 vociferatur,
3316 3697 3593 3768 lacrymis
3643 3697 3831 3752 instar

2180 3783 2352 3838 fontis
2394 3783 2868 3853 exuberantibus,
2921 3784 3107 3838 filium
3158 3786 3252 3838 11
3310 3785 3434 3853 ipso
3495 3784 3682 3839 adhuc
3728 3801 3832 3839 su-

2180 3871 2418 3944 perstite
2469 3888 2557 3927 res
2615 3888 2794 3928 novas
2857 3871 3186 3927 molientem
3241 3888 3484 3941 regnum
3537 3873 3827 3930 affectare.

2183 3961 2282 4016 Ille
2311 3977 2446 4016 vero
2477 3960 2841 4033 gravioribus
2889 3961 3061 4015 rebus
3113 3969 3445 4031 occupatus,
3506 3961 3727 4017 scilicet
3767 3962 3826 4018 in

2181 4051 2312 4106 vitas
2334 4053 2576 4118 exitu,et
2597 4049 3042 4122 peregrinationi
3072 4049 3318 4120 jamjam
3361 4050 3604 4106 instanti
3637 4052 3828 4107 inten-

2185 4150 2296 4209 tus,
2329 4140 2516 4198 oculis
2548 4141 2616 4196 ad
2651 4139 2890 4211 angelos
2923 4139 3253 4195 animorum
3300 4140 3477 4196 duces
3515 4142 3835 4211 conversis,

2185 4231 2424 4286 nihilad
2457 4249 2524 4287 ea
2555 4230 2880 4302 respondit.
2922 4229 3027 4285 Illa
3083 4246 3216 4286 vero
3269 4231 3460 4287 acrius
3506 4236 3745 4303 urgente
3775 4235 3834 4288 et

2185 4321 2290 4376 ﬁlii
2313 4321 2463 4376 facta
2492 4320 2786 4390 aegerrime
2816 4320 3057 4390 ferente,
3085 4335 3212 4376 cum
3261 4320 3468 4392 exiguo
3519 4327 3834 4392 coactoque

2186 4413 2325 4481 risu,
2360 4412 2632 4467 manibus
2684 4411 2738 4464 in
2799 4408 3007 4466 cmlum
3061 4409 3332 4477 sublatis,
3366 4413 3488 4465 sive
3532 4427 3597 4463 eo
3631 4410 3836 4465 nuntio

2188 4501 2508 4556 delectatus
2537 4506 2594 4556 et
2636 4501 2750 4556 Deo
2795 4500 3009 4571 gratias
3075 4513 3254 4569 agens
3315 4498 3436 4552 sive
3489 4497 3838 4553 delictorum

2185 4590 2412 4646 veniam
2446 4607 2480 4645 a
2509 4589 2622 4644 Deo
2654 4587 2946 4660 ﬂagitans,
2994 4585 3162 4641 vultu
3215 4601 3415 4656 parum
3460 4583 3678 4638 blando
3708 4599 3833 4639 eam

415 4668 535 4734 ὅλος
561 4677 667 4727 τῶν
703 4666 1018 4747 δρωμένων
1055 4665 1082 4718 ὁ
1117 4665 1374 4734 Ἰωάννης
1431 4663 1520 4718 καὶ
1579 4665 1694 4718 κατ’
1727 4660 1917 4718 οὐδένα
1947 4663 2058 4739 τρό

2183 4679 2488 4750 castigavit
2534 4678 2683 4747 quod
2729 4676 2956 4748 imperii
3008 4673 3438 4729 contentionem
3487 4672 3543 4726 in
3578 4673 3838 4728 discessu

414 4781 506 4816 πον
560 4769 660 4832 τῆς
723 4758 947 4835 μητρὸς
1008 4751 1382 4832 ἐπεστρέφετο,
1441 4753 1531 4806 τὸν
1587 4751 1870 4826 Βρυέννιον
1917 4751 2068 4828 ὲπιρ-

407 4850 653 4924 ῥώννυσι-ι
712 4847 1010 4910 ἐπιθέσθαι
1071 4845 1141 4915 τῇ
1203 4839 1456 4915 βασιλείᾳ
1513 4842 1926 4918 συναρηγούσης
1977 4841 2074 4896 αὗ-

395 4961 505 5023 τῆς,
539 4957 625 5019 Ὠς
661 4953 710 5010 δ’
745 4948 870 5008 οὐδ’
922 4945 1074 5001 οὕτω
1133 4943 1200 4997 τὰ
1253 4945 1388 4997 κατά
1445 4943 1631 5016 σκέψιν
1667 4943 1810 5015 ἑώρα
1841 4937 2071 5017 προϐαί-

389 5066 560 5116 νοντα,
594 5045 858 5122 πρόσεισι
895 5039 984 5107 τῷ
1047 5027 1204 5122 ἀνδρῖ
1265 5029 1351 5122 ἐπὶ
1409 5030 1604 5102 κλίνης
1639 5029 1954 5105 έῤῥιμμένῳ
1983 5029 2072 5084 καὶ

382 5119 672 5216 βραχείαις
736 5127 1066 5190 ἀναπνοαῖς
1122 5120 1214 5176 τὸν
1275 5119 1451 5190 ζῶντα
1497 5122 2072 5195 ὑποσημαίνοντι,καὶ

2193 4768 2373 4825 animi
2400 4784 2432 4821 a
2463 4782 2701 4837 corpore
2733 4769 3006 4820 moveret.
3031 4763 3238 4818 Mulier
3278 4763 3475 4832 itaque
3516 4759 3672 4816 haud
3726 4763 3836 4817 du-

2185 4858 2271 4913 bie
2293 4855 2564 4910 maritum
2591 4854 2661 4908 iis
2691 4870 2818 4924 quas
2854 4851 3112 4908 audisset
3140 4849 3493 4906 delectatum
3532 4866 3658 4906 esse
3691 4855 3836 4916 rata,

2183 4952 2249 5002 ut
2273 4947 2394 5017 jam
2414 4944 2571 4999 omni
2594 4943 2872 4998 frustrata
2900 4956 3002 5011 spe
3025 4939 3114 5010 dej
3128 4943 3366 5009 eetaque
3395 4939 3690 5010 prioribus
3705 4955 3838 4995 con-

2183 5035 2493 5105 siliis,cum
2519 5047 2730 5103 magno
2754 5029 2982 5102 gemitu
3001 5027 3144 5083 dixit
3167 5044 3226 5083 :«
3243 5027 3287 5083 Ο
3307 5028 3533 5096 marite,
3562 5031 3618 5083 et
3637 5027 3838 5085 vivens

2184 5123 2454 5180 omnibus
2475 5119 2624 5177 dolis
2657 5120 2987 5174 instructus
3013 5115 3201 5186 fuisti,
3231 5117 3386 5172 aliud
3436 5117 3625 5172 dicere
3673 5116 3836 5171 aliud

1798 5359 1965 5422 Hier.
1999 5358 2212 5420 Wolﬁi
2242 5363 2429 5419 notas.

444 5606 518 5678 (8)
569 5604 637 5661 Ἦ
692 5577 1506 5678 βασίλῖεὲὶλξξξῄιῖικαὶι
1539 5579 1773 5678 9515338..
1792 5578 2068 5678 "eius;

377 5653 718 5732 militiae;
760 5661 1041 5724 nimium
1087 5653 1392 5732 sollicitus,
1428 5655 1509 5732 _u_t
1539 5653 1800 5732 apparet,
1835 5667 1904 5706 ne
1944 5653 2074 5721 quis

383 5721 931 5814 ἓῖτὶῖ-’ἔὲίἶι-οὖτίίε
953 5724 1299 5814 conﬁnibus
1322 5721 2072 5814 εξείειατίςξίξέιξίεέἓιξρθν-

387 5793 915 5883 ἶῖέέιιξῖῗᾱῇῖοἰι.
954 5801 1169 5883 Irenen
1200 5811 1327 5878 esse
1368 5793 1796 5876 imperatricem
1822 5799 1875 5883 et
1906 5793 2080 5883 JOan:

388 5864 774 5944 ixi-*ELGSS
794 5877 954 5938 satis
987 5866 1412 5936 intelleximus,
1431 5864 1622 5940 neque
1648 5864 1975 5940 periculum
1996 5869 2084 5923 est

2180 5595 2252 5634 ne
2286 5594 2441 5634 nunc
2470 5577 2579 5650 alia
2612 5577 2774 5650 Irene
2809 5577 3184 5649 intelligatur.
3218 5576 3403 5650 Quare
3420 5575 3539 5650 Ah_a_s
3571 5575 3626 5626 et
3665 5567 3831 5650 simi-

2180 5649 2706 5727 Ιθεξιεερισσολογίας
2739 5644 3147 5727 οωίιιετθ’ῃοιι
3178 5644 3829 5727 dubitavi.ldem_et_ia‘m

2185 5723 2292 5777 ieci
2315 5712 2373 5777 in
2407 5712 2835 5792 supervacanea
2870 5720 3235 5792 propriorum
3274 5716 3578 5792 nominum
3612 5712 3827 5792 [639539;

2187 5794 2343 5850 tione
2373 5779 2600 5862 aut.pro
2643 5779 2902 5847 relativis
2959 5779 3404 5860 pronominibus
3451 5779 3832 5835 collocatione

2192 5865 2442 5924 molesta
2468 5861 2525 5920 et
2552 5861 2774 5920 odiosa.
