4150 6292
385 393 504 452 327

1704 367 2017 434 ΝΙΟΕΤΕ
2055 362 2487 427 ΟΗΟΝΙΑΤᾹΞ

3685 371 3805 431 328

388 523 605 580 sentire
636 519 882 584 solitus;
915 521 972 572 et
1002 531 1157 570 nunc
1187 531 1220 570 a
1248 513 1366 568 vita
1387 509 1696 567 discedens
1727 524 1760 562 a
1789 518 2029 562 consue-

2149 493 2392 584 βαλοῦσα
2423 496 2617 584 ἑαυτήν
2667 499 2746 568 τῷ
2800 497 3012 569 σώματι
3043 499 3120 570 (9)
3151 495 3488 554 καταϐοᾶται
3521 497 3800 576 λαμπρῶς

387 613 592 668 tudine
639 609 754 664 ista
793 623 906 663 non
967 603 1238 661 discedis.
1307 623 1336 653 »
1397 603 1623 656 Interea
1681 597 1940 652 Joannes
1970 591 2041 645 ad

386 714 668 772 magnum
701 695 980 768 palatium
1012 708 1359 767 progressus
1391 707 1506 746 non
1549 686 1782 742 facilem
1813 683 2039 738 aditum

383 789 610 858 habuit,
674 785 1012 842 custodibus
1077 799 1192 838 non
1253 780 1452 836 statim
1515 774 1730 833 annulo
1807 775 2041 828 ostenso

384 873 914 948 acquiescentibus,
949 871 1052 926 sed
1099 869 1256 925 aliud
1309 882 1540 938 quoque
1582 859 1915 920 evidentius
1956 873 2038 912 ar-

383 969 736 1036 gumentum
793 959 1252 1032 requirentibus,
1312 973 1428 1028 quo
1487 971 1548 1010 se
1621 949 1803 1024 patris
1869 949 2038 1018 jussu

384 1055 590 1110 adesse
621 1051 1044 1120 comprobaret.
1079 1049 1252 1102 Porta
1292 1046 1394 1102 12
1427 1059 1562 1098 vera
1603 1039 2040 1114 palatiiaperta,

388 1159 515 1215 quae
539 1143 618 1196 ita
677 1143 878 1212 parata
934 1145 1054 1193 erat
1105 1141 1171 1190 ut
1227 1150 1360 1190 cum
1410 1149 1480 1188 ex
1525 1131 1706 1186 altera
1763 1131 1924 1198 parte
1977 1123 2039 1177 in

385 1247 616 1287 summo
650 1229 782 1285 latis
813 1227 978 1282 aereis
1010 1224 1248 1281 laminis
1283 1221 1590 1296 paululum
1644 1215 2040 1290 attollebatur,

383 1320 620 1376 cardine
672 1326 864 1373 emota
906 1315 1072 1370 humi
1121 1313 1370 1376 caderet,
1423 1307 1650 1365 facilem
1705 1307 2040 1376 ingressum

384 1409 614 1474 habuit,
647 1404 1066 1462 comitantibus
1116 1399 1469 1458 satellitibus
1508 1401 1565 1452 et
1606 1393 1890 1466 cognatis.
1915 1390 2041 1446 Una

383 1497 596 1566 irrupit
625 1496 800 1552 etiam
833 1493 1166 1565 promiscua
1187 1489 1362 1544 turba
1386 1506 1400 1556 ;
1427 1503 1544 1560 qua
1583 1485 1756 1541 obvia
1797 1497 2041 1556 quaeque

388 1585 638 1656 diripere
695 1599 991 1654 aggressa,
1052 1579 1275 1636 foribus
1333 1576 1579 1642 clausis,
1637 1577 1694 1629 et
1752 1573 1852 1644 qui
1882 1574 2041 1626 extra

383 1677 573 1740 erant,
607 1673 850 1727 introitu
909 1667 1186 1742 prohibiti
1233 1671 1393 1734 sunt,
1442 1672 1498 1721 et
1550 1665 1652 1736 qui
1684 1662 2038 1732 irruperant,

383 1761 792 1833 compluribus
826 1761 1032 1814 diebus
1061 1755 1276 1812 inclusi
1307 1771 1443 1812 cum
1493 1755 1842 1822 imperatore
1881 1749 2039 1804 vixe-

387 1855 543 1905 runt.
577 1849 873 1922 Agebatur
905 1851 1030 1902 tum
1091 1844 1312 1900 mensis
1363 1840 1611 1912 Augusti
1638 1838 1763 1894 dies
1791 1837 2038 1910 quinde-

383 1937 597 2004 cimns,
630 1953 763 1992 cum
815 1936 1133 2008 imperator
1187 1931 1422 1988 Alexius
1481 1930 1591 1986 sub
1648 1931 1874 1983 noctem
1923 1926 2038 1980 vita

380 2028 622 2082 functus
652 2029 760 2091 est,
794 2041 946 2080 anno
977 2021 1206 2096 imperii
1239 2019 1534 2076 tricesimo
1565 2017 1837 2088 septimo,
1871 2030 2034 2070 men-

383 2131 446 2169 se
480 2115 548 2169 ιν
577 2129 708 2168 cum
742 2113 1006 2168 dimidio.
1056 2109 1340 2166 Postridie
1389 2123 1558 2162 mane
1608 2105 1807 2160 statim
1851 2105 2038 2157 mater

379 2205 664 2262 Joannem
701 2205 769 2258 ad
801 2207 1077 2273 paternas
1107 2199 1408 2270 exsequias
1465 2199 1651 2264 vocat,
1703 2195 1856 2266 quod
1907 2209 2034 2248 cor-

385 2311 498 2366 pus
531 2294 658 2364 ejus
690 2309 824 2348 mox
854 2291 910 2345 in
939 2288 1382 2356 monasterium,
1433 2285 1587 2358 quod
1631 2285 1758 2354 ipse
1805 2283 2033 2337 Christo

385 2381 634 2454 propitio
665 2379 1103 2446 construxisset,
1137 2377 1494 2434 cﬂerendum
1541 2377 1713 2432 esset.
1757 2373 1866 2428 Sed
1901 2387 2031 2426 eum

387 2471 542 2526 dicto
585 2469 919 2526 audientem
947 2485 1061 2524 non
1093 2465 1321 2536 habuit,
1355 2481 1468 2520 non
1503 2465 1658 2536 quod
1693 2461 1894 2518 matris
1929 2477 2034 2516 au-

384 2561 716 2616 ctoritatem
776 2561 1194 2631 sapernaretur
1243 2559 1342 2610 aut
1387 2553 1571 2625 patris
1615 2552 1895 2607 honorem
1931 2565 2028 2604 ne-

383 2647 650 2722 gligeret,
683 2649 780 2704 sed
818 2647 976 2719 quod
1007 2663 1184 2716 regno
1217 2645 1478 2701 nondum
1509 2643 1738 2696 firmato
1769 2641 2034 2696 adversa-

383 2739 500 2795 rios
531 2737 756 2810 imperii
783 2737 1102 2810 cupiditate
1134 2735 1324 2790 adhuc
1355 2733 1670 2805 ﬂagrantes
1714 2731 2031 2786 metuebat.

385 2827 634 2884 Proinde
667 2831 733 2883 ut
763 2825 1078 2898 polypodes
1111 2824 1287 2894 saxis,
1319 2822 1400 2877 ita
1429 2823 1552 2892 ipse
1591 2819 1806 2892 palatio
1849 2819 2028 2874 inhae-

381 2917 565 2984 rebat,
599 2916 858 2971 maxima
886 2919 1084 2970 tamen
1117 2917 1280 2984 parte
1311 2917 1691 2984 cognatorum
1733 2909 1802 2964 ad
1855 2907 2029 2962 {unus

381 3005 560 3076 patris
591 3005 918 3060 ornandum
953 3003 1243 3072 ablegata.

2145 587 2246 638 τοῦ
2281 583 2448 654 υἷέος,
2479 583 2552 646 ὡς
2579 587 2750 658 κρήνη
2789 583 3124 658 μελάνυδρος
3153 589 3262 660 (10)
3291 589 3359 642 τὰ
3389 585 3596 663 δάκρυα
3627 591 3800 668 χέου-

2149 693 2237 740 σα,
2269 671 2418 734 ὅπως
2469 673 2634 728 αὐτοῦ
2697 679 2814 735 τοῖς
2877 679 3036 743 ζῶσιν
3099 669 3178 730 ἔτι
3239 681 3670 751 συνταττομένου
3705 682 3804 750 τὴν

2153 758 2427 833 βασιλείαν
2471 761 2626 823 οὗτος
2657 759 2950 832 κλωπεύει,
3009 762 3086 826 είς
3131 761 3263 840 ἔργα
3306 763 3512 840 βλέψας
3545 769 3803 844 νεώτερα.

2148 851 2210 906 Ὁ
2245 845 2304 902 δὲ
2341 846 2492 904 οὐδέν
2536 869 2588 903 τι
2641 852 2778 925 πρὸς
2809 850 2876 906 τὰ
2921 849 3193 926 λεγόμενα
3225 853 3572 929 ἀπεκρίνατο,
3608 855 3804 922 ἄλλοις

2146 939 2544 1014 καιριωτέροις,
2605 939 2698 993 οἶα
2755 939 2920 1010 εἰκὸς,
3003 943 3064 996 τὸ
3149 949 3252 1012 τῆς
3313 949 3458 1014 ζωῆς
3523 942 3808 1022 βραϐεύων

2149 1025 2497 1100 λειπόμενον,
2535 1035 2632 1096 τῆς
2677 1049 2734 1082 τε
2785 1033 2904 1100 μετ’
2951 1029 3012 1084 οὐ
3063 1029 3206 1086 πολὺ
3256 1029 3523 1105 ἐκδημίας
3579 1038 3806 1110 φροντί-

2149 1123 2253 1188 ζων
2313 1117 2402 1174 καὶ
2445 1126 2562 1184 τοῖς
2617 1123 2977 1196 ψυχαγωγοῖς
3031 1121 3290 1200 ἀγγέλοις
3353 1125 3528 1199 ῥέπων
3585 1129 3652 1182 τὰ
3700 1128 3800 1202 3p.-

2151 1229 2311 1282 ματα.
2371 1208 2726 1284 Ἐγκειμένης
2781 1208 2837 1265 δὲ
2891 1208 3296 1286 λιπαρεστέρως
3353 1221 3453 1284 τῆς
3514 1215 3801 1290 βασιλίδος

2145 1297 2344 1370 καὶμὴ
2405 1297 2640 1374 ἐνεγκεῖν
2701 1297 2846 1360 ὅλως
2900 1299 3136 1376 ἐχούσης
3191 1303 3258 1357 τὰ
3307 1305 3450 1378 παρὰ
3477 1309 3573 1359 τοῦ
3603 1305 3803 1372 παιδὸς

2145 1387 2425 1462 γινόμενα,
2507 1387 2684 1463 βραχύ
2759 1409 2811 1441 τι
2884 1391 3246 1466 παρεμιρήνας
3295 1390 3384 1444 καὶ
3449 1387 3806 1466 βεϐιασμένον

2151 1474 2417 1550 μειδίαμα
2466 1477 2494 1531 ὁ
2549 1476 2790 1546 Ἀλέξιος
2847 1477 2944 1538 τάς
3003 1482 3196 1555 χεῖρας
3248 1477 3467 1555 ἀνέσχεν
3519 1479 3597 1542 εἷς
3641 1483 3808 1558 οὐρα-

2145 1565 2253 1635 νὸν,
2284 1565 2421 1626 ’ἰσως
2457 1565 2550 1638 μὲν
2612 1561 2700 1620 ἐπὶ
2757 1571 2874 1627 τοῖς
2929 1567 3008 1638 [Ρ.
3040 1567 3098 1639 6]
3155 1567 3486 1646 ἀφηγηθεῖσι
3520 1567 3802 1646 διαχυθείς

2147 1655 2236 1708 καὶ
2297 1655 2440 1707 θύων
2501 1653 2635 1727 ὑπὲρ
2690 1654 2898 1708 τούτων
2956 1659 3073 1726 Θεῷ
3128 1659 3480 1732 χαριστήρια,
3541 1659 3705 1714 εἰπεῖν
3740 1659 3797 1716 δὲ

2145 1743 2234 1798 καὶ
2289 1742 2558 1816 κέρτομον
2616 1741 2704 1796 καὶ
2767 1743 2992 1816 σεσηρὸς
3049 1747 3116 1818 τῇ
3176 1747 3394 1821 γυναικὶ
3463 1745 3648 1802 ἐνιδὼν
3718 1750 3794 1812 ὡς

2147 1831 2346 1910 λόγους
2387 1831 2707 1907 ἀνακινούσῃ
2759 1835 2882 1906 περὶ
2941 1834 3119 1910 ἀρχῆς
3180 1837 3269 1891 ὅτε
3321 1840 3508 1914 ψυχῆς
3547 1837 3796 1916 έφειστή-

2145 1943 2224 1977 κει
2255 1919 2530 1983 διάστασις
2579 1919 2638 1976 ἐκ
2693 1926 2788 1976 τοῦ
2841 1923 3118 1995 σώματος,
3149 1923 3182 1994 ἦ
3217 1927 3303 1980 καὶ
3347 1927 3409 1982 τὸ
3441 1929 3580 1982 θεῖον
3623 1927 3794 2001 ἐξιλε-

2146 2011 2376 2084 ούμενος
2433 2011 2514 2086 ἐφ’
2571 2012 2658 2073 οἷς
2703 2031 2809 2065 που
2873 2013 2964 2066 καὶ
3020 2013 3340 2087 παρεσφάλη
3397 2021 3501 2070 τοῖ’)
3557 2015 3788 2082 δέοντος.

2144 2101 2204 2154 ’Π
2263 2101 2395 2173 γυνή
2459 2096 2506 2153 δ’
2565 2096 2658 2153 οὖν
2714 2097 2775 2154 ἐκ
2827 2105 2925 2156 τοῦ
2965 2100 3375 2179 ἀναμφιλέκτου
3429 2107 3639 2180 χαίρειν
3672 2107 3792 2176 οἴη-

2145 2193 2296 2252 θεῖσα
2345 2187 2438 2242 τὸν
2493 2185 2660 2264 ἄνδρα
2719 2187 2788 2243 δι’
2847 2189 2942 2244 ὅσα
3009 2197 3134 2264 παρ’
3194 2191 3362 2262 αὒτῆς
3391 2195 3688 2267 ἠνώτιστο,
3723 2197 3796 2258 ὡς

2143 2273 2250 2346 ¹ἢδη
2297 2281 2404 2330 τῶν
2464 2275 2742 2352 προτέρων
2803 2275 3040 2334 ἐλπίδων
3101 2277 3458 2355 διεψευσμένη
3491 2285 3800 2339 παντάπασι

2142 2365 2228 2420 καὶ
2261 2363 2621 2440 διασφαλεῖσα
2671 2371 2780 2420 τῶν
2843 2367 3212 2446 ὑποσχέσεων,
3271 2371 3454 2446 βύθιον
3513 2373 3802 2444 στενάξασα

2144 2454 2382 2530 εῖρηκεν·
2449 2461 2569 2510 «Ὠ
2627 2457 2773 2530 ἄνερ,
2831 2457 2920 2511 καὶ
2987 2463 3090 2526 ζῶν
3151 2461 3429 2522 παντοίαις
3491 2460 3800 2534 μεθοδείαις

2143 2545 2385 2610 ἐκέκασο,
2443 2545 2801 2625 ἀντίφθογγον
2859 2549 2961 2617 τήν
3027 2547 3275 2624 γλῶτταν
3358 2551 3615 2607 πλουτῶν
3679 2559 3798 2616 τοῖς

2141 2637 2404 2708 νοήμασι,
2435 2635 2526 2689 καὶ
2583 2639 2677 2690 νῦν
2733 2633 2792 2690 δὲ
2841 2635 3102 2699 ὡσαύτως
3129 2643 3226 2692 τοῦ
3279 2639 3402 2714 βίου
3446 2639 3798 2696 ἀπαλλαττό-

2145 2745 2304 2798 μενος
2366 2724 2772 2799 ἀμεταπτώτως
2831 2719 2980 2801 ἕχεις
3041 2729 3122 2788 οἷς
3211 2728 3301 2782 καὶ
3367 2731 3562 2803 πρώην
3621 2751 3793 2802 προσ-

2140 2815 2337 2872 έκεισο.
2400 2837 2430 2866 ››
2491 2814 2602 2871 Καὶ
2651 2819 2816 2870 τοῦτα
2877 2816 2972 2889 μὲν
3035 2815 3254 2896 ἐφέρετο
3311 2815 3466 2892 τῇδε,
3527 2819 3555 2872 ὀ
3617 2818 3675 2874 δέ
3732 2837 3796 2893 γε

2139 2904 2396 2975 Ἰωάννης
2465 2905 2602 2960 κατὰ
2675 2907 2738 2961 τὸ
2821 2905 2959 2982 μέγα
3021 2905 3244 2982 ἀρχεῖον
3323 2909 3614 2985 γενόμενος
3685 2909 3796 2986 οὐχ

2139 2991 2350 3068 εὕρισκε
2403 2991 2590 3068 ῥᾳδίαν
2643 2995 2744 3063 τήν
2803 2992 3045 3068 εέσοδον,
3109 3001 3197 3052 οἶα
3251 3002 3360 3053 τῶν
3419 2997 3675 3076 φυλακων
3713 3000 3789 3072 μὴ

380 3095 514 3162 πρὸς
575 3087 747 3163 μόνην
807 3087 1205 3144 ὕπενδιδόντων
1263 3087 1362 3154 τήν
1417 3089 1515 3140 τοῦ
1575 3083 1860 3139 δεκτυλίου
1921 3080 2213 3153 ὑπόδειξιν,
2272 3081 2417 3138 ἀλλᾶ
2475 3085 3020 3158 προσεπιζητούντων
3067 3087 3155 3140 καὶ
3207 3085 3350 3142 ἄλλο
3393 3107 3444 3142 τι
3477 3090 3790 3162 τεκμήριον

380 3185 476 3233 τοῦ
530 3179 666 3234 κατὰ
724 3177 968 3233 κέλευσιν
1030 3177 1300 3250 πατρικὴν
1364 3173 1532 3228 ἐκεῖσε
1587 3169 1995 3248 παραγενέσθαι.
2057 3173 2124 3226 Αἱ
2182 3171 2354 3228 πύλαι
2409 3173 2590 3227 τοίνυν
2633 3175 2746 3246 (11)
2793 3178 2892 3230 τοῦ
2941 3175 3212 3231 παλατίου
3243 3175 3534 3252 χαλκείαις
3563 3173 3791 3250 ῥάϐδοις

383 3267 664 3330 πλατείαις
727 3267 922 3342 θάτερα
976 3271 1084 3320 τῶν
1145 3263 1324 3340 ἄκρων
1387 3263 1826 3336 μετεωρισθεῖσαι
1886 3261 2066 3336 βραχύ
2139 3283 2192 3316 τι
2247 3262 2386 3316 κατᾶ
2443 3269 2549 3339 γῆς
2607 3261 2926 3338 βάλλονται,
2985 3264 3266 3320 κάντεῦθεν
3329 3265 3488 3328 αὐτὸς
3541 3287 3600 3321 τε
3659 3268 3792 3340 μετὰ

383 3358 665 3435 ῥᾳστώνης
727 3355 1070 3426 εἰσεληλύθει
1128 3355 1218 3410 καὶ
1277 3353 1546 3428 συνεισῄει
1603 3353 1665 3408 τὸ
1723 3353 2038 3428 ὁπλοφόρον
2099 3353 2190 3406 καί
2249 3354 2526 3430 συγγενές·
2587 3353 2648 3409 οὐ
2713 3355 2942 3432 βραχεῖς
3001 3353 3060 3410 δὲ
3115 3355 3205 3410 καὶ
3263 3361 3373 3412 τῶν
3431 3358 3492 3412 ὲκ
3546 3362 3641 3412 τοῦ
3671 3359 3794 3434 ξῦγ.

381 3446 581 3510 κλυδος
615 3443 791 3522 ὄχλου
833 3445 1319 3522 συνομαρτούντων
1381 3441 1532 3498 ἔνδον
1589 3439 1943 3516 εἲσήῤῥησαν,
2005 3441 2057 3496 οἳ
2114 3443 2204 3496 καὶ
2263 3439 2576 3516 διαρπάζειν
2636 3442 2700 3498 τὸ
2757 3445 3071 3519 προστυχὸν
3119 3447 3231 3519 (12)
3281 3441 3634 3503 ἐπεϐάλοντο.
3668 3450 3789 3504 Τῶν

377 3535 434 3592 δὲ
491 3537 680 3593 πυλῶν
739 3537 892 3598 αὗθις
949 3533 1392 3590 ἐπικλεισθεισῶν
1455 3531 1510 3588 ο⁹ί
1570 3533 1618 3585 τ’
1677 3531 1828 3594 ἐκτὸς
1920 3535 2017 3586 τοῦ
2084 3530 2377 3606 ἐπεισρέειν
2461 3531 2784 3602 ἐπαύσαντο,
2869 3533 2960 3588 καὶ
3043 3534 3106 3589 τὸ
3193 3535 3513 3614 εἰσεφρηκὸς
3597 3535 3770 3607 ἐξιένα

382 3628 458 3701 μή
518 3626 977 3706 συγχωρούμενον
1039 3625 1120 3703 ἐφ’
1179 3623 1390 3700 ἡμέρας
1447 3641 1652 3698 συχνας
1725 3621 1895 3676 ἐκεῖσε
1966 3625 2046 3694 τῷ
2125 3619 2342 3696 βασιλεῖ
2399 3617 2784 3695 συνδιέτριϐεν.
2845 3623 2984 3698 Ἧγε
3049 3624 3143 3696 μὲν
3206 3624 3300 3678 οὗν
3357 3626 3476 3679 τότε
3531 3627 3786 3698 πέμπτην

375 3725 463 3780 καὶ
528 3724 756 3794 δεκάτην
816 3725 843 3779 ὁ
902 3725 1226 3800 Αὔγουστος
1279 3725 1410 3796 μῆν’
1467 3726 1662 3782 νυκτὸς
1736 3717 1782 3774 δ’
1849 3717 2110 3789 ἐπιούσης
2165 3721 2193 3774 ὁ
2255 3717 2510 3796 βασιλεὺς
2571 3718 2818 3789 Ἀλέξιος
2873 3725 2970 3775 τοῦ
3033 3725 3130 3795 ζῇν
3189 3722 3566 3794 ἀπενήνεκται,
3625 3721 3787 3798 ἄρξας

379 3823 658 3888 ἐνιαυτοὺς
715 3825 849 3881 έπτᾶ
908 3825 1000 3880 καὶ
1059 3823 1372 3900 τριάκοντα,
1432 3821 1522 3877 καὶ
1570 3820 1742 3895 ἥμισυ
1805 3820 1976 3896 μηνὸς
2035 3821 2126 3874 σὺν
2183 3821 2304 3883 τοῖς
2357 3817 2606 3895 τέσσαρσι
2665 3821 2799 3894 (13).
2859 3819 3002 3874 Κατᾶ
3049 3819 3108 3876 δὲ
3152 3823 3252 3892 τήν
3299 3817 3372 3877 ἕω
3429 3821 3583 3888 εὐθὺς
3621 3843 3786 3897 μετα·-

376 3923 663 3982 υτέλλεται
722 3927 756 3994 ἡ
821 3927 1009 3998 μήτηρ
1071 3925 1162 3979 τὸν
1223 3923 1482 3992 Ἰωάννην
1539 3919 1616 3984 είς
1701 3921 1801 3990 τήν
1887 3922 1983 3974 τοῦ
2070 3922 2339 3988 πατρικοῦ
2398 3919 2626 3988 σκήνους
2689 3917 2882 3988 ἐξιέναι
2941 3920 3222 3993 πομπαίαν
3279 3917 3539 3996 πρόοδον,
3601 3921 3795 3977 αὐτίκα

386 4023 538 4097 μάλα
593 4022 976 4098 ἀρθησομένου
1033 4043 1092 4078 τε
1150 4021 1241 4076 καὶ
1294 4021 1674 4095 ἀχθῃσομένού
1735 4017 1812 4078 εἷς
1870 4013 1932 4086 ἤν
1985 4017 2192 4077 ἐκεῖνος
2271 4013 2524 4090 ἐδείματο
2585 4017 2799 4092 Χριστῷ
2856 4020 2937 4089 τῷ
2995 4015 3366 4095 φιλανθρώπῳ
3428 4021 3617 4092 μονήν.
3677 4021 3796 4076 Οὐκ

383 4123 506 4194 εἶχε
555 4118 601 4174 δ’
659 4119 794 4193 αὐτῇ
856 4120 950 4174 καὶ
1007 4118 1356 4192 πειθόμενον,
1417 4116 1544 4172 ἀλλ’
1589 4117 1656 4185 ἦν
1725 4115 1863 4190 πρὸς
1919 4115 2018 4183 τήν
2083 4113 2416 4186 μετᾶκΛησιν
2485 4113 2776 4184 ἀνανεύως,
2832 4115 2897 4169 οὐ
2949 4113 3145 4189 θέσμια
3201 4117 3408 4192 μητρὸς
3455 4121 3710 4192 παρορῶν
3759 4118 3796 4188 ἢ

379 4220 478 4288 τὴν
557 4219 826 4290 πατρικὴν
911 4218 1081 4291 τιμὴν
1157 4215 1569 4290 ἀπωθούμενος,
1646 4212 1773 4270 ἀλλ’
1841 4214 1923 4268 δτι
1988 4211 2052 4268 τὸ
2091 4213 2348 4288 νεοπαγὲς
2417 4208 2751 4268 ὖπεϐλέπετο
2807 4217 2907 4279 τῆς
2940 4213 3122 4289 ἀρχῆς
3168 4215 3413 4277 καὶτοὺς
3465 4214 3799 4286 ἀντιζήλους

389 4314 580 4371 ἐδεδίει
655 4315 852 4390 θερμὸν
911 4311 990 4370 ἔτι
1043 4313 1479 4394 ἐγκυμονοῦντας
1531 4319 1632 4383 τῆς
1685 4309 1966 4387 βασιλείας
2017 4312 2108 4366 τὸν
2167 4305 2363 4384 ἔρωτα.
2421 4311 2580 4375 Ὅθεν
2631 4312 2793 4374 αὐτὸς
2847 4311 2939 4385 μὲν
2988 4311 3063 4374 ὡς
3109 4313 3160 4367 οἱ
3212 4309 3521 4375 πολύποδες
3551 4316 3660 4368 τῶν
3703 4333 3799 4368 πε-

384 4419 532 4490 τρῶν
581 4413 934 4492 έξείχετοτῶν
981 4413 1244 4492 ἀρχείων,
1279 4413 1341 4468 τὸ
1397 4409 1452 4468 δὲ
1499 4410 1755 4468 πλεῖστον
1789 4415 1888 4480 τῆς
1957 4409 2072 4484 μεθ’
2121 4407 2312 4464 ἑαυτοῦ
2369 4407 2673 4486 συγγενείας
2731 4406 2990 4488 διαφῆκεν
3075 4409 3150 4474 εἷς
3235 4412 3335 4482 τὴν
3411 4405 3648 4488 πρόοδον
3703 4416 3802 4468 τοῦ

388 4515 614 4592 πατρός.

1773 4719 1951 4784 Hier.
1985 4717 2196 4784 Wolﬁi
2222 4725 2408 4782 notae.

459 4961 538 5036 (9)_
597 4957 701 5036 Kal
764 4959 1008 5036 βαλοῦσα
1065 4961 1276 5036 ἑαυτήν.
1321 4965 1400 5035 τῷ
1457 4961 1693 5036 σώματι.
1752 4961 1860 5018 Pro
1917 4957 2033 5014 ἐπι-

389 5029 713 5108 κειμένῃτῷ
745 5029 958 5108 σώματι
991 5037 1086 5108 τοῦ
1115 5031 1330 5108 ἀνδρός.

460 5103 696 5180 (10)*ῼς
727 5105 905 5180 κρήνη
949 5103 1408 5180 μελάνυδρος-ἤια
1457 5108 1582 5180 [om
1624 5106 1807 5180 nigras
1851 5117 2032 5175 aqua.

383 5175 588 5249 Aptior
617 5176 821 5232 fuisset
849 5176 1159 5249 Choniates
1197 5175 1512 5233 scribendo
1558 5175 1828 5249 poemati
1858 5191 2032 5246 quam

385 5247 677 5320 historiae,
699 5251 933 5319 propter
966 5247 1197 5320 Homeri
1229 5247 1577 5320 diligentem
1622 5247 2030 5320 imitationem.

383 5315 825 5391 Haecpepith'eta'
857 5323 914 5374 et
957 5315 1158 5391 εἰκόνες
1205 5315 1379 5390 quam
1433 5320 1736 5376 historiam
1795 5319 2036 5391 deceant

385 5387 600 5446 nescio:
636 5387 864 5450 Εἷ¹κονας
897 5389 1165 5445 omittere
1213 5387 1307 5445 {lix
1359 5391 1572 5454 ausim.
1621 5391 1736 5446 nisi
1786 5390 2033 5444 nimium

384 5461 718 5533 frequentes
757 5467 814 5518 et
856 5462 1095 5517 licentes
1137 5461 1368 5533 fuerint.
1416 5461 1687 5533 Epitheta
1733 5477 1866 5516 vero
1919 5478 2031 5533 non

385 5531 602 5604 ubique
635 5533 778 5588 mihi
829 5531 1266 5604 interpretanda
1323 5531 1478 5588 esse
1509 5532 1668 5604 duxi.
1720 5533 1898 5602 Cujus
1953 5532 2032 5604 rei

383 5603 658 5660 lectorem
693 5603 874 5660 semel
907 5603 1274 5660 admonitum
1309 5604 1486 5660 etiam
1519 5603 1794 5674 deinceps
1828 5603 2033 5658 memi-

383 5676 539 5732 nisse
565 5677 760 5746 velim,
803 5691 876 5732 ne
905 5677 1060 5747 quod
1085 5675 1312 5748 judicio
1367 5675 1586 5731 factum
1635 5673 1746 5744 est,
1789 5673 2034 5731 inscitiae

381 5751 483 5806 aut
515 5748 882 5824 negligentia:
903 5747 1146 5806 tribuat.

2218 4961 2334 5034 (11)
2363 4957 2430 5014 Αἱ
2464 4956 2634 5013 πύλαι
2660 4955 2858 5035 τοίνυν.
2895 4959 3192 5035 _Vident_ur
3241 4960 3338 5018 hic
3361 5034 3364 5035 ν
3387 4962 3657 5035 quedam
3703 4963 3800 5020 de-

2147 5031 2295 5100 esse,
2331 5037 2388 5086 et
2417 5039 2667 5087 Zonaras
2725 5032 2783 5087 in
2842 5031 3032 5087 Alexii
3093 5033 3371 5090 Comneni
3403 5031 3559 5090 'Vita
3595 5035 3802 5091 scribit

2149 5109 2446 5176 Barangos
2477 5103 2710 5159 nonnisi
2727 5103 3112 5176 jurejurando
3131 5105 3360 5161 firmata
3381 5105 3494 5161 ﬁde
3517 5107 3588 5162 de
3610 5107 3798 5162 Alexii

2144 5175 2308 5246 obitu
2341 5175 2670 5246 ingressum
2703 5175 2904 5246 palatii
2935 5177 3458 5240 concessisse.0uea
3481 5179 3554 5234 de
3575 5179 3798 5234 ratione

2145 5245 2468 5320 aperiendts
2501 5251 2684 5320 perm
2707 5245 2937 5320 scribit,
2981 5263 3072 5302 me
3125 5265 3240 5304 non
3293 5249 3436 5305 satis
3469 5249 3794 5320 intelligere

2145 5317 2345 5374 fateor.
2385 5317 2556 5389 illud
2611 5317 2810 5389 etiam__
2847 5317 3032 5374 obiter
3087 5321 3436 5389 notandum,
3479 5326 3546 5377 ut
3603 5317 3792 5376 Latini

2143 5389 2318 5458 fores,
2351 5388 2434 5443 sic
2465 5387 2690 5444 Grmcos
2719 5386 2898 5450 πύλας
2931 5389 3140 5460 plurali
3169 5386 3428 5449 numero.
3457 5393 3572 5448 fere
3615 5409 3785 5447 usur-

2145 5475 2328 5604 pagleé)
2363 5527 2680 5602 Διαρπάζειν
2701 5529 2788 5606 ’τὸ
2843 5531 3175 5606 προσ-τυχόν.
3223 5535 3360 5588 Eam
3411 5533 3788 5590 consuetudi-

2147 5601 2278 5659 nem
2312 5601 2508 5675 Romae
2539 5617 2664 5675 esse
2695 5601 3188 5675 ferunt‘pontiftice
3221 5609 3469 5664 mortuo.

2215 5675 2324 5747 (13)
2356 5673 2490 5734 Τοῖς
2521 5671 2788 5748 τέσσαρσι.
2821 5671 2928 5730 Sc;
2949 5673 3106 5749 μησί.
