4150 6292
302 381 416 441 3‘29

385 521 464 570 Γ.
528 521 802 592 Ἠμερῶν
859 516 924 572 δὲ
982 522 1193 592 συχνῶν
1249 516 1649 595 διαγενομένων
1704 518 1805 585 τήν
1837 516 1913 579 εἷς
1944 516 2098 598 τὰΑ

333 607 526 684 ἀρχεῖα
556 604 817 682 πάροδόν
861 628 923 663 τε
974 607 1065 661 καὶ
1118 602 1301 678 ἔξοδον
1341 606 1509 677 ἀνῆκε
1558 611 1638 679 τῷ
1690 605 2015 682 βουλομένῳ

333 695 511 763 παντῖ,
540 700 655 750 τῶν
689 717 757 751 τε
805 701 1015 751 κοινῶν
1074 697 1406 771 πραγμάτων
1460 696 1727 775 ἐφήπτετο
1777 698 2013 769 καθάπερ

331 789 537 855 ἡρεῖτο,
572 786 651 847 ὡς
684 784 810 856 ἤδη
846 786 903 840 ἐν
946 787 1028 858 τῷ
1069 786 1303 860 ἀσφαλεῖ
1339 784 1627 850 καθεστώς.
1685 783 1866 840 Ἀλλᾶ
1924 786 2013 838 καὶ

332 882 447 939 τοῖς
482 877 543 931 ἐκ
565 879 768 953 γένους
830 877 924 933 καὶ
990 876 1315 939 οῗκειώσεως
1381 876 1529 949 αύτῷ
1592 876 2011 953 προσεγγίζουσι

334 967 469 1021 κατὰ
496 966 561 1020 τὸ
622 965 908 1041 ἀνάλογον
965 964 1154 1028 αὐτοῖς
1210 966 1653 1042 προσφερόμενος
1714 962 2011 1040 ἁρμοδίους

343 1058 551 1128 ἑκάστῳ
609 1057 857 1129 ἀπένεμε
932 1058 1120 1129 τιμάς
1199 1062 1281 1128 τῷ
1337 1078 1398 1133 γε
1459 1066 1564 1130 μήν
1627 1055 1877 1127 Ἰσαακίῳ
1932 1059 2011 1126 τῷ

345 1149 660 1219 κασιγνήτῳ
745 1146 1143 1220 προστετηκὼς
1226 1146 1480 1224 συμφυὴς
1560 1144 1650 1200 καὶ
1734 1140 2010 1216 ὁμὸπνους

346 1233 622 1290 ἐδείκνυτο
660 1282 676 1303 ,
735 1236 829 1289 καὶ
920 1235 996 1297 ὡς
1056 1235 1309 1313 φιλοῦντι
1401 1236 1496 1308 μὲν
1561 1235 1693 1308 ὑπὲρ
1751 1254 2008 1303 απαντας,

350 1322 590 1395 μάλιστα
648 1320 694 1376 δ’
757 1323 836 1383 ὡς
896 1323 964 1377 τὰ
1020 1323 1257 1391 πάντα-ἢ
1291 1322 1354 1375 τὰ
1415 1321 1593 1376 πλείω
1651 1322 2006 1395 εἷσενέγκαντι

348 1412 481 1483 πρὸς
537 1413 642 1479 τὴν
704 1406 956 1465 ἐπίϐασιν
1016 1418 1116 1480 τῆς
1172 1412 1372 1485 ἀρχῆς*
1434 1412 1515 1484 [Ρ.
1549 1414 1607 1485 7]
1664 1416 1855 1465 τοῦτον
1902 1410 2005 1484 γὰρ

349 1500 755 1572 καθισταμένης
813 1494 893 1554 ἔτι
977 1507 1078 1568 τῆς
1151 1499 1428 1574 βασιλείας
1486 1498 1748 1572 καθέδρας
1802 1520 1862 1553 τε
1916 1498 2004 1552 καὶ

345 1588 623 1662 τραπέζης
653 1587 707 1658 ἐξ
753 1588 878 1642 ’ἰσου
932 1589 1196 1642 κοινωνὸν
1252 1583 1656 1663 παρελάμϐανε,
1715 1589 1804 1642 καὶ
1848 1608 2004 1660 μετε-

349 1675 507 1732 δίδου
563 1681 667 1742 τῆς
756 1675 1131 1751 ἀναρρήσεως,
1199 1678 1361 1732 ὁποία
1420 1676 1723 1751 ἐπιπρεπῆς
1779 1681 1859 1748 τῷ
1909 1676 2006 1731 τοῦ

347 1763 854 1842 σεδαστοκράτορος
914 1768 1030 1838 (14)
1088 1766 1397 1839 ἀξιώματι,
1449 1767 1494 1837 ᾧ
1551 1768 1687 1839 πρὸς
1744 1770 1841 1820 τοῦ
1899 1786 2006 1819 πα-

342 1857 471 1929 τρὸς
534 1853 785 1923 Ἀλεξίου
841 1856 1107 1926 τετίμητο
1160 1854 1464 1917 Ἰσαάκιος.
1527 1854 1629 1911 Καὶ
1689 1854 2005 1932 φροντιστὰς

347 1944 407 2001 δέ
461 1952 573 2001 τῶν
632 1943 920 2017 δημοσίων
981 1944 1316 2019 πραγμάτων
1377 1940 1760 2019 προύϐἀλλετο
1809 1942 1867 1998 ἐκ
1893 1947 2003 1998 τῶν

345 2035 463 2087 καθ’
494 2032 640 2105 αἷμά
673 2033 725 2085 οἱ
756 2031 1226 2107 προσεγγιζόντων
1257 2032 1351 2085 τὸν
1411 2031 1703 2103 Κομνηνὸν
1729 2030 2000 2100 Ἰωάννην,

344 2122 403 2175 ὅν
435 2120 526 2177 καὶ
556 2126 638 2192 τῷ
679 2124 778 2175 τοῦ
838 2120 1338 2193 παράκοιμωμένου
1367 2118 1658 2193 τετίμηκεν
1708 2119 2000 2191 ἀξιώματι,

340 2210 435 2265 καὶ
490 2211 585 2265 τὸν
636 2208 961 2283 Ταρωνίτην
1050 2210 1349 2285 Γρηγόριον
1410 2210 1540 2263 ὄντα
1595 2203 2000 2281 πρωτοϐεστιοὶ-

326 2320 471 2375 ριον.
506 2297 667 2356 Ἀλλ’
690 2300 720 2353 ὁ
756 2299 877 2371 μὲν,
911 2298 995 2352 ’ὁτι
1035 2299 1110 2370 μή
1144 2302 1223 2370 τῷ
1255 2296 1508 2370 δακτύλῳ
1536 2297 1599 2351 τὸ
1646 2300 1752 2351 πᾶν
1787 2294 1996 2351 διεπέτ-

329 2408 474 2457 τευε,
507 2383 745 2463 σοϐαρὰν
797 2388 1122 2462 προφαίνων
1173 2386 1339 2461 ὀφρὺν
1409 2385 1500 2441 καὶ
1561 2382 1998 2462 φρονηματώδης

336 2478 416 2538 ὠς
447 2475 510 2531 οὗ
556 2498 641 2532 τις
694 2476 874 2538 ἄλλος
930 2473 1302 2549 δεικνύμενος,
1358 2477 1455 2531 τὸν
1509 2477 1828 2550 φροντιστὴν
1889 2478 1996 2528 τῶν

338 2569 540 2619 κοινῶν
596 2564 998 2643 ἀπεφορτίσατο
1065 2565 1281 2639 τάχιονο
1342 2565 1370 2619 ὁ
1430 2562 1488 2618 δὶ
1549 2565 1847 2637 Γοηγόριος
1900 2570 2000 2631 τῆς

351 2653 715 2727 προκειμένης
772 2655 1064 2734 ἐχόμενος,
1128 2651 1268 2726 μηδὲ
1338 2655 1518 2728 μακρὰ
1576 2647 1735 2727 βιὸἆς
1794 2652 1829 2722 ἢ
1868 2656 1998 2728 γοῦν

360 2740 610 2797 ἐκτείνων
660 2740 819 2804 πόδας
874 2738 1313 2819 ὕπερϐαθμίους,
1378 2742 1757 2816 μονιμωτέρας
1807 2740 1999 2819 ἰσχύος

354 2829 686 2907 μετείληχε.
755 2832 1096 2906 Παρεζεύχθη
1156 2828 1200 2885 δ’
1258 2830 1311 2894 ἐς
1375 2831 1593 2904 ὕστερον
1650 2830 1854 2885 τουτωί
1907 2827 1997 2883 καί

336 2942 430 2983 τις
469 2920 777 2995 Γρηγόριος
816 2916 1022 2997 ἔτερος,
1083 2923 1129 2994 ᾧ
1188 2922 1520 2996 Καματηρὸς
1577 2922 1611 2990 ἡ
1673 2920 1987 2990 ἐπίκλησις.

323 3006 474 3068 ’08⁷
510 3010 653 3083 ἀνὴρ
686 3009 843 3071 οὗτος
902 3009 1208 3083 ἐλλόγιμος
1267 3010 1382 3083 μὲν,
1444 3011 1507 3064 τὸ
1565 3007 1623 3063 δὲ
1680 3009 1839 3084 γένος
1900 3006 1999 3061 οὐκ

312 3100 610 3175 εὐπρεπής
664 3096 781 3153 οὐδ’
839 3096 1037 3154 ἐπίπαν
1102 3099 1409 3177 εὐπάρυφος
1442 3142 1456 3167 ,
1512 3103 1593 3169 τῷ
1661 3098 1880 3172 βασιλεῖ
1938 3094 1996 3151 δὲ

313 3188 709 3267 προσληφθεὶς
755 3188 986 3259 ’Δλεξίῳ
1016 3188 1107 3242 καὶ
1156 3194 1272 3249 τοῖς
1333 3187 1990 3262 ὑπογραμματευομένοις

1887 383 2285 444 HISTORIA.

3661 403 3780 463 330

2201 520 2294 574 Ill.
2332 521 2547 576 Diebus
2579 522 2986 596 compluribus
3011 527 3227 599 elapsis
3272 530 3499 587 aditum
3545 540 3603 589 et
3658 541 3780 593 exi-

2127 614 2253 663 tum
2286 610 2490 680 palatii
2522 612 2705 667 cuivis
2740 615 2838 669 18
2865 614 3115 671 liberum
3148 617 3309 685 fecit,
3360 626 3419 676 et
3464 627 3783 696 rempubli-

2126 711 2255 749 cam
2299 713 2404 751 suo
2453 698 2740 753 arbitratu
2788 701 3208 760 administrare
3256 709 3428 779 caepit
3490 716 3555 765 ut
3600 714 3779 771 rebus

2120 782 2244 853 jam
2279 786 2338 839 in
2367 791 2491 840 tuto
2523 787 3131 861 collocatis.Cognatis
3159 800 3217 849 et
3246 797 3640 857 familiaribus
3670 822 3777 875 pro

2125 872 2411 944 dignitate
2444 877 2730 947 cujusque
2765 880 3050 936 honorem
3074 883 3300 953 habuit,
3340 888 3626 944 Isaacium
3668 872 3776 948 t'ra-

2123 965 2273 1016 trem
2301 968 2462 1017 tanto
2494 981 2694 1019 amore
2717 978 3176 1038 prosequens.ut
3197 988 3230 1026 a
3250 974 3438 1029 latere
3462 976 3588 1046 ejus
3616 996 3772 1036 nun-

2124 1067 2300 1120 quam
2315 1052 2619 1108 discedere
2643 1055 2969 1127 eodemque
2992 1059 3204 1130 spiritu
3226 1062 3309 1115 uti
3334 1062 3646 1135 videretur,
3657 1074 3774 1125 tum

2122 1142 2279 1211 quod
2318 1143 2392 1197 ab
2424 1160 2491 1198 eo
2523 1161 2899 1217 summopere
2922 1148 3428 1221 diligebatur,tum
3462 1159 3620 1225 quod
3645 1162 3774 1230 ejus

2120 1228 2429 1293 unius,aut
2448 1237 2609 1286 certe
2622 1235 2922 1305 prmcipuo
2943 1236 3414 1310 studio,regnum
3429 1228 3766 1316 occuparat.

2120 1319 2298 1389 Cujus
2318 1320 2485 1374 initio
2509 1324 2705 1377 statim
2727 1327 3015 1394 parisella
3036 1329 3362 1402 eademque
3386 1343 3679 1394 mensa.et
3700 1355 3770 1394 ea

2118 1408 2583 1477 proclamatione
2598 1427 2731 1465 eum
2745 1412 3019 1485 dignatus
3033 1420 3324 1488 estqualis
3343 1424 3768 1482 sebastocrato-

2117 1496 2199 1550 ris
2222 1496 2505 1552 honorem
2537 1499 2988 1573 decebat,quem
3015 1522 3049 1560 a
3079 1514 3245 1576 patre
3272 1512 3477 1568 Alexio
3512 1517 3766 1572 lsaacius

2117 1591 2443 1656 acceperat.
2478 1588 2838 1659 Reipublicae
2869 1609 3070 1648 curam
3125 1601 3390 1665 cognatis
3420 1606 3762 1675 mandabat,

2114 1675 2324 1729 Joanni
2357 1676 2865 1748 Comneno,quem
2907 1684 3304 1741 accubitorcm
3340 1690 3498 1762 legit,
3533 1700 3591 1748 et
3620 1698 3763 1749 Gre-

2116 1764 2279 1834 gorio
2310 1766 2600 1820 Taronitae
2632 1770 3100 1838 protovestiario.
3140 1776 3351 1831 Verum
3383 1779 3551 1843 alter,
3602 1784 3759 1851 quod

2116 1852 2488 1909 intolerabile
2529 1857 2907 1927 supercilium
2931 1861 3257 1929 attollebat,
3282 1867 3392 1920 nisi
3424 1868 3604 1940 digito
3628 1888 3761 1925 ver-

2114 1947 2264 1996 teret
2294 1944 2518 2006 omnia,
2552 1949 2610 1998 et
2640 1945 2857 2012 insigni
2917 1952 3253 2021 arrogantia
3297 1955 3579 2023 prmditus
3633 1966 3758 2015 erat

2111 2031 2226 2085 cito
2256 2048 2290 2085 a
2320 2032 2663 2102 reipublicae
2710 2034 3125 2106 gubernaculis
3159 2047 3246 2095 est
3276 2048 3509 2098 amotus
3546 2062 3558 2099 :
3615 2048 3758 2103 Gre-

2112 2122 2310 2192 gorius
2368 2140 2502 2177 vero
2552 2125 2802 2197 negotiis
2850 2129 3127 2199 gerendis
3176 2132 3460 2202 intentus,
3493 2141 3550 2189 et
3606 2137 3762 2193 intra

2110 2212 2375 2266 muneris
2400 2214 2491 2267 sui
2514 2213 2734 2269 limites
2757 2216 3023 2271 modeste
3048 2236 3107 2272 se
3131 2221 3762 2295 continens,potestate

2109 2296 2481 2355 diuturniore
2505 2318 2649 2357 usus
2680 2308 2787 2358 est.
2811 2304 2955 2359 Huic
2987 2313 3193 2377 postea
3222 2310 3449 2384 collega
3480 2312 3650 2369 datus
3672 2322 3766 2371 est

2108 2387 2259 2441 alter
2334 2389 2664 2460 Gregorius,
2746 2394 3089 2451 Camaterus
3181 2409 3596 2470 cognomento,
3670 2406 3759 2459 vir

2108 2477 2375 2548 egregius
2407 2478 2508 2533 ille
2541 2480 2804 2549 quidem,
2836 2482 2940 2537 sed
2968 2484 3217 2540 obscuro
3278 2494 3455 2560 atque
3509 2491 3754 2563 ignobili

2109 2566 2211 2619 14
2241 2580 2456 2635 genere
2490 2571 2737 2622 ortus.ls
2754 2570 2826 2623 ab
2850 2571 3054 2626 Alexio
3079 2574 3139 2627 in
3177 2577 3504 2631 scribarum
3541 2597 3756 2635 nume-

2105 2669 2238 2705 rum
2269 2653 2519 2709 allectus
2549 2657 2881 2725 provincias
2912 2662 3283 2731 peragrabat,
3319 2670 3377 2717 et
3405 2681 3477 2719 ex
3517 2667 3758 2723 ordina-

2106 2741 2267 2795 tione
2296 2742 2654 2798 tributorum
2683 2760 2926 2816 magnas
2949 2765 3090 2817 opes
3111 2748 3360 2820 adeptus
3380 2753 3754 2824 imperatoris

2106 2830 2457 2887 affinitatem
2514 2834 2811 2905 expetivit,
2866 2837 3162 2908 ductaque
3215 2848 3461 2912 cognata
3493 2844 3748 2914 quadam

2108 2920 2235 2990 ejus
2266 2920 2565 2992 logotheta
2588 2928 2952 2980 secretorum
2976 2927 3316 2999 designatus
3344 2932 3750 2989 est.Caeterum

2103 3011 2356 3064 Joannes
2388 3012 2684 3079 Axuchus,
2708 3013 2949 3069 natione
2982 3017 3398 3077 Persa.omnes
3419 3021 3573 3092 apud
3593 3023 3751 3078 hunc

2106 3098 2525 3169 imperatorem
2588 3103 2936 3159 auctoritate
3002 3107 3285 3173 anteibat,
3331 3110 3433 3179 qui
3483 3112 3752 3184 principe

2106 3188 2250 3242 urbe
2283 3189 2570 3260 Bithyniae
2620 3192 2814 3248 Nicaaa
2844 3195 3079 3250 Persico
3111 3196 3421 3255 dominatu
3476 3199 3746 3270 liberata,

316 3266 650 3353 natale-{qu
719 3276 787 3330 τὰ
873 3276 1144 3351 ἐπαρχίας
1228 3276 1628 3362 ἀμφεποτᾶτο,
1714 3278 1817 3330 κάκ
1890 3279 1987 3329 τοῦ

2109 3292 2236 3330 cum
2258 3278 2694 3335 Baimundusin
2717 3282 3092 3339 Palaestinam
3107 3289 3750 3362 contenderet,capitur

328 3368 533 3421 τάσσειν
561 3365 775 3440 φόρους
832 3365 1058 3427 ταύταις
1119 3364 1358 3420 πλοῦτον
1410 3360 1786 3429 τιθαιϐώσσιον
1822 3366 1989 3439 βαθὺν

332 3455 539 3528 ἠράσθη
570 3456 716 3510 κατά
746 3452 922 3524 κῆδος
964 3453 1185 3528 βασιλεῖ
1241 3456 1591 3532 συναφθῆναι.
1651 3455 1859 3512 Οὐκοῦν
1900 3454 1989 3507 καὶ

335 3546 710 3619 προσπλακεῖς
777 3548 877 3616 μιᾷ
935 3548 1046 3598 τῶν
1103 3542 1308 3599 ἐκείνου
1366 3546 1636 3618 συγγενῶν
1693 3542 1990 3617 λογοθέτης

334 3638 435 3689 τῶν
468 3636 742 3708 σεκρέτων
773 3626 1185 3705 προύϐέϐλητο.
1246 3634 1435 3709 Ἰσχυε
1492 3630 1537 3686 δ’
1598 3632 1733 3707 ὑπὲρ
1787 3632 1990 3694 πάντας

340 3724 477 3798 πατὰ
508 3723 658 3794 τῷδε
714 3726 798 3792 τῷ
856 3719 1078 3795 βασιλεῖ
1130 3722 1219 3774 καὶ
1267 3722 1364 3783 τὰς
1408 3722 1629 3795 πρώτας
1686 3718 1989 3794 ἐκαρποῦτο

343 3814 490 3884 τιμὰς
542 3816 570 3867 ὁ
632 3813 907 3887 ’Λξοῦχος
967 3811 1241 3881 Ἰωάννης,
1300 3813 1402 3866 Ἦν
1462 3808 1507 3865 δ’
1562 3809 1718 3872 οὗτος
1781 3810 1988 3884 Πέρσης

342 3903 398 3955 τὸ
449 3903 632 3976 γένος,
688 3908 792 3971 τῆς
862 3899 920 3954 δὲ
980 3904 1222 3963 Βιθυνῶν
1297 3901 1722 3976 προκαθημένης
1774 3898 1991 3961 πόλεως

340 3994 561 4052 Νικαίας
600 3995 706 4055 τῆς
736 3994 845 4045 τῶν
910 3990 1130 4062 Περσῶν
1190 3986 1495 4044 δυναστείας
1554 3987 1988 4064 ἀπαλλαγείσης,

337 4078 423 4134 ὅτε
450 4077 805 4152 Βαϊμοῦνδος
834 4084 940 4146 τῆς
1001 4076 1054 4136 ἐς
1111 4076 1442 4146 Παλαιστίνη
1505 4079 1731 4151 πορείας
1783 4075 1988 4151 εἷ’χετο,

337 4171 614 4244 συνέχεται
646 4168 740 4222 καὶ
801 4166 963 4227 αὐτὸς
1015 4166 1217 4238 καὶτῷ
1264 4166 1481 4239 βασιλεῖ
1536 4163 1767 4237 Ἀλεξίῳ
1816 4162 1992 4238 δῶρον

333 4259 650 4333 παρέχεται,
696 4254 860 4325 Ἠλιξ
933 4253 981 4309 δ’
1038 4254 1113 4308 ὥν
1165 4256 1381 4329 Ἰωάννη
1437 4260 1517 4327 τῷ
1577 4254 1795 4330 βασιλεῖ
1851 4275 1990 4327 συμ-

332 4345 785 4423 παίστωράύτῷ
842 4346 1247 4420 προσείληπτο,
1294 4350 1382 4401 καὶ
1430 4352 1539 4401 τῶν
1602 4345 1847 4402 οῗκιδίων
1898 4345 1988 4400 καὶ

2102 3370 2160 3419 et
2186 3366 2332 3435 ipse,
2363 3374 2421 3421 et
2442 3367 2646 3423 Alexio
2678 3369 2834 3425 dono
2857 3371 3048 3438 datus,
3084 3391 3216 3429 cum
3256 3378 3466 3432 Joanni
3500 3381 3744 3449 mqualis

2103 3460 2277 3522 esset,
2310 3456 2372 3509 in
2431 3457 2786 3514 collusorem
2846 3460 2975 3530 ejus
3031 3463 3250 3518 ascitus
3311 3465 3419 3520 fuit
3473 3473 3529 3521 et
3590 3468 3747 3525 inter

2102 3541 2459 3598 domesticos
2487 3550 2545 3599 et
2583 3547 2979 3604 cubicularios
3038 3551 3426 3608 charissimns
3485 3555 3742 3612 habitus.

2101 3634 2181 3687 Eo
2210 3650 2346 3688 vero
2377 3651 2576 3689 rerum
2620 3636 2806 3706 potito
2865 3656 3037 3693 omne
3097 3640 3401 3711 dignitatis
3450 3643 3750 3715 fastigium

2102 3738 2537 3793 supergressus,
2563 3726 2880 3796 magnique
2901 3727 3210 3783 domestici
3233 3730 3457 3786 honore
3480 3739 3748 3800 ornatus,

2103 3828 2171 3866 eo
2203 3812 2492 3881 processit
2522 3818 2585 3866 ut
2616 3814 2787 3867 multi
2838 3816 3282 3872 honoratissimi
3327 3819 3433 3873 viri
3463 3837 3532 3874 ex
3588 3823 3752 3893 regia

2102 3902 2457 3972 stirpe,casu
2478 3901 2709 3957 obviam
2732 3903 2889 3971 facti,
2907 3906 3078 3975 equis
3100 3907 3525 3964 descendereni
3577 3911 3749 3982 eique

2102 3992 2393 4046 honorem
2425 3991 2923 4048 haberent.Erant
2951 4000 3150 4049 autem
3174 3996 3225 4050 ei
3249 3998 3373 4052 viro
3398 4015 3609 4053 manus
3628 4018 3749 4056 non

2102 4080 2176 4134 ad
2196 4079 2417 4135 bellum
2435 4080 2726 4136 duntaxat
2739 4083 3118 4146 eruditae,sed
3135 4086 3275 4140 etad
3293 4086 3753 4146 beneficentiam

2102 4169 2386 4239 expeditas
2404 4174 2462 4224 et
2478 4173 2959 4241 promptae.Unde
2978 4174 3196 4229 factum
3209 4182 3275 4231 ut
3294 4178 3529 4244 generis
3543 4178 3753 4236 obscu-

2100 4258 2336 4313 ritatem
2358 4275 2645 4331 generosa
2662 4260 2891 4317 indoles
2930 4269 2987 4317 et
3009 4264 3333 4321 liberalitas
3354 4267 3476 4322 fere
3499 4268 3741 4341 obtege-

2103 4353 2441 4419 rent,atque
2466 4350 2772 4405 Axuchum
2792 4352 3035 4407 charum
3079 4354 3397 4410 redderent
3439 4358 3741 4413 omnibus.

330 4443 641 4512 προκοιτῶν
692 4441 809 4510 (15)
859 4438 888 4492 ὁ
946 4433 1409 4513 προσφιλέστατος
1492 4436 1750 4508 κρίνεται.
1830 4434 1980 4491 Ἐπεὶ
2066 4430 2112 4487 δ’
2196 4430 2362 4505 ἐπέϐη
2414 4442 2513 4503 τῆς
2573 4436 2871 4510 βασιλείας,
2931 4442 3101 4493 πᾶσαν
3159 4438 3458 4513 ύπερανέϐη
3510 4439 3750 4516 πρεσϐυ-

329 4526 485 4600 τέραν
543 4523 1065 4599 παραδυνάστευσιν,
1153 4524 1318 4598 μέγας
1396 4525 1652 4596 τιμηθεὶς

332 4615 612 4688 βασίλειον
675 4609 992 4668 ἀποϐαίνει)
1066 4609 1162 4666 τοῦ
1220 4608 1389 4666 ἵππου
1455 4613 1546 4667 καὶ
1612 4613 1791 4685 τούτῳ
1849 4610 2140 4682 ἀπονέμειν
2197 4613 2309 4683 (16)

1748 4521 2093 4596 δομέστικὸς,
2189 4522 2262 4584 ὡς

2348 4526 2438 4578 καὶ
2524 4523 2779 4583 πολλοὺς
2877 4531 2985 4581 τῶν
3068 4526 3330 4601 ἐριτίμων
3402 4530 3536 4583 κατὰ
3591 4551 3753 4602 γενος

2395 4612 2760 4685 προσκύνησιν
2851 4616 2986 4670 κατὰ
3054 4615 3345 4691 συγκυρίαν
3379 4617 3743 4687 ὑπαντιάζον.

323 4722 439 4763 τας.
487 4708 659 4759 Ἦσαν
714 4698 774 4756 δὲ
821 4706 903 4773 τῷ
957 4697 1116 4773 ἀνδρί
1174 4698 1351 4772 τούτῳ
1411 4700 1473 4754 οὐ
1535 4698 1701 4773 μόνον
1759 4704 1944 4775 χεῖρες
2003 4694 2378 4773 δεδιδαγμέναι
2452 4701 2587 4773 πρὸς
2637 4700 2905 4774 πόλεμον,
2965 4700 3112 4758 ἀλλᾶ
3168 4705 3254 4759 καὶ
3314 4705 3448 4780 πρὸς
3498 4703 3744 4762 εὐποιίαν

1707 4826 1874 4887 Hier.
1920 4822 2132 4885 Wolfii
2178 4830 2369 4885 notae.

394 4966 483 5031 (14
492 4988 505 5033 )
542 4956 1114 5034 Σεϐαιστοκρὰτοροςτ
1132 4960 1307 5034 _H_unc
1338 4961 1983 5034 Augustimperatorem

2109 4973 2230 5011 sum
2263 4957 2378 5034 qui_
2394 4957 2487 5012 vel
2517 4963 2653 5034 ante
2684 4960 3019 5034 cubiculum
3070 4964 3159 5018 vel
3190 4970 3326 5021 ante
3349 4965 3539 5022 cubile
3566 4969 3747 5023 mini-

326 5031 569 5091 fortaSse
597 5035 796 5091 dicere
831 5031 1063 5089 liceret.
1100 5031 1273 5086 Malui
1307 5031 1505 5086 tamen
1533 5032 1789 5085 retinere
1823 5032 1983 5085 (ἑνω-

328 5124 481 5175 cum,
520 5113 588 5162 ut
649 5113 705 5161 et
746 5107 809 5160 in
860 5105 994 5160 aliis
1052 5095 1550 5175 πρωτοϐεστιάριος
1600 5119 1633 5156 a
1695 5103 1983 5157 thesauris

326 5178 505 5233 fuisse
536 5178 811 5233 videtur:
846 5192 1009 5246 nam,
1064 5179 1323 5246 vetustus
1381 5175 1564 5246 code);
1628 5175 1982 5246 Augustanaa

326 5248 724 5317 bibliothecae,
764 5249 869 5304 ubi
901 5243 1143 5319 reliqui
1167 5245 1385 5300 habent
1419 5241 1702 5319 βασιλικὸν
1725 5241 1979 5319 ταμιεῖον

328 5319 362 5387 ἢ
396 5319 674 5398 χρῦσῶνα,
712 5314 897 5398 ⁷ροιιῇ
957 5314 1290 5398 βεστ-ιᾴριον.
1354 5314 1860 5398 Παρακοιμώμενον
1892 5316 1984 5398 vel

331 5338 362 5387 η
440 5338 674 5387 ρυσωνα,
724 5338 897 5393 ponit
957 5338 1290 5390 Ρεστιαριον.
1357 5338 1860 5397 ιιαρακοιμωμενον
1892 5338 1981 5398 VB!

331 5338 753 5450 cubicularium
795 5391 888 5447 vel
927 5388 1336 5473 accubitorem
1397 5395 1643 5473 vertere‘
1681 5404 1889 5459 possxs.
1925 5387 1981 5473 Si

333 5477 884 5529 paracmmomenon
919 5461 1114 5525 dicas,
1155 5460 1354 5514 nescio
1387 5458 1685 5530 quomodo
1718 5474 1892 5513 aures
1919 5458 1982 5511 τὸ

334 5530 631 5612 κακξφωνον
664 5538 1053 5612 τινθνεᾶηίυῖς
1095 5601 1108 5612 .
1138 5602 1148 5611 .
1232 5602 1244 5612 .
1324 5603 1331 5612 .
1611 5601 1646 5612 ..
1940 5600 1976 5612 --

398 5598 501 5679 (l3)
559 5607 901 5684 Προκοίτων.
1002 5601 1441 5684 Cubicularium
1502 5600 1981 5684 ve‘rtiugeneral‘i

335 5672 617 5753 vocabulo;
650 5687 910 5755 propter
978 5691 1322 5746 κακοφωνιαν
1354 5674 1627 5729 Procmti.
1680 5672 1983 5745 Significat

544 5804 819 5865 ΡΑτιιοι..
876 5798 993 5859 Gn.
1044 5791 1363 5854 CXXXIX.

2092 5034 2258 5106 Strat.
2347 5030 2585 5106 Byzanti
2657 5031 2866 5106 palatii
2920 5033 3241 5106 dignitates
3292 5043 3351 5093 et
3406 5038 3743 5095 ministeria

2093 5101 2292 5180 omnia
2324 5118 2443 5180 non
2479 5101 2622 5180 satjs
2682 5102 2954 5180 intelligi,
2983 5101 3162 5180 etiam
3194 5109 3243 5163 is
3297 5109 3514 5165 fatetur
3544 5112 3645 5180 qui
3671 5111 3738 5164 τὰ

2092 5171 2318 5255 ὀφφίκια
2345 5168 2758 5255 τοῦυςπαλατίου
2818 5168 3169 5255 descripsit;
3232 5168 3737 5255 quemhlibéllum

2090 5243 2373 5323 uhacum
2404 5243 2547 5323 aliis
2562 5244 2634 5298 ad
2658 5248 2925 5323 Grzecam
2956 5243 3268 5323 historiam
3290 5252 3737 5323 intelligendam

2091 5314 2336 5403 utilibus
2365 5315 2583 5403 no‘bilis
2615 5322 2676 5403 et
2701 5319 3043 5403 ingeniosus
3074 5322 3424 5403 adolescens
3464 5314 3739 5403 liaphael

2093 5386 2370 5463 Saylerus
2398 5387 2739 5463 aliquando,
2774 5386 3097 5463 'utiﬁspero,
3131 5395 3203 5463 in
3223 5394 3415 5448 lucem
3447 5386 3631 5463 dabit.

2191 5460 2273 5529 16)
2328 5454 2668 5512 Ἀποϐαίνειν
2722 5454 2820 5513 τοῦ
2873 5454 3068 5530 ἳπῖπου,
3124 5462 3213 5516 καὶ
3269 5464 3464 5543 ’τούτω
3529 5460 3741 5543 ’ἀπονέ-

2095 5530 2235 5615 μέὶνε
2265 5530 2438 5615 ‘Hunc
2470 5531 3071 5615 honorem‘omnidus
3113 5535 3315 5589 Turcis
3345 5530 3742 5615 aHCbr'istiano

2093 5600 2365 5677 quolibet
2387 5603 2730 5677 necessario
2763 5604 3100 5660 habendum
3133 5621 3263 5659 esse
3282 5604 3486 5657 scribit
3510 5600 3744 5655 Bartho-

2092 5673 2342 5733 loniqu
2374 5673 2825 5746 Georgievicius.

3433 5788 3501 5845 11
