4150 6292
436 388 548 450 331

1737 378 2045 440 NICETIB
2087 377 2514 440 CHONIATE

3731 388 3850 448 ειη

431 521 536 572 τῶν
565 514 838 589 δεομένων
862 512 1027 584 ὁξεὶαί
1058 534 1196 575 τινες
1230 513 1318 569 καὶ
1377 514 1683 585 εὐκίνητοι.
1717 513 1896 586 ’Δπὰρ
1953 509 2016 564 τὸ
2069 507 2272 586 εὐγενὲς
2311 516 2410 578 τῆς
2463 510 2693 584 γνώμης
2750 511 2840 566 καὶ
2900 509 3208 589 ἐλευθέριον
3269 514 3330 570 τὸ
3380 517 3457 587 μή
3515 511 3643 590 ἕχον
3702 516 3850 573 οὕτω

429 610 527 662 τοῦ
557 605 737 682 γένους
763 605 828 659 τὰ
861 601 1046 659 πολλὰ
1077 604 1406 672 συνεσκίαζε,
1437 603 1526 658 καὶ
1555 601 1806 666 πόθεινόν
1837 600 1982 669 παρὰ
2007 602 2134 654 πᾶσι
2169 597 2260 652 τὸν
2287 599 2546 674 Ἀξουχον
2582 601 2954 677 ἀπειργάζετο.

499 697 792 752 Caeterum
824 712 981 750 anno
1013 695 1278 750 nondum
1309 700 1512 750 exacto
1546 712 1616 750 ex
1646 692 1870 752 invidia
1899 697 1956 748 et
1985 692 2075 746 in-
2113 695 2160 756 Α

427 786 766 859 dignatione
817 790 1202 856 cognatorum
1254 786 1348 841 15
1411 784 1788 856 imperatoris
1821 782 2078 852 insidiae

427 879 783 945 comparata)
833 881 992 939 sunt,
1046 890 1296 944 quarum
1347 874 1496 930 ratio
1547 874 1872 946 ignoratur.
1934 872 2081 930 Illud

427 967 681 1032 constat,
717 979 819 1018 eos
851 962 1122 1034 improba
1179 963 1620 1034 conspiratione
1668 963 1816 1018 inita
1861 967 1918 1016 et
1965 961 2080 1018 fide

426 1052 684 1108 invicem
719 1052 857 1106 data
887 1051 959 1106 ad
983 1052 1300 1122 Bryenium
1332 1068 1540 1108 omnes
1571 1051 1880 1118 defecisse,
1907 1052 2079 1122 eique

425 1158 677 1214 regnum
709 1141 989 1196 detulisse
1012 1147 1076 1196 ut
1107 1146 1165 1195 et
1189 1141 1535 1198 liberalibus
1585 1141 1914 1212 disciplinis
1955 1157 2082 1196 eru-

427 1231 549 1286 dito
577 1238 634 1286 et
658 1231 819 1303 regia
851 1231 1042 1286 forma
1089 1231 1407 1301 conspicuo
1458 1237 1517 1285 et
1571 1231 1646 1284 ob
1705 1231 2081 1300 imperatoris

426 1321 786 1378 affinitatem
813 1321 1206 1392 praeferendo.
1259 1321 1426 1388 Nam,
1460 1325 1526 1375 ut
1562 1336 1743 1392 supra
1799 1320 2077 1387 diximus,

430 1413 666 1470 Annam
741 1411 1137 1479 Caesarissam,
1206 1426 1470 1466 sororem
1561 1409 1959 1480 imperatoris,
2021 1409 2080 1464 in

436 1499 820 1556 matrimonio
854 1499 1126 1566 habebat,
1161 1499 1430 1556 omnium
1473 1497 1926 1569 disciplinarum
1976 1514 2080 1569 pa-

435 1589 592 1644 renti
624 1587 1015 1658 phi1050phim
1041 1586 1303 1642 deditam
1325 1593 1384 1642 et
1400 1587 1678 1642 omnibus
1700 1587 1926 1644 artibus
1947 1603 2084 1642 eru-

439 1676 737 1732 ditam.Ac
758 1676 1176 1748 imperatorem
1203 1677 1264 1730 in
1279 1677 1536 1746 equestri
1558 1677 1713 1732 circo
1731 1675 2084 1746 Philopatio,

437 1768 538 1840 qui
589 1783 798 1838 parum
843 1783 877 1822 a
926 1767 1190 1822 terrestri
1244 1773 1414 1838 porta
1463 1767 1661 1835 distat,
1693 1767 1875 1822 armis
1905 1771 2084 1822 noctu

435 1859 895 1930 oppressissent,
947 1859 1076 1930 jam
1139 1864 1272 1914 ante
1305 1859 1717 1930 largitionibus
1765 1865 1949 1930 porta)
1981 1875 2086 1916 cu-

435 1948 602 2004 stode
634 1955 911 2020 corrupto
941 1967 953 2003 :
986 1949 1102 2004 nisi
1132 1949 1366 2020 Bryenii
1411 1948 1617 2004 innata
1667 1947 1962 2016 socordia,
2025 1952 2086 2002 et

2264 685 2422 746 Ἀλλ’
2457 684 2610 746 οὔπω
2650 689 2895 758 ἐνιαυτὸς
2953 689 3194 765 ἀκριϐῶς
3250 699 3330 764 τῷ
3391 693 3609 768 βασιλεῖ
3671 693 3851 772 διεγε-

2190 798 2332 846 νετο,
2365 777 2454 833 καὶ
2486 780 2972 856 καττύεταιτούτῳ
2999 783 3144 858 παρᾶ
3196 788 3303 838 τῶν
3364 783 3424 838 ἐκ
3481 785 3670 860 γὲνους
3729 786 3853 842 ἐπι-

2191 861 2394 935 ϐουλὴ,
2451 870 2568 924 καθ’
2625 866 2682 924 ὅν
2743 869 2842 926 οὒκ
2897 867 3013 946 ἔχει
3074 892 3157 934 τις
3215 872 3416 946 τρόπον
3479 873 3671 946 εἰπεῖν,
3731 878 3853 934 κατ’

2191 953 2354 1010 αὐτοῦ
2388 956 2854 1031 βαρυμηνιώνσιων
2895 961 2983 1016 καὶ
3047 956 3206 1034 ὄμμα
3265 961 3316 1015 οἱ
3374 962 3840 1040 ἐπιρριπτούντων

2193 1043 2478 1116 βάσκανον.
2540 1045 2768 1118 ’Λμέλει
2823 1069 2909 1106 τοι
2965 1049 3056 1104 καὶ
3110 1048 3427 1124 σύστρεμμα
3487 1056 3840 1122 τεκτήναντες

2187 1136 2428 1209 πονηρὸν
2481 1136 2571 1189 καὶ
2625 1138 2832 1199 πίστεις
2892 1137 3070 1201 δόντες
3127 1138 3400 1208 ἀλλήλοις
3451 1146 3532 1213 τῷ
3594 1146 3837 1217 Βρυνείῳ

2188 1223 2379 1289 πάντες
2439 1225 2835 1298 προστίθενται,
2894 1229 2982 1282 καὶ
3048 1234 3442 1304 παραχιυρν›ὖσι
3497 1231 3676 1304 τούτῳ
3736 1240 3838 1301 τῆς

2193 1311 2471 1386 βασιλείας
2553 1315 2628 1376 ὡς
2707 1315 2942 1392 λογικῶν
3023 1318 3246 1396 μετὸχῳ
3330 1316 3656 1374 παιδεύσεων
3745 1322 3838 1376 καὶ

2189 1402 2338 1466 εἶδος
2369 1407 2682 1481 τυραννικόν
2741 1406 3092 1482 προφαίνοντι
3140 1409 3230 1463 καὶ
3288 1410 3422 1464 κατὰ
3477 1408 3644 1478 κῆδος
3699 1433 3838 1485 προ-

2192 1493 2492 1570 φερεστὲρῳ
2551 1494 2858 1570 βασιλικόν·
2937 1497 3013 1560 ὡς
3075 1498 3177 1574 γάρ
3237 1502 3534 1576 φθάσαντες
3594 1499 3840 1575 εἴπομεν,

2193 1586 2262 1655 τῇ
2297 1584 2390 1638 τοῦ
2423 1583 2690 1657 βασιλέως
2719 1583 2931 1664 ἀδελφῇ
2989 1585 3057 1661 τῇ
3117 1589 3454 1663 Καισαρίσσῃ
3523 1593 3688 1665 ’Ἀννῃ
3721 1612 3838 1646 συν-

2193 1672 2434 1742 ἐζευκτο,
2463 1674 2579 1740 ἣτις
2616 1671 2682 1742 δὴ
2713 1681 2808 1744 τῆς
2842 1679 2948 1730 τῶν
3001 1673 3319 1748 ἐπιστημῶν
3379 1682 3567 1732 πασῶν
3627 1678 3832 1754 ἐπόχου

2193 1759 2518 1840 φιλοσοφίας
2576 1765 2685 1834 (17)
2770 1760 3043 1820 ἐδείκνυτο
3106 1763 3332 1839 μέλημα
3385 1769 3499 1841 (18)
3558 1767 3648 1824 καὶ
3703 1768 3838 1844 πρὸς

2193 1855 2364 1904 πᾶσαν
2397 1849 2723 1924 ἐρῥύθμιστο
2777 1851 3032 1928 μάθησιν.
3064 1853 3223 1931 Τάχα
3288 1851 3332 1909 δ’
3392 1853 3454 1910 ἂν
3507 1856 3598 1910 καὶ
3645 1859 3836 1920 νυοιτὸς

2193 1935 2445 2003 ἐπέθεντο
2480 1942 2594 2011 μεθ’
2627 1943 2710 2014 [Ρ.
2753 1943 2806 2014 8]
2837 1939 3026 1996 ὅπλων
3079 1947 3186 1996 τῶν
3248 1939 3564 2021 φονόυργῶν
3613 1944 3836 2014 αὐλιζο-

435 2037 744 2092 remissior
774 2037 1032 2102 animus,
1064 2053 1242 2108 quam
1269 2037 1433 2108 regni
1478 2037 1772 2092 affectatio
1803 2035 2078 2108 postulet,

2198 2028 2343 2102 μένῳ
2371 2033 2450 2100 τῷ
2485 2029 2698 2102 βασιλεῖ
2728 2030 2865 2084 κατὰ
2917 2030 2980 2084 τὸ
3042 2031 3234 2106 μικρὸν
3292 2031 3487 2088 ἄποθεν
3546 2039 3655 2089 τῶν
3707 2054 3836 2110 χερ-

437 2126 676 2180 irritnm
711 2142 846 2181 eum
869 2132 1147 2181 conatum
1175 2125 1565 2192 fecisset,tum
1589 2126 1716 2196 ipso
1743 2126 2088 2196 quiescente

440 2213 745 2285 oblitaque
798 2213 1060 2281 frederis,
1144 2220 1266 2270 tum
1349 2215 1796 2286 conjuratorum
1877 2215 2087 2270 ardore

441 2304 752 2359 exstincto.
791 2305 915 2368 Quo
971 2309 1237 2373 tempore
1289 2305 1461 2360 Anna
1516 2304 1832 2360 Cmsarissa
1887 2303 2085 2360 mariti

443 2393 736 2465 ignaviam
761 2393 1244 2464 pertmsa,iraque
1265 2393 1511 2462 percita,
1536 2393 1740 2463 inique
1771 2410 1974 2450 secum
1993 2393 2086 2464 agi

443 2483 748 2551 dixisse,et
779 2489 1054 2538 naturam
1076 2482 1327 2537 multum
1349 2497 1656 2538 accusasse
1679 2483 1884 2550 fertur,
1910 2483 2087 2553 idque

439 2572 633 2627 verbis
677 2571 1162 2628 obscenioribus:
1223 2572 1381 2641 quod
1429 2589 1490 2626 se
1539 2572 1876 2637 mulierem,
1912 2574 2085 2643 Brye-

439 2659 608 2715 nium
638 2659 829 2718 virum
863 2661 1291 2715 fecisset.Mane
1313 2660 1640 2731 conjuratis
1671 2660 2082 2731 deprehensis,

435 2766 612 2806 nemo
649 2767 852 2808 eorum
883 2751 1191 2808 mutilatus
1223 2755 1324 2805 aut
1379 2750 1577 2822 flagris
1626 2768 1812 2806 caesus
1837 2757 1946 2813 est,
1981 2750 2086 2805 sed

433 2856 644 2896 omnes
698 2841 930 2898 multati
977 2841 1149 2896 bonis
1181 2857 1194 2894 :
1238 2857 1368 2910 quae
1402 2846 1601 2898 tamen
1633 2840 1951 2911 aliquando
1983 2839 2084 2896 16

433 2935 572 3000 post
597 2930 865 3001 plerique
889 2929 1624 2999 receperunt,imperatore
1648 2929 2079 2986 humanitatem

431 3015 504 3072 ab
554 3017 682 3088 ipsa
743 3015 1173 3086 conjurationis
1239 3015 1505 3086 principe
1555 3018 1726 3070 Anna
1769 3015 2084 3070 Czesarissa

432 3105 757 3176 auspicato.
792 3104 970 3173 Cujus
1002 3103 1086 3157 rei
1116 3103 1242 3157 haec
1289 3102 1402 3160 fuit
1451 3103 1702 3159 occasio.
1756 3104 2083 3173 Imperator

433 3209 566 3248 cum
601 3192 795 3246 omnis
810 3192 1044 3262 generis
1076 3207 1238 3260 opes,
1265 3191 1672 3262 auri,argenti,
1707 3198 1763 3246 et
1786 3191 2080 3250 variarum

433 3281 686 3336 vestium
719 3282 779 3334 in
811 3296 932 3334 una
966 3279 1140 3334 domo
1169 3283 1478 3349 congestas
1509 3285 1823 3349 spectaret,
1855 3286 2080 3336 natura!

433 3369 708 3425 ordinem
755 3369 1053 3424 inversum
1095 3384 1222 3422 esse
1273 3373 1538 3436 questus,
1597 3368 1754 3438 quod
1801 3373 2080 3442 cognatos

433 3458 654 3523 hostes,
706 3457 934 3513 alienos
991 3456 1215 3512 amicos
1259 3454 1622 3513 habuisset:
1690 3457 1869 3516 etiam
1933 3474 2074 3530 opes

433 3547 506 3603 ad
580 3548 802 3604 amicos
873 3547 1126 3604 transire
1183 3549 1455 3618 oportere
1517 3545 1687 3612 dixit,
1754 3554 1813 3604 et
1871 3550 2076 3606 omnia

431 3654 715 3710 magnum
767 3637 1162 3694 domesticum
1217 3635 1486 3705 accipere
1546 3635 1746 3707 jussit.
1821 3640 1875 3696 Is
1939 3655 2075 3698 vero

431 3743 678 3782 summa;
730 3726 1112 3798 imperatoris
1161 3724 1590 3782 muniﬁcentia
1638 3729 1842 3796 gratiis
1905 3729 2071 3797 actis,

427 3821 488 3874 et
516 3816 754 3872 dicendi
785 3833 916 3888 quae
949 3815 1125 3870 vellet
1155 3819 1444 3886 potestate
1475 3815 1660 3885 petita
1693 3824 1870 3889 atque
1915 3835 2077 3874 acce-

426 3909 528 3975 pta
557 3921 569 3960 :
598 3927 626 3956 ι(
650 3906 770 3961 Etsi
804 3911 905 3962 tua
927 3921 1096 3961 soror
1117 3903 1722 3976 (inquit),imperator,
1754 3907 2074 3964 violentum

429 3998 489 4048 et
518 3993 962 4064 iniquissimum
984 3996 1216 4055 facinus
1246 4014 1409 4066 ansa,
1434 3999 1632 4069 reipsa
1661 3997 2074 4067 cognationem

429 4081 724 4152 abjuravit
754 4101 766 4138 :
803 4089 998 4139 tamen
1031 4102 1151 4141 non
1184 4092 1248 4141 ut
1295 4089 1594 4154 affectum,
1626 4086 1708 4142 ita
1747 4087 1927 4142 etiam
1981 4102 2079 4156 ap-

429 4169 813 4240 pellationem
855 4173 1185 4228 naturalem
1217 4175 1452 4241 amisit;
1485 4191 1619 4230 cum
1651 4173 1830 4246 igitur
1885 4172 2077 4228 adhuc

431 4255 572 4311 boni
604 4257 979 4328 imperatoris
1006 4277 1172 4316 soror
1215 4270 1469 4325 maneat,
1496 4263 1867 4330 charitatem,
1900 4278 2078 4331 quam

430 4361 590 4402 nunc
622 4347 926 4416 dementia
953 4349 1230 4420 perdidit,
1259 4357 1488 4407 natura;
1518 4351 1725 4421 adjuta
1778 4352 2077 4423 suffragio,

427 4436 778 4506 paenitentia
807 4438 1200 4510 recuperabit.
1235 4441 1417 4494 Parce
1466 4441 1646 4511 igitur
1699 4441 1911 4508 sorori,
1974 4439 2081 4495 do-

425 4525 614 4591 mine,
648 4543 780 4598 quae
844 4531 1007 4584 tuam
1067 4527 1442 4598 majestatem
1493 4528 1766 4583 violavit:
1825 4544 2078 4599 eamque

426 4613 796 4674 humanitate
827 4618 1109 4689 castigato
1139 4633 1272 4687 quae
1303 4616 1521 4672 illustri
1547 4619 1812 4688 qonitate
1862 4633 1968 4674 sua
2006 4636 2068 4674 se
2101 4603 2145 4668 D
2177 4636 2287 4684 ναι,
2349 4639 2377 4666 ››

2197 2115 2363 2172 σαίων
2421 2119 2610 2174 πυλῶν
2664 2119 2978 2192 ἱππήλατον
3032 2120 3395 2188 Φιλοπάτιον,
3441 2119 3639 2198 δώροις
3697 2145 3838 2200 προ-

2199 2205 2597 2284 διαφθείραντες
2628 2206 2814 2283 ἀδροὶς
2846 2209 2938 2264 τὸν
2983 2208 3070 2265 ἐπὶ
3125 2215 3232 2266 τῶν
3298 2209 3521 2267 εἰσόδων
3579 2221 3678 2282 τῆς
3744 2214 3840 2270 πό-

2200 2296 2362 2368 λεως,
2395 2296 2440 2352 εἰ
2475 2299 2551 2369 μή
2585 2298 2646 2355 τὸ
2679 2297 2870 2364 εἰωθὸς
2902 2297 3220 2374 ὐπόνωθρον
3277 2301 3366 2356 καὶ
3428 2299 3674 2377 χαλαρὸν
3705 2307 3841 2378 πρὸς

2203 2386 2481 2460 βασιλείας
2556 2385 2793 2444 ἐπίθεσιν
2871 2395 2972 2458 τῆς
3062 2387 3431 2466 ἐγχειρήσεως
3490 2392 3692 2447 ὶπαυσε
3744 2393 3834 2448 τὸν

2207 2477 2510 2551 Βρυέννιον,
2543 2477 2703 2533 αὐτόν
2733 2499 2792 2532 τε
2838 2478 3016 2552 μένειν
3057 2482 3192 2536 κατά
3249 2482 3437 2560 χώραν
3503 2479 3836 2558 παραϐιάσαν

2194 2569 2300 2620 τῶν
2358 2567 2630 2638 ξυνθηκῶν
2693 2567 3014 2640 λαθόμενον,
3072 2570 3162 2624 καὶ
3211 2566 3538 2628 κατασϐέσαν
3593 2574 3656 2628 τὸ
3714 2584 3825 2647 θερ-

2200 2656 2298 2730 μὸν
2335 2660 2443 2712 τῶν
2474 2655 2838 2720 συνελθόντων
2868 2658 3143 2736 φρόνημα,
3185 2655 3274 2714 ὅτε
3327 2661 3416 2714 καὶ
3473 2660 3682 2737 λέγεται
3735 2662 3830 2730 τήν

2196 2745 2552 2821 Καισάρισσαν
2619 2746 2800 2807 Ἅνναν
2885 2749 3020 2822 πρὸς
3093 2749 3154 2804 τὸ
3228 2753 3429 2824 χαῦνον
3482 2755 3578 2804 τοῦ
3633 2751 3832 2821 ταύτης

2195 2832 2386 2910 ἀνδρὸς
2445 2832 2898 2910 δυσχεραίνουσαν
2969 2837 3043 2900 ὡς
3126 2838 3441 2912 πάσχουσαν
3510 2836 3654 2896 δεινὰ
3717 2837 3834 2896 δια-

2193 2925 2440 2998 πρίεσθαι
2473 2925 2562 2980 καὶ
2624 2926 2724 2994 τὴν
2785 2926 2942 3003 φύσιν
2990 2926 3057 2982 τὰ
3113 2925 3299 2984 πολλὰ
3355 2931 3468 3002 (19)
3526 2928 3831 3007 ἐπιμέμφε-

2193 3024 2336 3082 σθαι,
2388 3013 2475 3068 ὑπ’
2529 3013 2705 3070 αἰτίαν
2771 3016 3002 3069 τιθεῖσαν
3090 3013 3219 3088 οὐχί
3309 3017 3503 3092 μικρὰν
3561 3017 3638 3080 ὡς
3691 3018 3829 3092 αὐτῇ

2195 3103 2288 3173 μὲν
2319 3100 2702 3158 ἐνδιασχοῦσαν
2743 3105 2855 3178 (20)
2906 3104 2967 3158 τὸ
3022 3102 3217 3179 ἄρθρον
3273 3106 3364 3160 καὶ
3421 3105 3832 3183 ἐγκοιλάνασαν,

2190 3197 2266 3265 τῷ
2317 3189 2374 3247 δὲ
2405 3193 2642 3266 Βρυενίῳ
2695 3194 2756 3248 τὸ
2816 3195 3008 3268 μόριον
3095 3195 3452 3252 ἀποτείνασαν
3505 3198 3598 3252 καὶ
3675 3219 3830 3274 σφαι-

2191 3282 2456 3355 ρώσασαν.
2514 3284 2883 3355 Φωραθέντων
2942 3279 2990 3338 δ’
3051 3283 3264 3359 ἡμέρας
3334 3290 3442 3340 τῶν
3503 3292 3838 3360 συνωμοτῶν

2189 3367 2403 3431 οὐδένες
2447 3373 2541 3443 μὲν
2568 3370 2746 3426 αὐτῶν
2778 3371 2829 3441 ἐξ
2871 3373 2932 3426 τὸ
2984 3376 3146 3446 σῶμα
3185 3370 3603 3450 διελωβήθησαν
3635 3376 3669 3445 ἢ
3700 3379 3836 3431 καθ-

2189 3456 2582 3531 υπεϐλήθησαν
2645 3461 2880 3533 μάστιξι,
2965 3466 3074 3518 τῶν
3153 3459 3212 3518 δὲ
3270 3463 3467 3520 οὐσιῶν
3527 3461 3838 3542 ἐστέρηνται

2183 3549 2576 3620 ἁπαξάπαντες.
2632 3549 2779 3606 Μετὰ
2836 3546 2892 3604 δέ
2947 3571 3068 3606 τινα
3121 3552 3309 3627 καιρὸν
3369 3554 3457 3610 καὶ
3515 3553 3670 3609 αὗται
3719 3561 3838 3620 τοῖς

2184 3635 2430 3694 πλείοσιν
2463 3636 2637 3692 αὐτῶν
2685 3634 3050 3708 ἀπεδόθησαν,
3096 3638 3146 3710 ἒξ
3205 3639 3373 3710 αὐτῆς
3430 3650 3530 3713 τῆς
3583 3664 3833 3719 πρωτερ-

2183 3723 2404 3800 γάτιδος
2457 3733 2557 3795 τῆς
2644 3720 2947 3795 ἐπιϐουλῆς
3040 3731 3232 3800 Ἃννης
3307 3738 3404 3798 τῆς
3465 3733 3829 3808 Καισαρίσσης

2182 3821 2279 3870 τοῦ
2312 3815 2582 3890 βασιλέως
2639 3814 2941 3890 ἀρξαμένου
3000 3817 3558 3892 φιλανθρωπεύεσθαι.
3619 3823 3823 3897 Ἀρχὴν

2185 3901 2230 3958 δ’
2262 3903 2389 3978 ἔσχε
2425 3900 2640 3958 τοιάνδε
2686 3903 2748 3959 τὸ
2807 3902 3008 3959 οὑτωσὶ
3060 3907 3297 3982 γεγονός.
3356 3911 3469 3977 Τὴν
3527 3909 3581 3964 ἐν
3641 3916 3833 3985 χρυσῷ

2182 3991 2272 4047 καὶ
2320 3991 2537 4067 ἀργόρῳ
2609 3992 2698 4047 καὶ
2783 3992 3296 4068 πλούτῳαντοδαπῷ
3385 3997 3476 4053 καὶ
3551 3999 3832 4064 ποικίλοις

2187 4082 2483 4152 ἐσθήμασιν
2510 4080 2693 4136 οὐσίαν
2755 4089 2852 4151 τῆς
2910 4085 3279 4158 Καισαρίσσης
3335 4088 3456 4150 καθ’
3509 4085 3605 4144 ἕνα
3659 4086 3832 4161 δόμον

2187 4168 2594 4244 συνειλεγμένην
2643 4171 2670 4224 ὁ
2706 4169 2965 4245 βακιλεὺς
3021 4173 3277 4245 Ἰωάννης
3335 4174 3554 4238 ἐπιστὰς
3619 4177 3831 4247 ἐθεᾶτο,

2185 4259 2268 4313 ναὶ
2303 4261 2412 4331 μὴν
2461 4258 2551 4314 καὶ
2617 4258 2784 4314 εἰπὼν
2845 4261 2920 4322 ὡς
2978 4285 3006 4313 ‹‹
3065 4261 3126 4318 Ἥ
3187 4263 3332 4334 τάξις
3391 4262 3472 4318 ἄπ’
3531 4263 3657 4338 ἐμοί
3714 4289 3838 4333 πως

2187 4349 2576 4421 άντέστραπται
2610 4367 2621 4378 ’
2708 4349 2771 4403 τὸ
2867 4350 2962 4421 μὲν
3041 4351 3144 4426 γὰρ
3228 4361 3476 4428 συγγενὲς
3558 4353 3833 4428 πολέμιον

2187 4435 2432 4511 εὕρηται,
2463 4438 2525 4492 τὸ
2557 4434 2605 4492 δ’
2636 4435 2930 4510 ἀλλότριον
2961 4435 3168 4516 φίλιον·
3219 4440 3309 4495 καὶ
3340 4438 3428 4497 διὰ
3457 4447 3618 4500 τοῦτο
3651 4445 3839 4519 χρεὼν

2187 4526 2277 4582 καὶ
2305 4527 2374 4582 τὰ
2402 4531 2498 4582 τοῦ
2529 4525 2771 4580 πλούτου
2803 4526 2938 4600 πρὸς
2981 4527 3107 4590 τοὺς
3169 4527 3459 4604 φιλοῦντας
3519 4534 3834 4608 μεταρῥυῆ-

2472 4614 2647 4670 πάντα
2711 4612 2996 4691 εἰληφέναι
3053 4617 3144 4671 τὸν
3202 4617 3370 4694 μὲγαν
3439 4624 3833 4698 προσετετάχει

1781 4770 1948 4842 Hier,
1999 4768 2232 4830 Wolﬁii
2284 4775 2468 4830 notae.

497 4900 610 4979 (1.7)
665 4899 1309 4979 τῶν-*ἐπιστημῶν
1366 4906 1565 4979 πασῶν
1612 4899 1828 4979 ἐπὸχπυ
1901 4899 2060 4979 φιλοῖ

426 4967 635 5095 accitas.
669 4973 1034 5042 Philosophiae
1063 4967 1314 5029 omnibus
1350 4977 1594 5030 scientiis
1640 4967 1954 5040 insidentis,
2004 4975 2064 5030 id

428 5057 491 5095 es
564 5042 1010 5095 coleectentis
1065 5052 1166 5095 aut
1231 5051 1390 5095 certe
1467 5047 1802 5095 superantis
1856 5063 2064 5095 omnes

428 5042 518 5116 est
564 5042 1010 5116 complectentis
1065 5052 1166 5099 aut
1231 5051 1390 5100 certe
1467 5047 1802 5116 superantis
1856 5063 2064 5100 omnes

427 5112 1044 5188 scientias,‘omn_ium
1091 5118 1304 5171 artium
1357 5112 1643 5188 principis
1703 5124 1762 5172 et
1823 5118 2060 5188 regium.

425 5183 788 5255 Eruditionis
819 5184 1000 5254 hujus
1029 5187 1216 5241 Annae
1249 5183 1518 5244 meminit
1541 5183 1717 5244 etiam
1763 5183 2016 5244 Zonaras
2049 5205 2063 5255 ;

426 5259 487 5332 et
514 5254 860 5332 Wilbelmus
883 5255 1246 5332 _Xyl_a_nder,v
1273 5259 1650 5332 doctissimus
1693 5261 1951 5332 juvenis,
2002 5254 2064 5316 in

422 5327 778 5403 Augustam)
807 5327 896 5403 rei
927 5327 1178 5403 publicas
1205 5330 1422 5403 priscas
1456 5327 1812 5386 bibliotheca
1860 5332 2065 5403 viginti

420 5395 604 5473 libros
635 5397 708 5452 de
737 5397 915 5452 robus
928 5395 1349 5473 gestisAlexis
1379 5402 1662 5473 Comneni
1686 5403 1864 5473 hujus
1879 5395 2064 5460 Αἶιιιω

420 5468 662 5545 nomine
679 5477 910 5545 exstare
926 5469 1068 5545 mihi
1088 5469 1381 5545 dixit,s_i_ve
1405 5471 1489 5524 illi
1511 5472 1583 5526 ab
1606 5474 1732 5545 ipsa
1765 5468 2067 5545 sivejussu

422 5539 550 5614 ejus
583 5541 782 5614 scripti
819 5546 975 5595 sunt.
1000 5542 1150 5614 iNam
1173 5541 1410 5614 regibus
1443 5547 1500 5594 et
1550 5539 1915 5614 principibus
1948 5562 2066 5601 non

419 5609 666 5683 difficile
697 5609 788 5668 est
818 5629 945 5667 esse
979 5613 1236 5678 disertis,
1271 5613 1370 5682 qui
1401 5609 1688 5683 quodper
1729 5609 1877 5670 alios
1909 5619 2064 5672 fece-

417 5681 562 5752 rint,
585 5699 690 5756 per
709 5700 770 5739 se
819 5684 1033 5739 fecisse
1065 5681 1358 5752 videntur,
1405 5681 1469 5738 ut
1491 5681 1906 5754 jurisconsulti
1956 5695 2071 5745 sta—

2176 4906 2237 4957 tu
2249 4909 2378 4959 unt.

2250 4975 2368 5054 (1θ)
2398 4969 2710 5054 ξΕδείκνυτο
2755 4971 3010 5054 μέλημα.
3075 4977 3136 5033 Id
3191 4985 3287 5054 est
3329 4979 3671 5054 ἐπεμελεῖτο,
3708 4993 3836 5044 stu-

2176 5043 2516 5127 diosissima
2537 5052 2684 5128 erat,
2718 5043 2983 5129 studium
3014 5064 3133 5129 prae
3174 5068 3236 5106 se
3265 5043 3670 5129 fereb'at._Nisi
3699 5043 3839 5129 quis

2174 5119 2399 5187 passive
2427 5118 2695 5201 accipere
2727 5117 2916 5201 malit,
2953 5141 2980 5169 «
3009 5117 3256 5180 alumna
3275 5132 3400 5180 erat
3419 5117 3837 5201 philosophiae,

2171 5205 2350 5245 sensu
2381 5187 2588 5244 eodem
2622 5189 2944 5246 recidente.

2246 5264 2359 5342 (ῳ.)
2391 5258 2467 5342 Ίξὰ
2519 5256 2706 5342 πολλὰ
2757 5261 3087 5342 plerumque
3137 5265 3447 5338 signiﬁcat.
3481 5271 3678 5326 Malim
3739 5273 3838 5330 hic

2172 5329 2361 5386 πολλὰ
2390 5331 2519 5387 sine
2561 5329 2834 5388 articulo.

2243 5405 2354 5472 (20)
2378 5400 2540 5484 56113
2576 5403 2670 5484 μὶν
2703 5399 2946 5478 ἰνδιασχ.
2973 5427 3004 5484 ς(
3026 5406 3194 5484 Quod
3227 5409 3336 5484 sibi
3369 5412 3707 5470 membrum
3741 5415 3838 5472 in-

2176 5479 2542 5550 trovertisset
2563 5481 2622 5529 et
2649 5483 3008 5550 excavasset,
3035 5479 3285 5550 Bryenio
3310 5499 3444 5538 vero
3465 5487 3843 5543 extendisset

2177 5554 2233 5599 et
2265 5547 2666 5602 rotundasset.
2700 5570 2724 5594 η
2776 5549 3036 5605 Nimium
3093 5547 3327 5608 videtur
3372 5555 3467 5610 hic
3499 5561 3746 5618 φυσικῶς
3782 5568 3843 5613 et

2178 5635 2394 5700 parum.
2436 5618 3116 5700 apiariis“philosophari
3176 5631 3384 5700 nostra
3440 5613 3837 5700 philosopha:

2177 5688 2397 5760 alioqui
2439 5694 2497 5743 et
2525 5688 2836 5748 ambitioni
2862 5699 2922 5748 et
2947 5688 3168 5765 lingua
3197 5711 3318 5750 suae
3349 5688 3722 5768 imperasset.
