4150 6292
332 307 425 370 333

1867 310 2265 374 HISTORIA.

3659 321 3777 382 334

345 439 683 512 Bonis-ctum.
742 444 812 500 Ὀ
878 440 965 512 δὲ,
1024 438 1420 517 εὐχαριστήσας
1504 442 1593 498 ἐπὶ
1643 444 1863 506 τούτοις
1931 449 2011 516 τῷ

2138 448 2340 504 victam
2372 449 2590 505 fatetur
2617 467 2629 517 ;
2662 452 2796 507 dato
2829 452 2883 507 ei
2914 453 3092 508 etiam
3124 469 3255 523 qum
3286 453 3347 507 in
3371 452 3568 508 medio
3590 455 3783 525 posita

355 531 559 607 βασιλεῖ
610 529 976 611 ιριλοδωρίαν
1031 532 1285 605 μεγίστην
1350 530 1769 604 μεταδιώκοντι,
1821 529 2020 606 ᾔτησεν

357 620 623 689 aeoliam
657 624 711 676 ot
743 624 816 677 τὰ
869 623 1059 677 εἰκότα
1122 620 1506 697 διαλεχθῆναι.
1568 624 1658 684 Ὠς
1716 625 1806 678 οὖν
1855 619 2019 679 ἔλαϐε

360 709 407 763 τὸ
433 707 756 781 ἐνδόσιμον,
785 734 816 761 ‹‹
850 711 924 767 Εἴ
957 709 1046 763 καὶ
1091 710 1305 784 βιαίων,
1365 708 1490 788 ἔφη,
1537 712 1879 788 πραγμάτων
1929 712 2019 766 καὶ

362 797 566 869 πολλῆς
625 797 851 860 ἀδικίας
913 797 1198 874 γεμόντων
1247 798 1427 873 ἦρξεν,
1483 802 1529 854 ὦ
1588 800 1838 876 βασιλεῦ,
1882 804 1916 869 ἡ
1951 803 2016 869 σή

363 885 560 966 ἀδελφή
594 888 690 942 καὶ
746 886 933 962 ἔργοις
994 886 1179 948 αὐτοῖς
1229 889 1293 942 τὸ
1349 890 1600 963 συγγενὲς
1659 889 2019 963 ἀπωμόσατο,

365 979 481 1035 ἀλλ’
511 978 643 1057 οὐχὶ
683 980 780 1033 καὶ
832 981 934 1048 τὴν
992 977 1052 1032 ἐκ
1107 986 1205 1047 τῆς
1264 979 1472 1056 φύσεως
1526 978 1725 1048 κλῆσιν
1781 980 2017 1055 καθάπερ

366 1071 445 1124 καὶ
479 1072 579 1137 τήν
612 1068 803 1143 σχέσιν
851 1066 1185 1123 ἆπεόἀλετο.
1238 1073 1470 1143 ’Δγαθοῦ
1516 1069 1696 1124 τοίνυν
1752 1069 2021 1143 βασιλέως

363 1159 518 1213 εἰσέτι
548 1158 884 1233 κασίγνητος
941 1157 1174 1231 μὲνουσα
1230 1157 1289 1212 ἐκ
1342 1159 1627 1231 μετανοίας
1681 1161 1745 1214 τὸ
1793 1159 2021 1238 φίλτρον

361 1250 511 1313 αὖθις
541 1246 955 1313 ἀνακαλέσεται,
989 1247 1019 1299 δ
1049 1252 1140 1299 νῦν
1174 1246 1234 1301 ἐκ
1281 1247 1579 1319 παρανοίας
1632 1248 1904 1317 ἀπώλεσε,
1952 1252 2020 1322 τῇ

360 1338 512 1413 φύσει
552 1336 878 1411 χρησαμένη
917 1331 1282 1410 συλλήπτορι.
1316 1341 1508 1391 Φεῖσαι
1542 1338 1653 1409 οὖν,
1688 1339 1732 1391 ὦ
1765 1334 2023 1405 δὲσποτα,

358 1434 457 1494 τῆς
504 1430 586 1497 τῷ
644 1429 721 1495 σῷ
779 1425 966 1497 κράτει
1029 1425 1521 1497 προσκεκρουκυίας
1583 1427 1875 1501 ὁμογενοῦς
1931 1427 2022 1481 καὶ

356 1514 601 1571 κόλασον
669 1518 751 1585 τῷ
812 1513 1191 1591 φιλανθρώπῳ
1258 1511 1530 1587 λαμπρῶς
1597 1511 1707 1584 ἤδη
1766 1522 1865 1583 τῆς
1923 1522 2022 1584 σῆς

358 1605 561 1679 ἀρετῆς
591 1605 857 1672 ἡττᾶσθαι
910 1600 1316 1675 ὁμολογοῦσανο
1368 1600 1461 1663 δὸς
1521 1600 1577 1657 δὲ
1623 1604 1765 1676 αὐτῇ
1815 1604 1905 1658 καὶ
1958 1606 2023 1658 τὰ

354 1697 476 1749 κατ’
507 1693 635 1766 ὄψιν
668 1690 1028 1767 προκείμενα,
1062 1690 1170 1765 οὐχ
1206 1692 1279 1753 ὡς
1321 1687 1554 1767 ὄφλημα
1615 1690 1846 1763 δίκαιον,
1896 1692 2024 1748 ἀλλ’

358 1783 434 1845 ὡς
467 1782 617 1855 δόμα
650 1782 926 1850 ἑκούσιον,
976 1778 1090 1834 ἐπεὶ
1147 1779 1235 1834 καὶ
1291 1774 1627 1854 διγαιότερον
1676 1786 1846 1836 ταῦτα
1886 1779 2021 1853 ἐμοῦ

356 1877 650 1943 κτήσαιτο,
709 1869 919 1944 κλῆρον
1012 1866 1140 1923 ὄντα
1195 1874 1445 1943 πατρῷον
1531 1870 1661 1925 κάπὶ
1738 1870 1799 1924 τὸ
1867 1869 2023 1944 γένος

356 1962 510 2025 αὖθις
556 1958 959 2033 διαϐησόμενα.
998 1983 1026 2009 ››
1086 1958 1313 2023 Τούτοις
1370 1961 1398 2013 ὁ
1454 1958 1708 2034 βασιλεὺς
1762 1960 2018 2034 πεισθεὶς,

353 2051 392 2121 ἦ
423 2050 796 2124 ἀληθέστερον
829 2048 1001 2103 εἶπεῖν
1037 2045 1318 2115 αἰδεσθεὶς,
1379 2048 1472 2102 σὺν
1518 2048 1795 2122 προθυμίᾳ
1852 2069 2018 2125 περαο

346 2146 441 2196 τοῖ
501 2144 602 2211 τὴν
655 2138 1016 2216 παραίφασιν,
1070 2135 1308 2212 φάμενος
1362 2137 1436 2198 ὡς
1521 2160 1549 2188 (ί
1611 2134 1745 2207 Εἷ¹ην
1804 2137 2020 2207 ἀνάξιος

345 2228 448 2283 τοῦ
492 2230 709 2305 ἄρχειν,
780 2227 832 2283 εἴ
892 2226 955 2280 σὺ
996 2225 1119 2299 περὶ
1176 2227 1236 2280 τὸ
1295 2225 1452 2300 γενος
1508 2226 1717 2299 τούμὸν
1775 2226 2019 2300 κριθείσης

2127 545 2287 605 sunt,
2320 556 2440 594 non
2470 546 2538 596 ut
2561 540 2790 611 justum
2821 542 3111 607 debitum,
3144 542 3247 597 sed
3290 548 3357 596 ut
3406 542 3628 599 donum
3680 562 3780 599 vo-

2124 626 2473 697 luntarium,
2510 646 2640 699 quaa
2672 630 2933 700 quidem,
2958 635 3023 685 ut
3051 631 3478 701 patrimonium
3501 649 3697 701 suum,
3722 639 3781 688 et

2126 714 2187 769 in
2212 717 2503 773 familiam
2526 719 2807 779 reditura,
2811 719 3031 789 justius
3055 736 3235 790 quam
3258 736 3361 792 ego
3382 721 3725 791 possidebit.
3748 744 3777 772 ››

2127 805 2246 859 Hac
2268 807 2535 861 oratione
2567 808 2909 879 imperator,
2942 825 3010 863 ac
3042 811 3136 863 17
3173 810 3369 879 potius
3400 812 3777 880 verecundia,

2126 894 2441 964 impulsus,
2482 896 2760 951 alacriter
2791 897 3013 951 Axuchi
3077 897 3320 952 monitis
3368 898 3779 970 obtemperat:

2129 998 2189 1037 se
2222 999 2403 1055 regno
2444 984 2753 1056 indignum
2813 985 2939 1041 fore
2995 986 3317 1056 professus,
3378 987 3427 1041 si
3485 987 3586 1041 ille
3645 1006 3781 1044 cum

2125 1075 2276 1130 tanti
2305 1080 2549 1145 tamque
2578 1077 2768 1146 parati
2821 1076 3209 1131 emolumenti
3260 1081 3605 1148 contemptu
3643 1096 3783 1151 erga

2123 1161 2415 1219 familiam
2448 1180 2617 1219 suam
2651 1166 2972 1221 humanior
2996 1165 3387 1235 judicaretur.
3441 1169 3521 1221 Ac
3569 1184 3781 1223 recon-

2126 1254 2326 1309 ciliata
2379 1256 2586 1325 gratia,
2637 1255 2966 1311 Cmsarissaa
3017 1256 3219 1312 omnia
3264 1256 3544 1313 restituit.
3604 1258 3774 1313 Irene

2126 1356 2263 1395 vero
2295 1346 2485 1396 mater
2514 1342 2910 1413 imperatoris,
2957 1343 3124 1398 nullo
3175 1344 3349 1399 modo
3395 1346 3773 1400 conscientiae

2126 1429 2479 1485 insidiarum
2528 1432 2811 1499 convicta,
2887 1433 2989 1487 sed
3059 1434 3256 1504 potius
3329 1434 3776 1489 memorabilem

2128 1521 2487 1574 sententiam
2520 1521 2753 1576 elocuta
2786 1538 2917 1576 esse
2946 1522 3153 1589 fertur,
3198 1539 3306 1577 nec
3358 1524 3780 1594 imperatorem

2130 1609 2231 1679 qui
2264 1608 2419 1663 absit
2464 1610 2870 1679 quaarendum.
2925 1627 3035 1666 nec
3082 1612 3182 1680 qui
3233 1612 3388 1667 adsit
3436 1613 3782 1683 pellendum

2130 1713 2280 1752 esse.
2316 1703 2505 1768 Atque
2533 1698 2681 1752 illud
2723 1700 2902 1754 etiam
2952 1699 3173 1754 dixisse
3204 1717 3217 1753 :
3252 1721 3281 1750 ‹‹
3314 1700 3476 1755 Heul
3529 1706 3782 1771 quantos

2130 1787 2428 1841 cruciatus
2460 1787 2565 1841 filii
2592 1804 2970 1858 percussores
3005 1789 3150 1843 mihi
3186 1794 3325 1843 sunt
3352 1787 3562 1856 moliti,
3615 1805 3781 1844 acer-

2133 1876 2330 1931 biores
2387 1876 2593 1946 utique
2652 1876 2725 1930 iis
2784 1876 3085 1931 doloribus
3144 1893 3291 1946 quos
3365 1877 3427 1932 in
3491 1877 3776 1948 pariendo

2132 1964 2400 2019 toleravi.
2435 1966 2577 2019 Nam
2615 1964 2655 2017 ii
2686 1965 2871 2020 fetum
2921 1966 2994 2020 ad
3046 1966 3242 2021 lucem
3290 1964 3629 2037 urgebant:
3681 1966 3778 2021 isti

2132 2069 2268 2107 vero
2300 2069 2371 2107 ex
2403 2052 2773 2108 infernarum
2815 2054 3093 2109 barathro
3147 2072 3254 2126 per
3308 2055 3506 2111 media
3554 2055 3783 2111 viscera

2132 2158 2265 2196 mea
2296 2146 2678 2212 penetrantes
2724 2143 3122 2199 immortalem
3172 2144 3320 2199 mihi
3366 2143 3593 2199 luctum
3625 2148 3787 2200 attu-

2136 2229 2366 2287 lissent.

353 2319 884 2393 φιλπνθρωπότερος
944 2315 1036 2370 καὶ
1094 2312 1318 2388 κέρδους
1373 2320 1631 2389 περιττοῦ
1687 2317 1777 2370 καὶ
1845 2316 2149 2395 προχείρου
2229 2318 2521 2388 ἀνώτερος.
2589 2345 2608 2371 ιι
2675 2319 2901 2393 Ἀμὲλει
2959 2342 3044 2374 τοι
3103 2321 3193 2375 καὶ
3246 2317 3434 2376 δίδωσι
3491 2321 3662 2377 πάντα
3714 2327 3784 2397 τῇ

356 2407 702 2483 Καισαρίσσῃ
762 2408 856 2461 καί
916 2401 1218 2458 σπένδεται.
1278 2403 1488 2475 Εἰρήνη
1554 2401 1611 2458 δὲ
1665 2406 1699 2473 ἡ
1766 2407 1950 2479 μήτηρ
2006 2407 2096 2459 καὶ
2158 2408 2379 2479 βασιλὶς
2443 2410 2561 2462 κατ’
2620 2406 2812 2462 οὐδένα
2862 2410 3065 2483 τρόπον
3120 2408 3452 2485 ἐλήλεγκται
3512 2418 3612 2479 τῆς
3668 2410 3788 2466 ἐπι-

372 2492 586 2564 ϐουλῆς
621 2496 929 2571 μετέχουσα
967 2495 1105 2548 κατά
1133 2497 1229 2548 τοῦ
1295 2493 1435 2547 υἱοῦ·
1500 2491 1710 2565 μᾶλλον
1777 2495 1870 2565 μὲν
1926 2495 2018 2549 οὗν
2079 2493 2323 2549 ἆσέπειτα
2377 2497 2466 2549 καὶ
2526 2496 2688 2570 σοφόν
2746 2517 2797 2549 τι
2862 2495 3053 2571 λόγιον
3112 2502 3491 2570 γνωματεῦσαι
3546 2497 3784 2571 λέγεται,

388 2584 634 2656 μαθοῦσα
658 2590 747 2660 [Ρ.
778 2590 832 2660 9]
863 2588 931 2641 τὰ
965 2583 1335 2659 μελετώμενα,
1368 2581 1551 2646 ὡςδεῖ
1612 2582 1839 2658 βασιλέα
1902 2586 1995 2657 μὲν
2056 2586 2165 2660 οὐχ
2222 2585 2422 2639 ὑπόντα
2490 2591 2691 2655 ζητεῖν,
2750 2586 2990 2658 παρόντα
3049 2583 3106 2640 δὲ
3168 2588 3243 2658 μὴ
3308 2593 3632 2658 μετακινεῖν,
3691 2588 3785 2642 καὶ

394 2674 469 2733 ὡς
512 2697 538 2723 ι(
579 2674 709 2737 Ο²¹ας
741 2696 826 2747 μοι
853 2677 948 2736 τὰς
983 2671 1173 2734 ὀδύνας
1207 2674 1257 2727 οἱ
1305 2679 1515 2749 σφαγεῖ,
1560 2673 1859 2747 ἐχάλκευον
1909 2678 2006 2729 τοῦ
2057 2675 2198 2743 υἱοῦ,
2248 2670 2575 2748 δριμυτέρας
2623 2672 2891 2744 δήπουθεν
2943 2676 3015 2728 ὧν
3076 2674 3129 2729 ἐν
3180 2679 3260 2745 τῷ
3315 2674 3516 2731 τίκτειν
3575 2672 3784 2732 ὠδίνων

395 2762 753 2836 πεπείραμαι,
804 2765 886 2818 ’ὁτι
936 2766 1032 2819 καὶ
1091 2763 1229 2837 πρὸς
1284 2767 1399 2839 φῶς
1466 2763 1524 2817 αἱ
1586 2764 1679 2836 μὲν
1734 2765 2070 2839 κατήπειγον
2127 2763 2189 2818 τὸ
2247 2761 2720 2839 κυοφορούμενον,
2767 2764 2823 2817 αἱ
2880 2761 2928 2817 δ’
2984 2762 3033 2831 ἐξ
3121 2760 3255 2834 ᾆδον
3316 2764 3644 2836 κευθμώνων
3700 2763 3790 2819 διὰ

385 2856 568 2929 μέσων
600 2876 703 2927 μου
733 2856 832 2911 τῶν
864 2855 1197 2929 σπλάγχνων
1229 2858 1516 2933 χωροῦσαι
1548 2853 1737 2910 λυπεῖν
1772 2855 2000 2910 ἀθάνατα
2030 2852 2302 2927 ἤμελλον.
2338 2877 2366 2904 ››

446 2948 522 3001 Δ“.
557 2946 619 3001 Ὁ
664 2942 717 2999 δὲ
754 2944 1006 3019 βασιλεὺς
1044 2943 1173 3006 τοὺς
1233 2944 1436 3009 Πέρσας
1499 2944 1638 3018 ὁρῶν
1700 2946 1828 3019 παρ’
1868 2942 2023 3000 οὐδὲν
2066 2951 2106 3015 C

357 3032 630 3110 θεμένους
690 3034 787 3095 τὰς
862 3035 1001 3107 πρὸς
1063 3033 1154 3088 τὸν
1214 3032 1405 3086 ἑαυτοῦ
1471 3033 1677 3107 πατέρα
1732 3034 2020 3103 ξυνθήκας,

353 3128 448 3183 καὶ
477 3125 815 3199 παμπληθεὶ
846 3128 953 3179 τῶν
986 3121 1208 3177 πόλεων
1248 3120 1606 3186 καταθίοντας
1654 3123 1852 3177 ὁπόσαι
1899 3121 2022 3195 περὶ

355 3216 605 3293 Φρυγίαν
646 3214 739 3269 καὶ
774 3212 1027 3285 ποταμὸν
1061 3212 1152 3266 τὸν
1186 3208 1492 3285 Μαίανδρον
1546 3208 1820 3281 ἵδρυνται,
1869 3211 2026 3287 ἔαρος

362 3305 686 3366 ἐπιστάντος
718 3299 882 3374 ἔξεισι
908 3302 1028 3356 κατ’
1073 3299 1270 3367 αὐτῶν,
1329 3299 1418 3355 καὶ
1465 3295 1764 3373 συμϐαλὼν
1818 3303 2025 3376 μάχαις

366 3394 641 3455 πολλάκις
686 3391 977 3466 ἐκράτησε,
1031 3391 1133 3459 τήν
1184 3407 1244 3443 τε
1300 3386 1620 3445 Λαοδίκειαν
1675 3391 2027 3464 χειρωσάμε-

365 3504 455 3544 νος
511 3484 731 3560 τείχεσι
788 3472 1105 3551 περιέϐαλε,
1161 3477 1249 3531 καὶ
1299 3479 1389 3531 τὸν
1449 3475 1792 3551 Ἀλπιχαρὰν
1864 3492 2023 3547 μεταο

368 3574 567 3643 via-:1,»
600 3566 781 3638 ἔθετο,
833 3568 894 3630 ὅς
948 3568 1052 3636 τήν
1106 3566 1308 3636 ταύτης
1366 3568 1601 3642 φρουρὰν
1655 3564 2026 3621 ἐπεπίστευτο.

371 3663 472 3716 Καὶ
502 3664 571 3717 τὰ
601 3660 781 3715 λοιπᾶ
820 3657 960 3731 πρὸς
1017 3656 1082 3710 τὸ
1131 3653 1247 3710 δέον
1307 3655 1781 3726 καταστησάμενος
1838 3654 2029 3708 νόστου

381 3746 810 3822 ἰμνήσατο,καὶ
854 3745 1049 3821 μικρόν
1107 3763 1161 3797 τι
1218 3747 1297 3815 τῷ
1355 3743 1630 3815 Βυζαντίῳ
1686 3740 2030 3817 ἐνδιατρίψας

380 3840 642 3910 σκηνίτης
712 3836 921 3910 γίνεται
982 3830 1171 3898 πάλιν,
1235 3838 1344 3887 τῶν
1401 3832 1644 3911 ἀρχειων
1706 3830 2028 3892 ἀπαναστὰς.

369 3931 470 3987 Ἦν
499 3931 609 4004 γὰρ
638 3927 740 3988 τὰς
782 3930 888 3979 τῶν
927 3916 1216 3997 βαρϐάρων
1245 3918 1548 3996 ἐπιδρομὰς
1602 3918 2033 3996 φυλαττόμενος,

366 4020 461 4074 καὶ
491 4022 568 4083 ὡς
589 4014 723 4093 ἕχον
768 4015 1132 4087 λυμαίνεσθαι
1192 4011 1252 4066 τὸ
1307 4008 1593 4083 ἀνέτοιμον
1661 4011 2030 4084 ὑφορώμενος.

368 4111 527 4166 Ὅθεν
560 4105 841 4183 χρονίζειν
873 4103 1066 4179 ᾑρεῖτο
1125 4097 1336 4172 μᾶλλον
1375 4103 1445 4172 τῇ
1496 4097 1781 4175 θυραυλίᾳ,
1829 4098 1924 4154 δύο
1969 4099 2037 4154 τὰ

367 4197 644 4253 κάλλιστα
696 4196 1005 4269 κατορθοῦν
1058 4190 1295 4245 ἐντεῦθεν
1348 4189 1620 4262 οἰόμενος,
1682 4192 1783 4260 τήν
1828 4210 1886 4243 τε
1937 4210 2032 4266 φυ-

369 4287 548 4357 λακὴν
584 4292 694 4341 τῶν
729 4282 950 4339 οἳκείων
985 4284 1206 4354 χωρῶν,
1239 4278 1305 4348 ἢν
1336 4279 1409 4340 ὡς
1438 4280 1505 4333 τὰ
1543 4278 1732 4333 πολλὰ
1783 4274 2032 4353 βραϐεύει

368 4379 433 4433 τὸ
464 4377 754 4452 ὕπαιθρον,
785 4373 882 4429 καὶ
912 4373 1014 4439 τὴν
1044 4368 1097 4431 ἐς
1145 4369 1213 4423 τὰ
1266 4366 1512 4441 πολέμια
1566 4365 1694 4443 ἔργα
1740 4362 1936 4442 τριϐήν
1980 4387 2037 4421 τε

364 4467 463 4521 καὶ
492 4466 721 4536 ἄσκησιν
772 4460 884 4517 τῶν
932 4459 1223 4533 ταγμάτων
1276 4456 1657 4530 ἀφισταμένων
1704 4460 1801 4511 τοῦ
1853 4457 2038 4513 οἰκου..

372 4561 506 4631 ρεῖν,
537 4556 629 4610 καὶ
660 4555 738 4615 ὡς
771 4554 926 4628 βαφῇ
958 4543 1185 4619 σίδηρος
1216 4549 1349 4618 (21),
1383 4551 1499 4609 τοῖς
1546 4544 1605 4599 ἐκ
1651 4552 1750 4614 τῆς
1804 4565 2038 4615 καυστη-

370 4650 472 4721 ρᾶς
504 4642 701 4719 δρόσου
764 4639 965 4713 ἱδρῶσι
1026 4636 1423 4709 παγιουμένων.
1474 4633 1883 4709 Χειρωσόμενος
1920 4632 2041 4688 τοί-

364 4756 459 4789 νυν
491 4734 789 4809 ἆπῄειτὴν
831 4727 973 4785 κατᾶ
1038 4723 1364 4803 Παμφυλίαν
1420 4721 1769 4792 Σωζόπολιν.
1834 4725 1924 4784 Ὠς
1982 4721 2041 4777 δὲ

368 4820 687 4885 δυσάλωτος
725 4819 915 4878 ἐδόκει
955 4835 1041 4875 τις
1100 4814 1237 4868 εἶναι
1297 4810 1386 4867 διά
1441 4831 1501 4866 τι
1555 4812 1619 4865 τὸ
1674 4810 2042 4885 ἐγκαθήμενον

368 4912 522 4969 ἔνδον
553 4911 851 4971 ὀπλιτικὸδ
917 4904 1012 4961 καὶ
1051 4904 1115 4959 τὸ
1162 4896 1502 4976 δυσέμϐολον
1544 4907 1647 4969 τῆς
1701 4900 1896 4963 θέσεως
1951 4902 2041 4957 καὶ

368 5007 766 5080 περίκρημνον,
843 4989 1068 5053 τοιόνδε
1147 5011 1201 5045 τι
1291 4990 1599 5065 μηχάνημα
1683 4990 1821 5080 κατᾲ
1898 4996 2039 5054 θεῖον

368 5077 565 5151 σκοπὸν
586 5077 871 5169 Ἶμὲτεισι.
898 5090 911 5101 ⁷
945 5080 1181 5152 Δύναμιν
1243 5080 1477 5146 ἱππικήν
1557 5077 1870 5169 Πακτια-ρίῳ
1904 5080 2041 5169 ,τινὶ

366 5165 640 5261 παραδοὺς
668 5169 1007 5240 ἐντέλλεταί
1040 5170 1093 5223 οἱ
1124 5172 1361 5244 συνεχῶς
1415 5169 1485 5239 τῇ
1539 5165 1858 5236 Σωζοπόλει
1898 5167 2045 5225 ἐνιπ-

2207 2944 2297 3000 IV.
2327 2946 2468 2999 Post
2490 2945 2616 2999 ὶιωο
2646 2944 2971 3016 imperator
2994 2961 3128 2999 cum
3177 2947 3409 3014 Persas,
3436 2945 3627 3001 fmdus
3650 2963 3785 3003 cum

2136 3040 2303 3107 patre
2336 3050 2441 3089 suo
2473 3035 2686 3089 initum
2717 3034 2887 3089 nihili
2920 3034 3226 3103 facientes,
3287 3034 3465 3090 urbes
3493 3035 3784 3107 Phrygias,

2135 3124 2209 3179 ad
2241 3122 2602 3179 Maeandrum
2632 3123 2874 3178 ﬂuvium
2908 3124 3050 3179 sitas
3078 3124 3307 3197 magnis
3352 3125 3538 3195 copiis
3585 3125 3784 3180 incur-

2137 3226 2268 3269 sare
2300 3219 2589 3281 cerneret,
2636 3214 2826 3284 primo
2873 3231 3005 3269 vere
3064 3214 3409 3286 egreditur;
3462 3215 3785 3285 multisque

2134 3304 2358 3374 prielils
2388 3302 2575 3358 victor
2605 3302 2951 3358 Laodiceam
2984 3304 3139 3375 capit
3166 3307 3225 3358 et
3254 3303 3549 3359 moenibus
3579 3303 3785 3375 cingit,

2139 3394 2327 3462 ejecto
2358 3393 2697 3463 Alpichara,
2740 3393 2841 3463 qui
2872 3393 3002 3447 urbi
3037 3408 3172 3447 cum
3201 3393 3479 3463 prmsidio
3502 3398 3787 3463 praeerat;

2139 3482 2488 3551 cwterisque
2540 3480 2719 3535 rebus
2777 3481 3067 3536 ordinatis
3128 3481 3371 3536 domum
3430 3481 3530 3536 ’18
3590 3481 3783 3535 rediit.

2139 3570 2254 3623 Nec
2284 3569 2386 3622 diu
2420 3569 2677 3638 Byzantii
2710 3573 3129 3635 commoratus,
3158 3567 3349 3622 denuo
3391 3566 3597 3621 relicta
3627 3567 3787 3636 regia

2138 3657 2200 3709 in
2234 3657 2619 3711 tabernacula
2658 3672 2718 3710 se
2751 3657 2983 3711 confert
3027 3657 3101 3711 ad
3147 3656 3537 3710 barbarorum
3588 3654 3783 3710 incur-

2142 3746 2339 3800 siones
2370 3745 2801 3815 praacavendas.
2834 3747 2978 3799 Nam
3028 3744 3167 3813 quia
3207 3743 3382 3798 facile
3426 3743 3786 3799 detrimenta

2143 3836 2271 3905 capi
2304 3834 2375 3888 ab
2407 3834 2713 3904 imparatis
2741 3833 2994 3897 videbat,
3038 3831 3519 3903 expeditionibus
3572 3831 3785 3888 immo-

2141 3925 2260 3979 rari
2291 3922 2520 3985 maluit,
2555 3922 2714 3977 unde
2744 3922 2893 3977 duos
2940 3923 3168 3977 fructus
3206 3920 3641 3993 pulcherrimos
3691 3937 3792 3976 ca—

2143 4019 2328 4085 peret,
2364 4008 2615 4068 alterum
2656 4028 2895 4067 suarum
2934 4012 3372 4083 provinciarum
3414 4009 3791 4066 incolumita.

2145 4108 2287 4165 tem.
2322 4118 2451 4173 quea
2482 4100 2772 4155 militibus
2803 4102 2865 4155 in
2897 4101 3082 4157 aciem
3135 4100 3365 4156 eductis
3412 4099 3790 4173 potissimum

2146 4192 2505 4259 defenditur,
2550 4191 2805 4245 alterum
2856 4191 3342 4246 exercitationem
3385 4189 3688 4259 legionum
3738 4195 3797 4246 et

2147 4293 2376 4335 moram
2408 4280 2470 4333 in
2501 4296 2563 4333 re
2593 4278 2829 4346 bellica,
2862 4295 2979 4348 qua
3033 4277 3239 4334 relicta
3272 4277 3521 4344 umbra,
3581 4277 3798 4346 prmliis

2143 4374 2211 4424 ut
2238 4369 2493 4423 tinctura
2522 4368 2746 4423 ferrum
2796 4367 3237 4423 roborareutur.
3289 4365 3446 4420 Abiit
3491 4364 3672 4435 igitur
3720 4364 3793 4418 ad

2148 4459 2499 4529 Sozopolim,
2533 4456 2890 4529 Pamphyliae
2921 4456 3151 4523 urbem,
3188 4453 3612 4525 subigendam;
3663 4467 3795 4521 qua;

2147 4558 2283 4602 cum
2315 4552 2373 4602 et
2404 4547 2477 4601 ob
2508 4546 2768 4601 militum
2808 4546 3148 4617 prmsidium
3180 4550 3239 4598 et
3260 4543 3332 4598 ob
3362 4542 3476 4597 loci
3498 4545 3796 4603 naturam.

2147 4636 2465 4707 praeruptis
2497 4641 2556 4689 et
2577 4636 2801 4690 inaccis
2833 4634 2992 4689 saxis
3022 4633 3180 4688 saxis
3204 4632 3440 4693 muniti,
3467 4634 3799 4701 expugnato

2152 4725 2419 4780 difficilis
2449 4730 2778 4795 putaretur,
2813 4723 3093 4777 divinitus
3113 4719 3455 4793 hujusmodi
3486 4718 3804 4775 consilium

2151 4814 2328 4885 capit.
2374 4814 2665 4867 Pactiario
2722 4811 2958 4867 cuidam
3018 4811 3203 4882 copiis
3262 4808 3635 4880 equestribus
3685 4813 3805 4863 tra—

2155 4900 2315 4967 ditis,
2370 4900 2615 4956 mandat
2667 4907 2735 4955 ut
2790 4899 3038 4955 subinde
3091 4900 3166 4955 ad
3225 4899 3524 4972 Sozopolis
3581 4897 3805 4953 muania

2154 4992 2458 5063 adequitet
2481 4996 2539 5046 et
2560 4991 2801 5061 sagittas
2821 4990 2881 5044 in
2913 5006 2983 5045 ea
3011 4990 3313 5062 conjiciat.
3335 4987 3502 5055 Quod
3523 4987 3573 5042 si
3604 4986 3805 5041 hostes

2156 5081 2561 5154 egrediantur,
2578 5085 2739 5151 terga
2759 5079 2861 5135 det
2879 5095 2991 5135 nec
3014 5081 3098 5137 eis
3119 5096 3329 5152 pugnae
3351 5078 3582 5149 copiam
3603 5074 3804 5141 faciat,

2158 5173 2263 5227 sed
2293 5170 2540 5227 silvosas
2572 5169 2816 5227 semitas
2855 5174 2915 5226 et
2942 5170 3281 5242 impeditas,
3315 5185 3447 5241 qum
3495 5178 3705 5237 parum
3738 5161 3813 5216 ab

1801 5348 1957 5404 Hier.
1990 5348 2184 5404 Wolﬁi
2216 5355 2392 5406 nota.

426 5551 538 5622 (21)
581 5528 1093 5622 Βαφὴνσιδτςρρυ.
1150 5523 1738 5622 υιωωνίιῖιλεξψεθι,
1798 5542 1931 5582 cum
1991 5528 2210 5584 ferrum
2271 5528 2533 5584 candens
2587 5543 2743 5600 aqua
2798 5529 3212 5601 exstinguitur,
3261 5542 3335 5582 an
3381 5514 3815 5592 injunctionem

351 5597 630 5693 aditiali:
664 5597 780 5671 eiut
812 5597 1119 5664 colorem,
1146 5616 1261 5654 non
1292 5597 1437 5655 satis
1470 5597 1614 5653 scio.
