4150 6292
413 338 526 399 335

1727 332 2038 395 NICETIE
2079 327 2504 393 CHONIATE

3707 335 3826 394 336

399 473 549 528 urbe
581 471 824 537 distent,
857 473 1185 540 praetereat.
1240 467 1342 522 Ille
1391 467 1772 538 imperatoris
1816 465 2049 520 monitis

2177 463 2441 531 πάζεσθαι
2505 461 2639 517 κάπῖ
2693 467 2813 526 τοῖς
2861 461 3100 537 τείχεσιν
3161 463 3368 537 ἀφιέναι
3455 463 3717 538 βέλεμνα,
3777 465 3822 518 εἰ

401 561 841 631 obtemperans,
875 574 1010 612 cum
1042 559 1241 611 Persea
1272 555 1420 610 urbe
1473 557 1644 612 eﬂ‘usi
1705 555 1960 610 multum
2009 559 2068 608 et

401 667 557 721 saepe
586 651 1116 720 persequerentur.
1152 645 1386 700 hostem
1445 645 1666 716 decipit
1715 643 1953 700 insidiis
2003 643 2065 697 in

401 737 688 810 angustiis
719 735 1053 791 collocatis.
1087 737 1232 790 Cum
1266 735 1444 806 igitur
1483 735 1652 789 Turci
1703 735 1766 788 in
1809 750 1927 788 una
1975 749 2069 786 ex-

403 827 700 892 cursione,
727 824 974 880 insidiis
1007 841 1128 879 non
1159 825 1448 894 prmvisis,
1493 823 1816 878 instantius
1847 827 1905 876 et
1935 821 2064 875 lon-

404 917 558 989 gius,
589 915 770 970 etiam
803 913 1053 968 insidias
1089 918 1311 967 temere
1339 914 1440 968 I9
1483 911 1874 984 praitervecti,
1927 925 2062 980 per-

407 1009 820 1076 sequerentur,
857 1003 1106 1057 Romani
1144 1002 1244 1072 qui
1296 1001 1351 1055 in
1404 1001 1639 1055 insidiis
1687 1004 1878 1068 erant,
1929 1013 2062 1052 cum

407 1095 617 1148 Persas
647 1108 887 1148 securos
921 1097 1040 1146 toto
1070 1091 1299 1162 impetu
1329 1090 1551 1144 instare
1603 1089 1723 1144 suis
1775 1087 2062 1153 viderent,

407 1199 519 1238 nec
549 1187 815 1254 spectare
847 1181 1175 1252 quidquam
1208 1180 1373 1234 aliud
1403 1179 1521 1234 nisi
1552 1184 1619 1234 ut
1648 1179 1878 1233 hostem
1913 1191 2064 1230 com-

405 1271 867 1343 prehenderent,
923 1269 1121 1324 subito
1181 1273 1548 1339 consurgunt
1607 1283 1674 1322 ac
1733 1263 2064 1336 Sozopolim

403 1365 634 1432 petunt.
670 1359 852 1414 Paulo
883 1364 1016 1429 post
1044 1357 1115 1412 iis
1155 1358 1336 1412 etiam
1370 1357 1471 1427 qui
1502 1355 1812 1427 fugiebant
1831 1369 2067 1408 conver-

406 1449 508 1514 sis,
540 1449 711 1503 Turci
743 1449 803 1501 in
834 1447 1028 1501 medio
1079 1445 1499 1512 circumventi,
1553 1462 1686 1500 cum
1715 1461 1825 1498 nec
1856 1442 1927 1498 ad
1964 1458 2068 1496 ur-

406 1537 542 1593 bem
575 1537 648 1592 ob
673 1539 972 1592 Romanos
995 1552 1064 1588 ex
1088 1535 1348 1600 insidiis,
1379 1534 1454 1589 ad
1475 1533 1850 1604 occupandos
1871 1532 2066 1586 aditus

405 1642 747 1698 progressos
761 1625 1261 1694 accedere,neque
1274 1641 1308 1678 a
1321 1629 1482 1694 tergo
1501 1624 1791 1678 instantes
1808 1622 2065 1694 effugere

407 1715 890 1788 possent,partim
910 1714 1242 1786 capiuntur,
1261 1713 1476 1784 partim
1495 1713 1865 1778 occiduntur,
1891 1710 2064 1782 pauci

409 1823 696 1877 equorum
727 1805 1028 1860 celeritate
1059 1805 1334 1860 evadunt.
1385 1804 1478 1858 Sic
1515 1821 1635 1858 uno
1685 1802 2063 1874 imperatoris

407 1895 684 1968 prudenti
701 1894 949 1949 consilio
963 1891 1745 1965 capiturSozopolis.Deinde
1761 1891 2064 1946 castellum

409 1986 566 2057 quod
598 1986 893 2043 Cacumen
923 1983 1223 2054 accipitris
1270 1989 1532 2048 vocatur,
1588 1982 1647 2035 in
1698 1980 2062 2036 deditionem

404 2075 717 2146 accepit;et
731 2073 986 2144 plurima
997 2071 1114 2126 alia
1127 2071 1346 2142 oppida
1359 2075 1416 2125 et
1430 2069 1793 2124 munitiones
1807 2069 2063 2124 olimBo-

404 2160 598 2217 manis
611 2159 1075 2224 tributaria,tum
1092 2174 1228 2212 vero
1245 2159 1441 2212 Persis
1460 2156 2056 2228 conjuncta,subegit.

2173 547 2218 604 δ’
2279 549 2614 621 ἐπεξέλθοιεν
2675 553 2726 606 οἱ
2782 550 3068 624 πολέμιοι,
3129 552 3338 628 φεύγειν
3423 551 3827 627 ἀμεταστρεπτὶ

2175 637 2303 713 μηδ’
2345 639 2624 718 ἐφεστάναι
2681 642 2817 716 πρὸς
2874 638 3144 713 πόλεμον,
3205 639 3453 715 παριέναι
3485 639 3532 696 δ’
3559 641 3701 696 οὕτω
3731 642 3824 697 καὶ

2171 730 2270 790 τάς
2333 733 2526 803 μικρὸν
2592 731 2784 786 ἄποθεν
2832 738 2934 798 τῆς
2991 729 3206 794 πόλεως
3263 733 3694 808 συνεπτυγμένας
3739 731 3832 788 καὶ

2170 817 2494 894 λοχμώδεις
2525 822 2822 896 ἀτραπούς.
2864 823 2922 878 Ὀ
2976 822 3072 892 μὲν
3115 820 3206 876 οὖν
3263 821 3398 877 κατά
3453 824 3552 891 τὴν
3607 820 3830 896 βασιλι-

2169 909 2271 976 κὴν
2328 909 2657 984 παραίφασιν
2714 904 2989 984 ἔπραττεν
3051 909 3126 972 ὠς
3180 908 3237 964 δὲ
3289 913 3324 979 ἡ
3393 908 3672 981 έπιδίωξις
3739 911 3828 967 ἐπὶ

2168 997 2316 1053 πολὺ
2346 1001 2432 1056 καὶ
2467 998 2741 1065 πολλάκις
2767 1002 2904 1075 πρὸς
2945 1005 3052 1056 τῶν
3110 1007 3328 1076 Περσῶν
3380 1001 3586 1078 ἐγίνετο
3635 1002 3825 1078 ἐκχεο-

2175 1088 2344 1160 μένων
2383 1096 2484 1158 τῆς
2545 1089 2948 1160 Σωζοπόλεως,
3017 1091 3431 1169 κατασοφίζεται
3487 1091 3551 1146 τὸ
3595 1091 3826 1148 ἀντίπα-

2173 1174 2267 1231 λον
2298 1178 2326 1232 ὁ
2359 1180 2711 1253 Ιιακτιάριος,
2748 1179 3076 1241 ὑποκαθίσας
3136 1179 3309 1255 λόχον
3343 1179 3396 1234 ἐν
3424 1185 3542 1241 τοῖς
3595 1189 3820 1243 στενοῖς.

2173 1265 2258 1318 Ἐν
2296 1271 2392 1337 μιᾷ
2421 1271 2548 1340 γοῦν
2606 1289 2716 1322 των
2757 1268 3116 1343 καταδρομῶν
3177 1269 3230 1322 oi.
3295 1269 3390 1342 μὲν
3448 1273 3674 1343 Τοῦρκοι
3740 1273 3816 1342 μή

2169 1356 2608 1432 προσκεψάμενοι
2664 1358 2726 1412 τὸ
2819 1355 3113 1431 ἐνέδρευμα
3195 1359 3588 1432 συντονώτερον
3676 1359 3819 1430 ὁμοῦ

2169 1450 2258 1502 καὶ
2327 1444 2675 1520 πορρώτερον
2753 1447 2930 1502 ὃπίσω
3013 1451 3119 1502 τῶν
3200 1446 3490 1521 Ῥωμαίων
3563 1444 3817 1518 ἐδίωκον,

2171 1537 2246 1596 ὡς
2301 1537 2391 1590 καὶ
2446 1537 2539 1597 τάς
2595 1534 2907 1610 δυσχωρίας
2965 1535 3370 1610 ἀπερισκέπτως
3421 1533 3814 1611 παραδραμεῖν·

2171 1624 2224 1679 οἱ
2255 1621 2312 1679 δὲ
2341 1621 2690 1698 έλλοχῶντες
2727 1630 3013 1696 Ῥωμαῖοι,
3047 1622 3162 1678 ἐπεὶ
3196 1621 3340 1678 εἶδον
3374 1625 3812 1699 ἀπεριμερίμνως

2169 1711 2295 1774 τοὺς
2353 1711 2556 1786 Πέρσας
2614 1712 2789 1766 ὀπίσω
2843 1717 2953 1767 τῶν
3011 1711 3072 1767 ἐκ
3127 1719 3226 1782 τῆς
3296 1713 3606 1787 συμμορίας
3665 1717 3808 1790 σφῶν

2169 1799 2419 1862 ἐπιόντας
2452 1799 2622 1873 ἀνέτῳ
2653 1800 2813 1856 παντὶ
2872 1801 3066 1876 ῥυτῆρι
3115 1801 3205 1856 καὶ
3244 1800 3379 1875 πρὸς
3429 1799 3585 1856 οὐδὲν
3631 1798 3814 1874 ἕτερον

2172 1891 2490 1966 ἀφορῶντας
2535 1889 2570 1958 ἤ
2605 1889 2668 1944 τὸ
2718 1888 3131 1963 καταλήψεσθαι
3177 1890 3306 1954 τοὺς
3351 1887 3821 1964 ἐκδιδράσκοντας,

2170 1975 2459 2047 αὐτίκαδή
2519 1977 2669 2050 μάλα
2707 1977 2860 2034 αὐτοὶ
2919 1979 3236 2040 ἀναστάντες
3295 1979 3418 2033 εὐθὺ
3473 1986 3572 2048 τῆς
3631 1985 3822 2048 Σωζο-

2169 2066 2387 2128 πόλεως
2415 2066 2607 2124 ’ἰενται.
2661 2066 2805 2122 Μετά
2855 2067 3036 2146 βραχὺ
3092 2065 3149 2122 δὲ
3195 2067 3286 2122 καὶ
3343 2071 3451 2122 τῶν
3513 2068 3812 2144 φευγόντων

2169 2153 2602 2232 ἐπιστραφέντων
2661 2154 2712 2210 ἐν
2782 2155 2930 2228 μέσῳ
2987 2155 3388 2231 συλληφθέντες
3447 2157 3499 2210 οἱ
3555 2160 3816 2238 Τοῦρκοι,

399 2248 491 2304 καὶ
527 2250 668 2322 μήτε
711 2251 780 2321 τῇ
838 2245 1001 2301 πόλει
1061 2246 1487 2320 προσεπεγγίσαι
1547 2240 1838 2316 δυνάμενοι
1897 2240 1986 2296 διὰ
2047 2244 2129 2317 [Ρ.
2191 2246 2278 2316 l0]
2328 2242 2455 2306 τοὺς
2513 2243 2572 2300 ἐκ
2631 2249 2737 2299 τῶν
2795 2243 2982 2320 λόχων
3036 2241 3451 2320 προδραμόντας
3503 2246 3814 2319 Ῥωμαίους

397 2339 536 2415 πρὸς
589 2337 688 2406 τήν
738 2340 845 2391 τῶν
907 2331 1132 2389 εἰσόδων
1187 2331 1523 2406 κατάληψιν,
1587 2330 1727 2405 μήτε
1783 2329 2063 2406 διαδρᾶναι
2120 2332 2248 2396 τοὺς
2304 2331 2522 2387 ὄπισθεν
2575 2331 2921 2410 ἐπιφανέντας
3009 2332 3316 2408 ἰσχύοντες,
3385 2335 3437 2388 οἱ
3501 2335 3595 2406 μὲν
3652 2356 3812 2411 σαγη.

398 2427 667 2494 νεύονται,
737 2426 790 2480 οἱ
846 2421 904 2479 δὲ
961 2425 1051 2479 καὶ
1110 2423 1293 2501 ξίφους
1354 2421 1592 2496 γίνονται
1651 2421 1940 2498 πάρεργον,
2001 2419 2062 2476 οὗ
2128 2417 2336 2476 πολλοὶ
2396 2417 2453 2476 δὲ
2509 2422 2599 2476 καὶ
2659 2425 2727 2495 τῇ
2783 2426 2890 2477 τῶν
2940 2419 3127 2477 ’ίππων
3207 2421 3374 2498 ἀρετῇ
3431 2419 3806 2492 διασώζονται.

402 2515 506 2572 Καὶ
534 2513 707 2577 οὕτως
739 2511 865 2583 ἥλω
895 2514 1032 2589 πρὸς
1063 2511 1347 2584 Ῥωμαίων
1379 2509 1702 2579 Σωζόπολις
1735 2509 1812 2565 ἐνὶ
1857 2507 2192 2584 βουλεύματι
2241 2515 2338 2564 τοῦ
2394 2509 2667 2584 βασιλέως
2724 2515 2895 2590 σοφῷ,
2953 2511 3046 2566 Ἐκ
3098 2507 3154 2566 δὲ
3207 2508 3264 2566 δὲ
3313 2507 3473 2567 τοῦδε
3527 2513 3588 2566 τὸ
3646 2511 3803 2589 φρούο

409 2627 520 2682 ριον
607 2605 982 2680 παρεστήσατο
1078 2601 1108 2657 ὅ

1195 2603 1688 2677 Ἰερακοκορυφῖτις
1772 2599 2106 2672 ὠνόμασται,
2189 2601 2280 2655 καὶ

2375 2595 2530 2674 ἕτερα
2605 2600 2872 2678 πολίχνια
2985 2603 3072 2658 καὶ
3159 2601 3398 2676 ἐρύματα
3483 2603 3808 2679 ὑπηγάγετο,

403 2695 574 2752 πᾶλαι
609 2696 702 2768 μὲν
733 2691 1032 2767 Ῥωμαίοις
1062 2691 1327 2769 ὑπόφορα⁴
1362 2693 1479 2750 τοῖς
1511 2687 1568 2744 δὲ
1600 2689 1827 2766 Πέρσαις
1858 2685 1981 2744 τότε
2011 2687 2367 2764 σπενδόμενα.

479 2785 695 2851 Quinto
737 2784 972 2855 imperii
1005 2783 1136 2854 ejus
1156 2799 1334 2848 anno,
1368 2797 1502 2836 cum
1534 2781 1784 2852 Scythae,
1817 2782 2054 2848 Istrum,

407 2874 780 2947 transgressi,
809 2873 1114 2927 Thraciam
1147 2871 1576 2942 popularentur
1601 2875 1658 2924 et
1692 2869 1862 2947 obvia
1893 2886 2057 2939 quaa-

405 2982 520 3036 que
551 2964 916 3019 locustarum
947 2961 1138 3014 instar
1167 2963 1486 3026 vastarent,
1528 2960 1823 3013 Romanas
1854 2957 2054 3028 copias

404 3051 668 3121 undique
683 3053 1032 3104 convocatas
1053 3053 1112 3101 et
1129 3063 1307 3116 quam
1328 3046 1774 3102 accuratissime
1792 3051 2050 3100 armatas

2239 2778 2368 2855 Ηερὶ
2430 2777 2487 2834 δὲ
2543 2781 2606 2836 τὸ
2662 2781 2912 2853 πέμπτον
2965 2779 3084 2842 ἔτος
3144 2785 3243 2850 τῆς
3303 2780 3470 2834 αὐτοῦ
3533 2779 3814 2855 βασιλείας

2164 2873 2384 2933 Σκυθῶν
2415 2865 2718 2926 διαϐάντων
2759 2871 2850 2925 τὸν
2889 2871 3098 2946 Ἵστρον
3146 2869 3236 2925 καὶ
3287 2870 3354 2924 τά
3401 2874 3633 2943 Θρᾳκῷα
3675 2869 3811 2944 μέρη

2163 2954 2521 3030 ληϊζομένων
2552 2959 2644 3014 καὶ
2694 2961 2760 3013 τά
2808 2957 2860 3012 έν
2919 2959 3077 3013 ποσὶν
3137 2958 3504 3034 ἀφανιζόντων
3559 2962 3656 3012 τοῦ
3707 2962 3815 3012 τῶν

2163 3042 2397 3117 ἀκρίδων
2449 3043 2828 3122 ἀκριϐέστερον
2877 3043 3082 3116 ἔθνους,
3131 3041 3289 3118 ἔξεισι
3333 3051 3446 3102 κατ’
3489 3043 3662 3100 αὐτῶν
3712 3046 3808 3107 τὰς

403 3145 610 3194 contra
663 3152 764 3190 eos
821 3135 1039 3200 educit,
1099 3151 1220 3188 non
1276 3133 1350 3188 ob
1399 3133 1846 3188 multitudinem
1901 3132 2049 3186 dun-

2233 3104 2241 3117 ¹
2521 3104 2528 3120 Ι
2735 3104 2744 3122 ι
3046 3104 3082 3116 Ἰ
3163 3104 3182 3118 τ
3794 3104 3804 3107 -

2159 3133 2475 3205 Ῥωμαϊκὰς
2505 3135 2759 3212 ἀθροίσας
2805 3133 3063 3209 δυνάμεις
3112 3135 3201 3190 καί
3255 3135 3328 3198 ὡς
3389 3133 3512 3202 ἐνῆν
3574 3132 3808 3190 ὁπλισά-

401 3231 564 3282 taxat
593 3239 742 3294 pene
775 3221 1300 3288 innumerabilem,
1335 3223 1436 3277 20
1467 3221 1571 3276 sed
1621 3221 1798 3276 etiam
1847 3219 1921 3275 ob
1969 3221 2058 3274 in-

401 3317 718 3374 solentiam
751 3318 809 3370 et
837 3312 1264 3368 confidentiam
1295 3311 1708 3368 barbarorum.
1734 3310 2058 3382 Repetebat

401 3406 564 3461 enim
626 3403 920 3460 memoria
977 3401 1212 3456 labores
1270 3417 1428 3470 suos,
1489 3416 1639 3471 quos
1687 3399 1890 3454 Alexio
1949 3401 2057 3454 Co-

397 3511 616 3551 mneno
648 3493 983 3564 imperante
1013 3494 1290 3560 coeperat,
1324 3506 1458 3544 cum
1487 3489 1738 3544 Thracia
1768 3493 2056 3560 occupata

403 3590 462 3640 et
491 3582 832 3638 Macedonia
861 3579 1118 3635 maxima
1146 3595 1218 3634 ex
1249 3584 1416 3650 parte
1457 3578 1723 3634 desolata
1761 3583 1937 3634 esset.
1969 3580 2052 3633 Ac

403 3673 697 3746 principio
729 3669 928 3726 missis
960 3668 1036 3724 ad
1064 3668 1307 3738 Scythas
1338 3666 1568 3739 legatis,
1600 3683 1805 3722 eorum
1834 3666 2050 3739 lingua

403 3763 632 3835 peritis,
660 3758 991 3833 periculum
1020 3757 1164 3812 facit
1191 3772 1268 3811 an
1285 3760 1350 3812 ut
1379 3754 1450 3810 ad
1484 3756 1787 3826 pactiones
1808 3755 2052 3810 descen-

411 3854 552 3910 dant
581 3851 936 3924 persuadere
966 3847 1155 3919 possit
1183 3853 1241 3900 et
1269 3863 1304 3901 a
1333 3845 1470 3901 belli
1529 3847 1794 3901 consiliis
1846 3862 2054 3902 omnes

411 3959 652 4000 avocare
675 3945 776 3996 aut
797 3939 1006 3994 saltem
1033 3937 1374 4008 plerosque,
1399 3937 1542 3990 Nam
1566 3935 1627 3990 in
1644 3936 1846 4006 plures
1864 3935 2052 3990 tribus

410 4036 581 4087 erant
610 4027 932 4090 distributi,
964 4041 1073 4078 nec
1101 4024 1204 4078 uni
1237 4023 1371 4078 duci
1404 4023 1708 4094 parebant.
1735 4023 1852 4076 Hoc
1874 4023 2053 4092 igitur

403 4124 576 4190 pacto
607 4113 895 4186 quosdam
923 4128 991 4165 ex
1023 4111 1394 4181 principibus
1417 4127 1622 4166 eorum
1647 4111 1807 4164 omni
1836 4126 2049 4180 genere

404 4207 699 4265 comitatis
728 4204 840 4260 sibi
871 4201 1166 4268 conciliat,
1200 4218 1317 4256 non
1351 4203 1523 4256 modo
1554 4201 1876 4256 luxuriosis
1907 4218 2046 4257 con-

399 4298 566 4354 viviis
595 4293 982 4359 instruendis,
1015 4289 1118 4346 sed
1175 4295 1232 4344 et
1287 4289 1494 4344 sericis
1543 4289 1800 4344 vestibus
1845 4295 1903 4344 et
1949 4307 2048 4361 po-

397 4387 548 4445 culis
581 4391 638 4443 et
665 4382 958 4441 lebetibus
991 4379 1288 4452 argenteis
1317 4379 1630 4434 donandis.
1664 4377 1886 4442 Quibus
1917 4379 2043 4434 ille-

2167 3242 2326 3294 μενος
2385 3227 2776 3301 γενναιότερον,
2835 3225 2898 3280 ού
2939 3222 3030 3279 διά
3083 3226 3145 3280 τὸ
3203 3221 3418 3294 πλῆθος
3484 3225 3648 3298 μόνον
3698 3229 3806 3278 τῶν

2161 3309 2448 3384 πολεμίων
2491 3310 2622 3386 μηδ’
2655 3313 2962 3369 ὑποπίπτον
3005 3311 3200 3388 σχεδὸν
3249 3315 3489 3388 ἀριθμῷ,
3541 3310 3685 3368 ἀλλά
3712 3311 3804 3366 καὶ

2163 3396 2252 3454 διὰ
2287 3401 2350 3455 τὸ
2380 3403 2616 3476 χρᾶσθαι
2669 3401 3022 3480 μεγαλαυχίᾳ
3078 3403 3168 3456 καὶ
3214 3401 3304 3456 σὺν
3361 3401 3560 3475 κόμπῳ
3610 3400 3814 3476 τραχύ-

2158 3509 2314 3564 τερον
2373 3489 2578 3545 ἐπιέναι
2633 3492 2696 3547 τὸ
2758 3489 3052 3566 βάρϐαρον,
3111 3491 3186 3553 εἰς
3247 3494 3468 3564 μνήμην
3509 3489 3674 3566 ἄγων,
3732 3491 3807 3550 ὡς

2159 3575 2324 3648 ἔοικε,
2380 3580 2445 3634 τά
2500 3579 2804 3651 πονηθέντα
2871 3581 2924 3634 οἱ
2981 3580 3266 3655 πρότερον,
3342 3579 3497 3648 ἡνίκα
3549 3579 3618 3634 τὰ
3674 3579 3807 3635 Ῥω-

2163 3666 2338 3736 μαίων
2399 3675 2648 3745 σκῆπτρα
2705 3665 2905 3724 διεῖπεν
2969 3671 2996 3723 ὁ
3053 3669 3334 3742 Κομνηνὸς
3387 3664 3652 3738 Ἀλέξιος,
3710 3665 3800 3722 ὅτε

2159 3755 2340 3830 εἳχετο
2371 3757 2552 3832 Θρᾴκη
2587 3758 2675 3814 καὶ
2726 3757 2793 3813 τά
2841 3755 3070 3812 πλεῖστα
3119 3765 3219 3828 τῆς
3273 3754 3604 3819 Μακεδονίας
3663 3757 3802 3829 ἠρή-

2161 3865 2334 3916 μωτο.
2369 3848 2452 3904 Τά
2493 3847 2587 3919 μὲν
2621 3846 2711 3902 οὖν
2751 3851 2941 3921 πρῶτα
2990 3851 3322 3922 στρατηγικῇ
3375 3842 3590 3920 μεθόδῳ
3643 3843 3796 3920 χρώ-

2162 3957 2320 4011 μενος
2382 3938 2410 3992 ὁ
2469 3935 2722 4010 βασιλεὺς
2779 3933 2848 3990 δι’
2905 3933 3220 4003 ἀποστολῆς
3276 3933 3645 4009 ὁμογλώττων
3702 3939 3800 3988 τοῦ

2153 4031 2260 4081 τῶν
2307 4027 2528 4081 Σκυθῶν
2582 4026 2945 4098 ἀποπειρᾶται
3005 4024 3426 4099 στρατεύματος,
3479 4021 3532 4078 εἷ’
3575 4044 3692 4086 πως
3745 4021 3800 4086 ἐς

2154 4113 2457 4188 ὁμολογίας
2488 4109 2746 4186 ξυμϐαἷεν
2777 4112 2867 4168 καὶ
2899 4117 2995 4168 τοῦ
3028 4110 3117 4168 διά
3175 4111 3362 4188 μάχης
3411 4117 3614 4187 χωρεῖν
3661 4111 3797 4166 ἀπο-

2152 4210 2328 4259 σταῖεν
2359 4205 2552 4265 πάντες
2583 4203 2616 4272 ἥ
2650 4208 2780 4278 γοῦν
2833 4201 2990 4273 ἔνιοι,
3051 4203 3126 4264 εἷς
3185 4201 3411 4266 πλείους
3466 4199 3795 4276 διῃρημένοι

2150 4293 2318 4357 συλάς
2371 4293 2461 4349 καὶ
2528 4290 2802 4348 διακοιδὸν
2863 4293 3159 4367 στρατήγια
3219 4289 3536 4364 βάλλοντες.
3597 4287 3796 4366 Ἐφελ-

2147 4383 2448 4455 κυσάμενος
2476 4383 2569 4436 οὗν
2599 4379 2752 4438 τόνδε
2779 4381 2872 4435 τὸν
2909 4381 3112 4456 τρόπον
3159 4379 3310 4440 τινάς
3360 4384 3466 4435 τῶν
3521 4380 3646 4452 παρ’
3691 4378 3791 4433 αύ-

394 4477 588 4534 cebris
619 4491 752 4530 cum
781 4473 982 4528 fucum
1036 4468 1276 4523 fecisset
1332 4466 1561 4538 Scythis
1621 4482 1841 4536 eosque
1893 4483 2042 4524 vana

2158 4476 2266 4533 τοῖς
2305 4471 2372 4525 τὰ
2425 4471 2614 4544 πρῶτα
2663 4471 2958 4548 φερόντων,
2995 4473 3191 4548 ,πᾶσαν
3247 4468 3654 4546 φιλοφροσύνην
3708 4467 3796 4524 ἐπ’

395 4584 498 4638 spe
531 4566 816 4627 inﬂasset,
851 4576 971 4616 non
1003 4554 1404 4613 cunctandum
1451 4570 1581 4609 esse
1630 4561 1792 4610 ratus
1841 4557 2040 4628 copias

392 4656 454 4710 in
484 4656 672 4711 aciem
712 4651 933 4718 eduxit,
964 4647 1108 4703 dum
1139 4643 1332 4701 adhuc
1364 4641 1654 4714 ambiguis
1685 4649 1882 4698 essent
1905 4644 2036 4700 ani-

390 4745 506 4798 mis
537 4749 594 4797 et
624 4740 951 4811 suspensis,
982 4754 1050 4793 ac
1081 4750 1287 4808 pacem
1311 4731 1384 4788 ob
1407 4731 1870 4803 pollicitationes
1900 4733 2033 4790 illas

387 4847 524 4886 cum
550 4829 832 4886 Romanis
855 4829 1044 4882 facere
1063 4826 1526 4898 cogitarent,nec
1549 4827 1664 4878 tam
1675 4838 1747 4878 en
1765 4839 1799 4879 a
1812 4840 2030 4897 pugna,

385 4925 452 4974 ut
507 4918 644 4972 olim
700 4917 936 4970 vincere
991 4914 1233 4983 assueti,
1321 4911 1732 4968 abhorrerent;
1807 4913 2028 4969 Educto

383 5007 564 5078 igitur
591 5005 776 5059 Beroe
826 5003 1087 5057 exercitu
1142 5007 1304 5069 (nam
1364 4999 1444 5054 ibi
1503 5005 1696 5055 castra
1754 5000 2030 5074 habebat)

383 5092 731 5166 crepusculo
765 5091 1008 5161 Scythas
1037 5089 1390 5160 aggreditur.
1416 5088 1507 5142 Fit
1545 5087 1852 5143 horribilis
1882 5106 2024 5145 con-

381 5183 599 5250 ﬂictus,
633 5185 691 5235 et
721 5177 1086 5234 atrocissima
1113 5193 1312 5248 pugna
1349 5177 1758 5232 committitur.
1791 5179 1934 5234 Nam
1967 5186 2026 5236 et

379 5271 608 5344 Scythas
640 5275 910 5325 nostrum
941 5267 1031 5322 21
1082 5265 1409 5320 exercitum
1456 5267 1798 5322 incursione
1848 5285 2020 5340 equo-

374 5376 510 5416 rum
541 5365 600 5414 et
631 5356 948 5413 emissione
981 5353 1326 5425 sagittarum
1357 5359 1416 5407 et
1463 5353 1721 5409 clamore
1767 5356 1830 5410 in
1877 5375 2020 5412 con-

369 5465 578 5522 gressu
600 5445 849 5502 immani
867 5442 1098 5500 sublato
1121 5441 1352 5496 fortiter
1370 5449 1730 5512 exceperunt
1767 5445 2016 5500 Romani

367 5554 526 5607 vero,
562 5533 745 5593 semel
774 5537 1001 5590 tentata
1029 5529 1227 5586 Martis
1249 5527 1396 5594 alea,
1428 5529 1511 5584 ita
1539 5545 1800 5603 pugnare
1844 5533 2017 5588 insti-

365 5631 606 5686 tuerunt
635 5630 700 5683 ut
729 5627 834 5682 aut
859 5623 1062 5678 hostes
1081 5617 1450 5692 proﬂigaturi
1479 5621 1582 5674 aut
1600 5621 2014 5680 morituri.Sed

2148 4561 2332 4621 αὐτοῖς
2391 4557 2774 4628 ἐπιδείκνυται,
2831 4557 2892 4612 οὐ
2965 4561 3131 4630 μόνον
3216 4559 3469 4631 περιττὰς
3528 4557 3794 4619 ἑστιάσεις

2145 4647 2329 4710 αὐτοῖς
2378 4646 2773 4722 παραθέμενος,
2831 4645 2977 4702 ἀλλά
3059 4647 3148 4700 καὶ
3215 4651 3465 4720 σηρικοῖς
3521 4665 3797 4719 καταγοη-

2141 4737 2330 4800 τεύσας
2390 4737 2711 4808 ἱματισμοῖς
2763 4735 2854 4790 καὶ
2911 4731 3210 4797 κυπέλλοις
3264 4733 3354 4789 καὶ
3412 4728 3638 4802 λέϐησιν
3699 4734 3795 4808 ἀρ-

2139 4825 2352 4901 γυρέοις
2413 4825 2844 4901 ὑπαγαγόμενος.
2897 4823 3000 4880 Καὶ
3035 4829 3152 4886 τοῖς
3196 4821 3408 4878 δελέασι
3455 4821 3672 4882 τούτοις
3721 4823 3790 4878 τά

2136 4918 2244 4970 τῶν
2316 4918 2536 4978 Σκυθῶν
2600 4913 2994 4989 ὑποχαυνώσας
3079 4914 3426 4992 φρονήματα,
3503 4909 3642 4987 ἔγνω
3701 4914 3780 4985 μή

2136 5004 2322 5077 καιρὸν
2379 5001 2512 5058 εἶναι
2570 5000 2918 5076 μελλήσεως,
2977 5000 3106 5057 ἀλλ’
3173 4999 3390 5080 έπὸίφειν
3444 5001 3632 5062 αὐτοῖς
3686 4999 3786 5062 τὰς

2137 5088 2393 5165 δυνάμεις
2433 5092 2536 5146 κάκ
2591 5095 2688 5146 τοῦ
2749 5090 2940 5146 αὐτίκα
2991 5091 3361 5162 συντάξασθαι,
3408 5086 3512 5153 ἕως
3554 5083 3630 5143 ἔτι
3688 5089 3786 5150 τὰς

2131 5182 2352 5256 γνώμας
2381 5175 2598 5255 ἔχοντές
2653 5180 2785 5235 εἰσιν
2838 5175 3187 5256 ἀμφιϐόλους
3236 5179 3324 5234 καὶ
3375 5176 3596 5253 ῥέπουσι
3645 5179 3784 5253 πρὸς

2132 5269 2432 5344 ἀμφότερα,
2491 5272 2577 5326 καὶ
2663 5271 2960 5342 Ῥωμαίοις
3039 5271 3133 5343 μὶν
3195 5266 3574 5341 διανοούμενοι
3633 5267 3780 5322 σπεί-

2131 5369 2318 5422 σασθαι
2385 5355 2476 5412 διὰ
2528 5359 2594 5414 τὰ
2652 5359 2830 5436 σφίσιν
2908 5356 3381 5434 ἐπαγγελλόμενα,
3461 5355 3783 5431 θαρροῦντες

2129 5443 2186 5500 δὲ
2215 5447 2304 5501 καὶ
2332 5447 2424 5502 τὸν
2458 5446 2703 5520 πόλεμον
2739 5446 2814 5510 ώς
2844 5451 2942 5502 τοῦ
2981 5451 3131 5518 νικᾷν
3179 5443 3362 5510 ἐθάδες
3411 5443 3580 5522 πάλρι
3622 5447 3786 5522 γενό-

2128 5556 2300 5607 μενοι.
2363 5538 2536 5611 ’Ἄρας
2596 5536 2778 5591 τοίνυν
2846 5534 2906 5591 ἐκ
2959 5540 3068 5591 τῶν
3133 5542 3231 5604 τῆς
3316 5533 3525 5608 Βερόης
3596 5537 3781 5609 μερῶν

2123 5622 2318 5698 (ἆκεῖσε
2370 5626 2474 5701 γὰρ
2532 5622 3036 5700 ὶστραέοπεδεύετο)
3076 5623 3324 5700 κέεφαῖος
3371 5628 3488 5683 τοῖς
3543 5623 3780 5688 Σκύθιοις
