4150 6292
406 379 528 438 339

1721 374 2036 437 NICETIE
2079 378 2506 439 CHONIATJE

3711 373 3831 436 340

481 515 548 568 ν.
581 513 700 570 Hac
729 513 802 568 de
834 510 1064 582 Scythis
1095 514 1262 580 parta
1293 507 1557 577 victoria,
1581 514 1640 564 et
1666 509 1886 564 illustri
1911 510 2048 565 editi

2251 513 2324 570 E'.
2385 511 2662 580 Τοιαύτην
2717 509 2868 578 νίκήν
2945 512 3213 586 περιφανῆ
3299 505 3436 561 κατὰ
3520 511 3742 571 Σκυθῶν
3799 509 3826 561 ὁ

414 602 704 670 facinore,
740 603 840 658 28
870 602 1130 655 Joannes
1187 604 1322 653 vota
1382 599 1496 652 Deo
1554 599 1874 669 persolvit;
1915 599 2072 668 quod

415 689 632 746 festum
666 690 1108 746 Patzinacarum
1165 692 1370 742 nostro
1430 693 1697 758 tempore
1736 687 1975 750 dicitur,
2007 689 2070 743 in

417 781 505 834 rei
522 785 700 851 gestus
719 783 1174 834 monumentum
1197 781 1254 831 et
1273 777 1420 848 grati
1439 777 1620 832 animi
1640 777 2066 836 testimonium.

419 870 546 924 Non
577 869 766 923 multo
797 873 931 938 post
963 867 1139 921 etiam
1195 871 1402 920 contra
1447 865 1756 932 Triballos,
1791 883 1937 936 quos
1968 867 2068 922 alii

418 958 648 1013 Servios
678 957 903 1023 dicunt,
930 955 1221 1011 maleﬁcio
1253 971 1374 1008 non
1403 953 1772 1009 abstinentes
1804 961 1862 1008 et
1891 953 2066 1009 ﬁndi-

415 1047 631 1118 fragos,
679 1046 1119 1117 expeditionem
1177 1043 1570 1110 denuntiavit,
1605 1048 1663 1097 et
1692 1043 1800 1098 hos
1831 1059 2066 1113 quoque

415 1136 697 1192 barbaros
727 1137 853 1191 acie
886 1136 1064 1190 victos
1100 1134 1173 1189 ad
1205 1150 1411 1205 pacem
1446 1133 1636 1204 coegit
1663 1154 1676 1199 ;
1710 1133 1811 1202 qui
1841 1133 2065 1202 alioqui

417 1227 594 1281 etiam
625 1243 832 1296 parum
891 1231 1165 1296 potentes
1223 1223 1476 1278 subinde
1535 1223 1740 1276 vicinis
1798 1223 2066 1292 imperiis

413 1315 699 1380 subsunt;
732 1315 1056 1384 abactaque
1089 1311 1226 1366 inde
1253 1312 1454 1382 prada
1484 1311 1776 1366 immensa
1806 1317 1864 1365 et
1902 1311 2062 1365 locu-

407 1404 628 1474 pletato
657 1403 942 1471 exercitu,
1004 1401 1292 1472 captivam
1351 1400 1586 1455 turbam
1645 1400 1706 1454 in
1763 1400 2064 1456 Orientem

407 1493 741 1547 traductam
773 1492 835 1546 in
888 1489 1325 1546 Nicomediensi
1379 1489 1686 1560 provincia
1744 1488 2064 1544 uberrimis

410 1582 566 1652 agris
597 1580 910 1652 assignatis
941 1579 1268 1634 collocavit.
1302 1579 1388 1633 Ita
1427 1577 1639 1648 captivi
1691 1577 1892 1649 populi
1923 1595 2061 1648 par-

411 1677 531 1725 tem
565 1670 624 1724 in
658 1671 918 1741 legiones
947 1669 1169 1733 retulit,
1205 1675 1432 1739 partem
1493 1668 1867 1722 tributariam
1897 1669 2056 1723 fecit.

2183 601 2440 672 Ἰωάννης
2494 600 2762 675 ἀράμενος
2821 599 2908 652 καὶ
2973 603 3226 671 μέγιστον
3285 597 3486 665 στήσας
3565 595 3824 670 τρόπαιον

2179 691 2274 750 τὰς
2305 689 2471 765 εὐχὰς
2501 694 2578 759 τῷ
2609 693 2725 762 Θεῷ
2782 684 3106 755 ἀποδίδωσι,
3165 688 3262 755 τὴν
3321 691 3426 740 τῶν
3477 686 3828 754 Πατζινάκων

2182 776 2487 854 λεγομένην
2536 777 2589 838 ἐς
2635 781 2782 848 ἡμᾶς
2839 775 3061 843 τελετήν
3118 775 3196 838 εἲς
3252 775 3642 848 ἀναμηστήρια
3693 777 3826 831 ἀποο

2179 868 2336 936 τάξας
2403 871 2510 921 τῶν
2575 863 2974 940 πεπραγμένων
3036 864 3126 918 καὶ
3191 865 3551 942 χαριστήρια.
3617 865 3826 937 Μικρὸν

2180 954 2236 1011 δὲ
2293 957 2513 1031 ὕστερον
2563 955 2654 1010 καὶ
2711 955 2849 1010 κατὰ
2903 959 3000 1008 τοῦ
3065 958 3172 1010 τῶν
3242 947 3576 1026 Τριϐαλλῶν
3643 949 3828 1017 ἔθνους

2182 1043 2346 1107 (εἷ’ποι
2377 1041 2447 1098 δι’
2495 1045 2554 1098 ἄν
2611 1064 2695 1104 τις
2739 1037 2918 1117 ἔτερος
2977 1036 3220 1116 Σὲρϐων)
3275 1046 3708 1115 κακουργοῦντος
3737 1043 3828 1099 καὶ

2177 1133 2272 1197 τὰς
2346 1132 2579 1195 σπονδὰς
2657 1133 2996 1212 συγχέοντος
3069 1131 3346 1206 στρατείαν
3420 1129 3664 1205 ἐκήρυξε,
3738 1133 3825 1188 καὶ

2179 1219 2464 1294 συμϐολῆς
2531 1224 2827 1296 γενομένης
2916 1221 3050 1276 κατὰ
3134 1221 3328 1294 κράτος
3427 1223 3666 1290 ἡττήσας
3732 1221 3824 1276 καὶ

2172 1317 2336 1366 τοῦτο
2384 1311 2446 1366 τὸ
2508 1306 2781 1386 βάρϐαρον
2841 1312 2979 1383 πρὸς
3034 1306 3264 1372 σπονδὰς
3323 1310 3652 1384 ὑπηγάγετο,
3690 1311 3826 1382 μηδ’

2173 1399 2362 1463 ἄλλως
2395 1397 2736 1473 δεικνύμενον
2769 1398 3098 1474 ἀξιόμαχον,
3149 1400 3242 1452 οἶα
3270 1399 3679 1462 καθυποκύπτον
3734 1402 3820 1470 [Ρ.

2177 1491 2262 1562 12]
2296 1489 2378 1544 ἀεὶ
2426 1493 2544 1550 ταῖς
2593 1487 2653 1544 ἐκ
2706 1489 2964 1564 γειτόνων
3016 1488 3236 1562 ἀρχαῖς.
3299 1487 3403 1544 Καὶ
3447 1487 3591 1542 λείαν
3625 1487 3824 1542 ἐκεῖθεν

2171 1577 2366 1640 ἐλάσας
2406 1577 2468 1633 οὐ
2529 1579 2872 1650 σταθμητήν,
2929 1577 3020 1632 καὶ
3079 1575 3350 1633 πλείστων
3415 1575 3696 1654 ὠφελειῶν
3723 1577 3822 1650 ἐμ-

2171 1667 2392 1736 πλήσας
2422 1666 2486 1722 τὸ
2519 1669 2849 1740 στράτευμα,
2903 1665 2979 1727 εἰς
3027 1667 3126 1735 τήν
3173 1659 3244 1719 ἔω
3305 1661 3609 1734 διαϐιϐάζει
3635 1665 3695 1720 τὸ
3721 1665 3814 1720 τοῦ

409 1755 659 1827 πλήθους
711 1755 1096 1830 αἰχμάλωτον,
1155 1756 1244 1810 καὶ
1301 1756 1437 1810 κατὰ
1493 1757 1592 1822 τήν
1653 1753 2007 1828 Νικομήδους
2065 1757 2332 1830 ἐπαρχίαν
2387 1756 2652 1824 ἀποτάξας
2721 1755 2870 1827 αὐτῷ
2935 1755 3252 1824 κατοίκησιν
3329 1754 3420 1808 καὶ
3487 1761 3592 1829 γῆν
3667 1750 3818 1826 διαρ-

407 1849 677 1916 κεστάτην
738 1844 1152 1919 ἅποδασάμενος
1213 1847 1276 1900 τὸ
1348 1846 1442 1917 μὲν
1505 1849 1602 1898 τοῦ
1669 1841 2010 1918 δορυκτήτου
2085 1843 2194 1902 λεὼ
2259 1851 2376 1907 τοῖς
2444 1845 2833 1918 στρατεύμασιν
2895 1842 3233 1920 ἐγκατέμιξε,
3281 1843 3344 1898 τὸ
3375 1841 3432 1898 δὲ
3469 1850 3712 1914 παρῆκεν
3745 1843 3821 1906 εἰς

408 1933 730 2016 δασμοφόρη
744 1957 850 1991 σιν.

475 2062 743 2134 Suscepit
773 2062 868 2117 hic
900 2061 1223 2132 imperator
1251 2061 1428 2130 ﬁlios,
1465 2077 1718 2132 quorum
1753 2066 1895 2116 natu
1929 2077 2056 2116 ma-
2089 2071 2134 2134 Β

401 2150 560 2205 ximo
603 2149 806 2205 Alexio
865 2167 1140 2222 purpuras
1193 2149 1292 2220 jus
1351 2154 1409 2202 et
1466 2165 1795 2220 purpureos
1827 2149 2055 2203 calceos

399 2239 596 2310 dedit;
632 2246 691 2296 et
720 2257 855 2296 cum
877 2258 910 2296 a
932 2240 1151 2311 populo
1180 2241 1442 2294 Romano
1474 2239 1800 2310 imperator
1830 2238 2052 2294 salutu~

395 2335 580 2399 retur,
602 2346 721 2385 una
747 2345 948 2384 secum
971 2327 1328 2400 proclamari
1351 2344 1562 2398 passus
1595 2327 2051 2382 est.Proximum

397 2419 469 2473 ab
500 2419 613 2474 hoc
645 2417 1073 2484 Andronicum,
1109 2421 1165 2470 et
1194 2417 1481 2472 Isaacium
1514 2417 1776 2488 tertium,
1811 2433 1878 2471 ac
1909 2420 2052 2472 natu

399 2507 717 2563 minimum
776 2507 1107 2562 Manuelem
1167 2507 1696 2562 sebastocratorica
1767 2505 2052 2579 dignitate

403 2600 653 2654 ornavit.
686 2599 868 2653 Aiunt
899 2615 1032 2652 eum
1083 2598 1144 2652 in
1197 2597 1420 2653 somnis
1450 2595 1667 2651 vidisse
1701 2595 1888 2651 filium
1923 2595 2052 2651 Ale-

401 2691 566 2744 xium
596 2705 804 2744 recens
836 2692 1182 2743 coronatum
1202 2688 1360 2742 leoni
1379 2687 1657 2756 insidere,
1684 2703 1862 2758 quem
1884 2687 2050 2740 auri—

405 2777 515 2834 bus
547 2778 914 2833 habenarum
941 2778 1040 2834 24
1065 2778 1186 2832 vice
1215 2777 1646 2842 moderaretur,
1671 2793 1805 2830 cum
1830 2775 2051 2846 alioqui

402 2867 550 2922 nihil
568 2866 894 2922 haberetad
914 2867 1271 2922 domandam
1285 2866 1496 2921 bellum
1515 2865 2048 2920 accommodatum.

401 2957 584 3028 Cujus
614 2957 720 3011 visi
753 2957 878 3012 haec
929 2957 1280 3029 signiﬁcatio
1341 2963 1485 3025 erat,
1517 2973 1768 3028 puerum
1799 2955 2048 3027 imperio

399 3047 566 3101 titulo
599 3051 769 3101 tenus
801 3051 859 3100 et
887 3046 1128 3100 nomine
1159 3046 1382 3116 absque
1415 3063 1476 3100 re
1508 3047 1857 3116 potiturum,
1890 3045 2052 3116 regia

394 3149 530 3188 vero
559 3137 850 3203 potestate
901 3131 1176 3186 orbatum
1234 3132 1346 3198 iri;
1405 3131 1464 3185 id
1521 3131 1677 3201 quod
1705 3130 1883 3202 paulo
1916 3137 2052 3202 post

394 3219 630 3283 accidit,
673 3234 742 3272 eo
773 3225 962 3274 morte
995 3219 1248 3273 sublato.

391 3304 560 3381 ψιλοῦ
625 3303 716 3358 καὶ
782 3311 999 3378 γυμνῆς
1065 3305 1404 3380 πραγμάτων
1476 3305 1848 3378 ἆνακηρύξεως

394 3477 697 3535 ἐστείλατο.

459 3627 576 3682 Sub
599 3631 864 3684 test-atem
885 3627 1086 3682 Hunni
1103 3631 1379 3698 superato
1400 3627 1547 3681 Istro
1567 3632 1624 3683 et
1643 3626 2043 3682 Branitzobam
2076 3629 2120 3695 C

389 3721 711 3784 vastarunt,
742 3723 802 3772 et
841 3715 1137 3772 moenibus
1194 3715 1406 3770 dirutis
1458 3732 1600 3772 saxa
1654 3717 2039 3790 Zeugminum

387 3805 842 3872 transtulerunt,
893 3809 953 3860 et
1002 3803 1303 3860 Sardicam
1362 3805 1712 3876 spoliarunt,
1754 3813 1952 3878 spreto
1984 3813 2043 3862 et

384 3898 558 3964 rupto
589 3893 829 3948 foedere.
863 3892 1050 3964 Hujus
1098 3894 1514 3948 controversias
1555 3895 1787 3949 occulta
1817 3901 1876 3948 et
1903 3911 2040 3950 vera

384 3997 563 4037 causa
605 3983 737 4050 fuit,
791 3982 948 4052 quod
1006 3981 1290 4036 Almuzen
1350 3981 1629 4052 Stephani
1688 3983 2038 4038 Hunnorum

376 4071 664 4142 principis
695 4072 938 4125 fratrem
969 4071 1042 4125 ad
1067 4087 1130 4124 se
1154 4071 1468 4142 profugum
1500 4071 1826 4142 imperator
1849 4072 2038 4127 liben-

373 4159 606 4213 tissime
639 4162 1001 4228 susceperat.
1035 4158 1097 4211 Id
1118 4173 1255 4211 vero
1278 4159 1719 4228 prmtexebatur
1747 4163 1806 4214 et
1837 4161 2035 4230 palam

375 4245 792 4316 objiciebatur,
817 4245 977 4316 quod
1001 4244 1414 4300 Branitzobani
1437 4249 1786 4302 Hunnorum
1813 4265 2036 4305 merca-

380 4342 539 4390 tores
570 4335 896 4406 spoliarent
942 4339 1001 4390 et
1050 4335 1306 4404 pessime
1339 4341 1680 4391 tractarent.
1715 4337 1880 4401 Quod
1910 4355 2034 4394 ma-

377 4426 503 4493 lum
527 4442 662 4481 cum
693 4429 910 4498 praeter
939 4425 1446 4496 ex3pectationem
1477 4425 1816 4498 ingruisset,
1845 4427 2038 4498 impe-

377 4521 541 4572 rator
571 4514 852 4588 prudenti
873 4513 1124 4570 consilio
1144 4513 1540 4585 Philippopoli
1566 4531 1628 4569 se
1654 4515 2038 4584 tenuit,Hun-

383 4607 478 4662 nis
509 4606 646 4662 inde
693 4606 903 4679 pulsis.
961 4603 1309 4660 Succedenti
1367 4619 1502 4658 vero
1545 4609 1808 4676 tempore
1839 4607 1913 4662 ad
1944 4607 2036 4661 in-

383 4697 771 4752 structionem
821 4710 1066 4751 suorum
1123 4697 1184 4748 et
1245 4692 1534 4749 ultionem
1592 4693 1852 4750 hostium
1891 4713 2036 4752 usus

381 4785 582 4855 capias
603 4785 793 4856 coegit
813 4790 872 4838 et
891 4799 1068 4839 naves
1091 4781 1396 4854 expeditos
1417 4785 1810 4854 comparavit;
1843 4786 2033 4857 iisque

381 4888 490 4942 per
522 4873 773 4927 Pontum
801 4873 864 4927 in
901 4874 1118 4926 Istrum
1158 4872 1438 4942 trajectis,
1473 4878 1631 4929 terra
1660 4879 1718 4930 et
1745 4891 1900 4946 aqua
1929 4877 2034 4931 ad-

1945 3303 2009 3358 ἐπ
2019 3307 2296 3360 ιτευξεῖται

393 3307 560 3381 ψιλοῦ
625 3307 716 3358 καὶ
782 3311 999 3378 γυμνῆς
1065 3307 1404 3380 πραγμάτων
1476 3307 1848 3378 ἆνακηρύξεως
1945 3307 2210 3376 ἐπιτευξεῖι

393 3394 748 3448 ἀποπεσεῖται
821 3393 1264 3468 κυριαρχήσεως,
1342 3391 1372 3444 ὅ
1445 3390 1534 3444 καὶ
1614 3397 1795 3467 μικρῷ
1872 3387 2210 3464 συμϐέϐηκεν

2239 2059 2336 2114 Καὶ
2404 2061 2584 2134 πατήρ
2653 2057 2940 2136 δ’ἀρῥὲνιον
2999 2055 3204 2114 παίδων
3264 2059 3292 2112 ὁ
3351 2056 3607 2132 βασιλεὺς
3659 2057 3817 2120 οὗτος

2166 2150 2346 2228 φανείς
2405 2154 2484 2220 τῷ
2544 2149 2638 2222 μὲν
2692 2152 2987 2224 προήκοντι
3074 2147 3208 2202 κατὰ
3276 2146 3481 2224 γένεσιν
3547 2143 3818 2218 (Ἄλεξιος

2159 2234 2300 2310 τῷδε
2329 2237 2390 2292 τὸ
2432 2236 2629 2310 ὄνομα)
2670 2234 3004 2314 πορφυρίδος
3065 2233 3354 2310 μετέδωκε,
3415 2233 3506 2289 καὶ
3565 2232 3820 2297 πεδίλοις

2161 2327 2408 2402 ἐρυθροῖς
2441 2325 2756 2382 ὑποδεῖσθαι
2806 2323 3037 2405 διαφῆκε
3084 2325 3148 2379 τὰ
3203 2324 3372 2398 ἄρθρα
3411 2328 3508 2378 τοῦ
3538 2324 3816 2397 σώματος,

2159 2415 2248 2470 καὶ
2289 2417 2746 2492 συνευφημεῖσοαί
2797 2416 2848 2470 οἱ
2905 2419 3186 2490 παρεῖχεν,
3248 2413 3482 2484 ὁπηνίκα
3523 2413 3808 2486 Ῥωμαίων

2160 2505 2514 2580 αὖτοκρατωρ
2576 2505 2774 2566 ἐκεῖνος
2835 2505 2938 2560 ὑπὸ
2995 2511 3099 2559 τῶν
3155 2499 3579 2579 συνειλεγμένων
3629 2499 3806 2576 ὄχλων

2160 2593 2536 2670 ἀνηγορεύετο·
2597 2595 2688 2649 τὸν
2749 2591 2806 2648 δὲ
2868 2596 2983 2666 μετ’
3050 2593 3212 2648 αὐτὸν
3259 2589 3608 2668 Ἀνδρόνικον
3643 2592 3808 2648 Ἰσαά-

2159 2681 2362 2738 κιόντε
2405 2685 2495 2738 τὸν
2524 2682 2612 2738 ἐπὶ
2669 2680 2808 2754 τῷδε
2867 2683 2956 2737 καὶ
3014 2684 3106 2736 τὸν
3163 2681 3353 2754 ἐφεξῆς
3407 2681 3662 2756 τέταρτον
3699 2683 3812 2737 Μα-

2159 2773 2334 2839 νουὴλ
2401 2767 2985 2846 σεϐαστακρατορικαῖς
3052 2771 3320 2846 ὑπεξαίρει
3384 2776 3597 2844 τιμαῖς.
3667 2769 3808 2824 Φασὶ

2161 2859 2219 2915 δὲ
2265 2861 2340 2923 ὡς
2399 2861 2514 2916 κατ’
2565 2860 2696 2934 ὄναρ
2747 2862 2774 2916 ὁ
2817 2859 3076 2936 βασιλεὺς
3136 2859 3388 2923 θεάσαιτο
3421 2861 3512 2914 τὸν
3545 2866 3809 2932 νεοστεφῆ

2159 2951 2274 3004 υἱὸν
2305 2950 2395 3004 τὸν
2437 2949 2680 3020 Ἀλέξιον
2747 2949 2922 3023 θηρίῳ
2983 2943 3188 3023 ἔποχον
3249 2946 3448 3019 λὲοντι,
3499 2947 3587 3002 καὶ
3615 2953 3810 3002 τοῦτον

2159 3038 2352 3094 ἐκτῶν
2385 3038 2539 3094 ὢτων
2601 3041 2848 3114 ἡνιοχεῖν
2906 3037 3138 3112 μηδενὸς
3188 3039 3372 3114 ἑτερου
3434 3035 3662 3100 ὑπόντος
3696 3038 3812 3094 ἐπι-

2155 3124 2374 3197 τηδείου
2433 3129 2571 3202 πρὸς
2629 3127 2956 3204 διεξαγωγὴν
3012 3127 3107 3182 τοῦ
3169 3127 3358 3201 θηρός.
3392 3130 3490 3184 Ἤν
3521 3124 3577 3182 δὲ
3677 3127 3807 3202 σύγ-

2157 3237 2332 3291 κρισις
2386 3221 2483 3270 τοῦ
2542 3215 2894 3289 ίνδάλματος,
2929 3217 3002 3279 ὡς
3068 3217 3236 3291 μέχρι
3295 3217 3384 3272 καὶ
3416 3218 3810 3292 προσρήματος

2387 3312 2486 3375 τῆς
2585 3304 2862 3381 βασιλείας
2938 3307 2965 3360 ὁ
3035 3312 3187 3374 παῖς,
3255 3313 3356 3374 τῆς
3423 3303 3482 3360 δὲ
3552 3307 3803 3379 μείζονος

2317 3391 2560 3468 ὕστερονο
2665 3393 2876 3466 θανάτῳ
2949 3393 3054 3470 γὰρ
3153 3395 3253 3462 τὴν
3353 3391 3404 3464 ἔξ
3508 3393 3806 3467 ἀνθρώπων

2230 3625 2363 3700 Περὶ
2421 3624 2478 3681 δὶ
2533 3626 2737 3700 θέρειον
2789 3624 2933 3700 ὥραν
2986 3625 3081 3681 τὸν
3144 3627 3354 3699 Ἵστρον
3413 3621 3692 3687 διαϐάντες
3750 3625 3804 3680 οἱ

2149 3714 2340 3772 Οὗννοι
2405 3717 2504 3786 τήν
2572 3735 2631 3770 τε
2686 3710 3052 3788 Βρανίτζοϐαν
3109 3713 3496 3790 ἐξεπόρθησαν,
3559 3714 3804 3788 κατερεί-

2147 3807 2344 3877 ψαντες
2411 3805 2476 3859 τὰ
2536 3804 2697 3879 τείχη
2767 3803 2855 3858 καὶ
2922 3803 3049 3865 τοὺς
3116 3803 3300 3867 λίθους
3346 3805 3799 3878 μετενεγκάμενοι

2147 3895 2222 3956 εἰς
2261 3894 2323 3948 τὸ
2356 3893 2667 3970 Ζεΰγμινον,
2725 3895 2816 3948 καὶ
2871 3897 2971 3964 τήν
3029 3891 3304 3968 Σαρδικήν
3359 3893 3669 3966 ἐληίσαντο,
3701 3895 3798 3954 τὰς

2146 3982 2234 4037 ἐπὶ
2289 3981 2448 4056 φιλίᾳ
2497 3988 2566 4057 τῇ
2623 3984 2884 4056 πρότερον
2937 3983 3240 4058 ὁμολογίας
3295 3985 3712 4058 ἀποσεισάμενοί
3741 4005 3800 4040 τε

2143 4071 2234 4126 καὶ
2303 4069 2660 4144 διαξάναντες.
2728 4074 2827 4129 Ἠν
2897 4069 2954 4127 δὲ
3016 4075 3051 4141 ἡ
3123 4073 3218 4144 μὲν
3283 4070 3592 4148 ἐνδόμυχος
3651 4074 3801 4128 αἰτία

2144 4163 2373 4232 ταυτησὶ
2415 4168 2515 4231 τῆς
2565 4159 2827 4239 διαφορᾶς
2880 4163 2943 4218 τὸ
2993 4164 3085 4218 τὸν
3119 4163 3436 4236 Ἀλμοῦζην
3473 4164 3612 4238 παρᾶ
3646 4165 3799 4240 βασι-

2146 4251 2244 4306 λέα
2293 4250 2469 4306 ἐλθεῖν
2536 4253 2626 4306 καὶ
2694 4251 3104 4328 προσδεχθῆναι
3161 4254 3287 4326 παρ’
3348 4253 3516 4308 αὐτοῦ
3573 4251 3800 4326 ἀσμενέ-

2145 4362 2331 4411 στατα,
2362 4341 2688 4416 κασίγνητον
2745 4341 2876 4397 ὄντα
2927 4342 3225 4418 Στεφάνου·
3283 4347 3384 4396 τοῦ
3431 4346 3538 4396 τῶν
3577 4341 3797 4397 Οὕννων

2144 4431 2540 4506 κητάρχοντος,
2641 4429 2688 4484 δ’
2719 4430 3078 4506 εὐπρόσωπός
3125 4452 3184 4486 τε
3241 4428 3354 4505 ἅμα
3393 4430 3482 4484 καὶ
3515 4429 3800 4506 πρόδῄλος

2145 4520 2369 4596 ἀφορμή
2428 4522 2490 4575 τὸ
2545 4519 2675 4582 τοὺς
2731 4519 3022 4594 οἰκήτορας
3078 4515 3450 4594 Βρανιτζόϐης
3480 4519 3796 4594 λῃστρικῶς

2144 4607 2472 4672 ἐπιτίθεσθαι
2528 4613 2644 4670 τοῖς
2706 4603 3152 4683 μαραϐάλλουσιν
3211 4609 3373 4666 ἐκεῖθι
3421 4606 3648 4673 Οὕννοις
3679 4612 3796 4666 κατ’

2145 4697 2413 4770 ἐμπορίαν
2459 4698 2550 4752 καὶ
2608 4697 2736 4770 δρᾷν
2793 4697 2876 4754 ἐπ’
2927 4698 3115 4762 αὐτοῖς
3169 4698 3235 4754 τὰ
3293 4697 3560 4772 χείριστα.
3591 4700 3717 4756 υΛτε,
3748 4697 3796 4754 δ’

2145 4785 2471 4862 ἂπροόπτως
2537 4791 2633 4841 τοῦ
2698 4790 2866 4842 κακοῦ
2929 4783 3089 4842 τοῦδε
3179 4787 3602 4861 ξυνενεχθὲντος,
3671 4789 3794 4845 τότε

2149 4878 2241 4950 μὲν
2308 4880 2376 4950 τῇ
2436 4876 2572 4932 κατὰ
2635 4879 2736 4948 τήν
2791 4875 3243 4933 Φιλιππούπολιν
3283 4873 3516 4950 ἐνδημίᾳ
3569 4879 3638 4933 τὰ
3691 4887 3792 4948 τῆς

376 4959 670 5014 versarios
701 4965 792 5014 est
819 4960 1080 5015 adortus.
1123 4961 1323 5016 Fluvio
1377 4961 1606 5018 triremi
1653 4964 2036 5035 imperatoria

2158 4965 2484 5042 προμηθείας
2545 4965 2798 5042 βασιλεὺς
2865 4965 3252 5039 ἐπεμέτρησεν,
3307 4964 3543 5028 Οὕννους
3601 4967 3795 5024 ἐκεῖθεν

377 5049 648 5120 trajecto,
680 5049 776 5104 25
808 5053 866 5102 et
896 5050 1159 5104 exercitu
1188 5050 1250 5104 in
1291 5051 1536 5108 adversa
1579 5053 1710 5124 ripa
1739 5055 2030 5125 exposito,

372 5136 684 5192 colluviem
714 5135 1105 5194 barbarorum
1131 5139 1390 5208 equestri
1413 5157 1611 5213 pugna
1631 5147 1689 5197 et
1719 5143 2027 5200 hastarum

367 5316 531 5388 prius
561 5329 827 5386 unquam
858 5314 1172 5370 tolerantia
1195 5325 1614 5384 commoratus,
1645 5321 2015 5376 Francocho-

361 5405 451 5460 rio
483 5404 704 5476 potitus
751 5408 860 5468 est,
909 5403 1278 5458 fertilissima
1306 5409 1478 5460 terra:
1511 5407 1793 5465 Hunnieas
1822 5417 2010 5483 parte,

360 5510 491 5566 quas
523 5492 762 5547 declivis
820 5493 882 5547 in
939 5496 1209 5563 patentes
1267 5508 1506 5562 campos
1557 5496 1714 5552 intra
1743 5499 1920 5554 Saum
1951 5507 2010 5556 et

353 5584 568 5640 Istrum
592 5581 802 5638 ﬂuvios
823 5581 1178 5636 extenditur.
1203 5582 1272 5635 Et
1290 5581 1674 5652 leguminum
1704 5587 2002 5644 deditione

354 5673 809 5745 cepit,etipsum
834 5671 1153 5726 Chramum
1175 5685 1484 5742 aggressus
1513 5675 1773 5731 maxima
1799 5679 2000 5748 praeda

2147 5055 2481 5128 μετανάστας
2550 5057 2790 5128 θέμενος·
2851 5059 2929 5126 τῷ
2987 5052 3033 5108 δ’
3101 5054 3306 5110 ἐπιόντι
3393 5060 3568 5130 καιρῷ
3660 5060 3798 5132 πρὸς

2139 5145 2482 5219 παρασκευὴν
2537 5149 2645 5198 τῶν
2703 5143 2916 5198 οἰκείων
2967 5145 3062 5198 καὶ
3119 5142 3324 5216 ἄμυναν
3371 5149 3478 5199 τῶν
3510 5144 3796 5220 πολεμίων

371 5226 497 5283 acie
527 5225 902 5297 proﬂigavit;
937 5231 995 5280 et
1049 5227 1111 5280 in
1163 5227 1366 5282 hostili
1412 5245 1550 5301 agro
1578 5231 1807 5303 majore
1841 5249 2022 5304 quam

2158 5238 2493 5312 [ρησάμενος
2559 5237 2655 5300 τὰς
2733 5233 2990 5310 δυνάμεις

3085 5239 3407 5312 συνήθροισε
3472 5238 3563 5293 καὶ
3658 5246 3792 5309 νῆας

2127 5325 2561 5400 ταχυναντούσας
2621 5327 2911 5399 ἡτοίμασε,
2972 5325 3060 5380 καὶ
3118 5325 3316 5388 ταύτας
3346 5323 3400 5388 ἐς
3427 5327 3518 5381 τὸν
3573 5333 3786 5404 Ἵστρον

2127 5411 2217 5468 διὰ
2279 5420 2376 5469 τοῦ
2438 5417 2639 5471 Πόντου
2707 5414 3115 5476 κατακολπίσας
3200 5413 3419 5490 ὑδραῖος
3485 5416 3626 5488 ὁμοῦ
3697 5416 3787 5473 καὶ

2125 5509 2384 5578 χερσαῖος
2435 5511 2552 5568 τοῖς
2601 5503 2926 5568 ἀντιπάλοις
2981 5503 3282 5582 ἐφίσταται.
3333 5501 3574 5558 Διελθὼν
3608 5502 3666 5560 δὲ
3689 5507 3782 5561 τὸν

2115 5591 2368 5663 ποταμὸν
2433 5591 2569 5665 μετά
2627 5597 2726 5662 τῆς
2797 5587 3162 5666 στρατηγίδος
3227 5592 3506 5666 τριήρους,
3557 5593 3780 5646 καὶτὸν

2108 5679 2338 5752 στρατὸν
2399 5680 2880 5751 καταστησάμανος
2943 5677 2996 5740 ἐς
3061 5677 3124 5730 τὸ
3203 5677 3385 5752 πέραν,
3453 5678 3779 5755 ἱππομαχίᾳ
