4150 6292
417 297 535 356 343
1723 294 2040 357 NICETE
2081 297 2498 362 CHONIATJE
3706 303 3826 366 344

413 434 515 498 τῆς
543 429 895 502 Θεομήτορος
943 425 1128 482 εἰκόνα
1183 427 1362 498 τούτῳ
1414 421 1812 496 ἐπανεϐίϐαοεν,
1881 425 1961 502 ἐφ’
2027 425 2062 500 ᾗ
2131 427 2221 482 καὶ
2281 430 2347 498 ἦν
2413 435 2666 506 γεγηθὼς
2731 436 2820 490 καὶ
2885 437 2984 505 τὴν
3048 436 3235 510 ψυχὴν
3303 434 3569 491 ἐκλείπων
3637 435 3828 506 αὐτὴν,

416 519 504 573 καὶ
555 517 649 578 τὰς
706 517 858 578 νίκας
934 517 1008 578 ὡς
1068 513 1513 592 συστρατηγέτιδι
1573 517 1778 590 ἀμάχῳ
1833 516 2290 592 ἐπιγραφόμενος,
2348 521 2437 574 καὶ
2497 519 2625 585 δοὺς
2679 521 2826 599 ἄγειν
2885 525 2952 578 τὰ
3015 523 3220 598 χαλινᾶ
3273 523 3401 586 τοὺς
3458 525 3586 600 παρ’
3645 523 3830 597 ἐκείνῳ

419 604 749 680 δυναμένους
813 604 878 660 τά
948 604 1191 678 μέγιστα,
1255 606 1342 660 καὶ
1433 611 1553 666 τοῖς
1641 604 1700 659 ἐκ
1802 603 1991 680 γὲνοὺς
2085 604 2387 682 ἐγγίζουσιν
2488 611 2912 683 ἀμφιπονεῖσθαι
2977 614 3038 668 τὸ
3099 614 3245 688 ἅρμα
3312 609 3518 682 ἐνδοὺς,
3586 620 3830 688 προῆγεν

419 695 578 756 αὐτὸς
606 694 889 768 σταυρικὸν
923 699 1154 767 σημεῖον
1186 694 1566 768 χειριζόμενος
1593 693 1683 748 καὶ
1731 694 1859 748 ποσὶ
1891 695 1988 763 τήν
2045 694 2267 768 πορείαν
2326 701 2684 772 ποιούμενοςο
2744 702 2834 758 καὶ
2889 702 2982 757 τὸν
3028 704 3091 756 ’sx
3127 708 3226 770 τῆς
3282 705 3378 756 τοῦ
3437 705 3572 756 Θεοῦ
3632 704 3832 781 Σοφίας

419 780 914 854 παρωνυμοόμενον
943 782 1066 836 ναὸν
1086 781 1292 851 εἰσιὼν,
1325 782 1413 836 καὶ
1469 784 1570 852 τήν
1612 781 1700 836 ἐπὶ
1731 788 1852 844 τοῖς
1911 783 2371 856 κατωρθωμένοις
2420 787 2860 865 ἀνθομολὸγησιν
2886 792 3176 865 Κυρίῳτῷ
3235 793 3352 861 Θεῷ
3408 789 3706 864 ἀπονείμας
3723 780 3828 846 τοῦ

418 871 529 926 λεὼ
559 871 754 934 παντὸς
793 870 1057 940 ἐπώπιον,
1117 877 1195 944 τῷ
1242 871 1450 946 ἀρχείῳ
1510 871 1684 933 οὕτως
1716 866 2044 945 παρέϐαλεν.

490 964 585 1018 27
627 965 714 1019 νι.
747 963 891 1018 Cum
913 980 1033 1018 non
1055 963 1277 1018 diutius
1299 963 1508 1019 fuisset
1528 963 1689 1018 domi
1713 980 1891 1033 quam
1921 969 1988 1017 ut
2009 968 2067 1018 et

2261 967 2320 1034 ζ’.
2355 967 2426 1022 Οὐ
2457 969 2672 1025 πολλοῦ
2701 967 2757 1026 δὲ
2787 968 3140 1034 διαλιπόντος
3169 975 3384 1046 καιροῦ,
3415 969 3541 1026 ἀλλ’
3573 971 3711 1026 ὥστε
3736 973 3827 1026 καὶ

419 1051 546 1122 ipse
579 1067 613 1104 a
643 1051 895 1106 subditis
928 1059 1274 1106 cerneretur
1297 1058 1354 1106 et
1374 1052 1622 1106 theatris
1653 1051 2069 1120 oblectaretur,

422 1143 480 1190 et
510 1137 731 1192 milites
763 1145 898 1210 post
946 1138 1289 1194 diuturnam
1341 1139 1617 1194 militiam
1649 1139 1804 1194 lares
1833 1137 2071 1193 tandem

421 1243 560 1281 suos
593 1227 920 1282 salutarent
943 1235 1002 1282 et
1026 1245 1212 1298 equos
1241 1234 1582 1283 recrearent
1613 1233 1673 1282 et
1702 1228 1902 1283 hastas
1934 1244 2069 1280 exa-

421 1323 686 1386 cuerent,
719 1318 913 1374 denuo
973 1325 1180 1374 contra
1237 1319 1650 1374 Castamonem
1691 1319 1892 1373 movit.
1929 1321 2072 1372 Nam

419 1407 832 1462 Tanismanius
864 1409 1334 1472 Persarmenius,
1387 1409 1488 1478 qui
1547 1407 1917 1478 Cappadocia
1950 1413 2074 1461 tum

421 1497 776 1567 potiebatur,
807 1497 1014 1553 urbem
1078 1514 1212 1554 cum
1252 1497 1576 1567 majoribus
1607 1498 1793 1570 copiis
1835 1496 2076 1552 adortus

421 1590 812 1655 expugnarat,
835 1590 894 1640 et
923 1585 1322 1658 praasidiarios
1346 1585 1564 1640 milites
1591 1584 1934 1640 trucidarat.
1960 1585 2070 1639 lm-

421 1674 660 1738 perator
681 1686 750 1725 eo
773 1669 1070 1740 profectus
1094 1670 1545 1725 Tanismanium
1578 1675 1879 1725 mortuum
1911 1669 2077 1723 inve-

421 1759 530 1822 nit,
561 1764 618 1812 et
647 1759 1087 1814 Muchumetum
1119 1758 1437 1830 quemdam
1486 1758 1618 1814 urbi
1669 1775 1948 1830 praeesse,
1981 1744 2074 1814 cui

422 1862 558 1900 eum
589 1846 772 1900 Iconii
821 1848 1071 1918 prmside
1127 1849 1350 1902 Masuto
1382 1847 1712 1902 inimicitia;
1744 1847 2074 1902 intercede-

421 1935 584 1990 bant.
607 1935 808 2006 ltaque
825 1936 912 1990 rei
930 1953 1052 1991 sua;
1073 1935 1444 1992 stabiliendae
1468 1937 1843 1992 occasionem
1867 1941 2078 1991 nactus

426 2040 561 2078 eum
596 2025 818 2079 Masnto
849 2041 1057 2094 pacem
1088 2026 1634 2096 fecit,acceptisque
1655 2025 1727 2080 ab
1751 2042 1819 2079 eo
1843 2024 2078 2080 auxiliis

427 2111 870 2167 Muchumetum
901 2114 1146 2168 invadit.
1179 2115 1286 2178 Qui
1338 2131 1472 2168 eum
1504 2130 1566 2168 se
1599 2114 1828 2168 duobus
1855 2114 2080 2168 exerci—

429 2201 587 2257 tibus
617 2201 907 2274 imparem
960 2203 1085 2258 fore
1141 2208 1430 2269 cerneret,
1491 2219 1626 2258 cum
1672 2202 1944 2274 populari
1973 2219 2079 2258 suo

430 2291 652 2345 Masuto
681 2291 752 2346 de
812 2291 1292 2348 reconciliatione
1351 2292 1487 2363 agit,
1523 2307 1774 2362 eamque
1802 2292 2082 2362 impetrat

432 2395 569 2433 cum
598 2379 732 2434 aliis
760 2380 1248 2449 rationibus,tum
1280 2398 1350 2436 ea
1379 2381 1754 2451 potissimum
1786 2380 1945 2451 quod
1973 2381 2085 2435 ista

433 2487 569 2525 cum
600 2470 731 2525 aliis
760 2471 1113 2537 rationibus,
1139 2477 1261 2526 tum
1285 2488 1354 2526 ea
1377 2471 1752 2542 potissimum
1785 2471 1942 2542 quod
1974 2472 2084 2526 ista

433 2557 507 2612 ad
537 2559 834 2615 Romanos
863 2560 1192 2615 defectione
1251 2576 1377 2614 rem
1427 2560 1724 2616 Persicam
1754 2560 2083 2616 afﬂicturus

433 2653 602 2715 esset,
637 2649 753 2702 nisi
786 2650 846 2703 in
876 2650 1125 2722 gratiam
1150 2649 1433 2705 redirent.
1468 2649 1552 2705 Ita
1583 2651 1806 2705 Masuto
1838 2667 2083 2722 persua-

429 2738 530 2793 det
559 2745 625 2794 ut
653 2740 933 2795 societate
956 2741 1334 2812 imperatoris
1356 2739 1668 2810 repudiata
1698 2756 1900 2795 secum
1932 2741 2083 2794 face-

428 2834 538 2884 ret.
571 2830 694 2894 Quo
725 2830 900 2900 paulo
932 2837 1066 2900 post
1094 2831 1270 2898 facto,
1306 2831 1525 2886 sultani
1565 2829 1799 2885 auxiliis
1830 2831 2080 2884 Persicis

427 2924 605 2972 noctu
635 2917 937 2989 digressis,
970 2936 1181 2990 parum
1227 2920 1514 2974 successit
1566 2919 1844 2974 Romanis
1875 2935 1945 2972 ea
1979 2917 2076 2974 28

428 3006 744 3076 expeditio.
778 3008 996 3062 Castris
1027 3008 1208 3079 igitur
1237 3009 1299 3061 in
1351 3008 1408 3062 id
1441 3007 1726 3078 oppidum
1775 3007 2078 3062 translatis

427 3095 586 3164 quod
617 3094 742 3164 ipse
788 3096 862 3149 ad
907 3095 1293 3165 Bhyndacum
1333 3096 1577 3150 ﬂuvium
1609 3100 1922 3162 struxerat,
1955 3097 2075 3150 Mu-

426 3182 771 3236 chumctum
804 3184 1029 3253 majore
1063 3184 1288 3254 impetu
1321 3184 1586 3252 adortus,
1611 3184 1962 3238 Castamone
1993 3201 2080 3238 re-

424 3273 726 3338 cuperata,
769 3286 844 3323 ne
902 3271 1131 3342 Gangra
1187 3271 1430 3341 quidem
1489 3271 1794 3334 abstinuit,
1854 3287 1976 3326 una
2007 3288 2077 3325 ex

427 3356 702 3411 maximis
734 3363 792 3412 et
820 3358 1241 3413 illustrissimis
1278 3359 1452 3414 Ponti
1494 3359 1758 3427 urbibus,
1793 3375 1924 3430 quaa
1955 3377 2078 3415 non

427 3445 511 3500 ita
541 3445 770 3516 pridem
801 3463 836 3502 a
866 3448 1058 3504 Persis
1091 3449 1334 3504 subacta
1361 3449 1574 3504 fuerat.
1609 3447 1694 3502 Ibi
1727 3465 1862 3504 cum
1910 3465 2076 3504 more

429 3531 569 3587 belli
601 3533 940 3591 suburbana
984 3537 1184 3591 omnia
1235 3536 1580 3607 subegisset,
1633 3537 1824 3608 ipsam
1867 3537 2077 3592 urbem

425 3623 705 3694 operibus
732 3625 934 3690 cinxit,
961 3643 1094 3680 cum
1126 3632 1321 3682 autem
1350 3628 1544 3681 Persae
1577 3627 1679 3698 qui
1703 3628 1862 3682 intus
1886 3632 2074 3694 erant,

424 3711 559 3767 elati
589 3713 1175 3786 animis,imperatori
1200 3715 1362 3770 urbis
1387 3715 1550 3770 aditu
1583 3733 1665 3770 nu
1698 3716 1773 3771 da
1799 3717 2072 3788 pactione

420 3799 721 3872 cederent,
754 3803 971 3859 milites
994 3819 1124 3859 eam
1146 3820 1368 3859 corona
1392 3804 1764 3860 circumdant
1788 3821 1802 3872 ;
1835 3806 2072 3874 muenia,

421 3905 540 3962 qua
603 3893 930 3964 oppugnari
1001 3898 1297 3964 poterant,
1347 3893 1633 3948 arietibus
1696 3896 2076 3948 continenter

419 3981 798 4050 percutiunt;
829 3981 933 4036 sed
982 3999 1116 4038 cum
1149 3998 1217 4037 ea
1263 3999 1325 4038 re
1360 3983 1433 4037 ob
1487 3984 2072 4055 propugnaculorum

418 4069 600 4123 robur
629 4075 688 4124 et
743 4071 1002 4124 hostium
1065 4071 1456 4142 pertinaciam
1515 4089 1724 4143 parum
1758 4072 2074 4143 proficeret

419 4157 764 4226 imperator,
797 4159 1032 4213 omissis
1062 4161 1373 4228 moenibus,
1408 4177 1548 4216 saxa
1576 4161 1636 4215 in
1667 4161 1847 4227 aedes,
1881 4177 2012 4231 quas
2041 4178 2070 4216 ο

419 4245 672 4299 collibus
728 4247 788 4298 in
829 4247 1044 4316 quibus
1075 4252 1270 4302 castra
1299 4254 1472 4302 erant
1527 4249 2068 4320 conspiciebantur,

411 4330 668 4402 jaculari
699 4332 976 4388 instituit.
1033 4333 1140 4398 Qui
1200 4334 1380 4406 igitur
1429 4336 1722 4391 machinis
1752 4343 2068 4408 praeerant,

420 4419 647 4491 lapides
673 4421 957 4477 rotundos
988 4428 1044 4477 et
1074 4423 1228 4478 leves
1249 4424 1322 4478 ob
1354 4431 1654 4495 patentem
1688 4432 2070 4495 prospectum

420 4525 596 4580 quam
652 4510 996 4583 longissime
1053 4512 1437 4582 ejaculantes,
1471 4518 1535 4567 ut
1585 4513 1848 4579 volitare,
1885 4531 2004 4569 non
2038 4533 2068 4571 e

419 4599 710 4655 machinis
755 4601 947 4656 excuti
1005 4601 1364 4669 viderentur,
1426 4600 1633 4655 domos
1665 4601 2057 4671 quassabant;

418 4705 547 4758 quse
573 4689 744 4744 tectis
774 4689 1092 4746 confractis
1122 4695 1432 4762 prostratae
1475 4688 1836 4744 habitatores
1868 4691 2070 4762 oppri-

419 4777 677 4831 mebant.
711 4779 796 4832 Ita
826 4795 1019 4848 neque
1050 4796 1156 4850 per
1183 4779 1343 4834 vicos
1386 4778 1638 4833 transire
1692 4785 1885 4834 tutum
1917 4786 2065 4848 erat,

419 4869 477 4918 et
505 4864 664 4918 domi
697 4883 757 4919 se
790 4867 1094 4922 continere
1127 4868 1541 4938 periculosius.
1574 4868 1674 4922 His
1702 4869 1800 4924 29
1825 4869 1896 4923 de
1929 4885 2062 4923 cau-

417 4952 497 5006 sis
525 4951 705 5022 igitur
734 4952 1060 5009 obsidionis
1092 4958 1328 5026 pertmsi
1360 4957 1610 5021 cives,ac
1644 4958 1732 5012 vel
1766 4958 1827 5012 in
1857 4958 2068 5028 primis

2182 1055 2338 1110 αὐτὸν
2372 1055 2671 1136 ἐποφθῆναι
2715 1066 2830 1123 τοῖς
2864 1061 3126 1131 ὑπηκόοις
3183 1061 3273 1115 καὶ
3331 1061 3578 1136 θεάτροις
3629 1058 3830 1136 διαχο-

2182 1145 2360 1216 θῆναι,
2393 1153 2707 1222 προσειπεῖν
2767 1147 2825 1204 δὲ
2887 1151 2978 1204 καὶ
3034 1151 3126 1204 τὸν
3175 1150 3515 1224 στρατιώτην
3573 1151 3641 1204 τά
3683 1148 3829 1204 οἷ’κοι

2183 1236 2407 1308 χρὸνίον
2435 1237 2523 1290 καὶ
2561 1235 2910 1293 διαναπαῦσαι
2943 1239 3034 1294 τὸν
3081 1236 3254 1294 *ίππδν
3312 1239 3401 1293 καὶ
3460 1239 3558 1307 τήν
3610 1238 3828 1314 λόγχην

2183 1323 2518 1396 ἀκέσασθαι,
2603 1328 2756 1392 αὖθις
2836 1328 2972 1383 κατά
3037 1328 3385 1400 Κασταμόνος
3467 1326 3824 1403 ἐστράτευσεν.

2185 1417 2247 1471 '0
2267 1415 2368 1490 γὰρ
2411 1417 2505 1470 τὸν
2557 1417 2744 1490 καιρὸν
2805 1415 3006 1472 ἐκεῖνον
3051 1425 3152 1486 τῆς
3206 1414 3584 1474 Καππαδοκῶν
3641 1419 3829 1492 χώρας

2183 1507 2397 1575 κρατῶν
2459 1504 2857 1580 Περσαρμένιος
2906 1507 3232 1580 Ταῖσμάνιος
3298 1508 3414 1580 μεθ’
3469 1506 3663 1581 ἰσχύος
3710 1507 3832 1580 μεί-

2189 1597 2342 1660 ζονος
2374 1591 2540 1648 ἓπιὼν
2589 1595 2930 1671 τειχομαχίᾳ
2979 1597 3079 1664 τὴν
3133 1595 3296 1651 πόλιν
3329 1595 3442 1650 εἷλε
3463 1595 3553 1650 καί
3582 1594 3662 1668 τῷ
3691 1597 3823 1674 ξίφει

2184 1681 2320 1734 κατά
2380 1683 2462 1754 [Ρ.
2529 1685 2616 1756 14]
2671 1689 2781 1738 τῶν
2835 1683 3092 1762 φυλάκων
3151 1683 3440 1756 Ῥωμαίων
3501 1681 3819 1758 ἐχώρησεν.

2185 1769 2245 1825 Ὁ
2308 1770 2562 1844 βασιλεὺς
2611 1772 2788 1827 τοίνυν
2866 1773 3033 1835 ἐκεῖςε
3098 1773 3528 1847 παραγενόμενος
3586 1773 3677 1828 τὸν
3736 1773 3828 1846 μὶν

2185 1859 2513 1932 Ταϊσμάνιον
2562 1859 2614 1930 ἐξ
2697 1861 2993 1935 ἀνθρώπων
3051 1861 3172 1936 εῦρε
3229 1862 3622 1938 γεγενημένον,
3675 1864 3832 1919 Μου-

2187 1947 2398 2021 χούμετ
2433 1947 2492 2002 δέ
2520 1969 2642 2004 τινα
2695 1952 2791 2019 νήν
2852 1948 3178 2024 Κασταμόνα
3232 1949 3506 2023 διέποντα,
3566 1947 3829 2025 διάφορον

2186 2040 2264 2107 τῷ
2293 2040 2392 2106 τῆς
2427 2041 2654 2096 Ἰκονίου
2696 2040 2913 2104 πόλεως
2969 2043 3211 2120 ἀρχηγῷ
3267 2039 3505 2100 Μασοῦτ-
3553 2041 3833 2119 Συμφόρῳ

2187 2139 2316 2208 γοῦν
2347 2141 2427 2208 τῷ
2454 2143 2629 2210 καιρῷ
2658 2139 2795 2209 πρὸς
2836 2139 3083 2213 σύναρσιν
3142 2143 3248 2192 τῶν
3306 2139 3424 2202 καθ’
3484 2137 3643 2192 αὐτὸν
3694 2158 3836 2210 πρα-

2189 2245 2416 2298 γμάτων
2446 2227 2473 2281 ὁ
2509 2225 2766 2302 βασιλεὺς
2799 2229 3092 2303 χρώμενος
3139 2224 3420 2283 σπένδεται
3467 2231 3544 2296 τῷ
3593 2225 3834 2296 Μασοὺτ,

2114 2333 2159 2398 Β
2189 2313 2275 2367 καὶ
2311 2314 2633 2389 συμμαχίαν
2682 2314 2929 2393 εἰληφὼς
2982 2315 3180 2379 ἐκεῖθεν
3236 2310 3410 2370 ἔπεισι
3463 2313 3542 2386 τῷ
3575 2315 3834 2388 Μουχού-

2194 2424 2292 2477 μετ
2327 2445 2340 2460 .
2402 2409 2462 2460 Ὁ
2521 2402 2578 2460 δὲ
2624 2406 2760 2480 πρὸς
2819 2405 3166 2480 ἀμφίστομον
3249 2407 3557 2479 στράτευμα
3641 2402 3830 2457 οὔκουν

2189 2493 2378 2548 ἑαυτὸν
2433 2491 2592 2554 εἰδὼς
2642 2494 2946 2570 ἀξιόμαχον
3008 2496 3189 2549 ὕπεισι
3245 2495 3336 2548 τὸν
3395 2491 3672 2571 ὁμόφυλον
3714 2497 3825 2546 Μα-

2189 2580 2338 2650 σοὺτ,
2369 2584 2458 2637 καὶ
2487 2582 2790 2645 καταλόσας
2843 2584 2942 2652 τήν
2985 2577 3185 2659 ἔχθραν
3244 2580 3440 2646 ἄλλοις
3485 2602 3544 2636 τε
3598 2577 3832 2644 πολλοῖς

2189 2669 2271 2731 οἷς
2302 2669 2490 2744 ἐκείνῳ
2520 2669 2610 2727 διὰ
2665 2673 3008 2747 γραμμάτων
3067 2672 3350 2744 ἐσήμανεν,
3409 2669 3556 2726 ἀλλά
3618 2667 3684 2739 δὴ
3743 2668 3833 2724 καὶ

2187 2767 2264 2834 τῷ
2321 2763 2492 2819 εἰπεῖν
2547 2765 2621 2827 ὡς
2678 2764 2967 2840 προσρυεὶς
3011 2769 3091 2832 τῷ
3152 2762 3370 2839 βασιλεῖ
3424 2761 3735 2835 Ῥωμαίων,
3787 2759 3832 2814 εἷ

2190 2854 2266 2926 μή
2297 2853 2688 2929 καταλλαγεῖεν
2738 2855 2915 2924 αὐτοὶ,
2946 2859 3128 2916 κακῶς
3161 2853 3403 2918 διάθοιτο
3459 2853 3526 2907 τὰ
3583 2856 3826 2926 Περσῶν,

2185 2952 2356 3006 πείθει
2411 2953 2502 3007 τὸν
2564 2955 2795 3010 Ἰκονιὲα
2846 2955 3065 3009 Μασοὺτ
3119 2952 3454 3026 ἀποσχέσθαι
3517 2952 3610 3024 μὲν
3675 2951 3830 3024 βασιο

2187 3039 2348 3108 λέως,
2381 3041 2563 3114 ἐκείνῳ
2616 3039 2672 3096 δὲ
2721 3041 3022 3118 προσρέψαι
3079 3043 3170 3096 xui
3239 3039 3399 3095 λῦσαι
3455 3039 3554 3107 τὴν
3615 3059 3836 3112 συμμα-

2188 3130 2418 3203 μαχίαν.
2472 3129 2552 3186 Οῦ
2609 3132 2741 3203 μετὰ
2814 3133 2992 3207 βραχὺ
3071 3125 3396 3203 συμϐάντος,
3473 3127 3564 3184 xui
3636 3128 3828 3188 νυκτὸς

2185 3217 2496 3293 οἱχομένων
2561 3224 2668 3274 τῶν
2717 3219 2796 3293 τῷ
2856 3221 3072 3296 βασιλεῖ
3126 3219 3272 3294 παρά
3312 3222 3409 3274 τοῦ
3451 3217 3683 3274 σουλτάν
3738 3216 3828 3271 Ex.

2182 3309 2537 3387 πεμφθέντων
2599 3308 2898 3384 ἐπικούρων
2959 3313 3201 3384 Περσῶν,
3278 3307 3379 3362 οὐκ
3450 3304 3610 3362 εὔοδα
3657 3305 3720 3360 τὸ
3773 3304 3832 3359 ἐκ

2182 3394 2342 3452 τοῦδε
2426 3397 2723 3471 Ῥωμαίοις
2792 3399 2856 3454 τά
2923 3403 3021 3468 τῆς
3107 3400 3474 3472 προκειμένης
3552 3394 3832 3469 στρατείας

2181 3487 2454 3564 γεγόνασιν
2491 3531 2503 3544 .
2575 3489 2734 3552 ’Όθεν
2794 3488 3208 3568 ἀναχασάμενος
3293 3485 3490 3541 ἐκεῖθεν
3545 3485 3634 3539 xui
3691 3483 3824 3537 κατά

2181 3577 2244 3631 τὸ
2301 3575 2550 3649 πόλισμα
2607 3575 3204 3652 στρατοπεδευσάμενος
3259 3576 3289 3629 ’ὀ
3347 3574 3470 3646 περὶ
3525 3574 3616 3629 τὸν
3672 3575 3826 3629 Ῥυν-

2105 3684 2148 3750 C
2185 3662 2346 3720 δακὸν
2378 3667 2623 3740 ποταμὸν
2685 3667 2846 3728 αὐτὸς
2903 3663 3175 3740 ἐδείματο,
3220 3665 3284 3720 αὖ
3317 3663 3482 3719 πάλιν
3536 3669 3634 3732 τῆς
3691 3660 3825 3715 κατά

2182 3759 2278 3809 τοῦ
2327 3755 2659 3829 Ἀίουχοῦμετ
2710 3755 3068 3828 ἀκμαιότερον
3118 3758 3324 3828 ἣψατο,
3380 3753 3470 3808 καὶ
3527 3751 3824 3822 Ῥωμαίοις

2182 3842 2662 3917 ἐπανασωσάμενος
2749 3843 3074 3916 Ιίασταμὸνα
3159 3841 3282 3897 οὐδὲ
3374 3849 3473 3910 τῆς
3585 3841 3822 3914 Γάγγρας

2179 3942 2467 4017 ἀπέσχετο.
2523 3943 2638 3999 Μία
2696 3940 2752 3998 δέ
2805 3941 2945 3997 ἐστιν
3013 3940 3148 4012 αὕτη
3207 3946 3314 3997 τῶν
3372 3944 3679 4017 περιφανῐιν
3734 3935 3824 3992 καί

2183 4034 2453 4104 μεγίστων
2507 4035 2782 4087 Ηοντικῶν
2841 4030 3078 4102 πόλεων,
3131 4032 3284 4086 οὕπω
3341 4031 3534 4104 πρώην
3594 4027 3819 4102 Πέρσαις

2177 4121 2620 4194 καθυποκύψασα.
2678 4120 2859 4195 Ταύτῃ
2945 4141 3030 4176 τοι
3088 4121 3178 4175 καὶ
3253 4121 3408 4192 νόμῳ
3467 4116 3717 4189 πολέμου
3755 4115 3820 4169 τὰ

2177 4210 2300 4283 περὶ
2353 4211 2451 4278 τὴν
2538 4208 2703 4265 πόλιν
2786 4211 2988 4280 ταύτην
3059 4210 3476 4284 ὑπαγαγόμενος
3529 4209 3818 4281 πρότερον,

2177 4297 2362 4354 ἔπειτα
2385 4297 2466 4354 ἐπ’
2500 4300 2666 4368 αὐτὴν
2717 4301 2931 4378 χάρακα
2988 4294 3169 4355 ἔϐαλε.
3229 4301 3338 4354 Τοῦ
3395 4294 3442 4350 δ’
3493 4295 3638 4356 ἐντὸς
3696 4301 3822 4363 Περ-

2177 4393 2330 4443 σικοῦ
2362 4386 2530 4460 μηδὲν
2593 4390 2808 4462 μέτριον
2861 4393 3187 4466 φρονοῦντος
3244 4388 3278 4458 ἢ
3333 4387 3452 4440 καθ’
3509 4383 3817 4459 ὁμολογίαν

2175 4507 2232 4541 τε
2261 4487 2350 4540 xui
2383 4484 2616 4548 σπονδάς
2672 4492 2752 4558 τῷ
2801 4484 3018 4560 βασιλεῖ
3075 4489 3490 4562 συγχωροῦντος
3549 4484 3646 4550 τήν
3708 4481 3818 4537 εἷ’σο

2174 4574 2322 4646 οδον,
2351 4578 2414 4631 τὸ
2444 4582 2634 4652 τεῖχος
2665 4577 2693 4630 ὁ
2723 4576 2951 4649 στρατὸς
3006 4571 3354 4651 περιϐάλλει,
3405 4575 3521 4629 εἶτα
3553 4593 3816 4648 τειχομα-

2172 4667 2321 4742 χίαις
2371 4667 2738 4741 χρησάμενος,
2799 4665 2938 4738 ἢπερ
2997 4665 3066 4733 ἦν
3125 4663 3402 4738 ἐπίμαχος
3435 4663 3462 4718 ὀ
3495 4658 3816 4736 περίϐολος,

2173 4769 2416 4842 συνεχῶς
2447 4759 2636 4818 ἔτυπτε
2693 4768 2904 4820 τοῦτον.
2968 4764 3062 4832 Μὴ
3115 4766 3549 4840 προχωροῦντος
3610 4759 3666 4815 δὲ
3721 4764 3818 4815 τοῦ

2172 4852 2333 4928 ἔργου
2365 4851 2454 4906 διά
2481 4854 2578 4921 τὴν
2624 4857 2731 4907 τῶν
2791 4849 3065 4922 ἐπάλξεων
3105 4851 3419 4926 ὀχυρότητα
3473 4849 3565 4904 καὶ
3609 4849 3672 4904 τὸ
3729 4848 3818 4904 ἐπὶ

2169 4943 2312 4997 πολὺ
2362 4939 2613 5012 ἔκθῦμως
2663 4942 2934 5014 μάχεσθαι
2991 4939 3120 5001 τοὺς
3181 4940 3412 5006 ἐνοντας,
3469 4937 3693 5013 βάλλειν
3750 4939 3819 4992 τά

416 5039 767 5095 Tanismanii
825 5041 990 5096 obitu
1048 5045 1289 5117 Gangraa
1347 5047 1640 5116 praesidiis
1671 5047 2057 5114 consternati,

2178 5031 2326 5104 τείχη
2386 5030 2573 5104 παρεὶς
2632 5031 2769 5083 κατά
2813 5034 2922 5083 τῶν
2979 5028 3169 5083 οἰκιῶν
3227 5029 3448 5104 ἐγνώκει
3501 5024 3814 5103 διασφενδιμ

415 5127 764 5199 semetipsos
795 5135 852 5182 et
901 5130 1109 5185 urbem
1159 5133 1500 5203 imperatori
1548 5135 1922 5189 dediderunt.
1957 5135 2063 5199 Qui

416 5216 736 5288 ingressus,
790 5217 1110 5288 multisque
1168 5223 1360 5276 Persis
1420 5223 1710 5290 abductis,
1747 5231 1805 5277 et
1835 5223 2066 5278 duobus

415 5304 678 5361 millibus
709 5307 1108 5361 Romanorum
1135 5309 1192 5362 in
1206 5309 1352 5363 urbe
1375 5311 1702 5377 collocatis,
1725 5312 2064 5382 Byzantium

416 5394 748 5450 revertitur.
783 5394 894 5448 Sed
915 5411 1024 5449 nec
1048 5395 1199 5450 hanc
1223 5396 1428 5451 urbem
1454 5401 1701 5454 Romani
1725 5401 1826 5454 diu
1859 5405 2065 5454 tenue-

416 5487 590 5548 runt;
624 5499 762 5537 nam
824 5485 1014 5537 Persw
1055 5485 1226 5556 longe
1261 5486 1584 5555 majoribus
1635 5492 1692 5541 et
1723 5488 2065 5542 fortioribus

419 5570 603 5644 copiis
634 5571 848 5626 reversi
881 5589 1010 5626 eam
1043 5579 1101 5626 et
1131 5573 1408 5643 Operibus
1429 5580 1488 5627 et
1509 5574 1662 5628 fame
1685 5575 2064 5642 domuerunt,

419 5662 775 5733 imperatore
795 5661 928 5716 aliis
944 5661 1121 5718 rebus
1141 5662 1416 5736 gravibus
1432 5670 1717 5734 occupato
1737 5671 1794 5718 et
1813 5665 2064 5730 intento,

2176 5124 2268 5190 νᾷν
2323 5117 2451 5180 τοὺς
2511 5115 2698 5180 λίθους
2738 5161 2750 5184 ,
2806 5117 3256 5191 προφαινομένων
3337 5117 3396 5172 ἐκ
3451 5121 3558 5171 τῶν
3620 5115 3812 5186 ἔξωθεν

2173 5207 2430 5262 κολωνὼν
2491 5207 2570 5284 ἐφ’
2627 5205 2700 5259 ὧν
2744 5209 3012 5278 Ῥωμαῖοι
3073 5205 3710 5281 κατεστρατοπεδεύοντο.
3753 5206 3816 5258 Οἱ

2178 5329 2270 5380 μεν
2327 5306 2418 5360 οὗν
2459 5304 2545 5358 ἐπὶ
2597 5308 2704 5357 τῶν
2757 5309 3018 5378 μηχανῶν
3078 5304 3267 5369 λίθους
3327 5305 3668 5382 στργγῦλους
3729 5307 3818 5360 καὶ

2173 5395 2407 5471 κούφους
2441 5391 2529 5448 διὰ
2585 5393 2644 5447 τὸ
2693 5392 3014 5446 εὐσύνοπτον
3069 5392 3121 5454 ἐς
3176 5398 3259 5448 ὅτι
3303 5393 3640 5469 πορξιυτάτω
3699 5393 3820 5450 δια-

2175 5483 2400 5556 φιὲντες,
2448 5482 2524 5544 ὡς
2588 5479 2764 5535 δοκεῖν
2825 5481 3082 5536 ἳπτασθαι
3131 5483 3381 5549 τούτους,
3444 5483 3504 5537 οὐ
3567 5487 3673 5555 μὴν
3712 5486 3818 5540 ἀπὸ

2177 5575 2597 5647 μηχανημάτων
2645 5570 2840 5640 ἳεσθαι,
2889 5569 3014 5631 τοὺς
3073 5569 3280 5646 δόμους
3325 5574 3619 5628 κατέσειον·
3681 5578 3736 5630 οἱ
3772 5575 3820 5631 δ’

2175 5660 2261 5715 ἐπὶ
2316 5661 2446 5734 γόνυ
2494 5658 2810 5732 κλινόμενοι
2867 5657 2956 5712 καὶ
3003 5659 3132 5724 τοὺς
3179 5660 3411 5738 ὀρόφους
3461 5658 3816 5736 διαλυόμενοι
