4150 6292
420 338 538 396 345

1940 319 2309 381 HISTORIA
2322 362 2334 377 .

3729 291 3851 354 346

430 466 493 520 τὸ
552 461 781 517 ἐνοικοῦν
846 458 1073 528 πλῆθος
1129 455 1391 525 ἔκτεινον,
1452 458 1527 519 ὡς
1584 455 1843 518 ἐντεῦθεν
1883 455 2015 507 εἶναι
2073 450 2162 505 καὶ
2221 450 2319 517 τήν
2377 446 2430 501 ἐν
2487 451 2607 507 ταῖς
2666 438 2934 519 ἀμφόδοις
2994 432 3268 513 ἐπισφαλῆ
3346 425 3587 528 πάροδον
3643 425 3732 478 καὶ
3782 424 3850 528 πὸ

443 510 493 520 ,ν
553 510 773 517 -.υ-----
853 510 1071 528 "wn.--
1377 510 1391 525 ,
1480 510 1527 519 κ.
1743 510 1763 518 -
2278 510 2288 517 .
2705 510 2770 519 ..
3135 510 3144 513 -

440 550 588 607 ἓνδον
642 553 820 624 ἡσυχῆ
879 554 1155 617 καθῆσθαι
1210 546 1387 616 πάντη
1447 545 1780 623 ἀσύμφορον.
1844 543 1943 597 Διὰ
1996 545 2162 595 ταῦτα
2225 538 2407 592 τοίνυν
2463 536 2552 590 καὶ
2609 535 2707 603 τὴν
2789 534 2885 585 τοῦ
2968 524 3238 624 βασιλέως
3314 514 3707 624 προσεδριανζνυ
3743 510 3850 590 οὐχ

441 642 626 710 ἥκιστα
680 636 735 692 δὲ
789 638 894 708 τὴν
964 637 1055 690 ἐπὶ
1120 634 1352 708 μαλακῷ
1410 634 1622 707 θανάτῳ
1678 632 1731 704 ἐξ
1787 630 2088 707 ἀνθρώπων
2149 627 2398 705 ἀφάνισιν
2456 627 2557 678 τοῦ
2622 624 2721 687 τῆς

448 692 623 710 “⁸’“’“⁷⁷⁷
849 692 859 708 ι
1120 692 1131 708 I
1326 692 1336 707 ο
1416 692 1434 699 ν
1594 692 1605 707 ι
1712 692 1731 704 ν
1864 692 1900 707 νι
2197 692 2208 705 ι
3777 692 3803 703 ,-

436 730 566 797 νίου,
600 726 821 788 ἑαυτοὺς
849 726 943 781 καὶ
973 726 1075 794 τὴν
1117 722 1280 779 πόλιν
1340 728 1420 795 τῷ
1480 721 1838 797 αὐτοκράτορι
1896 715 2252 796 ἐνεχείρισαν.
2310 714 2372 769 Ὀ
2427 710 2484 766 δὲ
2539 709 2706 779 αὐτὴν
2762 708 2940 762 εἰσιὼν
2999 704 3088 759 καὶ
3140 699 3202 755 τδ
3260 696 3404 754 πολὺ
3454 697 3561 749 τῶν
3626 694 3844 795 Ηερσῳν

1997 803 2309 878 Ῥωμαίους

430 818 623 874 ἐκεῖθεν
686 816 1008 891 ἀπαγαγὼν,
1089 815 1181 869 καὶ
1265 810 1579 888 δισχιλίους
1673 809 1903 871 ὁπλίτας

2811 619 3051 692 Γάγγρας
3135 611 3549 667 ἐπιστατοῦντος
3602 604 3851 671 Ταῖσμα-

2402 798 2671 876 φρουροὺς
2768 802 2838 871 τῇ
2931 795 3149 870 Γάγγρᾳ
3230 785 3655 876 ἐγκαταστήσας,

430 866 616 874 “’““““”’
690 866 925 891 ’”””Ι“Ἰ’
968 866 1008 884 ’⁷
1093 866 1156 869 “’“
1308 866 1399 888 ⁷⁷ΙΜ
1428 866 1455 867 Π
1564 866 1578 876 ⁷
1890 866 1901 871 ’
2115 866 2125 878 ¹
2417 866 2452 876 ¹’
2547 866 2555 873 ¹
2814 866 2823 871 ⁷
3023 866 3032 870 ’
3062 866 3067 868 ⁷

428 905 823 983 βασιλεύουσαν
877 902 1091 959 εἷ’σεισι.
1154 902 1305 971 Ηλήν
1366 899 1491 956 οὐδὲ
1544 899 1770 968 ταυτηνί
1833 899 1933 966 τήν
1990 893 2154 950 πόλιν
2210 892 2290 968 ἐφ’
2356 889 2547 959 ἡλίοις
2605 890 2639 957 ἡ
2692 884 3099 983 Κωνσταῖτίνου
3185 879 3413 952 μακροῖς
3472 866 3696 983 ἔξλῗξθεν
3759 867 3847 983 6:3,

425 955 593 1064 αὐτὴν
619 992 1009 1068 κληρουμένην
1034 990 1122 1047 καὶ
1153 955 1274 1053 ταῖέ
1304 990 1523 1053 λοιπαῖς
1582 955 1973 1061 ἐνταττομένην
2036 955 2299 1052 ὑπηκόοῖς
2351 955 2593 1034 πόλεσιν·
2631 955 2771 1068 αλλ’
2832 967 3133 1068 ἐπιϐρῖσαν.
3171 969 3233 1022 τὸ
3292 970 3402 1068 [PL
3423 964 3525 1068 ‘15]
3584 955 3847 1068 Περσικὸν

429 1091 620 1160 μεῖζον
680 1088 778 1139 τοῦ
832 1083 1104 1158 προτέρου
1159 1081 1248 1135 καὶ
1310 1081 1429 1136 λίαν
1487 1078 1949 1156 ἐπικρατέστερον,
2007 1073 2096 1127 καὶ
2157 1069 2327 1145 βαλὸν
2390 1069 2627 1147 χάρακα,
2686 1062 2840 1136 λιμῷ
2895 1061 3291 1135 παρεστήσατο,
3347 1051 3540 1112 ἄλλοις
3604 1068 3728 1122 καιρ

3739 1044 3842 1106 ίοις

423 1175 814 1249 ἐπισπωμένου
841 1177 940 1227 τοῦ
976 1170 1242 1246 βασιλέως
1273 1170 1362 1224 καὶ
1395 1170 1610 1231 τούτοις
1639 1170 1730 1224 τὸν
1760 1171 1879 1222 νοῦν
1909 1162 2300 1240 προσέχοντος.

497 1264 572 1318 Τὸ
632 1260 680 1316 δ’

422 1352 680 1426 ἐκήρυξε,
711 1352 801 1405 τὸν
832 1345 1133 1418 Αεὸοὗνης,
1185 1347 1243 1411 ὅς
1284 1346 1572 1423 Ἀρμενίας
1622 1348 1786 1424 ἦρχε,
1846 1342 2076 1417 μετιέναι

421 1450 615 1509 ποθῶν
675 1443 753 1505 ὡς
810 1440 957 1496 ἄλλα
1010 1462 1069 1496 τε
1113 1443 1359 1511 κατήκοα
1416 1438 1708 1513 Ῥωμαίοις
1767 1435 2081 1508 πολίσματα

425 1533 871 1613 χειρωσάμενον,
932 1529 1079 1585 ἀλλά
1136 1527 1202 1597 δὴ
1297 1529 1386 1584 καὶ
1448 1528 1763 1590 Σελευκείας
1830 1522 2079 1595 ἐπιϐῆναι

423 1626 796 1694 πειρώμενον.
858 1617 1156 1696 ’Δγηοχὼς
1212 1617 1394 1672 τοίνυν
1450 1618 1545 1678 τὰς
1603 1617 1764 1680 οὔσας
1832 1612 2081 1688 δυνάμεις

424 1712 521 1768 καὶ
554 1709 762 1769 νεαλεῖς
806 1707 982 1770 ἅλλάς
1028 1708 1217 1768 αὐταῖς
1270 1707 1659 1780 προσθέμενος,
1708 1706 1798 1760 καὶ
1844 1705 1910 1758 τά
1965 1702 2085 1781 ἐφό-

430 1798 522 1855 δια
585 1799 741 1853 ἰκανὰ
798 1799 936 1871 πρὸς
1000 1796 1232 1870 χροκίαν
1290 1793 1556 1869 ἐκδημίαν
1615 1794 1910 1867 ἐνθέμενος,
1968 1799 2084 1853 ταῖς

429 1888 713 1949 Κιλικίαις
776 1883 976 1947 πύλαις
1036 1885 1333 1961 ἐφίσταται·
1418 1884 1507 1939 καὶ
1589 1884 1781 1945 ταύτας
1876 1880 2082 1957 ἀμαχεὶ

427 1977 725 2053 παρελθὼν
786 1971 1024 2044 Ἀδάνης
1084 1970 1275 2047 ἐπέϐη,
1323 1980 1413 2029 καί
1467 1978 1655 2049 κρατεῖ
1701 1978 1800 2039 τῆς
1850 1976 2081 2044 Ταρσοῦ.

428 2068 509 2125 Οὐ
574 2067 745 2140 μέχρι
777 2061 837 2119 δὶ
864 2064 1062 2119 τούτου
1120 2063 1459 2138 περιγράψας
1516 2064 1578 2118 τὸ
1635 2063 1913 2137 πρόθυμον
1960 2061 2084 2134 περὶ

424 2164 530 2225 τῆς
564 2153 706 2225 ὅλης
741 2151 1031 2227 Ἀρμενίας
1059 2149 1459 2226 διαγωνίζεται,
1510 2151 1625 2207 ὅθεν
1674 2158 1751 2221 πῆ
1806 2154 1899 2225 μὲν
1949 2152 2082 2222 ὁμο-

429 2244 595 2319 λογίᾳ
652 2243 1019 2318 χειρούμενος
1069 2241 1136 2296 τὰ
1181 2246 1288 2295 τῶν
1346 2242 1619 2320 φρουρίων
1678 2240 2082 2313 ἐπικαιρότατα,

429 2340 505 2402 πῆ
546 2330 601 2387 δέ
632 2329 722 2386 διὰ
766 2329 958 2405 μάχης
1025 2330 1161 2385 αὐτὰ
1216 2331 1581 2405 ὑπαγόμενος,
1638 2329 1903 2405 ἐγκρατὴς
1943 2329 2084 2383 ἀπα-

430 2444 535 2493 σης
566 2430 663 2492 τῆς
693 2422 880 2497 χώρας
923 2421 1149 2497 γίνεται.
1196 2421 1455 2482 Ἐπιστὰς
1508 2418 1565 2475 δὲ
1609 2421 1702 2474 σὺν
1750 2419 1946 2480 ἄλλοις
1994 2419 2084 2473 καὶ

433 2513 708 2583 ἀποτόμῳ
735 2513 840 2567 τινὶ
885 2510 1116 2585 ἐρύματι
1173 2512 1305 2585 ’ὀπερ
1358 2513 1510 2569 Βακὰ
1566 2511 1911 2583 ὀνομαζεται,
1970 2509 2087 2565 ἐπεῖ

451 2602 530 2672 μὴ
562 2606 742 2673 χεῖρας
771 2598 1089 2675 προῦτεινον
1119 2599 1265 2672 αὖτῷ
1297 2601 1348 2654 οἳ
1382 2599 1528 2662 ἐντὸς
1589 2597 1710 2653 οὔτε
1760 2601 1866 2672 μὴν
1915 2597 2087 2673 "9°6-
2118 2622 2165 2686 Β

450 2689 669 2763 χώρουν
698 2689 768 2749 εἷς
822 2690 1098 2764 εἰρηναίας
1158 2684 1473 2762 ξυμϐάσεις,
1524 2683 1883 2759 διαλαμϐάνει
1920 2688 2080 2742 τοῦτο

453 2776 615 2831 παντὶ
645 2781 722 2848 τῷ
760 2779 1129 2851 στρατεύματι,
1186 2776 1367 2853 βαλὼν
1417 2777 1655 2856 χάρακα,
1711 2781 1785 2851 μὴ
1840 2774 1899 2831 ἄν
1950 2776 2082 2832 ἐκεῖ·

450 2868 542 2920 Θεν
584 2866 776 2939 ἀπᾶραι
824 2867 881 2921 τὸ
935 2868 1187 2942 παράπαν
1249 2867 1689 2942 ἰσχυριζόμενος,
1750 2868 1795 2921 εἰ
1854 2870 1928 2940 μὴ
1984 2870 2081 2920 τοῦ

446 2953 791 3027 πολίσματος
826 2955 1091 3031 ἐγκρατής
1149 2956 1462 3032 ὀφθήσεται,
1520 2953 1614 3010 κᾶν
1661 2955 1705 3009 εί
1739 2953 2085 3024 πολιωθῆναί

433 3046 491 3101 οἱ
553 3039 788 3118 ξυμϐαίη
846 3049 916 3119 τῇ
977 3042 1272 3120 προσεδρίᾳ
1328 3047 1426 3114 τήν
1508 3044 1751 3123 κεφαλὴν
1809 3044 1899 3099 καὶ
1964 3049 2082 3106 ταῖς

425 3136 641 3212 χιόνων
700 3133 1041 3204 παλυνθῆναι
1097 3133 1371 3197 πολλάκις
1430 3139 1788 3212 καταφοραῖς,
1840 3134 1914 3196 είς
1961 3138 2081 3189 νοῦν

424 3224 573 3301 ἄγων
612 3220 730 3298 ἅμα
756 3229 875 3287 τοῖς
916 3222 1412 3296 πολιορκουμένοις
1463 3223 1560 3278 ὅσα
1612 3225 1709 3297 μὲν
1759 3222 1815 3279 εὖ
1862 3225 2081 3279 πάθοιεν

425 3316 555 3389 παρ’
614 3314 782 3368 αὐτοῦ
847 3310 1158 3375 ὑπενδόντες
1240 3313 1330 3368 καὶ
1417 3311 1691 3374 ἐκστάντες
1776 3314 1921 3384 αὐτῷ
1987 3318 2082 3368 τοῦ

431 3401 724 3477 ἐρύματος,
768 3400 907 3463 οἷόις
953 3398 1001 3456 δ’
1047 3399 1112 3455 αὖ
1162 3402 1461 3477 χειρίστοις
1510 3396 1871 3471 ὐποϐληθεῖεν
1917 3399 2083 3457 πολέ-

432 3512 538 3565 μου
596 3492 760 3563 νόμῳ
823 3489 1047 3552 ἁλόντες
1102 3492 1189 3546 καὶ
1251 3493 1351 3561 τήν
1409 3491 1657 3565 στρατιὰν
1729 3489 1927 3553 ἰδόντες
1983 3491 2064 3545 εἰσ

429 3587 645 3655 ρυεῖσαν
680 3577 918 3636 ἔνδοθεν.
954 3580 1054 3635 Ἢν
1105 3577 1149 3634 δ’
1204 3580 1386 3634 ἀσπίσι
1434 3583 1604 3634 ταῦτα
1650 3577 1859 3650 ἐπᾴδων
1907 3579 2087 3634 ἑκοντὶ

428 3669 805 3748 κωφευοόσαις
865 3669 1002 3742 πρὸς
1087 3668 1152 3722 τὰ
1237 3666 1665 3742 ὑποψαλλόμενα
1720 3668 1863 3741 παρὰ
1914 3672 2082 3744 σοφοῦ

437 3764 749 3837 φαρμκοῦ,
810 3758 902 3814 καὶ
962 3760 1197 3833 σμήχων
1283 3758 1533 3832 ἂντικρυς
1604 3755 1931 3836 διηλέγχετο
1989 3758 2080 3812 τὸν

436 3848 691 3903 Αἰθίοπα.
755 3846 823 3903 Οἱ
879 3847 981 3922 γὰρ
1040 3851 1134 3901 τοῦ
1193 3846 1455 3923 φρουρίου
1512 3847 1654 3903 Βακᾶ
1708 3848 1805 3915 τὴν
1862 3846 2077 3901 ἐπιστα·

431 3938 550 3991 σίαν
612 3934 1037 4008 πεπιστευμένοι
1092 3936 1183 3989 καὶ
1231 3938 1421 3999 πάντες
1484 3936 1576 4009 μέν
1647 3935 2079 4005 ἀκαταπλήκτως

430 4025 586 4099 εἶχον
616 4025 755 4099 πρὸς
793 4024 885 4077 τὸν
953 4021 1154 4097 ἀγῶνα,
1220 4027 1628 4084 Κωνσταντῖνος
1677 4020 1732 4077 δέ
1778 4043 1860 4083 τις
1915 4022 2078 4095 μάλι-

429 4134 554 4181 στα,
593 4118 692 4167 τοῦ
746 4117 853 4168 τῶν
913 4115 1214 4184 Ἀρμενίων
1272 4114 1449 4189 γένου,
1488 4112 1554 4166 τὰ
1606 4115 1796 4186 πρῶτα
1833 4110 2077 4187 κληρού·

434 4221 598 4274 μενος
647 4201 733 4255 καὶ
794 4204 903 4253 τῶν
942 4198 1169 4254 πολλῶν
1225 4201 1539 4276 ὑπερφέρων
1597 4201 1782 4274 χειρὸς
1836 4199 2084 4274 γενναιό-

427 4307 580 4360 τητι’
617 4289 679 4343 οὐ
709 4288 810 4364 γὰρ
846 4288 1013 4361 μόνον
1043 4289 1104 4342 τὸ
1153 4288 1393 4343 ἐνοικοῦν
1445 4288 1658 4357 πλῆθος
1710 4287 2082 4358 ἐπισυνίστησι

429 4379 521 4434 καὶ
580 4377 885 4445 διανίστησι
937 4377 1072 4449 πρὸς
1125 4377 1216 4431 τὸν
1271 4378 1405 4432 κατὰ
1469 4377 1754 4449 Ῥωμαίων
1809 4375 2080 4450 πόλεμον,

430 4467 581 4523 ἀλλὰ
608 4467 696 4521 καὶ
737 4466 899 4527 αὐτὸς
958 4468 1053 4519 τοῦ
1092 4464 1354 4541 φρουρίου
1420 4464 1692 4527 πολλάκις
1740 4465 2077 4541 προοπτανὸ-

433 4578 599 4631 μενος
665 4555 795 4609 κάπὶ
851 4557 953 4609 τοῦ
1006 4552 1251 4630 γηλόγου
1313 4556 1431 4628 μεθ’
1506 4554 1691 4610 ὅπλων
1769 4556 2083 4628 ἱστάμενος,

430 4646 516 4721 ἐφ’
575 4643 803 4719 οὗπερὴ
846 4644 944 4715 μὲν
1005 4643 1161 4715 φύσις
1220 4645 1319 4712 τήν
1376 4646 1573 4719 πέτραν
1634 4641 1991 4713 ἀνέδωκσν,ἠ
2026 4641 2082 4699 δὲ

426 4735 600 4810 τέχνη
663 4735 906 4808 τείχεσιν
976 4730 1142 4799 αὐτὴν
1216 4727 1505 4807 περιέϐαλε
1600 4734 1690 4788 καὶ
1775 4732 2080 4808 ἐκράτυνεν,

430 4820 615 4897 ὕϐρεσι
673 4823 764 4877 τὸν
836 4816 1069 4895 βασιλέα
1140 4818 1425 4891 Ἑλληνίδι
1483 4819 1677 4877 ἔπλυνε
1731 4822 1972 4899 γλώττῃ,
2029 4818 2081 4883 ἔς

429 4933 487 4967 τε
542 4914 642 4979 τήν
699 4905 914 4965 ἄκοιτιν
983 4908 1073 4960 καὶ
1154 4909 1250 4970 τὰς
1337 4910 1637 4984 θυγατέρας
1688 4911 1715 4964 ὁ
1774 4909 2084 4986 στόμαργος

430 4998 733 5076 ὶρεσχελῶν
794 4996 890 5052 καὶ
942 4992 1137 5069 λόγους
1189 4996 1448 5070 ἀπρεπεῖς
1500 4998 1697 5075 ἀφιείς,
1731 4999 1791 5056 Ὀ
1828 4997 2081 5073 βασιλεὺς

431 5091 523 5162 μὲν
558 5090 651 5144 οὖν
696 5078 1004 5143 συκλαὸεῖν
1033 5084 1124 5137 τὸν
1182 5083 1637 5162 αἰσχροῷήμονα
1688 5082 1960 5162 βάρϐαρον
1991 5088 2080 5141 καὶ

427 5179 579 5243 δέκας
640 5173 839 5236 λαϐεῖν
881 5173 935 5243 ἐξ
990 5171 1194 5228 ἐκείνου
1246 5174 1525 5251 ἐγλίχετο’
1562 5177 1589 5230 ὁ
1623 5173 1700 5245 δὲ,
1743 5180 1811 5250 τῇ
1859 5176 2085 5255 σφετέρᾳ

421 5273 699 5332 πεποιθὼς
808 5265 1006 5340 ῥώμῃ,
1081 5263 1167 5317 καὶ
1246 5266 1380 5338 μέγα
1451 5270 1530 5319 τῶ
1604 5262 1913 5342 δραστηρίῳ
1987 5288 2082 5321 κα-

737 1261 844 1315 ἀπὸ
897 1261 1057 1315 τοῦδε
1112 1261 1247 1313 κατὰ
1305 1262 1402 1323 τῆς
1462 1257 1700 1312 Κιλίκων
1796 1251 2073 1329 στρατείας

2262 1251 2402 1303 Post
2432 1248 2555 1301 haec
2588 1244 3029 1316 expeditionem
3060 1241 3119 1294 in
3160 1235 3424 1291 Ciliciam
3471 1225 3839 1285 denuntiavit

2192 1338 2443 1392 Lebunaa
2473 1335 2767 1389 Armeniae
2801 1332 2953 1403 regis
2982 1324 3304 1384 ulciscendi
3337 1336 3532 1381 causa,
3559 1318 3657 1388 qui
3692 1332 3837 1387 prm-

2194 1435 2283 1483 ter
2312 1426 2427 1481 alia
2456 1427 2721 1479 Romana
2769 1421 2985 1493 Oppida
3036 1419 3280 1473 subacta
3332 1413 3509 1468 etiam
3560 1406 3838 1463 Seleucia}

2190 1514 2559 1570 imminebat.
2592 1513 2772 1583 Igitur
2802 1517 2860 1565 et
2884 1516 3161 1564 veterano
3193 1505 3381 1561 milite
3434 1502 3749 1556 convocato
3784 1498 3840 1583 et

2192 1605 2357 1660 novis
2388 1582 2715 1657 delectibus
2756 1600 2993 1664 habitis,
3047 1602 3105 1651 et
3161 1596 3325 1667 justo
3375 1590 3712 1646 commeatu
3763 1582 3837 1637 ad

2194 1694 2535 1747 diuturnam
2563 1690 3002 1760 expeditionem
3032 1687 3383 1756 prmparato.
3411 1677 3630 1733 Cilicia}
3654 1672 3837 1746 portis

2194 1783 2341 1837 citra
2371 1796 2627 1852 pugnam
2661 1777 2955 1849 superatis
2997 1775 3261 1828 Adanam
3293 1771 3540 1838 occupat
3573 1770 3630 1818 et
3659 1765 3836 1816 Tarso

2192 1871 2433 1943 potitur.
2467 1869 2577 1923 Sed
2609 1885 2727 1938 praa
2746 1865 2928 1921 animi
2953 1862 3253 1920 alacritate
3275 1858 3365 1913 his
3388 1872 3505 1911 non
3528 1855 3838 1943 contentus

2194 1938 2298 2032 pro
2330 1965 2452 2014 tota
2482 1957 2763 2012 Armenia
2793 1958 3014 2028 pugnat
3041 1968 3053 2018 ;
3088 1957 3146 2006 et
3175 1946 3437 2004 castellis
3460 1938 3837 2032 opportunis-

2195 2026 2362 2104 simis
2388 2046 2721 2118 quibusque
2748 2026 2963 2115 partim
2988 2033 3534 2107 deditione,partim
3558 2030 3609 2083 vi
3625 2026 3837 2098 captis,

2194 2145 2317 2194 tota
2351 2136 2655 2209 provincia
2684 2134 2929 2207 potitur.
2960 2134 3279 2202 Aggressus
3311 2132 3509 2181 autem
3538 2122 3696 2175 inter
3726 2132 3839 2169 ca:-

2196 2236 2322 2284 tera
2339 2227 2640 2283 castellum
2658 2224 2956 2296 quoddam
2972 2223 3331 2293 praeruptum
3349 2213 3588 2270 nomine
3608 2211 3817 2263 Bacam
3829 2246 3842 2272 ,

2196 2336 2330 2373 cum
2366 2318 2561 2371 hostes
2597 2316 2697 2369 30
2728 2330 2847 2368 non
2870 2311 3168 2383 supplices
3191 2322 3401 2361 manus
3421 2297 3846 2375 protenderent

2194 2424 2303 2461 nec
2321 2406 2796 2477 pacificationem
2812 2402 2993 2456 ullam
3027 2397 3559 2460 admitterent,toto
3583 2384 3845 2477 exercitu

2196 2495 2617 2566 circumposito
2651 2498 2708 2548 et
2735 2491 3012 2562 operibus
3039 2487 3305 2543 excitatis
3336 2500 3397 2537 se
3438 2478 3675 2551 negavit
3705 2472 3842 2528 inde

2196 2587 2595 2640 discessurum
2630 2583 2742 2637 nisi
2769 2587 2938 2652 capto
2962 2573 3436 2650 oppido,etiamsi
3455 2573 3517 2625 in
3535 2567 3842 2623 obsidione

2197 2674 2633 2731 canescendum
2666 2679 2723 2727 et
2752 2672 2973 2726 nivium
3000 2667 3274 2741 procellis
3298 2664 3513 2734 smpius
3545 2660 3844 2714 albescem

2199 2766 2341 2821 dum
2400 2771 2575 2827 esset,
2619 2763 2857 2817 interim
2906 2761 3179 2815 obsessos
3226 2755 3556 2811 admonens
3607 2745 3842 2818 quantis

2197 2854 2502 2911 beneflciis
2533 2852 2831 2908 afficiendi
2865 2853 3081 2915 essent,
3104 2847 3153 2900 si
3174 2842 3505 2899 munitione
3537 2836 3648 2891 sibi
3672 2834 3841 2889 cede-

2199 2950 2353 3013 rent,
2388 2950 2444 2999 et
2465 2959 2641 3014 quam
2665 2942 2920 3014 pessime
2942 2936 3253 2999 tractandi,
3280 2934 3327 2988 si
3350 2930 3664 2986 bellimore
3688 2923 3844 3014 capti

2199 3013 2691 3090 exercitumintra
2711 3030 2928 3087 mmnia
2953 3028 3230 3082 viderent.
3258 3022 3371 3078 Sed
3388 3020 3513 3074 hinc
3538 3013 3844 3088 aspidibus

2198 3126 2563 3182 canebantur
2592 3139 2765 3178 aures
2814 3121 2885 3177 de
2940 3118 3233 3174 industria
3284 3108 3718 3173 obturantibus,
3766 3120 3841 3159 ne

2200 3227 2345 3298 Magi
2377 3222 2841 3279 incantationem
2891 3218 3213 3282 audirent;
3267 3228 3461 3283 neque
3520 3206 3683 3263 aliud
3726 3204 3843 3260 nisi

2198 3295 2525 3386 .‘Ethiopem
2559 3313 2753 3367 lavare
2803 3327 2938 3365 eum
2997 3304 3336 3379 apparebat.
3389 3303 3529 3357 Nam
3581 3296 3705 3353 etii
3740 3295 3839 3386 qui

2196 3422 2332 3460 eum
2354 3385 2549 3459 locum
2570 3400 2986 3467 defendebant,
3010 3412 3221 3452 omnes
3243 3394 3315 3449 ad
3338 3385 3839 3457 certamcnparati

2195 3502 2393 3559 erant;
2426 3500 2486 3549 et
2508 3492 2932 3549 Constantinus
2954 3488 3196 3560 quidam
3214 3482 3529 3540 Armenius
3545 3475 3844 3533 nobilissi-

2190 3602 2345 3648 mus,
2378 3583 2845 3655 promptitudine
2881 3595 3164 3636 manuum
3222 3574 3393 3645 vulgo
3442 3567 3841 3643 praastantior,

2191 3675 2345 3727 cives
2378 3689 2498 3727 non
2530 3673 2705 3726 modo
2726 3669 3057 3725 instruebat
3079 3673 3137 3722 et
3164 3665 3239 3720 ad
3261 3667 3589 3718 Romanum
3614 3656 3838 3710 bellum

2191 3761 2658 3826 concitabat,sed
2681 3766 2739 3815 et
2756 3762 2879 3829 ipse
2912 3774 3067 3828 saepe
3088 3772 3157 3809 ex
3189 3750 3432 3808 castella
3456 3750 3838 3820 prospectans

2193 3859 2251 3906 et
2282 3856 2542 3907 armatus
2576 3851 2634 3904 in
2670 3849 2895 3904 tumulo
2950 3853 3133 3909 stans,
3182 3858 3358 3913 quem
3405 3844 3618 3894 natura
3668 3850 3835 3903 rupe,

2194 3957 2289 3995 ars
2320 3939 2615 3994 mmnibus
2647 3936 3073 3992 circumdatum
3128 3934 3413 3995 firmarat,
3455 3928 3653 3982 Graeca
3700 3938 3838 3976 voce

2114 3986 2155 4051 Ο
2195 4026 2440 4082 dicteria
2462 4027 2522 4080 in
2556 4025 2971 4095 imperatorem
2998 4019 3278 4093 jaciebat,
3313 4022 3372 4071 et
3412 4029 3659 4069 uxorom
3708 4011 3837 4081 ejus

2194 4133 2261 4171 ac
2294 4116 2447 4171 tilias
2478 4114 2598 4170 oris
2631 4112 2975 4185 impotentis
3006 4112 3181 4166 homo
3215 4105 3489 4163 obscenis
3513 4102 3703 4158 verbis
3733 4099 3838 4154 de-

2192 4204 2447 4260 ridebat.
2485 4205 2688 4273 ltaque
2718 4202 3087 4274 petulantem
3108 4199 3425 4253 barbarum
3450 4190 3838 4263 comprehen-

2193 4292 2333 4347 dere
2365 4293 2686 4364 imperator
2706 4298 2766 4347 et
2796 4292 3047 4347 multare
3077 4289 3372 4361 cupiebat.
3399 4283 3595 4353 At,ille
3616 4281 3835 4336 viribus

2192 4383 2286 4436 31
2325 4383 2510 4437 fretus
2538 4389 2595 4438 et
2625 4388 2852 4437 natura:
2875 4398 2995 4435 suae
3027 4380 3207 4434 robur
3227 4378 3533 4449 jactitans,
3583 4373 3835 4440 impera-

2190 4472 2335 4526 toris
2365 4473 2553 4527 aciem
2586 4470 3007 4535 subsannabat,
3042 4474 3101 4523 et
3119 4467 3192 4522 ad
3214 4465 3509 4536 singulare
3533 4464 3835 4514 certamen

2190 4560 2450 4631 aliquem
2482 4561 2553 4616 ab
2587 4560 2847 4616 exercitu
2878 4559 3173 4614 delectum
3205 4551 3598 4626 provocabat:
3643 4544 3746 4600 sed
3780 4549 3839 4599 et

2191 4648 2514 4720 imperator
2528 4652 2726 4706 statim
2741 4650 2996 4705 tribunis
3010 4646 3252 4703 mandat
3270 4650 3335 4699 ut
3348 4644 3559 4696 fortem
3573 4636 3836 4704 aliquem

2192 4739 2465 4803 militem,
2496 4742 2595 4811 qui
2641 4742 2920 4795 Armenio
2970 4756 3078 4810 par
3129 4752 3257 4791 esse
3307 4736 3505 4804 queat,
3557 4728 3835 4799 deligant.

2191 4829 2521 4883 Eustratius
2550 4830 2731 4899 igitur
2759 4846 2828 4883 ex
2870 4826 3243 4883 Macedonica
3287 4822 3516 4894 legione
3572 4817 3837 4872 delectus

2192 4924 2428 4973 sentum
2456 4919 2561 4971 viri
2606 4918 2977 4989 longitudine
3029 4916 3243 4987 accipit
3272 4920 3329 4970 et
3376 4927 3578 4967 ensem
3628 4923 3836 4963 recens

2191 5011 2453 5060 acutum.
2489 5005 2579 5059 Sic
2632 5010 2894 5059 armatus
2926 5021 2956 5059 e
2988 5003 3197 5060 castris
3241 5002 3314 5058 ad
3364 5000 3623 5056 radicem
3668 4994 3835 5050 collis

2191 5093 2315 5149 abit
2337 5112 2351 5159 ;
2372 5100 2430 5150 et
2457 5096 2801 5150 Armenium
2816 5097 3087 5151 hortatur
3105 5100 3172 5150 ut
3190 5092 3465 5150 nonnihil
3492 5085 3834 5153 descendat,

2192 5202 2307 5255 quo
2340 5185 2399 5239 in
2429 5202 2599 5256 aequo
2631 5202 2839 5257 campo
2872 5191 3151 5257 pugnent,
3197 5185 3245 5240 si
3292 5182 3536 5239 omnino
3570 5176 3836 5233 duellum

2190 5281 2431 5346 appetat
2460 5282 2518 5330 et
2564 5292 2685 5331 non
2744 5282 2960 5347 prater
3014 5277 3131 5332 alia
3180 5276 3405 5331 furiosa
3462 5272 3621 5327 dicta
3678 5264 3835 5319 istud

410 5362 794 5439 τακομπάζων
854 5354 960 5415 τῆς
1020 5353 1248 5426 φύσεως,
1323 5348 1401 5409 ἔτι
1485 5355 1572 5409 καὶ
1647 5356 1745 5423 τήν
1812 5355 2079 5429 βασιλέως

2193 5365 2371 5419 etiam
2422 5371 2641 5421 temere
2695 5367 2944 5421 effutiat.
3000 5368 3140 5432 Quae
3188 5365 3366 5420 verba
3412 5354 3832 5417 Constantinus

405 5456 782 5530 κατεμωκάτο
875 5440 1168 5512 παράταξιν
1246 5442 1333 5495 καὶ
1418 5442 1780 5518 προύκαλεῖτο
1854 5444 2079 5516 ἀναίδην

396 5556 487 5611 τὸν
536 5529 866 5613 ἐπιλέγδτμ
959 5529 1139 5605 ἐκείνῳ
1222 5532 1772 5609 συμπλακησόμενον.
1860 5536 2079 5609 ’Λμέλει

392 5644 481 5701 καὶ
547 5626 841 5714 βασιλεὺς
895 5618 1161 5676 ἐπιτάιττιι
1211 5627 1326 5685 τοῖς
1370 5624 1689 5701 ταξιάρχαις
1738 5624 1797 5680 ἐκ
1843 5630 1939 5681 τοῦ
1988 5629 2080 5681 αὑ-

2191 5453 2300 5507 sibi
2325 5454 2541 5523 probro
2564 5472 2692 5510 esse
2715 5462 2896 5521 ratus,
2929 5456 3175 5528 fulguris
3199 5456 3384 5509 instar
3404 5448 3659 5505 nubibus
3682 5445 3835 5497 emi-

2187 5544 2376 5599 cantis
2392 5551 2494 5599 aut
2519 5553 2816 5603 montanas
2838 5563 3063 5617 capreaa
3078 5543 3465 5601 efructicibus
3484 5537 3827 5605 exsilientis,

2188 5633 2547 5689 Eustratium
2578 5636 2934 5707 aggreditur,
2965 5634 3213 5690 bellator
3244 5638 3301 5687 et
3320 5632 3543 5701 ingenti
3584 5640 3825 5695 corpore
