4150 6292
391 303 506 370 347

1697 309 1748 368 Ν
1754 307 2007 371 ICETII
2047 299 2470 374 CHONIATJE

3685 313 3802 375 148

397 449 457 500 et
485 443 685 500 animo
716 440 1058 508 confidenti,
1091 437 1224 496 albo
1243 441 1444 513 clypeo
1467 442 1753 509 munitus,
1782 439 2036 510 undique

2157 441 2280 496 τίκα
2331 446 2440 497 τῶν
2495 439 2748 518 ἀλκίμων
2807 445 2927 500 τινα
2979 447 3325 520 στρατιωτῶν
3392 443 3669 514 ἀντιτάξαι
3721 450 3802 516 τῷ

402 532 812 605 asquali,cujus
827 529 1068 585 umboni
1085 545 1227 584 crux
1243 529 1534 601 insculpta
1553 537 1700 596 erat;
1714 529 2044 601 etgladium

402 623 606 678 dextra
635 635 844 691 gerens
887 617 1160 689 clypeum
1205 619 1536 674 Macedonis
1587 625 1646 674 et
1689 627 1848 674 recta
1888 624 1944 674 et
1975 635 2045 676 ex

399 709 636 780 obliquo
666 708 842 764 ferire
876 725 994 765 non
1027 706 1366 776 desistebat,
1418 709 1650 775 insana,
1709 710 2041 765 temeritate

396 801 712 864 incitatus;
748 803 806 853 et
835 797 1083 853 subinde
1141 796 1597 868 eXSpectabatur
1642 810 1855 871 magno
1888 801 2042 856 malo

393 889 583 944 virum
605 888 944 943 atTecturus.
971 887 1298 958 Imperator
1327 886 1426 943 32
1459 901 1594 942 vero
1629 889 1688 942 in
1729 890 2041 944 Macedone

397 995 562 1050 spem
593 977 741 1032 adeo
773 977 999 1032 nullam
1026 975 1300 1044 habebat,
1330 979 1397 1031 ut
1419 993 1554 1032 eum
1576 993 1888 1033 evasurum
1912 995 2042 1034 esse

395 1071 554 1126 clara
583 1085 719 1122 voce
754 1072 1016 1138 negaret.
1050 1066 1322 1130 Quamvis
1371 1072 1568 1122 autem
1621 1066 2042 1124 Constantinus

399 1165 562 1218 tanto
597 1159 818 1230 impetu
851 1157 1210 1212 Eustratium
1245 1163 1499 1228 urgeret,
1532 1163 1729 1211 tamen
1767 1159 2040 1213 eumdem

399 1247 649 1305 Romani
671 1246 1202 1302 acclamationibus
1223 1260 1331 1300 con
1345 1245 1677 1310 firmabant,
1707 1251 1763 1300 et
1785 1253 1848 1301 ut
1871 1247 2039 1302 vicis-

399 1339 509 1393 sim
536 1337 736 1391 feriret
759 1335 987 1390 hostem
1013 1334 1432 1390 admonebant.
1466 1333 1520 1389 Is
1551 1349 1685 1390 vero
1709 1352 1862 1408 saepe
1888 1336 2043 1394 elata

395 1445 576 1484 manu
609 1426 775 1498 quasi
809 1439 1216 1497 percussurus,
1275 1429 1489 1495 praeter
1537 1427 2040 1491 ex5pectationem

395 1516 664 1572 eamdem
689 1515 1044 1582 retrahebat,
1091 1511 1248 1570 haud
1282 1529 1450 1567 secus
1480 1533 1547 1572 ac
1577 1517 1626 1571 si
1649 1516 2043 1592 praestigiator

394 1606 689 1678 quispiam
723 1605 984 1660 dextram
1016 1604 1087 1660 ab
1114 1605 1232 1660 ictu
1265 1612 1557 1662 averteret
1587 1609 1644 1660 et
1689 1603 1761 1661 ad
1809 1606 2040 1662 facinus

394 1701 662 1768 paratam
695 1695 1062 1765 reprimeret.
1097 1695 1352 1750 Tandem
1395 1711 1598 1751 ensem
1633 1692 1734 1750 diu
1758 1693 2039 1751 libratum

2149 531 2427 605 Ἀρμενίῳ
2467 533 2770 608 ἀντίμαχον
2831 534 3155 608 ἀξιόμαχον.
3210 539 3294 596 Ὡς
3341 531 3430 588 οὖν
3467 534 3800 609 Εὖστράτιός

2150 637 2232 679 τις
2289 619 2347 676 ἐκ
2403 627 2500 677 τοῦ
2581 628 2688 679 τῶν
2774 623 3100 682 Μακεδόνων
3180 622 3436 698 ἐπεκρίθη
3503 626 3800 699 τάγματος,

2152 707 2312 773 ἀσπίς
2370 711 2516 785 αὖτῷ
2571 712 2624 777 ές
2677 711 3016 788 ἀνδρόμηκες
3109 718 3369 768 κατιοῦσα
3453 710 3664 768 δίδοται
3712 713 3800 769 καὶ

2152 802 2329 869 σπάθη
2374 803 2716 873 νεόσμηκτος
2765 801 3148 879 ἐγχειρίζεται.
3201 803 3358 859 Οὕτω
3417 799 3462 856 δ’
3519 799 3800 865 ὁπλισθεὶς

2154 889 2480 962 Εὐστράτιος
2539 891 2824 967 ἀφίσταται
2889 893 2982 965 μὶν
3056 896 3162 946 τῶν
3241 895 3568 962 Ῥωμαϊκῶν
3643 889 3800 960 ίλῶν,

2149 979 2273 1050 περί
2307 977 2363 1032 δὲ
2408 985 2504 1034 τοῦ
2561 981 2814 1060 γηλόφου
2871 983 2938 1035 τὰ
2991 977 3264 1055 κράσπεδα
3322 979 3540 1041 ἐπιστὰς
3599 981 3798 1035 ὓποκα-

2147 1063 2380 1136 ταϐῆναι
2445 1071 2624 1148 βραχὺ
2688 1071 2780 1124 τὸν
2839 1070 3128 1144 Ἀρμένιον
3201 1066 3592 1142 προύκαλεῖτο,
3649 1067 3798 1132 ὅπως

2151 1154 2202 1210 ἐν
2249 1155 2484 1230 ίσοπέδῳ
2543 1157 2996 1233 διαγωνίσωνται,
3057 1159 3205 1232 ε’ἶπερ
3256 1155 3481 1228 ἀληθῶς
3531 1161 3630 1228 τήν
3668 1179 3797 1231 μον-

2149 1243 2340 1300 αθλίαν
2394 1247 2622 1321 αἱρεῖται
2690 1248 2781 1303 καὶ
2843 1249 2919 1319 μὴ
2997 1247 3084 1302 ἐπὶ
3163 1245 3426 1302 πλεῖστον
3493 1245 3796 1320 ἐμπληξίας

2150 1333 2246 1388 ἰὼν
2277 1335 2394 1410 είκῇ
2441 1335 2578 1409 πρῦς
2631 1343 2747 1400 τοῖς
2804 1335 2999 1398 ἄλλοις
3056 1338 3142 1391 καί
3201 1341 3364 1390 τοῦτο
3421 1331 3794 1411 σοϐαρεύεται.

2147 1418 2337 1497 Ὕϐριν
2375 1425 2556 1478 τοίνυν
2617 1425 2816 1482 οἰκείαν
2877 1427 2905 1480 ὁ
2963 1428 3371 1489 Κωνσταντῖνος
3406 1426 3472 1479 τὰ
3526 1430 3624 1480 τοῦ
3677 1428 3792 1482 Μα-

2147 1511 2367 1574 κεδόνος
2425 1515 2774 1589 ἡγησάμενος
2829 1513 3070 1590 ῥήμστσ,
3123 1515 3198 1576 ὡς
3255 1509 3588 1582 καταιϐάτης
3653 1533 3794 1588 ’πρη-

2150 1603 2347 1678 στὴρῆ
2393 1600 2586 1677 δορκὶς
2644 1603 2996 1681 ὀρισίτροςος
3055 1603 3275 1676 θάμνων
3327 1599 3667 1675 διαλλομένη
3715 1607 3794 1674 τῷ

2148 1691 2470 1768 Εὺστρατίῳ
2518 1696 2954 1768 προσρήγνυται,
2989 1694 3132 1748 οὓτω
3182 1694 3274 1768 μὲν
3322 1691 3548 1763 τηλίκος
3595 1694 3660 1748 τὸ
3697 1699 3793 1750 τοῦ

393 1786 477 1840 ita
535 1784 596 1838 in
655 1783 1024 1838 Constantini
1081 1783 1354 1855 clypeum
1423 1783 1687 1858 impegit,
1739 1785 2036 1857 ingentem

2151 1783 2405 1855 σώματος
2442 1783 2666 1856 μέγεθος
2703 1780 2798 1854 ὢν,
2831 1783 2973 1838 οὕτω
3002 1779 3058 1836 δὲ
3091 1781 3386 1855 θαρσαλέος
3427 1781 3789 1852 πολεμιστὴς,

394 1875 563 1930 illum
599 1873 836 1945 quidem
869 1879 927 1928 et
956 1874 1128 1948 plane
1160 1873 1534 1943 Hectoreum,
1559 1879 1621 1930 ut
1643 1875 1906 1930 medium
1929 1874 2042 1930 dis-

396 1969 659 2031 secaret;
685 1963 754 2018 ad
779 1963 934 2036 quod
957 1953 1177 2020 factum
1199 1966 1456 2032 Romani
1471 1982 1605 2020 cum
1626 1979 1836 2038 magna
1849 1966 2040 2020 admi-

391 2055 622 2109 ratione
646 2051 1069 2106 exclamarunt.
1095 2053 1412 2108 Armenius
1439 2071 1573 2108 vero
1598 2053 1804 2125 clypeo
1827 2060 2044 2124 praeter

392 2160 558 2215 spem
579 2141 854 2209 nudatus,
876 2159 1009 2197 cum
1034 2159 1150 2197 non
1173 2143 1429 2216 amplius
1451 2143 1512 2197 in
1533 2137 1777 2216 planitie
1800 2159 2042 2198 manere

395 2239 618 2306 posset,
665 2232 800 2304 fuga
857 2232 1110 2288 salutem
1162 2231 1454 2304 quaesivit,
1505 2239 1562 2288 et
1609 2237 1672 2288 ut
1721 2235 1781 2288 in
1831 2233 2042 2306 capitis

395 2321 682 2396 periculo,
717 2338 928 2394 magna
957 2339 1091 2377 cum.
1123 2322 1498 2377 festinatione
1533 2322 1592 2377 in
1627 2323 1947 2380 tumultum
1979 2340 2042 2379 se

395 2413 638 2483 recepit.
693 2412 980 2482 Deinceps
1035 2429 1168 2466 vero
1213 2428 1318 2466 suo
1368 2411 1498 2467 loco
1550 2427 1796 2478 manens
1847 2427 2040 2484 neque

391 2504 689 2558 Romanos
739 2499 1096 2571 contempsit
1158 2517 1348 2571 neque
1400 2499 1460 2556 in
1509 2501 1930 2573 imperatorem
1983 2505 2042 2557 et

385 2607 570 2664 genus
602 2589 730 2659 ejus
761 2587 1024 2646 convicia
1059 2594 1336 2659 tanquam
1371 2588 1743 2646 ohcmnitatis
1796 2606 1916 2646 suae
1951 2606 2037 2647 sa-

387 2680 562 2752 gittas
586 2677 753 2749 jecit.
785 2676 1019 2732 Macedo
1051 2684 1248 2732 autem
1285 2685 1520 2750 rogatus
1559 2676 1630 2734 ab
1679 2679 2038 2752 imperatore

384 2785 498 2841 quo
541 2767 786 2822 consilio
819 2783 1061 2822 manum
1096 2767 1308 2840 saepius
1343 2769 1682 2823 sustulisset
1708 2771 1876 2840 quasi
1902 2787 2034 2842 per-

375 2875 656 2915 cussurus
690 2857 1116 2923 adversarium,
1161 2875 1228 2914 ac
1277 2875 1462 2914 unum
1515 2859 1803 2916 duntaxat
1849 2861 2031 2916 ictum

375 2949 697 3014 intulisset,
744 2947 854 3001 sibi
907 2949 1272 3022 prepositum
1320 2948 1502 3002 fuisse
1557 2949 1864 3019 reSpondit
1909 2967 2030 3004 uno

377 3038 498 3092 istu
519 3043 576 3091 et
601 3037 877 3107 clypeum
901 3041 960 3090 et
984 3035 1328 3090 Armenium
1351 3036 1650 3092 dissecare
1673 3055 1686 3103 ;
1713 3035 1872 3108 quod
1896 3055 2030 3092 cum

379 3127 452 3182 ad
483 3127 582 3180 33
642 3126 864 3179 exitum
915 3124 1240 3195 perducere
1299 3141 1420 3179 non
1481 3131 1700 3195 posset,
1761 3125 1920 3195 quod
1982 3127 2034 3180 is

381 3216 652 3285 clypeum
687 3215 917 3283 corpori
945 3229 1064 3267 non
1097 3213 1479 3282 applicatum,
1509 3211 1613 3268 sed
1662 3215 2030 3286 longiuscule

371 3303 667 3356 remotum
698 3299 963 3365 haberet,
997 3299 1258 3354 noluisse
1319 3299 1536 3354 frustra
1582 3299 1915 3371 digladiari,
1962 3319 2029 3358 ac

375 3394 681 3462 gestamen
725 3387 907 3459 probe
961 3387 1242 3460 tetigisse,
1297 3395 1473 3458 atque
1521 3390 1748 3444 utinam
1795 3391 2025 3446 hostem

379 3479 672 3532 inermem
692 3475 900 3532 eodem
919 3475 1093 3531 modo
1115 3482 1351 3548 tangere
1371 3477 1678 3548 potuisset.
1701 3479 2034 3550 Imperator

384 3568 536 3622 hanc
587 3568 916 3624 orationem
967 3567 1314 3634 admiratus,
1371 3567 1642 3622 maximis
1689 3567 1862 3624 donis
1913 3572 2029 3624 Eu-

381 3657 654 3712 stratium
694 3661 1041 3728 prosecutus
1087 3661 1192 3710 est.
1241 3656 1448 3710 Paucis
1499 3655 1707 3711 diebus
1757 3664 1909 3730 post,
1961 3676 2030 3714 eo

383 3761 616 3817 quoque
633 3745 876 3801 castello
898 3747 949 3800 vi
965 3763 1031 3801 ex
1038 3745 1746 3818 pugnato,Constantinus
1769 3749 2030 3819 captivus

381 3837 439 3889 in
462 3835 848 3908 compedibus
867 3835 1196 3890 abducitur.
1231 3835 1453 3890 Deinde
1487 3837 1547 3890 in
1575 3837 1874 3892 triremem
1891 3855 2034 3892 con-

373 3926 568 3996 jectus
613 3930 722 3993 est,
777 3926 1118 3996 Byzantium
1186 3926 1650 3996 perveheretur;
1703 3939 1833 3996 qnas
1897 3943 2030 3981 cum

383 4015 702 4069 anchoram
719 4013 1008 4080 solvisset,
1033 4015 1208 4068 homo
1231 4013 1422 4069 audax
1445 4020 1504 4068 et
1529 4015 1878 4068 temerarius
1909 4031 2035 4069 cus-

379 4108 437 4157 to
447 4103 548 4156 des
561 4106 738 4155 noctu
752 4117 1060 4172 aggressus
1073 4101 1346 4171 plurimos
1363 4103 1663 4169 occldll,et
1675 4119 1708 4156 a
1723 4103 1845 4157 suis
1860 4103 2034 4157 famu-

382 4192 456 4245 lis
482 4191 711 4244 solutus
733 4189 866 4261 fuga
883 4189 1278 4244 elabitur.Sed
1299 4193 1644 4262 priusquam
1669 4191 1832 4246 novis
1855 4193 2032 4248 rebus

379 4280 662 4347 studeret,
688 4279 1154 4352 comprehensus
1179 4285 1238 4333 et
1259 4281 1602 4352 imperatori
1627 4281 1896 4352 proditus
1920 4288 2030 4338 est.

2149 1870 2348 1926 ἀσπίδα
2400 1867 2852 1944 προϐεϐλημένος
2907 1868 3027 1942 ἷ¹σην
3086 1873 3347 1936 πάντοθεν
3413 1872 3501 1925 καὶ
3567 1870 3788 1942 λευκήν,

2149 1960 2411 2036 χάραγμα
2441 1961 2728 2036 σταυρικόν
2769 1963 2892 2036 περὶ
2945 1961 3006 2017 τὸ
3060 1961 3220 2034 μέσον
3271 1957 3526 2036 ἔχουσαν.
3582 1963 3790 2020 Οὐκοῦν

2146 2052 2236 2105 καὶ
2283 2053 2382 2119 τὴν
2443 2048 2615 2120 δεξιὰν
2659 2053 3062 2130 ξιφηφοροῦσαν
3116 2051 3382 2120 τονώσας,
3443 2051 3526 2107 ἐπ’
3583 2051 3787 2116 εὐθείας

2145 2161 2201 2194 τε
2244 2141 2333 2194 καὶ
2391 2139 2686 2216 ἐγκαρσίως
2746 2141 2883 2195 κατᾶ
2925 2142 3023 2206 τῆς
3077 2138 3302 2202 ἀσπίδος
3358 2138 3622 2210 πλήττων
3690 2140 3792 2196 οὐκ

2147 2228 2276 2284 ἀνίει
2328 2230 2418 2284 τὸν
2480 2227 2779 2297 Μακεδόνα,
2839 2228 3122 2302 οἶστρώδει
3211 2233 3504 2304 προπετείᾳ
3571 2231 3788 2308 χρώμε-

2147 2339 2258 2389 νος,
2311 2319 2402 2374 καὶ
2460 2320 2528 2389 ἦν
2587 2321 2667 2374 ἀεὶ
2725 2318 3100 2394 προσδόκιμος
3161 2319 3298 2394 μέγα
3349 2341 3399 2376 τι
3481 2321 3641 2376 κακὸν
3696 2322 3785 2376 τὸν

2146 2406 2311 2483 ἄνδρα
2368 2408 2706 2484 ἐργάσασθαι.
2798 2409 2899 2464 Καὶ
2963 2407 3218 2484 βασιλεὺς
3291 2409 3622 2466 παντάπασιν
3679 2409 3779 2463 ἀπ-

2148 2497 2394 2568 εγνώκει,
2428 2499 2501 2568 μή
2569 2497 2735 2568 μόνον
2783 2501 2890 2552 τῶν
2930 2497 3312 2572 χρηστοτέρων
3368 2495 3597 2553 ἐλπίδων
3651 2499 3781 2552 ἀπο-

2146 2583 2608 2658 ϐουκολούμενος,
2663 2585 2810 2642 ἀλλᾶ
2865 2587 2953 2640 καὶ
3002 2589 3064 2641 τὸ
3114 2588 3188 2659 μὴ
3247 2587 3490 2651 τεθνάναι
3533 2589 3624 2644 τὸν
3673 2592 3785 2644 Μα-

2144 2671 2334 2730 κεδόνα
2383 2675 2654 2752 λαμπρῶς
2715 2677 3102 2748 ἀπειπάμενος.
3164 2679 3265 2732 Καί
3307 2674 3504 2748 τοιῷδε
3557 2678 3652 2750 μὶν
3697 2675 3788 2732 οὖν

2145 2767 2431 2838 ὁρμήματι
2495 2767 2666 2840 ῥοθίῳ
2744 2770 2840 2820 τοῦ
2935 2766 3342 2821 Κωνσταντίνου
3425 2766 3789 2839 ἐπικειμένου,

2143 2856 2296 2928 ὅμως
2327 2857 2416 2912 τὸν
2451 2856 2778 2931 Εὐστράτιον
2813 2861 3018 2936 φωναῖς
3069 2856 3372 2933 ὑπήλειφον
3425 2858 3476 2911 oi
3523 2859 3790 2928 Ῥωμαῖοι

2141 2948 2232 3002 καὶ
2289 2944 2672 3015 ἀντιπλήττειν
2723 2945 2884 3000 αὐτὸν
2945 2945 3282 3022 ὑπεφώνουν,
3334 2949 3391 3004 Ὁ
3423 2944 3480 3000 δὲ
3517 2943 3792 3008 πολλάκις

2140 3034 2411 3094 ἀνατείνας
2441 3036 2541 3102 τήν
2600 3041 2784 3108 χεῖρα,
2835 3034 2925 3088 καὶ
2968 3031 3191 3104 δόκησιν
3240 3035 3658 3110 παρασχόμενος
3717 3035 3790 3099 ὠς

2140 3123 2336 3193 πλήξει
2368 3124 2458 3176 τὸν
2484 3121 2798 3192 ἀντίπαλον,
2833 3122 3342 3198 ὑπεστέλλετοπαρὲι
3363 3121 3538 3194 δόξαν,
3581 3124 3668 3178 οἶά
3699 3147 3788 3180 τι-

2140 3233 2232 3274 νος
2263 3211 2530 3287 Τελχῖνος
2559 3214 2657 3281 τὴν
2691 3209 2865 3282 δεξιὰν
2901 3212 3085 3285 ἐκείνῳ
3111 3218 3208 3269 τοῦ
3240 3212 3503 3282 πλήττειν
3557 3213 3794 3292 ἀπάγον-

2140 3323 2234 3364 τος
2267 3302 2524 3376 καὶπρὸς
2554 3303 2616 3356 τὸ
2675 3299 2806 3376 δρᾷν
2869 3303 3244 3373 ἐκτεινομένην
3295 3302 3610 3378 ἐπέχοντος.
3657 3306 3790 3377 Ὀψὲ

2144 3389 2200 3446 δέ
2259 3412 2390 3446 ποτε
2452 3393 2585 3464 μετὰ
2650 3391 2869 3461 πολλὴν
2928 3397 3026 3446 τοῦ
3085 3393 3270 3470 ξίφους
3320 3390 3635 3448 ταλάτευσιν
3693 3396 3794 3464 τήν

2141 3487 2302 3562 χεῖρα
2331 3482 2662 3557 κατελεγκὼν
2691 3484 2720 3536 ὁ
2751 3478 3013 3540 Μακεδὼν
3060 3480 3192 3560 διχῆ
3250 3484 3343 3537 τὸν
3388 3485 3792 3539 Κωνστκντίνου

2142 3572 2328 3646 θυρεὸν
2362 3569 2580 3646 διαιρεῖ,
2611 3573 2807 3647 χρῆμά
2834 3593 2886 3625 τι
2940 3571 3190 3646 πέλωρον
3241 3573 3370 3628 ὅντα
3411 3575 3499 3628 καὶ
3549 3573 3792 3648 ἀτεχνῶς

2140 3662 2474 3732 Ἐκτόρειοψ
2535 3661 2670 3733 πρὸς
2727 3659 2856 3734 ὅπερ
2915 3663 3179 3732 Ῥωμαῖοι
3271 3662 3362 3734 μὶν
3446 3660 3790 3732 ἐπηλάλαξαν

2147 3751 2281 3821 μετὰ
2314 3749 2581 3819 πλείστης
2640 3747 2705 3818 δὴ
2766 3755 2866 3816 τῆς
2927 3747 3264 3818 ἐκπλήξεως,
3311 3753 3338 3804 ὁ
3398 3747 3445 3804 δ’
3497 3751 3784 3824 Ἀρμένιος

2141 3839 2204 3894 τὸ
2231 3840 2603 3914 φυλακτήριον
2639 3835 2812 3892 ὅπλον
2845 3838 3018 3898 οὓτως
3049 3837 3300 3902 ἀέλπτως
3345 3834 3787 3914 ἀποϐαλόμενος,

2147 3930 2339 4000 μηκέτι
2377 3929 2550 4000 μένειν
2594 3925 2682 3980 ἐπὶ
2738 3929 2834 3979 τοῦ
2897 3925 3232 4004 μεταιχμίου
3291 3925 3608 4001 δυνάμενος,
3658 3929 3788 3984 ποσί

2142 4018 2240 4083 τὴν
2270 4017 2544 4087 σωτηρίαν
2586 4014 2830 4089 ἐπρίατο,
2891 4013 3288 4091 ἐπαναδραμὼν
3342 4015 3418 4078 είς
3472 4018 3564 4072 τὸν
3613 4015 3786 4092 γήλοο

2142 4126 2242 4183 ερον
2275 4105 2349 4166 ὡς
2375 4105 2467 4159 τὸν
2503 4105 2626 4177 περὶ
2675 4107 2861 4178 ψυχῆς
2918 4106 3135 4182 τρέχων
3186 4106 3278 4158 σὺν
3327 4105 3562 4179 ὀξυτέρῳ
3610 4109 3788 4184 ὁρμή-

2145 4214 2294 4267 ματι.
2327 4195 2440 4251 Τοῦ
2472 4190 2530 4248 δὲ
2570 4192 2770 4248 λοιποῦ
2827 4195 2967 4247 κατᾶ
3016 4193 3204 4268 χώραν
3259 4193 3430 4266 μένων
3483 4192 3606 4249 οὕτε
3651 4197 3788 4252 Ῥω-

2146 4283 2320 4354 μαίων
2373 4282 2822 4358 κατεφρυάττετο,
2873 4278 3000 4336 οὔτε
3058 4283 3166 4354 μὴν
3221 4281 3274 4344 ἐς
3320 4284 3412 4337 τὸν
3457 4282 3654 4338 ἄνακτα
3697 4283 3786 4338 καὶ

376 4367 440 4422 τὸ
491 4365 644 4443 γένος
705 4371 1093 4442 θρασυστομῶν
1153 4369 1531 4442 σαπρολογίας
1589 4369 1724 4422 ἱέναι
1791 4369 2050 4442 προέθετο
2114 4371 2352 4446 βέλεμνα
2405 4371 2458 4426 ἐν
2512 4375 2590 4443 τῷ
2643 4371 2710 4426 τὰ
2767 4367 2934 4444 χείλη
3001 4371 3190 4424 τείνειν
3245 4372 3382 4426 κατὰ
3456 4373 3644 4446 νευρὰν
3699 4373 3786 4427 καὶ

372 4456 500 4520 τοὺς
551 4454 776 4519 ὀδόντας
843 4455 969 4510 ὠσεὶ
1015 4456 1168 4529 τόξον
1227 4455 1520 4520 διατιθέναι
1577 4460 1791 4529 κέρασιν
1849 4459 2246 4532 ἁρμοζόμενον.
2308 4460 2636 4535 Ἐρωτηθεὶς
2691 4457 2748 4512 δὲ
2805 4460 2941 4533 πρὸς
3004 4463 3101 4514 τοῦ
3163 4459 3777 4533 βασιλέωςὸΜοκεδὼν

381 4543 492 4603 ὅτι
534 4545 672 4623 δρῶν
699 4545 789 4602 καί
821 4544 1205 4621 διανοούμενος
1235 4554 1326 4614 εῂν
1391 4547 1484 4618 μὲν
1545 4551 1706 4621 χεῖρα
1763 4545 2036 4610 πολλάκις
2091 4548 2348 4604 ἀνέτεινεν
2410 4549 2483 4610 ὠς
2541 4548 2763 4618 πλήξων
2822 4549 2914 4602 τὸν
2972 4550 3378 4621 ἀνθιστάμενον,
3432 4551 3494 4606 τὸ
3536 4548 3592 4606 δὲ
3639 4551 3787 4628 ξίφος

380 4638 517 4709 ἆπαξ
573 4637 900 4712 κατήνεγκε,
956 4637 1154 4692 σκοπὸν
1215 4633 1358 4689 εἷναί
1415 4635 1467 4689 ὀί
1525 4631 1612 4690 διὰ
1672 4641 1799 4708 μιᾶς
1850 4633 2015 4717 ἔφατο
2079 4642 2179 4693 τοῦ
2237 4639 2422 4712 ξίφους
2503 4642 2816 4713 καταφορᾶς
2889 4639 2988 4705 τήν
3069 4636 3269 4692 ἀσπίδα
3325 4640 3413 4693 καὶ
3468 4640 3559 4694 τὸν
3621 4641 3788 4709 αὐτὴν

379 4727 636 4804 ἀνέχοντα
669 4724 866 4782 διελείν
925 4724 1232 4798 Ἀρμένιον·
1295 4723 1370 4786 ὠς
1426 4721 1473 4778 δ’
1525 4723 1770 4788 ἐπιτελὲς
1840 4728 1939 4781 οὐκ
2005 4727 2128 4802 εἶχε
2189 4729 2252 4783 τὸ
2327 4725 2646 4800 έννούμενον
2712 4723 2799 4780 διὰ
2862 4725 2924 4780 τὸ
2998 4727 3072 4798 μὴ
3142 4725 3193 4780 έν
3263 4732 3386 4802 χρῷ
3451 4729 3543 4784 τὸν
3606 4726 3788 4806 δίάφο-

382 4839 470 4892 ρον
521 4818 612 4871 τὸν
671 4817 857 4891 θυρεὸν
913 4815 1154 4890 ἀνέχειν,
1206 4812 1354 4870 ἀλλὰ
1411 4810 1824 4888 προϐεϐλῆσθαι
1884 4817 2021 4872 κατὰ
2095 4815 2240 4872 πολὺ
2319 4815 2415 4870 τοῦ
2492 4816 2743 4888 σώματος
2817 4815 3120 4890 ἀφεστῶτα,
3195 4809 3332 4890 ἔγνω
3411 4818 3486 4887 μὴ
3561 4815 3790 4872 ἐλινύειν

379 4905 654 4974 διακενῆς,
713 4909 808 4958 τοῦ
868 4901 914 4958 δ’
979 4906 1068 4958 οίιν
1128 4903 1304 4959 ὅπλου
1351 4906 1439 4959 καὶ
1501 4905 1648 4977 μάλα
1705 4905 2014 4960 καθικέσθαι
2073 4904 2325 4977 καιρίως,
2395 4906 2498 4968 εἷθ’
2565 4905 2736 4965 οὕτως
2795 4904 3072 4976 μετελθεῖν
3145 4905 3237 4959 τὸν
3323 4904 3596 4978 πολέμιον
3656 4905 3790 4982 ἅπερ

377 4990 606 5053 ἀσπίδος
671 4991 978 5065 γενόμενον.
1047 4991 1335 5064 Θαυμάσας
1419 4993 1599 5048 τοίνυν
1688 4992 1774 5047 ἐπὶ
1859 4998 1976 5054 τοῖς
2070 4993 2380 5066 εἰρημένοις
2473 4993 2687 5055 τούτοις
2757 4995 2784 5047 ὁ
2854 4992 3110 5068 βασιλεὺς
3202 4991 3430 5068 δωρεαῖς
3521 4993 3790 5074 γεγίσταις

375 5081 650 5156 ἠμείψατο
709 5081 799 5134 σὸν
868 5079 1213 5152 Εὖστράτιον.
1281 5081 1359 5136 Οὐ
1420 5079 1626 5136 πολλαί
1687 5079 1732 5136 δ’
1789 5082 1995 5154 ἡμέραι
2053 5081 2451 5156 παρίππευσαν,
2509 5081 2600 5136 καὶ
2663 5081 2960 5136 ὑποκύπτει
3053 5087 3135 5154 τῷ
3223 5081 3441 5160 βασιλεῖ
3521 5085 3610 5138 καὶ
3700 5084 3789 5158 βία

377 5168 626 5227 ἐνδίδωσι
683 5167 771 5223 καὶ
830 5171 990 5223 τοῦτο
1049 5169 1112 5222 τὸ
1169 5169 1449 5244 φρούριον,
1507 5171 1594 5224 καί
1663 5167 1996 5248 συλληφθεὶς
2053 5171 2080 5224 ὁ
2139 5174 2537 5232 Κωνσταντῖνος
2601 5170 2866 5246 ἀπάγεται
2935 5167 3308 5244 δορκοίλωτος,
3381 5169 3591 5248 σιδήρῳ
3663 5173 3790 5234 τοὺς

378 5259 546 5322 πόδας
601 5257 970 5336 ἀσφαλισθείς.
1029 5259 1274 5312 ’Ἑπειτω
1336 5256 1396 5312 δὶ
1453 5259 1540 5314 καί
1597 5263 1726 5320 ναῦς
1780 5260 2013 5334 τριήρης
2068 5265 2264 5314 τοῦτον
2325 5257 2625 5334 εἰσδέχεται
2709 5260 3095 5332 κατενεχθέντα
3171 5259 3246 5323 είς
3321 5259 3610 5323 θάλασσαν·
3671 5262 3791 5331 ἣτις

379 5349 514 5422 μετᾶ
548 5348 738 5420 μικρὸν
769 5347 836 5402 τὰ
865 5345 1096 5422 ἀπόγεια
1130 5344 1335 5401 λύσασα
1359 5345 1578 5418 ἤμελλε
1609 5345 1929 5420 διακομίσαι
1987 5348 2078 5402 τὸν
2139 5345 2425 5422 δεσμώτην
2485 5349 2539 5410 ἐς
2597 5351 2659 5404 τὸ
2719 5349 3030 5416 Βυζάντιον.
3090 5347 3406 5420 Τολμητίας
3463 5347 3510 5403 δ’
3569 5349 3643 5404 ὢν
3701 5348 3788 5404 καὶ

382 5437 723 5513 θερμουργὸς
791 5437 818 5490 ὁ
885 5435 1170 5510 Ἀρμένιος
1236 5439 1352 5494 τοῖς
1419 5432 1614 5508 φύλαξι
1681 5435 1874 5496 νυκτὸς
1958 5434 2296 5510 ἐπιθέμενος,
2385 5435 2676 5493 πλείστους
2761 5435 2920 5496 ὅσους
3009 5433 3425 5514 διαχειρίζεται,
3506 5437 3592 5492 καί
3681 5442 3788 5494 τῶν

377 5526 590 5602 δεσμῶν
656 5525 859 5590 ἀνεθεῖς
925 5525 1026 5579 ὑπὸ
1089 5528 1195 5578 τῶν
1266 5523 1528 5577 συνόντων
1592 5523 1742 5595 αὐτῷ
1809 5527 2222 5600 θεραπευτήρων
2300 5528 2470 5605 φυγὰς
2557 5525 2794 5601 οἴχεται.
2878 5521 3038 5580 Ἀλλ’
3106 5523 3260 5580 οὔπω
3329 5527 3614 5601 νεωτέροις
3683 5527 3782 5582 έπ-

374 5621 510 5694 εφύη
544 5618 842 5694 πράγμασι,
875 5613 962 5670 καί
996 5612 1274 5687 συσχεςεῖς
1309 5609 1456 5672 αὖθις
1488 5609 1942 5685 καταπροδίδοται
1977 5613 2216 5686 βασιλεῖ.
