  <div class='ocr_page' id='page_1' title='image "/cluster/home/n/w/nwhite01/storage/ocr_20150623/139/mdp.39015078384214/183.png"; bbox 0 0 4150 6292; ppageno 0'>
   <div class='ocr_carea' id='block_1_1' title="bbox 433 363 3838 426">
    <p class='ocr_par' dir='ltr' id='par_1_1' title="bbox 433 363 3838 426">
     <span class='ocr_line' id='line_1_1' title="bbox 433 363 3838 426; baseline 0 -2"><span class='ocrx_word' id='word_1_1' title='bbox 433 365 546 425; x_wconf 78' lang='grc'>351</span> <span class='ocrx_word' id='word_1_2' title='bbox 1739 364 2042 426; x_wconf 67' lang='grc' dir='ltr'>ΝΙΟΕΤλΕ</span> <span class='ocrx_word' id='word_1_3' title='bbox 2084 363 2510 426; x_wconf 69' lang='grc' dir='ltr'>ΟΗΟΝΙΑΤΕ</span> <span class='ocrx_word' id='word_1_4' title='bbox 3723 363 3838 425; x_wconf 77' lang='lat'>352</span> 
     </span>
    </p>
   </div>
   <div class='ocr_carea' id='block_1_2' title="bbox 436 488 3842 576">
    <p class='ocr_par' dir='ltr' id='par_1_2' title="bbox 436 488 3842 576">
     <span class='ocr_line' id='line_1_2' title="bbox 436 488 3842 576; baseline 0 -24"><span class='ocrx_word' id='word_1_5' title='bbox 436 497 527 553; x_wconf 83' lang='grc' dir='ltr'>καὶ</span> <span class='ocrx_word' id='word_1_6' title='bbox 584 497 925 573; x_wconf 79' lang='grc' dir='ltr'>καταγέλων.</span> <span class='ocrx_word' id='word_1_7' title='bbox 995 500 1050 550; x_wconf 91' lang='lat'>&#39;0</span> <span class='ocrx_word' id='word_1_8' title='bbox 1135 500 1240 573; x_wconf 72' lang='grc' dir='ltr'>γὰρ</span> <span class='ocrx_word' id='word_1_9' title='bbox 1325 497 1778 576; x_wconf 76' lang='grc' dir='ltr'>σφενδονοὺμενος</span> <span class='ocrx_word' id='word_1_10' title='bbox 1863 494 1923 550; x_wconf 83' lang='grc' dir='ltr'>ἐκ</span> <span class='ocrx_word' id='word_1_11' title='bbox 2004 500 2112 549; x_wconf 81' lang='grc' dir='ltr'>τῶν</span> <span class='ocrx_word' id='word_1_12' title='bbox 2194 488 2392 559; x_wconf 79' lang='grc' dir='ltr'>ἔσωθεν</span> <span class='ocrx_word' id='word_1_13' title='bbox 2473 495 2675 574; x_wconf 74' lang='grc' dir='ltr'>μύδρος</span> <span class='ocrx_word' id='word_1_14' title='bbox 2735 497 2780 552; x_wconf 84' lang='grc' dir='ltr'>εί</span> <span class='ocrx_word' id='word_1_15' title='bbox 2837 497 2928 551; x_wconf 79' lang='grc' dir='ltr'>καὶ</span> <span class='ocrx_word' id='word_1_16' title='bbox 2984 499 3049 566; x_wconf 77' lang='grc' dir='ltr'>ἦν</span> <span class='ocrx_word' id='word_1_17' title='bbox 3103 497 3344 571; x_wconf 74' lang='grc' dir='ltr'>ἀντήρης</span> <span class='ocrx_word' id='word_1_18' title='bbox 3401 495 3493 550; x_wconf 80' lang='grc' dir='ltr'>καὶ</span> <span class='ocrx_word' id='word_1_19' title='bbox 3551 498 3688 571; x_wconf 86' lang='grc' dir='ltr'>πρὸς</span> <span class='ocrx_word' id='word_1_20' title='bbox 3745 498 3842 560; x_wconf 78' lang='grc' dir='ltr'>τὰς</span> 
     </span>
    </p>
   </div>
   <div class='ocr_carea' id='block_1_3' title="bbox 437 583 3838 666">
    <p class='ocr_par' dir='ltr' id='par_1_3' title="bbox 437 583 3838 666">
     <span class='ocr_line' id='line_1_3' title="bbox 437 583 3838 666; baseline -0.001 -23"><span class='ocrx_word' id='word_1_21' title='bbox 437 587 656 660; x_wconf 72' lang='grc' dir='ltr'>πληγάς</span> <span class='ocrx_word' id='word_1_22' title='bbox 714 585 1015 657; x_wconf 82' lang='grc' dir='ltr'>ἀνένδοτος,</span> <span class='ocrx_word' id='word_1_23' title='bbox 1071 585 1198 642; x_wconf 87' lang='grc' dir='ltr'>ἀλλ’</span> <span class='ocrx_word' id='word_1_24' title='bbox 1268 588 1359 641; x_wconf 80' lang='grc' dir='ltr'>οὗν</span> <span class='ocrx_word' id='word_1_25' title='bbox 1427 586 1814 662; x_wconf 85' lang='grc' dir='ltr'>έπεγχρίπτων</span> <span class='ocrx_word' id='word_1_26' title='bbox 1873 589 1954 656; x_wconf 76' lang='grc' dir='ltr'>τῷ</span> <span class='ocrx_word' id='word_1_27' title='bbox 2018 588 2171 656; x_wconf 84' lang='grc' dir='ltr'>μανῷ</span> <span class='ocrx_word' id='word_1_28' title='bbox 2229 585 2320 638; x_wconf 84' lang='grc' dir='ltr'>καὶ</span> <span class='ocrx_word' id='word_1_29' title='bbox 2377 584 2657 642; x_wconf 81' lang='grc' dir='ltr'>πλαδῶντι</span> <span class='ocrx_word' id='word_1_30' title='bbox 2715 584 2948 659; x_wconf 83' lang='grc' dir='ltr'>διακένῳ</span> <span class='ocrx_word' id='word_1_31' title='bbox 3003 607 3062 640; x_wconf 89' lang='grc' dir='ltr'>τε</span> <span class='ocrx_word' id='word_1_32' title='bbox 3119 585 3207 640; x_wconf 78' lang='grc' dir='ltr'>καὶ</span> <span class='ocrx_word' id='word_1_33' title='bbox 3240 585 3416 660; x_wconf 69' lang='grc' dir='ltr'>γηίνῳ</span> <span class='ocrx_word' id='word_1_34' title='bbox 3437 587 3526 640; x_wconf 79' lang='grc' dir='ltr'>καὶ</span> <span class='ocrx_word' id='word_1_35' title='bbox 3560 583 3838 666; x_wconf 83' lang='grc' dir='ltr'>σομφώδει</span> 
     </span>
    </p>
   </div>
   <div class='ocr_carea' id='block_1_4' title="bbox 439 671 3838 756">
    <p class='ocr_par' dir='ltr' id='par_1_4' title="bbox 439 671 3838 756">
     <span class='ocr_line' id='line_1_4' title="bbox 439 671 3838 756; baseline -0.001 -24"><span class='ocrx_word' id='word_1_36' title='bbox 439 671 796 752; x_wconf 71' lang='grc' dir='ltr'>προϐλήματι</span> <span class='ocrx_word' id='word_1_37' title='bbox 852 672 1124 750; x_wconf 79' lang='grc' dir='ltr'>ἄπρακτος</span> <span class='ocrx_word' id='word_1_38' title='bbox 1180 677 1516 746; x_wconf 78' lang='grc' dir='ltr'>ἠκοντίζετο’</span> <span class='ocrx_word' id='word_1_39' title='bbox 1580 678 1697 756; x_wconf 76' lang='grc' dir='ltr'>εἶχε</span> <span class='ocrx_word' id='word_1_40' title='bbox 1757 675 1852 749; x_wconf 76' lang='grc' dir='ltr'>μὲν</span> <span class='ocrx_word' id='word_1_41' title='bbox 1908 675 2011 748; x_wconf 78' lang='grc' dir='ltr'>γάρ</span> <span class='ocrx_word' id='word_1_42' title='bbox 2069 671 2358 747; x_wconf 87' lang='grc' dir='ltr'>ὑποχαλᾷν</span> <span class='ocrx_word' id='word_1_43' title='bbox 2415 675 2478 730; x_wconf 78' lang='grc' dir='ltr'>τὸ</span> <span class='ocrx_word' id='word_1_44' title='bbox 2541 675 2913 750; x_wconf 83' lang='grc' dir='ltr'>βαλλόμενον,</span> <span class='ocrx_word' id='word_1_45' title='bbox 2941 671 3293 748; x_wconf 75' lang='grc' dir='ltr'>σϐεννύμενος</span> <span class='ocrx_word' id='word_1_46' title='bbox 3325 672 3370 728; x_wconf 82' lang='grc' dir='ltr'>δ’</span> <span class='ocrx_word' id='word_1_47' title='bbox 3402 675 3493 729; x_wconf 80' lang='grc' dir='ltr'>οὗν</span> <span class='ocrx_word' id='word_1_48' title='bbox 3524 676 3678 748; x_wconf 79' lang='grc' dir='ltr'>ὅμως</span> <span class='ocrx_word' id='word_1_49' title='bbox 3712 673 3838 749; x_wconf 83' lang='grc' dir='ltr'>ἔδρα</span> 
     </span>
    </p>
   </div>
   <div class='ocr_carea' id='block_1_5' title="bbox 441 759 3841 844">
    <p class='ocr_par' dir='ltr' id='par_1_5' title="bbox 441 759 3841 844">
     <span class='ocr_line' id='line_1_5' title="bbox 441 759 3841 844; baseline -0.001 -24"><span class='ocrx_word' id='word_1_50' title='bbox 441 764 591 820; x_wconf 79' lang='grc' dir='ltr'>οὐδὲν</span> <span class='ocrx_word' id='word_1_51' title='bbox 625 764 697 819; x_wconf 84' lang='grc' dir='ltr'>ὧν</span> <span class='ocrx_word' id='word_1_52' title='bbox 731 764 882 821; x_wconf 74' lang='grc' dir='ltr'>ἕνεκα</span> <span class='ocrx_word' id='word_1_53' title='bbox 939 763 1208 844; x_wconf 84' lang='grc' dir='ltr'>διηφίετο.</span> <span class='ocrx_word' id='word_1_54' title='bbox 1266 768 1423 824; x_wconf 75' lang='grc' dir='ltr'>’Ὸθεν</span> <span class='ocrx_word' id='word_1_55' title='bbox 1494 767 1630 823; x_wconf 79' lang='grc' dir='ltr'>κατὰ</span> <span class='ocrx_word' id='word_1_56' title='bbox 1690 763 1877 822; x_wconf 85' lang='grc' dir='ltr'>πολλὰ</span> <span class='ocrx_word' id='word_1_57' title='bbox 1939 763 2076 838; x_wconf 85' lang='grc' dir='ltr'>μέρη</span> <span class='ocrx_word' id='word_1_58' title='bbox 2139 759 2524 840; x_wconf 72' lang='grc' dir='ltr'>διαρῥαγέντος</span> <span class='ocrx_word' id='word_1_59' title='bbox 2581 771 2679 820; x_wconf 90' lang='lat'>106</span> <span class='ocrx_word' id='word_1_60' title='bbox 2731 761 3032 840; x_wconf 76' lang='grc' dir='ltr'>περιϐόλου</span> <span class='ocrx_word' id='word_1_61' title='bbox 3082 772 3181 834; x_wconf 81' lang='grc' dir='ltr'>τῆς</span> <span class='ocrx_word' id='word_1_62' title='bbox 3233 763 3450 826; x_wconf 88' lang='grc' dir='ltr'>πόλεως</span> <span class='ocrx_word' id='word_1_63' title='bbox 3499 761 3733 842; x_wconf 82' lang='grc' dir='ltr'>εὐέφοδα</span> <span class='ocrx_word' id='word_1_64' title='bbox 3775 763 3841 819; x_wconf 81' lang='grc' dir='ltr'>τὰ</span> 
     </span>
    </p>
   </div>
   <div class='ocr_carea' id='block_1_6' title="bbox 435 852 3839 934">
    <p class='ocr_par' dir='ltr' id='par_1_6' title="bbox 435 852 3839 934">
     <span class='ocr_line' id='line_1_6' title="bbox 435 852 3839 934; baseline -0.001 -22"><span class='ocrx_word' id='word_1_65' title='bbox 435 855 584 912; x_wconf 77' lang='grc' dir='ltr'>ἔνδον</span> <span class='ocrx_word' id='word_1_66' title='bbox 637 858 863 932; x_wconf 88' lang='grc' dir='ltr'>γίνεται,</span> <span class='ocrx_word' id='word_1_67' title='bbox 921 859 1012 914; x_wconf 84' lang='grc' dir='ltr'>καὶ</span> <span class='ocrx_word' id='word_1_68' title='bbox 1070 864 1148 931; x_wconf 83' lang='grc' dir='ltr'>τῷ</span> <span class='ocrx_word' id='word_1_69' title='bbox 1203 861 1393 934; x_wconf 89' lang='grc' dir='ltr'>τρόπῳ</span> <span class='ocrx_word' id='word_1_70' title='bbox 1445 859 1623 930; x_wconf 71' lang='grc' dir='ltr'>τούτῳ</span> <span class='ocrx_word' id='word_1_71' title='bbox 1682 855 2032 913; x_wconf 80' lang='grc' dir='ltr'>ὑποκλίνεται</span> <span class='ocrx_word' id='word_1_72' title='bbox 2089 852 2307 927; x_wconf 83' lang='grc' dir='ltr'>βασιλεῖ</span> <span class='ocrx_word' id='word_1_73' title='bbox 2352 857 2414 910; x_wconf 87' lang='grc' dir='ltr'>τὸ</span> <span class='ocrx_word' id='word_1_74' title='bbox 2467 855 2594 930; x_wconf 76' lang='grc' dir='ltr'>πρὶν</span> <span class='ocrx_word' id='word_1_75' title='bbox 2653 853 2864 918; x_wconf 79' lang='grc' dir='ltr'>ἀναιδὲς</span> <span class='ocrx_word' id='word_1_76' title='bbox 2929 855 3018 912; x_wconf 82' lang='grc' dir='ltr'>καὶ</span> <span class='ocrx_word' id='word_1_77' title='bbox 3056 855 3260 932; x_wconf 82' lang='grc' dir='ltr'>βρέμον</span> <span class='ocrx_word' id='word_1_78' title='bbox 3308 859 3428 917; x_wconf 89' lang='grc' dir='ltr'>τοῖς</span> <span class='ocrx_word' id='word_1_79' title='bbox 3461 855 3656 916; x_wconf 82' lang='grc' dir='ltr'>ὅπλοις</span> <span class='ocrx_word' id='word_1_80' title='bbox 3700 853 3839 930; x_wconf 89' lang='grc' dir='ltr'>μέγα</span> 
     </span>
    </p>
   </div>
   <div class='ocr_carea' id='block_1_7' title="bbox 434 942 3838 1025">
    <p class='ocr_par' dir='ltr' id='par_1_7' title="bbox 434 942 3838 1025">
     <span class='ocr_line' id='line_1_7' title="bbox 434 942 3838 1025; baseline -0.001 -22"><span class='ocrx_word' id='word_1_81' title='bbox 434 945 727 1021; x_wconf 83' lang='grc' dir='ltr'>πολέμιον,</span> <span class='ocrx_word' id='word_1_82' title='bbox 788 947 878 1002; x_wconf 85' lang='grc' dir='ltr'>καί</span> <span class='ocrx_word' id='word_1_83' title='bbox 929 949 1029 1016; x_wconf 79' lang='grc' dir='ltr'>τήν</span> <span class='ocrx_word' id='word_1_84' title='bbox 1087 949 1251 1005; x_wconf 88' lang='grc' dir='ltr'>πόλιν</span> <span class='ocrx_word' id='word_1_85' title='bbox 1311 944 1648 1025; x_wconf 75' lang='grc' dir='ltr'>’Δναϐάρζαν</span> <span class='ocrx_word' id='word_1_86' title='bbox 1708 946 1911 1023; x_wconf 78' lang='grc' dir='ltr'>ἀνάγκῃ</span> <span class='ocrx_word' id='word_1_87' title='bbox 1965 942 2177 1013; x_wconf 81' lang='grc' dir='ltr'>μᾶλλον</span> <span class='ocrx_word' id='word_1_88' title='bbox 2227 943 2262 1012; x_wconf 77' lang='grc' dir='ltr'><strong>ἢ</strong></span> <span class='ocrx_word' id='word_1_89' title='bbox 2317 945 2504 1021; x_wconf 80' lang='grc' dir='ltr'>γνώλῃ</span> <span class='ocrx_word' id='word_1_90' title='bbox 2535 946 2682 1020; x_wconf 80' lang='grc' dir='ltr'>αὐτῷ</span> <span class='ocrx_word' id='word_1_91' title='bbox 2711 944 3107 1022; x_wconf 80' lang='grc' dir='ltr'>παραδίδωσιν,</span> <span class='ocrx_word' id='word_1_92' title='bbox 3141 945 3240 1000; x_wconf 81' lang='grc' dir='ltr'>οὑκ</span> <span class='ocrx_word' id='word_1_93' title='bbox 3272 944 3332 1000; x_wconf 86' lang='grc' dir='ltr'>έκ</span> <span class='ocrx_word' id='word_1_94' title='bbox 3359 948 3458 1000; x_wconf 90' lang='lat'>106</span> <span class='ocrx_word' id='word_1_95' title='bbox 3489 951 3838 1019; x_wconf 83' lang='grc' dir='ltr'>παραχρῆπα</span> 
     </span>
    </p>
   </div>
   <div class='ocr_carea' id='block_1_8' title="bbox 438 1032 3842 1113">
    <p class='ocr_par' dir='ltr' id='par_1_8' title="bbox 438 1032 3842 1113">
     <span class='ocr_line' id='line_1_8' title="bbox 438 1032 3842 1113; baseline -0.002 -21"><span class='ocrx_word' id='word_1_96' title='bbox 438 1034 514 1105; x_wconf 76' lang='grc' dir='ltr'>δὲ,</span> <span class='ocrx_word' id='word_1_97' title='bbox 575 1034 720 1092; x_wconf 80' lang='grc' dir='ltr'>ἀλλᾶ</span> <span class='ocrx_word' id='word_1_98' title='bbox 775 1037 909 1110; x_wconf 83' lang='grc' dir='ltr'>μετᾶ</span> <span class='ocrx_word' id='word_1_99' title='bbox 965 1043 1152 1110; x_wconf 79' lang='grc' dir='ltr'>πεῖραν</span> <span class='ocrx_word' id='word_1_100' title='bbox 1219 1035 1469 1113; x_wconf 86' lang='grc' dir='ltr'>δευτέραν</span> <span class='ocrx_word' id='word_1_101' title='bbox 1527 1039 1616 1092; x_wconf 76' lang='grc' dir='ltr'>καὶ</span> <span class='ocrx_word' id='word_1_102' title='bbox 1677 1039 1779 1106; x_wconf 78' lang='grc' dir='ltr'>τήν</span> <span class='ocrx_word' id='word_1_103' title='bbox 1837 1033 2112 1096; x_wconf 78' lang='grc' dir='ltr'>πολλάκις</span> <span class='ocrx_word' id='word_1_104' title='bbox 2164 1032 2433 1104; x_wconf 75' lang='grc' dir='ltr'>ἀντίταξιν</span> <span class='ocrx_word' id='word_1_105' title='bbox 2459 1036 2549 1090; x_wconf 75' lang='grc' dir='ltr'>καὶ</span> <span class='ocrx_word' id='word_1_106' title='bbox 2579 1038 2677 1106; x_wconf 70' lang='grc' dir='ltr'>τὴν</span> <span class='ocrx_word' id='word_1_107' title='bbox 2708 1035 2848 1092; x_wconf 84' lang='grc' dir='ltr'>έκτὸ</span> <span class='ocrx_word' id='word_1_108' title='bbox 2889 1037 3157 1110; x_wconf 76' lang='grc' dir='ltr'>προσεχὲς</span> <span class='ocrx_word' id='word_1_109' title='bbox 3187 1035 3368 1109; x_wconf 85' lang='grc' dir='ltr'>ἓτερον</span> <span class='ocrx_word' id='word_1_110' title='bbox 3396 1039 3589 1112; x_wconf 84' lang='grc' dir='ltr'>τεῖχος</span> <span class='ocrx_word' id='word_1_111' title='bbox 3619 1033 3842 1108; x_wconf 83' lang='grc' dir='ltr'>ἀναχώ-</span> 
     </span>
    </p>
   </div>
   <div class='ocr_carea' id='block_1_9' title="bbox 440 1121 3841 1200">
    <p class='ocr_par' dir='ltr' id='par_1_9' title="bbox 440 1121 3841 1200">
     <span class='ocr_line' id='line_1_9' title="bbox 440 1121 3841 1200; baseline -0.001 -20"><span class='ocrx_word' id='word_1_112' title='bbox 440 1147 595 1200; x_wconf 88' lang='grc' dir='ltr'>ρησιν</span> <span class='ocrx_word' id='word_1_113' title='bbox 653 1126 742 1181; x_wconf 83' lang='grc' dir='ltr'>καὶ</span> <span class='ocrx_word' id='word_1_114' title='bbox 808 1127 910 1195; x_wconf 76' lang='grc' dir='ltr'>τὴν</span> <span class='ocrx_word' id='word_1_115' title='bbox 969 1127 1123 1189; x_wconf 73' lang='grc' dir='ltr'>αὖθις</span> <span class='ocrx_word' id='word_1_116' title='bbox 1179 1127 1238 1182; x_wconf 68' lang='grc' dir='ltr'>ἐκ</span> <span class='ocrx_word' id='word_1_117' title='bbox 1295 1125 1473 1194; x_wconf 72' lang='lat'><strong>10635,</strong></span> <span class='ocrx_word' id='word_1_118' title='bbox 1533 1128 1772 1200; x_wconf 79' lang='grc' dir='ltr'>καθάπερ</span> <span class='ocrx_word' id='word_1_119' title='bbox 1831 1124 1936 1179; x_wconf 81' lang='grc' dir='ltr'>ἀπὸ</span> <span class='ocrx_word' id='word_1_120' title='bbox 1991 1126 2089 1176; x_wconf 85' lang='lat'>106</span> <span class='ocrx_word' id='word_1_121' title='bbox 2143 1123 2387 1196; x_wconf 78' lang='grc' dir='ltr'>πρώτου,</span> <span class='ocrx_word' id='word_1_122' title='bbox 2449 1125 2564 1197; x_wconf 80' lang='grc' dir='ltr'>μεθ’</span> <span class='ocrx_word' id='word_1_123' title='bbox 2621 1123 2850 1198; x_wconf 63' lang='grc' dir='ltr'>αἵματος</span> <span class='ocrx_word' id='word_1_124' title='bbox 2909 1121 3189 1198; x_wconf 83' lang='grc' dir='ltr'>ἔκκρουτίν</span> <span class='ocrx_word' id='word_1_125' title='bbox 3235 1145 3295 1180; x_wconf 89' lang='grc' dir='ltr'>τε</span> <span class='ocrx_word' id='word_1_126' title='bbox 3333 1127 3422 1178; x_wconf 81' lang='grc' dir='ltr'>καὶ</span> <span class='ocrx_word' id='word_1_127' title='bbox 3457 1121 3841 1179; x_wconf 84' lang='grc' dir='ltr'>ἀποσάλευσιν.</span> 
     </span>
    </p>
   </div>
   <div class='ocr_carea' id='block_1_10' title="bbox 510 1211 2080 1290">
    <p class='ocr_par' dir='ltr' id='par_1_10' title="bbox 510 1215 2080 1288">
     <span class='ocr_line' id='line_1_10' title="bbox 510 1215 2080 1288; baseline -0.003 -16"><span class='ocrx_word' id='word_1_128' title='bbox 510 1217 610 1272; x_wconf 76' lang='lat'>30</span> <span class='ocrx_word' id='word_1_129' title='bbox 633 1218 1201 1288; x_wconf 86' lang='lat' dir='ltr'>Circumjacentibus</span> <span class='ocrx_word' id='word_1_130' title='bbox 1242 1219 1500 1274; x_wconf 81' lang='lat' dir='ltr'>castellis</span> <span class='ocrx_word' id='word_1_131' title='bbox 1549 1219 1756 1274; x_wconf 91' lang='lat' dir='ltr'>eodem</span> <span class='ocrx_word' id='word_1_132' title='bbox 1817 1215 2080 1271; x_wconf 76' lang='lat' dir='ltr'>tractatis</span> 
     </span>
    </p>
   </div>
   <div class='ocr_carea' id='block_1_11' title="bbox 2189 1211 3848 1290">
    <p class='ocr_par' dir='ltr' id='par_1_11' title="bbox 2261 1211 3848 1290">
     <span class='ocr_line' id='line_1_11' title="bbox 2261 1211 3848 1290; baseline -0.002 -21"><span class='ocrx_word' id='word_1_133' title='bbox 2261 1212 2501 1286; x_wconf 86' lang='grc' dir='ltr'>Ὁμοίως</span> <span class='ocrx_word' id='word_1_134' title='bbox 2557 1211 2613 1268; x_wconf 75' lang='grc' dir='ltr'>δὲ</span> <span class='ocrx_word' id='word_1_135' title='bbox 2667 1214 2757 1269; x_wconf 84' lang='grc' dir='ltr'>καὶ</span> <span class='ocrx_word' id='word_1_136' title='bbox 2815 1215 2881 1269; x_wconf 73' lang='grc' dir='ltr'>τὰ</span> <span class='ocrx_word' id='word_1_137' title='bbox 2937 1213 3088 1290; x_wconf 79' lang='grc' dir='ltr'>πέριξ</span> <span class='ocrx_word' id='word_1_138' title='bbox 3150 1213 3378 1283; x_wconf 82' lang='grc' dir='ltr'>ταυτησὶ</span> <span class='ocrx_word' id='word_1_139' title='bbox 3432 1219 3532 1280; x_wconf 82' lang='grc' dir='ltr'>τῆς</span> <span class='ocrx_word' id='word_1_140' title='bbox 3623 1211 3848 1275; x_wconf 88' lang='grc' dir='ltr'>πόλεως</span> 
     </span>
    </p>
   </div>
   <div class='ocr_carea' id='block_1_12' title="bbox 437 1300 2080 1381">
    <p class='ocr_par' dir='ltr' id='par_1_12' title="bbox 437 1305 2080 1380">
     <span class='ocr_line' id='line_1_12' title="bbox 437 1305 2080 1380; baseline -0.003 -18"><span class='ocrx_word' id='word_1_141' title='bbox 437 1307 614 1362; x_wconf 86' lang='lat' dir='ltr'>modo</span> <span class='ocrx_word' id='word_1_142' title='bbox 647 1308 708 1362; x_wconf 90' lang='lat' dir='ltr'>in</span> <span class='ocrx_word' id='word_1_143' title='bbox 726 1307 1103 1380; x_wconf 74' lang='lat' dir='ltr'>leesyriam</span> <span class='ocrx_word' id='word_1_144' title='bbox 1127 1308 1248 1364; x_wconf 83' lang='lat' dir='ltr'>abit</span> <span class='ocrx_word' id='word_1_145' title='bbox 1276 1326 1288 1374; x_wconf 92' lang='lat'><strong>;</strong></span> <span class='ocrx_word' id='word_1_146' title='bbox 1314 1314 1372 1363; x_wconf 86' lang='lat' dir='ltr'>et</span> <span class='ocrx_word' id='word_1_147' title='bbox 1389 1308 1852 1380; x_wconf 82' lang='lat' dir='ltr'>pulcherrimam</span> <span class='ocrx_word' id='word_1_148' title='bbox 1877 1305 2080 1359; x_wconf 87' lang='lat' dir='ltr'>nrhem</span> 
     </span>
    </p>
   </div>
   <div class='ocr_carea' id='block_1_13' title="bbox 2189 1300 3847 1381">
    <p class='ocr_par' dir='ltr' id='par_1_13' title="bbox 2195 1300 3847 1381">
     <span class='ocr_line' id='line_1_13' title="bbox 2195 1300 3847 1381; baseline -0.001 -25"><span class='ocrx_word' id='word_1_149' title='bbox 2195 1303 2427 1381; x_wconf 72' lang='grc' dir='ltr'>φρούρια</span> <span class='ocrx_word' id='word_1_150' title='bbox 2480 1301 2754 1374; x_wconf 86' lang='grc' dir='ltr'>μετελθὼν</span> <span class='ocrx_word' id='word_1_151' title='bbox 2813 1301 2866 1364; x_wconf 85' lang='grc' dir='ltr'>ές</span> <span class='ocrx_word' id='word_1_152' title='bbox 2919 1304 3021 1371; x_wconf 72' lang='grc' dir='ltr'>τὴν</span> <span class='ocrx_word' id='word_1_153' title='bbox 3090 1301 3288 1371; x_wconf 89' lang='grc' dir='ltr'>κοίλην</span> <span class='ocrx_word' id='word_1_154' title='bbox 3352 1301 3580 1373; x_wconf 59' lang='grc' dir='ltr'>Συρίαν*</span> <span class='ocrx_word' id='word_1_155' title='bbox 3645 1300 3847 1370; x_wconf 71' lang='grc' dir='ltr'>ἄπεισι,</span> 
     </span>
    </p>
   </div>
   <div class='ocr_carea' id='block_1_14' title="bbox 439 1396 2084 1468">
    <p class='ocr_par' dir='ltr' id='par_1_14' title="bbox 439 1396 2084 1468">
     <span class='ocr_line' id='line_1_14' title="bbox 439 1396 2084 1468; baseline -0.002 -18"><span class='ocrx_word' id='word_1_156' title='bbox 439 1396 815 1451; x_wconf 79' lang='lat' dir='ltr'>Antiochiam</span> <span class='ocrx_word' id='word_1_157' title='bbox 839 1397 1160 1468; x_wconf 83' lang='lat' dir='ltr'>ingressus,</span> <span class='ocrx_word' id='word_1_158' title='bbox 1196 1415 1372 1468; x_wconf 87' lang='lat' dir='ltr'>quam</span> <span class='ocrx_word' id='word_1_159' title='bbox 1408 1397 1618 1452; x_wconf 90' lang='lat' dir='ltr'>ﬂuvius</span> <span class='ocrx_word' id='word_1_160' title='bbox 1657 1400 1902 1451; x_wconf 85' lang='lat' dir='ltr'>Orontes</span> <span class='ocrx_word' id='word_1_161' title='bbox 1950 1410 2084 1465; x_wconf 86' lang='lat' dir='ltr'>per-</span> 
     </span>
    </p>
   </div>
   <div class='ocr_carea' id='block_1_15' title="bbox 441 1484 2088 1558">
    <p class='ocr_par' dir='ltr' id='par_1_15' title="bbox 441 1484 2088 1558">
     <span class='ocr_line' id='line_1_15' title="bbox 441 1484 2088 1558; baseline -0.001 -20"><span class='ocrx_word' id='word_1_162' title='bbox 441 1485 571 1538; x_wconf 88' lang='lat' dir='ltr'>ﬂuit</span> <span class='ocrx_word' id='word_1_163' title='bbox 602 1491 661 1539; x_wconf 91' lang='lat' dir='ltr'>et</span> <span class='ocrx_word' id='word_1_164' title='bbox 697 1490 906 1540; x_wconf 92' lang='lat' dir='ltr'>ventus</span> <span class='ocrx_word' id='word_1_165' title='bbox 937 1487 1224 1541; x_wconf 82' lang='lat' dir='ltr'>Favonius</span> <span class='ocrx_word' id='word_1_166' title='bbox 1253 1486 1482 1558; x_wconf 88' lang='lat' dir='ltr'>perﬂat,</span> <span class='ocrx_word' id='word_1_167' title='bbox 1509 1486 1740 1557; x_wconf 88' lang='lat' dir='ltr'>supinis</span> <span class='ocrx_word' id='word_1_168' title='bbox 1762 1484 2088 1540; x_wconf 88' lang='lat' dir='ltr'>manibusa</span> 
     </span>
    </p>
   </div>
   <div class='ocr_carea' id='block_1_16' title="bbox 441 1573 2086 1646">
    <p class='ocr_par' dir='ltr' id='par_1_16' title="bbox 441 1573 2086 1646">
     <span class='ocr_line' id='line_1_16' title="bbox 441 1573 2086 1646; baseline -0.001 -18"><span class='ocrx_word' id='word_1_169' title='bbox 441 1574 708 1646; x_wconf 83' lang='lat' dir='ltr'>principe</span> <span class='ocrx_word' id='word_1_170' title='bbox 749 1575 1078 1629; x_wconf 68' lang='lat' dir='ltr'>Ilaimundo</span> <span class='ocrx_word' id='word_1_171' title='bbox 1128 1581 1181 1630; x_wconf 90' lang='lat' dir='ltr'>et</span> <span class='ocrx_word' id='word_1_172' title='bbox 1225 1577 1386 1630; x_wconf 91' lang='lat' dir='ltr'>omni</span> <span class='ocrx_word' id='word_1_173' title='bbox 1441 1575 1658 1630; x_wconf 80' lang='lat' dir='ltr'>civium</span> <span class='ocrx_word' id='word_1_174' title='bbox 1705 1573 2086 1630; x_wconf 86' lang='lat' dir='ltr'>multitudine</span> 
     </span>
    </p>
   </div>
   <div class='ocr_carea' id='block_1_17' title="bbox 445 1663 2085 1734">
    <p class='ocr_par' dir='ltr' id='par_1_17' title="bbox 445 1663 2085 1734">
     <span class='ocr_line' id='line_1_17' title="bbox 445 1663 2085 1734; baseline 0 -18"><span class='ocrx_word' id='word_1_175' title='bbox 445 1663 784 1732; x_wconf 85' lang='lat' dir='ltr'>suscipitur.</span> <span class='ocrx_word' id='word_1_176' title='bbox 807 1663 1020 1717; x_wconf 90' lang='lat' dir='ltr'>Diebus</span> <span class='ocrx_word' id='word_1_177' title='bbox 1053 1663 1320 1734; x_wconf 89' lang='lat' dir='ltr'>pluribus</span> <span class='ocrx_word' id='word_1_178' title='bbox 1352 1665 1412 1718; x_wconf 91' lang='lat' dir='ltr'>in</span> <span class='ocrx_word' id='word_1_179' title='bbox 1465 1663 1612 1718; x_wconf 89' lang='lat' dir='ltr'>urbe</span> <span class='ocrx_word' id='word_1_180' title='bbox 1661 1667 2085 1728; x_wconf 86' lang='lat' dir='ltr'>commoratus,</span> 
     </span>
    </p>
   </div>
   <div class='ocr_carea' id='block_1_18' title="bbox 443 1751 2085 1823">
    <p class='ocr_par' dir='ltr' id='par_1_18' title="bbox 443 1751 2085 1823">
     <span class='ocr_line' id='line_1_18' title="bbox 443 1751 2085 1823; baseline 0.001 -19"><span class='ocrx_word' id='word_1_181' title='bbox 443 1752 708 1822; x_wconf 77' lang='lat' dir='ltr'>initaque</span> <span class='ocrx_word' id='word_1_182' title='bbox 740 1769 871 1806; x_wconf 89' lang='lat' dir='ltr'>cum</span> <span class='ocrx_word' id='word_1_183' title='bbox 922 1753 1189 1823; x_wconf 87' lang='lat' dir='ltr'>principe</span> <span class='ocrx_word' id='word_1_184' title='bbox 1233 1753 1563 1808; x_wconf 82' lang='lat' dir='ltr'>Raimundo</span> <span class='ocrx_word' id='word_1_185' title='bbox 1614 1759 1671 1806; x_wconf 91' lang='lat' dir='ltr'>et</span> <span class='ocrx_word' id='word_1_186' title='bbox 1723 1751 2085 1823; x_wconf 89' lang='lat' dir='ltr'>Tripolitano</span> 
     </span>
    </p>
   </div>
   <div class='ocr_carea' id='block_1_19' title="bbox 441 1841 2088 1914">
    <p class='ocr_par' dir='ltr' id='par_1_19' title="bbox 441 1841 2088 1914">
     <span class='ocr_line' id='line_1_19' title="bbox 441 1841 2088 1914; baseline -0.001 -19"><span class='ocrx_word' id='word_1_187' title='bbox 441 1842 655 1895; x_wconf 82' lang='lat' dir='ltr'>comite</span> <span class='ocrx_word' id='word_1_188' title='bbox 671 1841 1285 1902; x_wconf 72' lang='lat' dir='ltr'>amicitia.Antiochiaa</span> <span class='ocrx_word' id='word_1_189' title='bbox 1301 1843 1584 1897; x_wconf 82' lang='lat' dir='ltr'>ﬁnitimas</span> <span class='ocrx_word' id='word_1_190' title='bbox 1607 1841 2088 1914; x_wconf 81' lang='lat' dir='ltr'>Syrophcenissas</span> 
     </span>
    </p>
   </div>
   <div class='ocr_carea' id='block_1_20' title="bbox 439 1931 2084 2003">
    <p class='ocr_par' dir='ltr' id='par_1_20' title="bbox 439 1931 2084 2003">
     <span class='ocr_line' id='line_1_20' title="bbox 439 1931 2084 2003; baseline -0.001 -18"><span class='ocrx_word' id='word_1_191' title='bbox 439 1931 775 2001; x_wconf 74' lang='lat' dir='ltr'>urbes,qum</span> <span class='ocrx_word' id='word_1_192' title='bbox 799 1931 871 1985; x_wconf 85' lang='lat' dir='ltr'>ab</span> <span class='ocrx_word' id='word_1_193' title='bbox 888 1932 1172 2000; x_wconf 85' lang='lat' dir='ltr'>Agarenis</span> <span class='ocrx_word' id='word_1_194' title='bbox 1205 1937 1570 2000; x_wconf 80' lang='lat' dir='ltr'>tenerentur,</span> <span class='ocrx_word' id='word_1_195' title='bbox 1591 1931 1825 2003; x_wconf 77' lang='lat' dir='ltr'>aggredi</span> <span class='ocrx_word' id='word_1_196' title='bbox 1861 1931 2084 1984; x_wconf 88' lang='lat' dir='ltr'>statuit.</span> 
     </span>
    </p>
   </div>
   <div class='ocr_carea' id='block_1_21' title="bbox 440 2019 2084 2092">
    <p class='ocr_par' dir='ltr' id='par_1_21' title="bbox 440 2019 2084 2092">
     <span class='ocr_line' id='line_1_21' title="bbox 440 2019 2084 2092; baseline -0.002 -16"><span class='ocrx_word' id='word_1_197' title='bbox 440 2021 743 2076; x_wconf 86' lang='lat' dir='ltr'>Profectus</span> <span class='ocrx_word' id='word_1_198' title='bbox 793 2022 972 2092; x_wconf 88' lang='lat' dir='ltr'>igitur</span> <span class='ocrx_word' id='word_1_199' title='bbox 1013 2021 1087 2076; x_wconf 89' lang='lat' dir='ltr'>ad</span> <span class='ocrx_word' id='word_1_200' title='bbox 1150 2021 1510 2092; x_wconf 86' lang='lat' dir='ltr'>Euphratem</span> <span class='ocrx_word' id='word_1_201' title='bbox 1555 2021 1798 2075; x_wconf 90' lang='lat' dir='ltr'>ﬂuvium</span> <span class='ocrx_word' id='word_1_202' title='bbox 1854 2020 1952 2074; x_wconf 92' lang='lat' dir='ltr'>ubi</span> <span class='ocrx_word' id='word_1_203' title='bbox 2012 2019 2084 2074; x_wconf 90' lang='lat' dir='ltr'>ad</span> 
     </span>
    </p>
   </div>
   <div class='ocr_carea' id='block_1_22' title="bbox 443 2109 2084 2181">
    <p class='ocr_par' dir='ltr' id='par_1_22' title="bbox 443 2109 2084 2181">
     <span class='ocr_line' id='line_1_22' title="bbox 443 2109 2084 2181; baseline -0.002 -17"><span class='ocrx_word' id='word_1_204' title='bbox 443 2110 726 2181; x_wconf 84' lang='lat' dir='ltr'>oppidum</span> <span class='ocrx_word' id='word_1_205' title='bbox 761 2110 920 2180; x_wconf 93' lang='lat' dir='ltr'>quod</span> <span class='ocrx_word' id='word_1_206' title='bbox 939 2109 1010 2164; x_wconf 89' lang='lat' dir='ltr'>ab</span> <span class='ocrx_word' id='word_1_207' title='bbox 1042 2110 1255 2165; x_wconf 87' lang='lat' dir='ltr'>incolis</span> <span class='ocrx_word' id='word_1_208' title='bbox 1279 2111 1410 2165; x_wconf 86' lang='lat' dir='ltr'>Piza</span> <span class='ocrx_word' id='word_1_209' title='bbox 1437 2116 1678 2165; x_wconf 88' lang='lat' dir='ltr'>vocatur</span> <span class='ocrx_word' id='word_1_210' title='bbox 1697 2109 2084 2180; x_wconf 84' lang='lat' dir='ltr'>pervenisset,</span> 
     </span>
    </p>
   </div>
   <div class='ocr_carea' id='block_1_23' title="bbox 445 2199 2086 2271">
    <p class='ocr_par' dir='ltr' id='par_1_23' title="bbox 445 2199 2086 2271">
     <span class='ocr_line' id='line_1_23' title="bbox 445 2199 2086 2271; baseline -0.001 -18"><span class='ocrx_word' id='word_1_211' title='bbox 445 2206 498 2254; x_wconf 91' lang='lat' dir='ltr'>et</span> <span class='ocrx_word' id='word_1_212' title='bbox 517 2200 716 2254; x_wconf 85' lang='lat' dir='ltr'>hostes</span> <span class='ocrx_word' id='word_1_213' title='bbox 739 2200 797 2253; x_wconf 89' lang='lat' dir='ltr'>in</span> <span class='ocrx_word' id='word_1_214' title='bbox 811 2199 1089 2254; x_wconf 87' lang='lat' dir='ltr'>conﬂictu</span> <span class='ocrx_word' id='word_1_215' title='bbox 1110 2200 1432 2254; x_wconf 88' lang='lat' dir='ltr'>fortissime</span> <span class='ocrx_word' id='word_1_216' title='bbox 1447 2215 1510 2254; x_wconf 90' lang='lat' dir='ltr'>se</span> <span class='ocrx_word' id='word_1_217' title='bbox 1530 2200 2086 2271; x_wconf 81' lang='lat' dir='ltr'>gessissent,Roma-</span> 
     </span>
    </p>
   </div>
   <div class='ocr_carea' id='block_1_24' title="bbox 443 2286 2090 2359">
    <p class='ocr_par' dir='ltr' id='par_1_24' title="bbox 443 2286 2090 2359">
     <span class='ocr_line' id='line_1_24' title="bbox 443 2286 2090 2359; baseline -0.001 -17"><span class='ocrx_word' id='word_1_218' title='bbox 443 2305 520 2342; x_wconf 84' lang='lat' dir='ltr'>na</span> <span class='ocrx_word' id='word_1_219' title='bbox 546 2288 718 2359; x_wconf 84' lang='lat' dir='ltr'>legio,</span> <span class='ocrx_word' id='word_1_220' title='bbox 742 2305 874 2358; x_wconf 58' lang='lat' dir='ltr'>quas</span> <span class='ocrx_word' id='word_1_221' title='bbox 897 2288 1350 2359; x_wconf 89' lang='lat' dir='ltr'>impressionem</span> <span class='ocrx_word' id='word_1_222' title='bbox 1381 2289 1622 2349; x_wconf 85' lang='lat' dir='ltr'>fecerat.</span> <span class='ocrx_word' id='word_1_223' title='bbox 1647 2286 1872 2342; x_wconf 90' lang='lat' dir='ltr'>recedit</span> <span class='ocrx_word' id='word_1_224' title='bbox 1908 2286 2090 2340; x_wconf 83' lang='lat' dir='ltr'>hosti-</span> 
     </span>
    </p>
   </div>
   <div class='ocr_carea' id='block_1_25' title="bbox 441 2375 2083 2448">
    <p class='ocr_par' dir='ltr' id='par_1_25' title="bbox 441 2375 2083 2448">
     <span class='ocr_line' id='line_1_25' title="bbox 441 2375 2083 2448; baseline -0.001 -17"><span class='ocrx_word' id='word_1_225' title='bbox 441 2377 549 2432; x_wconf 91' lang='lat' dir='ltr'>bus</span> <span class='ocrx_word' id='word_1_226' title='bbox 589 2377 984 2447; x_wconf 90' lang='lat' dir='ltr'>aliquousque</span> <span class='ocrx_word' id='word_1_227' title='bbox 1029 2377 1544 2448; x_wconf 78' lang='lat' dir='ltr'>persequentibus,</span> <span class='ocrx_word' id='word_1_228' title='bbox 1596 2383 1660 2430; x_wconf 89' lang='lat' dir='ltr'>ut</span> <span class='ocrx_word' id='word_1_229' title='bbox 1690 2392 1942 2447; x_wconf 90' lang='lat' dir='ltr'>quorum</span> <span class='ocrx_word' id='word_1_230' title='bbox 1975 2375 2083 2430; x_wconf 90' lang='lat' dir='ltr'>im-</span> 
     </span>
    </p>
   </div>
   <div class='ocr_carea' id='block_1_26' title="bbox 376 2467 2082 2539">
    <p class='ocr_par' dir='ltr' id='par_1_26' title="bbox 376 2467 2082 2539">
     <span class='ocr_line' id='line_1_26' title="bbox 376 2467 2082 2539; baseline -0.002 -16"><span class='ocrx_word' id='word_1_231' title='bbox 376 2497 388 2507; x_wconf 85' lang='lat'><strong>-</strong></span> <span class='ocrx_word' id='word_1_232' title='bbox 441 2485 672 2524; x_wconf 88' lang='lat' dir='ltr'>manem</span> <span class='ocrx_word' id='word_1_233' title='bbox 693 2467 1222 2538; x_wconf 88' lang='lat' dir='ltr'>incredibilemque</span> <span class='ocrx_word' id='word_1_234' title='bbox 1245 2468 1529 2539; x_wconf 89' lang='lat' dir='ltr'>impetum</span> <span class='ocrx_word' id='word_1_235' title='bbox 1549 2468 1701 2522; x_wconf 84' lang='lat' dir='ltr'>ferre</span> <span class='ocrx_word' id='word_1_236' title='bbox 1723 2483 1844 2521; x_wconf 90' lang='lat' dir='ltr'>non</span> <span class='ocrx_word' id='word_1_237' title='bbox 1869 2471 2082 2538; x_wconf 89' lang='lat' dir='ltr'>posset.</span> 
     </span>
    </p>
   </div>
   <div class='ocr_carea' id='block_1_27' title="bbox 2191 1388 3842 1468">
    <p class='ocr_par' dir='ltr' id='par_1_27' title="bbox 2191 1388 3842 1468">
     <span class='ocr_line' id='line_1_27' title="bbox 2191 1388 3842 1468; baseline -0.001 -22"><span class='ocrx_word' id='word_1_238' title='bbox 2191 1391 2282 1446; x_wconf 86' lang='grc' dir='ltr'>καὶ</span> <span class='ocrx_word' id='word_1_239' title='bbox 2334 1394 2434 1460; x_wconf 74' lang='grc' dir='ltr'>τήν</span> <span class='ocrx_word' id='word_1_240' title='bbox 2491 1391 2829 1448; x_wconf 84' lang='grc' dir='ltr'>καλλίπολιν</span> <span class='ocrx_word' id='word_1_241' title='bbox 2890 1395 3230 1468; x_wconf 80' lang='grc' dir='ltr'>Ἀντιόχειαν</span> <span class='ocrx_word' id='word_1_242' title='bbox 3286 1391 3486 1460; x_wconf 86' lang='grc' dir='ltr'>εἰσιὼν,</span> <span class='ocrx_word' id='word_1_243' title='bbox 3535 1393 3602 1460; x_wconf 70' lang='grc' dir='ltr'>ἢν</span> <span class='ocrx_word' id='word_1_244' title='bbox 3653 1388 3842 1445; x_wconf 79' lang='grc' dir='ltr'>δίεισιν</span> 
     </span>
    </p>
   </div>
   <div class='ocr_carea' id='block_1_28' title="bbox 2192 1472 3846 1558">
    <p class='ocr_par' dir='ltr' id='par_1_28' title="bbox 2192 1472 3846 1558">
     <span class='ocr_line' id='line_1_28' title="bbox 2192 1472 3846 1558; baseline -0.007 -20"><span class='ocrx_word' id='word_1_245' title='bbox 2192 1482 2448 1558; x_wconf 79' lang='grc' dir='ltr'>Ὀρόντης</span> <span class='ocrx_word' id='word_1_246' title='bbox 2497 1484 2582 1538; x_wconf 73' lang='grc' dir='ltr'>καὶ</span> <span class='ocrx_word' id='word_1_247' title='bbox 2628 1476 2958 1557; x_wconf 77' lang='grc' dir='ltr'>περιϐομϐεῖ</span> <span class='ocrx_word' id='word_1_248' title='bbox 3038 1477 3273 1556; x_wconf 83' lang='grc' dir='ltr'>Ζέφυρος</span> <span class='ocrx_word' id='word_1_249' title='bbox 3350 1474 3566 1546; x_wconf 75' lang='grc' dir='ltr'>ἄνεμος,</span> <span class='ocrx_word' id='word_1_250' title='bbox 3630 1472 3846 1535; x_wconf 77' lang='grc' dir='ltr'>ὑπτίαις</span> 
     </span>
    </p>
   </div>
   <div class='ocr_carea' id='block_1_29' title="bbox 2193 1561 3845 1651">
    <p class='ocr_par' dir='ltr' id='par_1_29' title="bbox 2193 1561 3845 1651">
     <span class='ocr_line' id='line_1_29' title="bbox 2193 1561 3845 1651; baseline -0.007 -23"><span class='ocrx_word' id='word_1_251' title='bbox 2193 1573 2352 1651; x_wconf 80' lang='grc' dir='ltr'>χερσί</span> <span class='ocrx_word' id='word_1_252' title='bbox 2405 1574 2552 1648; x_wconf 78' lang='grc' dir='ltr'>παρὰ</span> <span class='ocrx_word' id='word_1_253' title='bbox 2603 1593 2662 1628; x_wconf 89' lang='grc' dir='ltr'>τε</span> <span class='ocrx_word' id='word_1_254' title='bbox 2715 1577 2812 1628; x_wconf 90' lang='lat'>106</span> <span class='ocrx_word' id='word_1_255' title='bbox 2869 1569 3164 1644; x_wconf 88' lang='grc' dir='ltr'>πρίγκιπος</span> <span class='ocrx_word' id='word_1_256' title='bbox 3223 1561 3584 1637; x_wconf 79' lang='grc' dir='ltr'>Ῥαϊμοόνδου</span> <span class='ocrx_word' id='word_1_257' title='bbox 3621 1562 3711 1618; x_wconf 83' lang='grc' dir='ltr'>καὶ</span> <span class='ocrx_word' id='word_1_258' title='bbox 3747 1565 3845 1617; x_wconf 88' lang='lat'>106</span> 
     </span>
    </p>
   </div>
   <div class='ocr_carea' id='block_1_30' title="bbox 2193 1651 3842 1734">
    <p class='ocr_par' dir='ltr' id='par_1_30' title="bbox 2193 1651 3842 1734">
     <span class='ocr_line' id='line_1_30' title="bbox 2193 1651 3842 1734; baseline -0.007 -17"><span class='ocrx_word' id='word_1_259' title='bbox 2193 1660 2439 1734; x_wconf 75' lang='grc' dir='ltr'>πλήθους</span> <span class='ocrx_word' id='word_1_260' title='bbox 2493 1663 2692 1722; x_wconf 84' lang='grc' dir='ltr'>παντὸς</span> <span class='ocrx_word' id='word_1_261' title='bbox 2746 1665 2854 1715; x_wconf 82' lang='grc' dir='ltr'>τῶν</span> <span class='ocrx_word' id='word_1_262' title='bbox 2913 1657 3228 1728; x_wconf 82' lang='grc' dir='ltr'>ἀστυνόμων</span> <span class='ocrx_word' id='word_1_263' title='bbox 3286 1651 3671 1728; x_wconf 85' lang='grc' dir='ltr'>προσδέχεται.</span> <span class='ocrx_word' id='word_1_264' title='bbox 3723 1651 3842 1727; x_wconf 83' lang='grc' dir='ltr'>Ἐφ’</span> 
     </span>
    </p>
   </div>
   <div class='ocr_carea' id='block_1_31' title="bbox 2193 1739 3836 1825">
    <p class='ocr_par' dir='ltr' id='par_1_31' title="bbox 2193 1739 3836 1825">
     <span class='ocr_line' id='line_1_31' title="bbox 2193 1739 3836 1825; baseline -0.007 -21"><span class='ocrx_word' id='word_1_265' title='bbox 2193 1752 2402 1813; x_wconf 78' lang='grc' dir='ltr'>ἱκαναῖς</span> <span class='ocrx_word' id='word_1_266' title='bbox 2432 1749 2478 1806; x_wconf 84' lang='grc' dir='ltr'>δ’</span> <span class='ocrx_word' id='word_1_267' title='bbox 2509 1751 2741 1825; x_wconf 74' lang='grc' dir='ltr'>ἡμέραις</span> <span class='ocrx_word' id='word_1_268' title='bbox 2797 1752 2866 1821; x_wconf 79' lang='grc' dir='ltr'>τῇ</span> <span class='ocrx_word' id='word_1_269' title='bbox 2897 1746 3060 1802; x_wconf 85' lang='grc' dir='ltr'>πόλει</span> <span class='ocrx_word' id='word_1_270' title='bbox 3114 1742 3474 1817; x_wconf 82' lang='grc' dir='ltr'>ἐνδιατρίψας,</span> <span class='ocrx_word' id='word_1_271' title='bbox 3507 1741 3599 1796; x_wconf 87' lang='grc' dir='ltr'>καί</span> <span class='ocrx_word' id='word_1_272' title='bbox 3658 1739 3836 1809; x_wconf 82' lang='grc' dir='ltr'>λίζιον</span> 
     </span>
    </p>
   </div>
   <div class='ocr_carea' id='block_1_32' title="bbox 2194 1827 3845 1913">
    <p class='ocr_par' dir='ltr' id='par_1_32' title="bbox 2194 1827 3845 1913">
     <span class='ocr_line' id='line_1_32' title="bbox 2194 1827 3845 1913; baseline -0.007 -19"><span class='ocrx_word' id='word_1_273' title='bbox 2194 1841 2366 1913; x_wconf 75' lang='grc' dir='ltr'>ἑαυτῷ</span> <span class='ocrx_word' id='word_1_274' title='bbox 2420 1844 2527 1913; x_wconf 72' lang='lat'>(29)</span> <span class='ocrx_word' id='word_1_275' title='bbox 2583 1840 2676 1894; x_wconf 87' lang='grc' dir='ltr'>τὸν</span> <span class='ocrx_word' id='word_1_276' title='bbox 2729 1837 2998 1913; x_wconf 76' lang='grc' dir='ltr'>πρίγκιπα</span> <span class='ocrx_word' id='word_1_277' title='bbox 3057 1832 3252 1903; x_wconf 80' lang='grc' dir='ltr'>δείξας,</span> <span class='ocrx_word' id='word_1_278' title='bbox 3306 1833 3398 1886; x_wconf 78' lang='grc' dir='ltr'>σὺν</span> <span class='ocrx_word' id='word_1_279' title='bbox 3439 1831 3589 1902; x_wconf 83' lang='grc' dir='ltr'>αὐτῷ</span> <span class='ocrx_word' id='word_1_280' title='bbox 3640 1827 3698 1884; x_wconf 71' lang='grc' dir='ltr'>δὲ</span> <span class='ocrx_word' id='word_1_281' title='bbox 3756 1831 3845 1884; x_wconf 87' lang='grc' dir='ltr'>καὶ</span> 
     </span>
    </p>
   </div>
   <div class='ocr_carea' id='block_1_33' title="bbox 2191 1916 3840 2004">
    <p class='ocr_par' dir='ltr' id='par_1_33' title="bbox 2191 1916 3840 2004">
     <span class='ocr_line' id='line_1_33' title="bbox 2191 1916 3840 2004; baseline -0.008 -19"><span class='ocrx_word' id='word_1_282' title='bbox 2191 1930 2282 1985; x_wconf 87' lang='grc' dir='ltr'>τὸν</span> <span class='ocrx_word' id='word_1_283' title='bbox 2343 1929 2660 2004; x_wconf 80' lang='grc' dir='ltr'>Τριπόλεως</span> <span class='ocrx_word' id='word_1_284' title='bbox 2713 1927 2956 2000; x_wconf 73' lang='grc' dir='ltr'>κύμητα,</span> <span class='ocrx_word' id='word_1_285' title='bbox 3013 1919 3147 2000; x_wconf 76' lang='grc' dir='ltr'>ἔγνω</span> <span class='ocrx_word' id='word_1_286' title='bbox 3201 1916 3532 1996; x_wconf 73' lang='grc' dir='ltr'>προσϐαλεῖν</span> <span class='ocrx_word' id='word_1_287' title='bbox 3565 1924 3684 1982; x_wconf 89' lang='grc' dir='ltr'>ταῖς</span> <span class='ocrx_word' id='word_1_288' title='bbox 3712 1918 3840 1992; x_wconf 81' lang='grc' dir='ltr'>περὶ</span> 
     </span>
    </p>
   </div>
   <div class='ocr_carea' id='block_1_34' title="bbox 2191 2011 3844 2092">
    <p class='ocr_par' dir='ltr' id='par_1_34' title="bbox 2191 2011 3844 2092">
     <span class='ocr_line' id='line_1_34' title="bbox 2191 2011 3844 2092; baseline -0.008 -19"><span class='ocrx_word' id='word_1_289' title='bbox 2191 2020 2293 2087; x_wconf 77' lang='grc' dir='ltr'>τήν</span> <span class='ocrx_word' id='word_1_290' title='bbox 2352 2019 2642 2092; x_wconf 88' lang='grc' dir='ltr'>Ἀντίόχου</span> <span class='ocrx_word' id='word_1_291' title='bbox 2701 2014 3012 2091; x_wconf 77' lang='grc' dir='ltr'>ίδρυμέναις</span> <span class='ocrx_word' id='word_1_292' title='bbox 3051 2012 3141 2068; x_wconf 83' lang='grc' dir='ltr'>καὶ</span> <span class='ocrx_word' id='word_1_293' title='bbox 3200 2013 3326 2086; x_wconf 88' lang='grc' dir='ltr'>παρ’</span> <span class='ocrx_word' id='word_1_294' title='bbox 3365 2011 3687 2085; x_wconf 81' lang='grc' dir='ltr'>Ἀγαρηνῶν</span> <span class='ocrx_word' id='word_1_295' title='bbox 3717 2027 3844 2060; x_wconf 88' lang='grc' dir='ltr'>κατ-</span> 
     </span>
    </p>
   </div>
   <div class='ocr_carea' id='block_1_35' title="bbox 2194 2097 3850 2184">
    <p class='ocr_par' dir='ltr' id='par_1_35' title="bbox 2194 2097 3850 2184">
     <span class='ocr_line' id='line_1_35' title="bbox 2194 2097 3850 2184; baseline -0.008 -21"><span class='ocrx_word' id='word_1_296' title='bbox 2194 2107 2484 2183; x_wconf 84' lang='grc' dir='ltr'>εχομέναις</span> <span class='ocrx_word' id='word_1_297' title='bbox 2543 2104 2989 2184; x_wconf 86' lang='grc' dir='ltr'>Συροφοινίσσαις</span> <span class='ocrx_word' id='word_1_298' title='bbox 3059 2100 3273 2156; x_wconf 81' lang='grc' dir='ltr'>πόλεσι.</span> <span class='ocrx_word' id='word_1_299' title='bbox 3335 2099 3534 2155; x_wconf 86' lang='grc' dir='ltr'>Τοίνυν</span> <span class='ocrx_word' id='word_1_300' title='bbox 3619 2097 3711 2184; x_wconf 82' lang='grc' dir='ltr'>καὶ</span> <span class='ocrx_word' id='word_1_301' title='bbox 3769 2099 3850 2168; x_wconf 80' lang='grc' dir='ltr'>τῷ</span> 
     </span>
    </p>
   </div>
   <div class='ocr_carea' id='block_1_36' title="bbox 2192 2183 3845 2270">
    <p class='ocr_par' dir='ltr' id='par_1_36' title="bbox 2192 2183 3845 2270">
     <span class='ocr_line' id='line_1_36' title="bbox 2192 2183 3845 2270; baseline -0.008 -19"><span class='ocrx_word' id='word_1_302' title='bbox 2192 2201 2425 2270; x_wconf 78' lang='grc' dir='ltr'>ποταμῷ</span> <span class='ocrx_word' id='word_1_303' title='bbox 2507 2183 2870 2268; x_wconf 83' lang='grc' dir='ltr'>προσεγγίσας</span> <span class='ocrx_word' id='word_1_304' title='bbox 2957 2190 3212 2268; x_wconf 76' lang='grc' dir='ltr'>Εὐφράτῃ</span> <span class='ocrx_word' id='word_1_305' title='bbox 3296 2189 3600 2262; x_wconf 83' lang='grc' dir='ltr'>ἀφικνεῖται</span> <span class='ocrx_word' id='word_1_306' title='bbox 3654 2183 3730 2249; x_wconf 77' lang='grc' dir='ltr'>ε’ίς</span> <span class='ocrx_word' id='word_1_307' title='bbox 3794 2206 3845 2240; x_wconf 87' lang='grc' dir='ltr'>τι</span> 
     </span>
    </p>
   </div>
   <div class='ocr_carea' id='block_1_37' title="bbox 2190 2271 3838 2364">
    <p class='ocr_par' dir='ltr' id='par_1_37' title="bbox 2190 2271 3838 2364">
     <span class='ocr_line' id='line_1_37' title="bbox 2190 2271 3838 2364; baseline -0.007 -25"><span class='ocrx_word' id='word_1_308' title='bbox 2190 2283 2486 2364; x_wconf 83' lang='grc' dir='ltr'>πολίχνιον</span> <span class='ocrx_word' id='word_1_309' title='bbox 2543 2282 2833 2359; x_wconf 83' lang='grc' dir='ltr'>έγχωρίως</span> <span class='ocrx_word' id='word_1_310' title='bbox 2884 2278 3388 2350; x_wconf 79' lang='grc' dir='ltr'>Πιζὰκαλούμενον,</span> <span class='ocrx_word' id='word_1_311' title='bbox 3418 2273 3545 2330; x_wconf 79' lang='grc' dir='ltr'>ἓνθα</span> <span class='ocrx_word' id='word_1_312' title='bbox 3573 2274 3665 2329; x_wconf 86' lang='grc' dir='ltr'>καὶ</span> <span class='ocrx_word' id='word_1_313' title='bbox 3695 2271 3838 2364; x_wconf 59' lang='grc' dir='ltr'>πολ-</span> 
     </span>
    </p>
   </div>
   <div class='ocr_carea' id='block_1_38' title="bbox 2193 2357 3840 2444">
    <p class='ocr_par' dir='ltr' id='par_1_38' title="bbox 2193 2357 3840 2444">
     <span class='ocr_line' id='line_1_38' title="bbox 2193 2357 3840 2444; baseline -0.008 -16"><span class='ocrx_word' id='word_1_314' title='bbox 2193 2372 2298 2442; x_wconf 81' lang='grc' dir='ltr'>λήν</span> <span class='ocrx_word' id='word_1_315' title='bbox 2333 2357 2738 2444; x_wconf 47' lang='grc' dir='ltr'>ἐνδειξαμένων</span> <span class='ocrx_word' id='word_1_316' title='bbox 2796 2373 2902 2424; x_wconf 84' lang='grc' dir='ltr'>τῶν</span> <span class='ocrx_word' id='word_1_317' title='bbox 2957 2366 3244 2440; x_wconf 85' lang='grc' dir='ltr'>πολεμίων</span> <span class='ocrx_word' id='word_1_318' title='bbox 3302 2364 3426 2440; x_wconf 81' lang='grc' dir='ltr'>περὶ</span> <span class='ocrx_word' id='word_1_319' title='bbox 3480 2365 3582 2432; x_wconf 82' lang='grc' dir='ltr'>τήν</span> <span class='ocrx_word' id='word_1_320' title='bbox 3632 2357 3840 2432; x_wconf 81' lang='grc' dir='ltr'>συμϐο-</span> 
     </span>
    </p>
   </div>
   <div class='ocr_carea' id='block_1_39' title="bbox 2193 2449 3830 2535">
    <p class='ocr_par' dir='ltr' id='par_1_39' title="bbox 2193 2449 3830 2535">
     <span class='ocr_line' id='line_1_39' title="bbox 2193 2449 3830 2535; baseline -0.009 -19"><span class='ocrx_word' id='word_1_321' title='bbox 2193 2461 2296 2529; x_wconf 79' lang='grc' dir='ltr'>λὴν</span> <span class='ocrx_word' id='word_1_322' title='bbox 2355 2461 2713 2535; x_wconf 77' lang='grc' dir='ltr'>γενναιότητα</span> <span class='ocrx_word' id='word_1_323' title='bbox 2771 2458 3056 2512; x_wconf 80' lang='grc' dir='ltr'>ὑπονοστεῖ</span> <span class='ocrx_word' id='word_1_324' title='bbox 3110 2456 3174 2510; x_wconf 89' lang='grc' dir='ltr'>τὸ</span> <span class='ocrx_word' id='word_1_325' title='bbox 3231 2453 3562 2525; x_wconf 83' lang='grc' dir='ltr'>Ῥωμαϊκὸν,</span> <span class='ocrx_word' id='word_1_326' title='bbox 3617 2449 3703 2504; x_wconf 76' lang='grc' dir='ltr'>καί</span> <span class='ocrx_word' id='word_1_327' title='bbox 3735 2449 3830 2520; x_wconf 86' lang='grc' dir='ltr'>μέ-</span> 
     </span>
    </p>
   </div>
   <div class='ocr_carea' id='block_1_40' title="bbox 436 2544 2080 2653">
    <p class='ocr_par' dir='ltr' id='par_1_40' title="bbox 436 2557 2080 2628">
     <span class='ocr_line' id='line_1_40' title="bbox 436 2557 2080 2628; baseline 0 -17"><span class='ocrx_word' id='word_1_328' title='bbox 436 2557 619 2612; x_wconf 92' lang='lat' dir='ltr'>Paulo</span> <span class='ocrx_word' id='word_1_329' title='bbox 665 2573 798 2611; x_wconf 89' lang='lat' dir='ltr'>vero</span> <span class='ocrx_word' id='word_1_330' title='bbox 841 2562 992 2628; x_wconf 87' lang='lat' dir='ltr'>post,</span> <span class='ocrx_word' id='word_1_331' title='bbox 1043 2573 1176 2614; x_wconf 90' lang='lat' dir='ltr'>cum</span> <span class='ocrx_word' id='word_1_332' title='bbox 1227 2558 1351 2628; x_wconf 90' lang='lat' dir='ltr'>ipse</span> <span class='ocrx_word' id='word_1_333' title='bbox 1410 2557 1732 2628; x_wconf 85' lang='lat' dir='ltr'>imperator</span> <span class='ocrx_word' id='word_1_334' title='bbox 1787 2572 1920 2610; x_wconf 92' lang='lat' dir='ltr'>cum</span> <span class='ocrx_word' id='word_1_335' title='bbox 1980 2573 2080 2611; x_wconf 88' lang='lat' dir='ltr'>sua</span> 
     </span>
    </p>
   </div>
   <div class='ocr_carea' id='block_1_41' title="bbox 2189 2544 3828 2653">
    <p class='ocr_par' dir='ltr' id='par_1_41' title="bbox 2195 2544 3828 2653">
     <span class='ocr_line' id='line_1_41' title="bbox 2195 2544 3828 2625; baseline -0.009 -18"><span class='ocrx_word' id='word_1_336' title='bbox 2195 2553 2286 2625; x_wconf 74' lang='grc' dir='ltr'>Χρι</span> <span class='ocrx_word' id='word_1_337' title='bbox 2363 2551 2510 2611; x_wconf 87' lang='grc' dir='ltr'>τινὸς</span> <span class='ocrx_word' id='word_1_338' title='bbox 2579 2547 2902 2616; x_wconf 81' lang='grc' dir='ltr'>καταδίωξις</span> <span class='ocrx_word' id='word_1_339' title='bbox 2980 2545 3193 2622; x_wconf 88' lang='grc' dir='ltr'>γένεται</span> <span class='ocrx_word' id='word_1_340' title='bbox 3297 2544 3494 2618; x_wconf 86' lang='grc' dir='ltr'>μέρους</span> <span class='ocrx_word' id='word_1_341' title='bbox 3549 2544 3642 2597; x_wconf 87' lang='lat'>106</span> <span class='ocrx_word' id='word_1_342' title='bbox 3696 2559 3828 2610; x_wconf 81' lang='grc' dir='ltr'>προ-</span> 
     </span>
     <span class='ocr_line' id='line_1_42' title="bbox 2217 2631 3801 2653; baseline 0 0"><span class='ocrx_word' id='word_1_343' title='bbox 2217 2641 2237 2653; x_wconf 64' lang='lat'><strong>‘</strong></span> <span class='ocrx_word' id='word_1_344' title='bbox 2275 2641 2284 2653; x_wconf 82' lang='grc' dir='ltr'><strong>Ι</strong></span> <span class='ocrx_word' id='word_1_345' title='bbox 2600 2639 2613 2653; x_wconf 63' lang='grc' dir='ltr'><strong>ι</strong></span> <span class='ocrx_word' id='word_1_346' title='bbox 2689 2638 2703 2653; x_wconf 65' lang='lat'><strong>9</strong></span> <span class='ocrx_word' id='word_1_347' title='bbox 2907 2642 2929 2651; x_wconf 63' lang='grc' dir='ltr'>υ</span> <span class='ocrx_word' id='word_1_348' title='bbox 3019 2633 3042 2653; x_wconf 67' lang='grc' dir='ltr'><strong><em>ν</em></strong></span> <span class='ocrx_word' id='word_1_349' title='bbox 3359 2651 3369 2653; x_wconf 78' lang='lat'>_</span> <span class='ocrx_word' id='word_1_350' title='bbox 3398 2631 3412 2649; x_wconf 50' lang='grc' dir='ltr'>ἵ</span> <span class='ocrx_word' id='word_1_351' title='bbox 3517 2652 3530 2653; x_wconf 32' lang='grc' dir='ltr'><em>κ</em></span> <span class='ocrx_word' id='word_1_352' title='bbox 3559 2631 3644 2653; x_wconf 68' lang='lat' dir='ltr'>1n-</span> <span class='ocrx_word' id='word_1_353' title='bbox 3669 2651 3678 2653; x_wconf 64' lang='lat'><strong><em>_</em></strong></span> <span class='ocrx_word' id='word_1_354' title='bbox 3735 2648 3801 2653; x_wconf 59' lang='grc' dir='ltr'>..μ</span> 
     </span>
    </p>
   </div>
   <div class='ocr_carea' id='block_1_42' title="bbox 435 2645 2080 2718">
    <p class='ocr_par' dir='ltr' id='par_1_42' title="bbox 435 2645 2080 2718">
     <span class='ocr_line' id='line_1_43' title="bbox 435 2645 2080 2718; baseline -0.001 -17"><span class='ocrx_word' id='word_1_355' title='bbox 435 2646 724 2718; x_wconf 82' lang='lat' dir='ltr'>phalange</span> <span class='ocrx_word' id='word_1_356' title='bbox 756 2663 819 2701; x_wconf 87' lang='lat' dir='ltr'>se</span> <span class='ocrx_word' id='word_1_357' title='bbox 849 2646 1226 2714; x_wconf 90' lang='lat' dir='ltr'>ostendisset,</span> <span class='ocrx_word' id='word_1_358' title='bbox 1267 2646 1435 2701; x_wconf 91' lang='lat' dir='ltr'>multi</span> <span class='ocrx_word' id='word_1_359' title='bbox 1463 2647 1664 2701; x_wconf 89' lang='lat' dir='ltr'>hostes</span> <span class='ocrx_word' id='word_1_360' title='bbox 1695 2645 2080 2709; x_wconf 88' lang='lat' dir='ltr'>adoriuntur;</span> 
     </span>
    </p>
   </div>
   <div class='ocr_carea' id='block_1_43' title="bbox 436 2735 2081 2807">
    <p class='ocr_par' dir='ltr' id='par_1_43' title="bbox 436 2735 2081 2807">
     <span class='ocr_line' id='line_1_44' title="bbox 436 2735 2081 2807; baseline -0.002 -16"><span class='ocrx_word' id='word_1_361' title='bbox 436 2737 536 2807; x_wconf 89' lang='lat' dir='ltr'>qui</span> <span class='ocrx_word' id='word_1_362' title='bbox 565 2739 964 2792; x_wconf 83' lang='lat' dir='ltr'>Romanorum</span> <span class='ocrx_word' id='word_1_363' title='bbox 1015 2735 1356 2791; x_wconf 88' lang='lat' dir='ltr'>incursione</span> <span class='ocrx_word' id='word_1_364' title='bbox 1405 2736 1622 2791; x_wconf 85' lang='lat' dir='ltr'>turbati</span> <span class='ocrx_word' id='word_1_365' title='bbox 1671 2735 1822 2790; x_wconf 88' lang='lat' dir='ltr'>intra</span> <span class='ocrx_word' id='word_1_366' title='bbox 1865 2735 2081 2790; x_wconf 61' lang='lat' dir='ltr'>muenia</span> 
     </span>
    </p>
   </div>
   <div class='ocr_carea' id='block_1_44' title="bbox 439 2825 2078 2898">
    <p class='ocr_par' dir='ltr' id='par_1_44' title="bbox 439 2825 2078 2898">
     <span class='ocr_line' id='line_1_45' title="bbox 439 2825 2078 2898; baseline -0.001 -18"><span class='ocrx_word' id='word_1_367' title='bbox 439 2826 892 2898; x_wconf 82' lang='lat' dir='ltr'>compelluntur,</span> <span class='ocrx_word' id='word_1_368' title='bbox 914 2843 1107 2897; x_wconf 90' lang='lat' dir='ltr'>neque</span> <span class='ocrx_word' id='word_1_369' title='bbox 1153 2826 1412 2897; x_wconf 87' lang='lat' dir='ltr'>amplius</span> <span class='ocrx_word' id='word_1_370' title='bbox 1454 2841 1768 2881; x_wconf 87' lang='lat' dir='ltr'>excurrere</span> <span class='ocrx_word' id='word_1_371' title='bbox 1810 2825 2078 2879; x_wconf 88' lang='lat' dir='ltr'>decreve-</span> 
     </span>
    </p>
   </div>
   <div class='ocr_carea' id='block_1_45' title="bbox 439 2915 2082 2987">
    <p class='ocr_par' dir='ltr' id='par_1_45' title="bbox 439 2915 2082 2987">
     <span class='ocr_line' id='line_1_46' title="bbox 439 2915 2082 2987; baseline 0 -19"><span class='ocrx_word' id='word_1_372' title='bbox 439 2920 595 2969; x_wconf 87' lang='lat' dir='ltr'>runt.</span> <span class='ocrx_word' id='word_1_373' title='bbox 619 2915 880 2970; x_wconf 84' lang='lat' dir='ltr'>Habebat</span> <span class='ocrx_word' id='word_1_374' title='bbox 899 2915 957 2970; x_wconf 92' lang='lat' dir='ltr'>id</span> <span class='ocrx_word' id='word_1_375' title='bbox 989 2915 1273 2987; x_wconf 76' lang='lat' dir='ltr'>oppidum</span> <span class='ocrx_word' id='word_1_376' title='bbox 1305 2933 1540 2970; x_wconf 91' lang='lat' dir='ltr'>murum</span> <span class='ocrx_word' id='word_1_377' title='bbox 1577 2915 1875 2986; x_wconf 86' lang='lat' dir='ltr'>duplicem</span> <span class='ocrx_word' id='word_1_378' title='bbox 1903 2931 2082 2985; x_wconf 90' lang='lat' dir='ltr'>quem</span> 
     </span>
    </p>
   </div>
   <div class='ocr_carea' id='block_1_46' title="bbox 437 3005 2081 3076">
    <p class='ocr_par' dir='ltr' id='par_1_46' title="bbox 437 3005 2081 3076">
     <span class='ocr_line' id='line_1_47' title="bbox 437 3005 2081 3076; baseline -0.001 -17"><span class='ocrx_word' id='word_1_379' title='bbox 437 3005 578 3060; x_wconf 87' lang='lat' dir='ltr'>alibi</span> <span class='ocrx_word' id='word_1_380' title='bbox 609 3006 768 3060; x_wconf 86' lang='lat' dir='ltr'>fossa</span> <span class='ocrx_word' id='word_1_381' title='bbox 797 3005 1090 3076; x_wconf 84' lang='lat' dir='ltr'>profunda</span> <span class='ocrx_word' id='word_1_382' title='bbox 1117 3005 1410 3076; x_wconf 81' lang='lat' dir='ltr'>cingebat,</span> <span class='ocrx_word' id='word_1_383' title='bbox 1446 3006 1588 3060; x_wconf 92' lang='lat' dir='ltr'>alibi</span> <span class='ocrx_word' id='word_1_384' title='bbox 1630 3007 1822 3060; x_wconf 84' lang='lat' dir='ltr'>vivum</span> <span class='ocrx_word' id='word_1_385' title='bbox 1877 3021 2081 3060; x_wconf 85' lang='lat' dir='ltr'>saxum</span> 
     </span>
    </p>
   </div>
   <div class='ocr_carea' id='block_1_47' title="bbox 435 3094 2074 3165">
    <p class='ocr_par' dir='ltr' id='par_1_47' title="bbox 435 3094 2074 3165">
     <span class='ocr_line' id='line_1_48' title="bbox 435 3094 2074 3165; baseline -0.002 -16"><span class='ocrx_word' id='word_1_386' title='bbox 435 3094 761 3149; x_wconf 88' lang='lat' dir='ltr'>muniebat.</span> <span class='ocrx_word' id='word_1_387' title='bbox 796 3095 992 3148; x_wconf 85' lang='lat' dir='ltr'>Multis</span> <span class='ocrx_word' id='word_1_388' title='bbox 1021 3112 1156 3149; x_wconf 90' lang='lat' dir='ltr'>vero</span> <span class='ocrx_word' id='word_1_389' title='bbox 1182 3095 1446 3150; x_wconf 92' lang='lat' dir='ltr'>turribus</span> <span class='ocrx_word' id='word_1_390' title='bbox 1470 3096 1564 3150; x_wconf 70' lang='lat'><strong>37</strong></span> <span class='ocrx_word' id='word_1_391' title='bbox 1593 3110 1871 3149; x_wconf 87' lang='lat' dir='ltr'>saxorum</span> <span class='ocrx_word' id='word_1_392' title='bbox 1903 3109 2074 3165; x_wconf 90' lang='lat' dir='ltr'>gran-</span> 
     </span>
    </p>
   </div>
   <div class='ocr_carea' id='block_1_48' title="bbox 432 3181 2080 3252">
    <p class='ocr_par' dir='ltr' id='par_1_48' title="bbox 432 3181 2080 3252">
     <span class='ocr_line' id='line_1_49' title="bbox 432 3181 2080 3252; baseline -0.001 -16"><span class='ocrx_word' id='word_1_393' title='bbox 432 3183 570 3236; x_wconf 90' lang='lat' dir='ltr'>dine</span> <span class='ocrx_word' id='word_1_394' title='bbox 601 3183 936 3252; x_wconf 86' lang='lat' dir='ltr'>prostratis,</span> <span class='ocrx_word' id='word_1_395' title='bbox 967 3185 1366 3252; x_wconf 82' lang='lat' dir='ltr'>Agarenorum</span> <span class='ocrx_word' id='word_1_396' title='bbox 1394 3183 1624 3236; x_wconf 89' lang='lat' dir='ltr'>feroces</span> <span class='ocrx_word' id='word_1_397' title='bbox 1648 3187 1706 3235; x_wconf 88' lang='lat' dir='ltr'>et</span> <span class='ocrx_word' id='word_1_398' title='bbox 1728 3181 1864 3236; x_wconf 88' lang='lat' dir='ltr'>elati</span> <span class='ocrx_word' id='word_1_399' title='bbox 1895 3181 2080 3236; x_wconf 88' lang='lat' dir='ltr'>animi</span> 
     </span>
    </p>
   </div>
   <div class='ocr_carea' id='block_1_49' title="bbox 430 3268 2077 3340">
    <p class='ocr_par' dir='ltr' id='par_1_49' title="bbox 430 3268 2077 3340">
     <span class='ocr_line' id='line_1_50' title="bbox 430 3268 2077 3340; baseline -0.001 -15"><span class='ocrx_word' id='word_1_400' title='bbox 430 3268 820 3326; x_wconf 89' lang='lat' dir='ltr'>conciderunt</span> <span class='ocrx_word' id='word_1_401' title='bbox 845 3274 910 3322; x_wconf 89' lang='lat' dir='ltr'>ut</span> <span class='ocrx_word' id='word_1_402' title='bbox 927 3269 1223 3338; x_wconf 89' lang='lat' dir='ltr'>supplices</span> <span class='ocrx_word' id='word_1_403' title='bbox 1241 3271 1418 3324; x_wconf 88' lang='lat' dir='ltr'>vitam</span> <span class='ocrx_word' id='word_1_404' title='bbox 1448 3269 1520 3323; x_wconf 89' lang='lat' dir='ltr'>ab</span> <span class='ocrx_word' id='word_1_405' title='bbox 1543 3269 1899 3340; x_wconf 89' lang='lat' dir='ltr'>imperatore</span> <span class='ocrx_word' id='word_1_406' title='bbox 1917 3275 2077 3340; x_wconf 56' lang='lat' dir='ltr'>pete.</span> 
     </span>
    </p>
   </div>
   <div class='ocr_carea' id='block_1_50' title="bbox 430 3355 2078 3426">
    <p class='ocr_par' dir='ltr' id='par_1_50' title="bbox 430 3355 2078 3426">
     <span class='ocr_line' id='line_1_51' title="bbox 430 3355 2078 3426; baseline 0.001 -16"><span class='ocrx_word' id='word_1_407' title='bbox 430 3361 858 3424; x_wconf 86' lang='lat' dir='ltr'>rent,eamque</span> <span class='ocrx_word' id='word_1_408' title='bbox 909 3355 1188 3410; x_wconf 90' lang='lat' dir='ltr'>omnibus</span> <span class='ocrx_word' id='word_1_409' title='bbox 1232 3355 1443 3426; x_wconf 89' lang='lat' dir='ltr'>opibus</span> <span class='ocrx_word' id='word_1_410' title='bbox 1499 3361 1953 3411; x_wconf 88' lang='lat' dir='ltr'>commutarent.</span> <span class='ocrx_word' id='word_1_411' title='bbox 1999 3357 2078 3411; x_wconf 86' lang='lat' dir='ltr'>Ex</span> 
     </span>
    </p>
   </div>
   <div class='ocr_carea' id='block_1_51' title="bbox 433 3443 2081 3514">
    <p class='ocr_par' dir='ltr' id='par_1_51' title="bbox 433 3443 2081 3514">
     <span class='ocr_line' id='line_1_52' title="bbox 433 3443 2081 3514; baseline 0.001 -15"><span class='ocrx_word' id='word_1_412' title='bbox 433 3446 564 3511; x_wconf 91' lang='lat' dir='ltr'>hoc,</span> <span class='ocrx_word' id='word_1_413' title='bbox 597 3448 762 3514; x_wconf 87' lang='lat' dir='ltr'>parte</span> <span class='ocrx_word' id='word_1_414' title='bbox 793 3443 1096 3514; x_wconf 89' lang='lat' dir='ltr'>copiarum</span> <span class='ocrx_word' id='word_1_415' title='bbox 1128 3451 1335 3500; x_wconf 89' lang='lat' dir='ltr'>contra</span> <span class='ocrx_word' id='word_1_416' title='bbox 1355 3444 1529 3499; x_wconf 88' lang='lat' dir='ltr'>urbes</span> <span class='ocrx_word' id='word_1_417' title='bbox 1561 3450 1620 3498; x_wconf 90' lang='lat' dir='ltr'>et</span> <span class='ocrx_word' id='word_1_418' title='bbox 1647 3444 1893 3500; x_wconf 90' lang='lat' dir='ltr'>castella</span> <span class='ocrx_word' id='word_1_419' title='bbox 1923 3445 2081 3501; x_wconf 89' lang='lat' dir='ltr'>ultra</span> 
     </span>
    </p>
   </div>
   <div class='ocr_carea' id='block_1_52' title="bbox 432 3533 2080 3605">
    <p class='ocr_par' dir='ltr' id='par_1_52' title="bbox 432 3533 2080 3605">
     <span class='ocr_line' id='line_1_53' title="bbox 432 3533 2080 3605; baseline 0.001 -19"><span class='ocrx_word' id='word_1_420' title='bbox 432 3533 792 3603; x_wconf 88' lang='lat' dir='ltr'>Euphratem</span> <span class='ocrx_word' id='word_1_421' title='bbox 823 3533 1108 3605; x_wconf 85' lang='lat' dir='ltr'>ablegata,</span> <span class='ocrx_word' id='word_1_422' title='bbox 1150 3533 1365 3588; x_wconf 89' lang='lat' dir='ltr'>multas</span> <span class='ocrx_word' id='word_1_423' title='bbox 1414 3533 1723 3588; x_wconf 89' lang='lat' dir='ltr'>manubias</span> <span class='ocrx_word' id='word_1_424' title='bbox 1765 3535 1974 3604; x_wconf 82' lang='lat' dir='ltr'>coegit,</span> <span class='ocrx_word' id='word_1_425' title='bbox 2022 3539 2080 3588; x_wconf 91' lang='lat' dir='ltr'>et</span> 
     </span>
    </p>
   </div>
   <div class='ocr_carea' id='block_1_53' title="bbox 433 3621 2078 3694">
    <p class='ocr_par' dir='ltr' id='par_1_53' title="bbox 433 3621 2078 3694">
     <span class='ocr_line' id='line_1_54' title="bbox 433 3621 2078 3694; baseline 0.001 -18"><span class='ocrx_word' id='word_1_426' title='bbox 433 3622 624 3678; x_wconf 87' lang='lat' dir='ltr'>Pizam</span> <span class='ocrx_word' id='word_1_427' title='bbox 657 3621 956 3677; x_wconf 82' lang='lat' dir='ltr'>Edessena</span> <span class='ocrx_word' id='word_1_428' title='bbox 989 3622 1190 3677; x_wconf 90' lang='lat' dir='ltr'>comiti</span> <span class='ocrx_word' id='word_1_429' title='bbox 1214 3622 1490 3678; x_wconf 90' lang='lat' dir='ltr'>donavit:</span> <span class='ocrx_word' id='word_1_430' title='bbox 1517 3625 1916 3694; x_wconf 87' lang='lat' dir='ltr'>Bempezoque</span> <span class='ocrx_word' id='word_1_431' title='bbox 1933 3641 2078 3694; x_wconf 65' lang='lat' dir='ltr'>prae-</span> 
     </span>
    </p>
   </div>
   <div class='ocr_carea' id='block_1_54' title="bbox 435 3710 2076 3783">
    <p class='ocr_par' dir='ltr' id='par_1_54' title="bbox 435 3710 2076 3783">
     <span class='ocr_line' id='line_1_55' title="bbox 435 3710 2076 3783; baseline 0 -17"><span class='ocrx_word' id='word_1_432' title='bbox 435 3711 608 3766; x_wconf 88' lang='lat' dir='ltr'>terito</span> <span class='ocrx_word' id='word_1_433' title='bbox 641 3715 707 3765; x_wconf 90' lang='lat' dir='ltr'>ut</span> <span class='ocrx_word' id='word_1_434' title='bbox 737 3717 1077 3782; x_wconf 87' lang='lat' dir='ltr'>expugnatu</span> <span class='ocrx_word' id='word_1_435' title='bbox 1105 3710 1284 3776; x_wconf 86' lang='lat' dir='ltr'>facili,</span> <span class='ocrx_word' id='word_1_436' title='bbox 1317 3728 1450 3766; x_wconf 90' lang='lat' dir='ltr'>cum</span> <span class='ocrx_word' id='word_1_437' title='bbox 1483 3712 1541 3766; x_wconf 91' lang='lat' dir='ltr'>in</span> <span class='ocrx_word' id='word_1_438' title='bbox 1578 3711 1780 3768; x_wconf 85' lang='lat' dir='ltr'>acclivi</span> <span class='ocrx_word' id='word_1_439' title='bbox 1829 3711 2076 3783; x_wconf 87' lang='lat' dir='ltr'>planitie</span> 
     </span>
    </p>
   </div>
   <div class='ocr_carea' id='block_1_55' title="bbox 429 3801 2076 3873">
    <p class='ocr_par' dir='ltr' id='par_1_55' title="bbox 429 3801 2076 3873">
     <span class='ocr_line' id='line_1_56' title="bbox 429 3801 2076 3873; baseline 0 -19"><span class='ocrx_word' id='word_1_440' title='bbox 429 3802 608 3856; x_wconf 89' lang='lat' dir='ltr'>situm</span> <span class='ocrx_word' id='word_1_441' title='bbox 653 3805 831 3866; x_wconf 89' lang='lat' dir='ltr'>esset,</span> <span class='ocrx_word' id='word_1_442' title='bbox 885 3806 1090 3856; x_wconf 91' lang='lat' dir='ltr'>contra</span> <span class='ocrx_word' id='word_1_443' title='bbox 1145 3801 1466 3872; x_wconf 90' lang='lat' dir='ltr'>Chapelum</span> <span class='ocrx_word' id='word_1_444' title='bbox 1518 3806 1574 3856; x_wconf 91' lang='lat' dir='ltr'>et</span> <span class='ocrx_word' id='word_1_445' title='bbox 1619 3803 1949 3873; x_wconf 88' lang='lat' dir='ltr'>Pherepum</span> <span class='ocrx_word' id='word_1_446' title='bbox 1986 3807 2076 3855; x_wconf 90' lang='lat' dir='ltr'>est</span> 
     </span>
    </p>
   </div>
   <div class='ocr_carea' id='block_1_56' title="bbox 430 3889 2076 3963">
    <p class='ocr_par' dir='ltr' id='par_1_56' title="bbox 430 3889 2076 3963">
     <span class='ocr_line' id='line_1_57' title="bbox 430 3889 2076 3963; baseline 0.001 -18"><span class='ocrx_word' id='word_1_447' title='bbox 430 3891 750 3962; x_wconf 88' lang='lat' dir='ltr'>profectus,</span> <span class='ocrx_word' id='word_1_448' title='bbox 782 3890 1057 3961; x_wconf 90' lang='lat' dir='ltr'>precibus</span> <span class='ocrx_word' id='word_1_449' title='bbox 1087 3889 1439 3945; x_wconf 82' lang='lat' dir='ltr'>Antiocheni</span> <span class='ocrx_word' id='word_1_450' title='bbox 1489 3891 1798 3963; x_wconf 92' lang='lat' dir='ltr'>principis,</span> <span class='ocrx_word' id='word_1_451' title='bbox 1831 3891 1930 3961; x_wconf 90' lang='lat' dir='ltr'>qui</span> <span class='ocrx_word' id='word_1_452' title='bbox 1954 3907 2076 3946; x_wconf 88' lang='lat' dir='ltr'>una</span> 
     </span>
    </p>
   </div>
   <div class='ocr_carea' id='block_1_57' title="bbox 2193 2631 3830 2714">
    <p class='ocr_par' dir='ltr' id='par_1_57' title="bbox 2193 2631 3830 2714">
     <span class='ocr_line' id='line_1_58' title="bbox 2193 2631 3830 2714; baseline -0.009 -19"><span class='ocrx_word' id='word_1_453' title='bbox 2193 2641 2483 2702; x_wconf 79' lang='grc' dir='ltr'>ελάσαντος</span> <span class='ocrx_word' id='word_1_454' title='bbox 2547 2639 2622 2712; x_wconf 81' lang='grc' dir='ltr'>μή</span> <span class='ocrx_word' id='word_1_455' title='bbox 2679 2638 2956 2714; x_wconf 82' lang='grc' dir='ltr'>ἀντισχεῖν</span> <span class='ocrx_word' id='word_1_456' title='bbox 3017 2633 3244 2710; x_wconf 78' lang='grc' dir='ltr'>ἔχοντος</span> <span class='ocrx_word' id='word_1_457' title='bbox 3305 2631 3442 2704; x_wconf 84' lang='grc' dir='ltr'>πρὸς</span> <span class='ocrx_word' id='word_1_458' title='bbox 3509 2631 3681 2693; x_wconf 81' lang='grc' dir='ltr'>πάθος</span> <span class='ocrx_word' id='word_1_459' title='bbox 3735 2648 3830 2700; x_wconf 79' lang='grc' dir='ltr'>μα·</span> 
     </span>
    </p>
   </div>
   <div class='ocr_carea' id='block_1_58' title="bbox 2199 2715 3837 2806">
    <p class='ocr_par' dir='ltr' id='par_1_58' title="bbox 2199 2715 3837 2806">
     <span class='ocr_line' id='line_1_59' title="bbox 2199 2715 3837 2806; baseline -0.009 -22"><span class='ocrx_word' id='word_1_460' title='bbox 2199 2731 2338 2784; x_wconf 70' lang='grc' dir='ltr'>δικὸν</span> <span class='ocrx_word' id='word_1_461' title='bbox 2395 2728 2483 2784; x_wconf 77' lang='grc' dir='ltr'>καὶ</span> <span class='ocrx_word' id='word_1_462' title='bbox 2535 2727 2704 2806; x_wconf 81' lang='grc' dir='ltr'>φορὰν</span> <span class='ocrx_word' id='word_1_463' title='bbox 2777 2723 3091 2799; x_wconf 78' lang='grc' dir='ltr'>παράλογον</span> <span class='ocrx_word' id='word_1_464' title='bbox 3170 2726 3274 2776; x_wconf 80' lang='grc' dir='ltr'>τῶν</span> <span class='ocrx_word' id='word_1_465' title='bbox 3358 2719 3640 2777; x_wconf 70' lang='grc' dir='ltr'>έναντίων.</span> <span class='ocrx_word' id='word_1_466' title='bbox 3708 2715 3837 2773; x_wconf 85' lang='grc' dir='ltr'>Μετ’</span> 
     </span>
    </p>
   </div>
   <div class='ocr_carea' id='block_1_59' title="bbox 2193 2806 3841 2891">
    <p class='ocr_par' dir='ltr' id='par_1_59' title="bbox 2193 2806 3841 2891">
     <span class='ocr_line' id='line_1_60' title="bbox 2193 2806 3841 2891; baseline -0.009 -17"><span class='ocrx_word' id='word_1_467' title='bbox 2193 2818 2255 2874; x_wconf 81' lang='grc' dir='ltr'>οὑ</span> <span class='ocrx_word' id='word_1_468' title='bbox 2288 2817 2434 2872; x_wconf 77' lang='grc' dir='ltr'>πολὺ</span> <span class='ocrx_word' id='word_1_469' title='bbox 2468 2814 2524 2872; x_wconf 74' lang='grc' dir='ltr'>δὲ</span> <span class='ocrx_word' id='word_1_470' title='bbox 2583 2813 2850 2891; x_wconf 86' lang='grc' dir='ltr'>ἐγγυτέρω</span> <span class='ocrx_word' id='word_1_471' title='bbox 2902 2817 3000 2868; x_wconf 85' lang='lat'>106</span> <span class='ocrx_word' id='word_1_472' title='bbox 3034 2808 3313 2887; x_wconf 86' lang='grc' dir='ltr'>βασιλέως</span> <span class='ocrx_word' id='word_1_473' title='bbox 3363 2807 3620 2882; x_wconf 83' lang='grc' dir='ltr'>φανέντος</span> <span class='ocrx_word' id='word_1_474' title='bbox 3653 2806 3712 2862; x_wconf 77' lang='grc' dir='ltr'>ἐκ</span> <span class='ocrx_word' id='word_1_475' title='bbox 3739 2807 3841 2870; x_wconf 80' lang='grc' dir='ltr'>τῆς</span> 
     </span>
    </p>
   </div>
   <div class='ocr_carea' id='block_1_60' title="bbox 2190 2895 3840 2981">
    <p class='ocr_par' dir='ltr' id='par_1_60' title="bbox 2190 2895 3840 2981">
     <span class='ocr_line' id='line_1_61' title="bbox 2190 2895 3840 2981; baseline -0.008 -19"><span class='ocrx_word' id='word_1_476' title='bbox 2190 2907 2313 2979; x_wconf 78' lang='grc' dir='ltr'>περὶ</span> <span class='ocrx_word' id='word_1_477' title='bbox 2343 2907 2508 2961; x_wconf 81' lang='grc' dir='ltr'>αὐτον</span> <span class='ocrx_word' id='word_1_478' title='bbox 2566 2903 2848 2981; x_wconf 84' lang='grc' dir='ltr'>φαλαγγος</span> <span class='ocrx_word' id='word_1_479' title='bbox 2877 2901 3068 2958; x_wconf 75' lang='grc' dir='ltr'>συχνοὶ</span> <span class='ocrx_word' id='word_1_480' title='bbox 3107 2899 3224 2961; x_wconf 70' lang='grc' dir='ltr'>τοῖς</span> <span class='ocrx_word' id='word_1_481' title='bbox 3267 2895 3588 2960; x_wconf 81' lang='grc' dir='ltr'>ἀντιπάλοις</span> <span class='ocrx_word' id='word_1_482' title='bbox 3635 2895 3840 2970; x_wconf 74' lang='grc' dir='ltr'>συρῥη-</span> 
     </span>
    </p>
   </div>
   <div class='ocr_carea' id='block_1_61' title="bbox 2188 2985 3842 3072">
    <p class='ocr_par' dir='ltr' id='par_1_61' title="bbox 2188 2985 3842 3072">
     <span class='ocr_line' id='line_1_62' title="bbox 2188 2985 3842 3072; baseline -0.005 -22"><span class='ocrx_word' id='word_1_483' title='bbox 2188 3018 2399 3072; x_wconf 87' lang='grc' dir='ltr'>γνυνται</span> <span class='ocrx_word' id='word_1_484' title='bbox 2436 3013 2449 3026; x_wconf 83' lang='lat'><strong><em>°</em></strong></span> <span class='ocrx_word' id='word_1_485' title='bbox 2502 2996 2555 3050; x_wconf 77' lang='grc' dir='ltr'>οἱ</span> <span class='ocrx_word' id='word_1_486' title='bbox 2587 2993 2644 3049; x_wconf 69' lang='grc' dir='ltr'>δὲ</span> <span class='ocrx_word' id='word_1_487' title='bbox 2693 2995 2770 3065; x_wconf 80' lang='grc' dir='ltr'>μὴ</span> <span class='ocrx_word' id='word_1_488' title='bbox 2817 2991 3120 3066; x_wconf 74' lang='grc' dir='ltr'>ἐνεγκόντες</span> <span class='ocrx_word' id='word_1_489' title='bbox 3157 2991 3256 3057; x_wconf 83' lang='grc' dir='ltr'>τήν</span> <span class='ocrx_word' id='word_1_490' title='bbox 3287 2989 3406 3043; x_wconf 88' lang='grc' dir='ltr'>κατ’</span> <span class='ocrx_word' id='word_1_491' title='bbox 3433 2988 3610 3042; x_wconf 80' lang='grc' dir='ltr'>αὐτῶν</span> <span class='ocrx_word' id='word_1_492' title='bbox 3645 2985 3842 3042; x_wconf 80' lang='grc' dir='ltr'>έπέλα-</span> 
     </span>
    </p>
   </div>
   <div class='ocr_carea' id='block_1_62' title="bbox 2192 3076 3838 3156">
    <p class='ocr_par' dir='ltr' id='par_1_62' title="bbox 2192 3076 3838 3156">
     <span class='ocr_line' id='line_1_63' title="bbox 2192 3076 3838 3156; baseline -0.006 -16"><span class='ocrx_word' id='word_1_493' title='bbox 2192 3107 2270 3140; x_wconf 86' lang='grc' dir='ltr'>σιν</span> <span class='ocrx_word' id='word_1_494' title='bbox 2302 3089 2409 3140; x_wconf 81' lang='grc' dir='ltr'>τῶν</span> <span class='ocrx_word' id='word_1_495' title='bbox 2444 3082 2732 3156; x_wconf 85' lang='grc' dir='ltr'>Ῥωμαίων</span> <span class='ocrx_word' id='word_1_496' title='bbox 2793 3079 3170 3156; x_wconf 80' lang='grc' dir='ltr'>συγκλείονται</span> <span class='ocrx_word' id='word_1_497' title='bbox 3221 3076 3350 3133; x_wconf 77' lang='grc' dir='ltr'>εἷ’σω</span> <span class='ocrx_word' id='word_1_498' title='bbox 3391 3081 3487 3132; x_wconf 89' lang='lat'>106</span> <span class='ocrx_word' id='word_1_499' title='bbox 3522 3080 3838 3151; x_wconf 73' lang='grc' dir='ltr'>τειχισμοῦ,</span> 
     </span>
    </p>
   </div>
   <div class='ocr_carea' id='block_1_63' title="bbox 2187 3165 3839 3246">
    <p class='ocr_par' dir='ltr' id='par_1_63' title="bbox 2187 3165 3839 3246">
     <span class='ocr_line' id='line_1_64' title="bbox 2187 3165 3839 3246; baseline -0.007 -16"><span class='ocrx_word' id='word_1_500' title='bbox 2187 3174 2277 3230; x_wconf 86' lang='grc' dir='ltr'>καὶ</span> <span class='ocrx_word' id='word_1_501' title='bbox 2331 3174 2511 3228; x_wconf 87' lang='grc' dir='ltr'>οὑκέτι</span> <span class='ocrx_word' id='word_1_502' title='bbox 2569 3171 2918 3246; x_wconf 78' lang='grc' dir='ltr'>ἐπεκτρέχειν</span> <span class='ocrx_word' id='word_1_503' title='bbox 2971 3167 3283 3242; x_wconf 81' lang='grc' dir='ltr'>προέθεντο·</span> <span class='ocrx_word' id='word_1_504' title='bbox 3335 3169 3538 3241; x_wconf 82' lang='grc' dir='ltr'>Τεῖχος</span> <span class='ocrx_word' id='word_1_505' title='bbox 3599 3165 3694 3236; x_wconf 76' lang='grc' dir='ltr'>μὲν</span> <span class='ocrx_word' id='word_1_506' title='bbox 3747 3165 3839 3220; x_wconf 84' lang='grc' dir='ltr'>οὗν</span> 
     </span>
    </p>
   </div>
   <div class='ocr_carea' id='block_1_64' title="bbox 2187 3254 3839 3338">
    <p class='ocr_par' dir='ltr' id='par_1_64' title="bbox 2187 3254 3839 3338">
     <span class='ocr_line' id='line_1_65' title="bbox 2187 3254 3839 3338; baseline -0.007 -19"><span class='ocrx_word' id='word_1_507' title='bbox 2187 3264 2276 3319; x_wconf 83' lang='grc' dir='ltr'>καὶ</span> <span class='ocrx_word' id='word_1_508' title='bbox 2307 3264 2624 3338; x_wconf 85' lang='grc' dir='ltr'>περίτειχος</span> <span class='ocrx_word' id='word_1_509' title='bbox 2684 3261 2823 3326; x_wconf 83' lang='grc' dir='ltr'>ὑπῆν</span> <span class='ocrx_word' id='word_1_510' title='bbox 2883 3260 2963 3332; x_wconf 80' lang='grc' dir='ltr'>τῷ</span> <span class='ocrx_word' id='word_1_511' title='bbox 3016 3255 3343 3328; x_wconf 84' lang='grc' dir='ltr'>πολίσματι,</span> <span class='ocrx_word' id='word_1_512' title='bbox 3395 3255 3484 3310; x_wconf 85' lang='grc' dir='ltr'>καὶ</span> <span class='ocrx_word' id='word_1_513' title='bbox 3521 3255 3711 3330; x_wconf 88' lang='grc' dir='ltr'>βαθεῖα</span> <span class='ocrx_word' id='word_1_514' title='bbox 3738 3254 3839 3308; x_wconf 79' lang='grc' dir='ltr'>τά·</span> 
     </span>
    </p>
   </div>
   <div class='ocr_carea' id='block_1_65' title="bbox 2189 3342 3832 3429">
    <p class='ocr_par' dir='ltr' id='par_1_65' title="bbox 2189 3342 3832 3429">
     <span class='ocr_line' id='line_1_66' title="bbox 2189 3342 3832 3429; baseline -0.006 -21"><span class='ocrx_word' id='word_1_515' title='bbox 2189 3373 2322 3429; x_wconf 83' lang='grc' dir='ltr'>φρος</span> <span class='ocrx_word' id='word_1_516' title='bbox 2379 3351 2432 3407; x_wconf 83' lang='grc' dir='ltr'>έν</span> <span class='ocrx_word' id='word_1_517' title='bbox 2495 3351 2646 3427; x_wconf 88' lang='grc' dir='ltr'>μέρει</span> <span class='ocrx_word' id='word_1_518' title='bbox 2701 3354 2862 3405; x_wconf 79' lang='grc' dir='ltr'>τοῦτο</span> <span class='ocrx_word' id='word_1_519' title='bbox 2919 3349 3303 3422; x_wconf 84' lang='grc' dir='ltr'>περιεζώννυε,</span> <span class='ocrx_word' id='word_1_520' title='bbox 3333 3344 3423 3399; x_wconf 87' lang='grc' dir='ltr'>καὶ</span> <span class='ocrx_word' id='word_1_521' title='bbox 3482 3342 3637 3407; x_wconf 86' lang='grc' dir='ltr'>λίθος</span> <span class='ocrx_word' id='word_1_522' title='bbox 3670 3343 3832 3398; x_wconf 82' lang='grc' dir='ltr'>αὑτο-</span> 
     </span>
    </p>
   </div>
   <div class='ocr_carea' id='block_1_66' title="bbox 2187 3430 3832 3520">
    <p class='ocr_par' dir='ltr' id='par_1_66' title="bbox 2187 3430 3832 3520">
     <span class='ocr_line' id='line_1_67' title="bbox 2187 3430 3832 3520; baseline -0.006 -24"><span class='ocrx_word' id='word_1_523' title='bbox 2187 3444 2326 3520; x_wconf 81' lang='grc' dir='ltr'>φυὴς</span> <span class='ocrx_word' id='word_1_524' title='bbox 2384 3440 2603 3514; x_wconf 73' lang='grc' dir='ltr'>ἐνιαχοῦ</span> <span class='ocrx_word' id='word_1_525' title='bbox 2660 3439 3023 3516; x_wconf 81' lang='grc' dir='ltr'>κατεφράγνυε</span> <span class='ocrx_word' id='word_1_526' title='bbox 3081 3457 3092 3469; x_wconf 94' lang='grc'>·</span> <span class='ocrx_word' id='word_1_527' title='bbox 3150 3433 3336 3490; x_wconf 79' lang='grc' dir='ltr'>πολλὰ</span> <span class='ocrx_word' id='word_1_528' title='bbox 3387 3430 3444 3488; x_wconf 73' lang='grc' dir='ltr'>δὲ</span> <span class='ocrx_word' id='word_1_529' title='bbox 3470 3436 3576 3488; x_wconf 79' lang='grc' dir='ltr'>τῶν</span> <span class='ocrx_word' id='word_1_530' title='bbox 3609 3451 3832 3506; x_wconf 86' lang='grc' dir='ltr'>πυργω-</span> 
     </span>
    </p>
   </div>
   <div class='ocr_carea' id='block_1_67' title="bbox 2191 3521 3831 3603">
    <p class='ocr_par' dir='ltr' id='par_1_67' title="bbox 2191 3521 3831 3603">
     <span class='ocr_line' id='line_1_68' title="bbox 2191 3521 3831 3603; baseline -0.008 -17"><span class='ocrx_word' id='word_1_531' title='bbox 2191 3536 2374 3603; x_wconf 84' lang='grc' dir='ltr'>μάτων</span> <span class='ocrx_word' id='word_1_532' title='bbox 2434 3527 2700 3585; x_wconf 82' lang='grc' dir='ltr'>ὑπενδότα</span> <span class='ocrx_word' id='word_1_533' title='bbox 2736 3529 2855 3590; x_wconf 70' lang='grc' dir='ltr'>ταῖς</span> <span class='ocrx_word' id='word_1_534' title='bbox 2909 3532 3018 3582; x_wconf 82' lang='grc' dir='ltr'>τῶν</span> <span class='ocrx_word' id='word_1_535' title='bbox 3084 3524 3254 3589; x_wconf 86' lang='grc' dir='ltr'>λίθων</span> <span class='ocrx_word' id='word_1_536' title='bbox 3311 3522 3494 3600; x_wconf 84' lang='grc' dir='ltr'>νιφάσι</span> <span class='ocrx_word' id='word_1_537' title='bbox 3547 3521 3635 3574; x_wconf 78' lang='grc' dir='ltr'>καὶ</span> <span class='ocrx_word' id='word_1_538' title='bbox 3694 3522 3831 3593; x_wconf 81' lang='grc' dir='ltr'>πρὸς</span> 
     </span>
    </p>
   </div>
   <div class='ocr_carea' id='block_1_68' title="bbox 2185 3609 3833 3695">
    <p class='ocr_par' dir='ltr' id='par_1_68' title="bbox 2185 3609 3833 3695">
     <span class='ocr_line' id='line_1_69' title="bbox 2185 3609 3833 3695; baseline -0.007 -22"><span class='ocrx_word' id='word_1_539' title='bbox 2185 3629 2289 3695; x_wconf 82' lang='grc' dir='ltr'>γῆν</span> <span class='ocrx_word' id='word_1_540' title='bbox 2341 3619 2775 3695; x_wconf 75' lang='grc' dir='ltr'>καταρῥεόσαντα</span> <span class='ocrx_word' id='word_1_541' title='bbox 2827 3621 2934 3672; x_wconf 81' lang='grc' dir='ltr'>τῶν</span> <span class='ocrx_word' id='word_1_542' title='bbox 2996 3615 3057 3670; x_wconf 83' lang='grc' dir='ltr'>ἐκ</span> <span class='ocrx_word' id='word_1_543' title='bbox 3110 3621 3211 3683; x_wconf 85' lang='grc' dir='ltr'>τῆς</span> <span class='ocrx_word' id='word_1_544' title='bbox 3268 3618 3446 3688; x_wconf 69' lang='grc' dir='ltr'>’Ἅγαρ</span> <span class='ocrx_word' id='word_1_545' title='bbox 3498 3609 3714 3666; x_wconf 81' lang='grc' dir='ltr'>καθεῖλε</span> <span class='ocrx_word' id='word_1_546' title='bbox 3770 3609 3833 3666; x_wconf 88' lang='grc' dir='ltr'>τὸ</span> 
     </span>
    </p>
   </div>
   <div class='ocr_carea' id='block_1_69' title="bbox 2185 3698 3836 3786">
    <p class='ocr_par' dir='ltr' id='par_1_69' title="bbox 2185 3698 3836 3786">
     <span class='ocr_line' id='line_1_70' title="bbox 2185 3698 3836 3786; baseline -0.007 -25"><span class='ocrx_word' id='word_1_547' title='bbox 2185 3703 2458 3786; x_wconf 67' lang='grc' dir='ltr'>φρόνημα.</span> <span class='ocrx_word' id='word_1_548' title='bbox 2531 3707 2800 3762; x_wconf 77' lang='grc' dir='ltr'>Ἐντεῦθεν</span> <span class='ocrx_word' id='word_1_549' title='bbox 2869 3705 2922 3757; x_wconf 73' lang='grc' dir='ltr'>οἱ</span> <span class='ocrx_word' id='word_1_550' title='bbox 3003 3701 3306 3772; x_wconf 85' lang='grc' dir='ltr'>τολμητίαι</span> <span class='ocrx_word' id='word_1_551' title='bbox 3399 3698 3488 3753; x_wconf 84' lang='grc' dir='ltr'>καὶ</span> <span class='ocrx_word' id='word_1_552' title='bbox 3564 3703 3836 3774; x_wconf 80' lang='grc' dir='ltr'>φυσῶντες</span> 
     </span>
    </p>
   </div>
   <div class='ocr_carea' id='block_1_70' title="bbox 2185 3785 3836 3871">
    <p class='ocr_par' dir='ltr' id='par_1_70' title="bbox 2185 3785 3836 3871">
     <span class='ocr_line' id='line_1_71' title="bbox 2185 3785 3836 3871; baseline -0.008 -19"><span class='ocrx_word' id='word_1_553' title='bbox 2185 3785 2415 3871; x_wconf 66' lang='grc' dir='ltr'>ἄμετρα,</span> <span class='ocrx_word' id='word_1_554' title='bbox 2461 3795 2538 3856; x_wconf 67' lang='grc' dir='ltr'>είς</span> <span class='ocrx_word' id='word_1_555' title='bbox 2591 3793 2796 3849; x_wconf 79' lang='grc' dir='ltr'>δειλίαν</span> <span class='ocrx_word' id='word_1_556' title='bbox 2848 3790 3148 3863; x_wconf 78' lang='grc' dir='ltr'>αιθεμένων</span> <span class='ocrx_word' id='word_1_557' title='bbox 3207 3789 3396 3849; x_wconf 86' lang='grc' dir='ltr'>αὑτοῖς</span> <span class='ocrx_word' id='word_1_558' title='bbox 3451 3807 3560 3842; x_wconf 87' lang='grc' dir='ltr'>των</span> <span class='ocrx_word' id='word_1_559' title='bbox 3612 3785 3836 3858; x_wconf 73' lang='grc' dir='ltr'>ὀχυρω-</span> 
     </span>
    </p>
   </div>
   <div class='ocr_carea' id='block_1_71' title="bbox 2191 3872 3832 3958">
    <p class='ocr_par' dir='ltr' id='par_1_71' title="bbox 2191 3872 3832 3958">
     <span class='ocr_line' id='line_1_72' title="bbox 2191 3872 3832 3958; baseline -0.008 -17"><span class='ocrx_word' id='word_1_560' title='bbox 2191 3887 2397 3958; x_wconf 82' lang='grc' dir='ltr'>μάνων,</span> <span class='ocrx_word' id='word_1_561' title='bbox 2458 3885 2591 3956; x_wconf 86' lang='grc' dir='ltr'>ὑπέρ</span> <span class='ocrx_word' id='word_1_562' title='bbox 2645 3903 2705 3936; x_wconf 85' lang='grc' dir='ltr'>τε</span> <span class='ocrx_word' id='word_1_563' title='bbox 2753 3887 2854 3949; x_wconf 84' lang='grc' dir='ltr'>τῆς</span> <span class='ocrx_word' id='word_1_564' title='bbox 2913 3881 3113 3934; x_wconf 84' lang='grc' dir='ltr'>οἰκείαι</span> <span class='ocrx_word' id='word_1_565' title='bbox 3161 3872 3514 3932; x_wconf 71' lang='grc' dir='ltr'>ἀντιϐολοῦσι</span> <span class='ocrx_word' id='word_1_566' title='bbox 3568 3877 3714 3944; x_wconf 76' lang='grc' dir='ltr'>ζωῆς</span> <span class='ocrx_word' id='word_1_567' title='bbox 3741 3875 3832 3928; x_wconf 87' lang='grc' dir='ltr'>καὶ</span> 
     </span>
    </p>
   </div>
   <div class='ocr_carea' id='block_1_72' title="bbox 432 3953 2080 4051">
    <p class='ocr_par' dir='ltr' id='par_1_72' title="bbox 432 3953 2071 4051">
     <span class='ocr_line' id='line_1_73' title="bbox 432 3953 2071 4051; baseline 0 -17"><span class='ocrx_word' id='word_1_568' title='bbox 432 3953 746 4045; x_wconf 73' lang='lat' dir='ltr'>militabat,</span> <span class='ocrx_word' id='word_1_569' title='bbox 771 3953 1084 4050; x_wconf 71' lang='lat' dir='ltr'>impulsus.</span> <span class='ocrx_word' id='word_1_570' title='bbox 1108 3979 1253 4034; x_wconf 89' lang='lat' dir='ltr'>Cum</span> <span class='ocrx_word' id='word_1_571' title='bbox 1270 3979 1345 4034; x_wconf 90' lang='lat' dir='ltr'>ad</span> <span class='ocrx_word' id='word_1_572' title='bbox 1361 3953 2071 4051; x_wconf 42' lang='lat' dir='ltr'>Chapelum-accessisset,</span> 
     </span>
    </p>
   </div>
   <div class='ocr_carea' id='block_1_73' title="bbox 2189 3953 3840 4051">
    <p class='ocr_par' dir='ltr' id='par_1_73' title="bbox 2189 3953 3840 4036">
     <span class='ocr_line' id='line_1_74' title="bbox 2189 3953 3840 4036; baseline -0.009 -8"><span class='ocrx_word' id='word_1_573' title='bbox 2189 3953 2293 4028; x_wconf 80' lang='grc' dir='ltr'>τῶν</span> <span class='ocrx_word' id='word_1_574' title='bbox 2355 3953 2584 4028; x_wconf 79' lang='grc' dir='ltr'>ἐνόντων</span> <span class='ocrx_word' id='word_1_575' title='bbox 2642 3969 2854 4023; x_wconf 86' lang='grc' dir='ltr'>πάντων</span> <span class='ocrx_word' id='word_1_576' title='bbox 2909 3967 3076 4034; x_wconf 75' lang='grc' dir='ltr'>αὐτὴν</span> <span class='ocrx_word' id='word_1_577' title='bbox 3147 3963 3535 4032; x_wconf 83' lang='grc' dir='ltr'>ἀλλάσσονται,</span> <span class='ocrx_word' id='word_1_578' title='bbox 3627 3958 3840 4036; x_wconf 84' lang='grc' dir='ltr'>βασιλεῖ</span> 
     </span>
    </p>
   </div>
   <div class='ocr_carea' id='block_1_74' title="bbox 436 4067 2075 4139">
    <p class='ocr_par' dir='ltr' id='par_1_74' title="bbox 436 4067 2075 4139">
     <span class='ocr_line' id='line_1_75' title="bbox 436 4067 2075 4139; baseline -0.001 -16"><span class='ocrx_word' id='word_1_579' title='bbox 436 4085 564 4139; x_wconf 58' lang='lat' dir='ltr'>qua:</span> <span class='ocrx_word' id='word_1_580' title='bbox 596 4067 739 4122; x_wconf 87' lang='lat' dir='ltr'>olim</span> <span class='ocrx_word' id='word_1_581' title='bbox 790 4069 1065 4122; x_wconf 75' lang='lat' dir='ltr'>Berrhaea</span> <span class='ocrx_word' id='word_1_582' title='bbox 1107 4067 1264 4122; x_wconf 90' lang='lat' dir='ltr'>dicta</span> <span class='ocrx_word' id='word_1_583' title='bbox 1308 4069 1443 4135; x_wconf 85' lang='lat' dir='ltr'>fuit,</span> <span class='ocrx_word' id='word_1_584' title='bbox 1489 4069 1648 4123; x_wconf 86' lang='lat' dir='ltr'>videt</span> <span class='ocrx_word' id='word_1_585' title='bbox 1693 4069 1899 4122; x_wconf 84' lang='lat' dir='ltr'>urbem</span> <span class='ocrx_word' id='word_1_586' title='bbox 1947 4085 2075 4123; x_wconf 90' lang='lat' dir='ltr'>esse</span> 
     </span>
    </p>
   </div>
   <div class='ocr_carea' id='block_1_75' title="bbox 431 4156 2070 4228">
    <p class='ocr_par' dir='ltr' id='par_1_75' title="bbox 431 4156 2070 4228">
     <span class='ocr_line' id='line_1_76' title="bbox 431 4156 2070 4228; baseline 0 -18"><span class='ocrx_word' id='word_1_587' title='bbox 431 4157 807 4226; x_wconf 88' lang='lat' dir='ltr'>frequentem</span> <span class='ocrx_word' id='word_1_588' title='bbox 839 4161 897 4210; x_wconf 89' lang='lat' dir='ltr'>et</span> <span class='ocrx_word' id='word_1_589' title='bbox 919 4157 1149 4227; x_wconf 81' lang='lat' dir='ltr'>magnis</span> <span class='ocrx_word' id='word_1_590' title='bbox 1170 4156 1422 4211; x_wconf 89' lang='lat' dir='ltr'>militum</span> <span class='ocrx_word' id='word_1_591' title='bbox 1441 4157 1734 4228; x_wconf 78' lang='lat' dir='ltr'>praesidiis</span> <span class='ocrx_word' id='word_1_592' title='bbox 1753 4156 2070 4225; x_wconf 79' lang='lat' dir='ltr'>munitam;</span> 
     </span>
    </p>
   </div>
   <div class='ocr_carea' id='block_1_76' title="bbox 436 4244 2073 4317">
    <p class='ocr_par' dir='ltr' id='par_1_76' title="bbox 436 4244 2073 4317">
     <span class='ocr_line' id='line_1_77' title="bbox 436 4244 2073 4317; baseline 0.001 -18"><span class='ocrx_word' id='word_1_593' title='bbox 436 4245 534 4314; x_wconf 86' lang='lat' dir='ltr'>qui</span> <span class='ocrx_word' id='word_1_594' title='bbox 562 4245 634 4298; x_wconf 90' lang='lat' dir='ltr'>ad</span> <span class='ocrx_word' id='word_1_595' title='bbox 659 4244 919 4313; x_wconf 88' lang='lat' dir='ltr'>primum.</span> <span class='ocrx_word' id='word_1_596' title='bbox 943 4247 1338 4299; x_wconf 82' lang='lat' dir='ltr'>Romanorum</span> <span class='ocrx_word' id='word_1_597' title='bbox 1359 4251 1740 4317; x_wconf 89' lang='lat' dir='ltr'>conspectum</span> <span class='ocrx_word' id='word_1_598' title='bbox 1783 4246 2073 4316; x_wconf 90' lang='lat' dir='ltr'>impetum</span> 
     </span>
    </p>
   </div>
   <div class='ocr_carea' id='block_1_77' title="bbox 435 4332 2072 4404">
    <p class='ocr_par' dir='ltr' id='par_1_77' title="bbox 435 4332 2072 4404">
     <span class='ocr_line' id='line_1_78' title="bbox 435 4332 2072 4404; baseline 0.001 -18"><span class='ocrx_word' id='word_1_599' title='bbox 435 4334 496 4388; x_wconf 88' lang='lat' dir='ltr'>in</span> <span class='ocrx_word' id='word_1_600' title='bbox 528 4333 941 4404; x_wconf 88' lang='lat' dir='ltr'>imperatorios</span> <span class='ocrx_word' id='word_1_601' title='bbox 973 4332 1478 4404; x_wconf 82' lang='lat' dir='ltr'>faciunt.victique</span> <span class='ocrx_word' id='word_1_602' title='bbox 1514 4334 1732 4388; x_wconf 75' lang='lat' dir='ltr'>mmnia</span> <span class='ocrx_word' id='word_1_603' title='bbox 1761 4339 2072 4404; x_wconf 88' lang='lat' dir='ltr'>repetunt;</span> 
     </span>
    </p>
   </div>
   <div class='ocr_carea' id='block_1_78' title="bbox 432 4421 2075 4493">
    <p class='ocr_par' dir='ltr' id='par_1_78' title="bbox 432 4421 2075 4493">
     <span class='ocr_line' id='line_1_79' title="bbox 432 4421 2075 4493; baseline 0.001 -14"><span class='ocrx_word' id='word_1_604' title='bbox 432 4441 540 4480; x_wconf 91' lang='lat' dir='ltr'>nec</span> <span class='ocrx_word' id='word_1_605' title='bbox 569 4422 755 4478; x_wconf 90' lang='lat' dir='ltr'>semel</span> <span class='ocrx_word' id='word_1_606' title='bbox 783 4421 1088 4484; x_wconf 85' lang='lat' dir='ltr'>duntaxat,</span> <span class='ocrx_word' id='word_1_607' title='bbox 1115 4423 1217 4478; x_wconf 92' lang='lat' dir='ltr'>sed</span> <span class='ocrx_word' id='word_1_608' title='bbox 1244 4423 1458 4479; x_wconf 89' lang='lat' dir='ltr'>iterum</span> <span class='ocrx_word' id='word_1_609' title='bbox 1502 4424 1601 4480; x_wconf 76' lang='lat'>88</span> <span class='ocrx_word' id='word_1_610' title='bbox 1637 4428 1814 4493; x_wconf 89' lang='lat' dir='ltr'>atque</span> <span class='ocrx_word' id='word_1_611' title='bbox 1858 4424 2075 4480; x_wconf 90' lang='lat' dir='ltr'>iterum</span> 
     </span>
    </p>
   </div>
   <div class='ocr_carea' id='block_1_79' title="bbox 432 4512 2077 4585">
    <p class='ocr_par' dir='ltr' id='par_1_79' title="bbox 432 4512 2077 4585">
     <span class='ocr_line' id='line_1_80' title="bbox 432 4512 2077 4585; baseline -0.001 -15"><span class='ocrx_word' id='word_1_612' title='bbox 432 4512 884 4570; x_wconf 85' lang='lat' dir='ltr'>excursionibus</span> <span class='ocrx_word' id='word_1_613' title='bbox 915 4513 1084 4568; x_wconf 88' lang='lat' dir='ltr'>factis</span> <span class='ocrx_word' id='word_1_614' title='bbox 1116 4529 1426 4583; x_wconf 88' lang='lat' dir='ltr'>nunquam</span> <span class='ocrx_word' id='word_1_615' title='bbox 1465 4513 1730 4568; x_wconf 84' lang='lat' dir='ltr'>vicerunt</span> <span class='ocrx_word' id='word_1_616' title='bbox 1765 4529 1778 4566; x_wconf 89' lang='lat'><strong>:</strong></span> <span class='ocrx_word' id='word_1_617' title='bbox 1820 4514 2077 4585; x_wconf 88' lang='lat' dir='ltr'>impera-</span> 
     </span>
    </p>
   </div>
   <div class='ocr_carea' id='block_1_80' title="bbox 433 4603 2074 4673">
    <p class='ocr_par' dir='ltr' id='par_1_80' title="bbox 433 4603 2074 4673">
     <span class='ocr_line' id='line_1_81' title="bbox 433 4603 2074 4673; baseline -0.001 -13"><span class='ocrx_word' id='word_1_618' title='bbox 433 4605 542 4660; x_wconf 87' lang='lat' dir='ltr'>tori</span> <span class='ocrx_word' id='word_1_619' title='bbox 573 4621 709 4660; x_wconf 87' lang='lat' dir='ltr'>vero</span> <span class='ocrx_word' id='word_1_620' title='bbox 743 4603 949 4659; x_wconf 89' lang='lat' dir='ltr'>urbem</span> <span class='ocrx_word' id='word_1_621' title='bbox 990 4603 1381 4658; x_wconf 88' lang='lat' dir='ltr'>circumeunti</span> <span class='ocrx_word' id='word_1_622' title='bbox 1434 4608 1492 4657; x_wconf 88' lang='lat' dir='ltr'>et</span> <span class='ocrx_word' id='word_1_623' title='bbox 1538 4603 1869 4673; x_wconf 86' lang='lat' dir='ltr'>speculanti</span> <span class='ocrx_word' id='word_1_624' title='bbox 1920 4603 2074 4659; x_wconf 89' lang='lat' dir='ltr'>clam</span> 
     </span>
    </p>
   </div>
   <div class='ocr_carea' id='block_1_81' title="bbox 435 4691 2078 4763">
    <p class='ocr_par' dir='ltr' id='par_1_81' title="bbox 435 4691 2078 4763">
     <span class='ocr_line' id='line_1_82' title="bbox 435 4691 2078 4763; baseline -0.001 -15"><span class='ocrx_word' id='word_1_625' title='bbox 435 4695 744 4750; x_wconf 86' lang='lat' dir='ltr'>tormentis</span> <span class='ocrx_word' id='word_1_626' title='bbox 791 4692 1054 4748; x_wconf 90' lang='lat' dir='ltr'>insidiati</span> <span class='ocrx_word' id='word_1_627' title='bbox 1094 4691 1469 4748; x_wconf 89' lang='lat' dir='ltr'>aberrarunt.</span> <span class='ocrx_word' id='word_1_628' title='bbox 1512 4692 1618 4755; x_wconf 89' lang='lat' dir='ltr'>Qui</span> <span class='ocrx_word' id='word_1_629' title='bbox 1669 4707 1804 4745; x_wconf 91' lang='lat' dir='ltr'>cum</span> <span class='ocrx_word' id='word_1_630' title='bbox 1835 4692 1894 4745; x_wconf 90' lang='lat' dir='ltr'>in</span> <span class='ocrx_word' id='word_1_631' title='bbox 1935 4709 2078 4763; x_wconf 79' lang='lat' dir='ltr'>prae-</span> 
     </span>
    </p>
   </div>
   <div class='ocr_carea' id='block_1_82' title="bbox 433 4779 2078 4853">
    <p class='ocr_par' dir='ltr' id='par_1_82' title="bbox 433 4779 2078 4853">
     <span class='ocr_line' id='line_1_83' title="bbox 433 4779 2078 4853; baseline -0.001 -17"><span class='ocrx_word' id='word_1_632' title='bbox 433 4783 623 4838; x_wconf 90' lang='lat' dir='ltr'>sentia</span> <span class='ocrx_word' id='word_1_633' title='bbox 638 4783 788 4836; x_wconf 88' lang='lat' dir='ltr'>nihil</span> <span class='ocrx_word' id='word_1_634' title='bbox 807 4782 1042 4836; x_wconf 81' lang='lat' dir='ltr'>efﬁcere</span> <span class='ocrx_word' id='word_1_635' title='bbox 1059 4787 1408 4853; x_wconf 85' lang='lat' dir='ltr'>posset,turn</span> <span class='ocrx_word' id='word_1_636' title='bbox 1426 4779 1500 4834; x_wconf 90' lang='lat' dir='ltr'>ob</span> <span class='ocrx_word' id='word_1_637' title='bbox 1531 4779 1696 4834; x_wconf 87' lang='lat' dir='ltr'>urbis</span> <span class='ocrx_word' id='word_1_638' title='bbox 1717 4780 2078 4835; x_wconf 85' lang='lat' dir='ltr'>munitiones</span> 
     </span>
    </p>
   </div>
   <div class='ocr_carea' id='block_1_83' title="bbox 436 4867 2077 4939">
    <p class='ocr_par' dir='ltr' id='par_1_83' title="bbox 436 4867 2077 4939">
     <span class='ocr_line' id='line_1_84' title="bbox 436 4867 2077 4939; baseline 0 -18"><span class='ocrx_word' id='word_1_639' title='bbox 436 4877 493 4922; x_wconf 85' lang='lat' dir='ltr'>et</span> <span class='ocrx_word' id='word_1_640' title='bbox 523 4874 830 4938; x_wconf 87' lang='lat' dir='ltr'>equestres</span> <span class='ocrx_word' id='word_1_641' title='bbox 859 4869 918 4922; x_wconf 89' lang='lat' dir='ltr'>iu</span> <span class='ocrx_word' id='word_1_642' title='bbox 952 4885 1024 4922; x_wconf 90' lang='lat' dir='ltr'>ea</span> <span class='ocrx_word' id='word_1_643' title='bbox 1051 4867 1476 4939; x_wconf 90' lang='lat' dir='ltr'>pedestresque</span> <span class='ocrx_word' id='word_1_644' title='bbox 1506 4867 1730 4939; x_wconf 89' lang='lat' dir='ltr'>copias,</span> <span class='ocrx_word' id='word_1_645' title='bbox 1762 4873 1884 4922; x_wconf 88' lang='lat' dir='ltr'>tum</span> <span class='ocrx_word' id='word_1_646' title='bbox 1919 4868 2077 4938; x_wconf 89' lang='lat' dir='ltr'>quod</span> 
     </span>
    </p>
   </div>
   <div class='ocr_carea' id='block_1_84' title="bbox 437 4955 2079 5028">
    <p class='ocr_par' dir='ltr' id='par_1_84' title="bbox 437 4955 2079 5028">
     <span class='ocr_line' id='line_1_85' title="bbox 437 4955 2079 5028; baseline -0.001 -18"><span class='ocrx_word' id='word_1_647' title='bbox 437 4962 806 5011; x_wconf 88' lang='lat' dir='ltr'>commeatus</span> <span class='ocrx_word' id='word_1_648' title='bbox 841 4955 993 5026; x_wconf 84' lang='lat' dir='ltr'>ignis</span> <span class='ocrx_word' id='word_1_649' title='bbox 1025 4963 1083 5010; x_wconf 90' lang='lat' dir='ltr'>et</span> <span class='ocrx_word' id='word_1_650' title='bbox 1127 4972 1296 5028; x_wconf 63' lang='lat' dir='ltr'>aqua</span> <span class='ocrx_word' id='word_1_651' title='bbox 1329 4956 1576 5028; x_wconf 88' lang='lat' dir='ltr'>penuria</span> <span class='ocrx_word' id='word_1_652' title='bbox 1607 4955 1877 5012; x_wconf 86' lang='lat' dir='ltr'>laborare</span> <span class='ocrx_word' id='word_1_653' title='bbox 1931 4955 2079 5010; x_wconf 90' lang='lat' dir='ltr'>inci-</span> 
     </span>
    </p>
   </div>
   <div class='ocr_carea' id='block_1_85' title="bbox 438 5043 2081 5116">
    <p class='ocr_par' dir='ltr' id='par_1_85' title="bbox 438 5043 2081 5116">
     <span class='ocr_line' id='line_1_86' title="bbox 438 5043 2081 5116; baseline 0.002 -20"><span class='ocrx_word' id='word_1_654' title='bbox 438 5043 655 5114; x_wconf 89' lang='lat' dir='ltr'>piebat,</span> <span class='ocrx_word' id='word_1_655' title='bbox 690 5043 827 5098; x_wconf 88' lang='lat' dir='ltr'>inde</span> <span class='ocrx_word' id='word_1_656' title='bbox 875 5043 1143 5111; x_wconf 89' lang='lat' dir='ltr'>discedit,</span> <span class='ocrx_word' id='word_1_657' title='bbox 1197 5051 1254 5099; x_wconf 90' lang='lat' dir='ltr'>et</span> <span class='ocrx_word' id='word_1_658' title='bbox 1303 5045 1569 5116; x_wconf 91' lang='lat' dir='ltr'>Pherepo</span> <span class='ocrx_word' id='word_1_659' title='bbox 1617 5045 1810 5116; x_wconf 89' lang='lat' dir='ltr'>primo</span> <span class='ocrx_word' id='word_1_660' title='bbox 1853 5045 2081 5115; x_wconf 91' lang='lat' dir='ltr'>impetu</span> 
     </span>
    </p>
   </div>
   <div class='ocr_carea' id='block_1_86' title="bbox 2183 4047 3839 4136">
    <p class='ocr_par' dir='ltr' id='par_1_86' title="bbox 2183 4047 3839 4136">
     <span class='ocr_line' id='line_1_87' title="bbox 2183 4047 3839 4136; baseline -0.008 -20"><span class='ocrx_word' id='word_1_661' title='bbox 2183 4062 2279 4124; x_wconf 74' lang='grc' dir='ltr'>τὰς</span> <span class='ocrx_word' id='word_1_662' title='bbox 2311 4067 2500 4136; x_wconf 82' lang='grc' dir='ltr'>χεῖρας</span> <span class='ocrx_word' id='word_1_663' title='bbox 2556 4057 2951 4134; x_wconf 76' lang='grc' dir='ltr'>προτείναντες.</span> <span class='ocrx_word' id='word_1_664' title='bbox 2987 4057 3082 4112; x_wconf 86' lang='grc' dir='ltr'>Ἐκ</span> <span class='ocrx_word' id='word_1_665' title='bbox 3141 4051 3198 4109; x_wconf 75' lang='grc' dir='ltr'>δὲ</span> <span class='ocrx_word' id='word_1_666' title='bbox 3245 4052 3442 4108; x_wconf 79' lang='grc' dir='ltr'>τούτου</span> <span class='ocrx_word' id='word_1_667' title='bbox 3492 4057 3688 4125; x_wconf 86' lang='grc' dir='ltr'>μοῖραν</span> <span class='ocrx_word' id='word_1_668' title='bbox 3723 4047 3839 4104; x_wconf 86' lang='grc' dir='ltr'>δια-</span> 
     </span>
    </p>
   </div>
   <div class='ocr_carea' id='block_1_87' title="bbox 2187 4141 3835 4228">
    <p class='ocr_par' dir='ltr' id='par_1_87' title="bbox 2187 4141 3835 4228">
     <span class='ocr_line' id='line_1_88' title="bbox 2187 4141 3835 4228; baseline -0.009 -22"><span class='ocrx_word' id='word_1_669' title='bbox 2187 4153 2303 4228; x_wconf 79' lang='grc' dir='ltr'>φεὶς</span> <span class='ocrx_word' id='word_1_670' title='bbox 2364 4148 2766 4226; x_wconf 71' lang='grc' dir='ltr'>στρατεύματος</span> <span class='ocrx_word' id='word_1_671' title='bbox 2821 4147 2961 4200; x_wconf 82' lang='grc' dir='ltr'>κατᾶ</span> <span class='ocrx_word' id='word_1_672' title='bbox 3003 4149 3113 4199; x_wconf 79' lang='grc' dir='ltr'>τῶν</span> <span class='ocrx_word' id='word_1_673' title='bbox 3173 4142 3420 4196; x_wconf 78' lang='grc' dir='ltr'>ἐπέκεινα</span> <span class='ocrx_word' id='word_1_674' title='bbox 3473 4144 3574 4194; x_wconf 87' lang='lat'>106</span> <span class='ocrx_word' id='word_1_675' title='bbox 3621 4141 3835 4216; x_wconf 71' lang='grc' dir='ltr'>Εὐφρα-</span> 
     </span>
    </p>
   </div>
   <div class='ocr_carea' id='block_1_88' title="bbox 2183 4230 3840 4314">
    <p class='ocr_par' dir='ltr' id='par_1_88' title="bbox 2183 4230 3840 4314">
     <span class='ocr_line' id='line_1_89' title="bbox 2183 4230 3840 4314; baseline -0.009 -18"><span class='ocrx_word' id='word_1_676' title='bbox 2183 4263 2281 4296; x_wconf 89' lang='grc' dir='ltr'>του</span> <span class='ocrx_word' id='word_1_677' title='bbox 2337 4239 2552 4295; x_wconf 86' lang='grc' dir='ltr'>πόλεων</span> <span class='ocrx_word' id='word_1_678' title='bbox 2623 4239 2708 4292; x_wconf 80' lang='grc' dir='ltr'>καὶ</span> <span class='ocrx_word' id='word_1_679' title='bbox 2772 4236 3049 4314; x_wconf 84' lang='grc' dir='ltr'>φρουρίων</span> <span class='ocrx_word' id='word_1_680' title='bbox 3120 4232 3336 4300; x_wconf 79' lang='grc' dir='ltr'>πλῆθος</span> <span class='ocrx_word' id='word_1_681' title='bbox 3411 4230 3667 4304; x_wconf 81' lang='grc' dir='ltr'>λαφόρων</span> <span class='ocrx_word' id='word_1_682' title='bbox 3727 4247 3840 4282; x_wconf 87' lang='grc' dir='ltr'>συν·</span> 
     </span>
    </p>
   </div>
   <div class='ocr_carea' id='block_1_89' title="bbox 2186 4316 3837 4403">
    <p class='ocr_par' dir='ltr' id='par_1_89' title="bbox 2186 4316 3837 4403">
     <span class='ocr_line' id='line_1_90' title="bbox 2186 4316 3837 4403; baseline -0.009 -17"><span class='ocrx_word' id='word_1_683' title='bbox 2186 4332 2352 4403; x_wconf 82' lang='grc' dir='ltr'>έΛεξε,</span> <span class='ocrx_word' id='word_1_684' title='bbox 2410 4329 2501 4384; x_wconf 81' lang='grc' dir='ltr'>καὶ</span> <span class='ocrx_word' id='word_1_685' title='bbox 2559 4327 2620 4382; x_wconf 88' lang='grc' dir='ltr'>τό</span> <span class='ocrx_word' id='word_1_686' title='bbox 2682 4325 2816 4395; x_wconf 82' lang='grc' dir='ltr'>[Ιιζὰ</span> <span class='ocrx_word' id='word_1_687' title='bbox 2881 4329 2960 4394; x_wconf 76' lang='grc' dir='ltr'>τῴ</span> <span class='ocrx_word' id='word_1_688' title='bbox 2986 4329 3086 4391; x_wconf 81' lang='grc' dir='ltr'>τῆς</span> <span class='ocrx_word' id='word_1_689' title='bbox 3147 4317 3400 4390; x_wconf 81' lang='grc' dir='ltr'>Ἐδέσσης</span> <span class='ocrx_word' id='word_1_690' title='bbox 3454 4316 3837 4392; x_wconf 84' lang='grc' dir='ltr'>δωρησάμενος</span> 
     </span>
    </p>
   </div>
   <div class='ocr_carea' id='block_1_90' title="bbox 2183 4406 3842 4492">
    <p class='ocr_par' dir='ltr' id='par_1_90' title="bbox 2183 4406 3842 4492">
     <span class='ocr_line' id='line_1_91' title="bbox 2183 4406 3842 4492; baseline -0.009 -18"><span class='ocrx_word' id='word_1_691' title='bbox 2183 4421 2414 4492; x_wconf 87' lang='grc' dir='ltr'>κόμητι,</span> <span class='ocrx_word' id='word_1_692' title='bbox 2475 4418 2537 4472; x_wconf 85' lang='grc' dir='ltr'>τὸ</span> <span class='ocrx_word' id='word_1_693' title='bbox 2589 4415 2839 4488; x_wconf 82' lang='grc' dir='ltr'>Βέμπετζ</span> <span class='ocrx_word' id='word_1_694' title='bbox 2911 4409 3265 4483; x_wconf 79' lang='grc' dir='ltr'>παραλλάξας</span> <span class='ocrx_word' id='word_1_695' title='bbox 3327 4409 3402 4462; x_wconf 78' lang='grc' dir='ltr'>ὡς</span> <span class='ocrx_word' id='word_1_696' title='bbox 3480 4406 3842 4482; x_wconf 83' lang='grc' dir='ltr'>εὐκαταγώνι-</span> 
     </span>
    </p>
   </div>
   <div class='ocr_carea' id='block_1_91' title="bbox 2186 4497 3841 4584">
    <p class='ocr_par' dir='ltr' id='par_1_91' title="bbox 2186 4497 3841 4584">
     <span class='ocr_line' id='line_1_92' title="bbox 2186 4497 3841 4584; baseline -0.01 -19"><span class='ocrx_word' id='word_1_697' title='bbox 2186 4531 2308 4565; x_wconf 88' lang='grc' dir='ltr'>στον</span> <span class='ocrx_word' id='word_1_698' title='bbox 2396 4510 2577 4584; x_wconf 81' lang='grc' dir='ltr'>κριθὲν</span> <span class='ocrx_word' id='word_1_699' title='bbox 2662 4503 2793 4559; x_wconf 79' lang='grc' dir='ltr'>κάπί</span> <span class='ocrx_word' id='word_1_700' title='bbox 2872 4497 3062 4556; x_wconf 80' lang='grc' dir='ltr'>πεδίου</span> <span class='ocrx_word' id='word_1_701' title='bbox 3147 4499 3395 4570; x_wconf 88' lang='grc' dir='ltr'>κείμενον</span> <span class='ocrx_word' id='word_1_702' title='bbox 3469 4497 3841 4566; x_wconf 81' lang='grc' dir='ltr'>ὑπτιέζοντος,</span> 
     </span>
    </p>
   </div>
   <div class='ocr_carea' id='block_1_92' title="bbox 2183 4585 3838 4661">
    <p class='ocr_par' dir='ltr' id='par_1_92' title="bbox 2183 4585 3838 4661">
     <span class='ocr_line' id='line_1_93' title="bbox 2183 4585 3838 4661; baseline -0.011 -5"><span class='ocrx_word' id='word_1_703' title='bbox 2183 4601 2323 4656; x_wconf 82' lang='grc' dir='ltr'>κατά</span> <span class='ocrx_word' id='word_1_704' title='bbox 2377 4601 2474 4652; x_wconf 81' lang='grc' dir='ltr'>τοῦ</span> <span class='ocrx_word' id='word_1_705' title='bbox 2542 4593 2733 4651; x_wconf 85' lang='grc' dir='ltr'>Χάλεπ</span> <span class='ocrx_word' id='word_1_706' title='bbox 2783 4591 2876 4646; x_wconf 86' lang='grc' dir='ltr'>καὶ</span> <span class='ocrx_word' id='word_1_707' title='bbox 2928 4593 3026 4644; x_wconf 87' lang='lat'>106</span> <span class='ocrx_word' id='word_1_708' title='bbox 3085 4587 3265 4661; x_wconf 82' lang='grc' dir='ltr'>Φέρεπ</span> <span class='ocrx_word' id='word_1_709' title='bbox 3323 4585 3634 4658; x_wconf 78' lang='grc' dir='ltr'>ἐξώπμησε,</span> <span class='ocrx_word' id='word_1_710' title='bbox 3678 4585 3838 4640; x_wconf 82' lang='grc' dir='ltr'>τοὺτο</span> 
     </span>
    </p>
   </div>
   <div class='ocr_carea' id='block_1_93' title="bbox 2185 4671 3841 4759">
    <p class='ocr_par' dir='ltr' id='par_1_93' title="bbox 2185 4671 3841 4759">
     <span class='ocr_line' id='line_1_94' title="bbox 2185 4671 3841 4759; baseline -0.011 -15"><span class='ocrx_word' id='word_1_711' title='bbox 2185 4685 2556 4759; x_wconf 85' lang='grc' dir='ltr'>αίτησαμένου</span> <span class='ocrx_word' id='word_1_712' title='bbox 2586 4687 2682 4738; x_wconf 83' lang='grc' dir='ltr'>τοῦ</span> <span class='ocrx_word' id='word_1_713' title='bbox 2702 4687 2802 4750; x_wconf 83' lang='grc' dir='ltr'>τῆς</span> <span class='ocrx_word' id='word_1_714' title='bbox 2865 4675 3212 4750; x_wconf 73' lang='grc' dir='ltr'>Ἀντιοχείαὸ</span> <span class='ocrx_word' id='word_1_715' title='bbox 3261 4675 3577 4750; x_wconf 86' lang='grc' dir='ltr'>πρίγκιπος,</span> <span class='ocrx_word' id='word_1_716' title='bbox 3609 4671 3725 4726; x_wconf 81' lang='grc' dir='ltr'>ἐπεὶ</span> <span class='ocrx_word' id='word_1_717' title='bbox 3752 4671 3841 4726; x_wconf 85' lang='grc' dir='ltr'>καὶ</span> 
     </span>
    </p>
   </div>
   <div class='ocr_carea' id='block_1_94' title="bbox 2187 4757 3842 4848">
    <p class='ocr_par' dir='ltr' id='par_1_94' title="bbox 2187 4757 3842 4848">
     <span class='ocr_line' id='line_1_95' title="bbox 2187 4757 3842 4848; baseline -0.011 -16"><span class='ocrx_word' id='word_1_718' title='bbox 2187 4757 2350 4839; x_wconf 80' lang='grc' dir='ltr'>οὗτος</span> <span class='ocrx_word' id='word_1_719' title='bbox 2396 4757 2476 4846; x_wconf 76' lang='grc' dir='ltr'>τῷ</span> <span class='ocrx_word' id='word_1_720' title='bbox 2529 4771 2744 4848; x_wconf 87' lang='grc' dir='ltr'>βασιλεῖ</span> <span class='ocrx_word' id='word_1_721' title='bbox 2803 4765 3224 4840; x_wconf 83' lang='grc' dir='ltr'>συνεσιράτευεν.</span> <span class='ocrx_word' id='word_1_722' title='bbox 3309 4761 3590 4829; x_wconf 89' lang='grc' dir='ltr'>Ἐπιστάς,</span> <span class='ocrx_word' id='word_1_723' title='bbox 3653 4757 3710 4816; x_wconf 73' lang='grc' dir='ltr'>δὲ</span> <span class='ocrx_word' id='word_1_724' title='bbox 3765 4764 3842 4831; x_wconf 83' lang='grc' dir='ltr'>τῷ</span> 
     </span>
    </p>
   </div>
   <div class='ocr_carea' id='block_1_95' title="bbox 2188 4848 3844 4937">
    <p class='ocr_par' dir='ltr' id='par_1_95' title="bbox 2188 4848 3844 4937">
     <span class='ocr_line' id='line_1_96' title="bbox 2188 4848 3844 4937; baseline -0.011 -16"><span class='ocrx_word' id='word_1_725' title='bbox 2188 4864 2376 4922; x_wconf 84' lang='grc' dir='ltr'>Χάλεπ</span> <span class='ocrx_word' id='word_1_726' title='bbox 2408 4863 2492 4937; x_wconf 85' lang='grc' dir='ltr'>(τὸ</span> <span class='ocrx_word' id='word_1_727' title='bbox 2543 4860 2736 4916; x_wconf 78' lang='grc' dir='ltr'>δ’ἐστὶν</span> <span class='ocrx_word' id='word_1_728' title='bbox 2795 4860 2830 4926; x_wconf 79' lang='grc' dir='ltr'>ἡ</span> <span class='ocrx_word' id='word_1_729' title='bbox 2889 4854 3060 4910; x_wconf 86' lang='grc' dir='ltr'>πάλαι</span> <span class='ocrx_word' id='word_1_730' title='bbox 3121 4851 3388 4928; x_wconf 69' lang='grc' dir='ltr'>λεγομένη</span> <span class='ocrx_word' id='word_1_731' title='bbox 3453 4848 3698 4937; x_wconf 66' lang='grc' dir='ltr'>βέρῥοια)</span> <span class='ocrx_word' id='word_1_732' title='bbox 3745 4849 3844 4923; x_wconf 77' lang='grc' dir='ltr'>ὁρᾷ</span> 
     </span>
    </p>
   </div>
   <div class='ocr_carea' id='block_1_96' title="bbox 2187 4935 3842 5026">
    <p class='ocr_par' dir='ltr' id='par_1_96' title="bbox 2187 4935 3842 5026">
     <span class='ocr_line' id='line_1_97' title="bbox 2187 4935 3842 5026; baseline -0.011 -16"><span class='ocrx_word' id='word_1_733' title='bbox 2187 4935 2622 5026; x_wconf 88' lang='grc' dir='ltr'>πολυάνθρωπον</span> <span class='ocrx_word' id='word_1_734' title='bbox 2668 4947 2834 5004; x_wconf 79' lang='grc' dir='ltr'>πόλιν</span> <span class='ocrx_word' id='word_1_735' title='bbox 2892 4944 2983 4999; x_wconf 86' lang='grc' dir='ltr'>καὶ</span> <span class='ocrx_word' id='word_1_736' title='bbox 3048 4943 3340 5018; x_wconf 86' lang='grc' dir='ltr'>στέγουσαν</span> <span class='ocrx_word' id='word_1_737' title='bbox 3395 4935 3547 4994; x_wconf 70' lang='grc' dir='ltr'>ένδον</span> <span class='ocrx_word' id='word_1_738' title='bbox 3585 4935 3842 4993; x_wconf 78' lang='grc' dir='ltr'>πλεῖστον</span> 
     </span>
    </p>
   </div>
   <div class='ocr_carea' id='block_1_97' title="bbox 2189 5025 3842 5106">
    <p class='ocr_par' dir='ltr' id='par_1_97' title="bbox 2189 5025 3842 5106">
     <span class='ocr_line' id='line_1_98' title="bbox 2189 5025 3842 5106; baseline -0.011 -7"><span class='ocrx_word' id='word_1_739' title='bbox 2189 5044 2314 5099; x_wconf 82' lang='grc' dir='ltr'>ὅσον</span> <span class='ocrx_word' id='word_1_740' title='bbox 2377 5025 2684 5106; x_wconf 84' lang='grc' dir='ltr'>ὁπλιὸικὸν,</span> <span class='ocrx_word' id='word_1_741' title='bbox 2739 5035 2794 5091; x_wconf 76' lang='lat' dir='ltr'>o&#39;i</span> <span class='ocrx_word' id='word_1_742' title='bbox 2847 5035 2938 5090; x_wconf 86' lang='grc' dir='ltr'>καὶ</span> <span class='ocrx_word' id='word_1_743' title='bbox 2993 5033 3221 5103; x_wconf 75' lang='grc' dir='ltr'>ἐξιόντες</span> <span class='ocrx_word' id='word_1_744' title='bbox 3277 5033 3372 5084; x_wconf 79' lang='lat'>106</span> <span class='ocrx_word' id='word_1_745' title='bbox 3445 5027 3665 5103; x_wconf 84' lang='grc' dir='ltr'>τείχους</span> <span class='ocrx_word' id='word_1_746' title='bbox 3731 5025 3842 5100; x_wconf 73' lang='grc' dir='ltr'>ἅμα</span> 
     </span>
    </p>
   </div>
   <div class='ocr_carea' id='block_1_98' title="bbox 439 5115 2080 5208">
    <p class='ocr_par' dir='ltr' id='par_1_98' title="bbox 439 5115 2080 5203">
     <span class='ocr_line' id='line_1_99' title="bbox 439 5115 2080 5203; baseline 0.001 -15"><span class='ocrx_word' id='word_1_747' title='bbox 439 5138 610 5203; x_wconf 90' lang='lat' dir='ltr'>capto</span> <span class='ocrx_word' id='word_1_748' title='bbox 637 5137 696 5186; x_wconf 90' lang='lat' dir='ltr'>et</span> <span class='ocrx_word' id='word_1_749' title='bbox 727 5133 927 5186; x_wconf 91' lang='lat' dir='ltr'>comiti</span> <span class='ocrx_word' id='word_1_750' title='bbox 958 5134 1193 5188; x_wconf 91' lang='lat' dir='ltr'>cuidam</span> <span class='ocrx_word' id='word_1_751' title='bbox 1225 5115 1634 5190; x_wconf 50' lang='lat' dir='ltr'>Antiochensi</span> <span class='ocrx_word' id='word_1_752' title='bbox 1659 5134 1824 5190; x_wconf 89' lang='lat' dir='ltr'>urbis</span> <span class='ocrx_word' id='word_1_753' title='bbox 1863 5135 2080 5190; x_wconf 88' lang='lat' dir='ltr'>donato</span> 
     </span>
    </p>
   </div>
   <div class='ocr_carea' id='block_1_99' title="bbox 2189 5115 3841 5208">
    <p class='ocr_par' dir='ltr' id='par_1_99' title="bbox 2189 5115 3841 5208">
     <span class='ocr_line' id='line_1_100' title="bbox 2189 5115 3841 5208; baseline -0.012 -21"><span class='ocrx_word' id='word_1_754' title='bbox 2189 5136 2281 5202; x_wconf 86' lang='grc' dir='ltr'>θεᾳ</span> <span class='ocrx_word' id='word_1_755' title='bbox 2337 5127 2625 5200; x_wconf 81' lang='grc' dir='ltr'>Ῥωμαίων</span> <span class='ocrx_word' id='word_1_756' title='bbox 2685 5121 3092 5198; x_wconf 88' lang='grc' dir='ltr'>συμπλέκονται</span> <span class='ocrx_word' id='word_1_757' title='bbox 3151 5119 3285 5208; x_wconf 74' lang='grc' dir='ltr'>μετὰ</span> <span class='ocrx_word' id='word_1_758' title='bbox 3339 5117 3527 5208; x_wconf 75' lang='grc' dir='ltr'>ῥύμης</span> <span class='ocrx_word' id='word_1_759' title='bbox 3569 5121 3686 5208; x_wconf 81' lang='grc' dir='ltr'>τοῖς</span> <span class='ocrx_word' id='word_1_760' title='bbox 3719 5115 3841 5208; x_wconf 83' lang='grc' dir='ltr'>περὶ</span> 
     </span>
    </p>
   </div>
   <div class='ocr_carea' id='block_1_100' title="bbox 439 5220 2078 5295">
    <p class='ocr_par' dir='ltr' id='par_1_100' title="bbox 439 5220 2078 5295">
     <span class='ocr_line' id='line_1_101' title="bbox 439 5220 2078 5295; baseline 0.002 -19"><span class='ocrx_word' id='word_1_761' title='bbox 439 5221 512 5276; x_wconf 91' lang='lat' dir='ltr'>ad</span> <span class='ocrx_word' id='word_1_762' title='bbox 543 5220 721 5276; x_wconf 90' lang='lat' dir='ltr'>aliam</span> <span class='ocrx_word' id='word_1_763' title='bbox 751 5220 958 5276; x_wconf 90' lang='lat' dir='ltr'>urbem</span> <span class='ocrx_word' id='word_1_764' title='bbox 993 5224 1224 5288; x_wconf 86' lang='lat' dir='ltr'>transit,</span> <span class='ocrx_word' id='word_1_765' title='bbox 1254 5224 1619 5295; x_wconf 87' lang='lat' dir='ltr'>Caphardam</span> <span class='ocrx_word' id='word_1_766' title='bbox 1651 5225 1912 5292; x_wconf 88' lang='lat' dir='ltr'>nomine,</span> <span class='ocrx_word' id='word_1_767' title='bbox 1946 5241 2078 5295; x_wconf 68' lang='lat' dir='ltr'>quas</span> 
     </span>
    </p>
   </div>
   <div class='ocr_carea' id='block_1_101' title="bbox 2185 5205 3845 5294">
    <p class='ocr_par' dir='ltr' id='par_1_101' title="bbox 2185 5205 3845 5294">
     <span class='ocr_line' id='line_1_102' title="bbox 2185 5205 3845 5294; baseline -0.013 -16"><span class='ocrx_word' id='word_1_768' title='bbox 2185 5224 2278 5279; x_wconf 88' lang='grc' dir='ltr'>τὸν</span> <span class='ocrx_word' id='word_1_769' title='bbox 2317 5217 2547 5294; x_wconf 86' lang='grc' dir='ltr'>βασιλέα</span> <span class='ocrx_word' id='word_1_770' title='bbox 2605 5212 2988 5289; x_wconf 81' lang='grc' dir='ltr'>στρατεύμασι.</span> <span class='ocrx_word' id='word_1_771' title='bbox 3047 5209 3127 5267; x_wconf 85' lang='grc' dir='ltr'>Τὸ</span> <span class='ocrx_word' id='word_1_772' title='bbox 3182 5206 3239 5263; x_wconf 78' lang='grc' dir='ltr'>δὲ</span> <span class='ocrx_word' id='word_1_773' title='bbox 3289 5213 3452 5282; x_wconf 78' lang='grc' dir='ltr'>ᾗττον</span> <span class='ocrx_word' id='word_1_774' title='bbox 3505 5205 3845 5278; x_wconf 80' lang='grc' dir='ltr'>ἀπενελάμε-</span> 
     </span>
    </p>
   </div>
   <div class='ocr_carea' id='block_1_102' title="bbox 1806 5352 2482 5420">
    <p class='ocr_par' dir='ltr' id='par_1_102' title="bbox 1806 5352 2482 5420">
     <span class='ocr_line' id='line_1_103' title="bbox 1806 5352 2482 5420; baseline -0.006 -3"><span class='ocrx_word' id='word_1_775' title='bbox 1806 5354 1984 5419; x_wconf 88' lang='lat' dir='ltr'>Ilier.</span> <span class='ocrx_word' id='word_1_776' title='bbox 2021 5352 2239 5420; x_wconf 82' lang='lat' dir='ltr'>Wolﬁi</span> <span class='ocrx_word' id='word_1_777' title='bbox 2281 5357 2482 5416; x_wconf 76' lang='lat' dir='ltr'>notae.</span> 
     </span>
    </p>
   </div>
   <div class='ocr_carea' id='block_1_103' title="bbox 541 5469 2083 5563">
    <p class='ocr_par' dir='ltr' id='par_1_103' title="bbox 541 5469 2083 5563">
     <span class='ocr_line' id='line_1_104' title="bbox 541 5469 2083 5563; baseline 0.001 -17"><span class='ocrx_word' id='word_1_778' title='bbox 541 5495 628 5563; x_wconf 87' lang='lat'>29)</span> <span class='ocrx_word' id='word_1_779' title='bbox 663 5469 763 5548; x_wconf 72' lang='grc' dir='ltr'>Καὶ</span> <span class='ocrx_word' id='word_1_780' title='bbox 795 5491 948 5560; x_wconf 84' lang='grc' dir='ltr'>λίζον</span> <span class='ocrx_word' id='word_1_781' title='bbox 998 5490 1194 5563; x_wconf 75' lang='grc' dir='ltr'>έαυτῷ,</span> <span class='ocrx_word' id='word_1_782' title='bbox 1237 5493 1513 5563; x_wconf 86' lang='lat' dir='ltr'>Vetustus</span> <span class='ocrx_word' id='word_1_783' title='bbox 1561 5494 1917 5563; x_wconf 67' lang='lat' dir='ltr'>Augustanaa</span> <span class='ocrx_word' id='word_1_784' title='bbox 1967 5493 2083 5549; x_wconf 89' lang='lat' dir='ltr'>rei-</span> 
     </span>
    </p>
   </div>
   <div class='ocr_carea' id='block_1_104' title="bbox 445 5562 2086 5636">
    <p class='ocr_par' dir='ltr' id='par_1_104' title="bbox 445 5562 2086 5636">
     <span class='ocr_line' id='line_1_105' title="bbox 445 5562 2086 5636; baseline 0.001 -18"><span class='ocrx_word' id='word_1_785' title='bbox 445 5562 698 5636; x_wconf 76' lang='lat' dir='ltr'>publij</span> <span class='ocrx_word' id='word_1_786' title='bbox 720 5565 904 5620; x_wconf 85' lang='lat' dir='ltr'>codex</span> <span class='ocrx_word' id='word_1_787' title='bbox 935 5563 1030 5619; x_wconf 90' lang='lat' dir='ltr'>hic</span> <span class='ocrx_word' id='word_1_788' title='bbox 1062 5564 1244 5620; x_wconf 89' lang='lat' dir='ltr'>alium</span> <span class='ocrx_word' id='word_1_789' title='bbox 1269 5562 1541 5636; x_wconf 78' lang='lat' dir='ltr'>ordinem</span> <span class='ocrx_word' id='word_1_790' title='bbox 1557 5562 2086 5636; x_wconf 76' lang='lat' dir='ltr'>habet.transposi-</span> 
     </span>
    </p>
   </div>
   <div class='ocr_carea' id='block_1_105' title="bbox 446 5630 2087 5708">
    <p class='ocr_par' dir='ltr' id='par_1_105' title="bbox 446 5630 2087 5708">
     <span class='ocr_line' id='line_1_106' title="bbox 446 5630 2087 5708; baseline -0.005 -18"><span class='ocrx_word' id='word_1_791' title='bbox 446 5630 524 5690; x_wconf 75' lang='lat' dir='ltr'>tis</span> <span class='ocrx_word' id='word_1_792' title='bbox 556 5635 761 5706; x_wconf 84' lang='lat' dir='ltr'>utique</span> <span class='ocrx_word' id='word_1_793' title='bbox 789 5636 1021 5708; x_wconf 88' lang='lat' dir='ltr'>paginis</span> <span class='ocrx_word' id='word_1_794' title='bbox 1069 5636 1314 5706; x_wconf 89' lang='lat' dir='ltr'>aliquot.</span> <span class='ocrx_word' id='word_1_795' title='bbox 1347 5635 1460 5690; x_wconf 93' lang='lat' dir='ltr'>Pro</span> <span class='ocrx_word' id='word_1_796' title='bbox 1519 5630 1691 5700; x_wconf 78' lang='grc' dir='ltr'>δείξας</span> <span class='ocrx_word' id='word_1_797' title='bbox 1741 5630 2087 5690; x_wconf 51' lang='lat' dir='ltr'>habet-hau.</span> 
     </span>
    </p>
   </div>
   <div class='ocr_carea' id='block_1_106' title="bbox 2195 5477 3846 5557">
    <p class='ocr_par' dir='ltr' id='par_1_106' title="bbox 2195 5477 3846 5557">
     <span class='ocr_line' id='line_1_107' title="bbox 2195 5477 3846 5557; baseline -0.007 -12"><span class='ocrx_word' id='word_1_798' title='bbox 2195 5495 2294 5545; x_wconf 76' lang='grc' dir='ltr'>τοῦ</span> <span class='ocrx_word' id='word_1_799' title='bbox 2353 5489 2609 5557; x_wconf 77' lang='grc' dir='ltr'>ποιήσας.</span> <span class='ocrx_word' id='word_1_800' title='bbox 2670 5483 2942 5557; x_wconf 64' lang='lat' dir='ltr'>Voxlpro</span> <span class='ocrx_word' id='word_1_801' title='bbox 3001 5477 3416 5557; x_wconf 43' lang='lat' dir='ltr'>lictori-posita</span> <span class='ocrx_word' id='word_1_802' title='bbox 3448 5477 3528 5557; x_wconf 84' lang='lat' dir='ltr'>_o_b</span> <span class='ocrx_word' id='word_1_803' title='bbox 3569 5480 3846 5557; x_wconf 79' lang='lat' dir='ltr'>evanidos</span> 
     </span>
    </p>
   </div>
   <div class='ocr_carea' id='block_1_107' title="bbox 2200 5547 3845 5628">
    <p class='ocr_par' dir='ltr' id='par_1_107' title="bbox 2200 5547 3845 5628">
     <span class='ocr_line' id='line_1_108' title="bbox 2200 5547 3845 5628; baseline -0.007 -10"><span class='ocrx_word' id='word_1_804' title='bbox 2200 5547 2574 5618; x_wconf 71' lang='lat' dir='ltr'>characteres</span> <span class='ocrx_word' id='word_1_805' title='bbox 2605 5557 2717 5628; x_wconf 85' lang='lat' dir='ltr'>legi</span> <span class='ocrx_word' id='word_1_806' title='bbox 2748 5547 2868 5628; x_wconf 63' lang='lat' dir='ltr'>don</span> <span class='ocrx_word' id='word_1_807' title='bbox 2897 5547 3106 5624; x_wconf 89' lang='lat' dir='ltr'>potest.</span> <span class='ocrx_word' id='word_1_808' title='bbox 3142 5547 3329 5618; x_wconf 80' lang='grc' dir='ltr'>Αίζιος</span> <span class='ocrx_word' id='word_1_809' title='bbox 3361 5549 3504 5620; x_wconf 89' lang='lat' dir='ltr'>quid</span> <span class='ocrx_word' id='word_1_810' title='bbox 3563 5553 3660 5619; x_wconf 88' lang='lat' dir='ltr'>sit,</span> <span class='ocrx_word' id='word_1_811' title='bbox 3722 5554 3845 5623; x_wconf 89' lang='lat' dir='ltr'>ipse</span> 
     </span>
    </p>
   </div>
   <div class='ocr_carea' id='block_1_108' title="bbox 2203 5624 3023 5690">
    <p class='ocr_par' dir='ltr' id='par_1_108' title="bbox 2203 5624 3023 5690">
     <span class='ocr_line' id='line_1_109' title="bbox 2203 5624 3023 5690; baseline -0.02 0"><span class='ocrx_word' id='word_1_812' title='bbox 2203 5640 2408 5690; x_wconf 88' lang='lat' dir='ltr'>auctor</span> <span class='ocrx_word' id='word_1_813' title='bbox 2437 5631 2550 5687; x_wconf 89' lang='lat' dir='ltr'>alio</span> <span class='ocrx_word' id='word_1_814' title='bbox 2581 5624 2710 5684; x_wconf 71' lang='grc' dir='ltr'>Ιοοο</span> <span class='ocrx_word' id='word_1_815' title='bbox 2743 5624 3023 5682; x_wconf 87' lang='lat' dir='ltr'>declarat.</span> 
     </span>
    </p>
   </div>
  </div>
