  <div class='ocr_page' id='page_1' title='image "/cluster/home/n/w/nwhite01/storage/ocr_20150623/139/mdp.39015078384214/184.png"; bbox 0 0 4150 6292; ppageno 0'>
   <div class='ocr_carea' id='block_1_1' title="bbox 300 363 3731 434">
    <p class='ocr_par' dir='ltr' id='par_1_1' title="bbox 300 363 3731 434">
     <span class='ocr_line' id='line_1_1' title="bbox 300 363 3731 434; baseline -0.007 0"><span class='ocrx_word' id='word_1_1' title='bbox 300 373 421 434; x_wconf 73' lang='lat' dir='ltr'>sss</span> <span class='ocrx_word' id='word_1_2' title='bbox 1838 363 2232 425; x_wconf 74' lang='lat' dir='ltr'>HISTORIA.</span> <span class='ocrx_word' id='word_1_3' title='bbox 3614 373 3731 434; x_wconf 62' lang='lat'>354</span> 
     </span>
    </p>
   </div>
   <div class='ocr_carea' id='block_1_2' title="bbox 303 489 1992 578">
    <p class='ocr_par' dir='ltr' id='par_1_2' title="bbox 303 489 1973 572">
     <span class='ocr_line' id='line_1_2' title="bbox 303 489 1973 572; baseline -0.006 -16"><span class='ocrx_word' id='word_1_4' title='bbox 303 523 392 559; x_wconf 86' lang='grc' dir='ltr'>νοι</span> <span class='ocrx_word' id='word_1_5' title='bbox 420 501 514 555; x_wconf 80' lang='grc' dir='ltr'>τὸν</span> <span class='ocrx_word' id='word_1_6' title='bbox 551 493 851 572; x_wconf 74' lang='grc' dir='ltr'>περίϐολον</span> <span class='ocrx_word' id='word_1_7' title='bbox 917 494 1230 568; x_wconf 71' lang='grc' dir='ltr'>ὑπεισῇσαν.</span> <span class='ocrx_word' id='word_1_8' title='bbox 1289 495 1413 570; x_wconf 87' lang='grc' dir='ltr'>Ούχ</span> <span class='ocrx_word' id='word_1_9' title='bbox 1473 494 1610 563; x_wconf 75' lang='grc' dir='ltr'>ἅπαξ</span> <span class='ocrx_word' id='word_1_10' title='bbox 1668 489 1747 561; x_wconf 67' lang='grc' dir='ltr'>δὲ,</span> <span class='ocrx_word' id='word_1_11' title='bbox 1825 490 1973 547; x_wconf 81' lang='grc' dir='ltr'>ἄλλά</span> 
     </span>
    </p>
   </div>
   <div class='ocr_carea' id='block_1_3' title="bbox 2100 489 3738 578">
    <p class='ocr_par' dir='ltr' id='par_1_3' title="bbox 2100 495 3738 573">
     <span class='ocr_line' id='line_1_3' title="bbox 2100 495 3738 573; baseline 0.006 -25"><span class='ocrx_word' id='word_1_12' title='bbox 2100 495 2352 551; x_wconf 72' lang='lat' dir='ltr'>naximae</span> <span class='ocrx_word' id='word_1_13' title='bbox 2386 499 2708 569; x_wconf 74' lang='lat' dir='ltr'>provincias</span> <span class='ocrx_word' id='word_1_14' title='bbox 2739 500 3013 573; x_wconf 89' lang='lat' dir='ltr'>imperat,</span> <span class='ocrx_word' id='word_1_15' title='bbox 3047 506 3105 557; x_wconf 89' lang='lat' dir='ltr'>et</span> <span class='ocrx_word' id='word_1_16' title='bbox 3155 503 3360 558; x_wconf 90' lang='lat' dir='ltr'>multis</span> <span class='ocrx_word' id='word_1_17' title='bbox 3390 503 3449 557; x_wconf 93' lang='lat' dir='ltr'>in</span> <span class='ocrx_word' id='word_1_18' title='bbox 3477 503 3738 558; x_wconf 84' lang='lat' dir='ltr'>circuitu</span> 
     </span>
    </p>
   </div>
   <div class='ocr_carea' id='block_1_4' title="bbox 318 581 1992 664">
    <p class='ocr_par' dir='ltr' id='par_1_4' title="bbox 318 581 1967 658">
     <span class='ocr_line' id='line_1_4' title="bbox 318 581 1967 658; baseline -0.007 -12"><span class='ocrx_word' id='word_1_19' title='bbox 318 590 456 646; x_wconf 80' lang='grc' dir='ltr'>κατὰ</span> <span class='ocrx_word' id='word_1_20' title='bbox 490 589 554 643; x_wconf 85' lang='grc' dir='ltr'>τὸ</span> <span class='ocrx_word' id='word_1_21' title='bbox 605 585 770 641; x_wconf 87' lang='grc' dir='ltr'>πάλιν</span> <span class='ocrx_word' id='word_1_22' title='bbox 840 583 932 639; x_wconf 88' lang='grc' dir='ltr'>καὶ</span> <span class='ocrx_word' id='word_1_23' title='bbox 989 581 1157 638; x_wconf 88' lang='grc' dir='ltr'>πάλιν</span> <span class='ocrx_word' id='word_1_24' title='bbox 1214 583 1524 658; x_wconf 77' lang='grc' dir='ltr'>ἐπεκρομὰς</span> <span class='ocrx_word' id='word_1_25' title='bbox 1582 582 1799 654; x_wconf 84' lang='grc' dir='ltr'>θέμενοι</span> <span class='ocrx_word' id='word_1_26' title='bbox 1848 581 1967 635; x_wconf 87' lang='grc' dir='ltr'>κατ’</span> 
     </span>
    </p>
   </div>
   <div class='ocr_carea' id='block_1_5' title="bbox 2100 581 3663 664">
    <p class='ocr_par' dir='ltr' id='par_1_5' title="bbox 2100 584 3663 664">
     <span class='ocr_line' id='line_1_5' title="bbox 2100 584 3663 664; baseline 0.005 -27"><span class='ocrx_word' id='word_1_27' title='bbox 2100 584 2342 640; x_wconf 78' lang='lat' dir='ltr'>:astellis</span> <span class='ocrx_word' id='word_1_28' title='bbox 2374 586 2739 658; x_wconf 84' lang='lat' dir='ltr'>dominatur,</span> <span class='ocrx_word' id='word_1_29' title='bbox 2762 592 3043 647; x_wconf 86' lang='lat' dir='ltr'>firmitate</span> <span class='ocrx_word' id='word_1_30' title='bbox 3070 593 3355 647; x_wconf 66' lang='lat' dir='ltr'>muanium</span> <span class='ocrx_word' id='word_1_31' title='bbox 3393 592 3663 664; x_wconf 82' lang='lat' dir='ltr'>insignis.</span> 
     </span>
    </p>
   </div>
   <div class='ocr_carea' id='block_1_6' title="bbox 324 666 3744 754">
    <p class='ocr_par' dir='ltr' id='par_1_6' title="bbox 324 666 3744 754">
     <span class='ocr_line' id='line_1_6' title="bbox 324 666 3744 754; baseline 0.001 -22"><span class='ocrx_word' id='word_1_32' title='bbox 324 675 570 749; x_wconf 75' lang='grc' dir='ltr'>οὐδεμίαν</span> <span class='ocrx_word' id='word_1_33' title='bbox 599 676 661 730; x_wconf 87' lang='grc' dir='ltr'>τὸ</span> <span class='ocrx_word' id='word_1_34' title='bbox 689 674 894 749; x_wconf 84' lang='grc' dir='ltr'>κράτος</span> <span class='ocrx_word' id='word_1_35' title='bbox 924 673 1149 747; x_wconf 71' lang='grc' dir='ltr'>ἤραντο·</span> <span class='ocrx_word' id='word_1_36' title='bbox 1186 670 1360 726; x_wconf 78' lang='grc' dir='ltr'>ἐνίοτε</span> <span class='ocrx_word' id='word_1_37' title='bbox 1385 669 1442 725; x_wconf 80' lang='grc' dir='ltr'>δὲ</span> <span class='ocrx_word' id='word_1_38' title='bbox 1471 670 1559 724; x_wconf 81' lang='grc' dir='ltr'>καὶ</span> <span class='ocrx_word' id='word_1_39' title='bbox 1591 668 1738 741; x_wconf 81' lang='grc' dir='ltr'>αύτῷ</span> <span class='ocrx_word' id='word_1_40' title='bbox 1769 666 1986 742; x_wconf 86' lang='grc' dir='ltr'>βασιλεῖ</span> <span class='ocrx_word' id='word_1_41' title='bbox 2018 670 2286 738; x_wconf 79' lang='grc' dir='ltr'>περιιόντι</span> <span class='ocrx_word' id='word_1_42' title='bbox 2342 675 2441 742; x_wconf 84' lang='grc' dir='ltr'>τήν</span> <span class='ocrx_word' id='word_1_43' title='bbox 2497 675 2661 731; x_wconf 89' lang='grc' dir='ltr'>πόλιν</span> <span class='ocrx_word' id='word_1_44' title='bbox 2714 679 2805 732; x_wconf 82' lang='grc' dir='ltr'>καὶ</span> <span class='ocrx_word' id='word_1_45' title='bbox 2856 684 3290 734; x_wconf 82' lang='grc' dir='ltr'>κατασκοποῦντι</span> <span class='ocrx_word' id='word_1_46' title='bbox 3332 680 3395 733; x_wconf 89' lang='grc' dir='ltr'>τὸ</span> <span class='ocrx_word' id='word_1_47' title='bbox 3442 687 3629 754; x_wconf 83' lang='grc' dir='ltr'>τεῖχος</span> <span class='ocrx_word' id='word_1_48' title='bbox 3671 678 3744 735; x_wconf 86' lang='grc' dir='ltr'>δι’</span> 
     </span>
    </p>
   </div>
   <div class='ocr_carea' id='block_1_7' title="bbox 321 757 3738 844">
    <p class='ocr_par' dir='ltr' id='par_1_7' title="bbox 321 757 3738 844">
     <span class='ocr_line' id='line_1_7' title="bbox 321 757 3738 844; baseline 0.001 -23"><span class='ocrx_word' id='word_1_49' title='bbox 321 761 595 836; x_wconf 69' lang='grc' dir='ltr'>ἑκηϐόλων</span> <span class='ocrx_word' id='word_1_50' title='bbox 656 762 839 838; x_wconf 89' lang='grc' dir='ltr'>λάθρα</span> <span class='ocrx_word' id='word_1_51' title='bbox 896 757 1400 828; x_wconf 78' lang='grc' dir='ltr'>ἐπιϐουλεύσαντες,</span> <span class='ocrx_word' id='word_1_52' title='bbox 1458 760 1549 814; x_wconf 81' lang='grc' dir='ltr'>καὶ</span> <span class='ocrx_word' id='word_1_53' title='bbox 1614 765 1713 828; x_wconf 79' lang='grc' dir='ltr'>τῆς</span> <span class='ocrx_word' id='word_1_54' title='bbox 1774 757 2084 832; x_wconf 86' lang='grc' dir='ltr'>προθέσεως</span> <span class='ocrx_word' id='word_1_55' title='bbox 2139 761 2343 831; x_wconf 84' lang='grc' dir='ltr'>ταύτης</span> <span class='ocrx_word' id='word_1_56' title='bbox 2401 762 2666 833; x_wconf 74' lang='grc' dir='ltr'>ἐξέπεσον,</span> <span class='ocrx_word' id='word_1_57' title='bbox 2728 765 2895 823; x_wconf 78' lang='grc' dir='ltr'>Οὐδὲν</span> <span class='ocrx_word' id='word_1_58' title='bbox 2960 767 3018 822; x_wconf 84' lang='grc' dir='ltr'>δέ</span> <span class='ocrx_word' id='word_1_59' title='bbox 3046 790 3097 823; x_wconf 91' lang='grc' dir='ltr'>τι</span> <span class='ocrx_word' id='word_1_60' title='bbox 3151 766 3362 842; x_wconf 83' lang='grc' dir='ltr'>δράσειν</span> <span class='ocrx_word' id='word_1_61' title='bbox 3392 768 3441 838; x_wconf 82' lang='grc' dir='ltr'>ἐξ</span> <span class='ocrx_word' id='word_1_62' title='bbox 3474 769 3738 844; x_wconf 77' lang='grc' dir='ltr'>ὕπογυίου</span> 
     </span>
    </p>
   </div>
   <div class='ocr_carea' id='block_1_8' title="bbox 315 847 3738 935">
    <p class='ocr_par' dir='ltr' id='par_1_8' title="bbox 315 847 3738 935">
     <span class='ocr_line' id='line_1_8' title="bbox 315 847 3738 935; baseline 0.002 -27"><span class='ocrx_word' id='word_1_63' title='bbox 315 853 634 928; x_wconf 78' lang='grc' dir='ltr'>δυνάμενος,</span> <span class='ocrx_word' id='word_1_64' title='bbox 665 853 759 906; x_wconf 77' lang='grc' dir='ltr'>καὶ</span> <span class='ocrx_word' id='word_1_65' title='bbox 795 849 887 905; x_wconf 70' lang='grc' dir='ltr'>διὰ</span> <span class='ocrx_word' id='word_1_66' title='bbox 942 852 1039 918; x_wconf 80' lang='grc' dir='ltr'>τὴν</span> <span class='ocrx_word' id='word_1_67' title='bbox 1094 850 1410 927; x_wconf 82' lang='grc' dir='ltr'>ὀχυρότητα</span> <span class='ocrx_word' id='word_1_68' title='bbox 1464 849 1558 922; x_wconf 77' lang='grc' dir='ltr'>μὲν</span> <span class='ocrx_word' id='word_1_69' title='bbox 1610 847 1840 918; x_wconf 88' lang='grc' dir='ltr'>ταυτησὶ</span> <span class='ocrx_word' id='word_1_70' title='bbox 1894 854 1997 917; x_wconf 83' lang='grc' dir='ltr'>τῆς</span> <span class='ocrx_word' id='word_1_71' title='bbox 2049 847 2265 911; x_wconf 86' lang='grc' dir='ltr'>πόλεως</span> <span class='ocrx_word' id='word_1_72' title='bbox 2323 853 2412 906; x_wconf 86' lang='grc' dir='ltr'>καὶ</span> <span class='ocrx_word' id='word_1_73' title='bbox 2472 855 2571 922; x_wconf 84' lang='grc' dir='ltr'>τήν</span> <span class='ocrx_word' id='word_1_74' title='bbox 2606 849 2752 909; x_wconf 80' lang='grc' dir='ltr'>ἔνδον</span> <span class='ocrx_word' id='word_1_75' title='bbox 2800 856 2888 910; x_wconf 77' lang='grc' dir='ltr'>καὶ</span> <span class='ocrx_word' id='word_1_76' title='bbox 2922 854 3157 912; x_wconf 77' lang='grc' dir='ltr'>εὕοπλον</span> <span class='ocrx_word' id='word_1_77' title='bbox 3190 857 3280 910; x_wconf 83' lang='grc' dir='ltr'>καὶ</span> <span class='ocrx_word' id='word_1_78' title='bbox 3311 854 3538 912; x_wconf 67' lang='grc' dir='ltr'>εὔιππον</span> <span class='ocrx_word' id='word_1_79' title='bbox 3568 879 3738 935; x_wconf 87' lang='grc' dir='ltr'>στρα-</span> 
     </span>
    </p>
   </div>
   <div class='ocr_carea' id='block_1_9' title="bbox 305 934 3736 1020">
    <p class='ocr_par' dir='ltr' id='par_1_9' title="bbox 305 934 3736 1020">
     <span class='ocr_line' id='line_1_9' title="bbox 305 934 3736 1020; baseline 0.001 -22"><span class='ocrx_word' id='word_1_80' title='bbox 305 946 453 1012; x_wconf 78' lang='grc' dir='ltr'>τιάν,</span> <span class='ocrx_word' id='word_1_81' title='bbox 486 941 596 1020; x_wconf 68' lang='grc' dir='ltr'>οὐχ</span> <span class='ocrx_word' id='word_1_82' title='bbox 626 943 793 1010; x_wconf 82' lang='grc' dir='ltr'>ἧττον</span> <span class='ocrx_word' id='word_1_83' title='bbox 830 937 888 994; x_wconf 69' lang='grc' dir='ltr'>δὲ</span> <span class='ocrx_word' id='word_1_84' title='bbox 916 939 1006 994; x_wconf 89' lang='grc' dir='ltr'>καὶ</span> <span class='ocrx_word' id='word_1_85' title='bbox 1044 940 1106 994; x_wconf 87' lang='grc' dir='ltr'>τὸ</span> <span class='ocrx_word' id='word_1_86' title='bbox 1154 939 1428 993; x_wconf 77' lang='grc' dir='ltr'>ἐπιλιπεῖν</span> <span class='ocrx_word' id='word_1_87' title='bbox 1487 939 1554 992; x_wconf 79' lang='grc' dir='ltr'>τά</span> <span class='ocrx_word' id='word_1_88' title='bbox 1601 934 1792 1013; x_wconf 79' lang='grc' dir='ltr'>ἐφόδια</span> <span class='ocrx_word' id='word_1_89' title='bbox 1848 938 1939 991; x_wconf 84' lang='grc' dir='ltr'>καὶ</span> <span class='ocrx_word' id='word_1_90' title='bbox 1993 938 2095 1006; x_wconf 80' lang='grc' dir='ltr'>τήν</span> <span class='ocrx_word' id='word_1_91' title='bbox 2154 941 2324 1012; x_wconf 87' lang='grc' dir='ltr'>πυρὸς</span> <span class='ocrx_word' id='word_1_92' title='bbox 2384 941 2525 1014; x_wconf 82' lang='grc' dir='ltr'>ὀμοῦ</span> <span class='ocrx_word' id='word_1_93' title='bbox 2572 946 2662 998; x_wconf 79' lang='grc' dir='ltr'>καὶ</span> <span class='ocrx_word' id='word_1_94' title='bbox 2715 942 2909 1007; x_wconf 73' lang='grc' dir='ltr'>ὕδατος</span> <span class='ocrx_word' id='word_1_95' title='bbox 2958 945 3335 1015; x_wconf 85' lang='grc' dir='ltr'>ὑποσπάνισιν,</span> <span class='ocrx_word' id='word_1_96' title='bbox 3380 945 3578 1001; x_wconf 75' lang='grc' dir='ltr'>ἐκεῖθεν</span> <span class='ocrx_word' id='word_1_97' title='bbox 3612 950 3736 1020; x_wconf 87' lang='grc' dir='ltr'>μεθ-</span> 
     </span>
    </p>
   </div>
   <div class='ocr_carea' id='block_1_10' title="bbox 306 1025 3737 1112">
    <p class='ocr_par' dir='ltr' id='par_1_10' title="bbox 306 1025 3737 1112">
     <span class='ocr_line' id='line_1_10' title="bbox 306 1025 3737 1112; baseline 0.001 -27"><span class='ocrx_word' id='word_1_98' title='bbox 306 1031 547 1095; x_wconf 86' lang='grc' dir='ltr'>ίσθαται.</span> <span class='ocrx_word' id='word_1_99' title='bbox 578 1031 680 1086; x_wconf 86' lang='grc' dir='ltr'>Καὶ</span> <span class='ocrx_word' id='word_1_100' title='bbox 710 1030 775 1084; x_wconf 87' lang='grc' dir='ltr'>τὸ</span> <span class='ocrx_word' id='word_1_101' title='bbox 808 1026 988 1104; x_wconf 81' lang='grc' dir='ltr'>Φέρεπ</span> <span class='ocrx_word' id='word_1_102' title='bbox 1019 1027 1069 1098; x_wconf 78' lang='grc' dir='ltr'>ἐξ</span> <span class='ocrx_word' id='word_1_103' title='bbox 1101 1025 1299 1105; x_wconf 69' lang='grc' dir='ltr'>ἐφόδου</span> <span class='ocrx_word' id='word_1_104' title='bbox 1356 1025 1862 1101; x_wconf 81' lang='grc' dir='ltr'>παραστησάμενος,</span> <span class='ocrx_word' id='word_1_105' title='bbox 1921 1025 2010 1080; x_wconf 79' lang='grc' dir='ltr'>καὶ</span> <span class='ocrx_word' id='word_1_106' title='bbox 2064 1029 2226 1081; x_wconf 78' lang='grc' dir='ltr'>τοῦτο</span> <span class='ocrx_word' id='word_1_107' title='bbox 2281 1028 2489 1102; x_wconf 83' lang='grc' dir='ltr'>κόμητί</span> <span class='ocrx_word' id='word_1_108' title='bbox 2547 1052 2652 1086; x_wconf 88' lang='grc' dir='ltr'>τινι</span> <span class='ocrx_word' id='word_1_109' title='bbox 2711 1039 2813 1101; x_wconf 76' lang='grc' dir='ltr'>τῆς</span> <span class='ocrx_word' id='word_1_110' title='bbox 2874 1033 3209 1112; x_wconf 74' lang='grc' dir='ltr'>Ἀντιοχέων</span> <span class='ocrx_word' id='word_1_111' title='bbox 3258 1035 3737 1109; x_wconf 79' lang='grc' dir='ltr'>ἀποχαρισάμενος</span> 
     </span>
    </p>
   </div>
   <div class='ocr_carea' id='block_1_11' title="bbox 304 1113 3729 1200">
    <p class='ocr_par' dir='ltr' id='par_1_11' title="bbox 304 1113 3729 1200">
     <span class='ocr_line' id='line_1_11' title="bbox 304 1113 3729 1200; baseline 0.001 -24"><span class='ocrx_word' id='word_1_112' title='bbox 304 1120 553 1186; x_wconf 83' lang='grc' dir='ltr'>πόλεως,</span> <span class='ocrx_word' id='word_1_113' title='bbox 584 1119 721 1194; x_wconf 88' lang='grc' dir='ltr'>πρὸς</span> <span class='ocrx_word' id='word_1_114' title='bbox 755 1117 938 1193; x_wconf 70' lang='grc' dir='ltr'>ἑτέραν</span> <span class='ocrx_word' id='word_1_115' title='bbox 970 1116 1132 1171; x_wconf 90' lang='grc' dir='ltr'>πόλιν</span> <span class='ocrx_word' id='word_1_116' title='bbox 1188 1120 1505 1194; x_wconf 80' lang='grc' dir='ltr'>μεταχωρεῖ</span> <span class='ocrx_word' id='word_1_117' title='bbox 1545 1115 1682 1170; x_wconf 84' lang='grc' dir='ltr'>κατά</span> <span class='ocrx_word' id='word_1_118' title='bbox 1739 1115 1931 1193; x_wconf 76' lang='grc' dir='ltr'>φράσιν</span> <span class='ocrx_word' id='word_1_119' title='bbox 1991 1113 2268 1193; x_wconf 81' lang='grc' dir='ltr'>ἐγχώριον</span> <span class='ocrx_word' id='word_1_120' title='bbox 2326 1118 2587 1198; x_wconf 73' lang='grc' dir='ltr'>Καφαρδὰ</span> <span class='ocrx_word' id='word_1_121' title='bbox 2618 1120 2950 1196; x_wconf 84' lang='grc' dir='ltr'>λεγομένην.</span> <span class='ocrx_word' id='word_1_122' title='bbox 2984 1124 3258 1200; x_wconf 82' lang='grc' dir='ltr'>Μεγίστης</span> <span class='ocrx_word' id='word_1_123' title='bbox 3291 1120 3347 1177; x_wconf 78' lang='grc' dir='ltr'>δέ</span> <span class='ocrx_word' id='word_1_124' title='bbox 3378 1124 3566 1198; x_wconf 84' lang='grc' dir='ltr'>χώρας</span> <span class='ocrx_word' id='word_1_125' title='bbox 3596 1124 3729 1196; x_wconf 77' lang='grc' dir='ltr'>α’ύτη</span> 
     </span>
    </p>
   </div>
   <div class='ocr_carea' id='block_1_12' title="bbox 306 1200 3738 1284">
    <p class='ocr_par' dir='ltr' id='par_1_12' title="bbox 306 1200 3738 1284">
     <span class='ocr_line' id='line_1_12' title="bbox 306 1200 3738 1284; baseline 0.001 -22"><span class='ocrx_word' id='word_1_126' title='bbox 306 1204 726 1281; x_wconf 65' lang='grc' dir='ltr'>προκαθέζεται,</span> <span class='ocrx_word' id='word_1_127' title='bbox 760 1203 1011 1278; x_wconf 79' lang='grc' dir='ltr'>καὶπερὶ</span> <span class='ocrx_word' id='word_1_128' title='bbox 1068 1202 1237 1271; x_wconf 75' lang='grc' dir='ltr'>αὐτὴν</span> <span class='ocrx_word' id='word_1_129' title='bbox 1298 1203 1463 1280; x_wconf 81' lang='grc' dir='ltr'>αὐχεῖ</span> <span class='ocrx_word' id='word_1_130' title='bbox 1518 1201 1913 1256; x_wconf 86' lang='grc' dir='ltr'>καθυπείκοντα</span> <span class='ocrx_word' id='word_1_131' title='bbox 1970 1201 2072 1254; x_wconf 82' lang='grc' dir='ltr'>οὐκ</span> <span class='ocrx_word' id='word_1_132' title='bbox 2128 1200 2397 1277; x_wconf 79' lang='grc' dir='ltr'>ἐλάχιστα</span> <span class='ocrx_word' id='word_1_133' title='bbox 2456 1207 2709 1280; x_wconf 76' lang='grc' dir='ltr'>φρούρια,</span> <span class='ocrx_word' id='word_1_134' title='bbox 2741 1208 3063 1284; x_wconf 73' lang='grc' dir='ltr'>στερρότητι</span> <span class='ocrx_word' id='word_1_135' title='bbox 3093 1211 3329 1283; x_wconf 88' lang='grc' dir='ltr'>τειχέως</span> <span class='ocrx_word' id='word_1_136' title='bbox 3361 1210 3738 1283; x_wconf 74' lang='grc' dir='ltr'>κομπάζουσα.</span> 
     </span>
    </p>
   </div>
   <div class='ocr_carea' id='block_1_13' title="bbox 386 1288 1975 1367">
    <p class='ocr_par' dir='ltr' id='par_1_13' title="bbox 386 1288 1975 1367">
     <span class='ocr_line' id='line_1_13' title="bbox 386 1288 1975 1367; baseline -0.005 -16"><span class='ocrx_word' id='word_1_137' title='bbox 386 1296 469 1351; x_wconf 83' lang='grc' dir='ltr'>Η’.</span> <span class='ocrx_word' id='word_1_138' title='bbox 501 1293 665 1351; x_wconf 80' lang='grc' dir='ltr'>Αλλὰ</span> <span class='ocrx_word' id='word_1_139' title='bbox 714 1292 807 1346; x_wconf 79' lang='grc' dir='ltr'>καὶ</span> <span class='ocrx_word' id='word_1_140' title='bbox 859 1292 1059 1362; x_wconf 84' lang='grc' dir='ltr'>ταύτην</span> <span class='ocrx_word' id='word_1_141' title='bbox 1119 1288 1208 1345; x_wconf 78' lang='grc' dir='ltr'>διὰ</span> <span class='ocrx_word' id='word_1_142' title='bbox 1265 1289 1504 1367; x_wconf 82' lang='grc' dir='ltr'>βραχέος</span> <span class='ocrx_word' id='word_1_143' title='bbox 1563 1289 1975 1364; x_wconf 82' lang='grc' dir='ltr'>χειρωσάμενος</span> 
     </span>
    </p>
   </div>
   <div class='ocr_carea' id='block_1_14' title="bbox 318 1378 1974 1458">
    <p class='ocr_par' dir='ltr' id='par_1_14' title="bbox 318 1378 1974 1458">
     <span class='ocr_line' id='line_1_14' title="bbox 318 1378 1974 1458; baseline -0.004 -19"><span class='ocrx_word' id='word_1_144' title='bbox 318 1378 638 1458; x_wconf 73' lang='grc' dir='ltr'>μεταϐαίνει</span> <span class='ocrx_word' id='word_1_145' title='bbox 690 1382 832 1456; x_wconf 84' lang='grc' dir='ltr'>πρὸς</span> <span class='ocrx_word' id='word_1_146' title='bbox 888 1382 954 1435; x_wconf 78' lang='grc' dir='ltr'>τὰ</span> <span class='ocrx_word' id='word_1_147' title='bbox 1026 1379 1370 1454; x_wconf 80' lang='grc' dir='ltr'>ποῤῥώτερα,</span> <span class='ocrx_word' id='word_1_148' title='bbox 1440 1380 1530 1434; x_wconf 85' lang='grc' dir='ltr'>καὶ</span> <span class='ocrx_word' id='word_1_149' title='bbox 1578 1385 1679 1449; x_wconf 80' lang='grc' dir='ltr'>τῆς</span> <span class='ocrx_word' id='word_1_150' title='bbox 1724 1379 1861 1452; x_wconf 90' lang='grc' dir='ltr'>πρὸς</span> <span class='ocrx_word' id='word_1_151' title='bbox 1913 1379 1974 1433; x_wconf 85' lang='grc' dir='ltr'>τὸ</span> 
     </span>
    </p>
   </div>
   <div class='ocr_carea' id='block_1_15' title="bbox 315 1466 1974 1546">
    <p class='ocr_par' dir='ltr' id='par_1_15' title="bbox 315 1466 1974 1546">
     <span class='ocr_line' id='line_1_15' title="bbox 315 1466 1974 1546; baseline -0.005 -17"><span class='ocrx_word' id='word_1_152' title='bbox 315 1476 488 1546; x_wconf 85' lang='grc' dir='ltr'>Σέζερ</span> <span class='ocrx_word' id='word_1_153' title='bbox 566 1470 788 1546; x_wconf 78' lang='grc' dir='ltr'>πορείας</span> <span class='ocrx_word' id='word_1_154' title='bbox 866 1468 1169 1542; x_wconf 82' lang='grc' dir='ltr'>ἁπτόμενος</span> <span class='ocrx_word' id='word_1_155' title='bbox 1246 1466 1658 1543; x_wconf 82' lang='grc' dir='ltr'>στρατοπεδεύει</span> <span class='ocrx_word' id='word_1_156' title='bbox 1734 1468 1856 1541; x_wconf 79' lang='grc' dir='ltr'>περὶ</span> <span class='ocrx_word' id='word_1_157' title='bbox 1914 1470 1974 1521; x_wconf 89' lang='grc' dir='ltr'>τὸ</span> 
     </span>
    </p>
   </div>
   <div class='ocr_carea' id='block_1_16' title="bbox 312 1555 1974 1636">
    <p class='ocr_par' dir='ltr' id='par_1_16' title="bbox 312 1555 1974 1636">
     <span class='ocr_line' id='line_1_16' title="bbox 312 1555 1974 1636; baseline -0.005 -18"><span class='ocrx_word' id='word_1_158' title='bbox 312 1565 557 1636; x_wconf 80' lang='grc' dir='ltr'>Ἶστριον</span> <span class='ocrx_word' id='word_1_159' title='bbox 618 1559 804 1632; x_wconf 83' lang='grc' dir='ltr'>(πόλις</span> <span class='ocrx_word' id='word_1_160' title='bbox 859 1555 919 1612; x_wconf 72' lang='grc' dir='ltr'>δὲ</span> <span class='ocrx_word' id='word_1_161' title='bbox 973 1557 1060 1613; x_wconf 82' lang='grc' dir='ltr'>καὶ</span> <span class='ocrx_word' id='word_1_162' title='bbox 1119 1561 1280 1613; x_wconf 78' lang='grc' dir='ltr'>τοῦτο</span> <span class='ocrx_word' id='word_1_163' title='bbox 1338 1564 1437 1627; x_wconf 82' lang='grc' dir='ltr'>τῆς</span> <span class='ocrx_word' id='word_1_164' title='bbox 1473 1556 1642 1629; x_wconf 89' lang='grc' dir='ltr'>μέσης</span> <span class='ocrx_word' id='word_1_165' title='bbox 1669 1561 1777 1611; x_wconf 86' lang='grc' dir='ltr'>τῶν</span> <span class='ocrx_word' id='word_1_166' title='bbox 1809 1578 1974 1610; x_wconf 88' lang='grc' dir='ltr'>ποτα-</span> 
     </span>
    </p>
   </div>
   <div class='ocr_carea' id='block_1_17' title="bbox 317 1645 1974 1725">
    <p class='ocr_par' dir='ltr' id='par_1_17' title="bbox 317 1645 1974 1725">
     <span class='ocr_line' id='line_1_17' title="bbox 317 1645 1974 1725; baseline -0.004 -20"><span class='ocrx_word' id='word_1_167' title='bbox 317 1654 465 1725; x_wconf 85' lang='grc' dir='ltr'>μῶν)</span> <span class='ocrx_word' id='word_1_168' title='bbox 517 1647 715 1713; x_wconf 71' lang='grc' dir='ltr'>ἄποθεν</span> <span class='ocrx_word' id='word_1_169' title='bbox 783 1652 966 1721; x_wconf 81' lang='grc' dir='ltr'>μικρῷ</span> <span class='ocrx_word' id='word_1_170' title='bbox 1022 1651 1119 1702; x_wconf 77' lang='grc' dir='ltr'>τοῦ</span> <span class='ocrx_word' id='word_1_171' title='bbox 1179 1647 1340 1719; x_wconf 82' lang='grc' dir='ltr'>Σέζερ</span> <span class='ocrx_word' id='word_1_172' title='bbox 1400 1646 1648 1720; x_wconf 90' lang='grc' dir='ltr'>κείμενον</span> <span class='ocrx_word' id='word_1_173' title='bbox 1710 1645 1798 1699; x_wconf 81' lang='grc' dir='ltr'>καὶ</span> <span class='ocrx_word' id='word_1_174' title='bbox 1858 1650 1974 1704; x_wconf 88' lang='grc' dir='ltr'>τοῖς</span> 
     </span>
    </p>
   </div>
   <div class='ocr_carea' id='block_1_18' title="bbox 310 1733 1976 1811">
    <p class='ocr_par' dir='ltr' id='par_1_18' title="bbox 310 1733 1976 1811">
     <span class='ocr_line' id='line_1_18' title="bbox 310 1733 1976 1811; baseline -0.004 -15"><span class='ocrx_word' id='word_1_175' title='bbox 310 1748 451 1796; x_wconf 78' lang='grc' dir='ltr'>πᾶσι</span> <span class='ocrx_word' id='word_1_176' title='bbox 510 1736 1002 1808; x_wconf 75' lang='grc' dir='ltr'>κατεσκευασμένον</span> <span class='ocrx_word' id='word_1_177' title='bbox 1080 1738 1287 1811; x_wconf 74' lang='grc' dir='ltr'>αριστα.</span> <span class='ocrx_word' id='word_1_178' title='bbox 1360 1733 1523 1794; x_wconf 83' lang='grc' dir='ltr'>Ὀδοῦ</span> <span class='ocrx_word' id='word_1_179' title='bbox 1577 1733 1635 1790; x_wconf 75' lang='grc' dir='ltr'>δὲ</span> <span class='ocrx_word' id='word_1_180' title='bbox 1710 1735 1976 1809; x_wconf 81' lang='grc' dir='ltr'>πάρεργον</span> 
     </span>
    </p>
   </div>
   <div class='ocr_carea' id='block_1_19' title="bbox 2164 1294 3742 1372">
    <p class='ocr_par' dir='ltr' id='par_1_19' title="bbox 2164 1294 3742 1372">
     <span class='ocr_line' id='line_1_19' title="bbox 2164 1294 3742 1372; baseline 0.007 -28"><span class='ocrx_word' id='word_1_181' title='bbox 2164 1294 2300 1346; x_wconf 92' lang='lat' dir='ltr'>VIlI.</span> <span class='ocrx_word' id='word_1_182' title='bbox 2325 1294 2436 1349; x_wconf 90' lang='lat' dir='ltr'>Sed</span> <span class='ocrx_word' id='word_1_183' title='bbox 2457 1297 2567 1351; x_wconf 89' lang='lat' dir='ltr'>hac</span> <span class='ocrx_word' id='word_1_184' title='bbox 2593 1314 2828 1368; x_wconf 88' lang='lat' dir='ltr'>quoque</span> <span class='ocrx_word' id='word_1_185' title='bbox 2848 1299 3006 1353; x_wconf 87' lang='lat' dir='ltr'>brevi</span> <span class='ocrx_word' id='word_1_186' title='bbox 3032 1306 3363 1372; x_wconf 89' lang='lat' dir='ltr'>expugnata</span> <span class='ocrx_word' id='word_1_187' title='bbox 3380 1300 3632 1355; x_wconf 89' lang='lat' dir='ltr'>ulterius</span> <span class='ocrx_word' id='word_1_188' title='bbox 3655 1304 3742 1355; x_wconf 90' lang='lat' dir='ltr'>in-</span> 
     </span>
    </p>
   </div>
   <div class='ocr_carea' id='block_1_20' title="bbox 2086 1381 3744 1460">
    <p class='ocr_par' dir='ltr' id='par_1_20' title="bbox 2086 1381 3744 1460">
     <span class='ocr_line' id='line_1_20' title="bbox 2086 1381 3744 1460; baseline 0.006 -27"><span class='ocrx_word' id='word_1_189' title='bbox 2086 1381 2280 1435; x_wconf 83' lang='lat' dir='ltr'>tendit</span> <span class='ocrx_word' id='word_1_190' title='bbox 2300 1382 2432 1448; x_wconf 87' lang='lat' dir='ltr'>iter,</span> <span class='ocrx_word' id='word_1_191' title='bbox 2459 1385 2714 1440; x_wconf 87' lang='lat' dir='ltr'>Sezerim</span> <span class='ocrx_word' id='word_1_192' title='bbox 2743 1387 2951 1442; x_wconf 89' lang='lat' dir='ltr'>urbem</span> <span class='ocrx_word' id='word_1_193' title='bbox 2976 1404 3178 1443; x_wconf 89' lang='lat' dir='ltr'>versus</span> <span class='ocrx_word' id='word_1_194' title='bbox 3206 1406 3219 1454; x_wconf 88' lang='lat'><strong>;</strong></span> <span class='ocrx_word' id='word_1_195' title='bbox 3243 1395 3553 1460; x_wconf 77' lang='lat' dir='ltr'>castraque</span> <span class='ocrx_word' id='word_1_196' title='bbox 3571 1389 3744 1458; x_wconf 83' lang='lat' dir='ltr'>juxta</span> 
     </span>
    </p>
   </div>
   <div class='ocr_carea' id='block_1_21' title="bbox 2088 1470 3743 1547">
    <p class='ocr_par' dir='ltr' id='par_1_21' title="bbox 2088 1470 3743 1547">
     <span class='ocr_line' id='line_1_21' title="bbox 2088 1470 3743 1547; baseline 0.006 -25"><span class='ocrx_word' id='word_1_197' title='bbox 2088 1470 2327 1524; x_wconf 90' lang='lat' dir='ltr'>Istrium</span> <span class='ocrx_word' id='word_1_198' title='bbox 2378 1473 2546 1542; x_wconf 88' lang='lat' dir='ltr'>ponit</span> <span class='ocrx_word' id='word_1_199' title='bbox 2605 1476 3043 1546; x_wconf 71' lang='lat' dir='ltr'>Mesopotamiae</span> <span class='ocrx_word' id='word_1_200' title='bbox 3076 1479 3305 1547; x_wconf 85' lang='lat' dir='ltr'>urbem,</span> <span class='ocrx_word' id='word_1_201' title='bbox 3335 1495 3369 1533; x_wconf 91' lang='lat' dir='ltr'>a</span> <span class='ocrx_word' id='word_1_202' title='bbox 3398 1479 3590 1533; x_wconf 90' lang='lat' dir='ltr'>Sezeri</span> <span class='ocrx_word' id='word_1_203' title='bbox 3621 1496 3743 1533; x_wconf 89' lang='lat' dir='ltr'>non</span> 
     </span>
    </p>
   </div>
   <div class='ocr_carea' id='block_1_22' title="bbox 2089 1558 3738 1622">
    <p class='ocr_par' dir='ltr' id='par_1_22' title="bbox 2089 1558 3738 1622">
     <span class='ocr_line' id='line_1_22' title="bbox 2089 1558 3738 1622; baseline 0.007 -11"><span class='ocrx_word' id='word_1_204' title='bbox 2089 1558 2342 1614; x_wconf 88' lang='lat' dir='ltr'>multum</span> <span class='ocrx_word' id='word_1_205' title='bbox 2356 1559 2625 1617; x_wconf 88' lang='lat' dir='ltr'>dissitam</span> <span class='ocrx_word' id='word_1_206' title='bbox 2643 1566 2888 1619; x_wconf 89' lang='lat' dir='ltr'>etrebus</span> <span class='ocrx_word' id='word_1_207' title='bbox 2902 1566 3180 1621; x_wconf 90' lang='lat' dir='ltr'>omnibus</span> <span class='ocrx_word' id='word_1_208' title='bbox 3195 1566 3713 1622; x_wconf 89' lang='lat' dir='ltr'>instructissimam</span> <span class='ocrx_word' id='word_1_209' title='bbox 3726 1609 3738 1622; x_wconf 94' lang='lat'><em>.</em></span> 
     </span>
    </p>
   </div>
   <div class='ocr_carea' id='block_1_23' title="bbox 2086 1648 3743 1727">
    <p class='ocr_par' dir='ltr' id='par_1_23' title="bbox 2086 1648 3743 1727">
     <span class='ocr_line' id='line_1_23' title="bbox 2086 1648 3743 1727; baseline 0.005 -26"><span class='ocrx_word' id='word_1_210' title='bbox 2086 1648 2209 1711; x_wconf 86' lang='lat' dir='ltr'>Qua</span> <span class='ocrx_word' id='word_1_211' title='bbox 2238 1648 2429 1704; x_wconf 87' lang='lat' dir='ltr'>obiter</span> <span class='ocrx_word' id='word_1_212' title='bbox 2474 1658 2646 1722; x_wconf 84' lang='lat' dir='ltr'>capta</span> <span class='ocrx_word' id='word_1_213' title='bbox 2696 1658 2753 1706; x_wconf 90' lang='lat' dir='ltr'>et</span> <span class='ocrx_word' id='word_1_214' title='bbox 2798 1655 3089 1709; x_wconf 88' lang='lat' dir='ltr'>militibus</span> <span class='ocrx_word' id='word_1_215' title='bbox 3118 1655 3455 1727; x_wconf 83' lang='lat' dir='ltr'>diripienda</span> <span class='ocrx_word' id='word_1_216' title='bbox 3487 1657 3644 1724; x_wconf 87' lang='lat' dir='ltr'>data,</span> <span class='ocrx_word' id='word_1_217' title='bbox 3677 1673 3743 1710; x_wconf 88' lang='lat' dir='ltr'>ac</span> 
     </span>
    </p>
   </div>
   <div class='ocr_carea' id='block_1_24' title="bbox 2087 1736 3741 1817">
    <p class='ocr_par' dir='ltr' id='par_1_24' title="bbox 2087 1736 3741 1817">
     <span class='ocr_line' id='line_1_24' title="bbox 2087 1736 3741 1817; baseline 0.007 -29"><span class='ocrx_word' id='word_1_218' title='bbox 2087 1736 2376 1806; x_wconf 87' lang='lat' dir='ltr'>Scythicis</span> <span class='ocrx_word' id='word_1_219' title='bbox 2397 1739 2774 1809; x_wconf 88' lang='lat' dir='ltr'>potissimum</span> <span class='ocrx_word' id='word_1_220' title='bbox 2794 1742 3187 1814; x_wconf 89' lang='lat' dir='ltr'>legionibus,a</span> <span class='ocrx_word' id='word_1_221' title='bbox 3205 1743 3419 1813; x_wconf 86' lang='lat' dir='ltr'>quibus</span> <span class='ocrx_word' id='word_1_222' title='bbox 3446 1761 3741 1817; x_wconf 84' lang='lat' dir='ltr'>expugna-</span> 
     </span>
    </p>
   </div>
   <div class='ocr_carea' id='block_1_25' title="bbox 312 1822 1992 1905">
    <p class='ocr_par' dir='ltr' id='par_1_25' title="bbox 312 1824 1974 1905">
     <span class='ocr_line' id='line_1_25' title="bbox 312 1824 1974 1905; baseline -0.003 -22"><span class='ocrx_word' id='word_1_223' title='bbox 312 1831 408 1887; x_wconf 77' lang='grc' dir='ltr'>καὶ</span> <span class='ocrx_word' id='word_1_224' title='bbox 468 1829 669 1883; x_wconf 92' lang='grc' dir='ltr'>τούτου</span> <span class='ocrx_word' id='word_1_225' title='bbox 726 1825 1114 1905; x_wconf 74' lang='grc' dir='ltr'>διαφθαρέντος</span> <span class='ocrx_word' id='word_1_226' title='bbox 1169 1827 1261 1880; x_wconf 84' lang='grc' dir='ltr'>καὶ</span> <span class='ocrx_word' id='word_1_227' title='bbox 1334 1826 1470 1899; x_wconf 88' lang='grc' dir='ltr'>πρὸς</span> <span class='ocrx_word' id='word_1_228' title='bbox 1546 1826 1800 1902; x_wconf 70' lang='grc' dir='ltr'>ἁρπαγὴν</span> <span class='ocrx_word' id='word_1_229' title='bbox 1860 1824 1974 1879; x_wconf 87' lang='grc' dir='ltr'>δια-</span> 
     </span>
    </p>
   </div>
   <div class='ocr_carea' id='block_1_26' title="bbox 2100 1822 3741 1905">
    <p class='ocr_par' dir='ltr' id='par_1_26' title="bbox 2100 1824 3741 1903">
     <span class='ocr_line' id='line_1_26' title="bbox 2100 1824 3741 1903; baseline 0.006 -26"><span class='ocrx_word' id='word_1_230' title='bbox 2100 1830 2147 1878; x_wconf 65' lang='lat' dir='ltr'>‘La</span> <span class='ocrx_word' id='word_1_231' title='bbox 2191 1824 2404 1896; x_wconf 83' lang='lat' dir='ltr'>fuerat,</span> <span class='ocrx_word' id='word_1_232' title='bbox 2459 1828 2597 1884; x_wconf 91' lang='lat' dir='ltr'>inde</span> <span class='ocrx_word' id='word_1_233' title='bbox 2660 1831 2914 1885; x_wconf 89' lang='lat' dir='ltr'>Sezerim</span> <span class='ocrx_word' id='word_1_234' title='bbox 2964 1832 3300 1903; x_wconf 75' lang='lat' dir='ltr'>aggreditur</span> <span class='ocrx_word' id='word_1_235' title='bbox 3358 1833 3529 1902; x_wconf 84' lang='lat' dir='ltr'>cujus</span> <span class='ocrx_word' id='word_1_236' title='bbox 3587 1833 3741 1888; x_wconf 89' lang='lat' dir='ltr'>cives</span> 
     </span>
    </p>
   </div>
   <div class='ocr_carea' id='block_1_27' title="bbox 319 1913 1982 1994">
    <p class='ocr_par' dir='ltr' id='par_1_27' title="bbox 319 1913 1982 1994">
     <span class='ocr_line' id='line_1_27' title="bbox 319 1913 1982 1994; baseline -0.004 -20"><span class='ocrx_word' id='word_1_237' title='bbox 319 1918 579 1994; x_wconf 67' lang='grc' dir='ltr'>φεθέντος</span> <span class='ocrx_word' id='word_1_238' title='bbox 625 1921 742 1977; x_wconf 84' lang='grc' dir='ltr'>τοῖς</span> <span class='ocrx_word' id='word_1_239' title='bbox 790 1916 1171 1991; x_wconf 79' lang='grc' dir='ltr'>στρατιώταις,</span> <span class='ocrx_word' id='word_1_240' title='bbox 1222 1915 1312 1969; x_wconf 89' lang='grc' dir='ltr'>καὶ</span> <span class='ocrx_word' id='word_1_241' title='bbox 1350 1913 1558 1969; x_wconf 86' lang='grc' dir='ltr'>τούτων</span> <span class='ocrx_word' id='word_1_242' title='bbox 1597 1913 1834 1987; x_wconf 88' lang='grc' dir='ltr'>μάλιστα</span> <span class='ocrx_word' id='word_1_243' title='bbox 1863 1919 1982 1974; x_wconf 83' lang='grc' dir='ltr'>τοῖς</span> 
     </span>
    </p>
   </div>
   <div class='ocr_carea' id='block_1_28' title="bbox 319 2002 1985 2082">
    <p class='ocr_par' dir='ltr' id='par_1_28' title="bbox 319 2002 1985 2082">
     <span class='ocr_line' id='line_1_28' title="bbox 319 2002 1985 2082; baseline -0.004 -19"><span class='ocrx_word' id='word_1_244' title='bbox 319 2008 383 2063; x_wconf 78' lang='grc' dir='ltr'>ἐκ</span> <span class='ocrx_word' id='word_1_245' title='bbox 409 2005 735 2080; x_wconf 83' lang='grc' dir='ltr'>καταλόγων</span> <span class='ocrx_word' id='word_1_246' title='bbox 781 2009 890 2059; x_wconf 88' lang='grc' dir='ltr'>τῶν</span> <span class='ocrx_word' id='word_1_247' title='bbox 954 2008 1234 2067; x_wconf 77' lang='grc' dir='ltr'>Σκυθικῶν</span> <span class='ocrx_word' id='word_1_248' title='bbox 1265 2004 1350 2082; x_wconf 81' lang='grc' dir='ltr'>ὑφ’</span> <span class='ocrx_word' id='word_1_249' title='bbox 1391 2004 1464 2056; x_wconf 85' lang='grc' dir='ltr'>ὧν</span> <span class='ocrx_word' id='word_1_250' title='bbox 1523 2003 1782 2070; x_wconf 68' lang='grc' dir='ltr'>ἑάλωκεν,</span> <span class='ocrx_word' id='word_1_251' title='bbox 1846 2002 1985 2057; x_wconf 83' lang='grc' dir='ltr'>ἐκεῖ·</span> 
     </span>
    </p>
   </div>
   <div class='ocr_carea' id='block_1_29' title="bbox 325 2089 1983 2165">
    <p class='ocr_par' dir='ltr' id='par_1_29' title="bbox 325 2089 1983 2165">
     <span class='ocr_line' id='line_1_29' title="bbox 325 2089 1983 2165; baseline -0.004 -14"><span class='ocrx_word' id='word_1_252' title='bbox 325 2109 411 2161; x_wconf 86' lang='grc' dir='ltr'>θεν</span> <span class='ocrx_word' id='word_1_253' title='bbox 466 2093 777 2155; x_wconf 77' lang='grc' dir='ltr'>ἀπαναστὰς</span> <span class='ocrx_word' id='word_1_254' title='bbox 828 2092 908 2163; x_wconf 79' lang='grc' dir='ltr'>τῷ</span> <span class='ocrx_word' id='word_1_255' title='bbox 966 2091 1128 2165; x_wconf 88' lang='grc' dir='ltr'>Σέζερ</span> <span class='ocrx_word' id='word_1_256' title='bbox 1188 2093 1489 2165; x_wconf 85' lang='grc' dir='ltr'>πρόσεισιν.</span> <span class='ocrx_word' id='word_1_257' title='bbox 1545 2092 1612 2148; x_wconf 76' lang='grc' dir='ltr'><strong>Οἱ</strong></span> <span class='ocrx_word' id='word_1_258' title='bbox 1671 2089 1718 2146; x_wconf 90' lang='grc' dir='ltr'>δ’</span> <span class='ocrx_word' id='word_1_259' title='bbox 1784 2091 1842 2147; x_wconf 81' lang='grc' dir='ltr'>ἐκ</span> <span class='ocrx_word' id='word_1_260' title='bbox 1890 2096 1983 2145; x_wconf 82' lang='grc' dir='ltr'>τοῦ</span> 
     </span>
    </p>
   </div>
   <div class='ocr_carea' id='block_1_30' title="bbox 326 2180 1983 2256">
    <p class='ocr_par' dir='ltr' id='par_1_30' title="bbox 326 2180 1983 2256">
     <span class='ocr_line' id='line_1_30' title="bbox 326 2180 1983 2256; baseline -0.004 -15"><span class='ocrx_word' id='word_1_261' title='bbox 326 2190 519 2247; x_wconf 75' lang='grc' dir='ltr'>ἄστεος</span> <span class='ocrx_word' id='word_1_262' title='bbox 548 2181 734 2252; x_wconf 72' lang='grc' dir='ltr'>τοῦδε,</span> <span class='ocrx_word' id='word_1_263' title='bbox 793 2183 885 2237; x_wconf 82' lang='grc' dir='ltr'>καὶ</span> <span class='ocrx_word' id='word_1_264' title='bbox 940 2187 1047 2236; x_wconf 88' lang='grc' dir='ltr'>τῶν</span> <span class='ocrx_word' id='word_1_265' title='bbox 1106 2180 1403 2256; x_wconf 87' lang='grc' dir='ltr'>ἀγχούρων</span> <span class='ocrx_word' id='word_1_266' title='bbox 1460 2185 1747 2256; x_wconf 83' lang='grc' dir='ltr'>σατραπῶν</span> <span class='ocrx_word' id='word_1_267' title='bbox 1789 2180 1983 2235; x_wconf 81' lang='grc' dir='ltr'>συνελ-</span> 
     </span>
    </p>
   </div>
   <div class='ocr_carea' id='block_1_31' title="bbox 330 2267 1986 2343">
    <p class='ocr_par' dir='ltr' id='par_1_31' title="bbox 330 2267 1986 2343">
     <span class='ocr_line' id='line_1_31' title="bbox 330 2267 1986 2343; baseline -0.003 -14"><span class='ocrx_word' id='word_1_268' title='bbox 330 2274 559 2343; x_wconf 87' lang='grc' dir='ltr'>θόντων,</span> <span class='ocrx_word' id='word_1_269' title='bbox 612 2270 905 2333; x_wconf 78' lang='grc' dir='ltr'>πλείστους</span> <span class='ocrx_word' id='word_1_270' title='bbox 962 2270 1121 2332; x_wconf 76' lang='grc' dir='ltr'>ὅσους</span> <span class='ocrx_word' id='word_1_271' title='bbox 1177 2268 1309 2330; x_wconf 72' lang='grc' dir='ltr'>τοὺς</span> <span class='ocrx_word' id='word_1_272' title='bbox 1369 2267 1757 2332; x_wconf 74' lang='grc' dir='ltr'>ὁπλιτεύοντας</span> <span class='ocrx_word' id='word_1_273' title='bbox 1814 2290 1986 2324; x_wconf 84' lang='grc' dir='ltr'>συνει-</span> 
     </span>
    </p>
   </div>
   <div class='ocr_carea' id='block_1_32' title="bbox 330 2358 1986 2438">
    <p class='ocr_par' dir='ltr' id='par_1_32' title="bbox 330 2358 1986 2438">
     <span class='ocr_line' id='line_1_32' title="bbox 330 2358 1986 2438; baseline -0.003 -19"><span class='ocrx_word' id='word_1_274' title='bbox 330 2367 589 2438; x_wconf 80' lang='grc' dir='ltr'>λόχασιν,</span> <span class='ocrx_word' id='word_1_275' title='bbox 648 2362 771 2416; x_wconf 73' lang='grc' dir='ltr'>ὅθεν</span> <span class='ocrx_word' id='word_1_276' title='bbox 827 2360 917 2415; x_wconf 88' lang='grc' dir='ltr'>καὶ</span> <span class='ocrx_word' id='word_1_277' title='bbox 974 2360 1111 2434; x_wconf 87' lang='grc' dir='ltr'>πρὸς</span> <span class='ocrx_word' id='word_1_278' title='bbox 1164 2358 1259 2414; x_wconf 72' lang='grc' dir='ltr'>ἕνα</span> <span class='ocrx_word' id='word_1_279' title='bbox 1311 2361 1672 2431; x_wconf 86' lang='grc' dir='ltr'>συνασπισμὸν</span> <span class='ocrx_word' id='word_1_280' title='bbox 1717 2359 1986 2421; x_wconf 87' lang='grc' dir='ltr'>συνιόντες</span> 
     </span>
    </p>
   </div>
   <div class='ocr_carea' id='block_1_33' title="bbox 326 2447 1983 2525">
    <p class='ocr_par' dir='ltr' id='par_1_33' title="bbox 326 2447 1983 2525">
     <span class='ocr_line' id='line_1_33' title="bbox 326 2447 1983 2525; baseline -0.004 -17"><span class='ocrx_word' id='word_1_281' title='bbox 326 2453 423 2508; x_wconf 77' lang='grc' dir='ltr'>καὶ</span> <span class='ocrx_word' id='word_1_282' title='bbox 499 2451 811 2525; x_wconf 82' lang='grc' dir='ltr'>ὁμαιχμίαν</span> <span class='ocrx_word' id='word_1_283' title='bbox 881 2450 1272 2524; x_wconf 84' lang='grc' dir='ltr'>κρατυνάμενοι</span> <span class='ocrx_word' id='word_1_284' title='bbox 1350 2447 1477 2522; x_wconf 89' lang='grc' dir='ltr'>μίαν</span> <span class='ocrx_word' id='word_1_285' title='bbox 1562 2451 1983 2523; x_wconf 77' lang='grc' dir='ltr'>προσυπήντων,</span> 
     </span>
    </p>
   </div>
   <div class='ocr_carea' id='block_1_34' title="bbox 327 2533 1986 2614">
    <p class='ocr_par' dir='ltr' id='par_1_34' title="bbox 327 2533 1986 2614">
     <span class='ocr_line' id='line_1_34' title="bbox 327 2533 1986 2614; baseline -0.003 -18"><span class='ocrx_word' id='word_1_286' title='bbox 327 2544 424 2596; x_wconf 83' lang='grc' dir='ltr'>τὸν</span> <span class='ocrx_word' id='word_1_287' title='bbox 483 2540 653 2595; x_wconf 67' lang='grc' dir='ltr'>ἐκεῖσε</span> <span class='ocrx_word' id='word_1_288' title='bbox 704 2538 1129 2614; x_wconf 85' lang='grc' dir='ltr'>περικλώμενον</span> <span class='ocrx_word' id='word_1_289' title='bbox 1178 2538 1425 2609; x_wconf 88' lang='grc' dir='ltr'>ποταμὸν</span> <span class='ocrx_word' id='word_1_290' title='bbox 1480 2533 1785 2604; x_wconf 73' lang='grc' dir='ltr'>διαϐάντες,</span> <span class='ocrx_word' id='word_1_291' title='bbox 1839 2536 1986 2592; x_wconf 81' lang='grc' dir='ltr'>ἀλλὰ</span> 
     </span>
    </p>
   </div>
   <div class='ocr_carea' id='block_1_35' title="bbox 336 2623 1986 2703">
    <p class='ocr_par' dir='ltr' id='par_1_35' title="bbox 336 2623 1986 2703">
     <span class='ocr_line' id='line_1_35' title="bbox 336 2623 1986 2703; baseline -0.001 -21"><span class='ocrx_word' id='word_1_292' title='bbox 336 2630 432 2683; x_wconf 84' lang='grc' dir='ltr'>καὶ</span> <span class='ocrx_word' id='word_1_293' title='bbox 462 2626 679 2703; x_wconf 84' lang='grc' dir='ltr'>δοράτια</span> <span class='ocrx_word' id='word_1_294' title='bbox 734 2628 794 2684; x_wconf 84' lang='grc' dir='ltr'>ἐκ</span> <span class='ocrx_word' id='word_1_295' title='bbox 846 2626 1112 2700; x_wconf 82' lang='grc' dir='ltr'>καλάμων</span> <span class='ocrx_word' id='word_1_296' title='bbox 1171 2623 1544 2701; x_wconf 79' lang='grc' dir='ltr'>κραδαίνοντες</span> <span class='ocrx_word' id='word_1_297' title='bbox 1596 2632 1716 2688; x_wconf 85' lang='grc' dir='ltr'>ταῖς</span> <span class='ocrx_word' id='word_1_298' title='bbox 1755 2631 1850 2680; x_wconf 71' lang='grc' dir='ltr'>τοῦ</span> <span class='ocrx_word' id='word_1_299' title='bbox 1886 2627 1986 2701; x_wconf 86' lang='grc' dir='ltr'>βα-</span> 
     </span>
    </p>
   </div>
   <div class='ocr_carea' id='block_1_36' title="bbox 347 2714 1989 2794">
    <p class='ocr_par' dir='ltr' id='par_1_36' title="bbox 347 2714 1989 2794">
     <span class='ocr_line' id='line_1_36' title="bbox 347 2714 1989 2794; baseline 0 -25"><span class='ocrx_word' id='word_1_300' title='bbox 347 2715 544 2779; x_wconf 86' lang='grc' dir='ltr'>σιλέως</span> <span class='ocrx_word' id='word_1_301' title='bbox 602 2716 1001 2790; x_wconf 72' lang='grc' dir='ltr'>συμπλέκονται</span> <span class='ocrx_word' id='word_1_302' title='bbox 1089 2715 1379 2794; x_wconf 74' lang='grc' dir='ltr'>φάλαγξιν,</span> <span class='ocrx_word' id='word_1_303' title='bbox 1461 2716 1655 2777; x_wconf 85' lang='grc' dir='ltr'>ἳπποις</span> <span class='ocrx_word' id='word_1_304' title='bbox 1715 2714 1989 2769; x_wconf 83' lang='grc' dir='ltr'>ὠκύποσιν</span> 
     </span>
    </p>
   </div>
   <div class='ocr_carea' id='block_1_37' title="bbox 346 2802 1984 2882">
    <p class='ocr_par' dir='ltr' id='par_1_37' title="bbox 346 2802 1984 2882">
     <span class='ocr_line' id='line_1_37' title="bbox 346 2802 1984 2882; baseline -0.002 -21"><span class='ocrx_word' id='word_1_305' title='bbox 346 2805 728 2880; x_wconf 83' lang='grc' dir='ltr'>ἐποχούμενοι.</span> <span class='ocrx_word' id='word_1_306' title='bbox 791 2807 897 2864; x_wconf 78' lang='grc' dir='ltr'>Καὶ</span> <span class='ocrx_word' id='word_1_307' title='bbox 965 2804 1275 2882; x_wconf 75' lang='grc' dir='ltr'>συρῥήξεως</span> <span class='ocrx_word' id='word_1_308' title='bbox 1357 2803 1655 2879; x_wconf 85' lang='grc' dir='ltr'>γενομένης</span> <span class='ocrx_word' id='word_1_309' title='bbox 1713 2802 1984 2866; x_wconf 77' lang='grc' dir='ltr'>πολλάκις</span> 
     </span>
    </p>
   </div>
   <div class='ocr_carea' id='block_1_38' title="bbox 346 2894 1987 2971">
    <p class='ocr_par' dir='ltr' id='par_1_38' title="bbox 346 2894 1987 2971">
     <span class='ocr_line' id='line_1_38' title="bbox 346 2894 1987 2971; baseline -0.001 -22"><span class='ocrx_word' id='word_1_310' title='bbox 346 2896 451 2963; x_wconf 85' lang='grc' dir='ltr'>τήν</span> <span class='ocrx_word' id='word_1_311' title='bbox 485 2894 640 2965; x_wconf 82' lang='grc' dir='ltr'>νίκης</span> <span class='ocrx_word' id='word_1_312' title='bbox 696 2897 722 2949; x_wconf 84' lang='grc' dir='ltr'>ὁ</span> <span class='ocrx_word' id='word_1_313' title='bbox 778 2894 1032 2971; x_wconf 68' lang='grc' dir='ltr'>βασιλεὺς</span> <span class='ocrx_word' id='word_1_314' title='bbox 1087 2894 1434 2971; x_wconf 81' lang='grc' dir='ltr'>ἀποφέρεται,</span> <span class='ocrx_word' id='word_1_315' title='bbox 1492 2895 1582 2949; x_wconf 82' lang='grc' dir='ltr'>καὶ</span> <span class='ocrx_word' id='word_1_316' title='bbox 1641 2895 1693 2948; x_wconf 72' lang='grc' dir='ltr'>οἱ</span> <span class='ocrx_word' id='word_1_317' title='bbox 1752 2895 1844 2968; x_wconf 78' lang='grc' dir='ltr'>μὲν</span> <span class='ocrx_word' id='word_1_318' title='bbox 1878 2898 1987 2948; x_wconf 86' lang='grc' dir='ltr'>τῶν</span> 
     </span>
    </p>
   </div>
   <div class='ocr_carea' id='block_1_39' title="bbox 346 2979 1990 3057">
    <p class='ocr_par' dir='ltr' id='par_1_39' title="bbox 346 2979 1990 3057">
     <span class='ocr_line' id='line_1_39' title="bbox 346 2979 1990 3057; baseline -0.002 -17"><span class='ocrx_word' id='word_1_319' title='bbox 346 2982 634 3057; x_wconf 81' lang='grc' dir='ltr'>πολεμίων</span> <span class='ocrx_word' id='word_1_320' title='bbox 702 2986 835 3039; x_wconf 87' lang='grc' dir='ltr'>κατά</span> <span class='ocrx_word' id='word_1_321' title='bbox 906 2988 1006 3040; x_wconf 80' lang='grc' dir='ltr'>τοῦ</span> <span class='ocrx_word' id='word_1_322' title='bbox 1079 2980 1274 3044; x_wconf 76' lang='grc' dir='ltr'>ὓδατος</span> <span class='ocrx_word' id='word_1_323' title='bbox 1346 2983 1740 3053; x_wconf 84' lang='grc' dir='ltr'>ἀκοντίζονται,</span> <span class='ocrx_word' id='word_1_324' title='bbox 1816 2984 1869 3037; x_wconf 77' lang='grc' dir='ltr'>οἱ</span> <span class='ocrx_word' id='word_1_325' title='bbox 1944 2979 1990 3036; x_wconf 87' lang='grc' dir='ltr'>δ’</span> 
     </span>
    </p>
   </div>
   <div class='ocr_carea' id='block_1_40' title="bbox 337 3069 1987 3152">
    <p class='ocr_par' dir='ltr' id='par_1_40' title="bbox 337 3069 1987 3152">
     <span class='ocr_line' id='line_1_40' title="bbox 337 3069 1987 3152; baseline 0.001 -24"><span class='ocrx_word' id='word_1_326' title='bbox 337 3074 693 3149; x_wconf 75' lang='grc' dir='ltr'>ἐμπείρονται</span> <span class='ocrx_word' id='word_1_327' title='bbox 750 3071 995 3149; x_wconf 77' lang='grc' dir='ltr'>δόρασιν,</span> <span class='ocrx_word' id='word_1_328' title='bbox 1057 3069 1312 3145; x_wconf 78' lang='grc' dir='ltr'>οὐδαμῶς</span> <span class='ocrx_word' id='word_1_329' title='bbox 1373 3070 1781 3146; x_wconf 85' lang='grc' dir='ltr'>ἐπαρκεσάντων</span> <span class='ocrx_word' id='word_1_330' title='bbox 1841 3074 1987 3152; x_wconf 82' lang='grc' dir='ltr'>σφίσι</span> 
     </span>
    </p>
   </div>
   <div class='ocr_carea' id='block_1_41' title="bbox 2090 1918 3739 1992">
    <p class='ocr_par' dir='ltr' id='par_1_41' title="bbox 2090 1918 3739 1992">
     <span class='ocr_line' id='line_1_41' title="bbox 2090 1918 3739 1992; baseline 0.005 -24"><span class='ocrx_word' id='word_1_331' title='bbox 2090 1924 2250 1983; x_wconf 82' lang='lat' dir='ltr'>(nam</span> <span class='ocrx_word' id='word_1_332' title='bbox 2285 1922 2341 1970; x_wconf 89' lang='lat' dir='ltr'>et</span> <span class='ocrx_word' id='word_1_333' title='bbox 2388 1918 2625 1972; x_wconf 85' lang='lat' dir='ltr'>ﬁnitimi</span> <span class='ocrx_word' id='word_1_334' title='bbox 2673 1925 2922 1991; x_wconf 70' lang='lat' dir='ltr'>satrapas</span> <span class='ocrx_word' id='word_1_335' title='bbox 2973 1921 3179 1975; x_wconf 92' lang='lat' dir='ltr'>eodem</span> <span class='ocrx_word' id='word_1_336' title='bbox 3224 1928 3502 1992; x_wconf 84' lang='lat' dir='ltr'>tanquam</span> <span class='ocrx_word' id='word_1_337' title='bbox 3537 1922 3609 1976; x_wconf 84' lang='lat' dir='ltr'>ad</span> <span class='ocrx_word' id='word_1_338' title='bbox 3642 1922 3739 1976; x_wconf 69' lang='lat'>39</span> 
     </span>
    </p>
   </div>
   <div class='ocr_carea' id='block_1_42' title="bbox 2090 2006 3741 2081">
    <p class='ocr_par' dir='ltr' id='par_1_42' title="bbox 2090 2006 3741 2081">
     <span class='ocr_line' id='line_1_42' title="bbox 2090 2006 3741 2081; baseline 0.005 -25"><span class='ocrx_word' id='word_1_339' title='bbox 2090 2020 2406 2060; x_wconf 89' lang='lat' dir='ltr'>commune</span> <span class='ocrx_word' id='word_1_340' title='bbox 2431 2006 2776 2063; x_wconf 86' lang='lat' dir='ltr'>incendium</span> <span class='ocrx_word' id='word_1_341' title='bbox 2800 2010 3287 2081; x_wconf 83' lang='lat' dir='ltr'>restinguendum</span> <span class='ocrx_word' id='word_1_342' title='bbox 3312 2009 3741 2080; x_wconf 84' lang='lat' dir='ltr'>conﬂuxerant)</span> 
     </span>
    </p>
   </div>
   <div class='ocr_carea' id='block_1_43' title="bbox 2089 2092 3736 2171">
    <p class='ocr_par' dir='ltr' id='par_1_43' title="bbox 2089 2092 3736 2171">
     <span class='ocr_line' id='line_1_43' title="bbox 2089 2092 3736 2171; baseline 0.005 -25"><span class='ocrx_word' id='word_1_343' title='bbox 2089 2092 2376 2163; x_wconf 90' lang='lat' dir='ltr'>plurimos</span> <span class='ocrx_word' id='word_1_344' title='bbox 2407 2096 2631 2152; x_wconf 88' lang='lat' dir='ltr'>milites</span> <span class='ocrx_word' id='word_1_345' title='bbox 2660 2105 2999 2171; x_wconf 83' lang='lat' dir='ltr'>coegerunt,</span> <span class='ocrx_word' id='word_1_346' title='bbox 3027 2105 3085 2154; x_wconf 92' lang='lat' dir='ltr'>et</span> <span class='ocrx_word' id='word_1_347' title='bbox 3111 2100 3257 2155; x_wconf 89' lang='lat' dir='ltr'>inita</span> <span class='ocrx_word' id='word_1_348' title='bbox 3287 2100 3566 2155; x_wconf 87' lang='lat' dir='ltr'>societate</span> <span class='ocrx_word' id='word_1_349' title='bbox 3598 2116 3736 2155; x_wconf 89' lang='lat' dir='ltr'>con-</span> 
     </span>
    </p>
   </div>
   <div class='ocr_carea' id='block_1_44' title="bbox 2090 2181 3738 2260">
    <p class='ocr_par' dir='ltr' id='par_1_44' title="bbox 2090 2181 3738 2260">
     <span class='ocr_line' id='line_1_44' title="bbox 2090 2181 3738 2260; baseline 0.004 -24"><span class='ocrx_word' id='word_1_350' title='bbox 2090 2181 2401 2254; x_wconf 88' lang='lat' dir='ltr'>ductisque</span> <span class='ocrx_word' id='word_1_351' title='bbox 2417 2185 2476 2239; x_wconf 92' lang='lat' dir='ltr'>in</span> <span class='ocrx_word' id='word_1_352' title='bbox 2495 2202 2677 2240; x_wconf 90' lang='lat' dir='ltr'>unum</span> <span class='ocrx_word' id='word_1_353' title='bbox 2695 2188 2879 2259; x_wconf 88' lang='lat' dir='ltr'>copiis</span> <span class='ocrx_word' id='word_1_354' title='bbox 2898 2194 3295 2259; x_wconf 88' lang='lat' dir='ltr'>superatoque</span> <span class='ocrx_word' id='word_1_355' title='bbox 3314 2189 3738 2260; x_wconf 60' lang='lat' dir='ltr'>prasterlluenti</span> 
     </span>
    </p>
   </div>
   <div class='ocr_carea' id='block_1_45' title="bbox 2091 2272 3743 2350">
    <p class='ocr_par' dir='ltr' id='par_1_45' title="bbox 2091 2272 3743 2350">
     <span class='ocr_line' id='line_1_45' title="bbox 2091 2272 3743 2350; baseline 0.005 -25"><span class='ocrx_word' id='word_1_356' title='bbox 2091 2288 2266 2327; x_wconf 90' lang='lat' dir='ltr'>amne</span> <span class='ocrx_word' id='word_1_357' title='bbox 2280 2272 2483 2345; x_wconf 89' lang='lat' dir='ltr'>jacula</span> <span class='ocrx_word' id='word_1_358' title='bbox 2512 2277 2845 2333; x_wconf 89' lang='lat' dir='ltr'>arundinea</span> <span class='ocrx_word' id='word_1_359' title='bbox 2870 2278 3188 2343; x_wconf 82' lang='lat' dir='ltr'>vibrantes,</span> <span class='ocrx_word' id='word_1_360' title='bbox 3214 2284 3273 2334; x_wconf 92' lang='lat' dir='ltr'>et</span> <span class='ocrx_word' id='word_1_361' title='bbox 3296 2279 3463 2350; x_wconf 87' lang='lat' dir='ltr'>equis</span> <span class='ocrx_word' id='word_1_362' title='bbox 3493 2278 3743 2333; x_wconf 83' lang='lat' dir='ltr'>velocis-</span> 
     </span>
    </p>
   </div>
   <div class='ocr_carea' id='block_1_46' title="bbox 2092 2361 3744 2441">
    <p class='ocr_par' dir='ltr' id='par_1_46' title="bbox 2092 2361 3744 2441">
     <span class='ocr_line' id='line_1_46' title="bbox 2092 2361 3744 2441; baseline 0.006 -27"><span class='ocrx_word' id='word_1_363' title='bbox 2092 2361 2260 2417; x_wconf 88' lang='lat' dir='ltr'>simis</span> <span class='ocrx_word' id='word_1_364' title='bbox 2291 2363 2642 2434; x_wconf 88' lang='lat' dir='ltr'>insidentes,</span> <span class='ocrx_word' id='word_1_365' title='bbox 2677 2368 3091 2439; x_wconf 88' lang='lat' dir='ltr'>imperatorias</span> <span class='ocrx_word' id='word_1_366' title='bbox 3121 2368 3446 2441; x_wconf 83' lang='lat' dir='ltr'>phalanges</span> <span class='ocrx_word' id='word_1_367' title='bbox 3477 2369 3632 2424; x_wconf 87' lang='lat' dir='ltr'>ultro</span> <span class='ocrx_word' id='word_1_368' title='bbox 3666 2369 3744 2423; x_wconf 87' lang='lat' dir='ltr'>la-</span> 
     </span>
    </p>
   </div>
   <div class='ocr_carea' id='block_1_47' title="bbox 2090 2457 3740 2529">
    <p class='ocr_par' dir='ltr' id='par_1_47' title="bbox 2090 2457 3740 2529">
     <span class='ocr_line' id='line_1_47' title="bbox 2090 2457 3740 2529; baseline 0.003 -24"><span class='ocrx_word' id='word_1_369' title='bbox 2090 2459 2350 2520; x_wconf 89' lang='lat' dir='ltr'>cessunt,</span> <span class='ocrx_word' id='word_1_370' title='bbox 2385 2471 2452 2509; x_wconf 89' lang='lat' dir='ltr'>ac</span> <span class='ocrx_word' id='word_1_371' title='bbox 2482 2457 2697 2527; x_wconf 62' lang='lat' dir='ltr'>saepius</span> <span class='ocrx_word' id='word_1_372' title='bbox 2729 2459 2986 2529; x_wconf 78' lang='lat' dir='ltr'>aggressi</span> <span class='ocrx_word' id='word_1_373' title='bbox 3018 2464 3252 2513; x_wconf 90' lang='lat' dir='ltr'>nostros</span> <span class='ocrx_word' id='word_1_374' title='bbox 3284 2458 3619 2525; x_wconf 89' lang='lat' dir='ltr'>vincuntur,</span> <span class='ocrx_word' id='word_1_375' title='bbox 3644 2457 3740 2513; x_wconf 89' lang='lat' dir='ltr'>alii</span> 
     </span>
    </p>
   </div>
   <div class='ocr_carea' id='block_1_48' title="bbox 2091 2539 3740 2615">
    <p class='ocr_par' dir='ltr' id='par_1_48' title="bbox 2091 2539 3740 2615">
     <span class='ocr_line' id='line_1_48' title="bbox 2091 2539 3740 2615; baseline 0.005 -23"><span class='ocrx_word' id='word_1_376' title='bbox 2091 2539 2151 2593; x_wconf 91' lang='lat' dir='ltr'>in</span> <span class='ocrx_word' id='word_1_377' title='bbox 2182 2541 2407 2597; x_wconf 86' lang='lat' dir='ltr'>ﬂumen</span> <span class='ocrx_word' id='word_1_378' title='bbox 2436 2545 2811 2615; x_wconf 79' lang='lat' dir='ltr'>praecipitati,</span> <span class='ocrx_word' id='word_1_379' title='bbox 2871 2546 2967 2600; x_wconf 85' lang='lat' dir='ltr'>alii</span> <span class='ocrx_word' id='word_1_380' title='bbox 3028 2547 3212 2601; x_wconf 90' lang='lat' dir='ltr'>hastis</span> <span class='ocrx_word' id='word_1_381' title='bbox 3268 2547 3556 2614; x_wconf 85' lang='lat' dir='ltr'>transﬁxi,</span> <span class='ocrx_word' id='word_1_382' title='bbox 3589 2546 3740 2600; x_wconf 87' lang='lat' dir='ltr'>nihil</span> 
     </span>
    </p>
   </div>
   <div class='ocr_carea' id='block_1_49' title="bbox 2090 2628 3742 2704">
    <p class='ocr_par' dir='ltr' id='par_1_49' title="bbox 2090 2628 3742 2704">
     <span class='ocr_line' id='line_1_49' title="bbox 2090 2628 3742 2704; baseline 0.004 -22"><span class='ocrx_word' id='word_1_383' title='bbox 2090 2628 2277 2700; x_wconf 80' lang='lat' dir='ltr'>adjuti</span> <span class='ocrx_word' id='word_1_384' title='bbox 2308 2631 2635 2686; x_wconf 88' lang='lat' dir='ltr'>vibratione</span> <span class='ocrx_word' id='word_1_385' title='bbox 2667 2634 3309 2704; x_wconf 88' lang='lat' dir='ltr'>arundinum,quarum</span> <span class='ocrx_word' id='word_1_386' title='bbox 3336 2636 3621 2688; x_wconf 85' lang='lat' dir='ltr'>auxilium</span> <span class='ocrx_word' id='word_1_387' title='bbox 3657 2636 3742 2688; x_wconf 89' lang='lat' dir='ltr'>in-</span> 
     </span>
    </p>
   </div>
   <div class='ocr_carea' id='block_1_50' title="bbox 2092 2717 3739 2794">
    <p class='ocr_par' dir='ltr' id='par_1_50' title="bbox 2092 2717 3739 2794">
     <span class='ocr_line' id='line_1_50' title="bbox 2092 2717 3739 2794; baseline 0.005 -24"><span class='ocrx_word' id='word_1_388' title='bbox 2092 2717 2352 2781; x_wconf 84' lang='lat' dir='ltr'>ﬁrmum,</span> <span class='ocrx_word' id='word_1_389' title='bbox 2379 2724 2556 2774; x_wconf 87' lang='lat' dir='ltr'>tenue</span> <span class='ocrx_word' id='word_1_390' title='bbox 2588 2737 2655 2776; x_wconf 91' lang='lat' dir='ltr'>ac</span> <span class='ocrx_word' id='word_1_391' title='bbox 2684 2722 2862 2792; x_wconf 88' lang='lat' dir='ltr'>plane</span> <span class='ocrx_word' id='word_1_392' title='bbox 2885 2723 3239 2778; x_wconf 79' lang='lat' dir='ltr'>arundinem</span> <span class='ocrx_word' id='word_1_393' title='bbox 3261 2722 3739 2794; x_wconf 85' lang='lat' dir='ltr'>experiebantur.</span> 
     </span>
    </p>
   </div>
   <div class='ocr_carea' id='block_1_51' title="bbox 2092 2807 3740 2883">
    <p class='ocr_par' dir='ltr' id='par_1_51' title="bbox 2092 2807 3740 2883">
     <span class='ocr_line' id='line_1_51' title="bbox 2092 2807 3740 2883; baseline 0.003 -22"><span class='ocrx_word' id='word_1_394' title='bbox 2092 2807 2313 2862; x_wconf 89' lang='lat' dir='ltr'>Dehinc</span> <span class='ocrx_word' id='word_1_395' title='bbox 2344 2808 2502 2863; x_wconf 88' lang='lat' dir='ltr'>intra</span> <span class='ocrx_word' id='word_1_396' title='bbox 2529 2810 2885 2865; x_wconf 90' lang='lat' dir='ltr'>munitiones</span> <span class='ocrx_word' id='word_1_397' title='bbox 2909 2812 3127 2866; x_wconf 90' lang='lat' dir='ltr'>reversi</span> <span class='ocrx_word' id='word_1_398' title='bbox 3150 2829 3268 2867; x_wconf 92' lang='lat' dir='ltr'>non</span> <span class='ocrx_word' id='word_1_399' title='bbox 3290 2812 3548 2883; x_wconf 86' lang='lat' dir='ltr'>amplius</span> <span class='ocrx_word' id='word_1_400' title='bbox 3575 2828 3740 2883; x_wconf 87' lang='lat' dir='ltr'>egre-</span> 
     </span>
    </p>
   </div>
   <div class='ocr_carea' id='block_1_52' title="bbox 2091 2894 3743 2962">
    <p class='ocr_par' dir='ltr' id='par_1_52' title="bbox 2091 2894 3743 2962">
     <span class='ocr_line' id='line_1_52' title="bbox 2091 2894 3743 2962; baseline 0.004 -14"><span class='ocrx_word' id='word_1_401' title='bbox 2091 2894 2426 2962; x_wconf 81' lang='lat' dir='ltr'>diebantur,</span> <span class='ocrx_word' id='word_1_402' title='bbox 2461 2898 2564 2952; x_wconf 91' lang='lat' dir='ltr'>sed</span> <span class='ocrx_word' id='word_1_403' title='bbox 2601 2915 2671 2952; x_wconf 82' lang='lat' dir='ltr'>ex</span> <span class='ocrx_word' id='word_1_404' title='bbox 2701 2900 2911 2954; x_wconf 90' lang='lat' dir='ltr'>terreis</span> <span class='ocrx_word' id='word_1_405' title='bbox 2956 2901 3124 2954; x_wconf 88' lang='lat' dir='ltr'>tectis</span> <span class='ocrx_word' id='word_1_406' title='bbox 3156 2918 3216 2955; x_wconf 90' lang='lat' dir='ltr'>se</span> <span class='ocrx_word' id='word_1_407' title='bbox 3252 2900 3634 2955; x_wconf 85' lang='lat' dir='ltr'>ostendentes</span> <span class='ocrx_word' id='word_1_408' title='bbox 3674 2916 3743 2954; x_wconf 88' lang='lat' dir='ltr'>ac</span> 
     </span>
    </p>
   </div>
   <div class='ocr_carea' id='block_1_53' title="bbox 2090 2985 3739 3058">
    <p class='ocr_par' dir='ltr' id='par_1_53' title="bbox 2090 2985 3739 3058">
     <span class='ocr_line' id='line_1_53' title="bbox 2090 2985 3739 3058; baseline 0.003 -20"><span class='ocrx_word' id='word_1_409' title='bbox 2090 2985 2344 3040; x_wconf 89' lang='lat' dir='ltr'>multum</span> <span class='ocrx_word' id='word_1_410' title='bbox 2376 2986 2513 3041; x_wconf 91' lang='lat' dir='ltr'>inde</span> <span class='ocrx_word' id='word_1_411' title='bbox 2537 2988 2665 3058; x_wconf 91' lang='lat' dir='ltr'>opis</span> <span class='ocrx_word' id='word_1_412' title='bbox 2696 2987 2983 3044; x_wconf 88' lang='lat' dir='ltr'>habentes</span> <span class='ocrx_word' id='word_1_413' title='bbox 3014 2995 3220 3045; x_wconf 88' lang='lat' dir='ltr'>contra</span> <span class='ocrx_word' id='word_1_414' title='bbox 3251 2992 3546 3045; x_wconf 82' lang='lat' dir='ltr'>Romanos</span> <span class='ocrx_word' id='word_1_415' title='bbox 3578 2990 3739 3044; x_wconf 84' lang='lat' dir='ltr'>fere-</span> 
     </span>
    </p>
   </div>
   <div class='ocr_carea' id='block_1_54' title="bbox 2090 3075 3743 3153">
    <p class='ocr_par' dir='ltr' id='par_1_54' title="bbox 2090 3075 3743 3153">
     <span class='ocr_line' id='line_1_54' title="bbox 2090 3075 3743 3153; baseline 0.002 -23"><span class='ocrx_word' id='word_1_416' title='bbox 2090 3075 2326 3147; x_wconf 85' lang='lat' dir='ltr'>bantur,</span> <span class='ocrx_word' id='word_1_417' title='bbox 2356 3077 2789 3149; x_wconf 88' lang='lat' dir='ltr'>direptionibus</span> <span class='ocrx_word' id='word_1_418' title='bbox 2821 3084 2880 3134; x_wconf 88' lang='lat' dir='ltr'>et</span> <span class='ocrx_word' id='word_1_419' title='bbox 2906 3081 3335 3135; x_wconf 84' lang='lat' dir='ltr'>vastationibus</span> <span class='ocrx_word' id='word_1_420' title='bbox 3375 3096 3650 3153; x_wconf 80' lang='lat' dir='ltr'>agrorum</span> <span class='ocrx_word' id='word_1_421' title='bbox 3684 3085 3743 3135; x_wconf 89' lang='lat' dir='ltr'>et</span> 
     </span>
    </p>
   </div>
   <div class='ocr_carea' id='block_1_55' title="bbox 325 3160 1992 3242">
    <p class='ocr_par' dir='ltr' id='par_1_55' title="bbox 325 3160 1977 3237">
     <span class='ocr_line' id='line_1_55' title="bbox 325 3160 1977 3237; baseline -0.001 -18"><span class='ocrx_word' id='word_1_422' title='bbox 325 3169 439 3219; x_wconf 86' lang='grc' dir='ltr'>τῶν</span> <span class='ocrx_word' id='word_1_423' title='bbox 502 3163 861 3237; x_wconf 82' lang='grc' dir='ltr'>ἐνσειομένων</span> <span class='ocrx_word' id='word_1_424' title='bbox 916 3161 1179 3231; x_wconf 77' lang='grc' dir='ltr'>δονάκων,</span> <span class='ocrx_word' id='word_1_425' title='bbox 1235 3160 1362 3217; x_wconf 88' lang='grc' dir='ltr'>ἀλλ’</span> <span class='ocrx_word' id='word_1_426' title='bbox 1418 3162 1609 3230; x_wconf 84' lang='grc' dir='ltr'>ἀσθενῆ</span> <span class='ocrx_word' id='word_1_427' title='bbox 1651 3162 1740 3216; x_wconf 89' lang='grc' dir='ltr'>καὶ</span> <span class='ocrx_word' id='word_1_428' title='bbox 1773 3161 1977 3233; x_wconf 73' lang='grc' dir='ltr'>λεπτὴν</span> 
     </span>
    </p>
   </div>
   <div class='ocr_carea' id='block_1_56' title="bbox 2100 3160 3741 3242">
    <p class='ocr_par' dir='ltr' id='par_1_56' title="bbox 2100 3166 3741 3242">
     <span class='ocr_line' id='line_1_56' title="bbox 2100 3166 3741 3242; baseline 0.001 -22"><span class='ocrx_word' id='word_1_429' title='bbox 2100 3166 2477 3221; x_wconf 80' lang='lat' dir='ltr'>ﬁnitimorum</span> <span class='ocrx_word' id='word_1_430' title='bbox 2500 3168 2863 3225; x_wconf 86' lang='lat' dir='ltr'>castellorum</span> <span class='ocrx_word' id='word_1_431' title='bbox 2879 3168 3417 3242; x_wconf 83' lang='lat' dir='ltr'>expugnationibus</span> <span class='ocrx_word' id='word_1_432' title='bbox 3434 3169 3741 3241; x_wconf 77' lang='lat' dir='ltr'>neglectis.</span> 
     </span>
    </p>
   </div>
   <div class='ocr_carea' id='block_1_57' title="bbox 329 3249 1996 3329">
    <p class='ocr_par' dir='ltr' id='par_1_57' title="bbox 329 3249 1996 3329">
     <span class='ocr_line' id='line_1_57' title="bbox 329 3249 1996 3329; baseline 0 -21"><span class='ocrx_word' id='word_1_433' title='bbox 329 3252 649 3329; x_wconf 74' lang='grc' dir='ltr'>ἐπικουρίαν</span> <span class='ocrx_word' id='word_1_434' title='bbox 693 3252 806 3323; x_wconf 70' lang='grc' dir='ltr'>καί,</span> <span class='ocrx_word' id='word_1_435' title='bbox 863 3253 926 3306; x_wconf 87' lang='grc' dir='ltr'>τὸ</span> <span class='ocrx_word' id='word_1_436' title='bbox 983 3249 1114 3307; x_wconf 84' lang='grc' dir='ltr'>ὅλον</span> <span class='ocrx_word' id='word_1_437' title='bbox 1174 3251 1366 3318; x_wconf 84' lang='grc' dir='ltr'>εἰπεῖν,</span> <span class='ocrx_word' id='word_1_438' title='bbox 1404 3251 1715 3322; x_wconf 89' lang='grc' dir='ltr'>καλαμίνην</span> <span class='ocrx_word' id='word_1_439' title='bbox 1749 3273 1996 3329; x_wconf 80' lang='grc' dir='ltr'>παρεχο-</span> 
     </span>
    </p>
   </div>
   <div class='ocr_carea' id='block_1_58' title="bbox 336 3340 1996 3419">
    <p class='ocr_par' dir='ltr' id='par_1_58' title="bbox 336 3340 1996 3419">
     <span class='ocr_line' id='line_1_58' title="bbox 336 3340 1996 3419; baseline -0.005 -21"><span class='ocrx_word' id='word_1_440' title='bbox 336 3345 511 3415; x_wconf 81' lang='grc' dir='ltr'>μένων</span> <span class='ocrx_word' id='word_1_441' title='bbox 545 3344 762 3402; x_wconf 84' lang='grc' dir='ltr'>αύτοῖς.</span> <span class='ocrx_word' id='word_1_442' title='bbox 798 3343 1075 3399; x_wconf 75' lang='grc' dir='ltr'>Ἐντεῦθεν</span> <span class='ocrx_word' id='word_1_443' title='bbox 1134 3340 1211 3404; x_wconf 82' lang='grc' dir='ltr'>εἷς</span> <span class='ocrx_word' id='word_1_444' title='bbox 1265 3341 1327 3394; x_wconf 88' lang='grc' dir='ltr'>τὸ</span> <span class='ocrx_word' id='word_1_445' title='bbox 1382 3346 1570 3415; x_wconf 90' lang='grc' dir='ltr'>τεῖχος</span> <span class='ocrx_word' id='word_1_446' title='bbox 1597 3342 1996 3419; x_wconf 67' lang='grc' dir='ltr'>ἀναχωρήσαν-</span> 
     </span>
    </p>
   </div>
   <div class='ocr_carea' id='block_1_59' title="bbox 335 3426 1994 3505">
    <p class='ocr_par' dir='ltr' id='par_1_59' title="bbox 335 3426 1994 3505">
     <span class='ocr_line' id='line_1_59' title="bbox 335 3426 1994 3505; baseline 0.001 -18"><span class='ocrx_word' id='word_1_447' title='bbox 335 3454 421 3496; x_wconf 84' lang='grc' dir='ltr'>τες</span> <span class='ocrx_word' id='word_1_448' title='bbox 468 3432 652 3488; x_wconf 77' lang='grc' dir='ltr'>οὐκέτι</span> <span class='ocrx_word' id='word_1_449' title='bbox 710 3428 997 3503; x_wconf 78' lang='grc' dir='ltr'>ὲπεξόδους</span> <span class='ocrx_word' id='word_1_450' title='bbox 1054 3429 1390 3505; x_wconf 82' lang='grc' dir='ltr'>εἰργάζοντο,</span> <span class='ocrx_word' id='word_1_451' title='bbox 1454 3428 1513 3484; x_wconf 78' lang='grc' dir='ltr'>ἐκ</span> <span class='ocrx_word' id='word_1_452' title='bbox 1570 3426 1626 3484; x_wconf 77' lang='grc' dir='ltr'>δὲ</span> <span class='ocrx_word' id='word_1_453' title='bbox 1653 3436 1760 3486; x_wconf 87' lang='grc' dir='ltr'>τῶν</span> <span class='ocrx_word' id='word_1_454' title='bbox 1792 3434 1994 3503; x_wconf 66' lang='grc' dir='ltr'>γηῖνων</span> 
     </span>
    </p>
   </div>
   <div class='ocr_carea' id='block_1_60' title="bbox 336 3516 1999 3601">
    <p class='ocr_par' dir='ltr' id='par_1_60' title="bbox 336 3516 1999 3601">
     <span class='ocr_line' id='line_1_60' title="bbox 336 3516 1999 3601; baseline -0.001 -24"><span class='ocrx_word' id='word_1_455' title='bbox 336 3523 549 3601; x_wconf 71' lang='grc' dir='ltr'>ὀρόφων</span> <span class='ocrx_word' id='word_1_456' title='bbox 597 3521 1035 3599; x_wconf 68' lang='grc' dir='ltr'>προφαινόμενοι</span> <span class='ocrx_word' id='word_1_457' title='bbox 1083 3519 1175 3574; x_wconf 81' lang='grc' dir='ltr'>καὶ</span> <span class='ocrx_word' id='word_1_458' title='bbox 1224 3516 1443 3584; x_wconf 71' lang='grc' dir='ltr'>πολλὴν</span> <span class='ocrx_word' id='word_1_459' title='bbox 1485 3517 1720 3575; x_wconf 74' lang='grc' dir='ltr'>ἐντεῦθεν</span> <span class='ocrx_word' id='word_1_460' title='bbox 1747 3523 1847 3591; x_wconf 74' lang='grc' dir='ltr'>τήν</span> <span class='ocrx_word' id='word_1_461' title='bbox 1876 3524 1999 3577; x_wconf 89' lang='grc' dir='ltr'>σύν-</span> 
     </span>
    </p>
   </div>
   <div class='ocr_carea' id='block_1_61' title="bbox 333 3606 1995 3686">
    <p class='ocr_par' dir='ltr' id='par_1_61' title="bbox 333 3606 1995 3686">
     <span class='ocr_line' id='line_1_61' title="bbox 333 3606 1995 3686; baseline -0.001 -22"><span class='ocrx_word' id='word_1_462' title='bbox 333 3633 485 3685; x_wconf 87' lang='grc' dir='ltr'>αρσιν</span> <span class='ocrx_word' id='word_1_463' title='bbox 546 3606 770 3686; x_wconf 79' lang='grc' dir='ltr'>ἔχοντες</span> <span class='ocrx_word' id='word_1_464' title='bbox 829 3608 1122 3682; x_wconf 82' lang='grc' dir='ltr'>Ῥωμαίοις</span> <span class='ocrx_word' id='word_1_465' title='bbox 1184 3608 1562 3685; x_wconf 72' lang='grc' dir='ltr'>ἀντεφέροντο,</span> <span class='ocrx_word' id='word_1_466' title='bbox 1631 3610 1730 3677; x_wconf 79' lang='grc' dir='ltr'>τήν</span> <span class='ocrx_word' id='word_1_467' title='bbox 1792 3612 1995 3666; x_wconf 69' lang='grc' dir='ltr'>ἑαυτῶν</span> 
     </span>
    </p>
   </div>
   <div class='ocr_carea' id='block_1_62' title="bbox 339 3694 1999 3774">
    <p class='ocr_par' dir='ltr' id='par_1_62' title="bbox 339 3694 1999 3774">
     <span class='ocr_line' id='line_1_62' title="bbox 339 3694 1999 3774; baseline -0.001 -18"><span class='ocrx_word' id='word_1_468' title='bbox 339 3700 524 3774; x_wconf 78' lang='grc' dir='ltr'>χώραν</span> <span class='ocrx_word' id='word_1_469' title='bbox 578 3700 793 3761; x_wconf 82' lang='grc' dir='ltr'>ἀνέντες</span> <span class='ocrx_word' id='word_1_470' title='bbox 855 3698 931 3759; x_wconf 86' lang='grc' dir='ltr'>εἷς</span> <span class='ocrx_word' id='word_1_471' title='bbox 988 3699 1051 3752; x_wconf 87' lang='grc' dir='ltr'>τὸ</span> <span class='ocrx_word' id='word_1_472' title='bbox 1112 3694 1285 3758; x_wconf 81' lang='grc' dir='ltr'>ἀδεῶς</span> <span class='ocrx_word' id='word_1_473' title='bbox 1344 3695 1718 3771; x_wconf 83' lang='grc' dir='ltr'>έκπορθεῖσθαι</span> <span class='ocrx_word' id='word_1_474' title='bbox 1748 3700 1834 3753; x_wconf 81' lang='grc' dir='ltr'>καὶ</span> <span class='ocrx_word' id='word_1_475' title='bbox 1872 3696 1999 3770; x_wconf 80' lang='grc' dir='ltr'>ληί-</span> 
     </span>
    </p>
   </div>
   <div class='ocr_carea' id='block_1_63' title="bbox 348 3783 1999 3863">
    <p class='ocr_par' dir='ltr' id='par_1_63' title="bbox 348 3783 1999 3863">
     <span class='ocr_line' id='line_1_63' title="bbox 348 3783 1999 3863; baseline 0.001 -22"><span class='ocrx_word' id='word_1_476' title='bbox 348 3790 514 3855; x_wconf 76' lang='grc' dir='ltr'>ζεσθαι</span> <span class='ocrx_word' id='word_1_477' title='bbox 567 3788 661 3842; x_wconf 87' lang='grc' dir='ltr'>καὶ</span> <span class='ocrx_word' id='word_1_478' title='bbox 720 3788 1040 3861; x_wconf 80' lang='grc' dir='ltr'>χειροῦσθαι</span> <span class='ocrx_word' id='word_1_479' title='bbox 1072 3786 1141 3841; x_wconf 78' lang='grc' dir='ltr'>τὰ</span> <span class='ocrx_word' id='word_1_480' title='bbox 1170 3783 1422 3863; x_wconf 79' lang='grc' dir='ltr'>φρούρια.</span> <span class='ocrx_word' id='word_1_481' title='bbox 1473 3784 1628 3839; x_wconf 78' lang='grc' dir='ltr'>Οὕτω</span> <span class='ocrx_word' id='word_1_482' title='bbox 1678 3785 1735 3841; x_wconf 77' lang='grc' dir='ltr'>δὲ</span> <span class='ocrx_word' id='word_1_483' title='bbox 1790 3786 1999 3843; x_wconf 87' lang='grc' dir='ltr'>τούτων</span> 
     </span>
    </p>
   </div>
   <div class='ocr_carea' id='block_1_64' title="bbox 342 3873 2001 3953">
    <p class='ocr_par' dir='ltr' id='par_1_64' title="bbox 342 3873 2001 3953">
     <span class='ocr_line' id='line_1_64' title="bbox 342 3873 2001 3953; baseline 0.001 -22"><span class='ocrx_word' id='word_1_484' title='bbox 342 3877 718 3953; x_wconf 82' lang='grc' dir='ltr'>πραττόντων,</span> <span class='ocrx_word' id='word_1_485' title='bbox 802 3876 830 3930; x_wconf 85' lang='grc' dir='ltr'><strong>ὁ</strong></span> <span class='ocrx_word' id='word_1_486' title='bbox 904 3873 1158 3949; x_wconf 83' lang='grc' dir='ltr'>βασιλεὺς</span> <span class='ocrx_word' id='word_1_487' title='bbox 1237 3875 1333 3936; x_wconf 77' lang='grc' dir='ltr'>τὰς</span> <span class='ocrx_word' id='word_1_488' title='bbox 1415 3875 1501 3947; x_wconf 88' lang='grc' dir='ltr'>[Ρ.</span> <span class='ocrx_word' id='word_1_489' title='bbox 1563 3877 1652 3948; x_wconf 80' lang='lat'>20]</span> <span class='ocrx_word' id='word_1_490' title='bbox 1720 3875 2001 3953; x_wconf 75' lang='grc' dir='ltr'>φάλαγγας</span> 
     </span>
    </p>
   </div>
   <div class='ocr_carea' id='block_1_65' title="bbox 341 3962 1998 4041">
    <p class='ocr_par' dir='ltr' id='par_1_65' title="bbox 341 3962 1998 4041">
     <span class='ocr_line' id='line_1_65' title="bbox 341 3962 1998 4041; baseline -0.001 -20"><span class='ocrx_word' id='word_1_491' title='bbox 341 3964 752 4041; x_wconf 80' lang='grc' dir='ltr'>διηυκρινηκὼς</span> <span class='ocrx_word' id='word_1_492' title='bbox 781 3965 873 4020; x_wconf 81' lang='grc' dir='ltr'>καὶ</span> <span class='ocrx_word' id='word_1_493' title='bbox 921 3964 1056 4021; x_wconf 77' lang='grc' dir='ltr'>κατά</span> <span class='ocrx_word' id='word_1_494' title='bbox 1086 3962 1240 4040; x_wconf 82' lang='grc' dir='ltr'>γένος</span> <span class='ocrx_word' id='word_1_495' title='bbox 1286 3962 1374 4018; x_wconf 88' lang='grc' dir='ltr'>καὶ</span> <span class='ocrx_word' id='word_1_496' title='bbox 1434 3963 1658 4041; x_wconf 75' lang='grc' dir='ltr'>φατρίας</span> <span class='ocrx_word' id='word_1_497' title='bbox 1701 3962 1998 4040; x_wconf 77' lang='grc' dir='ltr'>διῃρηκὼς,</span> 
     </span>
    </p>
   </div>
   <div class='ocr_carea' id='block_1_66' title="bbox 339 4052 2005 4134">
    <p class='ocr_par' dir='ltr' id='par_1_66' title="bbox 339 4052 2005 4134">
     <span class='ocr_line' id='line_1_66' title="bbox 339 4052 2005 4134; baseline -0.006 -24"><span class='ocrx_word' id='word_1_498' title='bbox 339 4057 415 4117; x_wconf 82' lang='grc' dir='ltr'>ὡς</span> <span class='ocrx_word' id='word_1_499' title='bbox 447 4056 598 4134; x_wconf 75' lang='grc' dir='ltr'>φῦλα</span> <span class='ocrx_word' id='word_1_500' title='bbox 628 4056 826 4134; x_wconf 73' lang='grc' dir='ltr'>φύλοις</span> <span class='ocrx_word' id='word_1_501' title='bbox 861 4054 1167 4128; x_wconf 78' lang='grc' dir='ltr'>ἁρήγωσιν,</span> <span class='ocrx_word' id='word_1_502' title='bbox 1224 4052 1301 4113; x_wconf 84' lang='grc' dir='ltr'>εἰς</span> <span class='ocrx_word' id='word_1_503' title='bbox 1353 4052 1475 4124; x_wconf 87' lang='grc' dir='ltr'>μίαν</span> <span class='ocrx_word' id='word_1_504' title='bbox 1528 4058 1720 4127; x_wconf 88' lang='grc' dir='ltr'>μοῖραν</span> <span class='ocrx_word' id='word_1_505' title='bbox 1756 4055 1848 4109; x_wconf 90' lang='grc' dir='ltr'>τὸν</span> <span class='ocrx_word' id='word_1_506' title='bbox 1880 4058 2005 4112; x_wconf 83' lang='grc' dir='ltr'>Μα-</span> 
     </span>
    </p>
   </div>
   <div class='ocr_carea' id='block_1_67' title="bbox 335 4139 2003 4235">
    <p class='ocr_par' dir='ltr' id='par_1_67' title="bbox 335 4139 2003 4235">
     <span class='ocr_line' id='line_1_67' title="bbox 335 4139 2003 4235; baseline 0 -36"><span class='ocrx_word' id='word_1_507' title='bbox 335 4143 534 4199; x_wconf 72' lang='grc' dir='ltr'>κεδόοα</span> <span class='ocrx_word' id='word_1_508' title='bbox 564 4144 901 4212; x_wconf 84' lang='grc' dir='ltr'>καθίστησιν,</span> <span class='ocrx_word' id='word_1_509' title='bbox 962 4141 1142 4216; x_wconf 81' lang='grc' dir='ltr'>έτέραν</span> <span class='ocrx_word' id='word_1_510' title='bbox 1182 4140 1249 4194; x_wconf 91' lang='grc' dir='ltr'>τὸ</span> <span class='ocrx_word' id='word_1_511' title='bbox 1295 4144 1406 4194; x_wconf 87' lang='grc' dir='ltr'>τῶν</span> <span class='ocrx_word' id='word_1_512' title='bbox 1466 4139 1761 4212; x_wconf 81' lang='grc' dir='ltr'>ἐκλεκτῶν,</span> <span class='ocrx_word' id='word_1_513' title='bbox 1825 4141 2003 4235; x_wconf 71' lang='grc' dir='ltr'>ἄλλην</span> 
     </span>
    </p>
   </div>
   <div class='ocr_carea' id='block_1_68' title="bbox 336 4226 2002 4305">
    <p class='ocr_par' dir='ltr' id='par_1_68' title="bbox 336 4226 2002 4305">
     <span class='ocr_line' id='line_1_68' title="bbox 336 4226 2002 4305; baseline 0.001 -19"><span class='ocrx_word' id='word_1_514' title='bbox 336 4234 400 4287; x_wconf 86' lang='grc' dir='ltr'>τὸ</span> <span class='ocrx_word' id='word_1_515' title='bbox 441 4233 734 4304; x_wconf 85' lang='grc' dir='ltr'>Σκυθικὸν,</span> <span class='ocrx_word' id='word_1_516' title='bbox 788 4228 871 4287; x_wconf 66' lang='grc' dir='ltr'>ἔτι</span> <span class='ocrx_word' id='word_1_517' title='bbox 931 4228 989 4285; x_wconf 75' lang='grc' dir='ltr'>δέ</span> <span class='ocrx_word' id='word_1_518' title='bbox 1044 4231 1107 4286; x_wconf 90' lang='grc' dir='ltr'>τὸ</span> <span class='ocrx_word' id='word_1_519' title='bbox 1146 4227 1207 4285; x_wconf 84' lang='grc' dir='ltr'>ἐκ</span> <span class='ocrx_word' id='word_1_520' title='bbox 1260 4226 1522 4305; x_wconf 79' lang='grc' dir='ltr'>Περσίδος</span> <span class='ocrx_word' id='word_1_521' title='bbox 1553 4232 1879 4305; x_wconf 81' lang='grc' dir='ltr'>ὁρμώμενον</span> <span class='ocrx_word' id='word_1_522' title='bbox 1912 4226 2002 4287; x_wconf 77' lang='grc' dir='ltr'>καί</span> 
     </span>
    </p>
   </div>
   <div class='ocr_carea' id='block_1_69' title="bbox 340 4315 2004 4401">
    <p class='ocr_par' dir='ltr' id='par_1_69' title="bbox 340 4315 2004 4401">
     <span class='ocr_line' id='line_1_69' title="bbox 340 4315 2004 4401; baseline 0 -25"><span class='ocrx_word' id='word_1_523' title='bbox 340 4328 755 4401; x_wconf 79' lang='grc' dir='ltr'>προσ-χωρῆσαν</span> <span class='ocrx_word' id='word_1_524' title='bbox 793 4319 1093 4393; x_wconf 83' lang='grc' dir='ltr'>Ῥωμαίοις</span> <span class='ocrx_word' id='word_1_525' title='bbox 1147 4317 1283 4374; x_wconf 80' lang='grc' dir='ltr'>κατὰ</span> <span class='ocrx_word' id='word_1_526' title='bbox 1338 4315 1620 4391; x_wconf 82' lang='grc' dir='ltr'>πολέμους</span> <span class='ocrx_word' id='word_1_527' title='bbox 1677 4319 1806 4384; x_wconf 75' lang='grc' dir='ltr'>τοὺς</span> <span class='ocrx_word' id='word_1_528' title='bbox 1865 4321 2004 4395; x_wconf 88' lang='grc' dir='ltr'>πρό-</span> 
     </span>
    </p>
   </div>
   <div class='ocr_carea' id='block_1_70' title="bbox 339 4406 1999 4486">
    <p class='ocr_par' dir='ltr' id='par_1_70' title="bbox 339 4406 1999 4486">
     <span class='ocr_line' id='line_1_70' title="bbox 339 4406 1999 4486; baseline 0 -21"><span class='ocrx_word' id='word_1_529' title='bbox 339 4431 526 4486; x_wconf 89' lang='grc' dir='ltr'>τερον.</span> <span class='ocrx_word' id='word_1_530' title='bbox 588 4409 693 4466; x_wconf 84' lang='grc' dir='ltr'>Καὶ</span> <span class='ocrx_word' id='word_1_531' title='bbox 750 4414 831 4482; x_wconf 79' lang='grc' dir='ltr'>τῷ</span> <span class='ocrx_word' id='word_1_532' title='bbox 902 4409 1095 4483; x_wconf 85' lang='grc' dir='ltr'>ἀμιγεῖ</span> <span class='ocrx_word' id='word_1_533' title='bbox 1161 4408 1251 4462; x_wconf 70' lang='grc' dir='ltr'>καὶ</span> <span class='ocrx_word' id='word_1_534' title='bbox 1326 4406 1636 4483; x_wconf 87' lang='grc' dir='ltr'>πολυμερεῖ</span> <span class='ocrx_word' id='word_1_535' title='bbox 1698 4406 1840 4481; x_wconf 78' lang='grc' dir='ltr'>τῷδε</span> <span class='ocrx_word' id='word_1_536' title='bbox 1893 4415 1999 4465; x_wconf 90' lang='grc' dir='ltr'>τῶν</span> 
     </span>
    </p>
   </div>
   <div class='ocr_carea' id='block_1_71' title="bbox 2097 3256 3743 3331">
    <p class='ocr_par' dir='ltr' id='par_1_71' title="bbox 2097 3256 3743 3331">
     <span class='ocr_line' id='line_1_71' title="bbox 2097 3256 3743 3331; baseline 0.002 -22"><span class='ocrx_word' id='word_1_537' title='bbox 2097 3257 2234 3319; x_wconf 73' lang='lat' dir='ltr'>Quae</span> <span class='ocrx_word' id='word_1_538' title='bbox 2257 3272 2392 3310; x_wconf 89' lang='lat' dir='ltr'>eum</span> <span class='ocrx_word' id='word_1_539' title='bbox 2413 3256 2496 3311; x_wconf 93' lang='lat' dir='ltr'>illi</span> <span class='ocrx_word' id='word_1_540' title='bbox 2519 3257 2801 3327; x_wconf 86' lang='lat' dir='ltr'>facerent,</span> <span class='ocrx_word' id='word_1_541' title='bbox 2834 3259 3157 3330; x_wconf 87' lang='lat' dir='ltr'>imperator</span> <span class='ocrx_word' id='word_1_542' title='bbox 3185 3260 3505 3331; x_wconf 81' lang='lat' dir='ltr'>phalanges</span> <span class='ocrx_word' id='word_1_543' title='bbox 3533 3275 3743 3313; x_wconf 91' lang='lat' dir='ltr'>recen-</span> 
     </span>
    </p>
   </div>
   <div class='ocr_carea' id='block_1_72' title="bbox 2098 3332 3750 3417">
    <p class='ocr_par' dir='ltr' id='par_1_72' title="bbox 2098 3332 3750 3417">
     <span class='ocr_line' id='line_1_72' title="bbox 2098 3332 3750 3417; baseline 0.002 -20"><span class='ocrx_word' id='word_1_544' title='bbox 2098 3350 2189 3398; x_wconf 85' lang='lat' dir='ltr'>set</span> <span class='ocrx_word' id='word_1_545' title='bbox 2235 3350 2292 3398; x_wconf 89' lang='lat' dir='ltr'>et</span> <span class='ocrx_word' id='word_1_546' title='bbox 2344 3362 2450 3417; x_wconf 91' lang='lat' dir='ltr'>pro</span> <span class='ocrx_word' id='word_1_547' title='bbox 2507 3332 2851 3403; x_wconf 88' lang='lat' dir='ltr'>nationibus</span> <span class='ocrx_word' id='word_1_548' title='bbox 2910 3354 2968 3403; x_wconf 90' lang='lat' dir='ltr'>et</span> <span class='ocrx_word' id='word_1_549' title='bbox 3025 3348 3295 3404; x_wconf 88' lang='lat' dir='ltr'>tribubus</span> <span class='ocrx_word' id='word_1_550' title='bbox 3327 3347 3648 3417; x_wconf 86' lang='lat' dir='ltr'>distribuit,</span> <span class='ocrx_word' id='word_1_551' title='bbox 3682 3352 3750 3401; x_wconf 92' lang='lat' dir='ltr'>ut</span> 
     </span>
    </p>
   </div>
   <div class='ocr_carea' id='block_1_73' title="bbox 2099 3433 3748 3507">
    <p class='ocr_par' dir='ltr' id='par_1_73' title="bbox 2099 3433 3748 3507">
     <span class='ocr_line' id='line_1_73' title="bbox 2099 3433 3748 3507; baseline 0.002 -20"><span class='ocrx_word' id='word_1_552' title='bbox 2099 3433 2318 3504; x_wconf 90' lang='lat' dir='ltr'>quique</span> <span class='ocrx_word' id='word_1_553' title='bbox 2350 3434 2474 3489; x_wconf 89' lang='lat' dir='ltr'>suis</span> <span class='ocrx_word' id='word_1_554' title='bbox 2502 3435 2888 3507; x_wconf 90' lang='lat' dir='ltr'>popularibus</span> <span class='ocrx_word' id='word_1_555' title='bbox 2932 3444 3364 3492; x_wconf 89' lang='lat' dir='ltr'>succurrerent.</span> <span class='ocrx_word' id='word_1_556' title='bbox 3399 3437 3748 3492; x_wconf 85' lang='lat' dir='ltr'>Macedones</span> 
     </span>
    </p>
   </div>
   <div class='ocr_carea' id='block_1_74' title="bbox 2100 3521 3752 3596">
    <p class='ocr_par' dir='ltr' id='par_1_74' title="bbox 2100 3521 3752 3596">
     <span class='ocr_line' id='line_1_74' title="bbox 2100 3521 3752 3596; baseline 0.003 -22"><span class='ocrx_word' id='word_1_557' title='bbox 2100 3521 2160 3575; x_wconf 93' lang='lat' dir='ltr'>in</span> <span class='ocrx_word' id='word_1_558' title='bbox 2187 3538 2371 3576; x_wconf 88' lang='lat' dir='ltr'>unum</span> <span class='ocrx_word' id='word_1_559' title='bbox 2403 3522 2652 3579; x_wconf 89' lang='lat' dir='ltr'>classem</span> <span class='ocrx_word' id='word_1_560' title='bbox 2693 3526 2892 3593; x_wconf 83' lang='lat' dir='ltr'>refert,</span> <span class='ocrx_word' id='word_1_561' title='bbox 2945 3542 3045 3580; x_wconf 90' lang='lat' dir='ltr'>eos</span> <span class='ocrx_word' id='word_1_562' title='bbox 3103 3527 3203 3596; x_wconf 90' lang='lat' dir='ltr'>qui</span> <span class='ocrx_word' id='word_1_563' title='bbox 3238 3526 3441 3580; x_wconf 90' lang='lat' dir='ltr'>selecti</span> <span class='ocrx_word' id='word_1_564' title='bbox 3473 3526 3752 3580; x_wconf 88' lang='lat' dir='ltr'>dicuntur</span> 
     </span>
    </p>
   </div>
   <div class='ocr_carea' id='block_1_75' title="bbox 2102 3609 3753 3685">
    <p class='ocr_par' dir='ltr' id='par_1_75' title="bbox 2102 3609 3753 3685">
     <span class='ocr_line' id='line_1_75' title="bbox 2102 3609 3753 3685; baseline 0.003 -22"><span class='ocrx_word' id='word_1_565' title='bbox 2102 3609 2162 3663; x_wconf 90' lang='lat' dir='ltr'>in</span> <span class='ocrx_word' id='word_1_566' title='bbox 2194 3611 2461 3678; x_wconf 89' lang='lat' dir='ltr'>alteram,</span> <span class='ocrx_word' id='word_1_567' title='bbox 2495 3612 2737 3683; x_wconf 85' lang='lat' dir='ltr'>Scythas</span> <span class='ocrx_word' id='word_1_568' title='bbox 2798 3614 2859 3668; x_wconf 94' lang='lat' dir='ltr'>in</span> <span class='ocrx_word' id='word_1_569' title='bbox 2919 3615 3175 3679; x_wconf 87' lang='lat' dir='ltr'>tertiam,</span> <span class='ocrx_word' id='word_1_570' title='bbox 3213 3614 3542 3685; x_wconf 91' lang='lat' dir='ltr'>eodemque</span> <span class='ocrx_word' id='word_1_571' title='bbox 3575 3614 3753 3668; x_wconf 90' lang='lat' dir='ltr'>modo</span> 
     </span>
    </p>
   </div>
   <div class='ocr_carea' id='block_1_76' title="bbox 2101 3701 3755 3771">
    <p class='ocr_par' dir='ltr' id='par_1_76' title="bbox 2101 3701 3755 3771">
     <span class='ocr_line' id='line_1_76' title="bbox 2101 3701 3755 3771; baseline 0.003 -19"><span class='ocrx_word' id='word_1_572' title='bbox 2101 3701 2439 3770; x_wconf 89' lang='lat' dir='ltr'>Persas,qui</span> <span class='ocrx_word' id='word_1_573' title='bbox 2454 3702 2859 3771; x_wconf 87' lang='lat' dir='ltr'>superioribus</span> <span class='ocrx_word' id='word_1_574' title='bbox 2873 3703 3045 3758; x_wconf 85' lang='lat' dir='ltr'>bellis</span> <span class='ocrx_word' id='word_1_575' title='bbox 3062 3703 3342 3759; x_wconf 83' lang='lat' dir='ltr'>Romanis</span> <span class='ocrx_word' id='word_1_576' title='bbox 3355 3709 3755 3758; x_wconf 89' lang='lat' dir='ltr'>accesserant.</span> 
     </span>
    </p>
   </div>
   <div class='ocr_carea' id='block_1_77' title="bbox 2104 3788 3756 3862">
    <p class='ocr_par' dir='ltr' id='par_1_77' title="bbox 2104 3788 3756 3862">
     <span class='ocr_line' id='line_1_77' title="bbox 2104 3788 3756 3862; baseline 0.003 -22"><span class='ocrx_word' id='word_1_577' title='bbox 2104 3788 2313 3842; x_wconf 87' lang='lat' dir='ltr'>Hostes</span> <span class='ocrx_word' id='word_1_578' title='bbox 2327 3792 2527 3843; x_wconf 89' lang='lat' dir='ltr'>autem</span> <span class='ocrx_word' id='word_1_579' title='bbox 2552 3790 2661 3846; x_wconf 91' lang='lat' dir='ltr'>hac</span> <span class='ocrx_word' id='word_1_580' title='bbox 2678 3791 3056 3847; x_wconf 90' lang='lat' dir='ltr'>distinctione</span> <span class='ocrx_word' id='word_1_581' title='bbox 3082 3798 3141 3846; x_wconf 88' lang='lat' dir='ltr'>et</span> <span class='ocrx_word' id='word_1_582' title='bbox 3160 3792 3441 3847; x_wconf 88' lang='lat' dir='ltr'>varietate</span> <span class='ocrx_word' id='word_1_583' title='bbox 3459 3791 3756 3862; x_wconf 77' lang='lat' dir='ltr'>legionem</span> 
     </span>
    </p>
   </div>
   <div class='ocr_carea' id='block_1_78' title="bbox 2105 3875 3753 3950">
    <p class='ocr_par' dir='ltr' id='par_1_78' title="bbox 2105 3875 3753 3950">
     <span class='ocr_line' id='line_1_78' title="bbox 2105 3875 3753 3950; baseline 0.001 -19"><span class='ocrx_word' id='word_1_584' title='bbox 2105 3881 2164 3931; x_wconf 88' lang='lat' dir='ltr'>et</span> <span class='ocrx_word' id='word_1_585' title='bbox 2187 3875 2523 3931; x_wconf 87' lang='lat' dir='ltr'>diversitate</span> <span class='ocrx_word' id='word_1_586' title='bbox 2540 3894 2834 3934; x_wconf 88' lang='lat' dir='ltr'>armorum</span> <span class='ocrx_word' id='word_1_587' title='bbox 2868 3880 3187 3944; x_wconf 74' lang='lat' dir='ltr'>territi,—lo</span> <span class='ocrx_word' id='word_1_588' title='bbox 3214 3880 3461 3934; x_wconf 88' lang='lat' dir='ltr'>remissa</span> <span class='ocrx_word' id='word_1_589' title='bbox 3492 3880 3753 3950; x_wconf 87' lang='lat' dir='ltr'>pertina-</span> 
     </span>
    </p>
   </div>
   <div class='ocr_carea' id='block_1_79' title="bbox 2105 3965 3758 4034">
    <p class='ocr_par' dir='ltr' id='par_1_79' title="bbox 2105 3965 3758 4034">
     <span class='ocr_line' id='line_1_79' title="bbox 2105 3965 3758 4034; baseline 0.002 -15"><span class='ocrx_word' id='word_1_590' title='bbox 2105 3965 2197 4020; x_wconf 89' lang='lat' dir='ltr'>cia</span> <span class='ocrx_word' id='word_1_591' title='bbox 2219 3970 2277 4020; x_wconf 89' lang='lat' dir='ltr'>et</span> <span class='ocrx_word' id='word_1_592' title='bbox 2304 3966 2598 4021; x_wconf 73' lang='lat' dir='ltr'>mmnibus</span> <span class='ocrx_word' id='word_1_593' title='bbox 2621 3967 3010 4023; x_wconf 78' lang='lat' dir='ltr'>exterioribus</span> <span class='ocrx_word' id='word_1_594' title='bbox 3033 3968 3276 4034; x_wconf 89' lang='lat' dir='ltr'>relictis,</span> <span class='ocrx_word' id='word_1_595' title='bbox 3302 3968 3364 4021; x_wconf 92' lang='lat' dir='ltr'>in</span> <span class='ocrx_word' id='word_1_596' title='bbox 3386 3967 3672 4022; x_wconf 88' lang='lat' dir='ltr'>interiora</span> <span class='ocrx_word' id='word_1_597' title='bbox 3696 3983 3758 4022; x_wconf 86' lang='lat' dir='ltr'>se</span> 
     </span>
    </p>
   </div>
   <div class='ocr_carea' id='block_1_80' title="bbox 2106 4054 3758 4129">
    <p class='ocr_par' dir='ltr' id='par_1_80' title="bbox 2106 4054 3758 4129">
     <span class='ocr_line' id='line_1_80' title="bbox 2106 4054 3758 4129; baseline 0.001 -20"><span class='ocrx_word' id='word_1_598' title='bbox 2106 4054 2438 4110; x_wconf 83' lang='lat' dir='ltr'>conferunt.</span> <span class='ocrx_word' id='word_1_599' title='bbox 2471 4055 2663 4110; x_wconf 87' lang='lat' dir='ltr'>Multis</span> <span class='ocrx_word' id='word_1_600' title='bbox 2694 4072 2829 4129; x_wconf 89' lang='lat' dir='ltr'>ergo</span> <span class='ocrx_word' id='word_1_601' title='bbox 2883 4056 3092 4112; x_wconf 91' lang='lat' dir='ltr'>diebus</span> <span class='ocrx_word' id='word_1_602' title='bbox 3142 4057 3415 4112; x_wconf 89' lang='lat' dir='ltr'>cominus</span> <span class='ocrx_word' id='word_1_603' title='bbox 3443 4062 3758 4128; x_wconf 82' lang='lat' dir='ltr'>pugnatur,</span> 
     </span>
    </p>
   </div>
   <div class='ocr_carea' id='block_1_81' title="bbox 2106 4143 3758 4219">
    <p class='ocr_par' dir='ltr' id='par_1_81' title="bbox 2106 4143 3758 4219">
     <span class='ocr_line' id='line_1_81' title="bbox 2106 4143 3758 4219; baseline 0.001 -20"><span class='ocrx_word' id='word_1_604' title='bbox 2106 4143 2259 4199; x_wconf 88' lang='lat' dir='ltr'>nihil</span> <span class='ocrx_word' id='word_1_605' title='bbox 2290 4161 2409 4199; x_wconf 92' lang='lat' dir='ltr'>non</span> <span class='ocrx_word' id='word_1_606' title='bbox 2442 4149 2724 4213; x_wconf 87' lang='lat' dir='ltr'>tentatur,</span> <span class='ocrx_word' id='word_1_607' title='bbox 2747 4146 2925 4201; x_wconf 87' lang='lat' dir='ltr'>etiam</span> <span class='ocrx_word' id='word_1_608' title='bbox 2950 4146 3269 4219; x_wconf 86' lang='lat' dir='ltr'>singularia</span> <span class='ocrx_word' id='word_1_609' title='bbox 3299 4146 3758 4201; x_wconf 85' lang='lat' dir='ltr'>fortissimorum</span> 
     </span>
    </p>
   </div>
   <div class='ocr_carea' id='block_1_82' title="bbox 2108 4235 3758 4310">
    <p class='ocr_par' dir='ltr' id='par_1_82' title="bbox 2108 4235 3758 4310">
     <span class='ocr_line' id='line_1_82' title="bbox 2108 4235 3758 4310; baseline 0.002 -21"><span class='ocrx_word' id='word_1_610' title='bbox 2108 4235 2440 4290; x_wconf 89' lang='lat' dir='ltr'>certamina</span> <span class='ocrx_word' id='word_1_611' title='bbox 2464 4235 2652 4290; x_wconf 87' lang='lat' dir='ltr'>ﬁunt:</span> <span class='ocrx_word' id='word_1_612' title='bbox 2685 4251 2846 4290; x_wconf 89' lang='lat' dir='ltr'>nunc</span> <span class='ocrx_word' id='word_1_613' title='bbox 2877 4236 2939 4291; x_wconf 91' lang='lat' dir='ltr'>in</span> <span class='ocrx_word' id='word_1_614' title='bbox 2970 4238 3179 4292; x_wconf 88' lang='lat' dir='ltr'>urbem</span> <span class='ocrx_word' id='word_1_615' title='bbox 3201 4237 3676 4310; x_wconf 83' lang='lat' dir='ltr'>refugitur.nunc</span> <span class='ocrx_word' id='word_1_616' title='bbox 3698 4238 3758 4292; x_wconf 93' lang='lat' dir='ltr'>in</span> 
     </span>
    </p>
   </div>
   <div class='ocr_carea' id='block_1_83' title="bbox 2110 4324 3762 4397">
    <p class='ocr_par' dir='ltr' id='par_1_83' title="bbox 2110 4324 3762 4397">
     <span class='ocr_line' id='line_1_83' title="bbox 2110 4324 3762 4397; baseline 0.002 -19"><span class='ocrx_word' id='word_1_617' title='bbox 2110 4329 2303 4378; x_wconf 88' lang='lat' dir='ltr'>eastra</span> <span class='ocrx_word' id='word_1_618' title='bbox 2331 4324 2650 4393; x_wconf 89' lang='lat' dir='ltr'>receditur,</span> <span class='ocrx_word' id='word_1_619' title='bbox 2677 4325 2762 4381; x_wconf 89' lang='lat' dir='ltr'>sic</span> <span class='ocrx_word' id='word_1_620' title='bbox 2793 4330 2982 4381; x_wconf 89' lang='lat' dir='ltr'>tamen</span> <span class='ocrx_word' id='word_1_621' title='bbox 3014 4333 3079 4383; x_wconf 89' lang='lat' dir='ltr'>ut</span> <span class='ocrx_word' id='word_1_622' title='bbox 3109 4326 3356 4383; x_wconf 84' lang='lat' dir='ltr'>Romani</span> <span class='ocrx_word' id='word_1_623' title='bbox 3390 4342 3625 4397; x_wconf 85' lang='lat' dir='ltr'>semper</span> <span class='ocrx_word' id='word_1_624' title='bbox 3654 4343 3762 4381; x_wconf 90' lang='lat' dir='ltr'>au-</span> 
     </span>
    </p>
   </div>
   <div class='ocr_carea' id='block_1_84' title="bbox 2108 4413 3761 4487">
    <p class='ocr_par' dir='ltr' id='par_1_84' title="bbox 2108 4413 3761 4487">
     <span class='ocr_line' id='line_1_84' title="bbox 2108 4413 3761 4487; baseline 0.002 -21"><span class='ocrx_word' id='word_1_625' title='bbox 2108 4413 2370 4483; x_wconf 91' lang='lat' dir='ltr'>periores</span> <span class='ocrx_word' id='word_1_626' title='bbox 2403 4419 2620 4469; x_wconf 90' lang='lat' dir='ltr'>essent.</span> <span class='ocrx_word' id='word_1_627' title='bbox 2655 4414 2860 4470; x_wconf 87' lang='lat' dir='ltr'>Hostes</span> <span class='ocrx_word' id='word_1_628' title='bbox 2909 4420 3109 4470; x_wconf 90' lang='lat' dir='ltr'>autem</span> <span class='ocrx_word' id='word_1_629' title='bbox 3167 4417 3274 4471; x_wconf 87' lang='lat' dir='ltr'>etsi</span> <span class='ocrx_word' id='word_1_630' title='bbox 3335 4417 3534 4487; x_wconf 88' lang='lat' dir='ltr'>plures</span> <span class='ocrx_word' id='word_1_631' title='bbox 3566 4415 3761 4486; x_wconf 83' lang='lat' dir='ltr'>gladio</span> 
     </span>
    </p>
   </div>
   <div class='ocr_carea' id='block_1_85' title="bbox 338 4495 1992 4603">
    <p class='ocr_par' dir='ltr' id='par_1_85' title="bbox 338 4495 1992 4575">
     <span class='ocr_line' id='line_1_85' title="bbox 338 4495 1992 4575; baseline -0.007 -19"><span class='ocrx_word' id='word_1_632' title='bbox 338 4497 787 4575; x_wconf 85' lang='grc' dir='ltr'>στρατευμάτων,</span> <span class='ocrx_word' id='word_1_633' title='bbox 850 4495 1144 4575; x_wconf 72' lang='grc' dir='ltr'>διαφόρους</span> <span class='ocrx_word' id='word_1_634' title='bbox 1200 4496 1616 4573; x_wconf 75' lang='grc' dir='ltr'>προφαινόντων</span> <span class='ocrx_word' id='word_1_635' title='bbox 1688 4497 1782 4559; x_wconf 72' lang='grc' dir='ltr'>τὰς</span> <span class='ocrx_word' id='word_1_636' title='bbox 1842 4498 1992 4555; x_wconf 84' lang='grc' dir='ltr'>ὁπλί-</span> 
     </span>
    </p>
   </div>
   <div class='ocr_carea' id='block_1_86' title="bbox 2100 4495 3763 4603">
    <p class='ocr_par' dir='ltr' id='par_1_86' title="bbox 2111 4501 3763 4576">
     <span class='ocr_line' id='line_1_86' title="bbox 2111 4501 3763 4576; baseline 0.001 -20"><span class='ocrx_word' id='word_1_637' title='bbox 2111 4501 2655 4576; x_wconf 88' lang='lat' dir='ltr'>cadebant,sagittis</span> <span class='ocrx_word' id='word_1_638' title='bbox 2677 4503 3445 4569; x_wconf 82' lang='lat' dir='ltr'>conﬁciebantur,machina</span> <span class='ocrx_word' id='word_1_639' title='bbox 3456 4520 3582 4556; x_wconf 86' lang='lat' dir='ltr'>rum</span> <span class='ocrx_word' id='word_1_640' title='bbox 3607 4504 3763 4557; x_wconf 84' lang='lat' dir='ltr'>saxis</span> 
     </span>
    </p>
   </div>
   <div class='ocr_carea' id='block_1_87' title="bbox 339 4584 1997 4667">
    <p class='ocr_par' dir='ltr' id='par_1_87' title="bbox 339 4584 1997 4667">
     <span class='ocr_line' id='line_1_87' title="bbox 339 4584 1997 4667; baseline -0.002 -22"><span class='ocrx_word' id='word_1_641' title='bbox 339 4611 475 4657; x_wconf 88' lang='grc' dir='ltr'>σεις,</span> <span class='ocrx_word' id='word_1_642' title='bbox 536 4584 695 4667; x_wconf 75' lang='grc' dir='ltr'>φόϐῳ</span> <span class='ocrx_word' id='word_1_643' title='bbox 747 4586 963 4643; x_wconf 88' lang='grc' dir='ltr'>πλείονι</span> <span class='ocrx_word' id='word_1_644' title='bbox 1023 4586 1229 4663; x_wconf 72' lang='grc' dir='ltr'>ληφθὲν</span> <span class='ocrx_word' id='word_1_645' title='bbox 1285 4584 1347 4640; x_wconf 86' lang='grc' dir='ltr'>τὸ</span> <span class='ocrx_word' id='word_1_646' title='bbox 1408 4585 1676 4659; x_wconf 85' lang='grc' dir='ltr'>πολέμιον</span> <span class='ocrx_word' id='word_1_647' title='bbox 1730 4593 1830 4655; x_wconf 77' lang='grc' dir='ltr'>τῆς</span> <span class='ocrx_word' id='word_1_648' title='bbox 1864 4585 1997 4662; x_wconf 78' lang='grc' dir='ltr'>όίγαν</span> 
     </span>
    </p>
   </div>
   <div class='ocr_carea' id='block_1_88' title="bbox 338 4672 1996 4752">
    <p class='ocr_par' dir='ltr' id='par_1_88' title="bbox 338 4672 1996 4752">
     <span class='ocr_line' id='line_1_88' title="bbox 338 4672 1996 4752; baseline -0.002 -18"><span class='ocrx_word' id='word_1_649' title='bbox 338 4678 635 4740; x_wconf 79' lang='grc' dir='ltr'>ἐνστάσεως</span> <span class='ocrx_word' id='word_1_650' title='bbox 706 4676 1023 4752; x_wconf 77' lang='grc' dir='ltr'>καθυφίησι,</span> <span class='ocrx_word' id='word_1_651' title='bbox 1108 4674 1197 4730; x_wconf 80' lang='grc' dir='ltr'>καὶ</span> <span class='ocrx_word' id='word_1_652' title='bbox 1273 4675 1362 4729; x_wconf 89' lang='grc' dir='ltr'>τὸν</span> <span class='ocrx_word' id='word_1_653' title='bbox 1456 4672 1610 4736; x_wconf 80' lang='grc' dir='ltr'>ἐκτὸς</span> <span class='ocrx_word' id='word_1_654' title='bbox 1695 4676 1996 4748; x_wconf 83' lang='grc' dir='ltr'>προέμενον</span> 
     </span>
    </p>
   </div>
   <div class='ocr_carea' id='block_1_89' title="bbox 339 4758 1998 4847">
    <p class='ocr_par' dir='ltr' id='par_1_89' title="bbox 339 4758 1998 4847">
     <span class='ocr_line' id='line_1_89' title="bbox 339 4758 1998 4847; baseline -0.001 -24"><span class='ocrx_word' id='word_1_655' title='bbox 339 4768 634 4847; x_wconf 85' lang='grc' dir='ltr'>τειχισμὸν</span> <span class='ocrx_word' id='word_1_656' title='bbox 664 4768 800 4840; x_wconf 79' lang='grc' dir='ltr'>πρὸς</span> <span class='ocrx_word' id='word_1_657' title='bbox 835 4761 1127 4839; x_wconf 79' lang='grc' dir='ltr'>περίϐολον</span> <span class='ocrx_word' id='word_1_658' title='bbox 1162 4765 1254 4819; x_wconf 85' lang='grc' dir='ltr'>τὸν</span> <span class='ocrx_word' id='word_1_659' title='bbox 1311 4758 1460 4818; x_wconf 80' lang='grc' dir='ltr'>ἔνδον</span> <span class='ocrx_word' id='word_1_660' title='bbox 1506 4763 1837 4836; x_wconf 88' lang='grc' dir='ltr'>μεθίσταται.</span> <span class='ocrx_word' id='word_1_661' title='bbox 1874 4768 1998 4823; x_wconf 81' lang='grc' dir='ltr'>Ἐπὶ</span> 
     </span>
    </p>
   </div>
   <div class='ocr_carea' id='block_1_90' title="bbox 342 4848 1999 4932">
    <p class='ocr_par' dir='ltr' id='par_1_90' title="bbox 342 4848 1999 4932">
     <span class='ocr_line' id='line_1_90' title="bbox 342 4848 1999 4932; baseline -0.001 -20"><span class='ocrx_word' id='word_1_662' title='bbox 342 4856 583 4920; x_wconf 87' lang='grc' dir='ltr'>πολλαῖς</span> <span class='ocrx_word' id='word_1_663' title='bbox 644 4855 738 4912; x_wconf 83' lang='grc' dir='ltr'>οὗν</span> <span class='ocrx_word' id='word_1_664' title='bbox 797 4854 1030 4928; x_wconf 77' lang='grc' dir='ltr'>ἡμέραις</span> <span class='ocrx_word' id='word_1_665' title='bbox 1098 4854 1419 4932; x_wconf 85' lang='grc' dir='ltr'>ἀγχέμαχοι</span> <span class='ocrx_word' id='word_1_666' title='bbox 1480 4848 1784 4908; x_wconf 77' lang='grc' dir='ltr'>συνέϐαινον</span> <span class='ocrx_word' id='word_1_667' title='bbox 1859 4877 1999 4928; x_wconf 87' lang='grc' dir='ltr'>συμ-</span> 
     </span>
    </p>
   </div>
   <div class='ocr_carea' id='block_1_91' title="bbox 342 4940 1997 5021">
    <p class='ocr_par' dir='ltr' id='par_1_91' title="bbox 342 4940 1997 5021">
     <span class='ocr_line' id='line_1_91' title="bbox 342 4940 1997 5021; baseline -0.001 -20"><span class='ocrx_word' id='word_1_668' title='bbox 342 4945 547 5001; x_wconf 79' lang='grc' dir='ltr'>πλοκαὶ</span> <span class='ocrx_word' id='word_1_669' title='bbox 600 4945 690 5001; x_wconf 82' lang='grc' dir='ltr'>καὶ</span> <span class='ocrx_word' id='word_1_670' title='bbox 750 4948 934 5018; x_wconf 87' lang='grc' dir='ltr'>πεῖραι</span> <span class='ocrx_word' id='word_1_671' title='bbox 991 4942 1083 4997; x_wconf 76' lang='grc' dir='ltr'>καὶ</span> <span class='ocrx_word' id='word_1_672' title='bbox 1163 4940 1455 5017; x_wconf 85' lang='grc' dir='ltr'>διαμάχαι,</span> <span class='ocrx_word' id='word_1_673' title='bbox 1508 4944 1597 4996; x_wconf 83' lang='grc' dir='ltr'>καί</span> <span class='ocrx_word' id='word_1_674' title='bbox 1660 4945 1997 5021; x_wconf 81' lang='grc' dir='ltr'>μονομαχίαι</span> 
     </span>
    </p>
   </div>
   <div class='ocr_carea' id='block_1_92' title="bbox 342 5029 1996 5107">
    <p class='ocr_par' dir='ltr' id='par_1_92' title="bbox 342 5029 1996 5107">
     <span class='ocr_line' id='line_1_92' title="bbox 342 5029 1996 5107; baseline -0.003 -19"><span class='ocrx_word' id='word_1_675' title='bbox 342 5038 447 5090; x_wconf 89' lang='grc' dir='ltr'>τῶν</span> <span class='ocrx_word' id='word_1_676' title='bbox 502 5035 767 5106; x_wconf 78' lang='grc' dir='ltr'>ἀρίστων,</span> <span class='ocrx_word' id='word_1_677' title='bbox 829 5032 920 5086; x_wconf 83' lang='grc' dir='ltr'>καὶ</span> <span class='ocrx_word' id='word_1_678' title='bbox 975 5031 1269 5106; x_wconf 74' lang='grc' dir='ltr'>περιφυγαὶ</span> <span class='ocrx_word' id='word_1_679' title='bbox 1319 5030 1408 5084; x_wconf 78' lang='grc' dir='ltr'>καὶ</span> <span class='ocrx_word' id='word_1_680' title='bbox 1470 5029 1856 5107; x_wconf 73' lang='grc' dir='ltr'>ὑποχωρήσεις</span> <span class='ocrx_word' id='word_1_681' title='bbox 1906 5036 1996 5090; x_wconf 82' lang='grc' dir='ltr'>καὶ</span> 
     </span>
    </p>
   </div>
   <div class='ocr_carea' id='block_1_93' title="bbox 340 5115 2000 5193">
    <p class='ocr_par' dir='ltr' id='par_1_93' title="bbox 340 5115 2000 5193">
     <span class='ocr_line' id='line_1_93' title="bbox 340 5115 2000 5193; baseline -0.006 -16"><span class='ocrx_word' id='word_1_682' title='bbox 340 5120 694 5193; x_wconf 83' lang='grc' dir='ltr'>καταδιώξεις</span> <span class='ocrx_word' id='word_1_683' title='bbox 752 5120 808 5192; x_wconf 72' lang='grc' dir='ltr'>ἐξ</span> <span class='ocrx_word' id='word_1_684' title='bbox 869 5118 1154 5192; x_wconf 73' lang='grc' dir='ltr'>ἑκατέρων.</span> <span class='ocrx_word' id='word_1_685' title='bbox 1235 5115 1397 5173; x_wconf 87' lang='grc' dir='ltr'>’Λλλ’</span> <span class='ocrx_word' id='word_1_686' title='bbox 1452 5118 1533 5172; x_wconf 84' lang='grc' dir='ltr'>ἀεὶ</span> <span class='ocrx_word' id='word_1_687' title='bbox 1590 5119 1655 5174; x_wconf 81' lang='grc' dir='ltr'>τὰ</span> <span class='ocrx_word' id='word_1_688' title='bbox 1714 5121 1809 5192; x_wconf 75' lang='grc' dir='ltr'>μὲν</span> <span class='ocrx_word' id='word_1_689' title='bbox 1868 5124 2000 5180; x_wconf 85' lang='grc' dir='ltr'>Ῥω-</span> 
     </span>
    </p>
   </div>
   <div class='ocr_carea' id='block_1_94' title="bbox 342 5205 1997 5327">
    <p class='ocr_par' dir='ltr' id='par_1_94' title="bbox 342 5205 1997 5327">
     <span class='ocr_line' id='line_1_94' title="bbox 342 5205 1997 5287; baseline 0 -19"><span class='ocrx_word' id='word_1_690' title='bbox 342 5213 514 5285; x_wconf 84' lang='grc' dir='ltr'>μαίων</span> <span class='ocrx_word' id='word_1_691' title='bbox 574 5206 999 5287; x_wconf 74' lang='grc' dir='ltr'>ἐπικρατέστερα</span> <span class='ocrx_word' id='word_1_692' title='bbox 1059 5207 1424 5285; x_wconf 77' lang='grc' dir='ltr'>κατεφαίνετο,</span> <span class='ocrx_word' id='word_1_693' title='bbox 1479 5207 1543 5262; x_wconf 91' lang='grc' dir='ltr'>τὸ</span> <span class='ocrx_word' id='word_1_694' title='bbox 1628 5205 1674 5262; x_wconf 90' lang='grc' dir='ltr'>δ’</span> <span class='ocrx_word' id='word_1_695' title='bbox 1758 5208 1997 5268; x_wconf 74' lang='grc' dir='ltr'>ἐναντίον</span> 
     </span>
     <span class='ocr_line' id='line_1_95' title="bbox 342 5294 1996 5327; baseline 0 0"><span class='ocrx_word' id='word_1_696' title='bbox 490 5300 717 5327; x_wconf 67' lang='lat'>1!_-___-_.</span> <span class='ocrx_word' id='word_1_697' title='bbox 789 5299 891 5327; x_wconf 68' lang='lat'>1-).</span> <span class='ocrx_word' id='word_1_698' title='bbox 948 5297 1132 5327; x_wconf 71' lang='lat' dir='ltr'>tl..-..-</span> <span class='ocrx_word' id='word_1_699' title='bbox 1202 5295 1475 5327; x_wconf 67' lang='grc' dir='ltr'>-Ὶ-.Χ...-..</span> <span class='ocrx_word' id='word_1_700' title='bbox 1558 5295 1656 5327; x_wconf 76' lang='lat'>..&#39;.‘...</span> <span class='ocrx_word' id='word_1_701' title='bbox 1717 5294 1770 5327; x_wconf 77' lang='lat'>2..</span> <span class='ocrx_word' id='word_1_702' title='bbox 1828 5302 1996 5327; x_wconf 44' lang='grc' dir='ltr'>-.ιρμη</span> 
     </span>
    </p>
   </div>
   <div class='ocr_carea' id='block_1_95' title="bbox 337 5295 2041 5374">
    <p class='ocr_par' dir='ltr' id='par_1_95' title="bbox 337 5295 2041 5374">
     <span class='ocr_line' id='line_1_96' title="bbox 337 5295 2041 5374; baseline -0.007 -17"><span class='ocrx_word' id='word_1_703' title='bbox 337 5304 431 5358; x_wconf 76' lang='grc' dir='ltr'>κᾶν</span> <span class='ocrx_word' id='word_1_704' title='bbox 490 5300 718 5358; x_wconf 68' lang='grc' dir='ltr'>ἔπιπτεν</span> <span class='ocrx_word' id='word_1_705' title='bbox 785 5299 893 5352; x_wconf 85' lang='grc' dir='ltr'>ἀπὸ</span> <span class='ocrx_word' id='word_1_706' title='bbox 946 5297 1132 5371; x_wconf 78' lang='grc' dir='ltr'>ξίφους</span> <span class='ocrx_word' id='word_1_707' title='bbox 1202 5295 1496 5362; x_wconf 82' lang='grc' dir='ltr'>πλειόνως,</span> <span class='ocrx_word' id='word_1_708' title='bbox 1558 5295 1656 5349; x_wconf 68' lang='grc' dir='ltr'>κᾶν</span> <span class='ocrx_word' id='word_1_709' title='bbox 1715 5295 1774 5352; x_wconf 80' lang='grc' dir='ltr'>ἐκ</span> <span class='ocrx_word' id='word_1_710' title='bbox 1828 5302 2041 5374; x_wconf 39' lang='grc' dir='ltr'>τόξων-</span> 
     </span>
    </p>
   </div>
   <div class='ocr_carea' id='block_1_96' title="bbox 338 5385 1996 5463">
    <p class='ocr_par' dir='ltr' id='par_1_96' title="bbox 338 5385 1996 5463">
     <span class='ocr_line' id='line_1_97' title="bbox 338 5385 1996 5463; baseline -0.001 -17"><span class='ocrx_word' id='word_1_711' title='bbox 338 5392 411 5453; x_wconf 72' lang='grc' dir='ltr'>εἷς</span> <span class='ocrx_word' id='word_1_712' title='bbox 470 5391 703 5457; x_wconf 84' lang='grc' dir='ltr'>θάνατον</span> <span class='ocrx_word' id='word_1_713' title='bbox 763 5386 1026 5454; x_wconf 76' lang='grc' dir='ltr'>ὕπνωττε,</span> <span class='ocrx_word' id='word_1_714' title='bbox 1084 5386 1179 5440; x_wconf 70' lang='grc' dir='ltr'>κᾶν</span> <span class='ocrx_word' id='word_1_715' title='bbox 1238 5392 1353 5447; x_wconf 75' lang='grc' dir='ltr'>τοῖς</span> <span class='ocrx_word' id='word_1_716' title='bbox 1423 5385 1481 5439; x_wconf 80' lang='grc' dir='ltr'>ἐκ</span> <span class='ocrx_word' id='word_1_717' title='bbox 1525 5391 1794 5463; x_wconf 86' lang='grc' dir='ltr'>μηχανῶν</span> <span class='ocrx_word' id='word_1_718' title='bbox 1824 5387 1996 5453; x_wconf 85' lang='grc' dir='ltr'>λίθοις</span> 
     </span>
    </p>
   </div>
   <div class='ocr_carea' id='block_1_97' title="bbox 336 5473 1997 5556">
    <p class='ocr_par' dir='ltr' id='par_1_97' title="bbox 336 5473 1997 5556">
     <span class='ocr_line' id='line_1_98' title="bbox 336 5473 1997 5556; baseline 0 -25"><span class='ocrx_word' id='word_1_719' title='bbox 336 5478 408 5542; x_wconf 80' lang='grc' dir='ltr'>εἰς</span> <span class='ocrx_word' id='word_1_720' title='bbox 469 5481 614 5556; x_wconf 74' lang='grc' dir='ltr'>μέρη</span> <span class='ocrx_word' id='word_1_721' title='bbox 678 5475 923 5549; x_wconf 78' lang='grc' dir='ltr'>διῄρητο</span> <span class='ocrx_word' id='word_1_722' title='bbox 981 5475 1072 5529; x_wconf 83' lang='grc' dir='ltr'>καὶ</span> <span class='ocrx_word' id='word_1_723' title='bbox 1129 5475 1264 5549; x_wconf 84' lang='grc' dir='ltr'>πρὸς</span> <span class='ocrx_word' id='word_1_724' title='bbox 1323 5481 1423 5547; x_wconf 78' lang='grc' dir='ltr'>γῆν</span> <span class='ocrx_word' id='word_1_725' title='bbox 1476 5473 1542 5528; x_wconf 74' lang='grc' dir='ltr'>τὰ</span> <span class='ocrx_word' id='word_1_726' title='bbox 1598 5473 1758 5549; x_wconf 85' lang='grc' dir='ltr'>τείχη</span> <span class='ocrx_word' id='word_1_727' title='bbox 1812 5479 1997 5534; x_wconf 74' lang='grc' dir='ltr'>καὶτὰ</span> 
     </span>
    </p>
   </div>
   <div class='ocr_carea' id='block_1_98' title="bbox 334 5559 1997 5641">
    <p class='ocr_par' dir='ltr' id='par_1_98' title="bbox 334 5559 1997 5641">
     <span class='ocr_line' id='line_1_99' title="bbox 334 5559 1997 5641; baseline -0.002 -18"><span class='ocrx_word' id='word_1_728' title='bbox 334 5569 540 5625; x_wconf 84' lang='grc' dir='ltr'>τούτων</span> <span class='ocrx_word' id='word_1_729' title='bbox 572 5568 882 5640; x_wconf 71' lang='grc' dir='ltr'>καθῃρεῖτο</span> <span class='ocrx_word' id='word_1_730' title='bbox 942 5565 1205 5636; x_wconf 83' lang='grc' dir='ltr'>θωράκια,</span> <span class='ocrx_word' id='word_1_731' title='bbox 1265 5562 1419 5636; x_wconf 76' lang='grc' dir='ltr'>ὅμως</span> <span class='ocrx_word' id='word_1_732' title='bbox 1479 5559 1665 5634; x_wconf 81' lang='grc' dir='ltr'>ἔμενεν</span> <span class='ocrx_word' id='word_1_733' title='bbox 1716 5559 1793 5618; x_wconf 71' lang='grc' dir='ltr'>ἔτι</span> <span class='ocrx_word' id='word_1_734' title='bbox 1833 5566 1997 5641; x_wconf 83' lang='grc' dir='ltr'>ἀκρά-</span> 
     </span>
    </p>
   </div>
   <div class='ocr_carea' id='block_1_99' title="bbox 339 5651 1998 5728">
    <p class='ocr_par' dir='ltr' id='par_1_99' title="bbox 339 5651 1998 5728">
     <span class='ocr_line' id='line_1_100' title="bbox 339 5651 1998 5728; baseline -0.002 -15"><span class='ocrx_word' id='word_1_735' title='bbox 339 5655 527 5716; x_wconf 86' lang='grc' dir='ltr'>δαντον</span> <span class='ocrx_word' id='word_1_736' title='bbox 592 5652 647 5719; x_wconf 75' lang='grc' dir='ltr'>ἔς</span> <span class='ocrx_word' id='word_1_737' title='bbox 717 5651 1094 5728; x_wconf 78' lang='grc' dir='ltr'>μυριοπληθὶς</span> <span class='ocrx_word' id='word_1_738' title='bbox 1152 5651 1576 5726; x_wconf 86' lang='grc' dir='ltr'>ἀριθμούμενον,</span> <span class='ocrx_word' id='word_1_739' title='bbox 1611 5651 1799 5718; x_wconf 79' lang='grc' dir='ltr'>ἄλλως</span> <span class='ocrx_word' id='word_1_740' title='bbox 1829 5659 1998 5712; x_wconf 77' lang='grc' dir='ltr'>τεκαὶ</span> 
     </span>
    </p>
   </div>
   <div class='ocr_carea' id='block_1_100' title="bbox 2110 4590 3760 4663">
    <p class='ocr_par' dir='ltr' id='par_1_100' title="bbox 2110 4590 3760 4663">
     <span class='ocr_line' id='line_1_101' title="bbox 2110 4590 3760 4663; baseline -0.001 -18"><span class='ocrx_word' id='word_1_741' title='bbox 2110 4590 2618 4662; x_wconf 88' lang='lat' dir='ltr'>discerpebantur,</span> <span class='ocrx_word' id='word_1_742' title='bbox 2651 4593 2869 4648; x_wconf 64' lang='lat' dir='ltr'>muenia</span> <span class='ocrx_word' id='word_1_743' title='bbox 2899 4608 3225 4663; x_wconf 90' lang='lat' dir='ltr'>eorumque</span> <span class='ocrx_word' id='word_1_744' title='bbox 3256 4591 3578 4663; x_wconf 87' lang='lat' dir='ltr'>pinnacula</span> <span class='ocrx_word' id='word_1_745' title='bbox 3608 4595 3760 4645; x_wconf 88' lang='lat' dir='ltr'>ster-</span> 
     </span>
    </p>
   </div>
   <div class='ocr_carea' id='block_1_101' title="bbox 2110 4678 3759 4752">
    <p class='ocr_par' dir='ltr' id='par_1_101' title="bbox 2110 4678 3759 4752">
     <span class='ocr_line' id='line_1_102' title="bbox 2110 4678 3759 4752; baseline 0.001 -21"><span class='ocrx_word' id='word_1_746' title='bbox 2110 4678 2631 4752; x_wconf 85' lang='lat' dir='ltr'>nebantur,tamen</span> <span class='ocrx_word' id='word_1_747' title='bbox 2653 4681 2821 4737; x_wconf 90' lang='lat' dir='ltr'>clade</span> <span class='ocrx_word' id='word_1_748' title='bbox 2852 4682 2913 4736; x_wconf 89' lang='lat' dir='ltr'>in</span> <span class='ocrx_word' id='word_1_749' title='bbox 2943 4687 3108 4736; x_wconf 85' lang='lat' dir='ltr'>tanta</span> <span class='ocrx_word' id='word_1_750' title='bbox 3137 4679 3516 4735; x_wconf 89' lang='lat' dir='ltr'>multitudine</span> <span class='ocrx_word' id='word_1_751' title='bbox 3548 4695 3759 4749; x_wconf 88' lang='lat' dir='ltr'>parum</span> 
     </span>
    </p>
   </div>
   <div class='ocr_carea' id='block_1_102' title="bbox 2110 4766 3759 4841">
    <p class='ocr_par' dir='ltr' id='par_1_102' title="bbox 2110 4766 3759 4841">
     <span class='ocr_line' id='line_1_103' title="bbox 2110 4766 3759 4841; baseline 0.001 -19"><span class='ocrx_word' id='word_1_752' title='bbox 2110 4766 2431 4836; x_wconf 87' lang='lat' dir='ltr'>conspicua</span> <span class='ocrx_word' id='word_1_753' title='bbox 2451 4768 2680 4824; x_wconf 88' lang='lat' dir='ltr'>immoti</span> <span class='ocrx_word' id='word_1_754' title='bbox 2700 4770 3441 4841; x_wconf 74' lang='lat' dir='ltr'>perstiterunt,prwsertim</span> <span class='ocrx_word' id='word_1_755' title='bbox 3462 4785 3595 4822; x_wconf 90' lang='lat' dir='ltr'>cum</span> <span class='ocrx_word' id='word_1_756' title='bbox 3619 4768 3759 4836; x_wconf 88' lang='lat' dir='ltr'>vita,</span> 
     </span>
    </p>
   </div>
   <div class='ocr_carea' id='block_1_103' title="bbox 2108 4855 3763 4931">
    <p class='ocr_par' dir='ltr' id='par_1_103' title="bbox 2108 4855 3763 4931">
     <span class='ocr_line' id='line_1_104' title="bbox 2108 4855 3763 4931; baseline 0.002 -21"><span class='ocrx_word' id='word_1_757' title='bbox 2108 4855 2305 4921; x_wconf 90' lang='lat' dir='ltr'>liberi,</span> <span class='ocrx_word' id='word_1_758' title='bbox 2325 4872 2560 4925; x_wconf 87' lang='lat' dir='ltr'>uxores,</span> <span class='ocrx_word' id='word_1_759' title='bbox 2584 4874 2812 4930; x_wconf 75' lang='lat' dir='ltr'>magnas</span> <span class='ocrx_word' id='word_1_760' title='bbox 2845 4864 2902 4914; x_wconf 90' lang='lat' dir='ltr'>et</span> <span class='ocrx_word' id='word_1_761' title='bbox 2931 4859 3104 4915; x_wconf 82' lang='lat' dir='ltr'>variae</span> <span class='ocrx_word' id='word_1_762' title='bbox 3135 4875 3277 4930; x_wconf 89' lang='lat' dir='ltr'>opes</span> <span class='ocrx_word' id='word_1_763' title='bbox 3310 4862 3643 4931; x_wconf 81' lang='lat' dir='ltr'>agerentur.</span> <span class='ocrx_word' id='word_1_764' title='bbox 3680 4859 3763 4913; x_wconf 84' lang='lat' dir='ltr'>Ac</span> 
     </span>
    </p>
   </div>
   <div class='ocr_carea' id='block_1_104' title="bbox 2107 4944 3762 5019">
    <p class='ocr_par' dir='ltr' id='par_1_104' title="bbox 2107 4944 3762 5019">
     <span class='ocr_line' id='line_1_105' title="bbox 2107 4944 3762 5019; baseline 0.002 -20"><span class='ocrx_word' id='word_1_765' title='bbox 2107 4944 2356 4999; x_wconf 85' lang='lat' dir='ltr'>forsitan</span> <span class='ocrx_word' id='word_1_766' title='bbox 2383 4950 2552 5016; x_wconf 86' lang='lat' dir='ltr'>capta</span> <span class='ocrx_word' id='word_1_767' title='bbox 2583 4952 2740 5001; x_wconf 89' lang='lat' dir='ltr'>esset</span> <span class='ocrx_word' id='word_1_768' title='bbox 2785 4947 2912 5003; x_wconf 72' lang='lat' dir='ltr'>haac</span> <span class='ocrx_word' id='word_1_769' title='bbox 2955 4964 3191 5019; x_wconf 88' lang='lat' dir='ltr'>quoque</span> <span class='ocrx_word' id='word_1_770' title='bbox 3221 4947 3364 5003; x_wconf 92' lang='lat' dir='ltr'>urbs</span> <span class='ocrx_word' id='word_1_771' title='bbox 3393 4953 3450 5002; x_wconf 92' lang='lat' dir='ltr'>et</span> <span class='ocrx_word' id='word_1_772' title='bbox 3482 4946 3762 5002; x_wconf 76' lang='lat' dir='ltr'>omnibus</span> 
     </span>
    </p>
   </div>
   <div class='ocr_carea' id='block_1_105' title="bbox 2110 5032 3758 5109">
    <p class='ocr_par' dir='ltr' id='par_1_105' title="bbox 2110 5032 3758 5109">
     <span class='ocr_line' id='line_1_106' title="bbox 2110 5032 3758 5109; baseline 0.001 -22"><span class='ocrx_word' id='word_1_773' title='bbox 2110 5032 2320 5105; x_wconf 89' lang='lat' dir='ltr'>opibus</span> <span class='ocrx_word' id='word_1_774' title='bbox 2379 5034 2623 5102; x_wconf 88' lang='lat' dir='ltr'>nudata,</span> <span class='ocrx_word' id='word_1_775' title='bbox 2685 5037 2964 5092; x_wconf 84' lang='lat' dir='ltr'>Romanis</span> <span class='ocrx_word' id='word_1_776' title='bbox 3022 5038 3151 5109; x_wconf 85' lang='lat' dir='ltr'>ejus</span> <span class='ocrx_word' id='word_1_777' title='bbox 3209 5037 3440 5093; x_wconf 90' lang='lat' dir='ltr'>excidio</span> <span class='ocrx_word' id='word_1_778' title='bbox 3508 5036 3758 5109; x_wconf 87' lang='lat' dir='ltr'>gloriam</span> 
     </span>
    </p>
   </div>
   <div class='ocr_carea' id='block_1_106' title="bbox 2110 5124 3759 5199">
    <p class='ocr_par' dir='ltr' id='par_1_106' title="bbox 2110 5124 3759 5199">
     <span class='ocr_line' id='line_1_107' title="bbox 2110 5124 3759 5199; baseline 0.001 -20"><span class='ocrx_word' id='word_1_779' title='bbox 2110 5125 2404 5194; x_wconf 83' lang='lat' dir='ltr'>insignem</span> <span class='ocrx_word' id='word_1_780' title='bbox 2461 5124 2720 5197; x_wconf 84' lang='lat' dir='ltr'>adeptis,</span> <span class='ocrx_word' id='word_1_781' title='bbox 2770 5127 2999 5184; x_wconf 90' lang='lat' dir='ltr'>adversi</span> <span class='ocrx_word' id='word_1_782' title='bbox 3086 5128 3281 5184; x_wconf 90' lang='lat' dir='ltr'>nuntii</span> <span class='ocrx_word' id='word_1_783' title='bbox 3340 5129 3759 5199; x_wconf 86' lang='lat' dir='ltr'>imperatorem</span> 
     </span>
    </p>
   </div>
   <div class='ocr_carea' id='block_1_107' title="bbox 2108 5213 3759 5274">
    <p class='ocr_par' dir='ltr' id='par_1_107' title="bbox 2108 5213 3759 5274">
     <span class='ocr_line' id='line_1_108' title="bbox 2108 5213 3759 5274; baseline -0.002 -4"><span class='ocrx_word' id='word_1_784' title='bbox 2108 5214 2199 5270; x_wconf 88' lang='lat' dir='ltr'>vel</span> <span class='ocrx_word' id='word_1_785' title='bbox 2248 5213 2498 5269; x_wconf 92' lang='lat' dir='ltr'>invitum</span> <span class='ocrx_word' id='word_1_786' title='bbox 2555 5215 2692 5271; x_wconf 90' lang='lat' dir='ltr'>inde</span> <span class='ocrx_word' id='word_1_787' title='bbox 2753 5217 3200 5274; x_wconf 88' lang='lat' dir='ltr'>abstraxissent.</span> <span class='ocrx_word' id='word_1_788' title='bbox 3246 5217 3567 5272; x_wconf 87' lang='lat' dir='ltr'>Ferebatur</span> <span class='ocrx_word' id='word_1_789' title='bbox 3597 5215 3759 5268; x_wconf 90' lang='lat' dir='ltr'>enim</span> 
     </span>
    </p>
   </div>
   <div class='ocr_carea' id='block_1_108' title="bbox 2110 5303 3758 5363">
    <p class='ocr_par' dir='ltr' id='par_1_108' title="bbox 2110 5303 3758 5363">
     <span class='ocr_line' id='line_1_109' title="bbox 2110 5303 3758 5363; baseline -0.001 -5"><span class='ocrx_word' id='word_1_790' title='bbox 2110 5304 2325 5359; x_wconf 85' lang='lat' dir='ltr'>Edessa</span> <span class='ocrx_word' id='word_1_791' title='bbox 2355 5321 2388 5358; x_wconf 89' lang='lat' dir='ltr'>a</span> <span class='ocrx_word' id='word_1_792' title='bbox 2420 5306 2612 5360; x_wconf 88' lang='lat' dir='ltr'>Persis</span> <span class='ocrx_word' id='word_1_793' title='bbox 2643 5306 3034 5363; x_wconf 89' lang='lat' dir='ltr'>circumsessa</span> <span class='ocrx_word' id='word_1_794' title='bbox 3061 5309 3122 5362; x_wconf 93' lang='lat' dir='ltr'>in</span> <span class='ocrx_word' id='word_1_795' title='bbox 3155 5307 3367 5363; x_wconf 86' lang='lat' dir='ltr'>excidii</span> <span class='ocrx_word' id='word_1_796' title='bbox 3399 5303 3758 5360; x_wconf 88' lang='lat' dir='ltr'>atrocissimi</span> 
     </span>
    </p>
   </div>
   <div class='ocr_carea' id='block_1_109' title="bbox 2109 5393 3762 5469">
    <p class='ocr_par' dir='ltr' id='par_1_109' title="bbox 2109 5393 3762 5469">
     <span class='ocr_line' id='line_1_110' title="bbox 2109 5393 3762 5469; baseline -0.002 -23"><span class='ocrx_word' id='word_1_797' title='bbox 2109 5393 2370 5466; x_wconf 91' lang='lat' dir='ltr'>periculo</span> <span class='ocrx_word' id='word_1_798' title='bbox 2394 5396 2634 5461; x_wconf 85' lang='lat' dir='ltr'>versari,</span> <span class='ocrx_word' id='word_1_799' title='bbox 2657 5396 2772 5451; x_wconf 93' lang='lat' dir='ltr'>nisi</span> <span class='ocrx_word' id='word_1_800' title='bbox 2796 5397 3120 5469; x_wconf 88' lang='lat' dir='ltr'>imperator</span> <span class='ocrx_word' id='word_1_801' title='bbox 3144 5396 3334 5468; x_wconf 88' lang='lat' dir='ltr'>primo</span> <span class='ocrx_word' id='word_1_802' title='bbox 3360 5408 3592 5465; x_wconf 90' lang='lat' dir='ltr'>quoque</span> <span class='ocrx_word' id='word_1_803' title='bbox 3619 5397 3762 5444; x_wconf 87' lang='lat' dir='ltr'>tem-</span> 
     </span>
    </p>
   </div>
   <div class='ocr_carea' id='block_1_110' title="bbox 2110 5478 3761 5557">
    <p class='ocr_par' dir='ltr' id='par_1_110' title="bbox 2110 5478 3761 5557">
     <span class='ocr_line' id='line_1_111' title="bbox 2110 5478 3761 5557; baseline -0.003 -21"><span class='ocrx_word' id='word_1_804' title='bbox 2110 5498 2250 5553; x_wconf 86' lang='lat' dir='ltr'>pore</span> <span class='ocrx_word' id='word_1_805' title='bbox 2291 5497 2462 5551; x_wconf 89' lang='lat' dir='ltr'>opem</span> <span class='ocrx_word' id='word_1_806' title='bbox 2520 5483 2722 5540; x_wconf 88' lang='lat' dir='ltr'>ferret.</span> <span class='ocrx_word' id='word_1_807' title='bbox 2758 5486 2939 5557; x_wconf 86' lang='lat' dir='ltr'>Igitur</span> <span class='ocrx_word' id='word_1_808' title='bbox 2997 5485 3342 5541; x_wconf 90' lang='lat' dir='ltr'>muneribus</span> <span class='ocrx_word' id='word_1_809' title='bbox 3375 5478 3761 5551; x_wconf 87' lang='lat' dir='ltr'>amplissimis</span> 
     </span>
    </p>
   </div>
   <div class='ocr_carea' id='block_1_111' title="bbox 2109 5571 3764 5646">
    <p class='ocr_par' dir='ltr' id='par_1_111' title="bbox 2109 5571 3764 5646">
     <span class='ocr_line' id='line_1_112' title="bbox 2109 5571 3764 5646; baseline -0.005 -19"><span class='ocrx_word' id='word_1_810' title='bbox 2109 5571 2369 5643; x_wconf 86' lang='lat' dir='ltr'>acceptis</span> <span class='ocrx_word' id='word_1_811' title='bbox 2391 5590 2521 5644; x_wconf 67' lang='lat' dir='ltr'>quas</span> <span class='ocrx_word' id='word_1_812' title='bbox 2544 5578 2794 5631; x_wconf 89' lang='lat' dir='ltr'>materia</span> <span class='ocrx_word' id='word_1_813' title='bbox 2807 5578 3062 5632; x_wconf 89' lang='lat' dir='ltr'>omnium</span> <span class='ocrx_word' id='word_1_814' title='bbox 3080 5574 3511 5646; x_wconf 90' lang='lat' dir='ltr'>pretiosissima</span> <span class='ocrx_word' id='word_1_815' title='bbox 3527 5572 3764 5622; x_wconf 86' lang='lat' dir='ltr'>consta-</span> 
     </span>
    </p>
   </div>
   <div class='ocr_carea' id='block_1_112' title="bbox 2112 5656 3760 5737">
    <p class='ocr_par' dir='ltr' id='par_1_112' title="bbox 2112 5656 3760 5737">
     <span class='ocr_line' id='line_1_113' title="bbox 2112 5656 3760 5737; baseline -0.013 -10"><span class='ocrx_word' id='word_1_816' title='bbox 2112 5664 2274 5725; x_wconf 72' lang='lat' dir='ltr'>bant.</span> <span class='ocrx_word' id='word_1_817' title='bbox 2310 5666 2368 5717; x_wconf 90' lang='lat' dir='ltr'>et</span> <span class='ocrx_word' id='word_1_818' title='bbox 2390 5662 2561 5735; x_wconf 90' lang='lat' dir='ltr'>equis</span> <span class='ocrx_word' id='word_1_819' title='bbox 2587 5666 2977 5737; x_wconf 89' lang='lat' dir='ltr'>generosis,et</span> <span class='ocrx_word' id='word_1_820' title='bbox 2997 5671 3055 5719; x_wconf 89' lang='lat' dir='ltr'>et</span> <span class='ocrx_word' id='word_1_821' title='bbox 3076 5663 3189 5717; x_wconf 87' lang='lat' dir='ltr'>tela</span> <span class='ocrx_word' id='word_1_822' title='bbox 3208 5661 3393 5718; x_wconf 90' lang='lat' dir='ltr'>serica</span> <span class='ocrx_word' id='word_1_823' title='bbox 3415 5673 3557 5715; x_wconf 88' lang='lat' dir='ltr'>auro</span> <span class='ocrx_word' id='word_1_824' title='bbox 3575 5656 3760 5707; x_wconf 87' lang='lat' dir='ltr'>inter-</span> 
     </span>
    </p>
   </div>
  </div>
