4150 6292
311 374 432 431 35Ί

1846 334 2243 431 meream.

3630 374 3747 436 358

321 507 589 576 Ἰωάννην
611 504 701 559 τὸν
748 507 861 559 τῶν
889 501 1097 558 παίδων
1157 501 1363 557 ἐκείνου
1415 501 1764 576 πρωτότοκον
1820 499 1976 573 (ἀνὴρ

2095 502 2417 559 bellicosus
2441 509 2498 559 et
2520 505 2962 576 fortis,procera
2988 510 3213 561 statura
3246 509 3305 561 et
3336 506 3525 561 forma
3552 507 3753 562 visen-

336 592 380 648 δ’
442 595 592 656 οὗτος
638 591 1024 653 ὁπλιτοπάλας
1079 593 1167 645 καὶ
1225 590 1665 662 πολεμόκλονος,

332 683 553 752 ἀρίστην
592 682 681 736 καὶ
730 679 877 736 εἶδος
936 679 1251 753 προφαίνων
1313 679 1671 750 ἀξιοΟέανον),
1705 676 1986 738 πλείστοις

330 774 422 845 μὲν
452 773 544 826 καὶ
576 769 774 832 ἄλλοις
806 770 1127 844 προσέμιξεν
1185 763 1376 838 ἔθνεσι,
1426 769 1521 823 σὺν
1573 768 1762 828 αὐτοῖς
1809 764 1866 821 δὲ
1895 766 1986 821 καὶ

319 861 398 932 τῷ
453 867 556 929 τῆς
613 858 889 915 Ἰκονιέων
948 858 1333 932 σατραπεύοντι
1398 856 1819 931 μητροπόλεως.
1887 860 1987 913 Καὶ

315 952 385 1020 ἦν
450 952 545 1023 μὶν
618 951 647 1004 ὁ
714 951 981 1011 ’ῐσαὶκιος
1050 950 1206 1010 οὗτος
1273 948 1550 1021 ὁρμαίνων
1618 947 1701 1001 ἀεὶ
1771 945 1985 1024 χώραις

315 1043 595 1106 ἐπιθέσθαι
627 1043 966 1114 Ῥωμαϊκαῖς
1022 1041 1111 1095 καὶ
1171 1040 1343 1094 Σατὰν
1400 1038 1643 1113 γενέσθαι
1684 1038 1985 1109 1591in-

922 1132 1137 1203 απορῶν
1192 1128 1283 1182 καὶ
1341 1128 1431 1182 τὸν
1465 1126 1694 1202 βασιλέα
1727 1128 1981 1195 Ἰωάννην

1744 591 1884 666 φυήν
1938 592 1985 643 τ’

317 1155 386 1207 νῃ
400 1178 412 1195 ,
447 1151 490 1206 χ
502 1153 560 1200 γη
573 1132 759 1203 μάτων
817 1128 863 1184 δ’

318 1224 466 1294 ὁρῶν
499 1227 619 1281 ταῖς
657 1221 796 1275 κατὰ
857 1217 1101 1290 πόλεμον
1158 1218 1378 1289 πράξεσι
1431 1214 1520 1270 διὰ
1576 1219 1775 1277 παντὸς
1829 1236 1986 1290 περι-

314 1308 576 1365 κλέϊστον
633 1307 828 1363 οὐδένα
887 1307 1096 1378 εὕρισκε
1159 1312 1272 1367 τοῖς
1332 1306 1466 1359 κατᾶ
1523 1306 1722 1360 σκοπὸν
1794 1304 1983 1376 ἐκείνῳ

318 1394 708 1471 συμϐαίνοντα.
783 1395 1008 1453 Μᾶλλον
1090 1396 1182 1467 μὶν
1262 1394 1355 1449 οὖν
1413 1395 1502 1448 καὶ
1572 1396 1772 1455 πάντας
1832 1394 1979 1471 εἶχεν

317 1485 730 1558 ἀποπηδῶντας
762 1485 854 1539 καὶ
904 1486 1037 1557 πρὸς
1092 1485 1190 1553 τήν
1252 1486 1478 1558 πρώτην
1519 1491 1619 1553 τῆς
1651 1483 1983 1543 ἀποστασίας

320 1578 601 1651 ὲνήχησιν
705 1573 1183 1649 δυσχεραίνοντας,
1287 1573 1375 1627 καὶ
1479 1575 1578 1641 τὴν
1639 1572 1980 1646 ἐπιχείρησιν

316 1664 775 1742 ἀπαγορεύοντας
853 1663 927 1722 ὡς
1001 1662 1318 1739 ἀσύμφορον
1394 1661 1626 1732 κάκείνῳ
1699 1662 1788 1715 καὶ
1851 1657 1979 1733 μηδ’

315 1756 514 1815 αὐτοῖς
589 1753 814 1833 ἐφικτήν
897 1752 1163 1806 ὁπωσοῦν.
1244 1752 1398 1814 Ὅθεν
1491 1752 1620 1811 τοὺς
1693 1750 1978 1824 τοπάρχας

2096 592 2171 648 da
2201 594 2518 663 praeditus;
2554 595 2650 663 qui
2686 612 2820 650 cum
2879 595 2952 650 ad
2997 595 3142 650 alias
3172 601 3376 666 gentes
3413 596 3749 665 transierat,

2094 687 2217 736 tum
2250 681 2324 737 ad
2356 683 2679 738 Iconiensis
2737 684 3082 755 metropolis
3136 687 3456 754 satrapam,
3490 684 3742 739 subinde

2093 770 2166 825 ad
2198 771 2590 828 incursandas
2622 774 2910 827 Romanas
2941 772 3272 843 provincias
3294 778 3351 826 et
3373 790 3466 827 res
3500 774 3742 828 Joannis

2092 859 2415 915 turbandas
2445 861 2743 917 incitatus.
2806 862 2917 916 Sed
2977 861 3115 931 quia
3164 862 3415 945 pecunia
3448 861 3655 932 egebat
3685 866 3745 915 et

2092 947 2415 1018 imperator
2441 951 2695 1006 Joannes
2728 956 3012 1021 perpetua
3050 951 3134 1005 rei
3166 949 3394 1005 bellica:
3427 950 3599 1005 laude
3633 950 3742 1004 flo-

2090 1038 2277 1095 rebat.
2302 1040 2413 1109 ipsi
2445 1041 2598 1096 nihil
2629 1058 2698 1096 ex
2730 1042 3025 1097 sententia
3057 1041 3432 1107 succedebat,
3457 1057 3524 1095 ac
3547 1041 3741 1111 patius

2092 1145 2297 1185 omnes
2320 1131 2391 1185 ab
2416 1147 2484 1186 eo
2507 1132 2856 1188 resiliebant
2879 1138 2935 1187 et
2958 1133 3213 1202 primum
3239 1132 3588 1187 defectionis
3608 1148 3743 1186 con-

2091 1218 2292 1272 silium
2336 1221 2771 1291 improbabant,
2806 1226 3082 1277 conatum
3137 1221 3306 1276 illum
3356 1221 3742 1287 detestantes,

2090 1307 2190 1377 qui
2224 1324 2332 1363 nec
2365 1310 2416 1362 ei
2450 1310 2756 1380 expediret
2782 1314 2840 1365 et
2863 1310 3006 1381 ipsis
3029 1310 3345 1366 succedere
3379 1310 3539 1365 nulle
3567 1308 3743 1365 modo

2086 1402 2303 1465 posset.
2340 1398 2523 1468 Igitur
2552 1414 2686 1453 cum
2738 1401 3048 1470 toparchas
3097 1400 3308 1464 adiret,
3358 1400 3465 1454 etsi
3511 1398 3583 1453 ab
3615 1413 3745 1452 om-

2087 1484 2267 1540 nibus
2294 1493 2635 1541 reverenter
2666 1488 3036 1558 exciperetur
3056 1495 3121 1543 ut
3144 1490 3335 1545 forma
3365 1505 3500 1559 rege
3522 1487 3741 1560 dignis-

2090 1574 2242 1628 sima
2274 1575 2558 1643 praaditus
2600 1582 2658 1630 et
2715 1593 2929 1647 genere
2988 1577 3363 1633 nobilissimo
3394 1583 3578 1644 ortus,
3612 1593 3743 1631 sero

2086 1666 2285 1714 tamen
2318 1660 2677 1733 intelligens,
2727 1663 2884 1734 quod
2933 1665 3169 1721 deserta
3212 1665 3561 1737 cognatione
3594 1680 3745 1719 ieru-

2086 1765 2255 1804 mnas
2289 1751 2511 1806 frustra
2543 1752 2842 1817 toleraret,
2875 1753 2950 1809 ad
2980 1754 3222 1810 fratrem
3255 1770 3317 1809 se
3349 1755 3592 1825 recepit.
3628 1755 3744 1807 lm-

313 1845 573 1921 περιιὼν,
608 1843 696 1897 καὶ
754 1845 884 1917 παρ’
943 1842 1026 1903 οἷς
1084 1837 1311 1895 κατέλυε
1365 1836 1433 1893 δι’
1488 1837 1673 1900 αίδοῦς
1714 1834 1978 1914 ἀγόμενος

2090 1846 2327 1910 perator
2358 1856 2491 1894 vero
2548 1846 2605 1896 et
2646 1842 2840 1913 ipsum
2882 1849 2941 1898 et
2968 1843 3157 1899 ﬁlium
3190 1859 3361 1898 suum
3395 1842 3605 1913 cupide
3638 1858 3741 1896 ex-

316 1936 395 1998 ὡς
449 1935 511 1989 τὸ
567 1931 708 1995 εἶδος
770 1932 1232 2005 τυραννικώτατος
1291 1929 1381 1983 καὶ
1447 1930 1509 1983 τὸ
1575 1930 1725 2005 γένος
1783 1929 1975 1996 ἐπιση-

322 2025 582 2099 μότατος,
642 2023 741 2094 ὀψὲ
796 2020 970 2084 συνεὶς
1042 2019 1114 2080 ὠς
1188 2016 1439 2086 διακενῆς
1500 2025 1601 2086 τῆς
1671 2017 1977 2091 συγγενείας

316 2112 726 2182 ἆποδιίσταται,
792 2110 910 2186 βίον
967 2107 1172 2163 ὰντλῶν
1221 2109 1481 2180 πονηρὸν,
1533 2108 1669 2181 πρὸς
1714 2108 1806 2161 τὸν
1839 2105 1974 2178 ὁμό-

323 2225 530 2278 σπορον
585 2198 907 2258 ἑπανὲλυσε.
972 2198 1072 2254 Καὶ
1133 2196 1391 2272 βασιλεὺς
1449 2197 1697 2269 ἀσμένως
1730 2197 1891 2251 αὐτόν
1919 2216 1977 2250 τε

318 2295 535 2350 καὶτὸν
570 2292 685 2346 υἲέα
735 2284 1098 2364 προσϐλέπει,
1156 2288 1246 2341 καὶ
1305 2289 1430 2359 οψιν
1487 2286 1576 2342 καὶ
1638 2286 1839 2362 λόγους
1869 2287 1978 2357 ἀμ-

320 2389 448 2462 φοῖν
506 2380 716 2450 δίδωσι,
774 2378 868 2432 καὶ
924 2376 1222 2451 χαριέντως
1280 2373 1701 2447 προσπλέκεται·
1756 2373 1977 2453 ἴσχυρὸν

317 2460 425 2546 γὰρ
482 2492 535 2525 τι
593 2475 790 2544 χρῆμα
848 2466 1017 2526 πόθος
1071 2462 1347 2539 συγγενείᾳ
1404 2460 1839 2537 διυφαινόμενος,
1881 2462 1977 2516 κᾶν

329 2559 659 2634 ἀπορραγείη
696 2556 892 2633 μικρόν
950 2575 1002 2609 τι
1058 2560 1159 2623 τῆς
1220 2550 1493 2629 συμφυΐας
1534 2550 1976 2629 φιλυπόστροφος

338 2646 552 2720 ταχέως
606 2648 824 2718 γίνεται.
895 2642 1120 2715 Ἀμέλει
1196 2642 1285 2695 καὶ
1365 2642 1427 2695 τὸ
1484 2642 1566 2712 [Ρ.
1627 2643 1716 2713 22]
1786 2641 1979 2713 πρώην

342 2731 571 2812 φίλτρον
627 2732 955 2808 διατηρήσας
1011 2724 1302 2800 ἀλώϐητον
1358 2725 1510 2783 οὐδέν
1542 2748 1594 2783 τι
1642 2727 1978 2801 παλίγκοτον

340 2823 605 2898 ὖπέτυφεν
657 2822 704 2877 ὲν
758 2826 935 2898 ψυχῇ,
998 2822 1160 2875 ὁποῖα
1238 2821 1288 2873 οἱ
1375 2817 1426 2872 ἐν
1502 2818 1700 2892 ἀρχαῖς
1758 2816 1978 2893 φιλοῦσι

336 2914 707 2988 τεχνάζεσθαι,
759 2914 849 2968 τὸν
910 2909 1085 2988 χόλον
1154 2909 1501 2973 ἇνθάπτοντες
1555 2908 1645 2962 καὶ
1703 2906 1980 2970 ἔναύοντες

2090 1935 2291 2000 ceptos
2347 1930 2637 1986 allocutus
2697 1938 2787 1987 est
2841 1938 2899 1987 et
2950 1933 3207 1989 suaviter
3236 1931 3562 2003 amplexus.
3596 1931 3740 1987 Nam

2090 2020 2457 2089 cognationis
2487 2020 2848 2078 desiderium
2897 2022 3151 2079 multum
3185 2023 3372 2088 valet;
3404 2038 3471 2078 ac
3504 2015 3743 2077 tametsi

2086 2125 2276 2165 nexus
2303 2110 2404 2166 ille
2438 2114 2713 2168 nonnihil
2735 2114 2965 2170 laxatus
2992 2115 3191 2182 fuerit,
3214 2113 3385 2170 facile
3408 2118 3606 2169 tamen
3639 2111 3741 2166 de-

2088 2214 2206 2254 nuo
2236 2201 2603 2273 astringitur.
2658 2207 2739 2258 Ac
2792 2205 3042 2274 pristina
3096 2220 3232 2276 erga
3282 2219 3417 2261 eum
3458 2202 3744 2257 cbaritate

2089 2288 2369 2347 inviolata
2412 2298 2777 2359 conservata,
2822 2294 2982 2351 bona
3030 2295 3145 2350 fide
3177 2296 3238 2351 in
3266 2295 3515 2367 gratiam
3545 2291 3744 2357 rediit,

2088 2393 2257 2433 secus
2289 2394 2467 2451 quam
2516 2388 2789 2453 potentes
2835 2385 3047 2450 solent,
3095 2384 3195 2455 qui
3247 2384 3396 2439 iram
3442 2387 3647 2454 tegunt
3677 2397 3744 2436 ac

2087 2467 2490 2535 dissimulant,
2515 2473 2657 2528 dum
2687 2475 3016 2530 ulciscendi
3039 2476 3271 2531 occasio
3296 2474 3487 2530 detur.
3514 2473 3743 2544 Cpolim

2087 2557 2269 2627 igitur
2289 2564 2382 2613 44
2402 2576 2537 2615 cum
2556 2577 2624 2616 eo
2639 2563 3086 2633 ingressus,non
3105 2564 3290 2633 magis
3308 2563 3549 2619 victoria
3566 2577 3742 2631 quam

2088 2645 2291 2701 fratris
2313 2648 2508 2703 reditu
2532 2656 2621 2704 est
2649 2652 2900 2721 gavisus.
2926 2651 3156 2706 Subditi
3187 2667 3423 2720 quoque
3455 2650 3743 2703 instinctu

2088 2735 2220 2805 ejus
2249 2734 2456 2792 laudes
2478 2740 3038 2807 communicabant;
3065 2756 3174 2795 nec
3196 2739 3434 2809 tropaeis
3457 2739 3746 2793 duntaxat

2087 2824 2519 2893 gloriabuntur,
2577 2835 2637 2882 et
2686 2834 2798 2883 Deo
2844 2844 3225 2884 successuum
3267 2828 3493 2883 auctori
3523 2828 3741 2897 gratias

2089 2914 2359 2984 agebant,
2395 2916 2498 2970 sed
2531 2922 2588 2971 et
2617 2918 2813 2973 fratris
2844 2918 2973 2989 ejus
3010 2917 3263 2973 adventu
3294 2916 3666 2971 laetabantur.

328 3003 411 3068 εἷς
476 3004 573 3072 τὴν
628 3003 755 3057 κατὰ
819 3002 1009 3073 καιρὸν
1079 3000 1460 3079 φρυκτώρησιν
1528 2998 1618 3051 καὶ
1680 2998 2041 3071 κατάπρησιν·
2106 3001 2205 3067 τὴν
2267 2999 2324 3056 δὲ
2381 3005 2782 3059 Κωνσταντίνου
2851 3006 2942 3059 σὺν
3008 3005 3149 3077 αὐτῴ
3203 3004 3385 3058 ετσιὼν
3445 3002 3507 3057 οὐ
3550 3000 3745 3057 πλεῖον

314 3098 399 3166 τῷ
469 3095 567 3161 τῆς
634 3092 790 3162 νίκης
859 3090 1101 3157 περιόντι
1174 3089 1201 3158 ἢ
1266 3089 1337 3158 τῇ
1402 3089 1498 3141 τοῦ
1563 3087 1890 3159 κασιγνήτου
1944 3086 2187 3161 ἰπανόδφ
2239 3090 2569 3165 ἠγαλλιᾶτο.
2633 3095 2731 3150 Καὶ
2789 3094 2851 3149 τὸ
2913 3093 3153 3163 ὑπήκοον
3188 3090 3246 3148 δὲ
3285 3091 3570 3166 κατεκίρνα
3626 3113 3743 3155 πως

315 3185 385 3239 τὰ
421 3183 678 3258 ἐγκώμια
706 3182 787 3252 τῷ
816 3183 917 3234 τοῦ
959 3175 1231 3253 βασιλέως
1288 3174 1467 3247 τούτῳ
1520 3174 1964 3248 “Pop-110869.111,
2024 3176 2085 3231 οὐ
2149 3178 2312 3245 μόνον
2367 3186 2483 3242 τοῖς
2538 3182 2705 3238 αὐτοῦ
2760 3182 3046 3256 τροπαίοις
3101 3180 3591 3255 καλλωπιζόμενον
3653 3178 3743 3235 καὶ

317 3276 451 3329 θῦον
488 3276 607 3343 Θεῷ
637 3272 979 3346 χαριστήρια
1010 3271 1088 3339 τῷ
1142 3265 1233 3321 καὶ
1282 3264 1604 3340 πορεύσαντι
1661 3267 1851 3318 τοῦτον
1906 3264 1996 3318 καὶ
2058 3269 2284 3336 νικητήν
2344 3270 2702 3339 ἀνασώσαντι,
2759 3270 2908 3328 ἀλλὰ
2948 3272 3038 3327 καὶ
3070 3276 3138 3346 τῇ
3168 3276 3265 3327 τοῦ
3300 3269 3537 3344 ἀδελφοῦ
3570 3270 3747 3348 ἀφίξει

322 3361 647 3449 ἒπευιρραινό
657 3380 815 3433 μενον
826 3403 840 3415 .

394 3444 481 3520 Μὴ
543 3449 918 3525 πολυωρήσας
976 3444 1033 3501 δὲ
1082 3450 1162 3516 τῷ
1217 3444 1520 3516 Βυζαντίῳ,
1588 3447 1695 3498 τῶν
1758 3446 1977 3516 Περσῶν

2164 3449 2453 3505 Caeterum
2513 3469 2634 3509 non
2694 3453 2799 3508 diu
2847 3452 3105 3524 Byzantii
3155 3456 3578 3517 commoratus,
3612 3466 3745 3504 cum

323 3535 692 3595 είσϐαλόντων
764 3542 886 3599 τοῖς
950 3536 1086 3590 κατὰ
1149 3533 1396 3605 ποταμὸν
1470 3534 1565 3587 τὸν
1671 3532 1977 3607 Σαγγάριον

323 3626 647 3703 ἐπιδρόμοις
682 3628 892 3694 τόποις,
951 3620 1221 3699 ὑπεριδὼν
1275 3620 1531 3696 καχεξίας
1580 3619 1857 3692 σώματος,
1907 3620 1982 3681 ὡς

328 3719 465 3793 εἶχεν
531 3718 874 3792 ἐξώρμησεν,
936 3714 1052 3769 ὅθεν
1116 3712 1245 3774 τοὺς
1303 3709 1608 3783 πολεμίους
1654 3707 1984 3783 διαθροήσας

328 3810 393 3879 τῇ
442 3807 709 3879 παρουσίᾳ
769 3805 861 3860 καὶ
919 3802 1244 3878 θρεμμάτων
1294 3798 1495 3874 ἀγέλας
1551 3797 1748 3861 ἐλάσας
1779 3819 1986 3853 παντο-

325 3892 507 3951 δαπῶν
538 3894 845 3964 ἐπανῆλθεν
906 3893 980 3953 εἷς
1036 3891 1099 3947 τὸ
1157 3885 1451 3944 Λοπάδιον.
1487 3888 1618 3944 Μετ’
1649 3888 1714 3941 οὐ
1748 3886 1894 3943 πολὺ
1926 3885 1984 3941 δὲ

317 3985 409 4040 καὶ
471 3992 575 4054 τῆς
639 3977 1085 4058 γυναικωνίτιδος
1152 3976 1402 4048 ἐξιούσης
1466 3977 1565 4044 τὴν
1631 3975 1820 4045 πόλιν,
1886 3978 1983 4037 τὰς

319 4075 564 4149 Ὀχυρᾶς
596 4070 876 4145 ἐδείματο,
925 4070 1023 4138 τὴν
1078 4067 1137 4122 ἐκ
1187 4071 1298 4121 τῶν
1351 4063 1635 4137 πολεμίων
1672 4063 1979 4139 ἐκεχειρίαν

320 4166 399 4228 εἷς
467 4167 530 4219 τὸ
596 4165 671 4237 μὴ
734 4162 914 4231 πάντη
974 4159 1282 4234 ἀξύμφορον
1339 4154 1639 4228 Ῥωμαίοις
1699 4153 1978 4218 διατιθείς,

318 4249 699 4329 Ἐμϐραὸὗναι
748 4252 808 4307 δὲ
870 4254 987 4313 τοῖς
1073 4247 1265 4309 τόποις
1322 4245 1541 4306 τούτοις
1598 4241 1985 4318 διανοούμενος

317 4347 421 4414 τήν
481 4344 736 4419 στρατιὰν
795 4342 1148 4417 ἀθροισθῆναι
1205 4333 1526 4413 ὃιετετάχει.
1588 4335 1689 4391 Καὶ
1721 4337 1755 4404 ἡ
1793 4335 1888 4406 μὲν
1931 4334 1985 4389 ἐν

320 4436 711 4507 θεσπισμάτων
782 4428 1081 4508 βασιλείων
1156 4428 1435 4499 συνήγετο,
1513 4423 1675 4485 αὐτὸς
1736 4421 1792 4478 δὲ
1849 4424 1985 4478 κατὰ

314 4529 485 4579 τοῦτο
542 4524 606 4577 τὸ
663 4521 823 4599 ἔργον
882 4519 958 4583 ὠς
1034 4514 1292 4572 οὐδέποτε
1360 4517 1476 4573 τοῖς
1535 4511 1982 4585 στρατευομένοις

320 4613 706 4688 ἀσυγγνώμων
763 4607 915 4679 ἔδοξε
972 4606 1061 4661 καὶ
1123 4605 1290 4679 βαρὺς
1347 4602 1438 4657 καὶ
1491 4603 1555 4655 τὸ
1613 4599 1779 4656 πλέον
1843 4600 1984 4674 μηδὲ

322 4702 500 4776 μέτρα
555 4699 896 4773 ἐκστρατείας
952 4694 1133 4765 είδὼς,
1192 4694 1266 4754 ὡς
1322 4688 1476 4765 εἴπερ
1532 4688 1759 4745 ἐλάϐετο
1815 4690 1851 4760 ἢ
1885 4690 1984 4746 οὐκ

2088 3538 2283 3592 Persas
2301 3539 2360 3593 in
2384 3547 2658 3611 patentes
2680 3558 2920 3612 campos
2936 3542 3113 3612 juxta
3134 3540 3482 3612 Sangarium
3506 3539 3749 3593 fluvium

2091 3626 2379 3696 impetum
2410 3629 2711 3691 fecissent,
2746 3631 3015 3698 quamvis
3058 3644 3305 3699 corpore
3336 3644 3510 3699 aeger,
3544 3626 3744 3680 statim

2091 3715 2288 3769 exivit.
2322 3718 2408 3770 lta
2436 3717 2704 3774 hostibus
2736 3732 2841 3772 sua
2863 3718 3182 3789 praesentia
3211 3715 3433 3771 territis
3465 3719 3524 3768 et
3552 3713 3747 3768 omnis

2089 3804 2325 3875 generis
2356 3805 2670 3873 pecoribus
2700 3805 2945 3865 abactis.
2977 3804 3298 3875 Lopadium
3330 3802 3595 3859 recessit.
3619 3802 3747 3855 Non

2092 3892 2279 3946 multo
2310 3899 2462 3962 post,
2491 3910 2625 3948 cum
2671 3895 2849 3949 etiam
2902 3893 3298 3964 Gynaeconitis
3329 3891 3474 3947 urbe
3507 3889 3749 3956 exisset,

2092 3980 2463 4036 munitiones
2493 3982 2860 4049 instauravit,
2894 3982 3014 4036 otio
3060 3981 3218 4051 quod
3249 3997 3283 4035 a
3308 3978 3462 4034 bello
3497 3977 3750 4032 dabatur

2092 4069 2157 4123 in
2183 4069 2268 4124 rei
2298 4070 2552 4140 publica
2605 4070 2984 4127 commodum
3043 4086 3327 4125 converso
3358 4084 3370 4123 :
3434 4067 3651 4140 quibus
3683 4065 3747 4120 in

2090 4157 2240 4213 locis
2260 4175 2396 4215 cum
2419 4159 2774 4215 commorari
2798 4160 3121 4228 statuisset,
3144 4159 3406 4229 legiones
3429 4154 3746 4212 convenire

2082 4246 2286 4316 jussit.
2319 4248 2485 4311 Quod
2514 4248 2624 4303 etsi
2648 4264 2719 4302 ex
2740 4248 3018 4305 mandato
3042 4249 3172 4318 ejus
3195 4247 3394 4314 fiebat,
3420 4252 3618 4301 tamen
3642 4243 3749 4299 mi-

2092 4334 2226 4390 lites
2258 4335 2427 4391 nulla
2455 4352 2722 4408 unquam
2750 4355 2812 4393 re
2838 4356 2899 4393 se
2924 4338 3110 4409 magis
3134 4342 3409 4394 oneratos
3433 4351 3562 4390 esse
3585 4339 3749 4405 puta-

2090 4423 2254 4489 bant,
2275 4425 2434 4495 quod
2457 4426 2901 4497 expeditionum
2925 4426 3158 4483 nullum
3182 4426 3360 4480 sciret
3382 4424 3624 4478 modum
3647 4426 3749 4475 aut

2091 4513 2313 4569 oblitus
2342 4522 2519 4582 esset,
2554 4522 2657 4573 aut
2684 4533 2805 4572 non
2844 4520 3147 4587 reputaret
3178 4517 3473 4570 Romanos
3506 4511 3748 4566 tertium

2092 4620 2315 4660 annum
2348 4606 2408 4661 in
2440 4607 2613 4663 bellis
2666 4608 3063 4664 Orientalibus
3102 4605 3562 4675 consumpsisse.
3596 4600 3749 4656 Illud

2092 4710 2225 4749 vero
2245 4694 2293 4765 ej
2304 4710 2372 4748 us
2392 4696 2597 4752 odium
2620 4695 3187 4769 exasperabat,quod
3204 4693 3374 4750 multi
3395 4692 3519 4748 mili
3530 4691 3746 4762 tes,qui

317 4787 605 4861 ἓνενόησεν
665 4790 741 4852 ὡς
792 4785 1013 4863 τρισσὸν
1070 4782 1189 4846 ἔτος
1240 4782 1295 4837 ἓν
1353 4785 1468 4842 τοῖς
1521 4779 1680 4851 ἑῴοις
1709 4777 1981 4852 πολέμοις

2095 4797 2231 4837 eum
2254 4782 2316 4836 in
2340 4784 2565 4853 Syriam
2592 4786 2778 4840 secuti
2808 4790 2996 4851 erant,
3020 4800 3085 4839 re
3112 4782 3439 4838 domestica
3474 4778 3745 4837 nondum

320 4882 600 4952 Ῥωμαῖοι
658 4877 975 4954 διήνεγκαν.
1033 4874 1111 4931 Τὸ
1167 4870 1225 4927 δὶ
1281 4869 1417 4946 πρὸς
1474 4866 1744 4943 ἄρρηκτον
1776 4867 1982 4923 ὶκείνου

321 4968 491 5045 ἔχθος
539 4962 617 5025 ἔτι
668 4965 890 5042 μᾶλλον
952 4961 1191 5036 ἐκμῆναν
1244 4960 1310 5029 ἦν
1372 4959 1458 5013 δτι
1514 4956 1724 5013 πολλοὶ
1766 4963 1875 5013 τῶν
1906 4957 1981 5021 είς

323 5057 519 5132 Συρίαν
582 5049 1006 5114 συναναϐάντων
1059 5052 1244 5121 ἐκείνῳ
1299 5049 1646 5120 στρατιωτῶν
1708 5048 1877 5118 μήπω
1918 5050 1983 5102 τὸ

325 5147 464 5205 cum,
529 5147 860 5226 βλέψαντες,
929 5139 1071 5195 ἀλλὰ
1139 5139 1286 5210 νόσῳ
1343 5136 1744 5226 σώματοςκαὶ
1799 5137 1981 5190 σπάνει

324 5243 424 5295 τῶν
487 5223 805 5314 ἀναγκαίων
869 5230 959 5286 καὶ
1036 5233 1210 5305 φθορᾷ
1270 5226 1377 5281 τῶν
1441 5223 1744 5298 ὀχημάτων
1804 5224 1854 5278 ἐν
1913 5228 1981 5295 τῇ

321 5313 1023 5407 δδοιπορίᾳῗχρονίσαντες,
1081 5316 1450 5392 ἠναγκάζοντο
1509 5315 1583 5384 μή
1642 5316 1750 5366 τῶν
1786 5313 1984 5386 πατρί-

316 5420 416 5481 δων
471 5405 684 5499 βαίνειν
752 5412 910 5482 simia,
972 5409 1097 5467 ἀλλ’
1154 5407 1278 5464 ἔνθα
1339 5409 1667 5499 κατασκηνοῖ
1725 5405 1980 5499 βασιλεὺς

312 5491 659 5589 μεταέσίνείν
698 5505 811 5563 ὑπὸ
856 5505 965 5556 τῶν
1012 5496 1290 5573 ἐπιμελῶς
1337 5495 1431 5558 τὰς
1476 5491 1635 5555 ὁδοὺς
1667 5493 1978 5568 τηρούντων

306 5581 389 5661 iul
462 5606 566 5665 τὰς
646 5592 986 5651 θαλαττίους
1034 5588 1352 5663 περαιώτεις
1411 5581 1867 5642 ἐπισκοπούντων.
1920 5585 1978 5642 Ὁ

304 5692 358 5754 δὲ
406 5698 487 5771 μὴ
522 5689 762 5767 ἀγνοεῖν
828 5674 974 5751 ἔχων
1032 5678 1093 5731 τὸ
1147 5679 1249 5729 τοῦ
1306 5674 1625 5748 γογγυσμοῦ
1655 5669 1855 5743 αἶ’τιον,
1886 5673 1979 5727 τὸν

2094 4873 2191 4929 45
2218 4872 2363 4937 visa,
2397 4875 2500 4929 sed
2533 4891 2602 4930 ex
2635 4875 2842 4931 morbo
2895 4875 3159 4946 corporis
3205 4879 3264 4930 et
3303 4872 3554 4945 penuria
3582 4887 3748 4927 com-

2095 4967 2326 5017 meatus
2356 4968 2414 5016 et
2436 4964 2673 5034 jactura
2702 4980 2991 5034 equorum
3023 4964 3085 5020 in
3121 4965 3336 5019 itinere
3367 4961 3604 5026 morati,
3637 4960 3744 5017 de-

2095 5052 2334 5106 flectere
2356 5068 2391 5106 a
2420 5053 2611 5124 patria
2641 5060 2699 5108 et
2728 5053 2803 5108 ad
2834 5056 3255 5126 imperatorem
3290 5053 3395 5120 ire,
3429 5052 3502 5107 ab
3538 5051 3611 5105 iis
3642 5050 3745 5121 qui

2094 5142 2214 5195 vias
2267 5139 2581 5213 diligenter
2610 5143 2963 5200 obsidebant
2992 5148 3050 5199 et
3080 5149 3285 5215 pertus
3334 5138 3745 5203 observabant,

2094 5228 2476 5299 cogebantur.
2504 5233 2719 5287 Verum
2741 5234 2868 5303 ipse
2895 5250 3029 5289 cum
3062 5232 3488 5303 indignationis
3510 5242 3749 5283 causam

2092 5318 2364 5390 ignorare
2389 5335 2510 5374 non
2533 5326 2752 5391 posset,
2776 5322 3317 5393 ignorationem,ne
3339 5319 3745 5385 contemptum

2093 5406 2308 5473 dicam,
2344 5406 2657 5473 simulans,
2691 5415 2749 5463 et
2777 5410 2912 5465 illos
2942 5410 3146 5465 inania
3174 5408 3350 5463 verba
3380 5404 3626 5461 fundere
3659 5400 3744 5454 si-

2092 5511 2262 5556 nens,
2297 5493 2634 5552 institutum
2689 5510 2859 5553 suum
2918 5498 3181 5571 urgebat.
3218 5494 3460 5550 Dicebat
3488 5490 3646 5545 enim
3677 5504 3739 5540 se

2092 5582 2306 5640 milites
2339 5581 2558 5641 habere
2592 5588 2761 5653 velle,
2786 5588 2883 5658 qui
2908 5587 3061 5642 idem
3096 5584 3253 5655 quod
3285 5583 3407 5654 ipse
3439 5578 3743 5634 vellent,et

2090 5673 2535 5732 continentibus
2564 5674 3037 5747 expeditionibus
3068 5689 3187 5731 non
3225 5669 3612 5743 fatigarentur
3640 5663 3745 5717 aut
