4150 6292
437 368 554 431 359

1749 361 1794 419 Ν
1803 359 2053 421 ΙΟΕΤᾸΞ
2095 357 2522 420 ΟΗΟΝΙΑΤιΕ

3731 365 3852 428 360

437 509 872 580 frangerentur.
904 504 1048 558 Cum
1080 501 1278 555 autem
1309 497 1618 565 barbaros,
1652 497 1752 566 qui
1785 496 1846 551 in
1878 498 2055 550 Arme

2167 557 2168 561 η
2202 492 2302 548 οὐκ
2331 491 2514 548 εἷ’δότα
2544 495 2951 568 πλαττόμενος,
3000 495 3094 550 ’ίνα
3154 497 3230 568 μή
3291 495 3517 572 λέγοιμι
3543 499 3636 554 τὸν
3669 498 3851 572 μηδα-

439 599 744 654 niacorum
781 591 1142 665 provinciam
1195 589 1549 658 irruperant,
1582 585 1806 651 ulcisci,
1843 591 1901 640 et
1929 586 2086 640 Con-

439 687 770 743 stantinum
795 681 1064 745 Gabram,
1094 679 1269 748 longo
1287 675 1413 746 jam
1437 681 1702 746 tempore
1727 675 2087 745 Trapezunte

437 774 761 847 potientem
821 786 889 825 ac
945 785 1050 840 pro
1108 772 1358 837 tyranno
1416 781 1477 818 se
1517 768 1842 835 gerentem,
1875 779 2084 834 capere

433 861 756 927 statuisset,
788 873 894 929 per
927 854 1368 927 Paphlagonum
1393 851 1722 908 convallem
1749 852 1862 905 iter
1884 851 2084 906 inten-

431 949 536 1018 dit,
569 954 636 1004 ut
664 948 1042 1004 continenter
1071 961 1178 1016 per
1211 942 1509 998 maritima
1543 941 1711 996 Ponti
1747 941 1875 995 loca
1905 942 2082 1011 proti-

433 1041 791 1095 cisceretur:
822 1035 1001 1106 idque
1033 1032 1262 1088 duabus
1293 1032 1364 1086 de
1395 1030 1764 1098 causis,utet
1789 1029 2084 1083 exercitus

433 1145 463 1184 e
497 1129 618 1184 suis
648 1125 966 1199 provinciis
997 1127 1396 1179 commeatum
1437 1125 1686 1191 peteret,
1721 1125 1778 1173 et
1809 1119 1856 1173 si
1891 1133 2084 1189 pugna

435 1213 861 1272 committenda
891 1217 1063 1276 esset,
1098 1228 1166 1266 ea
1197 1210 1268 1265 ab
1301 1225 1422 1264 una
1453 1208 1738 1263 duntaxat
1775 1213 1938 1278 parte
1970 1207 2085 1260 im—

433 1307 689 1361 mineret
734 1321 843 1359 nec
891 1320 926 1358 a
974 1299 1480 1356 circumventione
1535 1297 1858 1368 quidquam
1924 1295 2080 1365 peri-

432 1395 546 1451 culi
573 1399 746 1451 esset.
779 1395 922 1448 Nam
954 1387 1493 1458 Muchumetus,qui
1526 1392 1650 1441 tum
1678 1387 1943 1440 Caesarea
1975 1400 2079 1455 po-

428 1484 708 1547 tiebatur,
743 1480 815 1536 de
847 1497 962 1551 quo
994 1495 1173 1550 supra
1205 1476 1486 1545 diximus,
1547 1473 1821 1530 maximis
1871 1472 2084 1545 Opibus

429 1572 695 1644 pollebat
723 1574 781 1624 et
813 1569 1016 1624 Iberia;
1068 1572 1298 1639 partem
1350 1564 1667 1634 subegerat
1696 1579 1762 1618 ac
1791 1561 2082 1617 nonnulla

429 1659 866 1732 Mesopotamiae
884 1658 1014 1713 loca
1027 1657 1128 1711 46
1143 1655 1202 1709 in
1219 1653 1581 1709 deditionem
1599 1652 1988 1722 acceperat.Is
2007 1649 2080 1704 ad

429 1755 720 1805 vetustam
742 1745 1159 1802 Arsacidarum
1176 1741 1762 1798 etTanismaniorum
1777 1745 2078 1796 recentem

2199 584 2317 654 μῶς
2377 582 2762 658 ἐμπαζομενον
2841 586 3260 658 ὖποκριόμενος,
3319 585 3556 650 ἐκείνους
3611 591 3706 662 μὲν
3770 589 3852 646 ε’ἶα

2192 679 2538 750 κενοφωνεῖν,
2569 674 2730 736 αὐτὸς
2774 671 2832 730 δὲ
2877 681 2979 744 τῆς
3027 675 3334 751 προθέσεως
3387 676 3592 751 εἴχετο,
3654 679 3847 752 βούλε-

2193 772 2316 825 σθαι
2372 761 2547 836 λεγων
2626 758 2772 838 ἔχειν
2846 765 2976 826 τοὺς
3045 765 3380 840 στρατιώτας
3441 765 3847 832 συσπουδαστὰς

2192 849 2281 904 καὶ
2343 849 2618 924 μηδαμῶς
2679 859 2800 916 ταῖς
2856 854 3136 929 συνεχέσιν
3189 851 3478 927 ἐκδημίαις
3541 855 3844 913 ἀπαυδοῦν.

2189 959 2287 1002 τας
2341 939 2430 994 καὶ
2499 940 2919 1002 ἀποκναίοντας.
2989 943 3324 1014 Προθὲμενος
3403 940 3458 998 δὲ
3564 947 3840 1019 μετελθεῖν

2189 1028 2314 1089 τοὺς
2383 1029 2518 1083 κατᾶ
2581 1031 2644 1084 τὸ
2696 1031 2834 1103 θέμα
2890 1036 3000 1084 τῶν
3073 1032 3446 1105 Ἀρμενιακῶν
3513 1038 3843 1110 παρεισφθα-

2193 1115 2381 1190 ρόντας
2443 1114 2770 1194 βαρϐάρους,
2831 1117 2944 1192 ἃμα
3027 1117 3086 1174 δὲ
3140 1121 3231 1174 καὶ
3287 1125 3694 1178 Κωνσταντῖνον
3748 1125 3838 1180 τὸν

2191 1201 2398 1282 Γαϐρᾶν
2457 1215 2746 1284 κατασχεῖν
2808 1210 3004 1285 χρόνον
3054 1207 3162 1280 ἤδη
3229 1212 3428 1288 συχνὸν
3483 1214 3582 1280 τήν
3633 1216 3838 1286 Τραπε-

2192 1301 2387 1363 ζοῦντα
2443 1298 2920 1372 ὑποποιησάμενον
2981 1301 3070 1356 καὶ
3144 1299 3296 1370 ’ἤθεσι
3352 1308 3694 1376 τυραννικοῖς
3752 1306 3838 1360 αὖ·

2185 1386 2284 1453 τήν
2315 1383 2644 1464 διεξάγοντα,
2688 1387 2776 1444 διὰ
2813 1394 2912 1454 τῆς
2965 1391 3072 1444 τῶν
3125 1390 3496 1466 Παφλαγόνων
3527 1395 3838 1470 συναγκείας

2184 1475 2282 1542 τήν
2315 1477 2537 1549 πορείαν
2567 1477 2780 1546 τίθησιν
2841 1479 2920 1533 ἀεὶ
2975 1483 3082 1534 τῶν
3139 1483 3234 1534 τοῦ
3292 1481 3498 1534 [Ιόντου
3553 1481 3838 1554 παραλίων

2185 1561 2365 1617 τόπων
2421 1561 2656 1640 βαδίζειν
2727 1565 2970 1644 ἐχόμενα
3011 1564 3160 1621 δυοῖν
3215 1563 3390 1635 ἕνεκα,
3419 1573 3516 1623 τοῦ
3545 1571 3593 1624 τ’
3623 1569 3684 1624 ἐκ
3739 1570 3834 1637 τῆς

2187 1651 2388 1716 οἰκείας
2420 1654 2609 1729 χώρας
2663 1655 2760 1721 τήν
2822 1657 3074 1728 στρατιὰν
3135 1657 3186 1709 οἱ
3239 1656 3550 1730 πορίζεσθαι
3589 1658 3658 1712 τὰ
3698 1660 3838 1732 βιώ-

2187 1760 2342 1812 σιμα,
2401 1741 2490 1795 καὶ
2551 1741 2595 1796 εἰ
2655 1740 2834 1812 δεήσει
2895 1742 3152 1817 συρῥῆξαι
3211 1743 3478 1817 πόλεμον,
3538 1747 3675 1801 κατὰ
3708 1747 3832 1818 μίαν

430 1839 675 1910 stirpem
705 1853 890 1908 genus
921 1835 1236 1900 referebat,
1270 1833 1368 1903 qui
1410 1830 1774 1886 Tanismanii
1808 1830 2056 1883 homine:

2191 1834 2386 1902 μοῖραν
2427 1825 2574 1900 ἔχειν
2636 1830 2794 1885 αὐτὸν
2856 1831 3213 1904 ἐπικείμενον,
3267 1832 3391 1888 ἀλλ’
3424 1833 3521 1889 οὐκ
3570 1835 3622 1905 ἐξ
3653 1837 3835 1890 ἐκοιτὲ-

425 1927 678 1983 audaces
715 1932 772 1982 et
799 1924 1069 1982 bellicosi
1090 1927 1279 1988 erant,
1305 1927 1585 1976 eteorum
1617 1919 1717 1989 qui
1739 1917 2070 1972 Orientales

423 2018 826 2072 Romanorum
857 2013 1036 2068 urbes
1065 2016 1346 2083 ceperant
1366 2007 1765 2080 potentissimi
1797 2007 1850 2060 ei
1882 2006 2074 2077 impu-

426 2104 782 2160 dentissimi.
807 2105 955 2157 Vere
977 2103 1152 2173 igitur
1173 2101 1301 2170 jam
1334 2102 1604 2166 exeunte,
1628 2097 1952 2167 imperator
1976 2096 2076 2150 Lo-

420 2192 597 2264 padio
615 2191 895 2257 discedit;
921 2195 978 2244 et
999 2189 1161 2244 omni
1185 2187 1384 2242 aestivo
1405 2191 1668 2256 tempore
1685 2183 2073 2254 autumnique

418 2287 586 2353 parte
611 2279 1113 2352 temperatissima
1135 2278 1198 2331 in
1221 2293 1289 2330 eo
1313 2276 1524 2330 itinere
1549 2274 1938 2344 consumptis,
1964 2273 2071 2328 sub

418 2371 738 2427 hibernum
793 2369 1115 2425 solstitium
1148 2367 1209 2420 in
1251 2366 1399 2421 urbe
1427 2365 1673 2420 Pontica
1701 2364 1917 2429 Quinta
1948 2364 2069 2418 bic-

419 2462 620 2516 mavit.
652 2461 792 2516 Inde
851 2459 1129 2515 hostilem
1179 2473 1385 2530 agrum
1429 2471 1706 2528 egressus
1750 2453 1938 2509 multa
1977 2455 2069 2508 in-

420 2549 733 2605 commoda
763 2547 1006 2621 pertulit
1031 2565 1044 2615 ;
1095 2562 1235 2601 nam
1266 2550 1326 2600 et
1353 2548 1690 2600 commeatu
1720 2559 1870 2614 pene
1903 2543 2064 2597 omni

417 2639 736 2694 destitutus
768 2642 876 2704 est,
939 2642 997 2692 et
1045 2637 1323 2708 jumenta
1379 2639 1499 2690 tam
1557 2633 1843 2688 bellicosa
1885 2649 2063 2703 quam

415 2730 664 2785 sarcinis
695 2727 970 2799 gerendis
1010 2731 1146 2798 apta
1191 2724 1459 2781 funditus
1516 2724 1842 2795 perierunt.
1895 2721 2062 2778 Unde

411 2819 612 2874 hostes
645 2818 862 2874 ﬁducia
907 2821 1213 2888 resumpta
1262 2815 1425 2888 (nam
1473 2813 1632 2869 fama
1661 2813 1812 2868 nihil
1843 2812 2063 2883 imper-

408 2909 755 2980 vestigatum
787 2913 888 2962 aut
907 2907 1203 2962 occultum
1226 2903 1391 2970 sinit)
1413 2903 1616 2977 multis
1641 2901 2059 2974 inexspectatis

406 2995 900 3068 impressionibus
961 2995 1259 3050 latronum
1319 3009 1482 3047 more
1544 2992 1888 3057 irruebant;
1945 2989 2055 3044 ali-

407 3087 642 3156 quando
675 3087 854 3140 etiam
884 3089 1086 3154 aperto
1114 3085 1290 3136 Marte
1317 3083 1618 3136 Romanos
1648 3079 2056 3151 aggredientes

403 3175 730 3244 phalanges
761 3189 966 3228 eorum
1007 3171 1231 3225 crebris
1288 3169 1664 3224 detrimentis
1695 3169 2048 3222 afticiebant.
2084 3209 2126 3275 Ο

397 3263 593 3316 Instar
615 3261 774 3315 enim
799 3261 996 3314 densae
1019 3258 1196 3312 nubis
1219 3257 1413 3312 subito
1436 3257 2050 3326 irruentes,equorum

397 3349 706 3405 velocitate
738 3347 894 3416 freti,
929 3365 960 3402 e
991 3345 1188 3401 medio
1218 3345 1599 3412 recedebant,
1633 3343 1876 3415 perinde
1907 3361 1972 3399 ac
2004 3346 2052 3399 si

396 3443 710 3493 ventorum
763 3437 906 3492 ﬂatu
963 3435 1399 3491 attollerentur.
1455 3435 1783 3504 Imperator
1813 3449 1946 3488 vero
1988 3441 2054 3489 ut

401 3527 632 3584 cladem
663 3525 996 3594 resarciret,
1040 3524 1262 3596 passim
1319 3523 1382 3578 in
1440 3521 1702 3577 exercitu
1732 3538 2050 3594 generosos

401 3635 586 3691 equos
617 3616 1036 3689 conquirebat;
1073 3615 1262 3686 iisque
1282 3615 1439 3668 inter
1461 3613 1883 3684 Romanos,qui
1915 3630 2049 3669 con-

400 3714 490 3764 tos
515 3710 671 3764 ferre
694 3710 928 3768 norant,
965 3721 1032 3760 ac
1055 3703 1290 3758 Latinos
1320 3703 1416 3758 47
1452 3702 1829 3774 potissimum
1850 3702 1912 3756 in
1939 3703 2048 3758 cir-

397 3799 780 3873 cumagendis
803 3799 990 3854 hastis
1011 3797 1270 3862 dextros,
1295 3794 1842 3864 distributis,aciem
1871 3795 2045 3850 robu-

394 3895 546 3945 stam
568 3887 838 3944 hostibus
858 3882 1340 3956 opponebatqui,
1365 3899 1501 3936 cum
1523 3881 1828 3936 hastarum
1860 3882 1938 3936 im
1948 3899 2042 3952 pe-

392 3982 517 4033 tum
550 3979 704 4032 ferre
734 3993 856 4030 non
893 3977 1155 4045 possent,
1189 3973 1251 4026 in
1281 3972 1478 4043 fugam
1511 3970 1907 4026 vertebantur.
1941 3971 2040 4026 His

389 4066 570 4138 igitur
599 4065 848 4131 artibus,
881 4068 939 4117 et
975 4063 1116 4132 quia
1143 4060 1384 4131 plurimi
1415 4059 1645 4131 pedites
1675 4059 1890 4112 vexilla
1917 4075 2040 4114 sus-

390 4153 662 4207 tinebant
691 4151 765 4206 ad
795 4150 1083 4218 majorem
1132 4148 1428 4217 equitatus
1475 4147 1732 4218 speciem
1766 4146 2036 4216 prmben-

389 4241 524 4297 dam
535 4239 808 4311 ,repulsis
822 4237 1072 4292 Persicis
1086 4237 1763 4302 turmis,Neoc-msaream
1779 4235 2036 4304 perrexit

377 4331 550 4402 juxta
581 4345 758 4402 quam
792 4325 1145 4382 etiaminter
1171 4325 1382 4380 Persas
1415 4331 1470 4379 et
1501 4327 1795 4379 Romanos
1826 4323 2032 4378 crebro

383 4425 471 4475 est
501 4418 870 4483 dimicatum,
891 4419 950 4470 et
969 4414 1346 4485 imperatoris
1368 4413 1578 4484 junior
1597 4412 1754 4466 ﬁlius
1777 4412 2031 4480 Manuel,

381 4509 611 4564 hastam
644 4511 882 4580 gestans
915 4508 973 4559 et
1021 4509 1187 4574 patre
1237 4502 1427 4556 inscio
1459 4502 1630 4571 longe
1663 4515 2028 4572 progressus,

2141 4076 2258 4122 σαν,

2137 4143 2547 4218 ἀνεξερεύνητόν
2611 4167 2670 4201 τε

2138 4233 2354 4304 ρύκτοις
2413 4231 2621 4308 ἐχρῆτο
2681 4241 2926 4310 συχναῖς,
2982 4237 3072 4292 καὶ
3158 4236 3480 4312 λῃστρικοῖς
3555 4237 3786 4305 ἐπιτιθὲ-

2137 4342 2294 4393 μενον
2358 4320 2690 4396 κλεμμασιν,
2748 4322 2974 4398 ἒνιαχοῦ
3033 4323 3091 4380 δὲ
3159 4327 3248 4380 καὶ
3315 4325 3612 4402 προδήλως
3671 4327 3788 4384 δια·-

2135 4411 2492 4482 μιλλώμενον
2557 4412 2693 4466 κατὰ
2762 4413 2952 4486 μάχην
3019 4412 3268 4484 ἐνώπιον,

2128 4497 2419 4570 Ῥωμαίων
2474 4495 2801 4570 ἐλυμαίνετο
2876 4499 3176 4578 φάλαγγας·
3251 4505 3386 4558 κατᾶ
3457 4507 3558 4580 γὰρ
3627 4506 3786 4584 νέφος

2189 1938 2294 1990 ρων
2331 1923 2508 1992 μερῶν
2535 1920 2932 1995 περικείμενον,
2989 1923 3266 1984 κάντεῦοεν
3318 1924 3452 1997 πρὸς
3482 1923 3834 1998 περικύκλω-

2187 2028 2268 2061 σιν
2328 2006 2659 2078 ἐπιτήδειον,
2718 2011 2819 2066 Ἦν
2879 2011 2984 2088 γὰρ
3042 2012 3070 2066 ὁ
3129 2011 3229 2078 τῆς
3263 2014 3588 2086 Καισαρείας
3619 2017 3699 2088 [Ρ.

2180 2095 2302 2150 τότε
2351 2102 2562 2170 κρατῶν
2621 2099 2981 2172 Μουχοῦμετ,
3041 2101 3163 2174 περὶ
3233 2099 3294 2154 οὗ
3352 2101 3520 2156 εἰπεῖν
3565 2097 3822 2180 ἕφθημεν,

2180 2183 2442 2256 πλείστην
2495 2185 2577 2241 ὅτι
2632 2183 3098 2262 περιϐεϐλημένος
3157 2189 3338 2264 ἰσχὺν,
3403 2191 3565 2266 μέρος
3621 2213 3681 2246 τε
3727 2200 3825 2261 τῆς

2181 2269 2422 2350 Ἰϐηρίας
2480 2275 2893 2351 ὑπαγαγόμενος
2951 2278 3040 2331 καὶ
3094 2272 3209 2333 ἔνια
3264 2286 3362 2347 τῆς
3412 2285 3522 2335 τῶν
3564 2287 3822 2352 ποταμῶν

2181 2362 2348 2436 μέσης
2405 2365 2912 2440 παραστησάμενος,
2995 2368 3056 2423 τὸ
3137 2369 3231 2441 μὲν
3306 2365 3504 2433 ἄνωθεν
3563 2369 3712 2444 γένος
3765 2370 3816 2432 ἐς

2175 2451 2302 2515 τοὺς
2332 2452 2650 2528 Ἀρσακίδας
2693 2453 3174 2533 συναλειφόμενος,
3233 2457 3294 2511 τὸ
3355 2455 3410 2512 δὲ
3469 2458 3723 2532 προσεχὲς
3751 2455 3809 2510 ἐκ

2175 2543 2554 2616 Τανισμανίων
2595 2545 2986 2620 καταγόμενος·
3039 2547 3175 2616 ἦσαν
3225 2544 3270 2601 δ’
3320 2549 3474 2604 αὗτοι
3521 2546 3805 2621 τολμητίαι

2171 2632 2262 2687 καὶ
2322 2631 2599 2706 ἀνδρισταὶ
2649 2635 2739 2688 καὶ
2849 2639 2956 2690 τῶν
3045 2636 3470 2711 χειρωσαμένων
3527 2638 3621 2699 τὰς
3679 2636 3809 2710 ἑῴας

2171 2719 2359 2784 πόλεις
2445 2721 2730 2795 Ῥωμαίων
2813 2723 2866 2778 οἱ
2944 2723 3184 2796 μάλιστα
3267 2726 3548 2799 κράτιστοί
3612 2747 3670 2782 τε
3725 2727 3814 2781 καὶ

2169 2807 2539 2866 ἀναιδὲστατοι
2602 2814 2732 2884 (32).
2793 2813 2991 2886 Ἐαρος
3051 2815 3143 2886 μὲν
3206 2814 3304 2868 οὗν
3362 2813 3656 2890 ὑπολήγειν
3715 2815 3811 2890 ἀρ-

2166 2897 2414 2969 ξαμένου,
2473 2903 2569 2954 τοῦ
2629 2897 2904 2956 Λοπαδίου
2967 2901 3221 2977 βασιλεὺς
3283 2901 3662 2975 ἀπανίσταται,
3713 2908 3811 2976 τήν

2166 2983 2222 3039 δὲ
2254 2987 2459 3062 οὲρειον
2515 2992 2686 3042 πᾶσαν
2744 2988 2888 3064 ὥραν
2945 2991 3036 3044 καὶ
3095 2995 3190 3046 τοῦ
3257 2993 3582 3066 μετοπώρου
3630 2994 3693 3048 τὸ
3725 2993 3813 3048 εὖ·

2163 3075 2322 3147 κραές
2382 3075 2434 3129 ἐν
2491 3079 2561 3148 τῇ
2622 3075 2910 3152 ὁδοιπορίᾳ
2965 3077 3096 3153 τῇδε
3160 3081 3630 3156 κατατριψὰμενος
3687 3081 3810 3156 περὶ

2163 3164 2366 3235 τροπὰς
2423 3162 2746 3234 ἐνηυλίσατο
2822 3168 3140 3242 χειμερίους
3221 3169 3380 3224 πόλει
3451 3175 3684 3244 Ποντικῇ
3740 3175 3808 3245 τῇ

2165 3255 2350 3325 Κιντῇ.
2383 3255 2468 3326 Τῇ
2525 3251 2770 3328 πολεμίᾳ
2823 3254 2869 3310 δ’
2917 3255 2977 3310 ἐκ
3021 3256 3180 3312 τοῦδε
3218 3253 3548 3334 προσϐαλὼν
3581 3258 3632 3314 ἐν
3666 3258 3810 3315 πολ-

2159 3339 2278 3402 λοῖς
2353 3339 2775 3418 ἒδυσπράγησεν.
2851 3347 3004 3400 Ἔστι
3057 3347 3154 3419 μὲν
3199 3346 3300 3420 γὰρ
3374 3347 3463 3402 καὶ
3523 3345 3713 3412 ἄλλως
3767 3353 3802 3419 ἡ

2157 3429 2538 3487 Καππαδοκῶν
2599 3434 2758 3508 χώρα
2815 3433 3116 3508 κρυμὼδης
3175 3441 3338 3503 πᾶσα,
3398 3437 3490 3492 καὶ
3536 3439 3597 3494 τὸ
3627 3439 3803 3510 κλίμα

2154 3525 2316 3576 τοῦτο
2368 3523 2627 3600 ψυχεινὸν
2688 3523 2778 3578 καὶ
2838 3524 3188 3598 δριμύτατον·
3245 3526 3366 3582 τότε
3426 3525 3482 3582 δὲ
3535 3529 3626 3584 καὶ
3675 3550 3798 3608 χει-

2155 3613 2336 3682 μῶνος
2398 3611 2789 3687 ἐπιγενομένου
2869 3613 3069 3684 ἀήθους
3157 3615 3526 3691 πολυτρόποις
3609 3622 3799 3680 κακοῖς

2149 3699 2576 3774 προσεπάλαισε.
2637 3701 2720 3758 Τὰ
2765 3723 2824 3756 τε
2880 3705 2984 3779 γὰρ
3047 3705 3185 3780 πρὸς
3246 3701 3454 3760 δίαιταν
3512 3703 3796 3776 ἐπιτήδεια

2150 3787 2344 3863 σχεδὸν
2400 3790 2475 3852 εἷς
2529 3789 2690 3852 τέλος
2763 3789 3032 3860 ἒξὲλιπον,
3093 3793 3184 3848 καὶ
3235 3798 3342 3848 τῶν
3405 3793 3558 3864 ζώων
3619 3795 3794 3850 ὁπόσα

2147 3879 2446 3958 σκευοφόρα
2498 3899 2556 3934 τε
2613 3879 2704 3934 καὶ
2761 3879 3192 3956 πολεμιοτήρια,
3269 3880 3532 3960 διεφθάρη
3593 3885 3790 3939 παντά-

2143 3987 2294 4024 πασι.
2332 3968 2443 4024 Κὰκ
2480 3964 2641 4022 τοῦδε
2696 3968 2758 4022 τὸ
2818 3966 3122 4044 ἀλλόθρουν
3178 3969 3449 4034 πλειόνως
3479 3971 3788 4049 ἀναθαρῥῆ-

2348 4053 2464 4108 ἐπεὶ
2551 4056 2642 4110 καὶ
2721 4055 2990 4133 ἄφθεγκόν
3078 4058 3188 4114 ἐστι
3257 4063 3326 4132 τῇ
3393 4063 3550 4134 φήμῃ
3620 4056 3788 4132 μηδὲν

2761 4147 2851 4200 καὶ
2912 4147 3310 4223 ἀνεξέλεγκτον,
3377 4147 3598 4227 ἐφόδοις
3664 4153 3792 4220 ἀκη-

3353 4415 3434 4470 ἆεὶ
3511 4419 3609 4479 τὰς
3677 4423 3784 4474 τῶν

379 4575 836 4669 impressionem
873 4595 932 4648 in
966 4593 1163 4648 hostes
1193 4591 1373 4655 fecit;
1421 4589 1601 4659 idque
1635 4588 2029 4645 adolescentis

2167 4588 2363 4662 ‘UVEX‘EC
2417 4588 2518 4656 τήν
2578 4587 2824 4644 σύστασιν
2901 4588 3252 4667 ἐφιστάμενον
3307 4593 3366 4648 ἐκ
3418 4599 3516 4649 τοῦ
3575 4575 3781 4668 αὐτίκα,

376 4687 607 4742 facinus
627 4687 752 4742 fere
774 4689 963 4740 totum
982 4681 1308 4738 exercitum
1326 4679 1402 4734 ad
1422 4677 1827 4733 dimicandum
1851 4695 2030 4750 supra

374 4775 528 4829 vires
587 4775 848 4844 impulit,
881 4772 1014 4827 aliis
1055 4769 1430 4826 simulatione
1483 4767 1765 4834 incitatis,
1799 4769 2028 4823 caeteris

378 4878 515 4917 vero
547 4863 824 4917 omnibus
855 4860 1215 4916 adolescenti
1266 4857 1688 4915 metuentibus.
1723 4861 1782 4912 et
1808 4856 1880 4912 ab
1914 4858 2024 4911 im-

375 4956 650 5023 peratore
681 4968 744 5005 se
774 4951 1094 5005 maximam
1115 4949 1360 5020 gratiam
1386 4947 1640 5003 inituros
1670 4947 1889 5016 ratis,si
1923 4963 2030 5002 sua

378 5056 560 5112 opera
589 5038 662 5094 ab
693 5039 856 5094 omni
907 5038 1167 5092 hostium
1213 5037 1441 5092 insultu
1473 5035 1912 5092 defenderetur.
1948 5037 2030 5090 Ac

379 5135 505 5184 tum
537 5133 708 5199 pater
745 5127 938 5182 ﬁlium
987 5126 1184 5198 palam
1226 5125 1503 5182 laudibus
1534 5127 1883 5196 prosecutus
1915 5128 2023 5177 est.

2137 4679 2206 4750 τῇ
2263 4672 2542 4747 ποδωκείᾳ
2597 4677 2860 4741 πεποιθὸς
2912 4682 3018 4734 τῶν
3071 4677 3278 4748 ἵππων,
3326 4688 3426 4751 τῆς
3473 4682 3786 4759 ὁμαιχμίας

2137 4763 2396 4842 ἀφίστατο
2455 4765 2530 4826 ὠς
2586 4763 2738 4839 εἷ’περ
2795 4765 3005 4840 ἀνέμων
3062 4775 3249 4832 πνοαῖς
3320 4769 3562 4844 ἐξῄρετο.
3624 4776 3786 4831 Βασι-

2139 4852 2264 4915 λεὺς
2297 4850 2375 4923 δὲ,
2406 4854 2468 4908 τὸ
2499 4858 2606 4909 τῶν
2635 4853 2846 4910 εῗππὼν
2906 4853 3210 4928 μεθοδεύυν
3241 4858 3524 4934 ἀτύχημα,
3557 4864 3782 4938 περιιὼν

2136 4941 2198 4996 τὸ
2260 4943 2565 5017 στράτευμα
2622 4944 2688 5000 τὰ
2747 4945 2933 5018 εὐγενῆ
2991 4951 3098 5002 τῶν
3155 4947 3458 5022 ὀχημάτων
3491 4956 3601 5024 (33)
3633 4952 3780 5008 συνέ-

2138 5028 2282 5105 λεγε,
2365 5031 2455 5086 καὶ
2538 5037 2704 5088 ταῦτα
2787 5030 3062 5096 διαδιδοὺς
3145 5036 3234 5092 καὶ
3293 5039 3591 5113 Ῥωμαίοις
3663 5044 3778 5115 μὲν,

2137 5119 2334 5174 ὁποσοι
2364 5129 2714 5200 κοντοφορεῖν
2762 5120 2982 5197 ᾔδεσαν,
3037 5130 3156 5188 τοῖς
3214 5125 3261 5180 δ’
3313 5127 3374 5182 ἐκ
3399 5135 3508 5185 τῶν
3540 5131 3778 5188 Λατίνων

1793 5303 1932 5358 Hier
1967 5301 2162 5358 Wolﬁi
2196 5307 2372 5357 notae.

447 5458 562 5531 (32)
612 5453 1220 5531 ’A_v¢t8éd't¢'c°t.__NiSi_
1272 5456 1674 5531 praecessisset
1729 5449 2026 5527 ἀνδρισταῖ,

371 5523 908 5602 Ριδὸλᾷναιδὲστατοι
949 5525 1153 5602 malim
1196 5523 1400 5602 legere
1457 5523 1846 5602 ἀνδρειότατοι·
1882 5540 2027 5602 nam

371 5595 747 5672 ἂναιδέστατοι
776 5617 896 5656 non
948 5599 1160 5672 placet.
1196 5595 1474 5672 vetustus
1522 5595 1704 5653 codex
1734 5613 1840 5668 pro
1871 5595 2023 5648 ἀναι-

374 5671 626 5730 δὲστατοι
663 5689 862 5730 vocem
893 5668 1072 5728 habet
1101 5685 1234 5741 quae
1265 5668 1380 5741 legi
1411 5684 1532 5725 non
1562 5674 1777 5740 potest.

2210 5451 2318 5523 (33)
2354 5449 2708 5530 ’qupdmgv,
2739 5451 3030 5530 ’ᾼλλὸγων
3064 5458 3123 5515 Β,
3167 5459 3312 5516 Hinc
3343 5463 3648 5529 coniicias,
3699 5465 3778 5522 le-

2138 5523 2538 5665 gégranqnnde
2569 5524 2857 5581 vehiculis
2915 5523 3016 5583 aut
3070 5531 3341 5587 curribus
3399 5523 3535 5590 eum
3593 5523 3776 5608 loqui,

2313 5612 2342 5650 e
2493 5612 2561 5649 IS.

2313 5612 2342 5650 e
2374 5612 2561 5650 εαωε.
