4150 6292
303 395 428 458 365

1599 389 1946 452 JOANNES
1989 387 2442 450 OOMNENUS.

3611 396 3730 455 366

315 525 531 588 παίδων
564 523 996 604 ἀφιλοσοφήτοις
1023 527 1134 599 (35)
1188 519 1494 586 ἀποϐολαῖς
1563 521 1968 600 κατακαμφθεῖς

2089 526 2140 578 et
2172 522 2699 592 pulcherrimorum
2735 522 2985 580 ﬁliorum
3018 524 3284 582 luctuoso
3313 524 3550 583 interitu
3591 543 3728 586 con-

327 621 354 674 ὂ
388 615 629 693 βασιλεὺς
687 616 786 682 τὴν
817 616 1023 688 ψυχὴν,
1060 613 1152 667 ’ἱνα
1194 615 1269 686 μὴ
1302 610 1522 688 λέγοιμι
1594 614 1682 667 καὶ
1735 610 1963 670 οῗωνοὺς

320 706 595 765 ἂπαισίους
683 711 786 773 τῆς
850 702 1165 777 ὑπερέκεινα
1237 703 1460 775 πορείας
1517 701 1644 760 τοὺς
1706 701 1961 760 θανάτους

312 801 415 851 τῶν
480 793 762 868 φιλτάτων
821 787 964 866 ἔχων
1027 793 1136 866 πρὸ
1193 789 1518 868 ὀφθαλμῶν,
1587 790 1740 863 ὅμως
1800 785 1957 844 οὐδὲν

314 906 366 939 τι
406 883 498 939 καὶ
563 883 806 938 πέπονθε
867 879 1112 955 μαλακὸν
1235 879 1511 956 καθυφῆκέ
1547 901 1598 935 τι
1635 880 1814 954 βραχὺ
1863 879 1962 946 τῆς

304 973 616 1048 προθέσεως
649 969 686 1040 ἤ
720 970 1042 1042 παλίμπους
1072 969 1331 1038 ἐπανῆκεν
1393 969 1467 1030 εἰς
1526 969 1587 1023 τὸ
1645 969 1961 1039 Βυζάντιον,

307 1059 462 1122 ἔτους
496 1058 606 1131 ἤδη
631 1059 850 1114 τελείου
884 1059 972 1114 ἐπὶ
996 1063 1118 1120 τοῖς
1151 1057 1488 1130 ἠθλημὲνοις
1534 1056 1752 1118 τούτοις
1809 1075 1964 1132 παρι-

308 1151 599 1219 πευκότος,
661 1149 792 1204 ἀλλ’
862 1149 914 1210 ἐς
968 1147 1237 1222 Ἰσαυρίαν
1331 1148 1628 1226 ἀφιγμένος
1723 1147 1814 1201 καὶ
1897 1146 1964 1200 τὰ

311 1239 480 1296 ἐκεῖθι
539 1240 679 1314 πρὸς
707 1239 772 1293 τὸ
828 1235 946 1292 δέον
977 1237 1452 1309 καταστησάμενος
1509 1242 1608 1304 τῆς
1639 1236 1828 1289 ἀνόπιν
1872 1235 1968 1289 καὶ

311 1331 452 1404 πρὸς
485 1328 686 1405 Συρίαν
747 1324 877 1382 ὁδοῦ
951 1327 1156 1402 εἳχετο,
1214 1325 1548 1403 ἐφεπόμενον
1609 1321 1755 1399 ἔχων
1813 1324 1964 1396 αὐτῷ

310 1419 406 1473 τὸν
441 1417 796 1490 ὑστερότοκον
830 1412 998 1470 παῖδα
1031 1415 1124 1470 τόν
1157 1413 1448 1484 Μανουηλ.
1491 1415 1592 1470 Ἦν
1659 1411 1715 1467 δὲ
1770 1415 1804 1482 ἡ
1869 1413 1962 1486 μὲν

304 1506 598 1582 πρόδηλος
639 1515 740 1578 τῆς
807 1509 1086 1582 στρατείας
1143 1507 1372 1577 ταυτησὶ
1449 1507 1704 1581 πρόθεσις
1770 1509 1805 1574 ἡ
1864 1512 1962 1574 τῆς

304 1600 608 1674 Ἀρμενίας
637 1597 778 1672 πρὸς
809 1599 871 1652 τὸ
931 1603 1173 1672 κρεῖττον
1229 1596 1562 1670 μεθάρμοσις
1616 1594 1704 1650 καὶ
1755 1594 1828 1656 εἷς
1875 1595 1965 1669 βε-

308 1684 470 1743 ϐαίαν
494 1687 824 1742 κατάστασιν
855 1689 1060 1762 συνοχή
1091 1691 1198 1741 τῶν
1239 1686 1456 1741 πόλεων
1519 1685 1610 1739 καὶ
1665 1684 1961 1764 φρουρίων,

308 1778 385 1834 ὧν
447 1777 718 1852 ἐγκρατὴς
774 1776 1032 1854 γεγένητο
1089 1779 1228 1833 κατὰ
1300 1777 1400 1845 τήν
1453 1775 1720 1851 προτέραν
1800 1776 1962 1829 αὐτοῦ

2079 621 2396 677 sternatus,
2435 631 2502 668 ne
2533 614 2716 668 dicam
2745 615 2971 671 obitum
3003 615 3485 672 charissimorum
3520 633 3723 686 parum

2077 704 2438 770 suspicatum
2473 720 2640 758 omen
2676 703 3056 771 expeditionis
3089 703 3246 761 illius
3280 705 3476 770 fuisse,
3529 716 3723 764 tamen

2078 790 2260 846 nihilo
2294 795 2475 847 factus
2533 793 2764 848 mollior
2814 811 3001 866 neque
3044 794 3116 849 de
3148 795 3369 865 impetu
3401 796 3723 868 quidquam

2078 883 2307 940 remisit
2338 900 2527 958 neque
2559 886 2898 956 Byzantium
2933 886 3122 954 rediit,
3148 887 3374 960 integro
3395 889 3517 956 jam
3569 907 3725 946 anno

2078 972 2137 1028 in
2169 971 2465 1030 laboribus
2494 974 2612 1030 illis
2669 976 2950 1032 exhausto
2984 993 2998 1032 :
3059 977 3162 1033 sed
3218 975 3276 1031 in
3310 978 3412 1034 52
3449 979 3723 1034 Isauriam

2080 1064 2394 1133 profectus,
2425 1080 2491 1120 ac
2523 1064 2818 1136 provincia
2879 1065 3164 1134 ordinata,
3225 1067 3333 1122 iter
3390 1066 3448 1122 in
3501 1067 3726 1139 Syriam

2077 1150 2348 1218 intendit,
2379 1153 2642 1208 Manuele
2676 1153 2793 1210 tilio
2825 1159 2963 1210 natu
2999 1155 3246 1211 minimo
3290 1156 3622 1214 comitante.
3664 1155 3730 1213 Ei

2078 1244 2428 1314 expeditioni
2461 1249 2811 1317 praetexebat
2841 1247 2986 1303 velle
3018 1263 3082 1303 se
3130 1247 3467 1304 Armeniam
3517 1249 3730 1305 rectius

2078 1336 2446 1404 constituere,
2476 1341 2532 1392 et
2561 1338 2777 1409 oppida
2823 1343 2880 1393 et
2931 1339 3168 1396 castella
3226 1341 3520 1410 superiore
3577 1339 3729 1398 bello

2079 1429 2242 1494 capta
2273 1426 2329 1479 in
2363 1425 2553 1480 ofﬁcio
2575 1431 2632 1482 et
2659 1427 2770 1482 ﬁde
2794 1427 3089 1485 continere
3120 1445 3186 1485 ao
3236 1431 3486 1487 ﬁrmare.
3549 1431 3727 1487 Caete-

2081 1530 2210 1568 rum
2243 1530 2376 1570 vera
2404 1531 2579 1571 causa
2611 1521 2752 1582 erat,
2801 1533 2928 1587 quae
2985 1517 3046 1573 in
3106 1519 3421 1575 exercitum
3484 1519 3728 1576 minime

2081 1603 2557 1670 ell'erebatur,sed
2588 1606 2839 1661 maxime
2875 1607 3381 1677 dissimulabatur,
3415 1610 3568 1682 quod
3601 1611 3724 1665 An-

2078 1691 2349 1747 tiochiam
2382 1709 2514 1746 cum
2547 1692 2706 1764 Cpoli
2761 1697 3134 1766 conjungere,
3201 1707 3370 1764 atque
3426 1697 3561 1753 inde
3595 1697 3725 1753 reli-

2079 1783 2242 1854 giosa
2271 1784 2396 1838 loca
2426 1784 2612 1839 visere
2644 1791 2699 1841 et
2721 1786 2891 1840 vitale
2913 1787 3118 1844 Christi
3141 1787 3478 1858 sepulcrum
3506 1788 3730 1861 magni-

306 1863 588 1924 ἇναϐασιψ
625 1870 660 1936 ἡ
695 1865 743 1922 δ’
767 1867 1064 1946 ἀνεκφορος
1097 1867 1232 1940 πρὸς
1264 1867 1325 1921 τὸ
1368 1867 1672 1940 στράτευμα
1729 1864 1964 1936 λαθραία

2089 1872 2206 1927 licia
2239 1873 2408 1928 donis
2438 1889 2642 1929 ornare
2673 1891 2738 1928 ac
2768 1874 3049 1931 finitimos
3082 1875 3362 1931 Barbaros
3421 1876 3727 1947 proﬂigare

307 1981 365 2014 τε
392 1961 485 2013 καὶ
519 1955 832 2036 ἐνδόμυχος
897 1957 987 2012 καὶ
1039 1959 1101 2010 ἐκ
1146 1954 1517 2030 περισκέψεως
1572 1954 1782 2026 κίνησις
1819 1955 1956 2024 αὕτη

310 2048 398 2116 ἦν.
438 2048 552 2105 Ἀεὶ
585 2044 659 2101 δι’
689 2041 894 2120 ἔρωτος
925 2046 1047 2120 εἶχε
1093 2045 1319 2118 συνάψαι
1383 2047 1484 2112 τὴν
1563 2044 1854 2119 Ἀντιόχου
1893 2047 1962 2116 τῇ

311 2137 750 2202 Κωνσταντίνου,
783 2137 888 2190 κάκ
917 2133 1074 2190 τοῦδε
1109 2139 1224 2196 τοῖς
1253 2129 1551 2197 θεοστιϐἑσι
1593 2135 1786 2195 τόποις
1847 2132 1963 2188 ἐπί-

307 2234 596 2297 φοιτῆσαι,
633 2226 724 2281 καὶ
757 2222 959 2298 δώροις
996 2225 1089 2298 μὲν
1117 2223 1440 2298 καταστέψαι
1471 2224 1561 2278 τὸν
1614 2228 1709 2278 τοῦ
1760 2223 1962 2297 Κυρίου

305 2316 480 2388 τάφον
518 2315 609 2371 τὸν
646 2313 1039 2390 ζωοπάροχον,
1079 2314 1141 2368 τὸ
1169 2311 1225 2368 δὲ
1244 2312 1433 2386 κύκλῳ
1468 2307 1796 2388 βαρϐαρικὸν
1841 2313 1963 2366 ἀνα-

310 2412 566 2480 καθᾶραι.
643 2405 804 2463 ’Ὁθεν
882 2403 972 2457 καὶ
1052 2409 1223 2457 πᾶσαν
1277 2402 1344 2471 ἦν
1419 2403 1617 2476 μετιὼν
1677 2403 1958 2477 μηχανὴν,

318 2495 368 2549 εἲ
398 2516 522 2555 πως
549 2494 860 2548 ὑπεκσταῖεν
892 2490 1101 2554 ἑκόντες
1135 2491 1282 2564 αὖτῷ
1315 2493 1368 2546 οἱ
1419 2497 1641 2549 Αατῖνοι
1701 2498 1798 2561 τῆς
1864 2511 1962 2544 κυ-

328 2583 584 2658 ριαρχίας
635 2590 731 2652 τῆς
811 2579 1054 2655 λογίμης
1124 2582 1488 2656 Ἀντιοχείας,
1547 2579 1606 2649 ἤ,
1667 2582 1713 2635 εἰ
1808 2580 1959 2635 οὗτοι

2079 1968 2353 2032 perpetuo
2385 1961 2676 2032 cupiebat.
2713 1963 2909 2034 Itaque
2957 1963 3103 2020 nihil
3157 1964 3504 2020 intentatum
3548 1965 3729 2020 relin-

2079 2051 2312 2120 quebat,
2346 2050 2392 2105 si
2425 2053 2714 2122 quomodo
2744 2051 2965 2108 Latinis
3032 2053 3386 2124 persuadere
3441 2057 3640 2126 posset
3669 2058 3732 2108 ut

2077 2139 2230 2194 ultro
2260 2140 2561 2196 dominatu
2621 2140 2850 2214 inclytae
2910 2142 3235 2198 Antiochiae
3294 2144 3586 2212 cederent,
3629 2147 3731 2199 ant

2077 2229 2124 2284 si
2155 2228 2194 2283 ii
2230 2229 2444 2286 nollent
2477 2231 2602 2300 (nec
2669 2231 2825 2286 enim
2886 2231 3104 2289 fastum
3148 2230 3421 2289 Latinum
3455 2239 3512 2289 et
3541 2233 3726 2305 praefi-

2075 2318 2278 2375 dentes
2337 2336 2536 2375 eorum
2598 2320 2827 2377 animos
2884 2321 3237 2395 ignorabat),
3298 2329 3357 2378 at
3411 2322 3617 2379 Cilices
3665 2325 3724 2378 et

2076 2407 2249 2480 Syros
2281 2409 2337 2463 in
2370 2426 2504 2464 suas
2566 2417 2755 2480 partes
2805 2413 3182 2474 pertraheret.
3243 2411 3358 2466 Nec
3425 2411 3482 2466 in
3525 2428 3591 2467 eo
3621 2410 3718 2465 iti-

2077 2511 2211 2550 nere
2234 2513 2489 2568 unquam
2523 2497 2748 2552 destitit
2771 2499 3148 2555 Antiochenis
3169 2501 3423 2555 scribere
3449 2504 3506 2555 et
3538 2515 3714 2555 suum

2074 2585 2387 2640 adventum
2438 2587 2852 2656 przenuntiare,
2912 2589 3054 2644 adeo
3107 2593 3171 2644 ut
3223 2589 3485 2643 nondum
3539 2588 3714 2660 Syriae

330 2673 605 2734 πείθοιντι⁴
642 2672 921 2743 (ἠπίστατο
953 2671 1056 2748 γὰρ
1079 2672 1178 2738 τὴν
1230 2672 1520 2738 Λατινικῆν
1588 2671 1820 2746 κόρυζαν
1869 2668 1960 2723 καὶ

2089 2673 2222 2728 inea
2252 2673 2551 2743 ingressus
2583 2674 2926 2741 legationem
2957 2675 3091 2731 inde
3143 2677 3462 2741 attraxerit,
3496 2692 3611 2746 qua
3655 2677 3714 2730 in

2075 2761 2354 2832 optimam
2387 2778 2546 2834 spem
2582 2780 2776 2818 rerum
2838 2767 3166 2820 futurarum
3219 2765 3567 2835 erigebatur.
3603 2764 3714 2819 Sed

2075 2867 2207 2906 cum
2242 2867 2419 2922 prope
2451 2851 2650 2907 urbem
2683 2851 2954 2918 venisset,
2987 2853 3132 2908 alios
3179 2853 3458 2908 Italorum
3491 2853 3722 2908 animos

2074 2941 2378 3012 comperit,
2413 2956 2538 2996 cum
2560 2941 2849 3010 famajam
2896 2951 3028 2996 ante
3065 2958 3310 2997 arcanas
3341 2942 3466 3012 ejus
3499 2949 3554 2997 et
3585 2940 3734 2996 taci—

319 3029 540 3104 μαίνων
569 3035 680 3092 τοῖς
708 3031 1075 3105 Ἀντιοχεῦσιν
1107 3029 1282 3109 ἂφιξιν
1313 3026 1571 3102 οὐδαμῶς
1617 3028 1775 3097 ἀνίει,
1821 3024 1962 3083 ὥστε

2089 3036 2166 3084 las
2195 3028 2661 3085 machinationes
2678 3029 2992 3101 vulgasset.
3021 3033 3164 3086 Cum
3200 3031 3380 3102 igitur
3408 3029 3736 3086 Antiochia

309 3120 404 3174 καέ
440 3121 615 3192 μήπω
643 3122 748 3173 τῶν
778 3118 945 3194 ὁρίων
1005 3115 1196 3180 ἐπιϐὰς
1260 3125 1361 3188 τῆς
1421 3117 1618 3193 Συρίας
1670 3112 1958 3193 πρεσϐείαν

2089 3118 2307 3174 aditum
2341 3136 2454 3174 non
2487 3119 2590 3176 58
2625 3119 2877 3188 facilem,
2912 3136 3016 3176 nec
3039 3120 3214 3176 talem
3255 3120 3488 3191 qualern
3533 3136 3742 3191 exspe-

306 3209 672 3288 ἐφειλκύσατο
699 3207 900 3270 ἐκεῖθεν
938 3207 1084 3279 μάλα
1134 3208 1336 3283 ἀγαθὰς
1385 3207 1534 3279 αὐτῷ
1588 3207 1682 3270 τὰς
1739 3204 1962 3268 ἐλπίδας

2089 3213 2271 3262 ctarat
2301 3208 2606 3275 inveniret,
2668 3225 2774 3264 nec
2833 3208 3173 3279 nisijurato
3237 3209 3466 3279 ingredi
3517 3207 3739 3278 liceret,

316 3300 402 3354 ἐπὶ
437 3305 559 3360 τοῖς
594 3297 898 3371 μέλλουσιν
933 3292 1373 3353 ὑποϐάλλουσαν.
1409 3297 1559 3353 Ἐπεὶ
1613 3294 1670 3351 δὲ
1725 3301 1792 3370 τῇ
1852 3298 1975 3350 Ἀν-

2089 3297 2256 3368 longe
2287 3314 2485 3353 secum
2520 3314 2695 3368 quam
2732 3298 2927 3355 animo
2949 3299 3290 3364 destinarat,
3325 3314 3507 3371 eaque
3540 3298 3743 3355 condi-

317 3391 515 3464 τιόχου
575 3389 980 3462 προσήγγισεν,
1032 3385 1294 3448 ἀλλοίους
1355 3385 1545 3461 εὕρατο
1611 3387 1706 3446 τὰς
1760 3386 1976 3462 γνώμας

2090 3385 2246 3442 tione
2277 3393 2338 3441 ut
2372 3387 2580 3442 diebus
2613 3387 2832 3458 aliquot
2872 3387 2951 3444 ibi
2984 3393 3378 3444 commoratus
3399 3389 3746 3444 etadoratus

331 2761 396 2816 τὸ
444 2766 541 2815 τοῦ
588 2765 924 2838 ορονῆματος
981 2763 1158 2817 αὐτῶν
1216 2762 1621 2834 ἀταπείνωτον),
1679 2760 1729 2815 οἷ
1791 2757 1848 2814 δὲ
1903 2781 1962 2834 γε

331 2849 556 2912 Κίλικες
603 2851 688 2904 καὶ
759 2852 913 2925 Σύροι
994 2853 1356 2927 προσρὲψαιεν
1448 2849 1656 2923 ἐκείνῳ.
1735 2847 1961 2926 Γράφων

325 2940 514 2995 τοίνυν
549 2940 682 2994 κατὰ
709 2937 856 3010 τήνδε
880 2942 980 3009 τήν
1000 2939 1192 2996 ἄνοδον
1241 2941 1331 2996 καὶ
1371 2942 1471 3009 τὴν
1531 2939 1696 2994 αὐτοῦ
1751 2959 1958 3014 προσηο

317 3479 443 3540 τοὺς
474 3476 744 3545 Ἰταλοὺς,
777 3483 878 3544 τῆς
916 3477 1110 3553 φήμης
1157 3473 1606 3553 προαγγειλάσης
1676 3475 1852 3530 ὁπόσα
1892 3474 1979 3529 Ev-

323 3565 546 3646 δὸμυχα
567 3567 662 3621 καὶ
694 3570 804 3621 τῶν
840 3563 1074 3640 χειλέων
1111 3569 1207 3620 τοῦ
1267 3565 1533 3641 βασιλέως
1577 3565 1824 3640 ἆπρόῖτα.
1885 3566 1980 3634 Μὴ

322 3661 451 3733 γοῦν
485 3654 676 3730 ῥᾳδίαν
742 3654 1012 3730 εὑρίσκων
1069 3655 1155 3709 καὶ
1215 3658 1283 3728 τῇ
1336 3655 1531 3729 γνώμῃ
1580 3649 1980 3726 συμϐαίνουσαν

329 3746 425 3812 τὴν
451 3744 498 3806 ἐς
541 3746 644 3813 τὴν
705 3745 1005 3820 Ἀντιόχου
1061 3741 1327 3818 πάροδον,
1383 3743 1511 3800 ἀλλ’
1558 3744 1781 3819 ’ἐνορκον
1842 3745 1983 3816 ὁρῶν

335 3834 806 3911 συγχωρουμένην
866 3831 1012 3904 αὖτῷ
1077 3835 1178 3901 τήν
1245 3830 1542 3888 εἲσὲλευσιν
1605 3835 1691 3888 καὶ
1737 3835 1798 3888 τὸ
1855 3831 1984 3886 ὅλον

329 3922 638 3993 ἀπᾳδουσαν
699 3921 781 3983 οἷς
824 3917 1070 3996 ὥρμαινε
1127 3920 1266 3976 κατᾶ
1330 3923 1539 3996 ψυχὴν,
1609 3921 1698 3976 καὶ
1732 3921 1806 3982 ὡς
1837 3919 1990 3995 εἷ’περ

325 4010 690 4066 εἰσελεύσεται
722 4012 871 4086 πρὸς
905 4013 1114 4086 ἡμερας
1165 4011 1643 4084 ἐνσκηνωσάμενος
1673 4010 1762 4066 καὶ
1818 4031 1992 4085 προσ-

321 4103 578 4172 κυνηθεὶς
616 4103 709 4157 καὶ
765 4101 1024 4172 τιμηθεὶς
1065 4103 1132 4156 τά
1171 4100 1354 4155 εἰκότα
1411 4100 1575 4156 πάλιν
1631 4100 1988 4172 ἐξελεὺσεται,

330 4189 501 4264 μηδὲν
533 4212 585 4244 τι
617 4211 753 4267 νεοχ
769 4189 957 4263 μώσας
989 4188 1076 4245 ἐπὶ
1109 4196 1226 4253 τοῖς
1282 4191 1400 4246 κατ’
1454 4191 1622 4257 αὐτην
1677 4191 1990 4266 πράγμασιν

329 4279 365 4349 ἤ
401 4301 457 4335 τι
512 4281 880 4351 μετακινήσας
948 4285 1056 4334 τῶν
1107 4281 1460 4344 καθεστώτων
1521 4281 1656 4344 ἐθῶν
1707 4279 1993 4356 ἀχθεσθεὶς

330 4369 416 4446 ἐφ’
440 4371 520 4434 οἶς
552 4370 887 4440 ἐξηπάτητο,
917 4370 1021 4437 τὴν
1058 4370 1150 4441 μὲν
1174 4367 1385 4424 ε’ῗσοδον
1438 4370 1507 4424 οὗ
1567 4367 1686 4424 δεον
1752 4367 1997 4443 κέκρικεν

338 4453 737 4528 εἰσϐιάζεσθαι,
770 4459 861 4512 τὸν
909 4459 1043 4530 μετὰ
1104 4461 1448 4530 Χριστιανῶν
1496 4455 1742 4532 πόλεμον
1798 4457 1998 4513 παντά-

2093 3481 2268 3546 atque
2294 3475 2700 3542 honoratus,ut
2728 3479 2913 3546 decet,
2932 3477 3259 3534 discederet
3275 3478 3402 3535 sine
3425 3479 3541 3534 ulla
3573 3495 3744 3535 nova-

2093 3565 2251 3620 tione
2273 3570 2327 3621 et
2361 3566 2568 3636 recepti
2603 3567 2784 3621 moris
2843 3566 3182 3632 mutatione,
3213 3568 3390 3623 verba
3435 3567 3550 3623 sibi
3603 3567 3743 3624 data

2094 3669 2222 3709 esse
2254 3653 2499 3708 moleste
2525 3655 2790 3721 ferens,vi
2824 3655 3273 3728 ingrediendum
3310 3656 3493 3723 duxit,
3529 3657 3683 3727 quod
3713 3672 3746 3712 a

2096 3741 2244 3798 bello
2273 3742 2600 3798 Christiano
2651 3744 3004 3800 abhorrebat
3042 3764 3063 3812 ,-
3120 3746 3217 3799 sed
3257 3744 3638 3812 "suburbana,
3684 3744 3744 3799 in

2097 3832 2154 3887 in
2187 3832 2399 3904 quibus
2456 3831 2882 3899 diversabatur,
2944 3834 3232 3890 militibus
3291 3833 3647 3906 populanda,
3689 3837 3749 3888 et

2098 3922 2413 3978 auferenda
2473 3921 2670 3976 omnia
2727 3938 2854 3993 quae
2916 3923 3130 3995 corripi
3188 3922 3457 3978 manibus
3514 3927 3756 3994 possent

2100 4011 2407 4067 concessit.
2441 4014 2521 4065 Ea
2578 4011 2967 4077 denuntiatio,
3027 4013 3118 4067 cui
3179 4011 3422 4084 penuria
3466 4026 3755 4068 commea-

2101 4108 2197 4156 tus
2229 4099 2675 4172 prxetexebatur,
2707 4101 2898 4156 effecit
2957 4109 3019 4156 ut
3072 4118 3176 4157 nec
3237 4102 3544 4158 fructileraa
3584 4101 3757 4158 arbo-

2104 4206 2195 4245 res
2227 4186 2519 4244 inviolatas
2550 4193 2874 4260 manerent,
2903 4190 3001 4245 sed
3045 4206 3124 4246 eis
3159 4207 3392 4263 quoque
3432 4192 3501 4247 ad
3558 4190 3755 4248 cibum

2105 4278 2475 4350 coquendum
2510 4278 2973 4336 succiderentur.
3033 4285 3151 4337 Hac
3211 4283 3434 4337 ratione
3491 4280 3585 4337 sui
3619 4297 3762 4336 con-

2109 4374 2400 4440 temptum
2460 4369 2896 4424 dissimulanter
2949 4369 3105 4425 ultus
3175 4371 3248 4426 ad
3307 4372 3454 4425 ﬁnes
3513 4369 3760 4425 Cilicum

2111 4457 2342 4512 deﬂexit
2375 4473 2388 4512 :
2432 4466 2484 4512 et
2518 4460 2575 4512 in
2609 4457 2976 4530 amplissima
3006 4457 3266 4513 convalle
3297 4459 3507 4514 castris
3534 4458 3762 4529 positis,

331 4569 498 4603 πασιν
558 4546 980 4621 ἐκτρεπόμενος,
1048 4545 1472 4622 ἐναυλισάμενος
1523 4545 1581 4602 δὲ
1649 4552 1766 4609 τοῖς
1858 4568 1963 4623 προ

2108 4547 2165 4602 in
2198 4564 2315 4618 qua
2343 4547 2466 4602 bini
2498 4547 2742 4604 vertices
2775 4547 3067 4605 montium
3101 4546 3374 4602 altissimi
3423 4551 3766 4619 assurgunt,

335 4637 575 4699 αστείοις
604 4643 706 4706 τῆς
726 4634 946 4698 πολεως
981 4635 1178 4711 κείρειν
1199 4634 1452 4691 ἐνδίδωσι
1480 4641 1648 4692 ταῦτα
1675 4640 1742 4711 τῇ
1775 4640 1999 4713 στρατιᾷ

331 4729 422 4784 καὶ
471 4727 705 4806 ἀπάγειν
738 4721 880 4782 ἅπαν
913 4727 972 4781 τὸ
1003 4730 1122 4788 ταῖς
1189 4729 1379 4804 χερσὶν
1441 4721 1831 4806 εὖμετάφορον.
1893 4727 1996 4784 Καὶ

331 4819 396 4886 ἦν
426 4818 488 4873 ἐκ
517 4816 717 4874 τούτου
745 4819 846 4872 τοῦ
891 4813 1376 4891 παραγγέλματος,
1435 4817 1706 4894 πρόφασιν
1754 4817 1854 4885 τὴν
1890 4821 1996 4871 τῶν

336 4908 645 4984 ἀναγκαίων
680 4904 1042 4962 ὑποσπάνισιν
1075 4897 1324 4980 ἔχοντος,
1364 4902 1505 4979 μηδὲ
1556 4906 1622 4960 τᾶ
1673 4905 1997 4983 καρποφόρα

2109 4653 2256 4706 quos
2287 4640 2600 4692 Corvorum
2635 4637 2807 4692 nidos
2863 4637 3052 4692 vocari
3113 4635 3450 4706 perhibent,
3493 4640 3770 4691 venatum

2103 4740 2378 4797 egressus
2410 4742 2552 4796 apro
2584 4725 2844 4781 solitario
2875 4724 3230 4781 venabulum
3265 4725 3323 4779 in
3360 4729 3578 4797 pectus
3624 4723 3770 4780 ade-

2105 4814 2207 4887 git.
2241 4814 2347 4879 Qui
2384 4830 2519 4871 cum
2551 4815 2734 4870 ictum
2771 4820 3036 4889 surgeret
3077 4820 3134 4872 et
3191 4819 3380 4871 totum
3432 4815 3650 4872 ferrum
3709 4813 3770 4871 in

2104 4906 2327 4962 viscera
2379 4905 2714 4976 recepisset,
2777 4921 2986 4961 manus
3044 4905 3416 4978 imperatoris
3475 4905 3773 4962 debilitata

2108 4999 2282 5067 atque
2339 4993 2562 5064 impetu
2625 4994 2758 5048 feraa
2819 4993 3030 5049 reﬂexa
3083 4996 3419 5066 pharetram
3478 4996 3546 5051 de
3592 4995 3769 5050 latere

2109 5085 2340 5154 oblique
2371 5084 2475 5140 54
2506 5099 2851 5154 suspensam
2887 5092 2945 5140 et
2974 5089 3280 5142 venenatis
3334 5085 3466 5141 telis
3502 5086 3768 5141 refertam

2109 5173 2314 5231 evertit
2366 5189 2383 5240 ς
2473 5174 2901 5246 perstrictaque
2987 5191 3105 5232 una
3174 5176 3390 5247 sagitta
3449 5182 3581 5230 cute
3639 5188 3770 5244 quae

2111 5264 2260 5319 inter
2315 5267 2607 5319 extremos
2658 5265 2872 5335 digitos
2933 5268 3046 5333 est,
3103 5280 3326 5322 veneno
3383 5269 3650 5335 serpente
3705 5262 3763 5315 et

335 5001 444 5052 τῶν
480 4995 716 5071 δένδρων
745 4996 906 5064 ἀσινῆ
960 4995 1302 5069 παρεώμενα,
1361 4992 1508 5049 ἄλλα
1557 4995 1647 5049 καὶ
1700 4998 1867 5048 ταῦτα
1920 4998 1999 5065 τῷ

339 5088 472 5163 πυρὶ
502 5095 603 5157 τῆς
637 5084 857 5154 διαίτης
889 5080 1316 5156 παραδιδόμενα.
1359 5085 1506 5139 Κᾶπὶ
1562 5082 1780 5145 τούτοις
1840 5082 1997 5155 ἐκμεο

341 5181 549 5252 τρήσας
582 5171 911 5246 λεληθότως
941 5174 1040 5242 τὴν
1081 5172 1283 5244 ἄμυναν
1316 5174 1451 5247 πρὸς
1487 5173 1555 5228 τὰ
1599 5179 1706 5228 τῶν
1766 5171 2002 5227 Κιλίκων

344 5267 728 5344 παρενέκλινεν
762 5265 914 5341 ὅρια.
974 5264 1065 5317 Ἐν
1124 5258 1170 5316 δ’
1219 5261 1481 5339 εὔρυτύτῃ
1539 5259 2001 5337 στρατοπεδευσά-

1746 5410 1914 5472 Hier.
1949 5408 2162 5472 \Volfii
2192 5417 2379 5471 nuta.

2122 5539 2222 5590 aut
2253 5534 2639 5602 ineruditum,
2673 5537 2962 5593 sententia
2986 5552 3099 5592 non
3137 5534 3377 5609 patitur.
3437 5535 3625 5609 Quare
3680 5529 3773 5584 lu-

409 5545 523 5629 (35)
559 5535 1972 5629 'A.?.“°?i5i’fl_‘.°}’.;390-399.9191Boilf’fu‘i'iﬁ

2122 5539 2222 5629 aut
2253 5535 2639 5629 ineruditum,
2673 5537 2965 5629 sententia
2986 5552 3099 5592 non
3137 5535 3377 5629 patitur.
3437 5535 3625 5629 Quare=

2123 5611 2394 5664 ctuosum
2418 5614 2521 5663 aut
2547 5609 2848 5666 funestum
2879 5607 3389 5679 interpretandum
3421 5607 3650 5662 censui.

339 5607 736 5690 philosophia
767 5607 1201 5690 consolationes
1235 5607 1646 5690 vi_nca‘t,__quam
1673 5607 1848 5690 cujus
1871 5608 2015 5663 ratio

335 5678 492 5752 reddi
526 5678 822 5762 nequeat.
856 5680 1209 5738 Litterarum
1239 5684 1298 5738 et
1352 5678 1738 5755 phildsophie
1786 5695 2012 5753 expers,
