4150 6292
401 383 522 447 367

1721 370 2042 436 NICE’I‘E
2082 372 2506 435 CHONIATE

3693 378 3810 440 366

401 515 767 575 discurrente
795 515 970 583 atque
995 523 1182 580 usque
1239 506 1310 563 ad
1367 505 1564 562 vitalia
1620 519 1944 576 progresso,
1993 507 2041 560 et

2168 522 2328 576 μενος
2353 503 2615 582 φάραγγι,
2655 503 2774 568 καθ’
2803 500 2868 572 ἤν
2891 500 2994 578 ὅρη
3027 498 3336 578 δικόρυμϐα
3364 503 3453 560 ἐπὶ
3511 501 3660 560 πολὺ
3711 510 3808 561 τοῦ

403 602 688 677 quidquid
719 605 1053 672 occuparat,
1086 595 1366 669 paulatim
1427 593 1869 666 stupefaciente,
1928 609 2042 649 non

403 693 585 750 multo
641 693 773 764 post
825 706 857 746 e
911 689 1036 744 vita
1090 685 1380 742 discessit.
1439 688 1653 739 Tamen
1716 683 1770 738 id
1829 681 2047 740 vulnus

399 781 684 854 principio
768 777 1096 850 neglectum
1176 775 1523 830 membranis
1603 773 1861 828 calcibus
1941 773 2046 828 de-

398 867 1012 942 tractaaimpositione,
1071 881 1246 936 quam
1307 863 1752 920 excoriationem
1814 866 2042 926 vocant,

399 961 722 1018 medicatus
751 964 843 1014 est
869 975 885 1026 ;
915 973 1032 1030 qua
1063 955 1300 1026 ancipiti
1335 954 1557 1009 ratione
1579 952 1802 1008 saniem
1833 965 2044 1007 cruen-

398 1056 517 1106 tam
575 1048 836 1104 vulneris
893 1046 1208 1119 reprimere
1263 1044 1606 1100 conabatur.
1689 1039 1927 1113 Vesperi
1983 1039 2044 1095 in

399 1145 590 1197 castra
623 1154 886 1196 reversus
918 1141 975 1194 et
1005 1141 1266 1192 ccenatus
1299 1138 1525 1190 noctem
1541 1132 1687 1188 citra
1717 1130 2041 1186 molestiam

401 1231 606 1302 exegit.
655 1227 935 1284 Postridie
985 1242 1114 1281 vero
1177 1227 1536 1280 tumescente
1592 1228 1648 1276 et
1707 1220 2044 1276 ardescente

399 1320 656 1390 vulnere,
689 1334 756 1374 ac
787 1317 1046 1374 cruciatu
1080 1317 1342 1388 urgente,
1379 1312 1616 1368 medicis
1673 1327 1874 1367 casum
1907 1325 2040 1365 eum

402 1408 656 1481 exponit.
690 1407 798 1471 Qui
830 1410 1058 1462 tumore
1093 1420 1298 1460 manus
1329 1401 1472 1468 viso,
1506 1406 1563 1456 et
1617 1400 2043 1456 medicamento

401 1513 517 1570 quo
539 1514 684 1554 usus
709 1499 833 1551 erat
854 1493 1200 1567 perquisito,
1223 1493 1279 1547 id
1307 1496 1587 1562 tanquam
1621 1494 1824 1545 contra
1854 1487 2041 1543 medi-

402 1603 528 1643 cam
565 1586 849 1642 rationem
883 1583 1210 1638 adhibitum
1243 1581 1623 1652 repudiarunt
1654 1596 1669 1646 ;
1711 1587 1884 1649 atque
1930 1574 2046 1632 alia

401 1677 746 1744 attulerunt,
780 1691 904 1747 quae
935 1674 1198 1730 ardorem
1230 1671 1396 1726 illum
1453 1669 1724 1726 lenirent.
1756 1666 1868 1723 Sed
1907 1681 2042 1720 cum

400 1765 473 1820 iis
504 1765 648 1821 nihil
683 1765 1052 1836 proﬁcerent,
1086 1763 1158 1818 ad
1189 1761 1503 1817 sectionem
1537 1757 1800 1815 conversi
1847 1773 1920 1812 ne
1959 1755 2045 1810 sic

2157 593 2312 668 ἀέρος
2351 590 2655 666 ἀνέϐαινον,
2687 593 2821 669 ἃπερ
2867 589 3034 671 λόγος
3071 594 3215 668 αἱρεῖ
3267 593 3529 670 Κοράκων
3589 596 3808 658 νοσσιᾶς

2154 681 2567 755 κικλήσκεσθαι,
2629 683 2704 746 εἰς
2759 683 3080 760 κυνηγέσιον
3141 681 3322 757 ἔξεισι.
3355 684 3466 742 Καὶ
3517 685 3608 739 συῒ
3637 704 3804 762 προσ-

2155 775 2467 844 υπαντήσας
2509 771 2788 848 μοναδικῷ
2814 773 2914 842 τήν
2959 773 3054 844 μὲν
3084 773 3296 848 αἰχμήν
3337 779 3418 846 τῷ
3473 775 3678 850 στέρνῳ
3709 779 3802 830 τοῦ

2156 863 2350 934 θηρίου
2382 862 2643 933 ἐνήρεισε’
2676 859 2889 918 πλείονι
2946 859 3002 916 δὲ
3058 861 3288 936 ὠθισμῷ
3350 867 3446 918 τοῦ
3481 863 3609 927 συὸς
3660 883 3805 939 χρη-

2156 951 2390 1023 σαμένου
2443 952 2530 1006 καὶ
2611 949 2741 1007 δλον
2797 951 2889 1006 τὸν
2955 948 3178 1024 σίδηρον
3263 949 3639 1026 εἰσδεξαμένου
3691 958 3805 1016 τοῖς

2156 1037 2524 1117 σπλάγχνοις,
2557 1043 2593 1111 ἡ
2629 1040 2937 1116 κατέχουσα
2972 1040 3096 1117 χεὶρ
3134 1041 3197 1096 τὸ
3226 1041 3479 1098 ἀκόντιον
3530 1043 3807 1118 ὑποναρκᾷ

2153 1149 2212 1184 τε
2240 1129 2328 1184 καὶ
2367 1127 2694 1185 ὑπενδίδωσι
2722 1131 2860 1207 πρὸς
2895 1129 2958 1186 τὸ
2987 1131 3125 1206 ἂγαν
3156 1137 3255 1200 τῆς
3282 1135 3380 1186 τοῦ
3438 1132 3606 1206 θηρὸς
3639 1131 3808 1188 ἀντω-

2156 1220 2386 1288 θήσεως,
2417 1218 2700 1282 κάντεῦθεν
2739 1223 2836 1274 τοῦ
2893 1221 2980 1292 [Ρ.
3036 1223 3125 1290 27]
3183 1220 3364 1282 εὐθέος
3419 1226 3807 1296 παρενεχθεῖσα

2155 1305 2544 1382 ἐγχρίπτειτῷ
2574 1313 2830 1385 γωρυτῷ,
2875 1310 2934 1372 ὃς
2996 1310 3144 1384 παρὰ
3199 1308 3434 1386 πλευρὸν
3497 1315 3592 1366 τοῦ
3649 1313 3804 1386 βασι.

2153 1396 2298 1460 λέως
2329 1395 2592 1472 ἐξήρτητο
2617 1397 2875 1475 πλάγιος,
2930 1399 3129 1474 στέγων
3179 1394 3374 1464 ἔσωθεν
3445 1396 3643 1456 ἰοϐόλα
3708 1401 3804 1476 βέ-

2158 1485 2348 1561 λεμνα.
2403 1489 2561 1552 Ὃθεν
2617 1496 2716 1558 τῆς
2775 1488 3039 1564 φαρέτρας
3097 1489 3490 1565 ἀνατραπείσης
3564 1491 3643 1555 εἶς
3695 1496 3802 1546 τῶν

2157 1575 2545 1652 διεκχυθέντων
2576 1579 2856 1654 ἂτράκτων
2883 1579 3120 1649 πλήττει
3151 1579 3242 1634 τὸν
3275 1579 3506 1654 βασιλέα
3548 1580 3684 1636 κατὰ
3740 1581 3800 1636 τὸ

2161 1671 2382 1740 μεσεῦον
2416 1663 2588 1740 δέρμα
2635 1672 2743 1722 τῶν
2803 1667 3043 1722 ὑστάτων
3097 1665 3380 1724 δακτύλων
3437 1675 3538 1738 τῆς
3592 1669 3802 1745 χειρός.

2158 1755 2270 1812 Ἀεὶ
2299 1753 2476 1810 τοίνυν
2513 1759 2609 1811 τοῦ
2641 1755 2930 1832 φαρμάκου
2977 1755 3280 1831 νεμομένου
3336 1758 3404 1812 τὰ
3461 1759 3651 1832 πρόσω
3716 1760 3806 1814 καὶ

403 1855 544 1926 quid
600 1854 815 1910 atﬂicto
873 1853 1136 1908 membro
1194 1849 1416 1922 aliquid
1487 1848 1614 1920 opis
1673 1846 2041 1913 attulerunt;

577 1951 585 1960 .
984 1942 1036 1960 ,ξ
1108 1941 1426 1960 ,ημμιημ
1508 1955 1532 1960 _
1601 1935 1864 1960 ;=_:._:_
1904 1935 2016 1960 .15.:

2160 1841 2570 1923 διατρέχοντος,
2603 1845 2841 1919 καὶπερὶ
2873 1844 3006 1902 αὐτὰ
3055 1847 3120 1902 τὰ
3167 1847 3356 1921 καίρια
3407 1845 3807 1920 ἐπενσκήπτον-

2159 1954 2250 1960 ---
2331 1935 2419 1960 --μὶ
2477 1935 2614 1960 __-__.‘.
2677 1936 2869 1960 --.--..ὶ-.
2956 1937 3341 1960 1.__-.,_-___9!_.,-
3370 1958 3380 1960 _
3482 1943 3629 1960 ᾼκυκκ
3719 1939 3804 1960 ηκὶ

403 1961 538 2000 nam
572 1951 767 2000 tumor
795 1942 1046 2000 subinde
1103 1941 1446 2011 augebatur,
1506 1955 1540 1994 a
1595 1936 1778 2008 digito
1810 1935 1870 1990 in
1902 1935 2048 2007 digi-

401 2038 528 2088 tum
562 2047 750 2104 usque
805 2031 876 2086 ad
927 2030 1264 2101 juncturam
1329 2042 1540 2082 manus
1578 2029 1637 2080 et
1664 2024 1927 2080 cubitum
1959 2023 2050 2094 ip-

403 2138 655 2193 sumque
685 2119 988 2193 brachium
1025 2123 1329 2191 pervagato
1361 2115 1534 2173 malo.
1568 2115 1890 2186 Imperator
1935 2113 2048 2184 igi-

401 2215 506 2266 tur
533 2226 690 2282 spem
725 2208 938 2265 salutis
963 2209 1177 2280 abjecit
1206 2227 1220 2264 :
1252 2211 1310 2261 et
1361 2205 1606 2262 medicis
1661 2202 2050 2259 aestuantibus

404 2289 652 2355 manum
683 2297 812 2368 ejus
842 2297 1022 2351 instar
1050 2295 1234 2352 virilis
1267 2293 1501 2350 femoris
1539 2293 1922 2348 tumefactum
1956 2307 2049 2346 re-

401 2402 594 2442 secare
624 2387 721 2444 55
756 2386 948 2442 visum
978 2389 1086 2450 est,
1117 2399 1254 2440 cum
1286 2400 1360 2439 ne
1395 2381 1482 2439 sic
1537 2382 1773 2454 quidem
1833 2379 2047 2436 affectas

400 2475 588 2548 partis
622 2474 850 2531 sanatio
883 2479 1038 2531 certa
1069 2477 1240 2529 esset.
1273 2474 1341 2528 At
1372 2473 1711 2544 imperator,
1739 2469 1841 2542 qui
1894 2467 2047 2541 prio-

399 2581 523 2621 rem
557 2565 732 2622 etiam
766 2565 1080 2620 sectionem
1113 2563 1364 2620 universi
1426 2561 1564 2618 mali
1619 2577 1860 2618 causam
1919 2575 2048 2616 esse

396 2655 770 2728 perspiceret,
833 2653 1005 2710 dictis
1089 2668 1288 2709 eorum
1368 2667 1481 2708 non
1569 2651 1885 2716 annuebat,
1943 2648 2044 2705 sed

391 2748 642 2818 aegrotus
699 2743 1086 2800 decumbebat
1133 2747 1329 2814 spreta
1399 2740 1634 2812 ancipiti
1719 2739 2038 2810 curatione.

389 2837 578 2906 Atque
600 2833 980 2892 celeberrimo
1006 2832 1448 2890 resurrectionis
1489 2830 1703 2888 Christi
1726 2830 1818 2886 die
1848 2828 2044 2884 divina

388 2923 660 2996 mysteria
691 2923 990 2996 percepit;
1021 2927 1079 2977 et
1109 2921 1168 2978 in
1201 2937 1365 2978 omna
1414 2919 1559 2976 aulai
1604 2919 1825 2976 foribus
1871 2934 2040 2991 aper-

387 3012 730 3086 tis,quosvis
757 3011 982 3085 ingredi
1015 3015 1072 3067 et
1094 3016 1288 3083 petere
1309 3027 1438 3082 quae
1466 3008 1682 3064 vellent
1726 3007 1991 3080 permisit
2023 3025 2038 3076 ;

386 3101 658 3172 idemque
670 3105 726 3158 et
739 3100 1021 3172 postridie
1033 3099 1256 3155 monitu
1269 3097 1515 3155 Joannis
1527 3097 1716 3169 magni
1733 3096 2040 3153 domestici

391 3190 546 3257 fecit,
579 3189 766 3260 epulis
797 3205 922 3260 quas
955 3189 1235 3259 appositae
1266 3192 1430 3244 erant
1485 3187 1642 3242 inter
1687 3202 1784 3243 eos
1814 3187 1914 3258 qui
1947 3203 2036 3242 as-

2159 1954 2270 2004 τος,
2330 1935 2422 1989 καὶ
2477 1935 2616 1990 κατὰ
2675 1936 2870 2010 μικρὸν
2949 1937 3382 2010 ἀπονεκροῦντος
3473 1943 3644 1993 ταῦτα
3715 1939 3805 1994 καὶ

2158 2023 2564 2100 ἀποψύχοντος,
2653 2025 2787 2098 μετὰ
2847 2028 3040 2102 μικρὸν
3090 2030 3186 2082 τοῦ
3262 2026 3389 2102 βίου
3470 2028 3803 2101 μεθίσταται.

2157 2112 2296 2170 Τότε
2325 2110 2370 2167 δ’
2403 2114 2496 2168 οὗν
2528 2115 2556 2170 ὁ
2591 2112 2846 2190 βασιλεὺς
2885 2117 3014 2189 παρ’
3045 2113 3199 2170 οὐδὲν
3245 2115 3469 2188 θέμενος
3516 2119 3580 2173 τὸ
3641 2119 3805 2190 {tam

2153 2207 2250 2256 τοῦ
2308 2200 2574 2280 δερματος
2624 2203 2825 2277 ὑμένος
2881 2203 3112 2276 ἠκέσατο
3164 2203 3454 2278 ἐπιθέματι
3511 2207 3578 2276 ἢν
3645 2229 3800 2282 φασιν

2153 2289 2402 2366 ἐκδοράν,
2451 2291 2513 2348 ἐκ
2563 2297 2661 2348 τοῦ
2707 2299 2816 2350 τῶν
2869 2292 3055 2350 ποδῶν
3110 2293 3475 2371 ἀποσυρέντος
3522 2298 3796 2369 καττύμα-

2152 2405 2244 2446 τος
2282 2387 2414 2458 (34),
2442 2383 2726 2463 σφαλερῶς
2767 2385 3006 2451 ἐντεῦθεν
3025 2387 3362 2460 πειρώμενος
3392 2387 3484 2441 τὸν
3535 2386 3792 2460 προϊόντα

2152 2473 2401 2548 ἐπισχεῖν
2429 2472 2666 2550 ὕφαιμον
2710 2473 2891 2549 ἰχῶρα
2927 2478 3024 2530 τοῦ
3078 2475 3415 2548 τραύματος.
3454 2471 3780 2537 Ἐπανελθὼν

2151 2559 2249 2616 οὗν
2279 2581 2415 2636 προς
2449 2563 2674 2638 ἑσπέραν
2704 2563 2795 2618 καὶ
2824 2562 3120 2638 ἀριστήσας
3149 2566 3248 2633 τὴν
3303 2565 3398 2636 μὶν
3434 2563 3594 2618 νύκτα
3653 2560 3786 2636 μετᾶ

2151 2652 2430 2726 ῥᾳστώνης
2456 2649 2724 2730 διήνεγκε’
2768 2654 2867 2723 τήν
2903 2649 2960 2708 δὲ
2993 2653 3129 2727 μετᾶ
3170 2653 3374 2724 ταύτην
3433 2654 3644 2727 ἡμέραν
3709 2650 3792 2706 οἲ-

2151 2739 2351 2796 δαίνειν
2373 2741 2461 2797 καὶ
2496 2740 2710 2818 σφύζειν
2761 2741 3064 2816 ἀρξαμένου
3124 2747 3222 2797 τοῦ
3277 2743 3588 2816 τραύματος
3641 2760 3794 2816 περι-

2150 2827 2406 2896 ωδυνίαις
2435 2826 2721 2902 ἐϐάλλετο,
2751 2831 2842 2885 καὶ
2873 2831 3088 2902 τίθησιν
3117 2825 3380 2887 ἔκπυστον
3407 2836 3539 2893 ξτοῖς
3591 2831 3798 2905 ἰατροῖς

2145 2919 2208 2974 τὸ
2249 2913 2480 2993 συμϐάν.
2511 2919 2578 2977 Oi.
2609 2916 2667 2974 δὲ
2695 2921 2786 2976 τὸν
2816 2925 2917 2989 τῆς
2949 2921 3138 2996 χειρός
3170 2919 3334 2996 ὃγκον
3363 2917 3573 2982 ἰδόντες
3615 2919 3706 2974 καὶ
3735 2919 3798 2974 τὸ

2145 3009 2282 3082 πρὸς
2336 3003 2514 3063 ἄκεσιν
2571 3009 2720 3074 τεθὶν
2774 3009 3286 3086 περιεργασάμενοι,
3318 3007 3448 3064 αὒτὸ
3475 3010 3568 3084 μὲν
3603 3009 3678 3071 ὡς
3711 3010 3789 3080 μή

2143 3097 2279 3152 κατὰ
2332 3097 2566 3172 θεσμοὺς
2627 3099 2960 3172 νοοοκομίας
3031 3097 3385 3178 παραληφθὲν
3473 3096 3784 3175 ἀπήνεγκαν

2143 3191 2244 3256 τῆς
2301 3186 2506 3262 χειρὸς,
2573 3187 2881 3265 φαρμάκοις
2933 3184 2980 3242 δ’
3038 3186 3232 3252 ἄλλοις
3291 3187 3602 3263 ἐχρήσαντο
3688 3207 3782 3242 κα-

390 3277 598 3332 tabant
615 3258 961 3331 distributis
993 3293 1008 3343 ;
1037 3258 1362 3346 semotique
1394 3274 1630 3330 arbitris
1679 3275 1750 3330 de
1804 3275 2033 3344 imperii

2151 3258 2439 3330 εαλεαίνειν
2487 3258 2808 3348 δυναμένοις
2859 3277 2926 3332 τὰ
2971 3281 3078 3331 τῶν
3135 3258 3460 3352 τραυμάτων
3511 3274 3788 3353 φλεγμαί-

388 3380 730 3422 successore
751 3365 1070 3420 deliberare
1102 3363 1372 3421 instituit.
1436 3363 1736 3422 Enimvero
1793 3363 1942 3420 valle
1973 3368 2030 3420 in

2151 3383 2316 3418 νοντα.
2383 3364 2534 3420 Ἐπεὶ
2593 3361 2640 3418 δ’
2698 3364 2776 3428 εἰς
2852 3362 3006 3420 οὐδὲν
3074 3364 3334 3436 ἀνύσιμον
3368 3361 3698 3419 ἀπετελεύτα
3720 3363 3787 3418 τά

393 3470 513 3526 qua
543 3458 740 3510 castra
771 3453 1024 3510 habebat
1051 3454 1274 3526 ingenti
1299 3452 1492 3526 pluvia
1527 3452 1835 3526 inundata,
1865 3454 2042 3511 etiam

391 3541 644 3600 lectulus
676 3545 804 3615 ejus
835 3543 1052 3616 impetu
1099 3543 1458 3600 decurrentis
1481 3560 1644 3615 aqua
1666 3547 1755 3600 est
1783 3551 2038 3616 avectus,

389 3647 525 3688 cum
559 3633 705 3689 illud
743 3633 1068 3700 oraculum,
1105 3653 1134 3683 κ
1180 3633 1364 3689 Cades
1403 3633 1643 3706 aquosis
1689 3633 2038 3707 improvisus

389 3723 446 3780 in
469 3724 636 3791 locis,
669 3747 698 3776 »
730 3725 981 3784 subinde
1011 3724 1065 3780 in
1086 3741 1199 3781 .ore
1229 3724 1484 3780 haberet.
1509 3724 1616 3791 Qui
1671 3740 1804 3782 vero
1861 3725 2040 3798 impe-

386 3818 646 3872 ratorum
680 3815 1086 3872 successiones
1126 3819 1182 3870 et
1227 3813 1578 3870 mutationes
1626 3814 2032 3886 pervestigant,

384 3903 524 3960 illud
551 3905 722 3960 etiam
748 3909 958 3962 eventu
977 3904 1420 3976 comprobatum
1445 3920 1570 3960 esse
1585 3903 1806 3960 ferunt:
1825 3927 1852 3956 ‹‹
1873 3904 1991 3961 Heu
2015 3904 2028 3959 l

385 3995 568 4050 corvis
600 4010 730 4050 esca
759 3993 876 4049 eris
909 3993 1089 4050 miser
1118 3993 1427 4050 verae-ibus
1461 3991 1474 4047 ί
1539 4014 1568 4042 ››
1625 3991 1683 4048 Id
1726 3992 2028 4050 oraculum

383 4084 594 4151 partim
627 4084 700 4138 ad
735 4085 902 4154 nigra
931 4086 988 4137 et
1029 4083 1336 4138 stridentia
1386 4081 1756 4150 ferramenta,
1815 4083 2032 4154 quibus

383 4186 596 4226 manus
625 4171 753 4239 ejus
783 4177 915 4224 usta
954 4173 1128 4236 esset,
1189 4170 1402 4240 partim
1460 4169 1531 4226 ad
1575 4179 2030 4241 cognomentum

2147 3453 2599 3531 φαρμακεύματα,
2657 3454 2795 3529 πρὸς
2849 3454 3202 3532 χειρουργίαν
3265 3453 3320 3508 οἰ
3382 3450 3786 3520 ’Δσκληπιάδαι

2151 3544 2438 3620 βλέπουσι.
2471 3545 2790 3619 Τμηθέντος
2821 3543 2911 3602 οὖν
2941 3549 3040 3602 τοῦ
3088 3544 3416 3619 οἰδήματος,
3476 3543 3596 3600 οὐδ’
3644 3543 3792 3600 οὕτω

2145 3636 2451 3707 καταστολή
2483 3657 2566 3698 τις
2596 3636 2686 3690 καὶ
2717 3633 3063 3714 ὑποχάλασις
3091 3637 3188 3690 τοῦ
3234 3634 3548 3709 πάσχοντος
3601 3631 3800 3709 μέρους

2145 3723 2518 3801 ἐγίνετο,ἆλλ’
2549 3723 2664 3779 ὅτε
2715 3721 2875 3798 ὄγκος
2927 3722 3010 3778 ἀεὶ
3066 3721 3155 3778 ἐπὶ
3216 3727 3403 3796 μεῖζον
3461 3719 3648 3798 ᾔρετο,
3707 3721 3796 3776 ἐπὶ

2143 3810 2396 3887 δακτύλῳ
2423 3834 2482 3868 τε
2511 3810 2784 3868 δάκτυλον
2813 3811 2904 3867 καὶ
2953 3811 3161 3886 καρπὸν
3217 3809 3304 3866 ἐπὶ
3360 3809 3618 3886 παλάμῃ,
3677 3811 3794 3866 εἶτα

2141 3909 2352 3978 πῆχυν,
2384 3901 2473 3958 ἐπὶ
2505 3899 2563 3956 δὲ
2591 3899 2768 3974 τούτῳ
2819 3902 3092 3976 βραχίονα
3145 3897 3430 3973 ἐπενέμετο
3473 3901 3536 3956 τὸ
3590 3896 3788 3970 δεινὸν,

2139 3990 2228 4045 καὶ
2291 3989 2544 4065 βασιλεὺς
2603 3993 2708 4044 τῶν
2778 3987 3164 4064 χρηστοτέρων
3220 3985 3460 4045 ἐλπίδων
3517 3989 3784 4064 ἀπήγετο.

2141 4078 2362 4152 Ἀμέλει
2391 4077 2482 4133 καὶ
2511 4083 2628 4141 τοῖς
2663 4078 2757 4152 μὶν
2799 4077 3006 4154 ἰατροῖς
3063 4077 3445 4153 ἠπορημένοις
3502 4078 3785 4133 παντάπα-

2141 4189 2222 4224 σιν
2282 4167 2460 4224 ἐδόκει
2524 4170 2624 4238 τὴν
2682 4174 2843 4244 χεῖρα
2888 4173 2986 4225 τοῦ
3046 4167 3318 4244 βασιλέως
3394 4167 3684 4242 ἀποτεμεῖν
3732 4167 3786 4230 ἐς

385 4258 675 4313 montium
706 4257 995 4328 pertinere
1015 4255 1436 4312 existimantes.

2151 4257 2317 4334 μηρόν
2347 4255 2592 4329 ἀνδρεῖον
2620 4255 2968 4334 ἀδρυνθεῖσαν
3018 4260 3086 4330 τῇ
3135 4255 3447 4336 φλεγμονῇ,
3489 4259 3610 4314 κατ’
3675 4258 3784 4330 ἀμ-

381 4345 646 4422 φήριστον
679 4341 862 4416 μέντοι
893 4343 982 4397 καὶ
1059 4337 1180 4398 τὸτε
1251 4347 1352 4398 τοῦ
1425 4345 1732 4418 πάσχοντος
1811 4342 2011 4417 μέλους
2082 4343 2254 4405 ’ίασιν.
2336 4347 2592 4421 βασιλεὺς
2638 4345 2694 4403 δὲ
2749 4349 2840 4402 καὶ
2883 4348 2984 4416 τὴν
3038 4344 3304 4422 προτέραν
3361 4349 3539 4420 τομὴν
3599 4345 3781 4402 αἰτίαν

381 4438 483 4488 τοῦ
515 4433 820 4508 ξύμπαντος
895 4436 1063 4488 κακοῦ
1139 4432 1512 4508 ξυνορώμενος
1568 4430 1684 4486 οὐδ’
1741 4431 1888 4496 ὅλως
1959 4440 2077 4498 τοῖς
2153 4434 2480 4512 λεγομένοις
2511 4435 2812 4508 ἐπένευσεν,
2859 4434 2990 4490 ἀλλ’
3016 4433 3190 4491 ἔκειτο
3230 4435 3474 4509 κάμνων,
3547 4435 3613 4490 τὸ
3683 4442 3786 4505 τῆς

381 4521 663 4598 θεραπείας
735 4519 980 4597 παριδὼν
1058 4522 1390 4601 ἀμφίλογον.
1471 4521 1803 4593 Ἐπιστάσης
1879 4519 1936 4578 δὲ
2007 4530 2108 4594 τῆς
2183 4527 2535 4598 πανευσήμου
2591 4524 2801 4599 ἡμέρας
2840 4529 2942 4594 τῆς
2989 4527 3236 4598 Χριστοῦ
3291 4524 3630 4586 ἀναστάσεως
3679 4529 3787 4579 τῶν

377 4612 534 4668 θείων
611 4613 926 4688 μυστηρίων
1005 4611 1056 4667 ἐν
1137 4610 1339 4685 μεθέξει
1413 4609 1638 4684 γίνεται,
1714 4612 1806 4666 καὶ
1880 4613 2018 4686 πρὸς
2091 4615 2155 4668 τὸ
2230 4612 2444 4670 δεῖπνον
2521 4614 2800 4670 ἀναπεσὼν
2875 4612 3038 4684 ἀνῆκε
3109 4614 3210 4684 τὴν
3237 4610 3466 4668 αὐλαίαν
3511 4613 3640 4668 πᾶσι
3670 4619 3786 4675 τοῖς

375 4702 596 4758 εἰσιέναι
648 4703 740 4758 καὶ
807 4700 1068 4774 δεηθῆναι
1129 4699 1369 4766 θέλουσι.
1439 4699 1538 4755 Καὶ
1757 4702 1876 4775 ἑξῆς
1915 4703 2096 4778 ἡμέρα
2159 4704 2252 4758 τὸν
2308 4704 2466 4760 αὑτὸν
2537 4701 2964 4778 διαπραξάμενος
2995 4701 3198 4779 τρόπον
3251 4704 3502 4776 ὑποθήκῃ
3557 4707 3655 4757 τοῦ
3687 4724 3787 4776 με-

371 4789 550 4866 γάλου
602 4789 928 4864 δομεστίκου
987 4792 1256 4862 Ἰωάννου,
1313 4788 1404 4845 καὶ
1495 4790 1562 4845 τὰ
1635 4793 1998 4866 παρατεθέντα
2075 4793 2342 4868 βρώματα
2396 4798 2514 4854 τοῖς
2590 4796 2898 4866 παρεστῶσι
2972 4789 3412 4866 διανειμάμενος,
3487 4793 3606 4846 καθ’
3657 4793 3784 4847 έαυ-

367 4879 461 4933 τὸν
493 4877 676 4934 ἔκτοτε
704 4877 917 4943 ἰδιάσας
946 4882 1068 4956 περὶ
1121 4881 1216 4936 τοῦ
1249 4875 1517 4957 διαδόχου
1589 4888 1691 4952 τῆς
1769 4879 2049 4956 βασιλείας
2124 4884 2343 4957 ἐγνώκει
2419 4881 2965 4938 σκέπτεσθαι.’ὶέτοῦ
3039 4879 3096 4936 δὲ
3170 4880 3591 4957 κατενεχθέντος
3645 4882 3783 4958 ῥαγ-

372 4965 549 5036 δαίου,
607 4970 698 5024 καὶ
761 4977 862 5040 τῆς
920 4969 1180 5034 κοιλάδος
1239 4971 1576 5049 καταῤῥύτου
1605 4971 1863 5050 φηνείσης
1904 4971 1988 5046 ἐφ’
2034 4974 2101 5042 ἧς
2167 4971 2670 5048 ἐστρατοπεδεύετο,
2722 4976 2758 5044 ἢ
2812 4993 2872 5028 τε
2906 4971 3182 5048 βασιλέωσ
3235 4971 3398 5042 κλίνη
3455 4973 3776 5048 μετεφέρετο

371 5057 508 5128 πρὸς
536 5057 599 5112 τὸ
619 5061 915 5131 καθαρεῦον
957 5055 1150 5122 ὕδατος
1181 5058 1365 5135 μέρος,
1389 5062 1482 5116 καὶ
1557 5061 1719 5124 αὐτὸς
1795 5059 1883 5114 ἐπὶ
1958 5061 2226 5134 στόματος
2303 5062 2421 5138 εἶχε
2491 5063 2554 5119 τὸ
2627 5061 2828 5140 φάσκον
2901 5060 3104 5117 ούτωσὶ
3179 5058 3596 5137 χρησμῲδημα·
3629 5085 3662 5114 α
3681 5061 3778 5116 Τό-

373 5165 505 5206 ποις
556 5143 603 5200 δ’
656 5144 709 5200 ἐν
765 5147 956 5224 ὓγροίς
1011 5147 1103 5203 καὶ
1159 5153 1288 5220 παρ’
1351 5147 1549 5205 ἐλπίδα
1609 5150 1798 5222 πέσῃς.
1841 5173 1868 5201 ››
1901 5149 1964 5203 Οἱ
1995 5147 2052 5204 δὲ
2078 5150 2174 5214 τὰς
2203 5155 2311 5206 τῶν
2341 5150 2610 5226 βασιλέων
2642 5147 2906 5226 διαδοχὰς
2931 5151 3022 5206 καὶ
3047 5149 3360 5225 μεταθέσεις
3391 5149 3776 5228 φιλοκρινοῦν-

369 5255 460 5295 τες
489 5234 578 5290 καὶ
639 5239 800 5291 τοῦτο
860 5235 1026 5308 πέρας
1085 5235 1365 5316 εἰληφέναι
1425 5235 1638 5314 ἔλεγον,
1700 5263 1728 5292 ‹‹
1789 5239 1854 5292 Ὠ
1899 5243 2016 5300 πῶς
2064 5241 2266 5315 γενήσῃ
2304 5241 2501 5316 βρῶμα
2533 5238 2720 5296 δεινῶν
2749 5241 2998 5316 κοράκων
3033 5241 3046 5296 ἰ
3087 5262 3116 5293 ››
3149 5246 3227 5310 πῆ
3263 5240 3359 5312 μὲν
3390 5237 3444 5302 ἐς
3472 5239 3540 5295 τὰ
3573 5238 3785 5312 μέλανα

369 5325 458 5378 καὶ
491 5326 706 5393 σίζοντα
809 5321 1030 5398 σιδήρια
1087 5328 1149 5381 τὸ
1181 5325 1519 5405 παλαίφατον
1629 5332 1792 5384 τοῦτο
1826 5325 2011 5402 λόγιον
2090 5327 2294 5402 ἀφορᾷν
2348 5329 2778 5404 ἰσχυριζόμενοι,
2842 5327 2912 5384 δι’
2949 5329 3024 5384 ὧν
3058 5329 3086 5384 ὁ
3135 5330 3345 5402 καυτήρ
3391 5333 3460 5401 τῇ
3509 5331 3660 5408 χειρὶ
3684 5333 3782 5386 τοῦ

374 5411 641 5487 βασιλέως
703 5412 1074 5489 ἐπενήνεκται,
1114 5421 1189 5485 πῆ
1252 5412 1296 5470 δ’
1355 5415 1408 5478 ἐς
1457 5417 1520 5471 τὸ
1575 5421 1682 5472 τῶν
1743 5417 1956 5493 βουνῶν
2005 5418 2370 5494 πρυσώνυμον
2415 5417 2498 5496 ἐφ’
2529 5418 2604 5480 ὧς
2634 5417 2834 5482 ἐκεῖνος
2865 5419 3265 5490 κατεσκηνώκει
3294 5419 3357 5474 τὸ
3388 5413 3782 5494 προφοίϐασμα

365 5501 731 5568 ἀπολύοντες.

1740 5601 1907 5662 Hier.
1955 5599 2168 5663 Wolﬁi
2210 5609 2398 5666 notae.

442 5705 553 5781 (36)
577 5701 858 5780 Κάττυμα.
893 5705 998 5765 Hic
1029 5723 1145 5766 non
1174 5709 1316 5780 puto
1345 5723 1450 5780 pro
1482 5706 1656 5768 soleis
1686 5707 1979 5778 usurpari,
2011 5707 2111 5765 sed
2137 5723 2246 5781 pro
2272 5714 2405 5770 cute
2434 5710 2566 5784 pedi
2597 5711 2877 5772 detracta.
