4150 6292
354 377 487 438 369

1659 365 2010 428 JOANNES
2054 365 2498 428 COMNENUS.

3645 350 3790 434 i370

457 508 562 581 αβ“·
621 499 1020 572 Ἑκκλησιάσας
1080 498 1125 553 δ’
1181 497 1367 554 ἔπειτα
1429 500 1492 552 τὸ
1539 499 1790 573 συγγενὲς
1821 497 1908 552 καὶ
1941 496 1999 574 cpi

2216 499 2430 554 5612.
2467 499 2682 554 Deinde
2750 501 3073 556 convocatis
3130 502 3408 573 cognatis,
3467 503 3672 560 amicis
3711 512 3791 560 at-

378 597 499 655 λιον
548 595 634 648 καὶ
693 592 887 648 ὀπίσον
951 589 1003 645 ἐν
1039 589 1338 667 ὑπεροχαῖς
1376 606 1434 642 τε
1465 588 1552 641 καὶ
1592 587 1894 659 ἀξιώμασιν
1939 589 2028 654 ἦν,

379 688 462 742 καὶ
519 680 1017 758 παραστησάμενος
1102 679 1198 733 τὸν
1278 678 1603 753 ὑστερογενῆ
1688 674 1858 730 παῖδα
1942 677 2033 730 τὸν

381 773 663 843 Μανουήλ,
693 768 886 826 τοιάδε
917 764 1109 838 ἔλεξεν*
1149 790 1177 819 ι(
1209 766 1321 824 Οὐκ
1376 765 1457 821 ἐπ’
1519 764 1697 820 ἐλπίσι
1760 765 1854 838 μὲν
1912 771 2030 824 ταῖς

370 863 700 939 ὁρωμέναις,
772 857 964 934 ἄνδρες
1043 859 1336 929 Ῥωμαῖοι,
1427 855 1623 930 Συρίαν
1707 851 2028 921 κατέλαϐον,

362 953 490 1009 ἀλλ’
535 951 702 1024 ᾤμην
746 951 856 1004 τῶν
889 947 1168 1023 προτέρων
1201 943 1553 1018 εὖκλεὲστερα
1601 939 1736 1021 ἔργα
1803 943 2030 1014 ἐνδείξας

359 1044 509 1110 σθαι,
549 1040 638 1096 καὶ
674 1039 974 1101 λούσασθαι
1013 1037 1106 1109 μὲν
1135 1033 1448 1103 ἀδεέστερον
1510 1033 1561 1088 ἐν
1630 1034 1886 1110 Εὐφράτῃ
1938 1035 2028 1088 καὶ

353 1139 462 1188 τῶν
496 1129 697 1186 τοῦτου
753 1128 1012 1200 ναμάτων
1079 1125 1383 1198 πλησμίως
1442 1124 1760 1198 ἀρύσασθαι,
1823 1121 2028 1188 ἰδέσθαι

360 1221 419 1278 δὲ
452 1221 544 1276 καὶ
579 1216 825 1296 Τίγριδα
855 1216 1101 1289 ποταμὸν
1122 1215 1212 1270 καὶ
1272 1211 1594 1286 διαθροῆσαι
1654 1218 1771 1275 τοῖς
1831 1213 2027 1277 ὅπλοις

358 1313 426 1368 τὸ
463 1309 881 1380 ἀνθιστάμενον,
911 1304 1036 1360 ὅσον
1069 1323 1127 1359 τε
1157 1304 1454 1378 προσρέπει
1510 1306 1628 1364 τοῖς
1699 1301 1879 1375 Κίλιξι
1937 1305 2028 1358 καὶ

367 1401 498 1456 ὅσον
549 1403 667 1459 τοῖς
732 1396 792 1450 ἐκ
847 1401 947 1463 τῆς
1003 1399 1179 1470 ’Ἅγαρ
1244 1390 1623 1467 προσνένευκε,
1708 1389 2028 1450 διαπτάσθαι

355 1488 415 1545 δὲ
449 1487 651 1548 καὶὡς
715 1486 767 1540 οἱ
834 1484 1080 1560 βασιλεῖς
1158 1486 1267 1537 τῶν
1326 1481 1579 1556 ὀρνίθων,
1641 1481 1686 1536 εἰ
1740 1481 1830 1536 καὶ
1894 1483 2031 1556 μέγα

353 1580 522 1635 τοῦτο
598 1576 770 1629 εἰπεῖν
815 1573 950 1643 ἐστι,
1017 1573 1153 1647 πρὸς
1204 1569 1572 1641 Παλαιστίνην
1632 1570 1822 1640 αὐτὴν,
1886 1572 2027 1631 ὅπου

351 1671 419 1726 τὸ
472 1675 576 1737 τῆς
644 1663 918 1739 ἡμετέρας
982 1662 1190 1738 φύσεως
1247 1666 1450 1736 πτῶμα
1515 1662 1693 1717 πεσὼν
1741 1661 2027 1738 ἀνήγειρεν

353 1762 382 1814 ὁ
415 1757 680 1831 Χριστὸς,
715 1753 802 1808 ἐπὶ
832 1754 1064 1809 σταυόοΰ
1091 1753 1187 1813 τὰς
1221 1757 1413 1826 χεῖρας
1481 1751 1614 1812 διεὶς
1655 1750 1744 1806 καὶ
1806 1757 2025 1826 μικραῖς

2139 603 2251 660 que
2280 588 2664 660 magnatibue,
2708 591 3102 661 productoque
3158 592 3420 648 Manuele
3478 594 3596 647 lilio
3646 601 3787 652 natu

2138 677 2404 745 mir-imo,
2434 678 2773 750 hujusmodi
2804 680 3122 735 orationem
3157 680 3394 736 habuit:
3430 703 3454 733 α
3478 683 3603 738 Non
3627 686 3785 754 equi-

2137 767 2266 822 dem
2302 784 2367 822 ea
2407 784 2506 836 spe
2540 784 2707 838 quam
2761 769 2990 834 videtis,
3051 770 3312 840 quirites,
3371 772 3590 840 Syriam
3651 791 3784 830 sum

2137 857 2456 927 ingressus,
2483 858 2581 912 sed
2617 858 2880 912 virtutem
2911 859 3189 928 majorum
3231 875 3323 914 me
3379 871 3780 930 superaturum

2136 946 2499 1014 Opinabar,et
2531 946 2792 1001 securius
2825 950 2880 1002 in
2913 947 3203 1016 Euphrate
3270 948 3582 1006 levaturum
3623 957 3680 1006 et
3714 955 3783 1007 ad

2137 1035 2665 1090 satietatemlatices
2688 1036 2814 1106 ejus
2837 1036 3175 1092 hausturum
3229 1055 3372 1105 esse,
3410 1039 3787 1112 visurumque

2135 1125 2306 1180 etiam
2340 1124 2559 1196 Tigrim
2587 1123 2850 1192 ﬂuvium,
2884 1130 2940 1180 et
2968 1143 3168 1182 omnes
3195 1129 3556 1184 adversarios
3606 1133 3783 1187 armis

2138 1213 2606 1285 proﬂigaturum,
2639 1215 2973 1286 quicunque
2996 1231 3197 1271 vorsus
3227 1215 3487 1272 Ciliciam
3541 1224 3786 1290 vergunt

2136 1305 2191 1356 et
2219 1302 2289 1356 ad
2351 1304 2634 1371 Agarenos
2689 1302 3041 1370 defecerunt,
3102 1310 3276 1376 atque
3334 1306 3544 1376 aquilae
3602 1306 3785 1362 instar

2136 1391 2422 1462 (quamvis
2453 1391 2558 1446 hoc
2617 1407 2895 1462 magnum
2956 1393 3115 1450 dictu
3175 1393 3461 1462 videatur)
3492 1394 3550 1450 in
3593 1394 3783 1466 ipsam

2136 1479 2498 1536 Palaestinam
2529 1481 3045 1548 transvolaturum,
3079 1483 3175 1538 ubi
3207 1483 3475 1540 Christus
3534 1486 3786 1541 extensis

2135 1569 2194 1624 in
2217 1584 2386 1623 cruce
2419 1568 2686 1624 manibus
2715 1575 2935 1625 naturae
2969 1579 3175 1627 nostra:
3206 1573 3438 1628 ruinam
3507 1590 3613 1629 suo
3645 1591 3783 1628 casu

2134 1659 2333 1724 erexit,
2366 1662 2423 1713 et
2457 1658 2645 1728 parvis
2677 1659 2871 1728 guttis.
2899 1663 3084 1714 totum
3120 1661 3407 1717 mundum
3479 1662 3682 1731 univit,
3717 1678 3784 1718 ac

2137 1750 2387 1803 montem
2415 1746 2641 1802 Domini
2673 1763 3147 1816 conscensurum,
3191 1755 3254 1805 ut
3303 1751 3790 1821 Psalmographus

354 1850 535 1924 ῥανίσι
597 1845 804 1919 κόσμον
880 1842 1008 1898 ὅλον
1084 1843 1157 1903 εἰς
1201 1839 1393 1896 ἕνωσιν
1454 1843 1696 1918 ἀγαγὼν,
1753 1837 2009 1910 ἀναϐῆναι

2134 1835 2358 1903 scribit,
2390 1844 2560 1908 atque
2581 1835 2638 1890 in
2662 1836 2785 1892 loco
2834 1839 2962 1907 ejus
2986 1842 3185 1893 sancto
3208 1843 3494 1895 staturum
3523 1855 3650 1895 esse
3683 1859 3696 1906 ;
3729 1844 3786 1894 et

359 1937 416 1994 δὲ
445 1936 536 1992 καὶ
598 1935 675 1996 εἰς
705 1936 767 1988 τὸ
836 1933 961 2006 ’ὀρος
1029 1929 1236 2004 Κυρίου
1284 1929 1419 1984 κατὰ
1471 1931 1562 1984 τὸν
1604 1929 1887 2004 ψαλλοντα
1916 1933 2002 1986 καὶ

354 2035 549 2096 στῆναι
580 2023 631 2078 ἐν
687 2024 844 2094 τόπῳ
897 2020 1040 2097 ἁγίῳ
1099 2018 1284 2090 αὑτοῦ,
1334 2018 1610 2091 μετελθεῖν
1668 2017 1725 2074 δὶ
1755 2019 2004 2094 πολέμου

349 2119 509 2189 νόμῳ
541 2114 715 2168 καὶτὸ
766 2110 956 2182 κύκλῳ
1013 2107 1300 2181 πολέμιον,
1361 2107 1492 2182 ὅπερ
1551 2109 1624 2172 ὡς
1676 2116 1776 2179 τῆν
1829 2110 2002 2166 πάλαι

348 2200 590 2261 κιϐωτὸ)
621 2204 674 2256 οἱ
707 2197 1041 2276 ἂλλόφυλοι,
1075 2199 1172 2267 τὴν
1221 2201 1316 2252 τοῦ
1374 2198 1579 2272 Κυρίου
1638 2199 1796 2272 σορὸν
1864 2199 2002 2255 πολ-

349 2292 512 2353 λάκις
583 2290 701 2346 εἷλε
744 2287 1102 2363 δορύκτητον·
1169 2286 1317 2343 Ἑπεί
1379 2283 1434 2342 δὲ
1492 2287 1576 2351 οἶς
1630 2289 1858 2361 τρόποις
1941 2289 2003 2344 τὸ

345 2386 494 2438 θεῖον
539 2381 842 2448 ἐπίσταται,
879 2374 1072 2431 οὔκουν
1124 2373 1365 2431 δέδεκται
1395 2376 1617 2450 ιπέρας]
1644 2377 1711 2431 τὰ
1765 2377 2002 2449 προσδο-

343 2472 598 2544 κώμενα,
653 2469 971 2536 ἀντιστῆναι
1025 2466 1118 2538 μὲν
1191 2463 1337 2525 ὅλως
1396 2465 1494 2520 οὐκ
1521 2461 1714 2539 ξέστιν,
1767 2465 1883 2522 οὐδ’
1916 2466 2003 2523 ἐπὶ

355 2565 479 2618 τοῖς
543 2557 836 2631 δρωμένοις
896 2555 1078 2630 χρεὼν
1139 2555 1428 2611 ἀντειπεῖν.
1515 2555 1606 2610 Τίς
1690 2558 1795 2632 γὰρ
1870 2561 2004 2613 Θεοῦ

376 2645 680 2718 σοφώτερος
706 2664 720 2712 ;
749 2648 782 2715 ἢ
815 2666 894 2706 τις
931 2643 1302 2716 μετελεύσεται
1328 2648 1451 2698 νοῦν
1485 2646 1689 2718 Κυρίου
1717 2647 1807 2700 καὶ
1842 2667 2002 2717 μετα-

377 2733 656 2808 μείψειτα
697 2734 881 2789 τούτου
927 2733 1180 2807 κρίμανα,
1245 2732 1532 2809 ὑφελέσθαι
1591 2734 1627 2803 ἤ
1690 2737 2004 2809 προσθεῖναι

367 2822 597 2884 τούτοις
657 2820 996 2895 δεδυνημένος
1033 2843 1046 2893 ;
1082 2821 1355 2898 Σφαλεραὶ
1403 2823 1494 2894 μὲν
1527 2823 1630 2898 γὰρ
1674 2825 1728 2878 αἱ
1779 2828 1888 2879 τῶν
1920 2825 2004 2878 ἀν·

371 2913 616 2988 θρώπων
647 2911 889 2977 ἐπίνοιαι,
912 2915 946 2982 ἡ
981 2910 1037 2966 δὲ
1067 2916 1164 2967 τοῦ
1195 2911 1397 2986 Κυρίου
1451 2911 1625 2986 βουλή
1684 2913 2004 2984 ἀνεπιποίη-

360 3006 465 3065 τὸς
496 3022 554 3056 τε
577 3002 662 3056 καὲ
713 3002 1124 3075 ἀμετάπτωτος.
1159 3004 1246 3058 Ἐν
1295 2999 1533 3064 πολλοῖς
1583 3001 1628 3056 δ’
1660 3001 1808 3064 ὅσοις
1840 3001 2005 3078 εὐχά-

351 3112 552 3168 ριστος
581 3087 722 3166 ἔχων
757 3089 1065 3146 δείκνυσθαι
1095 3095 1174 3162 τῷ
1200 3091 1266 3144 τὰ
1296 3092 1413 3145 κατ’
1467 3092 1563 3164 ἐμὲ
1592 3094 2006 3171 ἷσυμφερόντως

2125 1925 2321 1983 hostes
2353 1924 2458 1998 qui
2485 1925 2542 1979 in
2575 1925 2822 1980 circuitu
2849 1933 2984 1981 sunt
3009 1927 3142 1982 belli
3173 1928 3306 1998 jure
3343 1941 3778 1998 aggressurum,

2117 2017 2217 2088 qui
2243 2023 2307 2073 ut
2335 2015 2473 2073 olim
2506 2031 2698 2070 arcam
2721 2014 2973 2085 Barbari,
3007 2017 3088 2072 sic
3112 2017 3224 2088 ipsi
3247 2016 3505 2071 loculum
3537 2015 3771 2071 Domini

2114 2105 2404 2180 'aepejam
2425 2107 2606 2162 armis
2638 2111 3012 2175 occuparunt.
3047 2107 3193 2173 Quia
3232 2122 3370 2162 vero
3427 2105 3774 2175 exspectatio

2118 2215 2245 2254 mea
2283 2196 2664 2268 mejfrustrata
2703 2204 2787 2251 est
2845 2198 2979 2266 (qua
3034 2195 3105 2250 de
3158 2212 3332 2250 causa
3381 2195 3773 2263 Deus‘novit),

2116 2288 2386 2343 resistere
2417 2287 2653 2342 omnino
2705 2286 2864 2341 haud
2922 2285 3078 2352 licet,
3122 2301 3225 2341 nec
3292 2285 3364 2340 iis
3414 2302 3541 2356 quae
3573 2301 3769 2342 coram

2115 2384 2434 2435 cernuntur
2463 2379 2758 2450 relragari.
2803 2378 2940 2441 Quis
2998 2378 3153 2434 enim
3211 2384 3300 2434 est
3358 2378 3474 2434 Deo
3536 2379 3778 2448 sapien-

2115 2471 2223 2526 tior
2246 2470 2274 2524 Ἰ
2303 2474 2402 2525 aut
2433 2469 2562 2541 quis
2585 2470 2815 2524 Domini
2849 2469 3111 2524 animum
3155 2468 3494 2538 explorabit,
3526 2471 3772 2539 ejusque

2107 2558 2330 2630 judicia
2360 2558 2449 2612 vel
2482 2557 2746 2612 addendo
2776 2560 2866 2613 vel
2907 2558 3264 2612 detrahendo
3297 2558 3588 2613 mutabit?
3621 2558 3766 2614 Nam

2114 2647 2421 2702 hominum
2455 2647 2550 2702 57
2585 2646 2818 2715 quidem
2877 2645 3252 2714 cogitationes
3311 2646 3546 2701 lubricis
3607 2651 3767 2712 sunt,

2120 2735 2216 2791 Dei
2245 2750 2378 2789 vero
2411 2733 2720 2788 consilium
2755 2750 2868 2788 non
2903 2738 2992 2787 est
3032 2733 3256 2788 irritum
3309 2749 3413 2788 nec
3464 2733 3763 2790 mutabile.

2114 2825 2259 2880 Cum
2291 2828 2484 2878 autem
2519 2822 2703 2878 multa
2733 2821 2852 2875 sint
2883 2821 3158 2875 divinitus
3189 2821 3246 2874 in
3265 2820 3578 2876 mecollata
3596 2822 3768 2877 bene-

2117 2913 2248 2968 ticia
2277 2929 2341 2966 ac
2375 2926 2615 2966 numero
2650 2926 2792 2980 pene
2843 2909 3004 2964 nullo
3051 2909 3465 2980 comprehendi
3525 2921 3769 2980 queant,

2114 3001 2484 3056 audientibus
2512 2999 2694 3067 vobis,
2729 2999 3054 3069 iisdemque
3077 2997 3608 3067 testibus,divinam
3631 3016 3769 3071 erga

2117 3109 2207 3149 me
2240 3091 2678 3148 beneficentiam
2709 3097 2872 3162 grata
2893 3106 3030 3146 voce
3080 3090 3420 3160 praedicabo.
3464 3091 3624 3147 Patre
3655 3091 3766 3146 im-

355 3183 813 3252 οἰκονομτξοαντι,
877 3180 910 3234 ἅ
974 3179 1059 3233 καὶ
1123 3179 1351 3253 ἀριθμὸν
1417 3179 1785 3254 ὑπερπέπαικε
1864 3182 2002 3254 σύμ-

615 3275 642 3286 -
726 3271 735 3285 1
865 3270 878 3289 9
920 3270 945 3289 Λ
1064 3269 1082 3284 κ
1215 3269 1228 3288 Ι
1433 3267 1451 3289 ἰ
1500 3273 1513 3289 Ι
1590 3273 1612 3289 ν
1713 3269 1727 3289 9
1861 3271 1901 3289 οἵ

2120 3188 2382 3256 peratore
2416 3187 2588 3238 natus
2619 3197 2768 3251 sum,
2800 3182 2885 3237 illi
2916 3181 2976 3236 in
3009 3182 3250 3253 imperio
3282 3182 3536 3238 successi
3573 3207 3586 3250 ;
3619 3181 3765 3238 nihil

343 3293 543 3343 παντα,
576 3275 656 3341 τῷ
684 3271 823 3332 τέως
854 3269 1401 3344 ἀνθομολογονόμενος
1432 3267 1513 3345 ἐφ’
1557 3273 1640 3333 οἷς
1709 3269 2006 3346 ἐμεγάλυνε

339 3366 441 3416 τοῦ
499 3367 731 3429 ποιῆσαι
796 3360 918 3432 μεθ’
975 3360 1135 3430 ἡμῶν
1188 3357 1343 3420 ἔλεος
1404 3357 1486 3414 ἐπ’
1547 3361 1836 3434 ἀκροαταῖς
1883 3363 2008 3436 ὑμῖν

343 3451 437 3507 καὶ
466 3455 573 3505 τῶν
610 3447 928 3522 λεγομένων
966 3445 1227 3521 εἴδήμοσι
1262 3445 1390 3504 τάδε
1421 3451 1587 3528 φημί.
1649 3453 1749 3508 Ἐκ
1806 3453 2011 3526 πατρὸς

351 3539 623 3617 βασιλέως
661 3534 815 3616 ἔφυν,
847 3537 1031 3614 ἀρχῆς
1065 3536 1366 3612 γεγένημαι
1397 3545 1497 3607 τῆς
1557 3539 1760 3594 ἐκείνου
1821 3539 2007 3597 διαδο-

348 3651 474 3706 χος,
508 3627 662 3684 οὐδὲν
693 3622 1060 3699 ἀπεϐαλόμην
1107 3627 1183 3681 ὧν
1237 3627 1312 3689 εἰς
1370 3630 1560 3703 χεῖράς
1624 3650 1718 3702 μοι
1771 3628 2003 3704 παραδὲ-

348 3717 537 3776 δωκεν.
603 3719 668 3774 Εἰ
731 3715 790 3772 δὲ
817 3717 939 3771 κατ’
1009 3715 1328 3791 εὐγνώμονα
1386 3719 1474 3772 καὶ
1519 3720 1704 3773 πισνὸν
1731 3719 2006 3795 ὑπηρέτην

357 3806 814 3883 ὶπεξειργασᾶμην
881 3803 945 3858 τὸ
994 3804 1328 3879 παρασχεθέν
1393 3827 1484 3878 μοι
1531 3809 1707 3862 θεόθεν
1743 3815 1843 3877 τῆς
1907 3811 2003 3884 βαι

353 3896 557 3957 σιλείας
587 3896 874 3966 τάλαντον,
918 3891 1111 3955 ἄλλοις
1143 3899 1362 3949 σκοπεῖν
1391 3895 1481 3949 καὶ
1532 3893 1706 3971 λέγειν
1776 3898 2002 3974 ἀφίημί·

348 3987 437 4042 καὶ
471 3985 633 4049 αὐτὸς
664 3982 721 4039 δὲ
754 3984 1073 4056 ἃνεπαχθῶς
1109 3980 1482 4058 διηγησαίμην
1519 3982 1596 4054 ἄν,
1633 3986 1734 4041 οὐκ
1787 3983 2003 4059 ἐναϐρυ-

339 4077 598 4148 νόμενος,
659 4070 808 4126 ἀλλὰ
867 4071 933 4126 τὰ
992 4073 1112 4145 περὶ
1174 4071 1271 4144 ἐμὲ
1320 4073 1591 4146 θαυμάσια
1628 4079 1724 4130 τοῦ
1756 4081 1888 4132 Θεοῦ
1921 4075 2005 4132 δι-

349 4163 700 4235 ηποῦμενος.
746 4163 891 4222 νΕως
930 4181 996 4233 με
1023 4160 1112 4215 καὶ
1184 4159 1362 4235 δυσμή
1409 4165 1723 4239 μαχόμενον
1783 4161 2002 4240 ἔϐλεψε,

340 4254 411 4307 τὰ
470 4252 606 4327 πρὸς
675 4247 843 4328 ἄμφω
889 4251 984 4312 τὰς
1042 4250 1307 4327 ἠπείρους
1340 4256 1454 4325 (3‘7)
1513 4252 1637 4324 ἔθνη
1706 4254 1999 4328 μετῆλθον.

354 4342 558 4412 ῸΑίγα
614 4345 737 4403 τοῖς
795 4339 1114 4415 ἀνακτόροις
1173 4341 1523 4416 προσέμεινα
1567 4345 1594 4398 ὁ
1637 4345 1754 4420 βίος
1804 4344 2000 4425 σχεδὸν

353 4448 454 4502 μοι
513 4425 651 4488 am;
702 4423 787 4480 ἐπὶ
837 4433 1062 4496 σκηνῆς,
1121 4427 1209 4482 καὶ
1266 4430 1328 4484 τὸ
1386 4429 1678 4501 αἰθριάζειν
1739 4431 1820 4487 ἀεί
1867 4423 2000 4505 -μοι

351 4511 844 4590 περιεσπούδαστο.
893 4515 951 4571 Ἠ
985 4521 1054 4591 γῆ
1099 4514 1275 4589 αὕτη)
1309 4517 1390 4590 ἐφ’
1437 4519 1504 4588 ἦς
1565 4522 1655 4574 νῦν
1705 4541 1995 4594 στρατοπε-

2120 3289 2318 3330 eorum
2351 3289 2474 3344 quae
2534 3287 2865 3345 acceperam
2929 3272 3118 3327 amisi.
3147 3272 3234 3328 An
3293 3287 3424 3326 vero
3463 3271 3768 3342 prudentis

2120 3372 2175 3422 et
2204 3366 2393 3422 ﬁdelis
2425 3365 2670 3422 ministri
2727 3365 2910 3420 instar
2967 3363 3247 3420 talentum
3295 3365 3454 3435 regni
3493 3363 3771 3419 divinitus

2121 3455 2263 3511 mihi
2304 3456 2590 3511 creditum
2651 3454 2928 3524 auxerim,
2986 3453 3116 3509 aliis
3175 3453 3660 3508 considerandum
3712 3457 3769 3508 et

2119 3546 2691 3599 commemorandum
2724 3543 3013 3613 relinquo,
3044 3541 3306 3612 quamvis
3355 3547 3414 3596 el:
3447 3543 3567 3612 ipse
3622 3541 3766 3596 citra

2121 3633 2443 3687 molestiam
2464 3649 2527 3686 ea
2551 3632 2860 3702 praedicare
2885 3630 3402 3702 queam,nullaque
3422 3646 3555 3683 cum
3579 3635 3766 3684 osten-

2117 3723 2355 3789 tatione,
2388 3721 2483 3775 sed
2520 3719 2929 3774 miraculorum
2963 3719 3064 3774 Dei
3121 3718 3518 3773 celebratione.
3561 3715 3761 3772 Oriens

2117 3816 2174 3864 et
2204 3811 2448 3865 Occasus
2480 3808 2632 3866 bella
2688 3825 2779 3864 me
2837 3816 3128 3880 gerentem
3197 3807 3468 3861 viderunt
3502 3831 3514 3872 ;
3555 3810 3760 3877 gentes

2117 3916 2236 3969 quae
2267 3898 2322 3954 in
2358 3903 2603 3969 utraque
2634 3898 2962 3952 continente
2986 3896 3401 3964 habitant,sum
3433 3911 3755 3966 aggressus.

2117 3989 2321 4044 Parum
2352 3987 2410 4042 in
2446 3985 2654 4058 palatto
2686 3985 2893 4053 mansi,
2927 3985 3101 4041 vitam
3137 4001 3282 4057 pene
3313 3983 3372 4038 in
3412 3983 3761 4040 tabernacu-

2115 4077 2186 4133 lis
2218 4077 2376 4150 exegi
2414 4094 2428 4143 ;
2461 4091 2691 4144 semper
2721 4083 2778 4129 ut
2811 4075 2916 4129 sub
2939 4074 3035 4128 dio
3065 4091 3316 4145 agerem,
3348 4089 3581 4144 operam
3605 4072 3759 4128 dedi.

2113 4167 2308 4224 Tellus
2341 4169 2481 4233 haec,
2517 4167 2575 4220 in
2634 4182 2746 4236 qua
2805 4169 2994 4219 castra
3052 4164 3355 4231 habemus,
3391 4163 3479 4217 bis
3511 4178 3603 4218 me
3634 4164 3760 4233 jam

2115 4256 2354 4328 aspexit.
2416 4255 2656 4310 Multum
2717 4254 2991 4326 temporis
3040 4255 3441 4309 intercesserat
3520 4269 3587 4308 ex
3645 4270 3758 4323 quo

2115 4350 2300 4402 Persae
2331 4349 2388 4401 et
2418 4345 2634 4399 Arabes
2671 4343 2988 4398 Romanum
3058 4344 3376 4398 exercitum
3430 4359 3544 4397 non
3601 4343 3756 4396 vide-

2114 4440 2280 4492 rant:
2307 4434 2462 4490 hunc
2495 4433 2878 4488 formidarunt
2910 4436 3022 4486 Deo
3053 4432 3200 4486 duce
3230 4445 3436 4501 meque
3460 4430 3750 4494 ministro,

2113 4528 2398 4596 nobisque
2456 4524 2656 4579 multis
2713 4521 2955 4577 urbibus
3003 4524 3327 4589 cesserunt,
3383 4535 3524 4591 quas
3563 4519 3755 4573 adhuc

346 4581 638 4676 δευόμεθα,
699 4601 782 4665 δίς
844 4624 910 4675 με
1138 4581 1496 4681 προσέϐλεψε·
1565 4609 1656 4664 καὶ
1682 4581 2002 4685 ἤνΙμακρὸς

2120 4581 2441 4673 sbtineinus
2471 4632 2717 4687 qumque
2740 4613 2952 4669 nostris
2980 4611 3281 4681 imperatis
3331 4581 3555 4680 parent.
3593 4609 3755 4663 Faxit

335 4693 391 4764 ἐξ
426 4693 490 4748 οὗ
518 4694 721 4766 χρόνος
752 4691 1070 4768 ἀφθαλμοῖς
1102 4695 1202 4750 οὐκ
1231 4693 1382 4751 εἶδον
1413 4699 1666 4773 στρατιὰν
1709 4700 1996 4771 Ῥωμαίων

335 4782 540 4857 Πέρσαι
594 4781 683 4836 καὶ
743 4777 1000 4857 Ἄραϐες,
1057 4784 1260 4856 ταύτην
1315 4780 1531 4862 ἔτρεσαν
1588 4785 1706 4862 ἄρτι
1758 4789 1998 4866 ἐφ’ἡγε-

342 4873 469 4946 μόνι
514 4876 628 4942 Θεῷ
684 4872 778 4925 καὶ
830 4874 1227 4950 ὑποστρατήγῳ
1280 4878 1361 4949 [Ρ.
1397 4879 1490 4952 29]
1540 4875 1804 4950 ἐμοῖ,καί
1856 4879 1998 4934 πολ-

340 4960 457 5017 λῶν
508 4965 722 5022 πόλεων
783 4967 922 5038 ἡμῖν
956 4963 1336 5037 ὑπεξέστησαν,
1393 4964 1468 5022 ὦν
1523 4965 1577 5030 ἐς
1611 4963 1768 5042 δεῦρο
1816 4969 1997 5043 κύριοι

333 5057 768 5129 καθεστήκαμεν,
821 5052 879 5108 αἶ
927 5052 1018 5108 καὶ
1073 5058 1204 5124 ζῶσι
1253 5055 1487 5126 κατὰ,τὰ
1525 5058 1686 5129 ἡμῶν
1719 5058 1994 5133 προστάγ-

343 5143 507 5216 ματα.
558 5147 664 5204 Καὶ
727 5143 851 5215 δοίη
904 5143 1105 5219 Κύριος
1133 5145 1161 5200 ὁ
1213 5145 1342 5210 Θεὸς
1372 5145 1496 5219 ἐμοὶ
1533 5148 1641 5221 μήν
1675 5147 1992 5225 ὑπερμογή-

340 5254 478 5292 σαντι
547 5241 645 5294 τοῦ
688 5241 800 5294 τῶν
857 5237 1192 5310 Χριστιανῶν
1220 5235 1598 5312 πληρώματος
1627 5236 1836 5314 κλῆρον
1883 5238 1996 5296 ἐκεῖ

334 5325 418 5382 καὶ
451 5325 652 5403 μιέίδα
705 5322 906 5393 ἀΐδιον,
947 5324 1012 5395 ἣν
1074 5326 1124 5382 οἱ
1156 5331 1346 5401 πραεῖς
1389 5326 1478 5383 καὶ
1511 5327 1790 5406 εὐάρεστοι
1845 5329 1995 5402 αὐτῷ

2110 4711 2262 4761 Deus
2285 4713 2349 4760 ut
2374 4720 2498 4774 ego,
2533 4706 2632 4776 qui
2663 4719 2766 4775 pro
2799 4703 3126 4759 Christiano
3162 4699 3369 4771 populo
3431 4715 3592 4754 arma
3643 4699 3752 4753 cir—

2108 4794 2500 4861 cumtuli,illic
2524 4800 2796 4849 aeternam
2821 4791 3214 4847 hereditatem
3239 4789 3552 4860 adipiscar,
3577 4803 3752 4860 quam

2109 4885 2396 4942 mansueti
2435 4884 2772 4953 acceptique
2835 4883 2945 4935 Deo
3003 4889 3491 4949 consequentur;
3543 4877 3751 4932 vestris

2106 4990 2237 5029 vero
2297 4971 2398 5028 58
2461 4969 2729 5025 manibus
2786 4970 2964 5023 robur
3023 4975 3080 5022 et
3129 4967 3275 5022 vires
3329 4967 3498 5021 addat
3555 4974 3753 5022 contra

2107 5062 2353 5137 populos
2375 5061 2472 5133 qui
2491 5059 2658 5118 bellis
2681 5059 2941 5123 student,
2965 5060 3183 5130 quique
3206 5064 3636 5114 sacrosanctum
3655 5053 3750 5111 Dei

2108 5155 2288 5211 nostri
2315 5167 2526 5208 nomen
2560 5167 2674 5206 non
2706 5149 2994 5204 invocant.
3060 5149 3114 5203 Id
3177 5153 3365 5203 autem
3428 5149 3544 5216 ﬁet,
3576 5146 3623 5201 si
3652 5161 3752 5201 vos

2105 5258 2410 5300 successus
2439 5259 2471 5297 a
2501 5241 2697 5298 dextra
2735 5238 3014 5296 Altissimi
3064 5246 3119 5294 et
3176 5237 3397 5296 excelso
3446 5241 3573 5308 ejus
3617 5235 3746 5290 bra-

2105 5334 2236 5390 chio
2269 5333 2519 5404 pendere
2573 5331 2919 5400 statueritis,
2957 5337 3012 5386 et
3078 5331 3195 5385 dux
3258 5326 3419 5384 vobis
3473 5324 3746 5383 divinitus

1730 5457 1896 5520 Hier.
1931 5456 2149 5522 Woltii
2185 5465 2370 5520 nota.

377 5595 494 5668 (37)
526 5589 646 5653 Τὰς
668 5582 970 5668 ἠπείρρυς.
1003 5587 1203 5646 Asiam
1236 5591 1292 5644 et
1347 5588 1632 5662 Europam
1691 5590 1974 5664 intelligo.

2120 5595 2279 5667 gitur
2334 5596 2392 5648 et
2448 5593 2602 5665 apud
2653 5595 2966 5650 Isocratem
3001 5589 3182 5647 semel
3213 5593 3385 5658 atque
3411 5587 3622 5643 iterum
3655 5581 3738 5654 ἰφ⁹

317 5657 543 5746 ικᾶτιρα
575 5657 703 5732 τῆς
723 5657 979 5732 ἠπείρου.
