4150 6292
417 366 536 432 3⁵11

1740 363 2048 428 ΝΙΟΕΤΒ
2089 364 2291 428 GHON
2303 365 2510 430 ΙΑΤΕ

3709 357 3828 422 372

424 498 735 575 contigerit
764 514 880 556 non
911 496 1276 554 truculentus
1298 512 1516 571 suoque
1547 512 1659 554 non
1714 497 2064 570 respondens

2183 496 2588 574 ἀπολήψονται·
2667 501 2818 574 ὑμῶν
2877 498 2925 556 δ’
2981 499 3056 556 Et:
3115 497 3451 574 κραταιώσαι
3509 498 3608 562 τὰς
3639 503 3828 578 χεῖρας

428 593 676 658 nomini,
705 594 809 644 aut
835 587 1380 660 perplexoingenio,
1440 593 1494 642 et
1559 588 1776 642 ventris
1813 603 1880 642 ac
1923 588 2074 658 gula:

427 680 907 753 mancipium,qui
941 695 972 734 a
1001 678 1211 750 palatio
1245 693 1357 733 non
1393 679 1573 744 magis
1598 693 1775 746 quam
1805 677 2074 746 penicillo

424 777 482 829 et
509 771 794 827 coloribus
823 769 1419 838 exprossasimagines
1466 767 1753 823 avellitur.
1816 768 1956 822 Nam
2013 772 2075 822 ut

427 859 708 931 principis
739 871 931 912 mores
961 863 1122 924 sunt,
1157 859 1234 911 ita
1271 873 1362 912 res
1388 861 1503 910 tere
1561 855 2072 921 administrantur,

423 953 802 1021 utpoteaquo
825 947 1150 1018 pendeant:
1186 945 1281 1016 qui
1305 945 1352 1002 si
1380 946 1622 1014 ignavus
1676 945 1769 1014 sit,
1803 950 1984 1000 ruunt
2015 947 2072 1000 in

423 1037 796 1103 deterius,sin
815 1037 1004 1092 bonus
1025 1039 1110 1091 est
1132 1039 1188 1090 et
1209 1040 1507 1100 strenuus,
1551 1036 1855 1105 eriguntur
1885 1042 1940 1090 et
1969 1034 2072 1090 flo-

421 1127 800 1198 rent.0uippe
821 1125 1214 1194 Deus,Davide
1237 1133 1493 1188 auctore,
1529 1124 1712 1179 bonus
1735 1129 1792 1178 et
1815 1125 2074 1196 integros

423 1214 710 1287 provehit,
743 1215 1018 1269 distortos
1051 1229 1185 1268 vero
1214 1229 1350 1268 cum
1383 1213 1605 1285 iniquis
1639 1211 1698 1267 in
1739 1213 2071 1268 barathrum

424 1303 766 1376 praecipitat.
797 1304 938 1360 Cum
967 1309 1157 1358 autem
1192 1301 1262 1358 de
1289 1317 1623 1358 successore
1679 1301 1906 1372 imperii
1947 1311 2074 1374 post

429 1394 654 1450 obitum
689 1408 902 1460 meum,
939 1393 1034 1464 qui
1059 1392 1184 1464 jam
1217 1393 1397 1446 instat
1435 1390 1808 1456 inevitabilis,
1870 1391 2072 1448 dicen-

430 1484 567 1540 dum
597 1484 692 1548 sit,
722 1499 824 1538 vos
856 1481 1184 1538 auscultare
1213 1497 1444 1552 equum
1476 1485 1586 1536 est.
1639 1483 1954 1552 Imperium
2013 1485 2077 1536 ut

430 1571 847 1645 patrimonium
880 1572 952 1628 ad
978 1586 1072 1626 me
1092 1570 1342 1636 venisse,
1375 1571 1536 1624 dictu
1569 1587 1686 1625 non
1738 1569 1922 1641 magis
1973 1586 2075 1624 ne-

428 1663 746 1718 cessarium
777 1669 1062 1732 estquam
1087 1659 1566 1731 lucernam,quod
1599 1659 1786 1726 aiunt,
1817 1659 1875 1714 in
1909 1659 2078 1714 meri-

427 1756 521 1812 die
547 1754 879 1810 accendere.
913 1751 1056 1806 Cum
1115 1761 1308 1806 autem
1359 1767 1460 1806 vos
1519 1759 1818 1820 paternum
1881 1750 1940 1804 in
1985 1765 2078 1805 me

423 1841 771 1912 suffragium
831 1840 1186 1910 approbasse
1245 1841 1302 1894 et
1354 1837 1412 1892 in
1472 1837 1623 1894 tilios
1684 1855 1844 1892 meos
1873 1839 2071 1893 eodem

420 1931 654 1988 aﬂcctos
686 1946 812 1986 esse
845 1929 1012 1984 modo
1071 1929 1318 1994 videam,
1379 1934 1436 1982 et
1493 1927 1596 1983 uni
1635 1945 1704 1984 ex
1752 1927 1897 1982 meis
1929 1927 2066 1982 {iliis

419 2025 689 2094 (quorum
723 2019 836 2073 duo
866 2017 1059 2072 adhuc
1096 2017 1440 2088 superstites
1497 2021 1656 2084 sunt,
1711 2017 1962 2072 [secius
2011 2021 2069 2072 et

421 2108 677 2182 Manuel)
725 2107 824 2166 59
878 2111 1275 2177 obtemperare
1325 2104 1493 2172 velle,
1541 2122 1728 2176 neque
1779 2105 2066 2161 delectum

421 2200 577 2271 ipsos
613 2213 917 2268 usurpare,
949 2195 1053 2251 sed
1083 2211 1224 2250 mete
1255 2211 1518 2252 censura»
1549 2195 2068 2266 permittere,equi-

418 2289 550 2345 dem
583 2289 764 2343 fateor
795 2299 1058 2340 naturam
1121 2283 1506 2356 principatum
1559 2291 1698 2339 natu
1748 2283 2067 2354 majoribus

419 2387 640 2444 deferre
662 2385 846 2441 solere
875 2402 888 2453 ;
923 2391 1106 2440 Deum
1137 2399 1271 2439 vero
1297 2381 1356 2438 in
1405 2383 1784 2454 designandis
1833 2385 2068 2455 regibus

414 2479 588 2535 aliam
621 2477 904 2532 rationem
941 2475 1288 2546 plerumque
1317 2475 1482 2545 sequi
1523 2474 1940 2530 animadverto.
1963 2479 2064 2530 ϐου

418 2571 598 2641 gitate
626 2565 887 2623 Isaacum
921 2575 1058 2620 natu
1117 2566 1402 2619 minorem
1461 2563 1727 2631 Istnaele,
1785 2563 2066 2620 JaCubum

421 2662 557 2732 post
585 2657 801 2714 Esaum
833 2661 1092 2710 materno
1115 2657 1278 2710 utero
1299 2653 1611 2719 exsiliisse.
1643 2654 1858 2710 blosem
1889 2656 2069 2710 Aaro-

421 2763 493 2804 ne
518 2747 835 2818 juniorem,
867 2745 1144 2801 Davidem
1207 2749 1268 2799 et
1321 2750 1544 2800 statura
1601 2749 1659 2799 et
1706 2749 1870 2800 aetate
1903 2745 2070 2799 mini-

425 2851 591 2892 mum
625 2837 803 2892 fuisse
833 2836 982 2888 inter
1013 2833 1243 2902 fratres,
1293 2834 1560 2904 alim-que
1605 2832 1885 2905 plurimos
1917 2852 1932 2901 ;
1966 2849 2072 2888 nec

430 2927 586 2982 enim
623 2926 770 2980 Deus
797 2924 1056 2979 humano
1087 2938 1245 2978 more
1277 2938 1534 2992 personas
1565 2923 1844 2978 rationem
1879 2922 2068 2989 habet,

432 3013 750 3084 nec'pretia
781 3027 974 3066 rerum
1008 3011 1170 3064 canis
1200 3015 1258 3064 et
1286 3015 1452 3065 aetate
1489 3010 1742 3077 metitur,
1773 3010 1877 3065 sed
1909 3011 2072 3064 indo-

427 3102 539 3158 lem
589 3099 793 3170 animi,
851 3097 1374 3165 mansuetudinem,
1431 3097 1730 3154 lenitatem
1787 3098 2074 3168 intuetur,

429 3190 956 3256 mandatorumque
979 3201 1222 3240 suorum
1246 3188 1728 3242 observationem.
1754 3186 1972 3250 Quibus
2003 3187 2074 3242 de

2179 588 2268 642 καὶ
2327 588 2608 666 ἐνισχύσαι
2661 591 2800 646 κατᾶ
2840 595 2946 644 τῶν
3007 591 3133 650 τοὺς
3187 591 3468 662 πολέμους
3511 587 3826 643 ἐθελόντων

2179 675 2364 744 ἐθνῶν,
2413 679 2502 734 καὶ
2555 681 2680 755 παρ’
2747 681 2834 742 οἷς
2889 677 3143 754 οὐδαμῶς
3183 677 3538 749 ἐπικέκληται
3587 679 3649 734 τὸ
3677 679 3826 754 ἅγιον

2177 769 2268 820 καὶ
2327 769 2458 842 ὑπὲρ
2515 775 2617 824 πᾶν
2673 766 2844 842 ὄνομα
2899 775 2994 825 τοῦ
3067 773 3198 826 Θεοῦ
3247 773 3430 842 ἡμῶν.
3499 773 3733 826 Ἐσεῖται
3775 766 3830 823 δὲ

2177 861 2362 924 ταῦτα,
2443 859 2488 914 εί
2561 860 2654 914 καὶ
2733 861 2887 934 ὑμεῖς
2963 867 3062 928 τῆς
3140 857 3315 928 δεξιᾶς
3389 864 3488 915 τοῦ
3575 859 3828 932 Ὑψίστου

2179 946 2271 1001 καὶ
2353 953 2450 1002 τοῦ
2521 948 2740 1023 ὑψηλοῦ
2821 950 3123 1028 βραχίονος
3193 948 3443 1022 ἐξαρτᾶτε
3503 949 3565 1004 τὸ
3635 969 3833 1024 κατορ-

2180 1037 2469 1110 θούμενον,
2536 1039 2626 1092 καὶ
2693 1039 2916 1114 ἡγεμὼν
3005 1039 3130 1110 ὑμῖν
3237 1037 3419 1102 θεόθεν
3519 1035 3828 1108 δοθήσεται,

2181 1127 2258 1197 μή
2292 1123 2614 1202 δημοϐόρος
2642 1149 2727 1190 τις
2775 1129 2866 1182 καὶ
2913 1130 3014 1197 τήν
3055 1128 3252 1196 κλῆσιν
3300 1124 3634 1200 ψευδόμενος
3683 1127 3720 1197 ἤ
3769 1129 3831 1184 τὸ

2179 1215 2311 1282 ἦθος
2381 1215 2676 1288 ἃνώμαλος
2733 1219 2824 1272 καὶ
2883 1218 3006 1291 περὶ
3087 1219 3358 1290 τράπεζαν
3433 1218 3680 1292 κεκυφὼς
3744 1219 3832 1273 καὶ

2181 1302 2330 1378 ὀχῶν
2363 1305 2445 1360 ἀεὶ
2475 1311 2592 1368 τοῖς
2619 1303 2914 1367 δακτύλοις
2943 1307 3033 1360 τὸν
3067 1305 3264 1370 κύαθον
3297 1307 3388 1360 καὶ
3437 1311 3546 1360 τῶν
3609 1307 3835 1362 ἀνακτό-

2185 1397 2290 1467 ρῶν
2353 1391 2626 1466 μηδαμῶς
2687 1395 3110 1467 ἀποσπώμενος,
3161 1397 3260 1449 ὅσα
3317 1395 3406 1449 καὶ
3453 1397 3508 1450 οἱ
3587 1394 3638 1451 ἐν
3717 1401 3832 1458 τοῖς

2181 1483 2398 1557 τοὶχοις
2445 1482 2536 1538 διὰ
2585 1482 2838 1562 ψηφίδων
2903 1491 2992 1540 καὶ
3047 1485 3358 1560 χρωμάτων
3413 1484 3833 1559 εἱλονιζόμενοι,

2182 1571 2264 1626 ὅτι
2323 1572 2412 1626 καὶ
2471 1573 2624 1652 φιλεῖ
2677 1595 2794 1635 πως
2851 1579 2921 1648 τῇ
2979 1577 3116 1630 κατὰ
3156 1575 3249 1628 τὸν
3309 1573 3552 1650 ἄρχοντα
3597 1572 3832 1631 διαθέσει

2183 1657 2612 1726 συνδιατίθεσθαι
2668 1664 2734 1718 τὰ
2779 1662 2954 1718 πάντα
3005 1663 3096 1719 καὶ
3146 1661 3389 1728 ἕπεσθαι·
3453 1661 3544 1718 ἅτε
3612 1665 3716 1740 γὰρ
3767 1661 3836 1720 δι’

2181 1749 2338 1805 αὐτὸν
2409 1750 2653 1830 ἀρχῆθεν
2714 1754 2997 1828 γενόμενα,
3077 1751 3448 1825 κακυνομένου
3527 1755 3623 1826 μὶν
3679 1751 3838 1810 τοῦδε

2182 1839 2273 1894 καὶ
2321 1837 2456 1894 αύτά
2515 1837 2938 1913 μεταϐάλλεται,
3025 1841 3430 1917 ἆγαθυνομένου
3509 1839 3567 1897 δὲ
3667 1843 3831 1898 πάλιν

2179 1929 2314 2002 πρὸς
2369 1931 2468 2000 τὴν
2521 1929 2761 1986 ἐναντίαν
2811 1933 2977 2008 φορὰν
3039 1931 3340 2000 ἐπανίασιν,
3421 1933 3495 1993 ὡς
3557 1937 3655 1988 τοῦ
3701 1937 3832 1988 Θεοῦ

2173 2018 2309 2072 κατὰ
2353 2019 2444 2072 τὸν
2504 2015 2670 2074 Δαϐἶδ
2719 2025 2836 2080 τοῖς
2886 2021 3107 2095 ἀγαθοῖς
3155 2023 3244 2076 καὶ
3293 2020 3495 2085 εύθὲσιν
3529 2022 3822 2098 ἀγαθύνον-

2173 2126 2286 2174 τος,
2331 2108 2456 2170 τοὺς
2507 2107 2564 2163 δὲ
2605 2107 2950 2174 εκκλίνοντας
3003 2111 3076 2172 εἰς
3127 2112 3221 2172 τὰς
3273 2110 3642 2188 στραγγαλιᾶς
3690 2113 3826 2184 μετὰ

2172 2199 2280 2250 τῶν
2340 2197 2718 2271 ἐργαζομένων
2767 2201 2865 2267 τήν
2933 2201 3198 2272 πονηρίαν
3262 2199 3594 2274 ἀπάγοντος.
3672 2202 3824 2258 Ἐπεὶ

2176 2281 2233 2340 δὲ
2283 2284 2370 2339 καὶ
2423 2286 2548 2360 περὶ
2602 2291 2698 2341 τοῦ
2745 2285 3128 2360 διαδεξομένου
3186 2311 3281 2362 μοι
3327 2292 3426 2357 τὴν
3477 2288 3654 2364 ἀρχὴν
3691 2291 3824 2362 μετᾶ

2172 2375 2270 2442 τὴν
2297 2375 2432 2447 ἐμὴν
2489 2372 2769 2447 ἐκϐίωσιν,
2828 2379 2951 2447 ἥτις
3003 2377 3069 2447 δὴ
3131 2379 3220 2434 καὶ
3271 2377 3558 2458 ἐφέστηκεν
3589 2377 3694 2448 ἤδη
3725 2381 3816 2432 ἆν-

2175 2462 2561 2536 υπεξάλυκτος,
2593 2465 2789 2522 εἷ’πεὲιν
2825 2489 2875 2522 τι
2910 2467 3261 2544 προάγομαι,
3306 2469 3482 2542 χρεὼν
3513 2469 3618 2528 τοίς
3663 2466 3810 2542 εἰρη-

2179 2551 2358 2626 μένοις
2392 2556 2712 2634 προσσχεὶν.
2746 2557 2866 2614 Ὀτι
2901 2557 2994 2629 μὲν
3030 2555 3132 2632 γὰρ
3179 2557 3256 2617 ὡς
3313 2563 3566 2631 πατρῷος
3607 2554 3806 2629 κλῆρος

2179 2651 2251 2712 εἰς
2301 2651 2397 2726 ἐμὲ
2451 2654 2513 2708 τὸ
2585 2650 2890 2727 βασιλεύειν
2957 2649 3440 2724 ἐπικαταϐέϐηκεν,
3513 2653 3573 2708 οὗ
3629 2650 3816 2726 δέομαι

2179 2737 2375 2814 λέγειν,
2437 2742 2512 2804 ὡς
2571 2740 2700 2798 οὐδὲ
2745 2763 2828 2804 τις
2877 2740 3062 2818 ἕτερος
3104 2743 3403 2816 λαμπτῆρα
3455 2749 3555 2812 τῆς
3611 2743 3820 2816 ἡμέρας

2179 2829 2494 2904 ἀποφαίνειν
2551 2832 2642 2886 τὸν
2701 2832 2886 2902 ἥλιονο
2947 2834 3092 2906 ὁρῶν
3139 2829 3196 2887 δὲ
3223 2834 3324 2896 τήν
3377 2834 3456 2887 ἐπ’
3491 2831 3612 2906 ἐμοὶ
3647 2851 3820 2906 τηρη-

2181 2925 2357 2982 θεῖσαν
2427 2923 2563 2995 πρὸς
2621 2923 2823 2996 πατρὸς
2869 2922 3015 2992 τάξιν
3063 2923 3196 2978 κάπὶ
3241 2923 3368 2985 τοὺς
3399 2923 3450 2992 ἒξ
3483 2923 3684 2998 ὀσφύος
3719 2943 3823 2995 μου

2182 3008 2542 3083 προελθόντας
2629 3007 2886 3080 διαϐῆναι
2947 3013 3433 3086 προθυμουμένους
3495 3013 3660 3084 ὑμᾶς,
3733 3012 3826 3067 καὶ

2185 3097 2270 3175 ὑφ’
2331 3099 2446 3160 ὲνὸς
2491 3104 2601 3155 τῶν
2654 3097 2734 3155 ἔτι
2790 3101 3094 3176 παριόντων
3144 3121 3238 3173 μοι
3305 3104 3386 3172 τῷ
3441 3101 3548 3175 βίῳ
3613 3097 3822 3156 παίδων

2186 3188 2474 3260 (Ἰσαάκιος
2505 3189 2657 3244 οὗτοι
2687 3191 2778 3244 καὶ
2807 3189 3095 3264 Μανουὴλ)
3135 3191 3394 3265 ἄρχεσθαι
3427 3188 3823 3267 γλιχομένους,

425 3277 623 3333 causis
651 3291 756 3346 ego
789 3291 1020 3346 quoque
1040 3272 1375 3342 corruptrici
1397 3279 1618 3328 naturae
1641 3274 1700 3328 in
1725 3273 1927 3328 multis
1955 3290 2064 3331 non

2184 3277 2273 3331 καὶ
2334 3275 2464 3349 μηδ’
2503 3278 2670 3348 αὐτὴν
2715 3280 2815 3348 τὴν
2857 3278 3124 3357 ἐπιλογήν
3165 3281 3399 3348 ἑαυτοῖς,
3441 3257 3532 3353 ’τῇ
3599 3277 3647 3334 δ’
3713 3279 3822 3354 ἐμῇ

423 3365 840 3436 obsequur,sed
873 3364 996 3432 ejus
1023 3360 1326 3429 institutis,
1361 3369 1420 3416 ut
1443 3359 1668 3434 pusillis
1713 3361 2069 3420 mulierculis

423 3453 708 3520 consiliis,
740 3452 800 3507 in
831 3452 1008 3508 rebus
1065 3450 1430 3523 gravioribus
1483 3451 1824 3522 repudiatis,
1886 3451 2068 3510 Deum

423 3543 620 3601 omnis
640 3559 829 3616 pravae
861 3539 1182 3598 affectionis
1212 3545 1506 3611 expertem
1545 3553 1843 3599 auctorem
1903 3542 2068 3614 sequi

423 3633 818 3702 malo.Quodsi
839 3632 980 3688 citra
1007 3629 1188 3688 ullam
1247 3633 1696 3688 controversiam
1755 3633 2065 3704 imperium

421 3725 656 3793 lsaacio,
719 3723 838 3780 filio
897 3729 1039 3778 natu
1100 3723 1419 3794 grandiori,
1479 3723 1826 3778 tradendum
1894 3733 2062 3788 esset,

417 3823 563 3880 nihil
594 3823 786 3879 verbis
817 3827 972 3878 esset
1000 3837 1148 3892 opus
1185 3821 1256 3875 ad
1289 3820 1394 3876 ﬁlii
1429 3823 1734 3893 utriusque
1773 3823 2066 3880 declaran-

417 3917 554 3970 dum
581 3913 875 3986 ingenium
900 3932 916 3980 ;
939 3911 1038 3968 sed
1072 3927 1205 3968 cum
1239 3911 1310 3966 ad
1343 3915 1483 3967 natu
1518 3911 1806 3968 minorem
1839 3915 2065 3969 Manne-

417 4005 528 4060 lem
563 4004 620 4058 id
653 4003 916 4068 inclinet,
946 4003 1016 4056 ad
1055 4000 1214 4070 vulgi
1243 4001 1424 4056 malas
1479 4001 1845 4070 suspiciones
1895 4003 2066 4059 decli—

417 4093 643 4148 nendas
671 4095 729 4145 et
757 4089 1094 4160 opinionem
1153 4103 1278 4143 eam
1331 4088 1686 4154 evitandum,
1745 4106 1818 4144 ne
1855 4091 2062 4146 aii'ectu

417 4179 611 4250 potius
641 4193 815 4248 quam
845 4177 1064 4246 judicio
1095 4177 1198 4232 θο
1239 4178 1520 4232 minorem
1567 4177 1768 4246 majori
1817 4187 2061 4250 antepo-

419 4284 578 4333 nam,
611 4265 832 4338 aliquid
894 4266 964 4320 de
1021 4263 1127 4319 hac
1187 4281 1248 4318 re
1305 4265 1418 4320 dici
1449 4283 1550 4337 par
1581 4271 1687 4335 est,
1721 4272 1894 4337 atque
1921 4271 2061 4324 adeo

419 4359 835 4412 necessarium.
869 4352 1257 4425 Cupiditatum
1291 4369 1406 4409 non
1441 4355 1620 4426 magis
1651 4369 1832 4408 unum
1877 4371 2060 4424 genus

417 4463 480 4506 ac
511 4449 656 4503 ratio
673 4451 764 4504 est
794 4460 971 4518 quam
1007 4444 1350 4514 formarum,
1385 4461 1532 4516 qua,
1585 4461 1716 4500 cum
1773 4461 1842 4502 ex
1896 4463 2060 4518 equo

417 4541 685 4597 homines
715 4537 904 4594 simus
933 4551 1160 4605 omnes,
1201 4536 1510 4591 maximam
1569 4536 1905 4592 varietatem
1955 4539 2058 4593 ha~

2181 3367 2350 3443 ψήφῳ
2405 3365 2464 3422 ἂν
2522 3369 2794 3440 τιθέντης,
2851 3371 2995 3446 φημὶ
3055 3367 3122 3436 δὴ
3163 3370 3237 3431 ὡς
3304 3371 3338 3438 ἡ
3395 3369 3488 3442 μὲν
3523 3369 3677 3446 φύσις
3705 3374 3822 3430 τοῖς

2181 3455 2558 3528 πρωτοτόκοι)
2590 3457 2743 3512 παισὶ
2797 3461 2866 3522 τῇ
2911 3459 3056 3530 τάξει
3100 3456 3411 3531 ἐμμένουσα
3459 3459 3528 3512 τὰ
3581 3463 3824 3533 πρωτεῖα

2183 3543 2469 3620 βραϐεύειν
2499 3547 2676 3617 ε’ἰωθε,
2709 3549 2856 3624 παρὰ
2885 3545 2942 3602 δὲ
2973 3553 3088 3620 Θεῷ
3119 3548 3225 3624 οὐχ
3257 3551 3431 3610 οὓτως
3461 3547 3514 3604 ἐν
3563 3554 3684 3612 ταῖς
3713 3553 3819 3604 τῶν

2179 3630 2541 3709 προϐλῆσεων
2605 3639 2888 3712 μεγίσταις
2961 3636 3043 3692 ἀεί
3116 3659 3234 3702 πως
3299 3637 3448 3717 φιλεῖ
3550 3637 3813 3712 γίνεσθαι·

2179 3723 2600 3799 Ἀναλογίσασθε
2655 3727 2748 3780 τὺν
2818 3726 2996 3783 Ἰσαὰκ
3041 3731 3136 3782 τοῦ
3191 3725 3426 3800 Ἰσμαηλ
3482 3727 3618 3784 κατὰ
3701 3725 3818 3800 γέν-

2177 3833 2330 3882 νησιν
2391 3808 2788 3888 δευτερεύοντα,
2845 3816 2938 3870 τὸν
2995 3811 3188 3872 Ἰακὼϐ
3268 3817 3402 3889 μετὰ
3473 3817 3565 3870 τὸν
3653 3815 3820 3873 Ἠσαῦ

2174 3900 2375 3972 νηδύος
2429 3903 2717 3977 ἐκθορόντα
2767 3911 2866 3973 τῆς
2935 3911 3232 3979 μητρικῆς,
3291 3905 3384 3958 τὸν
3438 3909 3676 3974 Μωῦσῆν
3719 3909 3818 3960 τοῦ

2175 3991 2384 4064 Ἀαρὼν
2440 3991 2682 4068 ὕστερον,
2741 3994 2830 4048 τὸν
2893 3989 3062 4046 Δαϐἰδ
3123 3993 3284 4048 αὐτὸν
3343 3994 3536 4067 μικρὸν
3599 3993 3648 4048 έν
3705 3999 3820 4055 τοῖς

2173 4077 2432 4156 ἀδελφοῖς
2479 4077 2608 4136 ὂντα
2663 4080 2757 4136 κάν
2809 4086 2889 4153 τῷ
2937 4087 3184 4154 πατρικῷ
3233 4082 3369 4154 θ’ἒκῳ
3398 4084 3686 4156 νεώτερον,
3712 4083 3820 4152 Ικαὶ

2175 4167 2386 4243 ἑτέρους
2414 4167 2470 4224 δὲ
2501 4170 2574 4233 ὡς
2606 4171 2910 4232 πλείστους.
2943 4173 3022 4228 Οὐ
3051 4173 3168 4247 [γὰρ
3223 4173 3284 4226 τὸ
3342 4173 3482 4226 Θεῖον
3539 4171 3592 4235 ἐς
3649 4173 3818 4246 πρόσ-

2175 4279 2321 4314 ωπον
2397 4260 2514 4314 κατ’
2591 4257 2869 4334 ἂνθρωπον
2947 4260 3142 4340 ἀφορᾷ,
3217 4260 3308 4315 καὶ
3389 4257 3640 4338 βραῆεύει
3739 4267 3820 4333 τῷ

2174 4349 2362 4422 χρόνῳ
2389 4349 2454 4403 τὰ
2482 4348 2660 4422 τίμια,
2693 4348 2919 4410 πολιαῖς
2945 4350 3035 4404 καὶ
3095 4347 3339 4418 ἡλικίαις
3397 4351 3814 4425 προσκείμενον,

2169 4443 2298 4502 ἀλλ’
2354 4445 2594 4520 εὐγενείᾳ
2649 4451 2844 4521 χαῖρον
2904 4449 3088 4520 ψυχῆς
3141 4444 3230 4502 ἒπῖ
3277 4447 3368 4501 τὸν
3417 4451 3589 4523 πρᾶον
3627 4445 3818 4523 βλέπει

2171 4537 2260 4590 καὶ
2289 4535 2495 4610 ἥμερον
2517 4541 2609 4591 καῖ
2635 4535 2724 4590 τὸν
2757 4535 2920 4590 αὐτοῦ
2973 4535 3317 4610 φυλάττοντα
3373 4539 3440 4591 τὰ
3481 4535 3813 4610 ἐντάλματα,

416 4633 575 4688 bent.
609 4629 720 4686 Alii
752 4627 882 4684 aliis
937 4627 1112 4682 rebus
1169 4625 1484 4694 efﬁcimur,
1545 4641 1734 4695 neque
1763 4643 1964 4683 omnes
1991 4645 2058 4683 ex

2174 4627 2308 4682 Κατᾶ
2350 4631 2518 4682 ταῦτα
2555 4630 2840 4702 τοιγαροῦν
2906 4625 2998 4680 καὶ
3055 4625 3220 4688 αὐτὸς
3278 4627 3340 4680 οὗ
3397 4631 3466 4700 τῇ
3526 4625 3815 4702 δεκαστρίᾳ

417 4739 580 4794 aequo
603 4720 812 4776 iisdem
837 4717 1210 4774 delectamur.
1231 4715 1458 4786 Alioqui
1477 4731 1580 4772 nec
1602 4732 1634 4771 a
1655 4717 1770 4772 Deo
1792 4733 1920 4786 nos,
1953 4734 2058 4775 nec

413 4811 510 4868 alii
542 4811 614 4866 ab
647 4809 776 4865 aliis
806 4823 1238 4874 accusaremur,
1271 4805 1489 4878 quippe
1520 4805 1616 4876 qui
1653 4805 1862 4862 iisdem
1891 4808 2056 4862 volu-

415 4899 678 4970 ptatibus
705 4897 1035 4952 necessario
1065 4911 1408 4966 caperemur
1457 4894 1776 4968 eademque
1807 4897 2057 4954 consilia

413 4989 716 5044 iniremus.
749 4987 840 5040 Sic
889 4985 994 5039 ﬂlii
1046 5003 1276 5055 quoque
1335 4985 1470 5054 mei,
1529 4986 1800 5057 quamvis
1851 4988 2050 5043 eodem

417 5081 577 5149 patre
607 5077 748 5143 nati,
779 5081 969 5130 tamen
999 5073 1243 5130 diversis
1283 5074 1506 5146 praediti
1555 5081 1697 5130 sunt
1751 5075 2002 5146 ingeniis
2036 5093 2048 5130 :

411 5169 513 5240 qui
545 5165 653 5221 etsi
683 5163 856 5220 ambo
913 5166 970 5218 et
1027 5161 1244 5218 viribus
1301 5179 1610 5236 corporum
1659 5169 1718 5220 et
1769 5165 2052 5236 dignitate

405 5256 676 5311 vultuum
709 5257 766 5308 et
793 5251 1122 5308 animorum
1154 5253 1430 5320 gravitate
1461 5253 1821 5324 praecellunt,
1857 5263 2048 5311 tamen

405 5351 539 5402 natu
567 5345 758 5400 minor
789 5341 1020 5398 Manuel
1061 5341 1132 5396 ad
1183 5341 1416 5412 imperii
1477 5342 2047 5401 administrationem

402 5436 592 5508 aptior
621 5432 764 5488 mihi
796 5429 1190 5486 videtur.Nam
1224 5429 1482 5486 lsaacius
1533 5431 1746 5503 saepius
1796 5432 1882 5487 ira
1913 5449 2042 5504 per-

400 5525 550 5584 citus
581 5521 724 5578 mth
757 5521 956 5586 astitit,
986 5527 1040 5574 et
1067 5517 1271 5590 quavis
1306 5519 1378 5574 de
1435 5535 1608 5575 causa
1663 5521 1776 5576 bile
1808 5522 2040 5579 eil‘erve-

399 5621 596 5673 scente
628 5609 918 5668 moderari
953 5609 1150 5666 animo
1179 5625 1296 5664 non
1339 5612 1546 5680 potest,
1575 5625 1699 5680 quis
1729 5627 1822 5666 res
1847 5610 2042 5668 inimi-

401 5703 636 5762 cissima
653 5699 896 5758 consilio
927 5698 1224 5772 sapientes
1241 5697 1452 5770 perdit.
1485 5696 1641 5752 Alter
1673 5713 1805 5754 vero
1837 5703 2040 5770 praeter

2169 4715 2321 4794 φύσει
2379 4717 2446 4770 τά
2501 4715 2684 4770 πολλὰ
2743 4715 3133 4789 χαριζόμενος,
3193 4713 3340 4770 ἀλλὰ
3391 4715 3520 4777 τοὺς
3581 4717 3814 4790 θεσμοὺς

2167 4806 2332 4874 αὐτῆς
2391 4805 2490 4861 ὅσα
2537 4804 2628 4859 καὶ
2703 4809 2785 4873 [Ρ.
2857 4806 2948 4877 30]
3012 4805 3265 4879 γυναικὸς
3327 4806 3814 4880 σμικρογνώμονος

2165 4891 2457 4951 διαϐούλια
2477 4894 2530 4950 ἐν
2563 4899 2678 4955 τοῖς
2707 4893 2946 4967 καιρίοις
2985 4895 3468 4968 παρακρουόμενος
3509 4895 3811 4970 πράγμασι,

2167 4990 2451 5056 μιμεῖσθαι
2518 4981 2731 5057 μᾶλλον
2786 4981 3102 5060 προάγομαι
3175 4984 3264 5037 τὸν
3335 4981 3815 5056 προσωποληψίας

2161 5073 2338 5143 πάσης
2362 5074 2630 5148 ἀνώτερον
2662 5073 2812 5131 Θεόν.
2855 5071 2920 5128 Εἰ
2976 5072 3071 5144 μὲν
3123 5069 3214 5126 οὖν
3265 5073 3398 5127 κατά
3461 5074 3525 5127 τὸ
3582 5073 3813 5153 ἀναμφί-

2161 5163 2328 5236 λογον
2359 5161 2410 5224 ἐς
2463 5167 2554 5217 τὸν
2579 5161 2699 5218 λαίΓ
2747 5159 2969 5231 ἡλικίαν
3025 5163 3340 5234 προήκοντα
3367 5158 3537 5216 παῖδά
3574 5181 3668 5234 μοι
3719 5164 3812 5218 τὸν

2161 5253 2425 5310 Ἰσαάκιον
2457 5246 2764 5324 μετεϐαινεν
2797 5252 2832 5319 ἡ
2863 5249 3038 5324 ἀρχὴ,
3071 5252 3188 5304 κατ’
3219 5247 3373 5305 οὐδὲν
3425 5249 3488 5305 ἄν
3557 5273 3651 5324 μοι
3714 5251 3815 5307 λό-

2158 5363 2270 5417 γων
2329 5337 2542 5411 ἐδέησεν
2611 5338 2689 5400 εἷς
2745 5337 3081 5411 παράστασιν
3131 5346 3231 5408 τῆς
3280 5339 3484 5417 ἀμφοῖν
3547 5361 3644 5412 μοι
3691 5345 3806 5396 τοῖν

2155 5426 2370 5484 παίδοιν
2431 5427 2659 5508 φύσεως·
2706 5428 2820 5482 ἐπεὶ
2853 5424 2912 5482 δὲ
2969 5447 3104 5501 προς
3133 5428 3226 5482 τὸν
3288 5427 3642 5504 ὑστερότοκον
3689 5436 3808 5486 Μα-

2151 5515 2326 5588 νουήλ
2357 5519 2391 5587 ἡ
2436 5515 2686 5592 βασιλεία
2715 5514 2928 5589 μᾶλλον
2969 5516 3374 5592 προσ-νένευκεν,
3419 5516 3683 5574 ἐκκλίνων
3741 5521 3802 5575 τὸ

2147 5608 2504 5683 καχύποπτον
2536 5611 2640 5660 τῶν
2667 5603 2895 5662 πολλῶν
2925 5605 3012 5661 καὶ
3037 5607 3099 5661 τὸ
3131 5603 3278 5678 δόξαι
3321 5608 3468 5682 παρά
3521 5629 3665 5663 τισιν
3725 5607 3803 5676 ὥς
3841 5669 3848 5678 ,

2149 5697 2362 5774 φίλτρῳ
2424 5695 2636 5772 μᾶλλον
2699 5695 2790 5750 καὶ
2855 5695 2954 5751 οὐκ
2999 5695 3162 5773 ἀρετῇ
3221 5695 3643 5773 προστιθέμενος
3701 5701 3802 5754 τοῦ
