4150 6292
341 361 470 437 313
1661 355 2012 418 JOANNES
2055 357 2386 421 COMNEN
2399 361 2512 423 US.
3656 359 3775 418 374

360 495 626 572 προτέρου
707 487 906 551 παιδὸς
1007 489 1098 545 τὸν
1203 489 1556 566 ύστερότοκὸν
1611 488 1965 565 προτετίμηκς

2075 494 2376 564 ιειὶειιυω
2408 495 2689 553 virtutum
2746 495 2988 550 chorum
3040 510 3074 550 a
3125 491 3337 564 quibus
3380 509 3487 551 nec
3517 494 3773 566 Isaacius

371 581 661 656 ἀναγκαίως
691 579 756 632 τὰ
785 577 977 632 εἰκότα
1009 579 1326 652 ῥηθήσεται.
1381 578 1459 636 Οὐ
1508 580 1607 649 μία
1640 577 1722 639 τίς
1775 577 1884 633 ἐστι
1934 601 1964 634 τ

2131 583 2356 640 alienus
2387 589 2494 652 est,
2548 600 2653 640 nec
2707 600 2744 641 a
2799 582 3106 639 clementia
3157 583 3416 656 quidem,
3449 600 3506 640 re
3538 583 3771 657 praecla-

367 673 498 749 γένει
527 675 631 726 τῶν
661 667 972 741 ἐπιθυμιῶν
1030 665 1178 736 ὁδὸς,
1227 666 1355 723 ἀλλ’
1403 667 1480 730 εἲς
1531 667 1805 742 ἀτραποὺς
1863 691 1965 740 παρ

2128 674 2384 739 rissima,
2418 673 2706 741 abhorret,
2739 674 2840 730 sed
2873 673 2934 729 in
2963 673 3088 730 loco
3125 675 3327 730 cedere
3380 684 3435 730 et
3489 677 3771 732 obsecun-

362 759 567 823 πόλλας
619 755 953 834 διέσχισται,
1013 755 1193 830 ὥσπερ
1252 757 1341 812 καὶ
1413 756 1481 811 τὰ
1548 760 1656 810 τῶν
1741 757 1965 831 σωμάτυ

2127 763 2262 818 dare
2283 764 2441 820 novit
2465 773 2518 820 et
2547 763 2788 820 rationis
2818 763 3128 834 imperium
3160 763 3445 833 sequitur.
3479 765 3768 828 Quoniam

355 855 727 924 μορφώματα,
768 849 818 905 εἲ
873 849 962 903 καὶ
1013 850 1112 917 τήν
1163 847 1330 917 αὐτὴν
1373 844 1653 920 ἅνθρωποι
1705 849 1861 926 φύσιν
1920 849 1965 904 ἐν

2121 851 2303 923 igitur
2331 853 2512 908 animi
2541 853 2798 919 candori,
2859 870 2969 923 quo
3027 856 3081 908 et
3140 852 3316 908 David
3357 869 3455 908 rex
3491 855 3766 927 idemque

350 940 782 1016 κληρωσάμεθα.
841 937 1082 1000 νᾼλλαις
1140 938 1244 1012 γᾶρ
1302 937 1533 1011 ὀρέξεσιν
1614 937 1778 994 ἄλλοι
1834 959 1965 1011 προσ

2120 941 2404 1014 propheta
2431 949 2672 999 ornatus
2700 942 2828 1010 fuit,
2860 958 3032 1012 quam
3064 943 3324 998 ensifer-re
3359 944 3556 999 manui
3588 945 3682 1000 οι
3709 951 3766 1002 et

347 1031 658 1111 πάσχομεν,
712 1027 837 1086 οὐδὲ
896 1027 1164 1104 χαίρομεν
1212 1028 1439 1089 ἅπαντες
1485 1025 1838 1102 ὁμοθυμαδὸν
1882 1035 1965 1084 ταῑ

2119 1030 2352 1102 ingenio
2379 1032 2435 1086 in
2454 1030 2742 1088 subtiliter
2753 1032 3126 1103 exquirendis
3145 1032 3514 1088 subditorum
3536 1032 3764 1091 delictis

344 1121 560 1182 αὐταῖς.
590 1119 658 1176 Εἴ
685 1119 791 1195 γὰρ
823 1123 990 1173 τοῦτο
1022 1119 1108 1187 ἦν,
1161 1115 1390 1192 εἶ’χομεν
1435 1116 1495 1171 ἄν
1545 1118 1634 1172 καὶ
1684 1120 1820 1192 πρὸς
1869 1125 1965 1174 eeo

2118 1119 2344 1176 intento
2378 1137 2577 1192 parere
2599 1119 2894 1177 malumus
2911 1119 3197 1187 homines,
3231 1120 3555 1178 Manualem
3587 1123 3763 1196 impe-

342 1211 607 1286 καὶπρὸς
641 1208 914 1281 ἀλλήλων
951 1210 1016 1264 τὸ
1072 1206 1478 1284 ἀνεπέγκλητον
1529 1209 1602 1271 ὡς
1655 1213 1771 1271 ταῖς
1815 1209 1965 1265 αὐταῖ

2117 1213 2366 1266 ratorem
2395 1210 2708 1266 creandum
2737 1225 2866 1266 esse
2895 1210 3054 1266 duxi.
3101 1211 3285 1276 Quare
3333 1212 3758 1270 adolescentem

343 1298 575 1371 ἡδοναῖς
630 1320 688 1354 τε
742 1299 835 1356 καὶ
892 1297 1135 1374 γνώμαις
1194 1297 1546 1370 ἀναγκαστῶς
1604 1295 1965 1374 ἐπιχαίνοντει

2114 1299 2395 1372 suscipite
2427 1306 2493 1356 ut
2522 1303 2932 1374 imperatorem
2969 1300 3247 1358 divinitus
3300 1301 3662 1372 designatum
3701 1309 3758 1360 et

339 1389 454 1455 Καὶ
483 1394 590 1446 τῶν
648 1387 805 1443 υἱέων
866 1408 961 1460 μοι
1004 1389 1192 1464 γοῦνὴ
1226 1385 1375 1457 δυὰς,
1430 1385 1474 1441 εί
1530 1385 1624 1443 καὶ
1680 1386 1742 1442 ἐκ
1797 1388 1965 1464 πατρὸ

2113 1404 2243 1445 meo
2272 1389 2551 1461 suﬂ‘ragio
2583 1389 2896 1460 imperium
2925 1397 3328 1462 capescentem
3361 1408 3376 1446 :
3437 1408 3503 1447 ac
3558 1408 3693 1448 eum
3723 1411 3756 1448 a

340 1480 468 1542 ὲνὸς
528 1477 932 1554 προελήλυθεν,
992 1477 1068 1539 είς
1109 1478 1334 1554 γνώμας
1386 1475 1772 1551 ἂπομερίζεται
1806 1475 1965 1556 διαφὸ

2110 1477 2226 1534 Deo
2257 1478 2561 1550 praelatum
2591 1483 2648 1535 et
2676 1480 3149 1550 praedestinatum
3183 1495 3312 1536 esse
3333 1481 3404 1536 ad
3420 1481 3750 1553 imperium.

339 1589 494 1643 ρους.
527 1568 706 1624 Καλοὶ
743 1568 837 1640 μὶν
869 1567 970 1642 γὰρ
1016 1566 1105 1621 καὶ
1156 1566 1484 1644 ἀμφότεροι,
1519 1565 1610 1621 καὶ
1673 1564 1836 1642 ῥώμῃ
1887 1569 1965 1621 σώ

2107 1574 2442 1638 argumento
2473 1567 2636 1624 vobis
2667 1568 2784 1624 sint
2814 1568 3011 1628 multae
3035 1569 3442 1640 praedictiones
3458 1578 3510 1626 et
3537 1571 3756 1628 divino-

341 1679 517 1730 ματος
567 1658 659 1714 καὶ
717 1654 897 1718 εἴδους
954 1655 1246 1729 σεμνότητι
1312 1655 1404 1711 καὶ
1461 1660 1670 1731 φρενῶν
1732 1657 1965 1733 βαθύτητ

2109 1671 2236 1712 rum
2279 1655 2580 1714 hominum
2634 1657 2931 1728 praesagia,
2989 1674 3119 1730 quae
3175 1659 3370 1714 omnia
3425 1659 3751 1717 Manuelem

339 1746 756 1822 διαπρέποντες·
818 1745 1062 1801 καλλίων
1121 1743 1177 1801 δέ
1219 1767 1312 1819 μοι
1363 1745 1438 1808 ὡς
1485 1743 1732 1820 μάλιστα
1784 1743 1965 1802 διαδείι

2109 1743 2502 1802 Romanorum
2523 1745 2926 1816 imperatorem
2957 1745 3077 1803 fore
3116 1748 3599 1816 praenuntiarunt.
3621 1748 3748 1804 Jam

334 1859 529 1895 κνυται
559 1837 681 1913 περὶ
714 1840 815 1906 τήν
873 1844 973 1905 τῆς
1025 1837 1202 1912 ἀρχῆς
1258 1831 1580 1910 κυϐέρνησιν
1633 1837 1660 1892 6
1711 1838 1965 1914 ὑστερογεη

2106 1834 2256 1906 quod
2291 1833 2395 1889 filii
2425 1835 2534 1890 mei
2569 1838 2707 1890 ante
2737 1835 2980 1905 imperio
3033 1835 3301 1890 destinati
3356 1836 3646 1907 obierunt,
3695 1844 3749 1892 et

335 1929 435 1997 νής
495 1925 792 1998 Μανουήλ,
853 1927 914 1985 Ὁ
977 1925 1070 1998 μὶν
1140 1927 1242 2002 γὰρ
1330 1927 1590 1988 Ἰσαάκιὸς
1675 1925 1965 2002 ἀκρόχολο

2105 1923 2152 1978 is
2181 1921 2342 1978 abost
2373 1923 2464 1978 cui
2497 1924 2550 1978 id
2588 1931 2711 1993 post
2742 1924 2871 1978 illos
2905 1931 3116 1979 natura:
3157 1922 3279 1995 lege
3327 1923 3586 1993 debetur,
3620 1925 3747 1996 quis

340 2015 618 2078 πολλάκις
655 2015 900 2091 παρέστη
939 2036 1055 2087 μοι,
1087 2015 1176 2070 καὶ
1207 2013 1298 2094 ἀφ’
1339 2019 1405 2084 ἧς
1461 2012 1624 2090 ἔτυχε
1671 2016 1964 2094 προφάσεω

2100 2013 2268 2069 aliter
2281 2013 2522 2084 accipiat
2540 2012 3322 2085 nisieaquoqueargumenla
3359 2016 3738 2073 esseeviden-

334 2107 773 2182 παροξυνόμενος
833 2106 887 2160 έν
942 2111 1022 2178 τῷ
1079 2110 1253 2161 νοσεῖν
1335 2106 1594 2182 ἀμετρίαν
1675 2111 1875 2179 θυμοῦ,
1934 2106 1963 2162 6'

2098 2102 2346 2171 tissime,
2383 2107 2553 2159 Deum
2589 2118 2705 2159 non
2726 2103 2874 2159 velle
2902 2103 3079 2160 alium
3104 2103 3216 2158 nisi
3249 2103 3574 2160 Manuelem
3618 2121 3739 2162 sce-

326 2197 607 2254 ἀπὸλλυσι
684 2197 777 2251 καί
823 2196 1024 2272 σοφοὺς
1074 2193 1163 2250 καὶ
1214 2191 1285 2249 δι’
1341 2195 1399 2250 ὅν
1449 2195 1563 2267 μετ’
1620 2189 1886 2257 ἀϐουλίας
1943 2215 1965 2250 c

2094 2187 2237 2260 ptris
2269 2188 2659 2245 Romanorum
2694 2189 2863 2259 potiri
2885 2190 2912 2245 ‘I
2943 2190 3101 2254 Quod
3138 2190 3185 2246 si
3217 2190 3352 2262 quis
3396 2192 3748 2261 consideret,

335 2288 593 2345 πλεῖστοι
651 2287 1011 2362 πράσσουσιν
1047 2287 1075 2341 6
1108 2284 1165 2342 δὲ
1214 2284 1307 2340 σὺν
1356 2289 1436 2357 τῷ
1483 2282 1667 2355 λοιπῷ
1705 2290 1814 2340 τῶν
1870 2286 1963 2361 ἀρε

2094 2292 2185 2334 me
2214 2294 2332 2335 non
2353 2281 2591 2336 omnino
2645 2280 2825 2350 gratis
2889 2279 3010 2336 ﬁlio
3066 2280 3378 2338 conciliare
3435 2280 3739 2354 imperium

328 2383 441 2434 τῶν
505 2378 752 2451 ὁρμαθῷ,
816 2377 896 2430 ὧτ
955 2372 1070 2430 οὐδ’
1139 2375 1403 2439 Ἰσαάκιος
1458 2374 1806 2446 ἀπεξένωται,
1867 2373 1963 2431 οὐδ

2089 2379 2260 2448 atque
2279 2375 2340 2432 in
2362 2377 2489 2447 ejus
2501 2377 2927 2434 successionem
2947 2379 3324 2450 propendere,
3348 2379 3446 2435 sed
3462 2380 3732 2438 virtutem

329 2470 432 2522 τοῦ
462 2465 633 2522 καλοῦ
662 2467 956 2541 χρήματος
1018 2464 1324 2537 ἀπῴκισται
1372 2469 1472 2532 τῆς
1520 2464 1852 2538 πραότητος,
1903 2464 1965 2520 εὐ

2085 2465 2213 2533 ejus
2258 2465 2368 2522 hac
2432 2466 2835 2536 designatione
2896 2467 3257 2523 remunerari
3317 2468 3733 2539 deprehendet.

351 2558 545 2627 μαρῶς
599 2551 836 2617 ἐνδιδοὺς
896 2554 1032 2628 πρὸς
1084 2553 1147 2607 τὸ
1205 2554 1488 2630 χρήσιμον
1571 2554 1658 2606 καὶ
1712 2555 1965 2622 πειθήνιο.

2085 2552 2261 2609 Scitis
2299 2553 2478 2620 enim,
2540 2555 2706 2608 scitis
2763 2569 2886 2624 qua:
2946 2555 3015 2608 ad
3068 2555 3486 2612 Neocaesariam
3535 2565 3736 2626 printer

343 2641 499 2716 λόγῳ
566 2639 920 2716 δεικνύμενος.
978 2638 1203 2711 Ἔπειδή
1262 2641 1444 2696 τοίνυν
1503 2640 1698 2712 ἀκακία
1774 2642 1965 2712 μᾶλλοε

2087 2644 2312 2697 aetatem
2345 2642 2598 2697 facinora
2627 2642 2894 2712 ediderit,
2929 2645 2986 2696 et
3015 2641 3073 2697 in
3135 2641 3345 2698 illustri
3404 2643 3503 2697 illa
3532 2651 3734 2700 contra

344 2728 598 2805 καρδίας,
746 2733 833 2786 καὶ
893 2726 1062 2786 Δαϐὶδ
1116 2731 1144 2785 6
1206 2729 1464 2805 βασιλεὺς
1547 2729 1638 2785 καὶ
1693 2733 1965 2806 προφήτης

2085 2729 2286 2786 Persas
2311 2731 2800 2801 impressione,ob
2830 2747 3003 2803 quam
3037 2738 3098 2787 ut
3117 2747 3222 2799 ego
3254 2735 3416 2804 pater
3445 2733 3731 2790 sollicitus

338 2823 624 2893 ἐκέκαστο,
667 2824 700 2894 ἢ
750 2826 892 2902 χειρὶ
949 2821 1261 2900 ψηλαφώσῃ
1317 2823 1377 2878 τὸ
1431 2823 1584 2896 ξίφος
1641 2822 1730 2876 καὶ
1788 2824 1965 2899 γνώμη

2084 2819 2230 2876 etin
2261 2819 2514 2875 maximo
2566 2821 2638 2876 de
2693 2820 3038 2876 cbarissimo
3098 2821 3215 2875 tilio
3282 2824 3439 2877 metu
3499 2821 3601 2888 fui,
3652 2823 3731 2878 ita

341 2912 755 2987 λεπτουργούσῃ
813 2913 876 2968 τὰ
928 2917 1037 2968 τῶν
1097 2911 1428 2988 ἀρχομένων
1514 2909 1965 2984 πλημμελήματα

2084 2910 2284 2967 eadem
2340 2924 2433 2965 res
2483 2909 2744 2965 Romana
2799 2909 2900 2965 02
2959 2908 3297 2965 cunﬁrmata
3351 2919 3453 2966 est.
3513 2932 3542 2960 »
3598 2912 3727 2968 Haec

327 3001 608 3083 φιλοΰμεν
639 3002 932 3078 ὑπάγεσθαι
963 3002 1274 3077 ἄνθρωπον,
1315 3001 1408 3057 τὸν
1459 3001 1724 3068 Μανουὴλ
1774 3000 1826 3064 ές
1878 3002 1978 3075 βα-

309 3090 480 3148 σιλέα
548 3092 682 3147 κατὰ
750 3089 877 3147 τόδε
942 3096 1295 3166 προκέκρικα.
1375 3090 1598 3161 Δέξασθε
1651 3089 1827 3145 τοίνυν
1884 3091 1975 3146 τὸν

2079 3000 2302 3055 Joanne
2332 2997 2547 3068 locuto,
2579 2997 2884 3056 consilium
2915 3015 3050 3056 cum
3103 2998 3322 3069 eiulatu
3381 3000 3571 3056 Verbis
3600 3001 3728 3072 ejus

2081 3106 2384 3146 assensum
2414 3089 2735 3146 Manualem
2783 3096 3061 3162 tanquam
3120 3097 3270 3146 sorte
3327 3092 3600 3165 suffragio
3645 3093 3725 3150 Ie-

312 3181 557 3257 μείρακα
586 3183 676 3236 καὶ
731 3182 809 3244 ὡς
841 3180 1160 3256 θεόχριστον
1227 3179 1430 3236 ἄνακτα
1474 3181 1566 3236 καὶ
1615 3182 1690 3244 ὡς
1741 3178 1810 3236 δι’
1857 3181 1965 3236 ἐπι-

2079 3188 2232 3237 ctum
2267 3179 2476 3250 cupide
2505 3181 2911 3252 imperatorem
2945 3180 3408 3252 accepiLDeinde
3437 3185 3506 3236 ad
3539 3183 3726 3255 tilium

309 3234 602 3346 ῐηιὲίσεως
635 3270 779 3344 ἐμῆς
812 3234 1191 3346 βασιλεύοντα.
1226 3272 1350 3327 ’Ότι
1384 3267 1440 3325 δὲ
1486 3269 1578 3325 καὶ
1632 3271 1759 3334 Θεὸς
1811 3270 1965 3327 αὐτὸν

2081 3283 2400 3326 conversus
2433 3234 2616 3341 pater:
2675 3273 2809 3342 post
2865 3269 3039 3326 utiles
3095 3269 3545 3338 admonitiones,
3593 3234 3726 3329 eum

318 3361 395 3422 εἷς
429 3359 662 3435 βασιλέα
701 3357 1031 3435 προκέκρικε
1076 3359 1165 3415 καὶ
1223 3359 1520 3434 προώρισε,
1563 3361 1860 3436 τεκμήριον
1914 3362 1970 3416 αἱ

319 3447 529 3505 πολλαί
580 3449 922 3525 προρρήσεις
979 3449 1070 3503 καὶ
1125 3449 1192 3503 τὰ
1251 3448 1358 3504 τῶν
1431 3449 1702 3524 θεογιλὼν
1760 3447 1966 3523 ἀνδρῶν

315 3538 794 3613 προθεσπίσματα,
849 3538 883 3592 ἅ
936 3537 1108 3592 πάντα
1191 3535 1418 3611 βασιλέα
1501 3539 1788 3610 Ῥωμαίων
1873 3539 1966 3593 τὸν

313 3628 582 3698 Μανουήλ
649 3625 1174 3704 προλατήγγελλον.
1240 3626 1317 3682 Τὸ
1404 3622 1462 3681 δὶ
1512 3627 1601 3680 καὶ
1655 3627 1783 3688 τοὺς
1837 3627 1966 3702 παρ’

318 3714 456 3789 ἱμοῦ
482 3716 878 3793 προκριθέντας
907 3716 1170 3791 πρὸτερον
1197 3714 1274 3778 εἷς
1321 3715 1383 3770 τὸ
1434 3714 1624 3794 ἄρχειν
1671 3715 1818 3777 υἱέας
1869 3737 1964 3788 μοι

315 3807 647 3878 τεθνηκέναι,
700 3807 921 3862 ἀπεῖναι
979 3801 1035 3861 δὶ
1090 3805 1182 3861 καὶ
1236 3804 1329 3861 τὸν
1387 3807 1524 3862 κατᾶ
1579 3806 1786 3882 γένεσιν
1846 3809 1964 3880 μετ’

304 3896 547 3961 ἐκείνους
605 3899 682 3962 εἰς
740 3899 840 3967 τὴν
906 3895 1184 3973 βασιλείαν
1267 3894 1608 3970 καλούμενον
1679 3897 1960 3966 ’[σαάκιον,

299 3992 415 4042 ποῦ
443 3991 602 4058 θήσει
622 4007 710 4048 τις
741 4013 755 4054 ;
788 3986 862 4043 ’Ἡ
893 3985 1110 4047 πάντως
1139 3984 1228 4038 καὶ
1256 3987 1424 4040 ταῦτα
1476 3977 1730 4058 σύμϐολα
1778 3983 1960 4041 εἷ’ποι-

304 4097 405 4150 μεν
437 4075 503 4130 ἄν
535 4075 900 4150 ἐναργέστατα
925 4077 1023 4128 τοῧ
1065 4073 1156 4128 τὸν
1205 4074 1332 4130 Θεὸν
1379 4073 1486 4147 οὐχ
1533 4071 1716 4148 ἓτερον
1761 4074 1958 4150 βούλε-

297 4176 449 4230 σθαι,
479 4165 572 4219 τὸν
603 4162 660 4219 δὲ
691 4161 959 4232 Μανουὴλ
1014 4163 1082 4218 τὰ
1142 4164 1391 4237 σκήπτρα
1437 4163 1724 4238 Ῥωμαίων
1773 4165 1955 4240 χειρί-

2083 3359 2450 3431 imperatorio
2481 3361 2803 3417 diademate
2831 3369 2994 3418 ornat
3024 3364 3082 3416 et
3111 3361 3417 3436 chlamyde
3450 3367 3728 3435 praetexta

2081 3447 2294 3504 induit.
2324 3448 2427 3504 His
2459 3448 2726 3518 peractis,
2763 3449 3036 3506 Romane
3094 3450 3350 3520 legiones
3397 3457 3724 3509 convocatis

2078 3537 2401 3593 Manucelem
2459 3538 2848 3596 Romanorum
2907 3540 3309 3608 imperatorem
3378 3541 3720 3611 salutarunt,

2077 3643 2427 3699 unoquoque
2481 3644 2781 3699 procerum
2839 3644 2971 3686 cum
3030 3645 3138 3686 sua
3185 3630 3420 3685 cohorte
3475 3634 3717 3688 seorsiin

2073 3723 2282 3781 stante.
2314 3724 2368 3772 et
2399 3732 2611 3772 novum
2640 3717 3045 3788 imperatorem
3079 3717 3234 3773 clara
3282 3734 3418 3774 voce
3447 3718 3716 3776 consalu-

2073 3809 2248 3862 tante.
2314 3805 2527 3862 Deinde
2583 3805 2822 3877 prolatis
2879 3806 3095 3862 divinis
3151 3806 3400 3864 oraculis
3457 3809 3716 3866 studium

2071 3897 2316 3969 quisque
2345 3910 2514 3951 suum
2545 3900 2604 3952 et
2656 3895 2829 3951 fidem
2885 3897 3209 3952 conﬁrmat.
3243 3899 3462 3954 Harum
3519 3915 3714 3954 rerum

2069 3991 2328 4043 omnium
2361 3988 2480 4042 dux
2509 3995 2563 4041 et
2584 3991 2786 4044 auctor
2817 3987 2923 4042 fuit
2951 4002 3198 4058 magnus
3249 3988 3620 4054 domesticus,
3648 4007 3714 4046 eo

2068 4079 2316 4134 consilio
2348 4083 2409 4134 ut
2434 4077 2870 4134 ambitiosorum
2937 4076 3238 4134 hominum
3299 4079 3611 4135 vanitatem
3659 4088 3716 4134 et

2067 4173 2259 4224 motus
2287 4178 2342 4224 et
2371 4169 2754 4240 plurimorum
2784 4185 3140 4226 concursum
3173 4170 3243 4225 ad
3294 4171 3578 4244 quosdam
3620 4187 3712 4227 re-

297 4254 508 4325 (ecﬂai'
540 4251 585 4308 εἰ
618 4250 676 4306 δέ
704 4254 785 4324 [Ρ.
822 4254 911 4324 31]
941 4271 1022 4312 τις
1053 4249 1226 4308 έθέλει
1255 4256 1498 4319 σκοπεῖν,
1557 4251 1670 4308 οὐδ’
1716 4252 1812 4326 έμὶ
1860 4255 1954 4310 τὸν

2075 4259 2139 4329 gii
2187 4257 2418 4328 generis
2475 4258 2737 4314 homines
2779 4261 3057 4328 sedaret;
3117 4260 3216 4327 qui
3275 4262 3710 4334 praarogativam

293 4343 514 4413 πατέρα
568 4340 826 4414 ἐπόψεται
885 4337 1058 4414 δῶρον
1142 4341 1449 4396 παντάπασι
1513 4345 1593 4414 τῷ
1651 4339 1802 4398 παιδὶ
1854 4344 1954 4412 τήν

2075 4347 2248 4403 statis
2279 4350 2344 4403 ut
2375 4362 2652 4420 magnum
2700 4346 2934 4416 quidam
2993 4352 3051 4404 et
3091 4348 3422 4406 venerabile
3463 4355 3712 4420 praeten-

297 4429 590 4507 βασιλείαν
627 4423 963 4505 βραϐεύοντα
993 4429 1084 4485 καὶ
1113 4433 1183 4504 τῇ
1215 4427 1453 4507 διαδοχῇ
1495 4436 1598 4487 τοῦ
1655 4431 1839 4504 γένους
1887 4435 1950 4489 τὸ

2075 4436 2286 4503 iantes,
2306 4440 2363 4491 et
2392 4434 2824 4504 imperatoriam
2864 4435 3212 4492 affinitatem
3270 4445 3707 4510 exaggerantes,

292 4519 432 4578 ὅλον
459 4538 862 4592 προσρεποντα,
891 4515 1039 4574 ἀλλὰ
1067 4517 1156 4572 καὶ
1198 4517 1364 4574 ἆθλον
1403 4519 1600 4595 ἀρετῆς
1653 4521 1753 4588 τήν
1801 4539 1947 4595 προ..

2075 4542 2121 4584 ιθ
2152 4525 2395 4596 imperio
2426 4525 2720 4597 digniores
2753 4524 3206 4582 arbitrabantur.

296 4610 548 4686 χείρισιν
579 4608 732 4680 αὖτῷ
779 4607 1181 4682 παρεχόμενςν.
1239 4608 1380 4666 Ἰστε
1429 4609 1555 4684 γὰρ,
1615 4607 1728 4664 ἴστε
1785 4609 1885 4666 ὅσα
1943 4611 2030 4666 καὶ
2088 4619 2215 4688 παρ’
2274 4612 2496 4682 ἡλικίαν
2545 4613 2597 4670 έν
2653 4613 3044 4688 Νεοκαισαρείᾳ
3099 4612 3402 4686 ἠρίστευσε,
3461 4614 3550 4668 καὶ
3604 4617 3706 4684 τὴν

289 4699 434 4756 κατᾶ
468 4701 688 4772 Περσῶν
745 4696 953 4767 ἐκείνην
1010 4695 1255 4772 γενναίαν
1311 4692 1585 4771 έμϐολήν,
1647 4696 1717 4753 δι’
1769 4696 1836 4768 ἤν
1895 4701 1923 4756 6
1989 4702 2083 4774 μὶν
2133 4703 2315 4777 πατὴρ
2372 4699 2539 4778 ἔγωγε
2596 4703 2877 4779 ἠγωνίων,
2933 4701 3057 4775 περὶ
3115 4705 3194 4773 τῷ
3251 4701 3498 4778 φιλτάτῳ
3552 4703 3708 4766 παιδὶ

297 4793 368 4849 τὰ
407 4791 638 4869 μέγιστα
691 4785 907 4857 δεδιὼς,
964 4787 1031 4842 τὰ
1089 4783 1146 4842 δὲ
1199 4786 1487 4859 Ῥωμαίων
1543 4787 1854 4864 ἀνεῤῥώσθη
1913 4791 2227 4867 πράγματα.
2288 4815 2316 4844 »
2369 4795 2602 4847 Ταῦταὸ
2636 4793 2732 4865 μὲν
2792 4790 3042 4867 βασιλεὺς
3082 4792 3344 4863 Ἰωάννης
3397 4793 3705 4872 έφθέγξατο,

298 4884 335 4952 ὴ
379 4877 427 4936 δ’
484 4877 757 4950 ἐκκλησία
813 4875 1192 4932 ἐπικωκύσασα
1245 4881 1362 4939 τοῖς
1415 4875 1727 4953 εἰρημένοις
1778 4879 1870 4935 τὸν
1921 4881 2185 4950 Μανουὴλ
2250 4880 2379 4936 ὡσεὶ
2434 4879 2721 4956 κληρωτὸν
2778 4881 2886 4936 εἴτε
2938 4882 3027 4936 καὶ
3087 4887 3476 4959 χειροτονητὸν
3533 4889 3708 4963 ἀσμέ-

285 4993 400 5034 νως
468 4969 544 5033 είς
601 4965 886 5044 βασιλείαν
942 4962 1176 5036 ἐδέξατο,
1230 4965 1456 5023 Ἐπειτα
1509 4967 1602 5023 τὸν
1661 4965 1830 5046 λόγον
1869 4970 2006 5044 πρὸς
2057 4972 2150 5026 τὸν
2208 4968 2375 5026 παῖδα
2436 4969 2771 5048 μετενεγκὼν
2803 4972 2831 5026 6
2873 4973 3080 5047 πατὴρ,
3137 4971 3228 5028 καὶ
3273 4973 3454 5050 τούτῳ
3503 4962 3706 5054 παραι-

282 5064 446 5123 νέσας
497 5059 565 5116 τὰ
621 5056 902 5133 σύμφορα,
959 5053 1137 5126 ταινίᾳ
1195 5050 1369 5110 διαδεῖ
1421 5059 1492 5130 τῇ
1549 5057 1809 5133 βασιλικῇ
1875 5059 1966 5115 καὶ
2022 5061 2122 5129 τὴν
2181 5057 2444 5137 χλαμύδα
2499 5058 2736 5116 έπενδύει
2799 5061 2901 5131 τήν
2958 5062 3386 5144 περιπόρφυρον.
3461 5050 3592 5126 Ἐπί
3648 5066 3706 5125 δὲ

283 5152 503 5214 τούτοις
561 5144 1016 5215 συναθροισθέντα
1069 5145 1210 5200 κατᾶ
1265 5144 1608 5221 πρόσκλησιν
1679 5147 1746 5202 τὰ
1829 5150 2204 5225 στρατεύματα
2293 5149 2521 5227 βασιλέα
2599 5150 2889 5225 Ῥωμαίων
2969 5150 3191 5208 ἀνεῖπον
3261 5154 3354 5210 τὸν
3426 5155 3697 5228 Μανουήλ

281 5241 512 5299 έκὰστου
568 5244 684 5296 τῶν
749 5233 1081 5308 μεγιστάνων
1142 5233 1278 5307 μετά
1338 5241 1440 5304 τῆς
1499 5235 1699 5300 οῒκείας
1755 5238 1957 5312 τάξεως
2014 5236 2293 5315 διακριδὸν
2347 5238 2700 5316 ἐφισταμένου
2755 5239 2846 5295 καὶ
2906 5237 3314 5314 διατρανοῦντος
3369 5245 3472 5312 τήν
3529 5245 3698 5324 εὐφη-

285 5333 410 5407 μίαν
472 5335 558 5403 τῷ
616 5325 728 5398 νέῳ
788 5323 994 5382 ἄνακτι.
1057 5322 1280 5400 Ἐφεξῆς
1338 5320 1396 5378 δὲ
1449 5323 1538 5379 καὶ
1593 5329 1702 5380 τῶν
1778 5325 1938 5382 θείων
2011 5328 2390 5402 προτεθέντων-
2447 5327 2674 5406 λογίων,
2754 5327 2838 5386 ἐπ’
2918 5328 3096 5387 αὐτῶν
3171 5328 3526 5404 έμπεδοῦνται
3601 5320 3699 5408 -τῷ

277 5421 542 5493 Πανουήλ
576 5419 649 5476 τὰ
680 5419 787 5484 τῆς
811 5409 1018 5475 εὐνοίας
1065 5411 1154 5467 καὶ
1203 5411 1438 5478 πίστεως
1482 5415 1622 5490 πρὸς
1669 5417 1892 5479 παντός.
1941 5417 2044 5474 Ἦν
2095 5414 2152 5473 δὲ
2183 5418 2211 5472 6
2239 5421 2347 5472 τῶν
2399 5415 2695 5494 δρωμένων
2743 5421 2951 5476 τούτων
2989 5419 3292 5498 εἰσηγητής
3338 5442 3397 5477 τε
3445 5422 3559 5495 ἅμα
3603 5425 3694 5478 καὶ

269 5515 619 5590 τελιτάρχης
679 5506 710 5561 ὁ
771 5502 934 5578 μέγας
987 5499 1332 5576 δομέστικος,
1391 5502 1616 5561 έκλῦσαι
1675 5502 2066 5580 διανοούμενος
2124 5504 2364 5570 ἐντεῦθεν
2415 5509 2506 5564 καὶ
2593 5506 2922 5586 δια-χαλάσαι
3002 5513 3100 5565 τοῦ
3175 5510 3552 5586 μετέωρισμοῦ
3600 5511 3690 5565 καὶ

256 5614 352 5683 τῆς
409 5605 669 5665 στάσεως
730 5593 830 5656 τὰς
884 5594 991 5648 τῶν
1049 5591 1340 5672 φιλάρχων
1398 5592 1606 5676 ἐφέσεις
1660 5596 1752 5652 καὶ
1807 5598 1903 5659 τὰς
1957 5601 2067 5653 τῶν
2123 5593 2396 5654 πλείστων
2455 5596 2734 5675 ἀμϐλῦναι
2791 5597 3097 5675 συνδρομὰς
3161 5599 3298 5677 πρὸς
3354 5598 3535 5662 ένίους
3580 5601 3688 5653 τῶν
