  <div class='ocr_page' id='page_1' title='image "/cluster/home/n/w/nwhite01/storage/ocr_20150623/139/mdp.39015078384214/195.png"; bbox 0 0 4150 6292; ppageno 0'>
   <div class='ocr_carea' id='block_1_1' title="bbox 419 319 536 380">
    <p class='ocr_par' dir='ltr' id='par_1_1' title="bbox 419 319 536 380">
     <span class='ocr_line' id='line_1_1' title="bbox 419 319 536 380; baseline 0 -1"><span class='ocrx_word' id='word_1_1' title='bbox 419 319 536 380; x_wconf 77' lang='grc' dir='ltr'>3τό</span> 
     </span>
    </p>
   </div>
   <div class='ocr_carea' id='block_1_2' title="bbox 1742 325 2514 390">
    <p class='ocr_par' dir='ltr' id='par_1_2' title="bbox 1742 325 2514 390">
     <span class='ocr_line' id='line_1_2' title="bbox 1742 325 2514 390; baseline -0.001 -2"><span class='ocrx_word' id='word_1_2' title='bbox 1742 329 2052 390; x_wconf 73' lang='lat' dir='ltr'>NICET/E</span> <span class='ocrx_word' id='word_1_3' title='bbox 2093 325 2514 388; x_wconf 71' lang='grc' dir='ltr'>ΟΗΟΝΙΑΤΕ</span> 
     </span>
    </p>
   </div>
   <div class='ocr_carea' id='block_1_3' title="bbox 3710 325 3828 388">
    <p class='ocr_par' dir='ltr' id='par_1_3' title="bbox 3710 325 3828 388">
     <span class='ocr_line' id='line_1_3' title="bbox 3710 325 3828 388; baseline -0.017 0"><span class='ocrx_word' id='word_1_4' title='bbox 3710 325 3828 388; x_wconf 80' lang='lat'>3&#39;16</span> 
     </span>
    </p>
   </div>
   <div class='ocr_carea' id='block_1_4' title="bbox 428 451 3830 537">
    <p class='ocr_par' dir='ltr' id='par_1_4' title="bbox 428 451 3830 537">
     <span class='ocr_line' id='line_1_4' title="bbox 428 451 3830 537; baseline 0.001 -27"><span class='ocrx_word' id='word_1_5' title='bbox 428 452 565 530; x_wconf 83' lang='grc' dir='ltr'>πρὸς</span> <span class='ocrx_word' id='word_1_6' title='bbox 597 451 787 531; x_wconf 71' lang='grc' dir='ltr'>γένους</span> <span class='ocrx_word' id='word_1_7' title='bbox 814 455 892 528; x_wconf 82' lang='grc' dir='ltr'>τῷ</span> <span class='ocrx_word' id='word_1_8' title='bbox 944 455 1181 532; x_wconf 80' lang='grc' dir='ltr'>βασιλεῖ,</span> <span class='ocrx_word' id='word_1_9' title='bbox 1236 457 1288 511; x_wconf 79' lang='grc' dir='ltr'>οἳ</span> <span class='ocrx_word' id='word_1_10' title='bbox 1343 459 1442 527; x_wconf 84' lang='grc' dir='ltr'>τήν</span> <span class='ocrx_word' id='word_1_11' title='bbox 1502 455 1916 537; x_wconf 68' lang='grc' dir='ltr'>πρεσϐυγένειαν</span> <span class='ocrx_word' id='word_1_12' title='bbox 1979 461 2054 520; x_wconf 82' lang='grc' dir='ltr'>ὡς</span> <span class='ocrx_word' id='word_1_13' title='bbox 2115 460 2257 536; x_wconf 83' lang='grc' dir='ltr'>μὲγα</span> <span class='ocrx_word' id='word_1_14' title='bbox 2310 481 2364 514; x_wconf 91' lang='grc' dir='ltr'>τι</span> <span class='ocrx_word' id='word_1_15' title='bbox 2408 459 2500 514; x_wconf 80' lang='grc' dir='ltr'>καὶ</span> <span class='ocrx_word' id='word_1_16' title='bbox 2551 455 2833 532; x_wconf 74' lang='grc' dir='ltr'>αῐδέσιμον</span> <span class='ocrx_word' id='word_1_17' title='bbox 2889 452 3333 530; x_wconf 76' lang='grc' dir='ltr'>προϐαλλόμενοι</span> <span class='ocrx_word' id='word_1_18' title='bbox 3387 456 3478 513; x_wconf 78' lang='grc' dir='ltr'>καὶ</span> <span class='ocrx_word' id='word_1_19' title='bbox 3541 459 3604 514; x_wconf 85' lang='grc' dir='ltr'>τὸ</span> <span class='ocrx_word' id='word_1_20' title='bbox 3663 455 3830 528; x_wconf 82' lang='grc' dir='ltr'>κῆδος</span> 
     </span>
    </p>
   </div>
   <div class='ocr_carea' id='block_1_5' title="bbox 433 547 2534 628">
    <p class='ocr_par' dir='ltr' id='par_1_5' title="bbox 433 547 2534 628">
     <span class='ocr_line' id='line_1_5' title="bbox 433 547 2534 628; baseline 0.005 -30"><span class='ocrx_word' id='word_1_21' title='bbox 433 547 812 618; x_wconf 59' lang='grc' dir='ltr'>μεγεθᾶνοντες</span> <span class='ocrx_word' id='word_1_22' title='bbox 835 547 897 601; x_wconf 86' lang='grc' dir='ltr'>τὸ</span> <span class='ocrx_word' id='word_1_23' title='bbox 932 547 1206 620; x_wconf 84' lang='grc' dir='ltr'>βασίλειον</span> <span class='ocrx_word' id='word_1_24' title='bbox 1243 549 1454 612; x_wconf 70' lang='grc' dir='ltr'>ὶαυτοῖς</span> <span class='ocrx_word' id='word_1_25' title='bbox 1484 551 1544 606; x_wconf 84' lang='grc' dir='ltr'>τὸ</span> <span class='ocrx_word' id='word_1_26' title='bbox 1571 553 1758 628; x_wconf 73' lang='grc' dir='ltr'>ἄρχειν</span> <span class='ocrx_word' id='word_1_27' title='bbox 1791 553 1864 613; x_wconf 84' lang='grc' dir='ltr'>ὡς</span> <span class='ocrx_word' id='word_1_28' title='bbox 1896 551 2210 625; x_wconf 79' lang='grc' dir='ltr'>ἀξιωτέροις</span> <span class='ocrx_word' id='word_1_29' title='bbox 2245 551 2534 624; x_wconf 73' lang='grc' dir='ltr'>ἀπένεμον.</span> 
     </span>
    </p>
   </div>
   <div class='ocr_carea' id='block_1_6' title="bbox 500 638 2092 715">
    <p class='ocr_par' dir='ltr' id='par_1_6' title="bbox 500 639 2065 715">
     <span class='ocr_line' id='line_1_6' title="bbox 500 639 2065 715; baseline 0.002 -23"><span class='ocrx_word' id='word_1_30' title='bbox 500 639 630 703; x_wconf 64' lang='lat' dir='ltr'>Qua</span> <span class='ocrx_word' id='word_1_31' title='bbox 658 653 786 692; x_wconf 89' lang='lat' dir='ltr'>cum</span> <span class='ocrx_word' id='word_1_32' title='bbox 819 643 1114 694; x_wconf 86' lang='lat' dir='ltr'>transacta</span> <span class='ocrx_word' id='word_1_33' title='bbox 1171 651 1386 709; x_wconf 82' lang='lat' dir='ltr'>essent,</span> <span class='ocrx_word' id='word_1_34' title='bbox 1445 643 1666 715; x_wconf 75' lang='lat' dir='ltr'>aliquot</span> <span class='ocrx_word' id='word_1_35' title='bbox 1695 643 1897 700; x_wconf 87' lang='lat' dir='ltr'>diebus</span> <span class='ocrx_word' id='word_1_36' title='bbox 1939 651 2065 714; x_wconf 86' lang='lat' dir='ltr'>post</span> 
     </span>
    </p>
   </div>
   <div class='ocr_carea' id='block_1_7' title="bbox 2201 638 3826 715">
    <p class='ocr_par' dir='ltr' id='par_1_7' title="bbox 2255 638 3826 714">
     <span class='ocr_line' id='line_1_7' title="bbox 2255 638 3826 714; baseline -0.001 -18"><span class='ocrx_word' id='word_1_37' title='bbox 2255 642 2478 697; x_wconf 73' lang='grc' dir='ltr'>Τούτων</span> <span class='ocrx_word' id='word_1_38' title='bbox 2513 638 2557 694; x_wconf 81' lang='grc' dir='ltr'>δ’</span> <span class='ocrx_word' id='word_1_39' title='bbox 2611 642 2810 695; x_wconf 76' lang='grc' dir='ltr'>οὑτωσὶ</span> <span class='ocrx_word' id='word_1_40' title='bbox 2867 639 3224 703; x_wconf 71' lang='grc' dir='ltr'>τελεσθέντων</span> <span class='ocrx_word' id='word_1_41' title='bbox 3273 641 3300 694; x_wconf 88' lang='grc' dir='ltr'>ὁ</span> <span class='ocrx_word' id='word_1_42' title='bbox 3349 639 3603 714; x_wconf 76' lang='grc' dir='ltr'>βασιλεὺς</span> <span class='ocrx_word' id='word_1_43' title='bbox 3653 640 3826 697; x_wconf 74' lang='grc' dir='ltr'>Ἰωάν-</span> 
     </span>
    </p>
   </div>
   <div class='ocr_carea' id='block_1_8' title="bbox 427 726 2072 803">
    <p class='ocr_par' dir='ltr' id='par_1_8' title="bbox 427 726 2072 803">
     <span class='ocr_line' id='line_1_8' title="bbox 427 726 2072 803; baseline 0.003 -22"><span class='ocrx_word' id='word_1_44' title='bbox 427 726 744 796; x_wconf 79' lang='lat' dir='ltr'>imperator</span> <span class='ocrx_word' id='word_1_45' title='bbox 769 729 1034 796; x_wconf 88' lang='lat' dir='ltr'>moritur,</span> <span class='ocrx_word' id='word_1_46' title='bbox 1063 747 1216 785; x_wconf 84' lang='lat' dir='ltr'>anno</span> <span class='ocrx_word' id='word_1_47' title='bbox 1260 733 1486 802; x_wconf 76' lang='lat' dir='ltr'>imperii</span> <span class='ocrx_word' id='word_1_48' title='bbox 1531 734 1806 788; x_wconf 88' lang='lat' dir='ltr'>vicesimo</span> <span class='ocrx_word' id='word_1_49' title='bbox 1845 739 2072 803; x_wconf 85' lang='lat' dir='ltr'>quarto,</span> 
     </span>
    </p>
   </div>
   <div class='ocr_carea' id='block_1_9' title="bbox 427 817 2076 894">
    <p class='ocr_par' dir='ltr' id='par_1_9' title="bbox 427 817 2076 894">
     <span class='ocr_line' id='line_1_9' title="bbox 427 817 2076 894; baseline 0.004 -25"><span class='ocrx_word' id='word_1_50' title='bbox 427 831 625 871; x_wconf 87' lang='lat' dir='ltr'>mense</span> <span class='ocrx_word' id='word_1_51' title='bbox 655 819 877 884; x_wconf 83' lang='lat' dir='ltr'>octavo,</span> <span class='ocrx_word' id='word_1_52' title='bbox 898 822 984 872; x_wconf 89' lang='lat' dir='ltr'>vir</span> <span class='ocrx_word' id='word_1_53' title='bbox 1039 817 1139 890; x_wconf 85' lang='lat' dir='ltr'>qui</span> <span class='ocrx_word' id='word_1_54' title='bbox 1197 825 1256 874; x_wconf 92' lang='lat' dir='ltr'>et</span> <span class='ocrx_word' id='word_1_55' title='bbox 1319 821 1703 892; x_wconf 81' lang='lat' dir='ltr'>principatum</span> <span class='ocrx_word' id='word_1_56' title='bbox 1731 823 1947 894; x_wconf 90' lang='lat' dir='ltr'>optime</span> <span class='ocrx_word' id='word_1_57' title='bbox 1975 821 2076 876; x_wconf 79' lang='lat' dir='ltr'>ad-</span> 
     </span>
    </p>
   </div>
   <div class='ocr_carea' id='block_1_10' title="bbox 425 905 2079 982">
    <p class='ocr_par' dir='ltr' id='par_1_10' title="bbox 425 905 2079 982">
     <span class='ocr_line' id='line_1_10' title="bbox 425 905 2079 982; baseline 0.004 -22"><span class='ocrx_word' id='word_1_58' title='bbox 425 905 781 960; x_wconf 80' lang='lat' dir='ltr'>ministravit</span> <span class='ocrx_word' id='word_1_59' title='bbox 838 913 890 961; x_wconf 87' lang='lat' dir='ltr'>et</span> <span class='ocrx_word' id='word_1_60' title='bbox 948 905 1120 962; x_wconf 86' lang='lat' dir='ltr'>vitam</span> <span class='ocrx_word' id='word_1_61' title='bbox 1177 909 1334 978; x_wconf 83' lang='lat' dir='ltr'>piam</span> <span class='ocrx_word' id='word_1_62' title='bbox 1394 913 1532 981; x_wconf 84' lang='lat' dir='ltr'>egit,</span> <span class='ocrx_word' id='word_1_63' title='bbox 1587 913 1847 967; x_wconf 88' lang='lat' dir='ltr'>moribus</span> <span class='ocrx_word' id='word_1_64' title='bbox 1890 927 2079 982; x_wconf 85' lang='lat' dir='ltr'>neque</span> 
     </span>
    </p>
   </div>
   <div class='ocr_carea' id='block_1_11' title="bbox 430 993 2078 1072">
    <p class='ocr_par' dir='ltr' id='par_1_11' title="bbox 430 993 2078 1072">
     <span class='ocr_line' id='line_1_11' title="bbox 430 993 2078 1072; baseline 0.003 -24"><span class='ocrx_word' id='word_1_65' title='bbox 430 993 730 1050; x_wconf 76' lang='lat' dir='ltr'>dissolutis</span> <span class='ocrx_word' id='word_1_66' title='bbox 788 1011 978 1066; x_wconf 89' lang='lat' dir='ltr'>neque</span> <span class='ocrx_word' id='word_1_67' title='bbox 1027 996 1576 1068; x_wconf 87' lang='lat' dir='ltr'>intemperantibus,</span> <span class='ocrx_word' id='word_1_68' title='bbox 1636 1001 1854 1072; x_wconf 85' lang='lat' dir='ltr'>quique</span> <span class='ocrx_word' id='word_1_69' title='bbox 1899 1007 1958 1056; x_wconf 85' lang='lat' dir='ltr'>et</span> <span class='ocrx_word' id='word_1_70' title='bbox 2019 1001 2078 1054; x_wconf 92' lang='lat' dir='ltr'>in</span> 
     </span>
    </p>
   </div>
   <div class='ocr_carea' id='block_1_12' title="bbox 432 1082 2080 1159">
    <p class='ocr_par' dir='ltr' id='par_1_12' title="bbox 432 1082 2080 1159">
     <span class='ocr_line' id='line_1_12' title="bbox 432 1082 2080 1159; baseline 0.003 -21"><span class='ocrx_word' id='word_1_71' title='bbox 432 1082 841 1138; x_wconf 80' lang='lat' dir='ltr'>donationibus</span> <span class='ocrx_word' id='word_1_72' title='bbox 868 1089 926 1139; x_wconf 89' lang='lat' dir='ltr'>et</span> <span class='ocrx_word' id='word_1_73' title='bbox 987 1084 1048 1140; x_wconf 88' lang='lat' dir='ltr'>in</span> <span class='ocrx_word' id='word_1_74' title='bbox 1107 1087 1439 1158; x_wconf 88' lang='lat' dir='ltr'>sumptibus</span> <span class='ocrx_word' id='word_1_75' title='bbox 1483 1089 1924 1159; x_wconf 63' lang='lat' dir='ltr'>magniﬁcentiae</span> <span class='ocrx_word' id='word_1_76' title='bbox 1957 1095 2080 1145; x_wconf 91' lang='lat' dir='ltr'>stu-</span> 
     </span>
    </p>
   </div>
   <div class='ocr_carea' id='block_1_13' title="bbox 435 1174 2080 1249">
    <p class='ocr_par' dir='ltr' id='par_1_13' title="bbox 435 1174 2080 1249">
     <span class='ocr_line' id='line_1_13' title="bbox 435 1174 2080 1249; baseline 0.003 -21"><span class='ocrx_word' id='word_1_77' title='bbox 435 1174 581 1230; x_wconf 90' lang='lat' dir='ltr'>duit.</span> <span class='ocrx_word' id='word_1_78' title='bbox 617 1175 795 1246; x_wconf 88' lang='lat' dir='ltr'>quue</span> <span class='ocrx_word' id='word_1_79' title='bbox 842 1174 1138 1232; x_wconf 82' lang='lat' dir='ltr'>declarant</span> <span class='ocrx_word' id='word_1_80' title='bbox 1190 1185 1243 1232; x_wconf 91' lang='lat' dir='ltr'>et</span> <span class='ocrx_word' id='word_1_81' title='bbox 1287 1179 1504 1234; x_wconf 66' lang='lat' dir='ltr'>crebrae</span> <span class='ocrx_word' id='word_1_82' title='bbox 1552 1195 1858 1235; x_wconf 91' lang='lat' dir='ltr'>aureorum</span> <span class='ocrx_word' id='word_1_83' title='bbox 1883 1179 1942 1233; x_wconf 91' lang='lat' dir='ltr'>in</span> <span class='ocrx_word' id='word_1_84' title='bbox 1976 1195 2080 1249; x_wconf 89' lang='lat' dir='ltr'>po-</span> 
     </span>
    </p>
   </div>
   <div class='ocr_carea' id='block_1_14' title="bbox 436 1262 2084 1340">
    <p class='ocr_par' dir='ltr' id='par_1_14' title="bbox 436 1262 2084 1340">
     <span class='ocr_line' id='line_1_14' title="bbox 436 1262 2084 1340; baseline 0.003 -24"><span class='ocrx_word' id='word_1_85' title='bbox 436 1262 572 1335; x_wconf 82' lang='lat' dir='ltr'>pulo</span> <span class='ocrx_word' id='word_1_86' title='bbox 605 1264 824 1318; x_wconf 89' lang='lat' dir='ltr'>urbano</span> <span class='ocrx_word' id='word_1_87' title='bbox 849 1265 1298 1332; x_wconf 89' lang='lat' dir='ltr'>distributiones,</span> <span class='ocrx_word' id='word_1_88' title='bbox 1331 1273 1387 1324; x_wconf 90' lang='lat' dir='ltr'>et</span> <span class='ocrx_word' id='word_1_89' title='bbox 1443 1269 1658 1338; x_wconf 88' lang='lat' dir='ltr'>templa</span> <span class='ocrx_word' id='word_1_90' title='bbox 1690 1266 2084 1340; x_wconf 86' lang='lat' dir='ltr'>pulcherrima</span> 
     </span>
    </p>
   </div>
   <div class='ocr_carea' id='block_1_15' title="bbox 437 1353 2084 1414">
    <p class='ocr_par' dir='ltr' id='par_1_15' title="bbox 437 1353 2084 1414">
     <span class='ocr_line' id='line_1_15' title="bbox 437 1353 2084 1414; baseline 0.001 -5"><span class='ocrx_word' id='word_1_91' title='bbox 437 1357 496 1409; x_wconf 88' lang='lat' dir='ltr'>et</span> <span class='ocrx_word' id='word_1_92' title='bbox 525 1353 778 1409; x_wconf 73' lang='lat' dir='ltr'>maxima</span> <span class='ocrx_word' id='word_1_93' title='bbox 809 1353 909 1409; x_wconf 72' lang='lat'>68</span> <span class='ocrx_word' id='word_1_94' title='bbox 966 1371 998 1410; x_wconf 90' lang='lat' dir='ltr'>e</span> <span class='ocrx_word' id='word_1_95' title='bbox 1055 1355 1449 1412; x_wconf 82' lang='lat' dir='ltr'>fundamentis</span> <span class='ocrx_word' id='word_1_96' title='bbox 1503 1362 1807 1414; x_wconf 82' lang='lat' dir='ltr'>exstructa.</span> <span class='ocrx_word' id='word_1_97' title='bbox 1869 1358 1980 1413; x_wconf 89' lang='lat' dir='ltr'>Sed</span> <span class='ocrx_word' id='word_1_98' title='bbox 2030 1365 2084 1411; x_wconf 88' lang='lat' dir='ltr'>et</span> 
     </span>
    </p>
   </div>
   <div class='ocr_carea' id='block_1_16' title="bbox 441 1442 2084 1518">
    <p class='ocr_par' dir='ltr' id='par_1_16' title="bbox 441 1442 2084 1518">
     <span class='ocr_line' id='line_1_16' title="bbox 441 1442 2084 1518; baseline 0 -20"><span class='ocrx_word' id='word_1_99' title='bbox 441 1442 662 1514; x_wconf 74' lang='lat' dir='ltr'>gloriae,</span> <span class='ocrx_word' id='word_1_100' title='bbox 694 1447 900 1515; x_wconf 68' lang='lat' dir='ltr'>praeter</span> <span class='ocrx_word' id='word_1_101' title='bbox 930 1442 1076 1500; x_wconf 89' lang='lat' dir='ltr'>alios</span> <span class='ocrx_word' id='word_1_102' title='bbox 1102 1461 1333 1514; x_wconf 89' lang='lat' dir='ltr'>omnes,</span> <span class='ocrx_word' id='word_1_103' title='bbox 1393 1447 1904 1518; x_wconf 83' lang='lat' dir='ltr'>appetentissimus</span> <span class='ocrx_word' id='word_1_104' title='bbox 1953 1446 2084 1516; x_wconf 78' lang='lat' dir='ltr'>fuit,</span> 
     </span>
    </p>
   </div>
   <div class='ocr_carea' id='block_1_17' title="bbox 442 1531 2082 1606">
    <p class='ocr_par' dir='ltr' id='par_1_17' title="bbox 442 1531 2082 1606">
     <span class='ocr_line' id='line_1_17' title="bbox 442 1531 2082 1606; baseline 0.002 -22"><span class='ocrx_word' id='word_1_105' title='bbox 442 1531 501 1586; x_wconf 90' lang='lat' dir='ltr'>in</span> <span class='ocrx_word' id='word_1_106' title='bbox 526 1547 592 1587; x_wconf 89' lang='lat' dir='ltr'>eo</span> <span class='ocrx_word' id='word_1_107' title='bbox 625 1545 847 1602; x_wconf 87' lang='lat' dir='ltr'>ponens</span> <span class='ocrx_word' id='word_1_108' title='bbox 901 1533 1119 1602; x_wconf 83' lang='lat' dir='ltr'>omnia,</span> <span class='ocrx_word' id='word_1_109' title='bbox 1179 1539 1244 1589; x_wconf 89' lang='lat' dir='ltr'>ut</span> <span class='ocrx_word' id='word_1_110' title='bbox 1301 1535 1626 1591; x_wconf 84' lang='lat' dir='ltr'>maximum</span> <span class='ocrx_word' id='word_1_111' title='bbox 1657 1553 1868 1592; x_wconf 89' lang='lat' dir='ltr'>nomen</span> <span class='ocrx_word' id='word_1_112' title='bbox 1928 1535 2082 1606; x_wconf 87' lang='lat' dir='ltr'>apud</span> 
     </span>
    </p>
   </div>
   <div class='ocr_carea' id='block_1_18' title="bbox 441 1620 2083 1698">
    <p class='ocr_par' dir='ltr' id='par_1_18' title="bbox 441 1620 2083 1698">
     <span class='ocr_line' id='line_1_18' title="bbox 441 1620 2083 1698; baseline 0.001 -23"><span class='ocrx_word' id='word_1_113' title='bbox 441 1627 704 1692; x_wconf 75' lang='lat' dir='ltr'>posteros</span> <span class='ocrx_word' id='word_1_114' title='bbox 733 1620 1102 1692; x_wconf 86' lang='lat' dir='ltr'>relinqueret.</span> <span class='ocrx_word' id='word_1_115' title='bbox 1133 1622 1477 1681; x_wconf 63' lang='lat' dir='ltr'>Domestica</span> <span class='ocrx_word' id='word_1_116' title='bbox 1505 1626 1830 1698; x_wconf 69' lang='lat' dir='ltr'>disciplina:</span> <span class='ocrx_word' id='word_1_117' title='bbox 1888 1629 1945 1679; x_wconf 89' lang='lat' dir='ltr'>et</span> <span class='ocrx_word' id='word_1_118' title='bbox 1981 1625 2083 1678; x_wconf 87' lang='lat' dir='ltr'>de—</span> 
     </span>
    </p>
   </div>
   <div class='ocr_carea' id='block_1_19' title="bbox 441 1709 2088 1781">
    <p class='ocr_par' dir='ltr' id='par_1_19' title="bbox 441 1709 2088 1781">
     <span class='ocr_line' id='line_1_19' title="bbox 441 1709 2088 1781; baseline 0.001 -17"><span class='ocrx_word' id='word_1_119' title='bbox 441 1710 558 1765; x_wconf 89' lang='lat' dir='ltr'>cori</span> <span class='ocrx_word' id='word_1_120' title='bbox 591 1714 710 1764; x_wconf 89' lang='lat' dir='ltr'>tam</span> <span class='ocrx_word' id='word_1_121' title='bbox 742 1709 993 1781; x_wconf 83' lang='lat' dir='ltr'>diligens</span> <span class='ocrx_word' id='word_1_122' title='bbox 1014 1712 1368 1781; x_wconf 84' lang='lat' dir='ltr'>observator,</span> <span class='ocrx_word' id='word_1_123' title='bbox 1436 1719 1500 1768; x_wconf 91' lang='lat' dir='ltr'>ut</span> <span class='ocrx_word' id='word_1_124' title='bbox 1547 1721 1603 1768; x_wconf 88' lang='lat' dir='ltr'>et</span> <span class='ocrx_word' id='word_1_125' title='bbox 1655 1714 1716 1769; x_wconf 91' lang='lat' dir='ltr'>in</span> <span class='ocrx_word' id='word_1_126' title='bbox 1781 1712 2088 1768; x_wconf 85' lang='lat' dir='ltr'>tondendis</span> 
     </span>
    </p>
   </div>
   <div class='ocr_carea' id='block_1_20' title="bbox 439 1798 2088 1874">
    <p class='ocr_par' dir='ltr' id='par_1_20' title="bbox 439 1798 2088 1874">
     <span class='ocr_line' id='line_1_20' title="bbox 439 1798 2088 1874; baseline 0.002 -20"><span class='ocrx_word' id='word_1_127' title='bbox 439 1798 669 1870; x_wconf 88' lang='lat' dir='ltr'>capillis</span> <span class='ocrx_word' id='word_1_128' title='bbox 700 1803 758 1854; x_wconf 88' lang='lat' dir='ltr'>et</span> <span class='ocrx_word' id='word_1_129' title='bbox 785 1800 973 1856; x_wconf 77' lang='lat' dir='ltr'>forma</span> <span class='ocrx_word' id='word_1_130' title='bbox 1024 1801 1344 1858; x_wconf 88' lang='lat' dir='ltr'>calceorum</span> <span class='ocrx_word' id='word_1_131' title='bbox 1407 1803 1836 1874; x_wconf 84' lang='lat' dir='ltr'>proportionem</span> <span class='ocrx_word' id='word_1_132' title='bbox 1895 1803 2088 1874; x_wconf 90' lang='lat' dir='ltr'>requi-</span> 
     </span>
    </p>
   </div>
   <div class='ocr_carea' id='block_1_21' title="bbox 439 1887 2088 1961">
    <p class='ocr_par' dir='ltr' id='par_1_21' title="bbox 439 1887 2088 1961">
     <span class='ocr_line' id='line_1_21' title="bbox 439 1887 2088 1961; baseline 0.002 -20"><span class='ocrx_word' id='word_1_133' title='bbox 439 1891 610 1942; x_wconf 83' lang='lat' dir='ltr'>reret.</span> <span class='ocrx_word' id='word_1_134' title='bbox 645 1887 846 1942; x_wconf 89' lang='lat' dir='ltr'>Inania</span> <span class='ocrx_word' id='word_1_135' title='bbox 877 1891 934 1944; x_wconf 89' lang='lat' dir='ltr'>et</span> <span class='ocrx_word' id='word_1_136' title='bbox 965 1889 1239 1944; x_wconf 71' lang='lat' dir='ltr'>obscaena</span> <span class='ocrx_word' id='word_1_137' title='bbox 1268 1890 1442 1946; x_wconf 89' lang='lat' dir='ltr'>verba</span> <span class='ocrx_word' id='word_1_138' title='bbox 1474 1907 1507 1944; x_wconf 87' lang='lat' dir='ltr'>a</span> <span class='ocrx_word' id='word_1_139' title='bbox 1538 1891 1790 1961; x_wconf 83' lang='lat' dir='ltr'>publicis</span> <span class='ocrx_word' id='word_1_140' title='bbox 1831 1907 2088 1946; x_wconf 89' lang='lat' dir='ltr'>conven-</span> 
     </span>
    </p>
   </div>
   <div class='ocr_carea' id='block_1_22' title="bbox 2184 727 3824 806">
    <p class='ocr_par' dir='ltr' id='par_1_22' title="bbox 2184 727 3824 806">
     <span class='ocr_line' id='line_1_22' title="bbox 2184 727 3824 806; baseline 0.002 -23"><span class='ocrx_word' id='word_1_141' title='bbox 2184 751 2283 800; x_wconf 80' lang='grc' dir='ltr'>νης</span> <span class='ocrx_word' id='word_1_142' title='bbox 2325 733 2440 802; x_wconf 82' lang='grc' dir='ltr'>μεθ’</span> <span class='ocrx_word' id='word_1_143' title='bbox 2472 729 2680 806; x_wconf 71' lang='grc' dir='ltr'>ἡμέρας</span> <span class='ocrx_word' id='word_1_144' title='bbox 2707 731 2799 784; x_wconf 86' lang='grc' dir='ltr'>τὸν</span> <span class='ocrx_word' id='word_1_145' title='bbox 2831 729 2944 804; x_wconf 80' lang='grc' dir='ltr'>βίον</span> <span class='ocrx_word' id='word_1_146' title='bbox 2995 727 3302 797; x_wconf 69' lang='grc' dir='ltr'>ἐκλέλοιπε,</span> <span class='ocrx_word' id='word_1_147' title='bbox 3358 728 3682 805; x_wconf 74' lang='grc' dir='ltr'>βασιλεύσας</span> <span class='ocrx_word' id='word_1_148' title='bbox 3733 727 3824 801; x_wconf 78' lang='grc' dir='ltr'>ἔτη</span> 
     </span>
    </p>
   </div>
   <div class='ocr_carea' id='block_1_23' title="bbox 2185 815 3828 892">
    <p class='ocr_par' dir='ltr' id='par_1_23' title="bbox 2185 815 3828 892">
     <span class='ocr_line' id='line_1_23' title="bbox 2185 815 3828 892; baseline 0.001 -22"><span class='ocrx_word' id='word_1_149' title='bbox 2185 816 2414 892; x_wconf 74' lang='grc' dir='ltr'>τέσσαρα</span> <span class='ocrx_word' id='word_1_150' title='bbox 2473 818 2610 889; x_wconf 87' lang='grc' dir='ltr'>πρὸς</span> <span class='ocrx_word' id='word_1_151' title='bbox 2676 822 2793 877; x_wconf 83' lang='grc' dir='ltr'>τοῖς</span> <span class='ocrx_word' id='word_1_152' title='bbox 2853 816 3022 870; x_wconf 75' lang='grc' dir='ltr'>ε’ἰκοσι</span> <span class='ocrx_word' id='word_1_153' title='bbox 3074 815 3163 870; x_wconf 79' lang='grc' dir='ltr'><strong>καί</strong></span> <span class='ocrx_word' id='word_1_154' title='bbox 3243 824 3414 888; x_wconf 77' lang='grc' dir='ltr'>μῆνας</span> <span class='ocrx_word' id='word_1_155' title='bbox 3473 817 3638 882; x_wconf 83' lang='grc' dir='ltr'>ὀκτὼ,</span> <span class='ocrx_word' id='word_1_156' title='bbox 3697 817 3828 892; x_wconf 74' lang='grc' dir='ltr'>ἀνὴρ</span> 
     </span>
    </p>
   </div>
   <div class='ocr_carea' id='block_1_24' title="bbox 2187 903 3834 980">
    <p class='ocr_par' dir='ltr' id='par_1_24' title="bbox 2187 903 3834 980">
     <span class='ocr_line' id='line_1_24' title="bbox 2187 903 3834 980; baseline 0.001 -19"><span class='ocrx_word' id='word_1_157' title='bbox 2187 907 2276 961; x_wconf 83' lang='grc' dir='ltr'>καὶ</span> <span class='ocrx_word' id='word_1_158' title='bbox 2311 907 2408 974; x_wconf 81' lang='grc' dir='ltr'>τήν</span> <span class='ocrx_word' id='word_1_159' title='bbox 2442 907 2619 980; x_wconf 68' lang='grc' dir='ltr'>ἀρχὴν</span> <span class='ocrx_word' id='word_1_160' title='bbox 2653 904 2842 980; x_wconf 75' lang='grc' dir='ltr'>ἄριστα</span> <span class='ocrx_word' id='word_1_161' title='bbox 2893 903 3185 977; x_wconf 81' lang='grc' dir='ltr'>διῳκηκὼς</span> <span class='ocrx_word' id='word_1_162' title='bbox 3234 905 3322 960; x_wconf 81' lang='grc' dir='ltr'>καὶ</span> <span class='ocrx_word' id='word_1_163' title='bbox 3371 911 3488 978; x_wconf 82' lang='grc' dir='ltr'>Θεῷ</span> <span class='ocrx_word' id='word_1_164' title='bbox 3537 907 3834 980; x_wconf 73' lang='grc' dir='ltr'>εὐαρέστως</span> 
     </span>
    </p>
   </div>
   <div class='ocr_carea' id='block_1_25' title="bbox 2193 991 3834 1071">
    <p class='ocr_par' dir='ltr' id='par_1_25' title="bbox 2193 991 3834 1071">
     <span class='ocr_line' id='line_1_25' title="bbox 2193 991 3834 1071; baseline 0.001 -22"><span class='ocrx_word' id='word_1_165' title='bbox 2193 991 2498 1071; x_wconf 76' lang='grc' dir='ltr'>βεϐιωκὼς,</span> <span class='ocrx_word' id='word_1_166' title='bbox 2530 993 2714 1049; x_wconf 80' lang='grc' dir='ltr'>καὶτὰ</span> <span class='ocrx_word' id='word_1_167' title='bbox 2741 995 2878 1069; x_wconf 87' lang='grc' dir='ltr'>πρὸς</span> <span class='ocrx_word' id='word_1_168' title='bbox 2933 994 3069 1062; x_wconf 78' lang='grc' dir='ltr'>ἦθος</span> <span class='ocrx_word' id='word_1_169' title='bbox 3124 993 3224 1049; x_wconf 85' lang='grc' dir='ltr'>οὐκ</span> <span class='ocrx_word' id='word_1_170' title='bbox 3269 991 3494 1056; x_wconf 80' lang='grc' dir='ltr'>ἔκλυτος</span> <span class='ocrx_word' id='word_1_171' title='bbox 3553 993 3669 1050; x_wconf 78' lang='grc' dir='ltr'>οὐδ’</span> <span class='ocrx_word' id='word_1_172' title='bbox 3709 996 3834 1052; x_wconf 80' lang='grc' dir='ltr'>ἀκό-</span> 
     </span>
    </p>
   </div>
   <div class='ocr_carea' id='block_1_26' title="bbox 2193 1081 3837 1157">
    <p class='ocr_par' dir='ltr' id='par_1_26' title="bbox 2193 1081 3837 1157">
     <span class='ocr_line' id='line_1_26' title="bbox 2193 1081 3837 1157; baseline 0.001 -19"><span class='ocrx_word' id='word_1_173' title='bbox 2193 1082 2416 1152; x_wconf 85' lang='grc' dir='ltr'>λαστος,</span> <span class='ocrx_word' id='word_1_174' title='bbox 2447 1085 2579 1137; x_wconf 79' lang='grc' dir='ltr'>κάπὶ</span> <span class='ocrx_word' id='word_1_175' title='bbox 2629 1089 2746 1144; x_wconf 84' lang='grc' dir='ltr'>ταῖς</span> <span class='ocrx_word' id='word_1_176' title='bbox 2806 1082 3036 1156; x_wconf 75' lang='grc' dir='ltr'>δωρεαῖς</span> <span class='ocrx_word' id='word_1_177' title='bbox 3092 1103 3150 1137; x_wconf 80' lang='grc' dir='ltr'>τε</span> <span class='ocrx_word' id='word_1_178' title='bbox 3205 1084 3292 1137; x_wconf 83' lang='grc' dir='ltr'>καὶ</span> <span class='ocrx_word' id='word_1_179' title='bbox 3357 1081 3618 1146; x_wconf 82' lang='grc' dir='ltr'>δαπάναις</span> <span class='ocrx_word' id='word_1_180' title='bbox 3677 1105 3837 1157; x_wconf 80' lang='grc' dir='ltr'>μετα-</span> 
     </span>
    </p>
   </div>
   <div class='ocr_carea' id='block_1_27' title="bbox 2194 1170 3839 1250">
    <p class='ocr_par' dir='ltr' id='par_1_27' title="bbox 2194 1170 3839 1250">
     <span class='ocr_line' id='line_1_27' title="bbox 2194 1170 3839 1250; baseline 0.001 -21"><span class='ocrx_word' id='word_1_181' title='bbox 2194 1171 2388 1244; x_wconf 83' lang='grc' dir='ltr'>διώξας</span> <span class='ocrx_word' id='word_1_182' title='bbox 2454 1171 2950 1250; x_wconf 67' lang='grc' dir='ltr'>μεγαλοπρέπειαν·</span> <span class='ocrx_word' id='word_1_183' title='bbox 3041 1175 3127 1227; x_wconf 82' lang='grc' dir='ltr'>καὶ</span> <span class='ocrx_word' id='word_1_184' title='bbox 3187 1170 3450 1241; x_wconf 77' lang='grc' dir='ltr'>δηλοῦσιν</span> <span class='ocrx_word' id='word_1_185' title='bbox 3510 1175 3568 1228; x_wconf 82' lang='grc' dir='ltr'>αἳ</span> <span class='ocrx_word' id='word_1_186' title='bbox 3637 1195 3694 1230; x_wconf 87' lang='grc' dir='ltr'>τε</span> <span class='ocrx_word' id='word_1_187' title='bbox 3749 1173 3839 1231; x_wconf 81' lang='grc' dir='ltr'>διὰ</span> 
     </span>
    </p>
   </div>
   <div class='ocr_carea' id='block_1_28' title="bbox 2191 1261 3838 1340">
    <p class='ocr_par' dir='ltr' id='par_1_28' title="bbox 2191 1261 3838 1340">
     <span class='ocr_line' id='line_1_28' title="bbox 2191 1261 3838 1340; baseline 0.001 -22"><span class='ocrx_word' id='word_1_188' title='bbox 2191 1263 2466 1340; x_wconf 69' lang='grc' dir='ltr'>χρυσίνως</span> <span class='ocrx_word' id='word_1_189' title='bbox 2507 1265 2644 1337; x_wconf 88' lang='grc' dir='ltr'>πρὸς</span> <span class='ocrx_word' id='word_1_190' title='bbox 2699 1263 2825 1324; x_wconf 81' lang='grc' dir='ltr'>τοὺς</span> <span class='ocrx_word' id='word_1_191' title='bbox 2881 1269 2982 1331; x_wconf 82' lang='grc' dir='ltr'>τῆς</span> <span class='ocrx_word' id='word_1_192' title='bbox 3022 1261 3237 1324; x_wconf 87' lang='grc' dir='ltr'>πόλεως</span> <span class='ocrx_word' id='word_1_193' title='bbox 3302 1263 3594 1337; x_wconf 77' lang='grc' dir='ltr'>οἷ’κήτορας</span> <span class='ocrx_word' id='word_1_194' title='bbox 3647 1265 3838 1340; x_wconf 83' lang='grc' dir='ltr'>συχναὶ</span> 
     </span>
    </p>
   </div>
   <div class='ocr_carea' id='block_1_29' title="bbox 2195 1351 3840 1420">
    <p class='ocr_par' dir='ltr' id='par_1_29' title="bbox 2195 1351 3840 1420">
     <span class='ocr_line' id='line_1_29' title="bbox 2195 1351 3840 1420; baseline 0.001 -13"><span class='ocrx_word' id='word_1_195' title='bbox 2195 1351 2484 1420; x_wconf 84' lang='grc' dir='ltr'>διαδόσεις,</span> <span class='ocrx_word' id='word_1_196' title='bbox 2543 1354 2632 1406; x_wconf 83' lang='grc' dir='ltr'>καὶ</span> <span class='ocrx_word' id='word_1_197' title='bbox 2692 1353 2799 1408; x_wconf 80' lang='grc' dir='ltr'>τῶν</span> <span class='ocrx_word' id='word_1_198' title='bbox 2857 1357 3001 1406; x_wconf 82' lang='grc' dir='ltr'>ναῶν</span> <span class='ocrx_word' id='word_1_199' title='bbox 3069 1353 3304 1413; x_wconf 83' lang='grc' dir='ltr'>ὁπόσους</span> <span class='ocrx_word' id='word_1_200' title='bbox 3363 1351 3694 1416; x_wconf 83' lang='grc' dir='ltr'>καλλίστους</span> <span class='ocrx_word' id='word_1_201' title='bbox 3751 1353 3840 1408; x_wconf 85' lang='grc' dir='ltr'>καὶ</span> 
     </span>
    </p>
   </div>
   <div class='ocr_carea' id='block_1_30' title="bbox 2199 1439 3839 1517">
    <p class='ocr_par' dir='ltr' id='par_1_30' title="bbox 2199 1439 3839 1517">
     <span class='ocr_line' id='line_1_30' title="bbox 2199 1439 3839 1517; baseline -0.001 -19"><span class='ocrx_word' id='word_1_202' title='bbox 2199 1443 2484 1516; x_wconf 77' lang='grc' dir='ltr'>μεγίστους</span> <span class='ocrx_word' id='word_1_203' title='bbox 2539 1441 2599 1496; x_wconf 81' lang='grc' dir='ltr'>ἐκ</span> <span class='ocrx_word' id='word_1_204' title='bbox 2657 1443 2871 1517; x_wconf 78' lang='grc' dir='ltr'>βάθρων</span> <span class='ocrx_word' id='word_1_205' title='bbox 2931 1439 3207 1514; x_wconf 81' lang='grc' dir='ltr'>ἐδείματο.</span> <span class='ocrx_word' id='word_1_206' title='bbox 3270 1441 3449 1498; x_wconf 73' lang='grc' dir='ltr'>Ἀλλὰ</span> <span class='ocrx_word' id='word_1_207' title='bbox 3509 1443 3598 1497; x_wconf 83' lang='grc' dir='ltr'>καὶ</span> <span class='ocrx_word' id='word_1_208' title='bbox 3681 1441 3839 1516; x_wconf 78' lang='grc' dir='ltr'>δόξης</span> 
     </span>
    </p>
   </div>
   <div class='ocr_carea' id='block_1_31' title="bbox 2195 1529 3841 1608">
    <p class='ocr_par' dir='ltr' id='par_1_31' title="bbox 2195 1529 3841 1608">
     <span class='ocr_line' id='line_1_31' title="bbox 2195 1529 3841 1608; baseline 0.001 -22"><span class='ocrx_word' id='word_1_209' title='bbox 2195 1532 2422 1606; x_wconf 77' lang='grc' dir='ltr'>ἐραστὴς</span> <span class='ocrx_word' id='word_1_210' title='bbox 2483 1533 2615 1606; x_wconf 75' lang='grc' dir='ltr'>ὑπὲρ</span> <span class='ocrx_word' id='word_1_211' title='bbox 2675 1529 2845 1586; x_wconf 72' lang='grc' dir='ltr'>ἄλλον</span> <span class='ocrx_word' id='word_1_212' title='bbox 2897 1530 3104 1586; x_wconf 75' lang='grc' dir='ltr'>ἃπαντα</span> <span class='ocrx_word' id='word_1_213' title='bbox 3157 1531 3396 1608; x_wconf 81' lang='grc' dir='ltr'>γεγονὼς</span> <span class='ocrx_word' id='word_1_214' title='bbox 3460 1536 3557 1587; x_wconf 85' lang='grc' dir='ltr'>τοῦ</span> <span class='ocrx_word' id='word_1_215' title='bbox 3613 1532 3841 1589; x_wconf 85' lang='grc' dir='ltr'>καταλι-</span> 
     </span>
    </p>
   </div>
   <div class='ocr_carea' id='block_1_32' title="bbox 2195 1615 3843 1696">
    <p class='ocr_par' dir='ltr' id='par_1_32' title="bbox 2195 1615 3843 1696">
     <span class='ocr_line' id='line_1_32' title="bbox 2195 1615 3843 1696; baseline 0.001 -20"><span class='ocrx_word' id='word_1_216' title='bbox 2195 1627 2312 1677; x_wconf 85' lang='grc' dir='ltr'>πεῖν</span> <span class='ocrx_word' id='word_1_217' title='bbox 2383 1622 2434 1676; x_wconf 79' lang='grc' dir='ltr'>ἐν</span> <span class='ocrx_word' id='word_1_218' title='bbox 2501 1627 2619 1682; x_wconf 84' lang='grc' dir='ltr'>τοῖς</span> <span class='ocrx_word' id='word_1_219' title='bbox 2685 1615 2871 1676; x_wconf 63' lang='grc' dir='ltr'>ἔπειτα</span> <span class='ocrx_word' id='word_1_220' title='bbox 2961 1621 3212 1696; x_wconf 66' lang='grc' dir='ltr'>μέγιστον</span> <span class='ocrx_word' id='word_1_221' title='bbox 3278 1621 3470 1676; x_wconf 69' lang='grc' dir='ltr'>ἑαυτοῦ</span> <span class='ocrx_word' id='word_1_222' title='bbox 3545 1617 3724 1695; x_wconf 72' lang='grc' dir='ltr'>ὄνομα</span> <span class='ocrx_word' id='word_1_223' title='bbox 3775 1623 3843 1677; x_wconf 81' lang='grc' dir='ltr'>τὰ</span> 
     </span>
    </p>
   </div>
   <div class='ocr_carea' id='block_1_33' title="bbox 2195 1708 3842 1783">
    <p class='ocr_par' dir='ltr' id='par_1_33' title="bbox 2195 1708 3842 1783">
     <span class='ocr_line' id='line_1_33' title="bbox 2195 1708 3842 1783; baseline -0.001 -16"><span class='ocrx_word' id='word_1_224' title='bbox 2195 1711 2368 1767; x_wconf 82' lang='grc' dir='ltr'>πάντα</span> <span class='ocrx_word' id='word_1_225' title='bbox 2397 1712 2707 1783; x_wconf 83' lang='grc' dir='ltr'>τιμώμενος</span> <span class='ocrx_word' id='word_1_226' title='bbox 2739 1711 2828 1778; x_wconf 81' lang='grc' dir='ltr'>ἦν.</span> <span class='ocrx_word' id='word_1_227' title='bbox 2859 1711 3132 1766; x_wconf 78' lang='grc' dir='ltr'>Τοσοῦτον</span> <span class='ocrx_word' id='word_1_228' title='bbox 3191 1708 3245 1764; x_wconf 74' lang='grc' dir='ltr'>δὲ</span> <span class='ocrx_word' id='word_1_229' title='bbox 3299 1711 3393 1765; x_wconf 85' lang='grc' dir='ltr'>καὶ</span> <span class='ocrx_word' id='word_1_230' title='bbox 3447 1717 3547 1774; x_wconf 71' lang='grc' dir='ltr'>τ’ῗς</span> <span class='ocrx_word' id='word_1_231' title='bbox 3603 1715 3711 1766; x_wconf 83' lang='grc' dir='ltr'>τῶν</span> <span class='ocrx_word' id='word_1_232' title='bbox 3761 1713 3842 1767; x_wconf 76' lang='grc' dir='ltr'>οἱ-</span> 
     </span>
    </p>
   </div>
   <div class='ocr_carea' id='block_1_34' title="bbox 2195 1797 3842 1875">
    <p class='ocr_par' dir='ltr' id='par_1_34' title="bbox 2195 1797 3842 1875">
     <span class='ocr_line' id='line_1_34' title="bbox 2195 1797 3842 1875; baseline 0.001 -20"><span class='ocrx_word' id='word_1_233' title='bbox 2195 1801 2355 1855; x_wconf 87' lang='grc' dir='ltr'>κείων</span> <span class='ocrx_word' id='word_1_234' title='bbox 2433 1799 2852 1875; x_wconf 78' lang='grc' dir='ltr'>εὐσχημοσύνης</span> <span class='ocrx_word' id='word_1_235' title='bbox 2937 1799 3028 1852; x_wconf 83' lang='grc' dir='ltr'>καὶ</span> <span class='ocrx_word' id='word_1_236' title='bbox 3095 1804 3192 1854; x_wconf 88' lang='grc' dir='ltr'>τοῦ</span> <span class='ocrx_word' id='word_1_237' title='bbox 3261 1797 3559 1872; x_wconf 67' lang='grc' dir='ltr'>αἰδήμονος</span> <span class='ocrx_word' id='word_1_238' title='bbox 3634 1803 3842 1875; x_wconf 84' lang='grc' dir='ltr'>τρόπου</span> 
     </span>
    </p>
   </div>
   <div class='ocr_carea' id='block_1_35' title="bbox 2199 1889 3844 1967">
    <p class='ocr_par' dir='ltr' id='par_1_35' title="bbox 2199 1889 3844 1967">
     <span class='ocr_line' id='line_1_35' title="bbox 2199 1889 3844 1967; baseline 0.002 -24"><span class='ocrx_word' id='word_1_239' title='bbox 2199 1889 2460 1967; x_wconf 77' lang='grc' dir='ltr'>ἐξείχετο,</span> <span class='ocrx_word' id='word_1_240' title='bbox 2503 1890 2578 1949; x_wconf 84' lang='grc' dir='ltr'>ὡς</span> <span class='ocrx_word' id='word_1_241' title='bbox 2625 1889 2714 1942; x_wconf 81' lang='grc' dir='ltr'>καὶ</span> <span class='ocrx_word' id='word_1_242' title='bbox 2769 1889 2967 1964; x_wconf 85' lang='grc' dir='ltr'>κουρὰν</span> <span class='ocrx_word' id='word_1_243' title='bbox 3028 1890 3470 1964; x_wconf 82' lang='grc' dir='ltr'>περιεργάζεσθαι</span> <span class='ocrx_word' id='word_1_244' title='bbox 3515 1890 3708 1964; x_wconf 85' lang='grc' dir='ltr'>τριχὸς</span> <span class='ocrx_word' id='word_1_245' title='bbox 3756 1892 3844 1946; x_wconf 80' lang='grc' dir='ltr'>καὶ</span> 
     </span>
    </p>
   </div>
   <div class='ocr_carea' id='block_1_36' title="bbox 441 1975 2092 2078">
    <p class='ocr_par' dir='ltr' id='par_1_36' title="bbox 441 1975 2087 2050">
     <span class='ocr_line' id='line_1_36' title="bbox 441 1975 2087 2050; baseline 0.003 -20"><span class='ocrx_word' id='word_1_246' title='bbox 441 1975 620 2040; x_wconf 88' lang='lat' dir='ltr'>tibus,</span> <span class='ocrx_word' id='word_1_247' title='bbox 652 1975 939 2031; x_wconf 82' lang='lat' dir='ltr'>etluxum</span> <span class='ocrx_word' id='word_1_248' title='bbox 999 1978 1250 2033; x_wconf 87' lang='lat' dir='ltr'>vestium</span> <span class='ocrx_word' id='word_1_249' title='bbox 1303 1995 1370 2033; x_wconf 89' lang='lat' dir='ltr'>ac</span> <span class='ocrx_word' id='word_1_250' title='bbox 1427 1995 1758 2034; x_wconf 80' lang='lat' dir='ltr'>mensarum</span> <span class='ocrx_word' id='word_1_251' title='bbox 1811 1985 2087 2050; x_wconf 85' lang='lat' dir='ltr'>tanquam</span> 
     </span>
    </p>
   </div>
   <div class='ocr_carea' id='block_1_37' title="bbox 2201 1975 3846 2078">
    <p class='ocr_par' dir='ltr' id='par_1_37' title="bbox 2201 1975 3846 2053">
     <span class='ocr_line' id='line_1_37' title="bbox 2201 1975 3846 2053; baseline -0.001 -20"><span class='ocrx_word' id='word_1_252' title='bbox 2201 1980 2261 2033; x_wconf 90' lang='grc' dir='ltr'>τὸ</span> <span class='ocrx_word' id='word_1_253' title='bbox 2287 1983 2385 2032; x_wconf 88' lang='grc' dir='ltr'>τοῦ</span> <span class='ocrx_word' id='word_1_254' title='bbox 2415 1975 2586 2040; x_wconf 88' lang='grc' dir='ltr'>ποδὸς</span> <span class='ocrx_word' id='word_1_255' title='bbox 2643 1975 2833 2038; x_wconf 76' lang='grc' dir='ltr'>σκῦτος</span> <span class='ocrx_word' id='word_1_256' title='bbox 2883 1979 3214 2051; x_wconf 69' lang='grc' dir='ltr'>περιαθρεῖν,</span> <span class='ocrx_word' id='word_1_257' title='bbox 3271 1978 3316 2031; x_wconf 78' lang='grc' dir='ltr'>εἷ</span> <span class='ocrx_word' id='word_1_258' title='bbox 3361 1979 3498 2032; x_wconf 78' lang='grc' dir='ltr'>κατὰ</span> <span class='ocrx_word' id='word_1_259' title='bbox 3556 1977 3717 2053; x_wconf 82' lang='grc' dir='ltr'>λόγον</span> <span class='ocrx_word' id='word_1_260' title='bbox 3759 1979 3846 2034; x_wconf 83' lang='grc' dir='ltr'>καὶ</span> 
     </span>
    </p>
   </div>
   <div class='ocr_carea' id='block_1_38' title="bbox 448 2064 2093 2139">
    <p class='ocr_par' dir='ltr' id='par_1_38' title="bbox 448 2064 2093 2139">
     <span class='ocr_line' id='line_1_38' title="bbox 448 2064 2093 2139; baseline 0.002 -20"><span class='ocrx_word' id='word_1_261' title='bbox 448 2064 832 2136; x_wconf 82' lang='lat' dir='ltr'>corruptelam</span> <span class='ocrx_word' id='word_1_262' title='bbox 849 2069 905 2119; x_wconf 91' lang='lat' dir='ltr'>et</span> <span class='ocrx_word' id='word_1_263' title='bbox 927 2066 1054 2120; x_wconf 84' lang='lat' dir='ltr'>vitae</span> <span class='ocrx_word' id='word_1_264' title='bbox 1077 2072 1301 2136; x_wconf 91' lang='lat' dir='ltr'>pestem</span> <span class='ocrx_word' id='word_1_265' title='bbox 1327 2085 1360 2121; x_wconf 91' lang='lat' dir='ltr'>a</span> <span class='ocrx_word' id='word_1_266' title='bbox 1381 2067 1588 2136; x_wconf 89' lang='lat' dir='ltr'>palatio</span> <span class='ocrx_word' id='word_1_267' title='bbox 1633 2067 1854 2139; x_wconf 89' lang='lat' dir='ltr'>pepulit</span> <span class='ocrx_word' id='word_1_268' title='bbox 1879 2086 1892 2123; x_wconf 90' lang='lat'><strong>:</strong></span> <span class='ocrx_word' id='word_1_269' title='bbox 1933 2085 2093 2124; x_wconf 88' lang='lat' dir='ltr'>cum-</span> 
     </span>
    </p>
   </div>
   <div class='ocr_carea' id='block_1_39' title="bbox 455 2154 2099 2226">
    <p class='ocr_par' dir='ltr' id='par_1_39' title="bbox 455 2154 2099 2226">
     <span class='ocr_line' id='line_1_39' title="bbox 455 2154 2099 2226; baseline 0.004 -19"><span class='ocrx_word' id='word_1_270' title='bbox 455 2169 569 2224; x_wconf 91' lang='lat' dir='ltr'>que</span> <span class='ocrx_word' id='word_1_271' title='bbox 591 2155 919 2224; x_wconf 82' lang='lat' dir='ltr'>exemplum</span> <span class='ocrx_word' id='word_1_272' title='bbox 943 2154 1264 2226; x_wconf 75' lang='lat' dir='ltr'>disciplinae</span> <span class='ocrx_word' id='word_1_273' title='bbox 1291 2158 1662 2225; x_wconf 86' lang='lat' dir='ltr'>semetipsum</span> <span class='ocrx_word' id='word_1_274' title='bbox 1690 2157 2099 2224; x_wconf 79' lang='lat' dir='ltr'>gravissimum</span> 
     </span>
    </p>
   </div>
   <div class='ocr_carea' id='block_1_40' title="bbox 456 2245 2101 2314">
    <p class='ocr_par' dir='ltr' id='par_1_40' title="bbox 456 2245 2101 2314">
     <span class='ocr_line' id='line_1_40' title="bbox 456 2245 2101 2314; baseline 0.003 -17"><span class='ocrx_word' id='word_1_275' title='bbox 456 2249 826 2314; x_wconf 87' lang='lat' dir='ltr'>proponeret,</span> <span class='ocrx_word' id='word_1_276' title='bbox 859 2248 1032 2314; x_wconf 89' lang='lat' dir='ltr'>atque</span> <span class='ocrx_word' id='word_1_277' title='bbox 1064 2259 1266 2301; x_wconf 87' lang='lat' dir='ltr'>omnes</span> <span class='ocrx_word' id='word_1_278' title='bbox 1300 2245 1615 2301; x_wconf 79' lang='lat' dir='ltr'>familiares</span> <span class='ocrx_word' id='word_1_279' title='bbox 1662 2247 1979 2302; x_wconf 86' lang='lat' dir='ltr'>imitatores</span> <span class='ocrx_word' id='word_1_280' title='bbox 2010 2247 2101 2302; x_wconf 89' lang='lat' dir='ltr'>sui</span> 
     </span>
    </p>
   </div>
   <div class='ocr_carea' id='block_1_41' title="bbox 391 2321 2100 2408">
    <p class='ocr_par' dir='ltr' id='par_1_41' title="bbox 391 2321 2100 2408">
     <span class='ocr_line' id='line_1_41' title="bbox 391 2321 2100 2408; baseline 0.002 -19"><span class='ocrx_word' id='word_1_281' title='bbox 391 2321 402 2328; x_wconf 63' lang='grc'><em>’</em></span> <span class='ocrx_word' id='word_1_282' title='bbox 459 2333 690 2389; x_wconf 70' lang='lat' dir='ltr'>allicere</span> <span class='ocrx_word' id='word_1_283' title='bbox 721 2334 997 2403; x_wconf 88' lang='lat' dir='ltr'>studeret,</span> <span class='ocrx_word' id='word_1_284' title='bbox 1023 2349 1199 2390; x_wconf 83' lang='lat' dir='ltr'>omne</span> <span class='ocrx_word' id='word_1_285' title='bbox 1253 2335 1484 2390; x_wconf 89' lang='lat' dir='ltr'>virtutis</span> <span class='ocrx_word' id='word_1_286' title='bbox 1541 2353 1722 2408; x_wconf 87' lang='lat' dir='ltr'>genus</span> <span class='ocrx_word' id='word_1_287' title='bbox 1767 2337 1956 2392; x_wconf 88' lang='lat' dir='ltr'>colere</span> <span class='ocrx_word' id='word_1_288' title='bbox 1987 2355 2100 2393; x_wconf 90' lang='lat' dir='ltr'>non</span> 
     </span>
    </p>
   </div>
   <div class='ocr_carea' id='block_1_42' title="bbox 465 2423 2102 2498">
    <p class='ocr_par' dir='ltr' id='par_1_42' title="bbox 465 2423 2102 2498">
     <span class='ocr_line' id='line_1_42' title="bbox 465 2423 2102 2498; baseline 0.004 -20"><span class='ocrx_word' id='word_1_289' title='bbox 465 2423 710 2480; x_wconf 84' lang='lat' dir='ltr'>destitit.</span> <span class='ocrx_word' id='word_1_290' title='bbox 753 2424 952 2495; x_wconf 86' lang='lat' dir='ltr'>Neque</span> <span class='ocrx_word' id='word_1_291' title='bbox 1005 2430 1194 2480; x_wconf 87' lang='lat' dir='ltr'>tamen</span> <span class='ocrx_word' id='word_1_292' title='bbox 1255 2426 1490 2481; x_wconf 87' lang='lat' dir='ltr'>interim</span> <span class='ocrx_word' id='word_1_293' title='bbox 1550 2443 1584 2482; x_wconf 80' lang='grc' dir='ltr'>θ,</span> <span class='ocrx_word' id='word_1_294' title='bbox 1639 2427 1842 2498; x_wconf 79' lang='lat' dir='ltr'>gratiis</span> <span class='ocrx_word' id='word_1_295' title='bbox 1873 2427 2102 2484; x_wconf 86' lang='lat' dir='ltr'>alienus</span> 
     </span>
    </p>
   </div>
   <div class='ocr_carea' id='block_1_43' title="bbox 465 2512 2101 2588">
    <p class='ocr_par' dir='ltr' id='par_1_43' title="bbox 465 2512 2101 2588">
     <span class='ocr_line' id='line_1_43' title="bbox 465 2512 2101 2588; baseline 0.001 -18"><span class='ocrx_word' id='word_1_296' title='bbox 465 2515 802 2586; x_wconf 80' lang='lat' dir='ltr'>fuit,neque</span> <span class='ocrx_word' id='word_1_297' title='bbox 831 2512 888 2568; x_wconf 86' lang='lat' dir='ltr'>in</span> <span class='ocrx_word' id='word_1_298' title='bbox 922 2514 1081 2569; x_wconf 89' lang='lat' dir='ltr'>aditu</span> <span class='ocrx_word' id='word_1_299' title='bbox 1115 2518 1216 2570; x_wconf 88' lang='lat' dir='ltr'>aut</span> <span class='ocrx_word' id='word_1_300' title='bbox 1244 2531 1559 2586; x_wconf 84' lang='lat' dir='ltr'>congressu</span> <span class='ocrx_word' id='word_1_301' title='bbox 1619 2533 1809 2588; x_wconf 87' lang='lat' dir='ltr'>asper,</span> <span class='ocrx_word' id='word_1_302' title='bbox 1843 2517 2101 2584; x_wconf 86' lang='lat' dir='ltr'>tetricus,</span> 
     </span>
    </p>
   </div>
   <div class='ocr_carea' id='block_1_44' title="bbox 461 2601 2102 2677">
    <p class='ocr_par' dir='ltr' id='par_1_44' title="bbox 461 2601 2102 2677">
     <span class='ocr_line' id='line_1_44' title="bbox 461 2601 2102 2677; baseline 0.001 -19"><span class='ocrx_word' id='word_1_303' title='bbox 461 2601 877 2672; x_wconf 79' lang='lat' dir='ltr'>superciliosae</span> <span class='ocrx_word' id='word_1_304' title='bbox 909 2607 1011 2658; x_wconf 90' lang='lat' dir='ltr'>aut</span> <span class='ocrx_word' id='word_1_305' title='bbox 1037 2602 1396 2659; x_wconf 86' lang='lat' dir='ltr'>inhumanus</span> <span class='ocrx_word' id='word_1_306' title='bbox 1423 2622 1435 2659; x_wconf 95' lang='lat'><strong>:</strong></span> <span class='ocrx_word' id='word_1_307' title='bbox 1461 2607 1562 2660; x_wconf 87' lang='lat' dir='ltr'>sed</span> <span class='ocrx_word' id='word_1_308' title='bbox 1606 2621 1737 2660; x_wconf 90' lang='lat' dir='ltr'>cum</span> <span class='ocrx_word' id='word_1_309' title='bbox 1777 2606 1834 2660; x_wconf 91' lang='lat' dir='ltr'>in</span> <span class='ocrx_word' id='word_1_310' title='bbox 1869 2605 2102 2677; x_wconf 90' lang='lat' dir='ltr'>publico</span> 
     </span>
    </p>
   </div>
   <div class='ocr_carea' id='block_1_45' title="bbox 458 2690 2104 2766">
    <p class='ocr_par' dir='ltr' id='par_1_45' title="bbox 458 2690 2104 2766">
     <span class='ocr_line' id='line_1_45' title="bbox 458 2690 2104 2766; baseline 0 -18"><span class='ocrx_word' id='word_1_311' title='bbox 458 2693 751 2748; x_wconf 80' lang='lat' dir='ltr'>actionum</span> <span class='ocrx_word' id='word_1_312' title='bbox 783 2690 1138 2762; x_wconf 87' lang='lat' dir='ltr'>optimarum</span> <span class='ocrx_word' id='word_1_313' title='bbox 1193 2695 1488 2764; x_wconf 81' lang='lat' dir='ltr'>exemplar</span> <span class='ocrx_word' id='word_1_314' title='bbox 1545 2710 1608 2749; x_wconf 88' lang='lat' dir='ltr'>se</span> <span class='ocrx_word' id='word_1_315' title='bbox 1665 2695 1963 2766; x_wconf 73' lang='lat' dir='ltr'>praeberet,</span> <span class='ocrx_word' id='word_1_316' title='bbox 2007 2711 2104 2765; x_wconf 87' lang='lat' dir='ltr'>per</span> 
     </span>
    </p>
   </div>
   <div class='ocr_carea' id='block_1_46' title="bbox 459 2781 2101 2854">
    <p class='ocr_par' dir='ltr' id='par_1_46' title="bbox 459 2781 2101 2854">
     <span class='ocr_line' id='line_1_46' title="bbox 459 2781 2101 2854; baseline 0.001 -18"><span class='ocrx_word' id='word_1_317' title='bbox 459 2781 640 2837; x_wconf 90' lang='lat' dir='ltr'>otium</span> <span class='ocrx_word' id='word_1_318' title='bbox 674 2798 706 2836; x_wconf 87' lang='lat' dir='ltr'>a</span> <span class='ocrx_word' id='word_1_319' title='bbox 737 2797 798 2836; x_wconf 89' lang='lat' dir='ltr'>re</span> <span class='ocrx_word' id='word_1_320' title='bbox 827 2781 1063 2852; x_wconf 86' lang='lat' dir='ltr'>publica</span> <span class='ocrx_word' id='word_1_321' title='bbox 1118 2789 1460 2854; x_wconf 80' lang='lat' dir='ltr'>remotaque</span> <span class='ocrx_word' id='word_1_322' title='bbox 1517 2785 1711 2852; x_wconf 90' lang='lat' dir='ltr'>turba,</span> <span class='ocrx_word' id='word_1_323' title='bbox 1744 2800 1918 2854; x_wconf 86' lang='lat' dir='ltr'>quam</span> <span class='ocrx_word' id='word_1_324' title='bbox 1975 2789 2101 2838; x_wconf 88' lang='lat' dir='ltr'>tan-</span> 
     </span>
    </p>
   </div>
   <div class='ocr_carea' id='block_1_47' title="bbox 455 2872 2104 2945">
    <p class='ocr_par' dir='ltr' id='par_1_47' title="bbox 455 2872 2104 2945">
     <span class='ocr_line' id='line_1_47' title="bbox 455 2872 2104 2945; baseline 0.002 -19"><span class='ocrx_word' id='word_1_325' title='bbox 455 2887 633 2944; x_wconf 88' lang='lat' dir='ltr'>quam</span> <span class='ocrx_word' id='word_1_326' title='bbox 665 2877 1012 2945; x_wconf 82' lang='lat' dir='ltr'>tympanum</span> <span class='ocrx_word' id='word_1_327' title='bbox 1037 2872 1440 2942; x_wconf 89' lang='lat' dir='ltr'>obstreperum</span> <span class='ocrx_word' id='word_1_328' title='bbox 1473 2881 1529 2929; x_wconf 92' lang='lat' dir='ltr'>et</span> <span class='ocrx_word' id='word_1_329' title='bbox 1584 2875 1881 2945; x_wconf 81' lang='lat' dir='ltr'>garrulum</span> <span class='ocrx_word' id='word_1_330' title='bbox 1939 2889 2104 2929; x_wconf 87' lang='lat' dir='ltr'>cave-</span> 
     </span>
    </p>
   </div>
   <div class='ocr_carea' id='block_1_48' title="bbox 455 2961 2105 3030">
    <p class='ocr_par' dir='ltr' id='par_1_48' title="bbox 455 2961 2105 3030">
     <span class='ocr_line' id='line_1_48' title="bbox 455 2961 2105 3030; baseline 0 -14"><span class='ocrx_word' id='word_1_331' title='bbox 455 2961 581 3026; x_wconf 86' lang='lat' dir='ltr'>bat,</span> <span class='ocrx_word' id='word_1_332' title='bbox 611 2961 786 3016; x_wconf 87' lang='lat' dir='ltr'>etiam</span> <span class='ocrx_word' id='word_1_333' title='bbox 821 2961 1151 3016; x_wconf 85' lang='lat' dir='ltr'>comitatem</span> <span class='ocrx_word' id='word_1_334' title='bbox 1183 2962 1484 3018; x_wconf 83' lang='lat' dir='ltr'>honestam</span> <span class='ocrx_word' id='word_1_335' title='bbox 1528 2963 1896 3030; x_wconf 86' lang='lat' dir='ltr'>admittebat,</span> <span class='ocrx_word' id='word_1_336' title='bbox 1945 2968 2004 3018; x_wconf 90' lang='lat' dir='ltr'>et</span> <span class='ocrx_word' id='word_1_337' title='bbox 2033 2963 2105 3016; x_wconf 87' lang='lat' dir='ltr'>ab</span> 
     </span>
    </p>
   </div>
   <div class='ocr_carea' id='block_1_49' title="bbox 457 3047 2106 3122">
    <p class='ocr_par' dir='ltr' id='par_1_49' title="bbox 457 3047 2106 3122">
     <span class='ocr_line' id='line_1_49' title="bbox 457 3047 2106 3122; baseline 0.001 -18"><span class='ocrx_word' id='word_1_338' title='bbox 457 3051 784 3105; x_wconf 87' lang='lat' dir='ltr'>urbanitate</span> <span class='ocrx_word' id='word_1_339' title='bbox 821 3065 936 3104; x_wconf 89' lang='lat' dir='ltr'>non</span> <span class='ocrx_word' id='word_1_340' title='bbox 976 3047 1343 3117; x_wconf 85' lang='lat' dir='ltr'>abhorrebat,</span> <span class='ocrx_word' id='word_1_341' title='bbox 1379 3067 1566 3122; x_wconf 87' lang='lat' dir='ltr'>neque</span> <span class='ocrx_word' id='word_1_342' title='bbox 1623 3053 1808 3106; x_wconf 87' lang='lat' dir='ltr'>risum</span> <span class='ocrx_word' id='word_1_343' title='bbox 1867 3067 2106 3122; x_wconf 87' lang='lat' dir='ltr'>prorsus</span> 
     </span>
    </p>
   </div>
   <div class='ocr_carea' id='block_1_50' title="bbox 458 3137 2108 3209">
    <p class='ocr_par' dir='ltr' id='par_1_50' title="bbox 458 3137 2108 3209">
     <span class='ocr_line' id='line_1_50' title="bbox 458 3137 2108 3209; baseline 0.001 -17"><span class='ocrx_word' id='word_1_344' title='bbox 458 3137 846 3208; x_wconf 84' lang='lat' dir='ltr'>opprimebat.</span> <span class='ocrx_word' id='word_1_345' title='bbox 905 3140 1106 3205; x_wconf 85' lang='lat' dir='ltr'>Itaque</span> <span class='ocrx_word' id='word_1_346' title='bbox 1159 3155 1294 3193; x_wconf 88' lang='lat' dir='ltr'>cum</span> <span class='ocrx_word' id='word_1_347' title='bbox 1347 3155 1556 3209; x_wconf 90' lang='lat' dir='ltr'>parum</span> <span class='ocrx_word' id='word_1_348' title='bbox 1599 3157 1632 3194; x_wconf 88' lang='lat' dir='ltr'>a</span> <span class='ocrx_word' id='word_1_349' title='bbox 1661 3156 1890 3194; x_wconf 83' lang='lat' dir='ltr'>summa</span> <span class='ocrx_word' id='word_1_350' title='bbox 1919 3140 2108 3195; x_wconf 87' lang='lat' dir='ltr'>conti-</span> 
     </span>
    </p>
   </div>
   <div class='ocr_carea' id='block_1_51' title="bbox 457 3225 2104 3298">
    <p class='ocr_par' dir='ltr' id='par_1_51' title="bbox 457 3225 2104 3298">
     <span class='ocr_line' id='line_1_51' title="bbox 457 3225 2104 3298; baseline 0.002 -18"><span class='ocrx_word' id='word_1_351' title='bbox 457 3225 658 3280; x_wconf 87' lang='lat' dir='ltr'>nentia</span> <span class='ocrx_word' id='word_1_352' title='bbox 689 3229 746 3279; x_wconf 90' lang='lat' dir='ltr'>et</span> <span class='ocrx_word' id='word_1_353' title='bbox 801 3225 1132 3294; x_wconf 83' lang='lat' dir='ltr'>integritate</span> <span class='ocrx_word' id='word_1_354' title='bbox 1189 3227 1512 3294; x_wconf 86' lang='lat' dir='ltr'>recesserit,</span> <span class='ocrx_word' id='word_1_355' title='bbox 1541 3233 1600 3282; x_wconf 91' lang='lat' dir='ltr'>et</span> <span class='ocrx_word' id='word_1_356' title='bbox 1645 3228 1718 3282; x_wconf 90' lang='lat' dir='ltr'>ab</span> <span class='ocrx_word' id='word_1_357' title='bbox 1767 3227 2104 3298; x_wconf 73' lang='lat' dir='ltr'>exquisitis-</span> 
     </span>
    </p>
   </div>
   <div class='ocr_carea' id='block_1_52' title="bbox 462 3311 2100 3384">
    <p class='ocr_par' dir='ltr' id='par_1_52' title="bbox 462 3311 2100 3384">
     <span class='ocr_line' id='line_1_52' title="bbox 462 3311 2100 3384; baseline 0.002 -15"><span class='ocrx_word' id='word_1_358' title='bbox 462 3315 613 3370; x_wconf 87' lang='lat' dir='ltr'>sima</span> <span class='ocrx_word' id='word_1_359' title='bbox 643 3311 769 3368; x_wconf 65' lang='lat' dir='ltr'>vita:</span> <span class='ocrx_word' id='word_1_360' title='bbox 829 3313 1048 3367; x_wconf 80' lang='lat' dir='ltr'>ratione</span> <span class='ocrx_word' id='word_1_361' title='bbox 1105 3313 1256 3368; x_wconf 87' lang='lat' dir='ltr'>haud</span> <span class='ocrx_word' id='word_1_362' title='bbox 1320 3314 1572 3369; x_wconf 89' lang='lat' dir='ltr'>multum</span> <span class='ocrx_word' id='word_1_363' title='bbox 1638 3316 1934 3384; x_wconf 85' lang='lat' dir='ltr'>aberrarit,</span> <span class='ocrx_word' id='word_1_364' title='bbox 1995 3333 2100 3372; x_wconf 90' lang='lat' dir='ltr'>nec</span> 
     </span>
    </p>
   </div>
   <div class='ocr_carea' id='block_1_53' title="bbox 2205 2064 3852 2144">
    <p class='ocr_par' dir='ltr' id='par_1_53' title="bbox 2205 2064 3852 2144">
     <span class='ocr_line' id='line_1_53' title="bbox 2205 2064 3852 2144; baseline 0.002 -23"><span class='ocrx_word' id='word_1_365' title='bbox 2205 2067 2341 2141; x_wconf 85' lang='grc' dir='ltr'>πρὸς</span> <span class='ocrx_word' id='word_1_366' title='bbox 2387 2067 2448 2120; x_wconf 87' lang='grc' dir='ltr'>τὸ</span> <span class='ocrx_word' id='word_1_367' title='bbox 2505 2070 2599 2120; x_wconf 85' lang='grc' dir='ltr'>τοῦ</span> <span class='ocrx_word' id='word_1_368' title='bbox 2662 2064 3035 2138; x_wconf 82' lang='grc' dir='ltr'>ὑποδουμένου</span> <span class='ocrx_word' id='word_1_369' title='bbox 3089 2069 3281 2144; x_wconf 76' lang='grc' dir='ltr'>σχῆμα</span> <span class='ocrx_word' id='word_1_370' title='bbox 3344 2066 3674 2142; x_wconf 74' lang='grc' dir='ltr'>ὑπέῤῥαπτο.</span> <span class='ocrx_word' id='word_1_371' title='bbox 3729 2070 3852 2144; x_wconf 80' lang='grc' dir='ltr'>Ἀρ-</span> 
     </span>
    </p>
   </div>
   <div class='ocr_carea' id='block_1_54' title="bbox 2203 2155 3848 2233">
    <p class='ocr_par' dir='ltr' id='par_1_54' title="bbox 2203 2155 3848 2233">
     <span class='ocr_line' id='line_1_54' title="bbox 2203 2155 3848 2233; baseline 0 -21"><span class='ocrx_word' id='word_1_372' title='bbox 2203 2156 2458 2233; x_wconf 86' lang='grc' dir='ltr'>γολογίαν</span> <span class='ocrx_word' id='word_1_373' title='bbox 2494 2155 2550 2211; x_wconf 71' lang='grc' dir='ltr'>δὲ</span> <span class='ocrx_word' id='word_1_374' title='bbox 2591 2158 2680 2211; x_wconf 84' lang='grc' dir='ltr'>καὶ</span> <span class='ocrx_word' id='word_1_375' title='bbox 2739 2156 3104 2230; x_wconf 80' lang='grc' dir='ltr'>σαπρολογίαν</span> <span class='ocrx_word' id='word_1_376' title='bbox 3157 2157 3257 2224; x_wconf 77' lang='grc' dir='ltr'>τήν</span> <span class='ocrx_word' id='word_1_377' title='bbox 3309 2157 3396 2210; x_wconf 81' lang='grc' dir='ltr'>ἐπὶ</span> <span class='ocrx_word' id='word_1_378' title='bbox 3452 2163 3636 2226; x_wconf 83' lang='grc' dir='ltr'>κοινῆς</span> <span class='ocrx_word' id='word_1_379' title='bbox 3687 2159 3848 2232; x_wconf 82' lang='grc' dir='ltr'>ἀκρο-</span> 
     </span>
    </p>
   </div>
   <div class='ocr_carea' id='block_1_55' title="bbox 2205 2243 3843 2318">
    <p class='ocr_par' dir='ltr' id='par_1_55' title="bbox 2205 2243 3843 2318">
     <span class='ocr_line' id='line_1_55' title="bbox 2205 2243 3843 2318; baseline 0 -18"><span class='ocrx_word' id='word_1_380' title='bbox 2205 2245 2377 2309; x_wconf 84' lang='grc' dir='ltr'>άσεως</span> <span class='ocrx_word' id='word_1_381' title='bbox 2405 2245 2494 2300; x_wconf 88' lang='grc' dir='ltr'>καὶ</span> <span class='ocrx_word' id='word_1_382' title='bbox 2528 2246 2589 2301; x_wconf 87' lang='grc' dir='ltr'>τὸ</span> <span class='ocrx_word' id='word_1_383' title='bbox 2620 2243 2670 2299; x_wconf 76' lang='grc' dir='ltr'>ἐν</span> <span class='ocrx_word' id='word_1_384' title='bbox 2704 2245 3024 2318; x_wconf 79' lang='grc' dir='ltr'>ἱματισμοίς</span> <span class='ocrx_word' id='word_1_385' title='bbox 3057 2244 3145 2299; x_wconf 87' lang='grc' dir='ltr'>καὶ</span> <span class='ocrx_word' id='word_1_386' title='bbox 3197 2243 3428 2306; x_wconf 85' lang='grc' dir='ltr'>διαίταις</span> <span class='ocrx_word' id='word_1_387' title='bbox 3473 2243 3699 2316; x_wconf 72' lang='grc' dir='ltr'>ὅίσωτον,</span> <span class='ocrx_word' id='word_1_388' title='bbox 3746 2246 3843 2300; x_wconf 71' lang='grc' dir='ltr'>ὅσα</span> 
     </span>
    </p>
   </div>
   <div class='ocr_carea' id='block_1_56' title="bbox 2207 2333 3836 2410">
    <p class='ocr_par' dir='ltr' id='par_1_56' title="bbox 2207 2333 3836 2410">
     <span class='ocr_line' id='line_1_56' title="bbox 2207 2333 3836 2410; baseline -0.001 -21"><span class='ocrx_word' id='word_1_389' title='bbox 2207 2336 2294 2390; x_wconf 77' lang='grc' dir='ltr'>καὶ</span> <span class='ocrx_word' id='word_1_390' title='bbox 2347 2335 2532 2406; x_wconf 77' lang='grc' dir='ltr'>λύμην</span> <span class='ocrx_word' id='word_1_391' title='bbox 2589 2335 2710 2389; x_wconf 80' lang='grc' dir='ltr'>τινὰ</span> <span class='ocrx_word' id='word_1_392' title='bbox 2757 2333 3070 2410; x_wconf 72' lang='grc' dir='ltr'>βιοσιθόρον,</span> <span class='ocrx_word' id='word_1_393' title='bbox 3125 2337 3233 2387; x_wconf 82' lang='grc' dir='ltr'>τῶν</span> <span class='ocrx_word' id='word_1_394' title='bbox 3291 2334 3596 2409; x_wconf 82' lang='grc' dir='ltr'>ἀνακτόρων</span> <span class='ocrx_word' id='word_1_395' title='bbox 3651 2335 3836 2388; x_wconf 77' lang='grc' dir='ltr'>ἀπεσά-</span> 
     </span>
    </p>
   </div>
   <div class='ocr_carea' id='block_1_57' title="bbox 2210 2420 3827 2501">
    <p class='ocr_par' dir='ltr' id='par_1_57' title="bbox 2210 2420 3827 2501">
     <span class='ocr_line' id='line_1_57' title="bbox 2210 2420 3827 2501; baseline -0.004 -21"><span class='ocrx_word' id='word_1_396' title='bbox 2210 2447 2369 2501; x_wconf 83' lang='grc' dir='ltr'>ρωσε,</span> <span class='ocrx_word' id='word_1_397' title='bbox 2401 2427 2490 2479; x_wconf 81' lang='grc' dir='ltr'>καὶ</span> <span class='ocrx_word' id='word_1_398' title='bbox 2537 2425 2628 2479; x_wconf 86' lang='grc' dir='ltr'>τὸν</span> <span class='ocrx_word' id='word_1_399' title='bbox 2680 2420 2915 2498; x_wconf 76' lang='grc' dir='ltr'>ἐμϐριθῆ</span> <span class='ocrx_word' id='word_1_400' title='bbox 2979 2425 3400 2498; x_wconf 80' lang='grc' dir='ltr'>χαρακτηρίζων</span> <span class='ocrx_word' id='word_1_401' title='bbox 3453 2425 3827 2500; x_wconf 74' lang='grc' dir='ltr'>σωφρονιστὴν,</span> 
     </span>
    </p>
   </div>
   <div class='ocr_carea' id='block_1_58' title="bbox 2206 2511 3836 2588">
    <p class='ocr_par' dir='ltr' id='par_1_58' title="bbox 2206 2511 3836 2588">
     <span class='ocr_line' id='line_1_58' title="bbox 2206 2511 3836 2588; baseline -0.002 -18"><span class='ocrx_word' id='word_1_402' title='bbox 2206 2517 2295 2570; x_wconf 75' lang='grc' dir='ltr'>καὶ</span> <span class='ocrx_word' id='word_1_403' title='bbox 2332 2515 2576 2588; x_wconf 78' lang='grc' dir='ltr'>μιμητὰς</span> <span class='ocrx_word' id='word_1_404' title='bbox 2609 2515 2801 2568; x_wconf 72' lang='grc' dir='ltr'>ἑαυτοῦ</span> <span class='ocrx_word' id='word_1_405' title='bbox 2847 2511 2974 2574; x_wconf 82' lang='grc' dir='ltr'>τοὺς</span> <span class='ocrx_word' id='word_1_406' title='bbox 3027 2513 3130 2567; x_wconf 81' lang='grc' dir='ltr'>ὑπὸ</span> <span class='ocrx_word' id='word_1_407' title='bbox 3186 2518 3346 2588; x_wconf 86' lang='grc' dir='ltr'>χεῖρα</span> <span class='ocrx_word' id='word_1_408' title='bbox 3393 2514 3528 2568; x_wconf 78' lang='grc' dir='ltr'>εἶναι</span> <span class='ocrx_word' id='word_1_409' title='bbox 3574 2511 3836 2587; x_wconf 76' lang='grc' dir='ltr'>γλιχόμε-</span> 
     </span>
    </p>
   </div>
   <div class='ocr_carea' id='block_1_59' title="bbox 2207 2599 3843 2676">
    <p class='ocr_par' dir='ltr' id='par_1_59' title="bbox 2207 2599 3843 2676">
     <span class='ocr_line' id='line_1_59' title="bbox 2207 2599 3843 2676; baseline -0.001 -19"><span class='ocrx_word' id='word_1_410' title='bbox 2207 2609 2518 2674; x_wconf 75' lang='grc' dir='ltr'>νος,πᾶσαν</span> <span class='ocrx_word' id='word_1_411' title='bbox 2547 2602 2744 2676; x_wconf 78' lang='grc' dir='ltr'>ἀρετῆς</span> <span class='ocrx_word' id='word_1_412' title='bbox 2799 2599 2939 2656; x_wconf 75' lang='grc' dir='ltr'>ἰδέαν</span> <span class='ocrx_word' id='word_1_413' title='bbox 3002 2602 3200 2674; x_wconf 85' lang='grc' dir='ltr'>μετιὼν</span> <span class='ocrx_word' id='word_1_414' title='bbox 3259 2602 3359 2656; x_wconf 77' lang='grc' dir='ltr'>οὐκ</span> <span class='ocrx_word' id='word_1_415' title='bbox 3411 2600 3568 2656; x_wconf 80' lang='grc' dir='ltr'>ἀνίει.</span> <span class='ocrx_word' id='word_1_416' title='bbox 3630 2602 3712 2675; x_wconf 75' lang='grc' dir='ltr'>[Ρ.</span> <span class='ocrx_word' id='word_1_417' title='bbox 3755 2603 3843 2674; x_wconf 78' lang='lat'>32]</span> 
     </span>
    </p>
   </div>
   <div class='ocr_carea' id='block_1_60' title="bbox 2207 2689 3849 2766">
    <p class='ocr_par' dir='ltr' id='par_1_60' title="bbox 2207 2689 3849 2766">
     <span class='ocr_line' id='line_1_60' title="bbox 2207 2689 3849 2766; baseline -0.005 -16"><span class='ocrx_word' id='word_1_418' title='bbox 2207 2694 2288 2750; x_wconf 82' lang='grc' dir='ltr'>Οὐ</span> <span class='ocrx_word' id='word_1_419' title='bbox 2339 2695 2446 2764; x_wconf 75' lang='grc' dir='ltr'>μὴν</span> <span class='ocrx_word' id='word_1_420' title='bbox 2490 2691 2656 2746; x_wconf 83' lang='grc' dir='ltr'>ταῦτά</span> <span class='ocrx_word' id='word_1_421' title='bbox 2713 2712 2774 2766; x_wconf 81' lang='grc' dir='ltr'>γε</span> <span class='ocrx_word' id='word_1_422' title='bbox 2827 2689 3076 2766; x_wconf 75' lang='grc' dir='ltr'>πράττων</span> <span class='ocrx_word' id='word_1_423' title='bbox 3137 2691 3381 2765; x_wconf 83' lang='grc' dir='ltr'>χαρίτων</span> <span class='ocrx_word' id='word_1_424' title='bbox 3421 2691 3703 2766; x_wconf 79' lang='grc' dir='ltr'>ἀπείχετο,</span> <span class='ocrx_word' id='word_1_425' title='bbox 3761 2690 3849 2743; x_wconf 76' lang='grc' dir='ltr'>καὶ</span> 
     </span>
    </p>
   </div>
   <div class='ocr_carea' id='block_1_61' title="bbox 2211 2777 3854 2855">
    <p class='ocr_par' dir='ltr' id='par_1_61' title="bbox 2211 2777 3854 2855">
     <span class='ocr_line' id='line_1_61' title="bbox 2211 2777 3854 2855; baseline -0.002 -19"><span class='ocrx_word' id='word_1_426' title='bbox 2211 2777 2627 2855; x_wconf 72' lang='grc' dir='ltr'>δυσξύμϐλητος</span> <span class='ocrx_word' id='word_1_427' title='bbox 2657 2781 2723 2849; x_wconf 75' lang='grc' dir='ltr'>ἦν</span> <span class='ocrx_word' id='word_1_428' title='bbox 2783 2781 2871 2834; x_wconf 85' lang='grc' dir='ltr'>καὶ</span> <span class='ocrx_word' id='word_1_429' title='bbox 2921 2777 3280 2851; x_wconf 86' lang='grc' dir='ltr'>δυσπρόσιτος</span> <span class='ocrx_word' id='word_1_430' title='bbox 3333 2779 3423 2834; x_wconf 81' lang='grc' dir='ltr'>καὶ</span> <span class='ocrx_word' id='word_1_431' title='bbox 3473 2780 3702 2853; x_wconf 88' lang='grc' dir='ltr'>στυγνὸς</span> <span class='ocrx_word' id='word_1_432' title='bbox 3757 2779 3854 2846; x_wconf 71' lang='grc' dir='ltr'>τὴν</span> 
     </span>
    </p>
   </div>
   <div class='ocr_carea' id='block_1_62' title="bbox 2212 2868 3854 2944">
    <p class='ocr_par' dir='ltr' id='par_1_62' title="bbox 2212 2868 3854 2944">
     <span class='ocr_line' id='line_1_62' title="bbox 2212 2868 3854 2944; baseline -0.002 -18"><span class='ocrx_word' id='word_1_433' title='bbox 2212 2869 2332 2944; x_wconf 74' lang='grc' dir='ltr'>ὄψιν</span> <span class='ocrx_word' id='word_1_434' title='bbox 2367 2871 2456 2925; x_wconf 79' lang='grc' dir='ltr'>καὶ</span> <span class='ocrx_word' id='word_1_435' title='bbox 2489 2871 2752 2942; x_wconf 71' lang='grc' dir='ltr'>συννεφὴς</span> <span class='ocrx_word' id='word_1_436' title='bbox 2793 2871 2892 2938; x_wconf 72' lang='grc' dir='ltr'>τὴν</span> <span class='ocrx_word' id='word_1_437' title='bbox 2953 2869 3121 2944; x_wconf 72' lang='grc' dir='ltr'>ὀφρῦν</span> <span class='ocrx_word' id='word_1_438' title='bbox 3176 2871 3266 2922; x_wconf 87' lang='grc' dir='ltr'>καὶ</span> <span class='ocrx_word' id='word_1_439' title='bbox 3323 2868 3406 2923; x_wconf 83' lang='grc' dir='ltr'>ἀεί</span> <span class='ocrx_word' id='word_1_440' title='bbox 3455 2889 3572 2930; x_wconf 87' lang='grc' dir='ltr'>πως</span> <span class='ocrx_word' id='word_1_441' title='bbox 3627 2870 3854 2923; x_wconf 80' lang='grc' dir='ltr'>ὑποσκυ-</span> 
     </span>
    </p>
   </div>
   <div class='ocr_carea' id='block_1_63' title="bbox 2213 2955 3856 3033">
    <p class='ocr_par' dir='ltr' id='par_1_63' title="bbox 2213 2955 3856 3033">
     <span class='ocr_line' id='line_1_63' title="bbox 2213 2955 3856 3033; baseline -0.001 -19"><span class='ocrx_word' id='word_1_442' title='bbox 2213 2961 2456 3032; x_wconf 82' lang='grc' dir='ltr'>ζόμενος.</span> <span class='ocrx_word' id='word_1_443' title='bbox 2488 2961 2707 3014; x_wconf 81' lang='grc' dir='ltr'>Ἑαυτὸν</span> <span class='ocrx_word' id='word_1_444' title='bbox 2765 2965 2778 2984; x_wconf 75' lang='grc'>³</span> <span class='ocrx_word' id='word_1_445' title='bbox 2835 2959 2885 3012; x_wconf 84' lang='grc' dir='ltr'>ἐν</span> <span class='ocrx_word' id='word_1_446' title='bbox 2935 2963 3015 3031; x_wconf 83' lang='grc' dir='ltr'>τῷ</span> <span class='ocrx_word' id='word_1_447' title='bbox 3063 2955 3334 3033; x_wconf 72' lang='grc' dir='ltr'>προδήλῳ</span> <span class='ocrx_word' id='word_1_448' title='bbox 3382 2959 3560 3028; x_wconf 82' lang='grc' dir='ltr'>πάσης</span> <span class='ocrx_word' id='word_1_449' title='bbox 3617 2959 3856 3032; x_wconf 71' lang='grc' dir='ltr'>πράξεως</span> 
     </span>
    </p>
   </div>
   <div class='ocr_carea' id='block_1_64' title="bbox 2211 3045 3856 3124">
    <p class='ocr_par' dir='ltr' id='par_1_64' title="bbox 2211 3045 3856 3124">
     <span class='ocr_line' id='line_1_64' title="bbox 2211 3045 3856 3124; baseline -0.001 -20"><span class='ocrx_word' id='word_1_450' title='bbox 2211 3049 2436 3122; x_wconf 78' lang='grc' dir='ltr'>ἀρίστης</span> <span class='ocrx_word' id='word_1_451' title='bbox 2491 3048 2688 3103; x_wconf 84' lang='grc' dir='ltr'>πίνακα</span> <span class='ocrx_word' id='word_1_452' title='bbox 2751 3047 3052 3122; x_wconf 80' lang='grc' dir='ltr'>προτιθεὶς,</span> <span class='ocrx_word' id='word_1_453' title='bbox 3121 3046 3268 3124; x_wconf 75' lang='grc' dir='ltr'>ἄγων</span> <span class='ocrx_word' id='word_1_454' title='bbox 3333 3047 3548 3122; x_wconf 83' lang='grc' dir='ltr'>σχολῆν</span> <span class='ocrx_word' id='word_1_455' title='bbox 3603 3051 3712 3102; x_wconf 82' lang='grc' dir='ltr'>τῶν</span> <span class='ocrx_word' id='word_1_456' title='bbox 3771 3045 3856 3102; x_wconf 83' lang='grc' dir='ltr'>ἐκ-</span> 
     </span>
    </p>
   </div>
   <div class='ocr_carea' id='block_1_65' title="bbox 2210 3133 3858 3212">
    <p class='ocr_par' dir='ltr' id='par_1_65' title="bbox 2210 3133 3858 3212">
     <span class='ocr_line' id='line_1_65' title="bbox 2210 3133 3858 3212; baseline -0.002 -20"><span class='ocrx_word' id='word_1_457' title='bbox 2210 3139 2304 3199; x_wconf 87' lang='grc' dir='ltr'>τὸς</span> <span class='ocrx_word' id='word_1_458' title='bbox 2366 3141 2494 3210; x_wconf 80' lang='grc'>(38),</span> <span class='ocrx_word' id='word_1_459' title='bbox 2562 3137 2652 3192; x_wconf 87' lang='grc' dir='ltr'>καὶ</span> <span class='ocrx_word' id='word_1_460' title='bbox 2711 3138 2774 3191; x_wconf 89' lang='grc' dir='ltr'>τὸ</span> <span class='ocrx_word' id='word_1_461' title='bbox 2839 3142 3196 3212; x_wconf 84' lang='grc' dir='ltr'>περιορᾶσθαι</span> <span class='ocrx_word' id='word_1_462' title='bbox 3267 3137 3367 3190; x_wconf 87' lang='grc' dir='ltr'>ὑπὸ</span> <span class='ocrx_word' id='word_1_463' title='bbox 3435 3133 3706 3191; x_wconf 77' lang='grc' dir='ltr'>πλείστων</span> <span class='ocrx_word' id='word_1_464' title='bbox 3763 3137 3858 3190; x_wconf 83' lang='grc' dir='ltr'>ὃσα</span> 
     </span>
    </p>
   </div>
   <div class='ocr_carea' id='block_1_66' title="bbox 2211 3222 3857 3304">
    <p class='ocr_par' dir='ltr' id='par_1_66' title="bbox 2211 3222 3857 3304">
     <span class='ocr_line' id='line_1_66' title="bbox 2211 3222 3857 3304; baseline -0.002 -24"><span class='ocrx_word' id='word_1_465' title='bbox 2211 3227 2300 3281; x_wconf 78' lang='grc' dir='ltr'>καὶ</span> <span class='ocrx_word' id='word_1_466' title='bbox 2333 3224 2562 3281; x_wconf 80' lang='grc' dir='ltr'>κώδωνα</span> <span class='ocrx_word' id='word_1_467' title='bbox 2594 3225 2833 3304; x_wconf 77' lang='grc' dir='ltr'>φλύαρον</span> <span class='ocrx_word' id='word_1_468' title='bbox 2881 3226 2971 3279; x_wconf 85' lang='grc' dir='ltr'>καὶ</span> <span class='ocrx_word' id='word_1_469' title='bbox 3025 3224 3201 3280; x_wconf 72' lang='grc' dir='ltr'>λάλον</span> <span class='ocrx_word' id='word_1_470' title='bbox 3251 3222 3722 3298; x_wconf 80' lang='grc' dir='ltr'>ἆποτηεπόμενος,</span> <span class='ocrx_word' id='word_1_471' title='bbox 3771 3224 3857 3279; x_wconf 85' lang='grc' dir='ltr'>καὶ</span> 
     </span>
    </p>
   </div>
   <div class='ocr_carea' id='block_1_67' title="bbox 2211 3313 3854 3392">
    <p class='ocr_par' dir='ltr' id='par_1_67' title="bbox 2211 3313 3854 3392">
     <span class='ocr_line' id='line_1_67' title="bbox 2211 3313 3854 3392; baseline -0.002 -20"><span class='ocrx_word' id='word_1_472' title='bbox 2211 3319 2482 3392; x_wconf 80' lang='grc' dir='ltr'>κομψείαν</span> <span class='ocrx_word' id='word_1_473' title='bbox 2523 3318 2722 3390; x_wconf 78' lang='grc' dir='ltr'>σεμνὴν</span> <span class='ocrx_word' id='word_1_474' title='bbox 2779 3315 3089 3386; x_wconf 79' lang='grc' dir='ltr'>εἷσῳκίζετο</span> <span class='ocrx_word' id='word_1_475' title='bbox 3137 3315 3227 3369; x_wconf 86' lang='grc' dir='ltr'>καὶ</span> <span class='ocrx_word' id='word_1_476' title='bbox 3265 3315 3357 3370; x_wconf 85' lang='grc' dir='ltr'>τὸν</span> <span class='ocrx_word' id='word_1_477' title='bbox 3414 3313 3746 3388; x_wconf 72' lang='grc' dir='ltr'>εὐτράπελον</span> <span class='ocrx_word' id='word_1_478' title='bbox 3796 3314 3854 3368; x_wconf 82' lang='grc' dir='ltr'>οὐ</span> 
     </span>
    </p>
   </div>
   <div class='ocr_carea' id='block_1_68' title="bbox 459 3385 2092 3481">
    <p class='ocr_par' dir='ltr' id='par_1_68' title="bbox 459 3403 2092 3478">
     <span class='ocr_line' id='line_1_68' title="bbox 459 3403 2092 3478; baseline 0.003 -20"><span class='ocrx_word' id='word_1_479' title='bbox 459 3403 638 3458; x_wconf 86' lang='lat' dir='ltr'>totius</span> <span class='ocrx_word' id='word_1_480' title='bbox 669 3403 900 3474; x_wconf 88' lang='lat' dir='ltr'>imperii</span> <span class='ocrx_word' id='word_1_481' title='bbox 933 3411 1190 3474; x_wconf 80' lang='lat' dir='ltr'>tempere</span> <span class='ocrx_word' id='word_1_482' title='bbox 1213 3403 1300 3459; x_wconf 89' lang='lat' dir='ltr'>vel</span> <span class='ocrx_word' id='word_1_483' title='bbox 1322 3405 1434 3460; x_wconf 90' lang='lat' dir='ltr'>vita</span> <span class='ocrx_word' id='word_1_484' title='bbox 1459 3405 1694 3474; x_wconf 85' lang='lat' dir='ltr'>privarit</span> <span class='ocrx_word' id='word_1_485' title='bbox 1747 3423 2092 3478; x_wconf 88' lang='lat' dir='ltr'>quemquam</span> 
     </span>
    </p>
   </div>
   <div class='ocr_carea' id='block_1_69' title="bbox 2201 3385 3855 3481">
    <p class='ocr_par' dir='ltr' id='par_1_69' title="bbox 2212 3401 3855 3481">
     <span class='ocr_line' id='line_1_69' title="bbox 2212 3401 3855 3481; baseline -0.002 -19"><span class='ocrx_word' id='word_1_486' title='bbox 2212 3407 2568 3481; x_wconf 80' lang='grc' dir='ltr'>παρέτρεχεν,</span> <span class='ocrx_word' id='word_1_487' title='bbox 2603 3403 2720 3460; x_wconf 84' lang='grc' dir='ltr'>οὐδ’</span> <span class='ocrx_word' id='word_1_488' title='bbox 2761 3403 2976 3479; x_wconf 80' lang='grc' dir='ltr'>ἐπεῖχεν</span> <span class='ocrx_word' id='word_1_489' title='bbox 3035 3403 3227 3458; x_wconf 79' lang='grc' dir='ltr'>ἐπίπαν</span> <span class='ocrx_word' id='word_1_490' title='bbox 3283 3404 3372 3458; x_wconf 84' lang='grc' dir='ltr'>καὶ</span> <span class='ocrx_word' id='word_1_491' title='bbox 3409 3405 3576 3478; x_wconf 78' lang='grc' dir='ltr'>’ἦγχε</span> <span class='ocrx_word' id='word_1_492' title='bbox 3619 3403 3710 3458; x_wconf 88' lang='grc' dir='ltr'>τὸν</span> <span class='ocrx_word' id='word_1_493' title='bbox 3765 3401 3855 3478; x_wconf 78' lang='grc' dir='ltr'>γέ-</span> 
     </span>
    </p>
   </div>
   <div class='ocr_carea' id='block_1_70' title="bbox 459 3491 2098 3564">
    <p class='ocr_par' dir='ltr' id='par_1_70' title="bbox 459 3491 2098 3564">
     <span class='ocr_line' id='line_1_70' title="bbox 459 3491 2098 3564; baseline 0.002 -16"><span class='ocrx_word' id='word_1_494' title='bbox 459 3491 548 3548; x_wconf 86' lang='lat' dir='ltr'>vel</span> <span class='ocrx_word' id='word_1_495' title='bbox 571 3507 918 3564; x_wconf 89' lang='lat' dir='ltr'>quocunque</span> <span class='ocrx_word' id='word_1_496' title='bbox 951 3491 1121 3548; x_wconf 91' lang='lat' dir='ltr'>modo</span> <span class='ocrx_word' id='word_1_497' title='bbox 1144 3509 1384 3560; x_wconf 90' lang='lat' dir='ltr'>corpora</span> <span class='ocrx_word' id='word_1_498' title='bbox 1409 3495 1691 3562; x_wconf 89' lang='lat' dir='ltr'>multarit,</span> <span class='ocrx_word' id='word_1_499' title='bbox 1721 3494 1780 3550; x_wconf 89' lang='lat' dir='ltr'>in</span> <span class='ocrx_word' id='word_1_500' title='bbox 1809 3495 1965 3550; x_wconf 87' lang='lat' dir='ltr'>hunc</span> <span class='ocrx_word' id='word_1_501' title='bbox 1995 3497 2098 3551; x_wconf 76' lang='grc'>64</span> 
     </span>
    </p>
   </div>
   <div class='ocr_carea' id='block_1_71' title="bbox 457 3581 2096 3655">
    <p class='ocr_par' dir='ltr' id='par_1_71' title="bbox 457 3581 2096 3655">
     <span class='ocr_line' id='line_1_71' title="bbox 457 3581 2096 3655; baseline 0.002 -16"><span class='ocrx_word' id='word_1_502' title='bbox 457 3599 645 3655; x_wconf 88' lang='lat' dir='ltr'>usque</span> <span class='ocrx_word' id='word_1_503' title='bbox 670 3582 822 3639; x_wconf 87' lang='lat' dir='ltr'>diem</span> <span class='ocrx_word' id='word_1_504' title='bbox 857 3582 1118 3638; x_wconf 89' lang='lat' dir='ltr'>omnium</span> <span class='ocrx_word' id='word_1_505' title='bbox 1149 3581 1424 3638; x_wconf 88' lang='lat' dir='ltr'>laudibus</span> <span class='ocrx_word' id='word_1_506' title='bbox 1455 3583 1784 3640; x_wconf 87' lang='lat' dir='ltr'>celebratur</span> <span class='ocrx_word' id='word_1_507' title='bbox 1813 3593 1870 3640; x_wconf 90' lang='lat' dir='ltr'>et</span> <span class='ocrx_word' id='word_1_508' title='bbox 1917 3587 2096 3642; x_wconf 88' lang='lat' dir='ltr'>decus</span> 
     </span>
    </p>
   </div>
   <div class='ocr_carea' id='block_1_72' title="bbox 456 3671 2094 3746">
    <p class='ocr_par' dir='ltr' id='par_1_72' title="bbox 456 3671 2094 3746">
     <span class='ocr_line' id='line_1_72' title="bbox 456 3671 2094 3746; baseline 0.002 -18"><span class='ocrx_word' id='word_1_509' title='bbox 456 3673 750 3746; x_wconf 86' lang='lat' dir='ltr'>quoddam</span> <span class='ocrx_word' id='word_1_510' title='bbox 797 3671 1209 3744; x_wconf 88' lang='lat' dir='ltr'>imperatorum</span> <span class='ocrx_word' id='word_1_511' title='bbox 1267 3671 1598 3728; x_wconf 67' lang='lat' dir='ltr'>Comnenirs</span> <span class='ocrx_word' id='word_1_512' title='bbox 1651 3675 1884 3730; x_wconf 66' lang='lat' dir='ltr'>familia;</span> <span class='ocrx_word' id='word_1_513' title='bbox 1933 3677 2094 3745; x_wconf 89' lang='lat' dir='ltr'>judi-</span> 
     </span>
    </p>
   </div>
   <div class='ocr_carea' id='block_1_73' title="bbox 457 3763 2096 3838">
    <p class='ocr_par' dir='ltr' id='par_1_73' title="bbox 457 3763 2096 3838">
     <span class='ocr_line' id='line_1_73' title="bbox 457 3763 2096 3838; baseline 0.001 -17"><span class='ocrx_word' id='word_1_514' title='bbox 457 3771 658 3834; x_wconf 86' lang='lat' dir='ltr'>catur;</span> <span class='ocrx_word' id='word_1_515' title='bbox 691 3763 964 3819; x_wconf 85' lang='lat' dir='ltr'>nedicam</span> <span class='ocrx_word' id='word_1_516' title='bbox 987 3779 1121 3819; x_wconf 88' lang='lat' dir='ltr'>eum</span> <span class='ocrx_word' id='word_1_517' title='bbox 1146 3765 1360 3820; x_wconf 90' lang='lat' dir='ltr'>multos</span> <span class='ocrx_word' id='word_1_518' title='bbox 1382 3765 1558 3820; x_wconf 87' lang='lat' dir='ltr'>etiam</span> <span class='ocrx_word' id='word_1_519' title='bbox 1586 3783 1656 3821; x_wconf 81' lang='lat' dir='ltr'>ex</span> <span class='ocrx_word' id='word_1_520' title='bbox 1697 3767 2096 3838; x_wconf 85' lang='lat' dir='ltr'>superioribus</span> 
     </span>
    </p>
   </div>
   <div class='ocr_carea' id='block_1_74' title="bbox 453 3853 1594 3926">
    <p class='ocr_par' dir='ltr' id='par_1_74' title="bbox 453 3853 1594 3926">
     <span class='ocr_line' id='line_1_74' title="bbox 453 3853 1594 3926; baseline -0.001 -17"><span class='ocrx_word' id='word_1_521' title='bbox 453 3855 668 3926; x_wconf 88' lang='lat' dir='ltr'>partim</span> <span class='ocrx_word' id='word_1_522' title='bbox 699 3869 988 3924; x_wconf 58' lang='lat' dir='ltr'>aequasse,</span> <span class='ocrx_word' id='word_1_523' title='bbox 1021 3853 1230 3925; x_wconf 86' lang='lat' dir='ltr'>partim</span> <span class='ocrx_word' id='word_1_524' title='bbox 1262 3871 1594 3926; x_wconf 84' lang='lat' dir='ltr'>superasse.</span> 
     </span>
    </p>
   </div>
   <div class='ocr_carea' id='block_1_75' title="bbox 2211 3492 3857 3574">
    <p class='ocr_par' dir='ltr' id='par_1_75' title="bbox 2211 3492 3857 3574">
     <span class='ocr_line' id='line_1_75' title="bbox 2211 3492 3857 3574; baseline -0.003 -22"><span class='ocrx_word' id='word_1_525' title='bbox 2211 3497 2382 3552; x_wconf 87' lang='grc' dir='ltr'>λωτα.</span> <span class='ocrx_word' id='word_1_526' title='bbox 2417 3495 2610 3574; x_wconf 87' lang='grc' dir='ltr'>Ὀλίγα</span> <span class='ocrx_word' id='word_1_527' title='bbox 2673 3495 2768 3548; x_wconf 83' lang='grc' dir='ltr'>οὗν</span> <span class='ocrx_word' id='word_1_528' title='bbox 2817 3497 2912 3548; x_wconf 87' lang='grc' dir='ltr'>τοῦ</span> <span class='ocrx_word' id='word_1_529' title='bbox 2959 3493 3012 3553; x_wconf 83' lang='grc' dir='ltr'>ἐς</span> <span class='ocrx_word' id='word_1_530' title='bbox 3061 3494 3223 3568; x_wconf 77' lang='grc' dir='ltr'>ἄκρον</span> <span class='ocrx_word' id='word_1_531' title='bbox 3271 3493 3606 3570; x_wconf 75' lang='grc' dir='ltr'>ἀποσφαλεὶς</span> <span class='ocrx_word' id='word_1_532' title='bbox 3665 3492 3857 3567; x_wconf 80' lang='grc' dir='ltr'>ἐγκρα-</span> 
     </span>
    </p>
   </div>
   <div class='ocr_carea' id='block_1_76' title="bbox 2204 3578 3844 3660">
    <p class='ocr_par' dir='ltr' id='par_1_76' title="bbox 2204 3578 3844 3660">
     <span class='ocr_line' id='line_1_76' title="bbox 2204 3578 3844 3660; baseline -0.003 -19"><span class='ocrx_word' id='word_1_533' title='bbox 2204 3591 2330 3648; x_wconf 91' lang='grc' dir='ltr'>τοῦς</span> <span class='ocrx_word' id='word_1_534' title='bbox 2359 3607 2417 3640; x_wconf 85' lang='grc' dir='ltr'>τε</span> <span class='ocrx_word' id='word_1_535' title='bbox 2445 3585 2535 3640; x_wconf 84' lang='grc' dir='ltr'>καὶ</span> <span class='ocrx_word' id='word_1_536' title='bbox 2565 3581 2865 3660; x_wconf 80' lang='grc' dir='ltr'>ἀσφαλοῦς,</span> <span class='ocrx_word' id='word_1_537' title='bbox 2903 3583 2994 3637; x_wconf 88' lang='grc' dir='ltr'>καὶ</span> <span class='ocrx_word' id='word_1_538' title='bbox 3031 3587 3137 3638; x_wconf 82' lang='grc' dir='ltr'>τῶν</span> <span class='ocrx_word' id='word_1_539' title='bbox 3171 3583 3304 3657; x_wconf 86' lang='grc' dir='ltr'>πρὸς</span> <span class='ocrx_word' id='word_1_540' title='bbox 3337 3581 3530 3650; x_wconf 83' lang='grc' dir='ltr'>ἐντελῆ</span> <span class='ocrx_word' id='word_1_541' title='bbox 3571 3578 3844 3656; x_wconf 71' lang='grc' dir='ltr'>ἀκρίϐειαν</span> 
     </span>
    </p>
   </div>
   <div class='ocr_carea' id='block_1_77' title="bbox 2211 3671 3852 3752">
    <p class='ocr_par' dir='ltr' id='par_1_77' title="bbox 2211 3671 3852 3752">
     <span class='ocr_line' id='line_1_77' title="bbox 2211 3671 3852 3752; baseline -0.003 -20"><span class='ocrx_word' id='word_1_542' title='bbox 2211 3678 2420 3752; x_wconf 73' lang='grc' dir='ltr'>βραχέα</span> <span class='ocrx_word' id='word_1_543' title='bbox 2451 3673 2770 3743; x_wconf 81' lang='grc' dir='ltr'>διεκπεσὼν,</span> <span class='ocrx_word' id='word_1_544' title='bbox 2810 3675 2900 3728; x_wconf 85' lang='grc' dir='ltr'>καὶ</span> <span class='ocrx_word' id='word_1_545' title='bbox 2960 3671 3164 3746; x_wconf 83' lang='grc' dir='ltr'>μηδὲνα</span> <span class='ocrx_word' id='word_1_546' title='bbox 3223 3672 3311 3728; x_wconf 83' lang='grc' dir='ltr'>διὰ</span> <span class='ocrx_word' id='word_1_547' title='bbox 3371 3673 3654 3746; x_wconf 79' lang='grc' dir='ltr'>ξυμπάσης</span> <span class='ocrx_word' id='word_1_548' title='bbox 3703 3673 3852 3744; x_wconf 81' lang='grc' dir='ltr'>αὐτῷ</span> 
     </span>
    </p>
   </div>
   <div class='ocr_carea' id='block_1_78' title="bbox 2203 3761 3848 3842">
    <p class='ocr_par' dir='ltr' id='par_1_78' title="bbox 2203 3761 3848 3842">
     <span class='ocr_line' id='line_1_78' title="bbox 2203 3761 3848 3842; baseline -0.004 -20"><span class='ocrx_word' id='word_1_549' title='bbox 2203 3770 2302 3835; x_wconf 75' lang='grc' dir='ltr'>τῆς</span> <span class='ocrx_word' id='word_1_550' title='bbox 2334 3769 2514 3842; x_wconf 77' lang='grc' dir='ltr'>ἀρχῆς</span> <span class='ocrx_word' id='word_1_551' title='bbox 2543 3765 2579 3834; x_wconf 79' lang='grc' dir='ltr'><strong>ἢ</strong></span> <span class='ocrx_word' id='word_1_552' title='bbox 2613 3769 2797 3840; x_wconf 78' lang='grc' dir='ltr'>ψυχῆς</span> <span class='ocrx_word' id='word_1_553' title='bbox 2827 3766 3088 3838; x_wconf 76' lang='grc' dir='ltr'>στερήσας</span> <span class='ocrx_word' id='word_1_554' title='bbox 3119 3761 3154 3832; x_wconf 75' lang='grc' dir='ltr'><strong>ἤ</strong></span> <span class='ocrx_word' id='word_1_555' title='bbox 3206 3762 3258 3824; x_wconf 83' lang='grc' dir='ltr'>ἐς</span> <span class='ocrx_word' id='word_1_556' title='bbox 3305 3763 3369 3817; x_wconf 88' lang='grc' dir='ltr'>τὸ</span> <span class='ocrx_word' id='word_1_557' title='bbox 3419 3761 3578 3836; x_wconf 74' lang='grc' dir='ltr'>σῶμα</span> <span class='ocrx_word' id='word_1_558' title='bbox 3629 3764 3848 3817; x_wconf 85' lang='grc' dir='ltr'>ὁσονοῦν</span> 
     </span>
    </p>
   </div>
   <div class='ocr_carea' id='block_1_79' title="bbox 2208 3847 3856 3928">
    <p class='ocr_par' dir='ltr' id='par_1_79' title="bbox 2208 3847 3856 3928">
     <span class='ocr_line' id='line_1_79' title="bbox 2208 3847 3856 3928; baseline -0.004 -19"><span class='ocrx_word' id='word_1_559' title='bbox 2208 3853 2611 3928; x_wconf 70' lang='grc' dir='ltr'>λυμηνάμενος,</span> <span class='ocrx_word' id='word_1_560' title='bbox 2653 3851 2934 3913; x_wconf 77' lang='grc' dir='ltr'>ἐπαινετὸς</span> <span class='ocrx_word' id='word_1_561' title='bbox 2999 3849 3052 3914; x_wconf 82' lang='grc' dir='ltr'>ἐς</span> <span class='ocrx_word' id='word_1_562' title='bbox 3106 3847 3265 3926; x_wconf 88' lang='grc' dir='ltr'>δεῦρο</span> <span class='ocrx_word' id='word_1_563' title='bbox 3317 3851 3462 3924; x_wconf 75' lang='grc' dir='ltr'>παρὰ</span> <span class='ocrx_word' id='word_1_564' title='bbox 3512 3853 3640 3904; x_wconf 83' lang='grc' dir='ltr'>πᾶσι</span> <span class='ocrx_word' id='word_1_565' title='bbox 3693 3849 3856 3904; x_wconf 85' lang='grc' dir='ltr'>λελό-</span> 
     </span>
    </p>
   </div>
   <div class='ocr_carea' id='block_1_80' title="bbox 451 3937 3856 4018">
    <p class='ocr_par' dir='ltr' id='par_1_80' title="bbox 451 3937 3856 4018">
     <span class='ocr_line' id='line_1_80' title="bbox 451 3937 3856 4018; baseline -0.001 -20"><span class='ocrx_word' id='word_1_566' title='bbox 451 3963 630 4018; x_wconf 87' lang='grc' dir='ltr'>γισται</span> <span class='ocrx_word' id='word_1_567' title='bbox 661 3941 753 3996; x_wconf 86' lang='grc' dir='ltr'>καὶ</span> <span class='ocrx_word' id='word_1_568' title='bbox 783 3942 1043 4016; x_wconf 86' lang='grc' dir='ltr'>κορωνὶς,</span> <span class='ocrx_word' id='word_1_569' title='bbox 1074 3941 1150 4004; x_wconf 83' lang='grc' dir='ltr'>ὡς</span> <span class='ocrx_word' id='word_1_570' title='bbox 1209 3941 1398 4010; x_wconf 81' lang='grc' dir='ltr'>εἰπεῖν,</span> <span class='ocrx_word' id='word_1_571' title='bbox 1457 3946 1562 3996; x_wconf 82' lang='grc' dir='ltr'>τῶν</span> <span class='ocrx_word' id='word_1_572' title='bbox 1626 3942 1746 3997; x_wconf 70' lang='grc' dir='ltr'>ὅσοι.</span> <span class='ocrx_word' id='word_1_573' title='bbox 1803 3943 2091 4016; x_wconf 84' lang='grc' dir='ltr'>Ῥωμαίων</span> <span class='ocrx_word' id='word_1_574' title='bbox 2153 3943 2214 3999; x_wconf 72' lang='grc' dir='ltr'>ἐκ</span> <span class='ocrx_word' id='word_1_575' title='bbox 2267 3949 2362 3998; x_wconf 84' lang='grc' dir='ltr'>τοῦ</span> <span class='ocrx_word' id='word_1_576' title='bbox 2415 3948 2520 3997; x_wconf 76' lang='grc' dir='ltr'>τῶν</span> <span class='ocrx_word' id='word_1_577' title='bbox 2581 3945 2880 4014; x_wconf 82' lang='grc' dir='ltr'>Κομνηνῶν</span> <span class='ocrx_word' id='word_1_578' title='bbox 2938 3941 3120 4015; x_wconf 83' lang='grc' dir='ltr'>γένους</span> <span class='ocrx_word' id='word_1_579' title='bbox 3176 3939 3585 4014; x_wconf 75' lang='grc' dir='ltr'>ὑπερεκάθισαν,</span> <span class='ocrx_word' id='word_1_580' title='bbox 3619 3937 3714 3993; x_wconf 64' lang='grc' dir='ltr'>τίνα</span> <span class='ocrx_word' id='word_1_581' title='bbox 3781 3941 3856 4012; x_wconf 72' lang='grc' dir='ltr'>μὴ</span> 
     </span>
    </p>
   </div>
   <div class='ocr_carea' id='block_1_81' title="bbox 451 4029 3214 4108">
    <p class='ocr_par' dir='ltr' id='par_1_81' title="bbox 451 4029 3214 4108">
     <span class='ocr_line' id='line_1_81' title="bbox 451 4029 3214 4108; baseline -0.002 -19"><span class='ocrx_word' id='word_1_582' title='bbox 451 4030 670 4108; x_wconf 68' lang='grc' dir='ltr'>λέγοιμι</span> <span class='ocrx_word' id='word_1_583' title='bbox 701 4030 776 4093; x_wconf 85' lang='grc' dir='ltr'>ὠς</span> <span class='ocrx_word' id='word_1_584' title='bbox 805 4032 896 4086; x_wconf 84' lang='grc' dir='ltr'>καὶ</span> <span class='ocrx_word' id='word_1_585' title='bbox 925 4029 1160 4092; x_wconf 86' lang='grc' dir='ltr'>πολλοῖς</span> <span class='ocrx_word' id='word_1_586' title='bbox 1194 4035 1302 4087; x_wconf 82' lang='grc' dir='ltr'>τῶν</span> <span class='ocrx_word' id='word_1_587' title='bbox 1331 4031 1523 4088; x_wconf 80' lang='grc' dir='ltr'>ἀνόπιν</span> <span class='ocrx_word' id='word_1_588' title='bbox 1555 4032 1786 4108; x_wconf 79' lang='grc' dir='ltr'>ἀρίστων</span> <span class='ocrx_word' id='word_1_589' title='bbox 1815 4038 1933 4097; x_wconf 86' lang='grc' dir='ltr'>τοῖς</span> <span class='ocrx_word' id='word_1_590' title='bbox 1967 4035 2060 4106; x_wconf 75' lang='grc' dir='ltr'>μὲν</span> <span class='ocrx_word' id='word_1_591' title='bbox 2093 4032 2474 4106; x_wconf 77' lang='grc' dir='ltr'>ἡμιλλήσατο,</span> <span class='ocrx_word' id='word_1_592' title='bbox 2503 4034 2631 4093; x_wconf 80' lang='grc' dir='ltr'>τοὺς</span> <span class='ocrx_word' id='word_1_593' title='bbox 2665 4029 2722 4086; x_wconf 74' lang='grc' dir='ltr'>δὲ</span> <span class='ocrx_word' id='word_1_594' title='bbox 2749 4030 2836 4085; x_wconf 74' lang='grc' dir='ltr'>καὶ</span> <span class='ocrx_word' id='word_1_595' title='bbox 2863 4033 3214 4106; x_wconf 78' lang='grc' dir='ltr'>παρήνεγκεν.</span> 
     </span>
    </p>
   </div>
   <div class='ocr_carea' id='block_1_82' title="bbox 1829 4171 2546 4240">
    <p class='ocr_par' dir='ltr' id='par_1_82' title="bbox 1829 4171 2546 4240">
     <span class='ocr_line' id='line_1_82' title="bbox 1829 4171 2546 4240; baseline 0 -2"><span class='ocrx_word' id='word_1_596' title='bbox 1829 4171 2018 4239; x_wconf 89' lang='lat' dir='ltr'>Hier.</span> <span class='ocrx_word' id='word_1_597' title='bbox 2061 4171 2302 4240; x_wconf 85' lang='lat' dir='ltr'>Wolﬁi</span> <span class='ocrx_word' id='word_1_598' title='bbox 2340 4181 2546 4240; x_wconf 75' lang='lat' dir='ltr'>notae.</span> 
     </span>
    </p>
   </div>
   <div class='ocr_carea' id='block_1_83' title="bbox 525 4301 2092 4380">
    <p class='ocr_par' dir='ltr' id='par_1_83' title="bbox 525 4301 2064 4380">
     <span class='ocr_line' id='line_1_83' title="bbox 525 4301 2064 4380; baseline 0 -20"><span class='ocrx_word' id='word_1_599' title='bbox 525 4304 640 4377; x_wconf 87' lang='lat'>(38)</span> <span class='ocrx_word' id='word_1_600' title='bbox 665 4304 850 4379; x_wconf 76' lang='grc' dir='ltr'>Ἀγων</span> <span class='ocrx_word' id='word_1_601' title='bbox 881 4303 1094 4379; x_wconf 78' lang='grc' dir='ltr'>σχολήν</span> <span class='ocrx_word' id='word_1_602' title='bbox 1125 4307 1234 4361; x_wconf 80' lang='grc' dir='ltr'>τῶν</span> <span class='ocrx_word' id='word_1_603' title='bbox 1263 4301 1440 4368; x_wconf 68' lang='grc' dir='ltr'>ἐκτός.</span> <span class='ocrx_word' id='word_1_604' title='bbox 1489 4306 1716 4364; x_wconf 79' lang='lat' dir='ltr'>Scilicet</span> <span class='ocrx_word' id='word_1_605' title='bbox 1747 4305 2064 4380; x_wconf 74' lang='grc' dir='ltr'>ἀνθρώπων,</span> 
     </span>
    </p>
   </div>
   <div class='ocr_carea' id='block_1_84' title="bbox 2201 4301 3286 4380">
    <p class='ocr_par' dir='ltr' id='par_1_84' title="bbox 2229 4305 3286 4375">
     <span class='ocr_line' id='line_1_84' title="bbox 2229 4305 3286 4375; baseline 0 -13"><span class='ocrx_word' id='word_1_606' title='bbox 2229 4307 2431 4375; x_wconf 88' lang='lat' dir='ltr'>otium,</span> <span class='ocrx_word' id='word_1_607' title='bbox 2465 4309 2510 4365; x_wconf 87' lang='lat' dir='ltr'>si</span> <span class='ocrx_word' id='word_1_608' title='bbox 2547 4323 2713 4364; x_wconf 90' lang='lat' dir='ltr'>nemo</span> <span class='ocrx_word' id='word_1_609' title='bbox 2740 4309 3014 4362; x_wconf 81' lang='lat' dir='ltr'>externus</span> <span class='ocrx_word' id='word_1_610' title='bbox 3039 4305 3286 4362; x_wconf 86' lang='lat' dir='ltr'>adesset.</span> 
     </span>
    </p>
   </div>
  </div>
