4150 6292
350 381 483 446 317

1475 376 1576 436 DE
1620 372 2018 436 MANUELE
2059 370 2434 434 COMNENO
2478 372 2628 432 LIB.
2675 374 2726 432 Ι.

3655 387 3672 395 ’⁷
3693 377 3814 437 378

378 570 3770 608 Mm

380 763 1220 896 ΒΑΣΙΛΕΙΑ
1330 760 2204 894 ΜΑΝΟΥΗΛ
2332 760 2679 890 ΤΟΥ
2777 758 3800 892 ΚΟΜΝΗΝΟΥ

1013 1024 1173 1121 ΕΝ
1271 1022 1749 1121 ΤΟΜΟΙΣ
1844 1023 2029 1119 EII'

2140 1021 2182 1117 ἃ
2272 1018 3149 1118 ΘΕΩΡΟΥΜΕΝΗ

461 1345 679 1466 DE
752 1340 1300 1465 REBUS
1369 1339 1941 1463 GESTIS
2018 1335 2882 1461 MANUELIS
2962 1337 3648 1462 COMNEN
3666 1340 3718 1459 Ι

1704 1576 2051 1674 LIBRI
2117 1575 2612 1673 SEPTEM

441 1929 510 1984 α’.
545 1925 902 2000 ’Λναρῥηθεὶς
958 1924 1049 1980 οὗν
1107 1925 1136 1979 6
1203 1923 1469 1993 Μανουήλ
1527 1922 1878 1998 αὐτοκράτωρ
1934 1924 2022 1978 εύ-

2208 1924 2308 1981 05
2342 1923 2969 1994 t.Manuelimperator
2989 1923 3318 1995 appellatus
3363 1940 3651 1995 magnum
3687 1926 3799 1989 do-

367 2018 510 2082 θὲως
571 2019 654 2090 [Ρ.
689 2016 780 2088 33]
839 2013 930 2068 τὸν
993 2011 1152 2088 μέγαν
1195 2009 1540 2085 δομέστικον,
1595 2013 1641 2084 ᾦ
1697 2010 1896 2081 κλῆσις
1958 2012 2022 2079 ἦν

353 2107 644 2173 Ἰωάννης,
676 2105 950 2176 ’Δξοῦχος
991 2099 1048 2156 δὲ
1088 2104 1122 2169 ἡ
1154 2099 1464 2170 ἐπίκλησις,
1516 2099 1568 2162 ἐς
1623 2102 1724 2168 τὴν
1769 2097 2028 2176 βασιλίδα

361 2193 536 2249 πόλιν
561 2192 851 2265 ἐξέπεμψε,
887 2190 980 2244 σὺν
1028 2190 1176 2262 αύτῷ
1234 2188 1292 2244 δὲ
1355 2190 1444 2244 καὶ
1503 2191 1595 2244 τὸν
1625 2188 2026 2264 χαρτουλάριον

357 2281 651 2342 Βασίλειον
680 2282 773 2336 τὸν
806 2278 1264 2348 Τζιντζιλούκην,
1334 2279 1392 2334 εὖ
1454 2279 1553 2351 μὲν
1610 2280 1701 2333 καὶ
1759 2279 1826 2333 τὰ
1891 2280 2031 2332 κατὰ

363 2373 467 2441 τήν
501 2371 620 2428 νέαν
661 2369 1022 2442 διαθήσοντας
1077 2367 1358 2443 βασιλείαν
1410 2368 1500 2423 καὶ
1551 2368 2029 2443 προομαλίσοντας

369 2464 474 2530 τήν
559 2460 853 2516 εἷσὲλευσιν
940 2458 1030 2513 καὶ
1096 2458 1664 2531 κατασκευασαμένους
1731 2454 2031 2531 ἔμπροσθεν

379 2551 548 2605 αὐτοῦ
578 2553 642 2605 τὰ
696 2546 927 2617 εἰσόδια,
985 2547 1474 2621 μετελευσομένους
1532 2545 1590 2602 δὲ
1645 2547 1731 2601 καὶ
1799 2547 1892 2601 τὸν
1947 2565 2030 2600 σε-

391 2633 787 2710 ϐαστοκράτορα
839 2637 1103 2694 Ἰσαάκιον
1178 2636 1270 2692 τὸν
1355 2637 1564 2691 ἐκείνου
1655 2635 2035 2707 ταυτόαιμιον,

392 2725 498 2781 Τὸν
551 2726 647 2800 γὰρ
696 2727 1067 2800 αὐτοκράτορα
1126 2723 1245 2788 δὲος
1295 2724 1589 2799 ὑπέθραττε
1622 2726 1821 2797 μήπως
1876 2720 2032 2784 οὗτος

393 2815 492 2868 τὸν
525 2818 619 2868 τοῦ
667 2817 856 2890 πατρὸς
919 2815 1316 2888 ἐνωτισάμενος
1379 2814 1602 2879 θάνατον
1653 2812 1744 2868 καὶ
1795 2813 1896 2881 τὴν
1955 2812 2030 2872 εἷς

390 2903 489 2957 τὸν
523 2899 748 2981 ἀδελφὸν
798 2905 883 2959 τὸν
938 2905 1198 2979 νεώτερον
1265 2902 1519 2974 ἂκηκοὼς
1577 2906 1684 2956 τῶν
1743 2903 2032 2976 σκήπτρων

389 2993 674 3067 μετάθεσιν
740 2992 816 3054 εἷς
866 2993 1103 3049 ἐναντίαν
1165 2997 1361 3068 μοῖραν
1423 2993 1694 3067 ἀποκριθῇ
1751 2991 1840 3046 καὶ
1907 2991 2028 3056 περὶ

376 3086 482 3138 τοῦ
513 3086 614 3136 τῶν
646 3081 789 3137 ὅλων
849 3081 1011 3145 αὐτὸς
1071 3083 1210 3136 εἶναι
1269 3080 1457 3156 κύριος
1513 3077 1884 3153 διαμιλληθῇ,
1944 3079 2033 3136 Eine

370 3172 487 3228 ἀπὸ
528 3176 624 3238 τῆς
676 3173 941 3248 γενέσεως
991 3171 1067 3233 είς
1123 3173 1223 3240 τὴν
1279 3167 1546 3245 διαδοχὴν
1595 3177 1696 3240 τῆς
1758 3168 2035 3245 βασιλείας

2137 2016 2447 2070 mesticum
2467 2015 2749 2069 Joannem
2774 2013 3076 2070 Axucbum
3098 2013 3290 2070 statim
3340 2015 3398 2068 in
3426 2014 3629 2069 urbem
3667 2014 3786 2070 im-

2137 2103 2478 2175 peratricem
2511 2101 2818 2174 ablegavit,
2853 2119 3086 2174 unaque
3111 2119 3246 2158 cum
3279 2118 3347 2158 eo
3369 2102 3647 2158 Basilium
3669 2103 3791 2157 Tzi-

2136 2191 2407 2248 tzilucem
2449 2190 2887 2263 chartularium,
2946 2191 3047 2264 qui
3104 2198 3161 2248 et
3215 2207 3428 2248 novum
3480 2191 3786 2263 imperium

2140 2283 2462 2352 ﬁrmarent,
2494 2289 2551 2339 et
2577 2285 2906 2353 ingressum
2963 2291 3365 2355 prmpararent,
3415 2287 3472 2337 et
3527 2273 3785 2338 sebasto-

2139 2376 2422 2428 craterem
2457 2371 2739 2427 Isaacium
2771 2372 3009 2427 iratrem
3058 2373 3184 2442 ejus
3227 2375 3576 2428 coercerent.
3615 2371 3782 2429 Vere-

2140 2461 2312 2516 batur
2342 2459 2498 2516 enim
2533 2477 2604 2516 ne
2635 2461 2684 2515 is
2715 2460 2915 2516 audito
2948 2463 3130 2532 patris
3159 2461 3345 2528 obitu,
3377 2465 3434 2518 et
3487 2477 3594 2518 sua
3635 2461 3788 2518 desi-

2141 2546 2416 2619 gnatione
2446 2549 2695 2619 cognita,
2727 2564 2828 2619 per
2857 2548 3204 2604 seditionem
3265 2550 3378 2604 sibi
3438 2555 3786 2619 potestatem

2141 2652 2376 2692 omnem
2405 2637 2508 2692 60
2535 2635 2877 2704 vindicaret;
2908 2637 3064 2707 quod
3094 2641 3152 2692 ut
3173 2642 3340 2692 astate
3368 2638 3440 2693 ad
3473 2638 3784 2709 imperium

2139 2730 2468 2792 vocaretur,
2499 2729 2556 2780 et
2587 2728 2708 2779 tum
2742 2724 2799 2780 in
2825 2725 2963 2779 urbe
3021 2724 3387 2794 impsratrice
3434 2732 3785 2797 versaretur,

2143 2814 2289 2871 etin
2323 2814 2538 2885 palatio
2571 2813 2826 2885 degeret,
2885 2813 2983 2869 ubi
3042 2814 3425 2885 pecuniarum
3479 2816 3667 2870 acervi
3727 2822 3787 2872 et

2143 2906 2533 2977 imperatoriae
2561 2910 2747 2960 vestes
2767 2905 3032 2976 reposita;
3053 2908 3265 2961 essent.
3296 2905 3551 2962 Joannes
3607 2905 3786 2976 igitur

2145 2995 2486 3052 festinanter
2507 2994 2710 3050 urbem
2735 2995 3035 3066 ingressus
3051 2994 3336 3050 Isaacium
3369 3010 3561 3051 rerum
3594 2995 3786 3051 adhuc

2145 3085 2418 3157 ignarum
2450 3083 2623 3154 capit,
2659 3091 2713 3140 et
2743 3084 2801 3138 in
2832 3083 3250 3154 omnipotentis
3277 3083 3625 3140 monaslerio
3649 3101 3790 3140 con-

2143 3173 2348 3242 cludit,
2403 3190 2438 3228 a
2491 3171 2754 3229 .Iobanne
2811 3173 3160 3242 imperatore
3216 3173 3516 3230 aedificato.
3548 3173 3658 3238 Qui
3689 3174 3789 3229 ubi

369 3261 724 3334 καλούμενος
752 3261 844 3316 καὶ
881 3263 1016 3316 κατά
1056 3263 1155 3331 τήν
1219 3257 1477 3336 βασιλίδα
1535 3257 1698 3315 πό)ιν
1750 3260 1874 3314 τότε
1929 3281 2029 3314 πα-

2146 3269 2277 3336 post
2301 3262 2688 3334 captivitatem
2721 3263 2900 3333 patris
2931 3262 3154 3318 obitum
3185 3267 3243 3318 et
3271 3263 3468 3318 fratris
3515 3263 3786 3336 designa-

377 3351 488 3425 ρὼν
546 3353 636 3405 καὶ
694 3355 804 3406 τῶν
864 3350 1175 3424 ἀνακτόρων
1235 3348 1384 3410 ἐντὸς
1465 3347 1851 3423 αὐλιζόμενος,
1908 3344 2030 3404 ἔνθα

376 3443 484 3494 τῶν
563 3441 873 3514 χρημάτων
935 3439 990 3492 αἱ
1045 3437 1266 3514 σωρεῖαί
1321 3437 1452 3493 εἰσὶν
1532 3436 1883 3511 ἀποκείμεναι
1939 3437 2027 3491 καὶ

372 3528 442 3582 τὰ
488 3533 598 3583 τῶν
663 3528 1009 3601 κρατούντων
1075 3528 1405 3603 γνωριστικά
1487 3521 1900 3601 περιϐλήματα.
1967 3527 2030 3582 Ὁ

371 3621 635 3690 Ἰωάννης
665 3621 847 3674 τοίνυν
877 3617 1255 3694 καταταχύνας
1312 3620 1411 3687 τὴν
1468 3617 1633 3674 πόλιν
1665 3615 1873 3688 εἴσεισι,
1940 3615 2030 3674 καὶ

380 3709 472 3761 τὸν
504 3709 769 3764 Ἰσαάκιον¹
805 3709 1024 3784 ἀγνῶτα
1053 3702 1130 3762 ἔτι
1172 3706 1298 3762 ὅντα
1361 3711 1466 3762 τῶν
1522 3705 1826 3781 γενομένων
1859 3707 2029 3780 αἱρεῖ·

387 3799 476 3851 καὶ
512 3802 578 3871 τῇ
611 3804 750 3872 μονῇ
798 3801 896 3853 τοῦ
927 3797 1362 3872 παντοκράτορος
1413 3795 1701 3871 ε’ἰργνυσιν,
1733 3796 1768 3864 ἤ
1810 3795 1898 3850 τὸν
1934 3797 2032 3870 βα-

380 3885 536 3943 σιλέα
565 3889 817 3956 Ἰωάννην
853 3884 983 3960 ἔσχε
1011 3885 1320 3961 δομήτορα.
1353 3887 1455 3942 Καὶ
1500 3887 1529 3940 6
1595 3885 1687 3958 μὶν
1751 3884 1886 3957 μετὰ
1935 3885 2032 3953 τὴν

368 3977 696 4051 κατάσχεσιν
725 3978 824 4045 τήν
856 3981 953 4030 τοῦ
1010 3976 1213 4050 πατρὸς
1279 3974 1566 4048 ἆναμαθὼν
1625 3972 1884 4042 τελευτὴν
1939 3973 2031 4028 καὶ

367 4068 474 4134 τήν
509 4071 605 4122 τοῦ
647 4064 888 4145 ἀδελφοῦ
940 4065 1232 4140 ἀνάρρησιν
1289 4064 1580 4140 ἐνηχηθεὶς
1633 4064 1734 4119 οὐκ
1792 4063 1940 4139 εἶχεν
2002 4062 2033 4117 6'

367 4179 424 4212 τι
466 4156 558 4210 καὶ
601 4153 981 4230 διαπράξαιτο,
1040 4151 1187 4211 δεινὰ
1243 4156 1473 4230 πάσχειν
1520 4153 1701 4230 λέγων
1734 4153 1824 4208 καὶ
1863 4152 2027 4228 πέραν

373 4244 558 4303 δεινοῦ
614 4246 946 4318 ξύμπαντος,
1001 4247 1091 4301 καὶ
1151 4246 1224 4306 ὡς
1292 4244 1571 4301 ἐπαινετὲα
1628 4247 1662 4313 ἡ
1716 4243 1866 4314 τάξις
1894 4247 2028 4318 (39),

378 4335 468 4404 ὑφ’
515 4335 582 4401 ἧς
641 4330 1008 4406 διακρατιῖται
1065 4334 1128 4388 τὸ
1205 4337 1330 4389 πᾶν.
1396 4355 1423 4385 ι(
1518 4330 1785 4404 Ἀπῆλθε,
1843 4331 2030 4410 φησὶν,

373 4419 627 4493 Ἀλέξιος
653 4423 870 4494 θανάτῳ
899 4422 1101 4492 πεσὼν,
1161 4422 1188 4476 ὁ
1245 4427 1354 4476 τῶν
1401 4419 1653 4500 ἀδελφῶν
1684 4421 2032 4496 πρωτότοκος

368 4512 467 4568 καὶ
519 4519 622 4583 τῆς
676 4512 934 4586 πατρῴας
993 4512 1172 4587 ἀρχῆς
1229 4509 1572 4589 κληροῦχος·
1613 4508 2032 4581 ἐπηκολούθησε

370 4599 561 4673 τούτῳ
591 4597 944 4674 Ἀνδρόνικος
989 4603 1066 4671 τῷ
1103 4598 1353 4674 προτέρῳ
1393 4600 1420 4654 6
1461 4595 1732 4674 δεύτερος,
1789 4598 1878 4653 καὶ
1935 4598 2028 4654 τὸν

368 4662 563 4766 νεκρὸν
619 4662 920 4766 εἰσαγαγὼν
1011 4662 1108 4744 τόῦ
1147 4662 1156 4672 Ι
1195 4662 1433 4766 EtEt-X906
1519 4662 1830 4744 διαπόντιον
1893 4688 2028 4760 μετὰ
2067 4662 2112 4731 C

375 4781 557 4857 βραχὺ
585 4781 673 4835 καὶ
711 4779 870 4839 οὗτος
935 4778 1027 4834 τὸν
1084 4777 1201 4852 βίον
1271 4775 1628 4851 μετήλλαξεν.
1677 4777 1772 4839 Εἷς
1839 4776 2026 4832 ἑαυτὸν

369 4869 554 4926 τοίνυν
584 4871 650 4926 τὰ
687 4874 801 4924 τῶν
841 4867 1128 4942 Ῥωμαίων
1184 4874 1437 4942 σκῆπτρα
1494 4869 1616 4944 ὁρᾷ,
1673 4868 1872 4939 καὶτῷ
1941 4864 2028 4922 δι-

368 4960 514 5034 κᾳίῳ
571 4959 732 5024 αὐτός
783 4957 929 5014 ἔστιν
970 4957 1241 5034 ἰγκρατὴς
1303 4965 1405 5029 τῆς
1459 4958 1659 5034 ἀρχῆς.
1716 4957 1940 5016 »Ἀλλ’
1999 4957 2028 5012 6

378 5048 474 5122 μὶν
506 5054 727 5107 τοιαῦτα
761 5046 938 5122 μάτην
987 5045 1367 5126 ἐξετραγῲδει,
1425 5048 1516 5103 καὶ
1547 5045 1768 5111 είκαίως
1795 5048 1862 5118 ἦν
1894 5067 2028 5102 πτι-

2141 3356 2356 3410 tionem
2379 3353 2815 3424 cognovit,quid
2843 3357 3038 3423 ageret
3064 3369 3178 3408 non
3233 3352 3502 3416 habebat,
3534 3353 3786 3426 iniquis-

2139 3441 2286 3500 sime
2317 3458 2514 3497 secum
2547 3441 2639 3513 agi
2669 3456 3052 3510 conquerens.
3086 3441 3150 3495 Et
3177 3443 3381 3497 ordine
3437 3441 3784 3512 collaudato,

2141 3553 2175 3591 a
2231 3550 2348 3606 quo
2423 3533 2598 3588 etiam
2658 3548 2854 3587 rerum
2912 3531 3260 3587 universitas
3314 3532 3785 3602 gubernaretur:

2141 3647 2172 3676 α
2204 3622 2465 3689 Alexius,
2496 3623 2708 3692 inquit,
2741 3621 2910 3688 obiit,
2971 3622 3218 3675 fratrum
3277 3621 3702 3692 primogenitus
3733 3625 3790 3676 et

2141 3711 2368 3784 paterni
2407 3711 2638 3781 imperii
2697 3709 2902 3764 haeres.
2961 3709 3129 3764 Hunc
3182 3717 3418 3764 secutus
3476 3713 3566 3764 est
3621 3712 3788 3764 aetate

2141 3802 2441 3874 proximus
2468 3799 2888 3865 Andronicus;
2945 3798 3044 3869 qui
3099 3813 3234 3852 cum
3294 3797 3488 3852 fratris
3541 3799 3789 3854 cadaver

2142 3890 2286 3946 mari
2317 3887 2844 3957 advexisset,paulo
2879 3893 3005 3957 post
3034 3894 3086 3941 et
3117 3886 3243 3957 ipse
3262 3886 3528 3942 decessit.
3574 3887 3788 3943 Roma-

2140 3995 2350 4034 norum
2383 3977 2558 4048 igitur
2587 3980 2815 4048 sceptra
2843 3975 2915 4030 ad
2949 3990 3041 4030 me
3071 3979 3359 4047 spectant,
3389 3979 3448 4031 et
3492 3992 3596 4046 ego
3645 3976 3780 4047 jure

2139 4067 2386 4140 imperio
2420 4065 2663 4138 potiar.»
2695 4066 2828 4130 Quae
2860 4081 2994 4120 cum
3022 4065 3239 4120 frustra
3275 4065 3688 4122 vociferaretur
3725 4070 3790 4122 et

2138 4157 2313 4213 irritas
2372 4153 2612 4211 aviculae
2672 4154 2854 4210 instar
2908 4153 3068 4210 inani
3121 4158 3334 4211 conatu
3401 4155 3782 4229 obstreperet,

2141 4262 2387 4317 magnus
2411 4243 2769 4301 domesticus
2789 4244 3069 4300 custodiis
3093 4243 3289 4316 palatii
3313 4245 3783 4316 intentus,atque

2138 4335 2200 4393 id
2228 4351 2408 4407 agens
2441 4339 2504 4390 ut
2533 4333 2760 4388 Manuel
2790 4334 2964 4389 etiam
2997 4350 3031 4387 a
3067 4334 3291 4390 civibus
3342 4333 3661 4405 imperator
3690 4351 3783 4389 sa-

2137 4425 2448 4493 lutaretur,
2478 4424 2700 4480 litteras
2732 4423 2908 4478 rubro
2936 4439 3230 4494 aureoque
3267 4423 3461 4496 sigillo
3511 4429 3568 4480 et
3596 4425 3782 4481 serico

2138 4514 2237 4570 ﬁlo
2269 4515 2526 4571 munitas
2555 4524 2608 4570 et
2638 4511 2872 4569 conchis
2903 4513 3188 4584 sanguine
3208 4511 3395 4583 pictas
3413 4511 3564 4568 clero
3587 4513 3785 4584 magni

2140 4604 2338 4675 templi
2364 4604 2556 4674 oii‘ert,
2586 4603 2805 4674 quibus
2834 4603 2918 4659 eis
2957 4608 3245 4674 argenteas
3274 4609 3520 4658 moneta
3555 4602 3786 4658 nummi

2140 4694 2213 4748 ad
2245 4712 2305 4750 cc
2332 4692 2522 4748 minas
2553 4693 2650 4747 67
2701 4691 3210 4764 promittebantur.
3263 4691 3575 4746 Ferebatur
3629 4693 3782 4746 Axu-

2138 4781 2285 4838 chus
2315 4781 2490 4837 etiam
2522 4781 2668 4837 alias
2709 4781 3037 4836 rubricatas
3093 4779 3499 4851 imperatorias
3556 4778 3786 4837 litteras

2139 4875 2465 4942 apportare,
2497 4885 2624 4940 qua
2657 4885 2952 4925 summam
2983 4868 3249 4924 eamdem
3303 4870 3564 4925 nummis
3596 4869 3792 4925 aureis

2139 4959 2536 5029 designarent.
2567 4958 2714 5014 Nam
2745 4973 2878 5014 cum
2911 4958 3172 5030 suspicio
3205 4959 3476 5030 quaedam
3511 4975 3623 5015 non
3660 4958 3792 5014 ina-

2139 5049 2233 5106 nis
2265 5047 2517 5106 Manusli
2547 5048 2898 5116 oburiretur,
2929 5064 3002 5104 ne
3032 5049 3276 5106 forsitan
3307 5052 3410 5105 aut
3467 5051 3593 5122 ipse
3637 5048 3790 5104 Isaa-

1753 5175 1938 5244 Hier.
1975 5173 2214 5244 Wolﬁi
2243 5181 2447 5244 notae.

440 5338 556 5413 (39)
577 5337 643 5413 ’μ
670 5333 846 5413 «seu:
878 5335 1259 5413 Hancyeram
1317 5332 1654 5413 lectionsm_
1682 5349 1833 5413 esse
1861 5333 2019 5413 arbi-
2130 5334 2394 5413 ordinem
2425 5351 2543 5413 quo
2574 5349 2690 5413 non
2721 5339 2944 5413 tantum
2980 5333 3353 5413 imperimsed
3380 5333 3554 5413 etiam
3578 5333 3788 5413 mundi

366 5403 506 5470 tror.
536 5403 705 5468 'Alter
735 5403 916 5480 code);
975 5406 1227 5480 habebat
1271 5406 1480 5480 πρᾶξιςο
1542 5407 1692 5463 unde
1741 5407 2022 5480 putabam
2133 5403 3417 5480 hujusﬁuniversitas‘gubernetuf.Vetusius
3446 5403 3787 5480 codex_ba-

369 5482 714 5558 Logeudqm,
771 5475 846 5537 ὡς
897 5473 1149 5558 ὶπανετία
1203 5476 1239 5546 ἡ
1287 5470 1496 5558 ’ίιὶρᾶεις⁸
1541 5480 1610 5558 τῇ
1656 5470 1898 5558 ⁸προνοίᾳ
1932 5475 2024 5558 MV
2133 5470 2408 5558 betLKa}
2441 5477 2645 5558 ᾃτακτα
2700 5470 2868 5558 βῖιᾶζν,
2917 5475 3326 5558 Ὧηᾶνθρωποιι,
3388 5475 3461 5536 ὡς
3511 5470 3785 5558 κατελύθη

371 5545 461 5626 ii;
490 5560 550 5614 et
577 5554 665 5610 sic
696 5545 1112 5626 converteram
1144 5564 1160 5605 :
1221 5545 1384 5621 atque
1415 5545 1496 5626 :id
1551 5545 1774 5626 factum
1825 5545 2027 5606 divinas

2140 5547 2350 5626 ἠτάξις
2379 5547 2523 5626 ι--ὼς
2572 5545 2953 5626 νεουρχοῦνται
2991 5545 3145 5622 ἕτερα
3189 5549 3484 5626 πράγματα
3531 5545 3545 5602 1
3598 5549 3795 5626 Imm-0:

378 5615 670 5695 uindictae,
702 5621 1083 5695 gubematrici
1106 5615 1303 5695 reruni
1324 5615 2030 5695 universitatis,_commen-
2140 5615 2287 5678 (teste
2306 5620 2654 5695 vociferans:
2699 5615 2752 5680 '0'
2800 5622 2963 5686 cives,
3013 5615 3092 5677 αι’
3127 5615 3259 5675 ordo
3311 5615 3390 5674 cst
3437 5618 3700 5672 eversus!
3732 5615 3796 5670 Ut

375 5701 536 5771 dans,
571 5690 735 5766 etcf;
769 5693 865 5751 led
887 5692 998 5752 hoc
1019 5690 1154 5750 vult
1181 5693 1460 5763 Inscius,
1495 5693 1852 5752 laudandum
1885 5708 2034 5751 .sm
2141 5705 2298 5750 novae
2315 5707 2402 5748 re:
2432 5692 2850 5752 instituuntur!
2896 5747 2903 5755 ,
2982 5751 2986 5756 ,
