4150 6292
403 359 524 423 879

1724 355 2030 420 NIGE'I‘JE
2069 358 2503 421 GHONIAT£

3690 348 3805 413 380

403 493 621 560 cius,ut
648 492 721 548 ad
743 507 916 564 quem
947 490 1020 547 ob
1050 489 1230 546 etatis
1261 490 1702 564 prtsrogativam
1728 491 2047 562 pertineret

2161 489 2389 566 ρυγίζων
2419 489 2559 546 κατᾶ
2618 489 2934 566 σαγηνευθὶν
2997 487 3317 562 πτηνάριον·
3352 485 3380 541 6
3440 481 3498 540 δι
3539 480 3606 552 δὴ
3645 477 3811 558 μέγας

407 583 738 655 imperium,
772 581 968 637 audito
1017 581 1196 651 patris
1250 580 1405 636 obitu
1465 584 1521 635 et
1579 579 1772 636 fratris
1796 581 2050 651 junioris

403 671 788 728 declarations
811 670 1013 724 urbem
1045 669 1328 726 seditione
1359 670 1642 734 turbaret,
1684 674 1787 725 aut
1834 669 2048 741 alioqui

402 761 786 832 plurimorum
820 758 1145 816 turbulenti
1172 764 1436 824 conatus,
1470 759 1888 828 imperatorum
1948 759 2051 816 de—

401 851 755 920 signationes
805 855 861 904 et
921 849 1273 904 mutationes
1326 850 1444 903 fere
1493 864 1725 920 semper
1779 849 2049 906 comitari

401 939 581 1007 soliti,
611 939 772 1011 regni
816 937 1049 994 novitati
1089 937 1568 1008 impedimentum
1595 944 1698 993 aut
1724 939 2047 1008 periculum

402 1036 644 1093 crearet,
675 1032 796 1082 tam
829 1025 1066 1098 ancipiti
1103 1041 1296 1081 rerum
1331 1029 1482 1081 statu
1514 1027 1715 1082 Joanni
1748 1027 1881 1083 bina
1911 1025 2046 1083 libe-

405 1119 550 1176 ralia
579 1117 900 1189 diplomata
932 1117 1107 1173 dedit.
1165 1117 1309 1172 Cum
1369 1133 1499 1171 vero
1539 1115 1745 1188 legatio
1777 1134 2048 1190 prospere

403 1207 808 1274 successisset,
837 1222 1024 1276 neque
1052 1205 1310 1262 Joannes
1354 1221 1695 1263 successum
1739 1204 2048 1276 legationis

403 1296 702 1353 meliorem
730 1295 838 1351 sibi
871 1295 1089 1367 fingere
1117 1301 1214 1350 aut
1246 1298 1446 1366 optare
1479 1295 1781 1364 potuisset,
1824 1295 1882 1350 id
1933 1311 2046 1367 quo

399 1401 605 1444 aurum
637 1383 1081 1458 promittebatur
1100 1382 1359 1453 retinuit,
1391 1383 1734 1456 argentique
1766 1381 2044 1454 pollicita-

400 1475 617 1532 tionem
650 1473 909 1546 protulit.

2165 577 2482 652 δομὲστῑκθς
2512 589 2610 648 τῆς
2665 585 2772 634 τῶν
2833 577 3122 653 βαστλείων
3175 574 3424 648 φυλακῆς
3456 571 3811 644 ἕπιμεληθεῖς

2163 672 2251 724 καὶ
2311 677 2412 739 τῆς
2461 674 2557 725 τοῦ
2614 666 2884 744 βασιλέως
2939 664 3197 734 Μανιιυήλ
3255 665 3397 738 παρὰ
3449 669 3565 719 τοῖς
3626 662 3810 724 ἀστοῖς

2166 758 2585 835 ἄναγορεύσεως,
2639 759 2868 834 γράμμα
2926 756 3400 832 ἐρυθροσῆμαντον
3443 749 3700 832 σφραγῖδί
3756 773 3812 808 τε

2165 851 2370 928 χρυσὲᾳ
2396 849 2484 905 καὶ
2518 855 2730 920 σηρικῷ
2769 851 2973 918 νήματι
3029 841 3286 918 ἔμπεδον,
3345 844 3566 920 κόγχης
3622 839 3810 928 ἀναδε-

2163 927 2406 1010 δευμὲνῳ
2437 935 2652 1010 αἵματι,
2683 941 2762 1008 τῷ
2792 935 2989 1009 κλήρῳ
3045 937 3141 988 τοῦ
3203 931 3450 1005 μεγάλου
3478 929 3582 985 νεὼ
3639 927 3810 984 ἐπιδί-

2163 1023 2320 1097 δωσι,
2377 1032 2578 1082 τυποῦν
2619 1027 2804 1088 αὐτοῖς
2866 1029 2977 1097 (LO)
3029 1023 3259 1100 ἀργύρεα
3321 1021 3510 1089 ἐτήσια
3575 1019 3814 1091 κὲρματα

2163 1117 2238 1175 εἰς
2273 1121 2406 1190 μνᾶς
2447 1115 2530 1179 δὶς
2588 1117 2774 1172 ἑκατὸν
2823 1115 3231 1191 κορυφούμενα.
3293 1109 3542 1184 Ἐλὲγετο
3613 1108 3669 1164 δὲ
3727 1109 3810 1164 καὶ

2161 1205 2346 1280 ετέραν
2435 1203 2966 1282 ἠρυθροδανωμίνην
3030 1202 3303 1276 βασίλειον
3352 1201 3569 1276 γραφήν
3618 1199 3812 1276 ἐπιφὲ-

2164 1298 2346 1371 ρεσθαι
2374 1295 2466 1350 τὸν
2520 1297 2808 1370 ³Αξοῦχον,
2879 1291 2968 1348 διὰ
3035 1291 3306 1367 χρυσίνων
3362 1293 3529 1345 ταῦτα
3582 1283 3816 1363 βραϐεύ-

2163 1406 2345 1443 ουσαν.
2380 1381 2602 1454 Ἐπειδή
2634 1384 2734 1458 γὰρ
2767 1381 2995 1439 ὑπόνοιά
3049 1402 3132 1442 τις
3188 1379 3280 1436 τὸν
3329 1376 3629 1455 κρατοῦντα
3686 1377 3811 1433 ὑπὲ-

2162 1494 2355 1550 τρεχεν
2387 1473 2487 1530 ούκ
2512 1472 2825 1546 δινεύλογος,
2888 1473 3088 1544 μήπως
3145 1469 3180 1539 ἢ
3241 1469 3398 1530 αὐτὸς
3441 1468 3705 1530 Ἰσαάκιος
3737 1472 3814 1539 τῷ

407 1559 566 1632 δῆθεν
644 1559 980 1635 δικαιότερος
1047 1562 1180 1616 εἶναι
1245 1561 1383 1634 πρὸς
1447 1561 1546 1628 τὴν
1618 1563 1799 1637 ἀρχὴν
1865 1561 1927 1617 lx.
1989 1565 2250 1637 γενίσεως
2325 1566 2392 1619 τὰ
2455 1565 2592 1619 κατὰ
2668 1563 2767 1630 τὴν
2827 1559 2990 1616 πόλιν
3034 1557 3427 1614 διαστασιάσειε
3500 1558 3813 1632 πράγματα,

410 1654 664 1726 πατρῷον
738 1651 962 1706 θάνατον
1030 1651 1120 1704 καὶ
1196 1650 1461 1722 ξυναίμου
1521 1651 1908 1726 ύστερογενοῦς
1949 1652 2346 1727 ἔνωτισάμενος
2399 1653 2536 1728 μετὰ
2604 1654 2824 1706 θάνατον
2884 1649 3088 1706 ἐκείνου
3153 1649 3523 1723 ἀναγόρευσιν,
3567 1645 3662 1702 εἶ’τ’
3730 1646 3820 1701 οὗν

413 1744 449 1812 ἢ
491 1747 610 1803 ταῖς
649 1747 758 1797 τῶν
802 1738 1074 1816 βασιλέων
1137 1737 1480 1817 προϐλήσεσί
1518 1762 1576 1796 τε
1643 1740 1732 1796 καὶ
1787 1743 2128 1814 μεταθέσεσιν
2165 1743 2245 1799 ἀεί
2314 1765 2431 1806 πως
2485 1742 2912 1818 ὲπεισερχομὲνη
2987 1741 3362 1818 φιλοτάραχος
3420 1739 3508 1792 καὶ
3547 1757 3816 1809 νεωτερο-

412 1831 572 1892 ποιὸς
638 1836 745 1885 τῶν
814 1830 1086 1886 πλείστων
1154 1825 1330 1909 ἔφεσις
1393 1830 1490 1886 οὐκ
1547 1827 1710 1886 εῧοδά
1767 1832 1818 1885 οἱ
1892 1836 1972 1903 τῷ
2011 1832 2117 1905 νέῳ
2184 1833 2370 1888 ἄνακτι
2410 1833 2498 1887 καὶ
2565 1829 2818 1888 ἀκίνδυνα
2889 1832 2956 1884 τὰ
3009 1830 3146 1884 κατὰ
3203 1829 3301 1896 τὴν
3375 1826 3654 1902 βασιλείαν
3703 1824 3820 1881 διά-

415 1931 590 1992 θοιτο,
651 1917 740 1974 διὰ
797 1923 960 1974 τοῦτο
1035 1920 1174 1993 πρὸς
1221 1919 1540 1999 ἂμφιῤῥεπῆ
1593 1922 1918 1975 κατάστασιν
1989 1926 2088 1976 τοῦ
2153 1927 2346 1993 καιροῦ
2433 1918 2602 1977 διπλᾶ
2682 1927 2762 1993 τῷ
2829 1919 3052 1994 Ἰωάννῃ
3143 1917 3410 1995 φιλότιμα
3481 1917 3818 1990 θεσπίσματα

413 2009 804 2090 ὖγχειρίζεται.
838 2012 928 2081 Τῷ
961 2007 1018 2064 δὲ
1043 2009 1179 2065 κατᾶ
1207 2009 1333 2086 ῥοῦν
1364 2004 1640 2083 προϐῆναι
1703 2011 1773 2064 τὰ
1809 2017 1908 2080 τῆς
1949 2010 2286 2080 ἀποστολῆς,
2343 2011 2432 2066 καὶ
2492 2013 2569 2071 ὡς
2606 2010 2705 2066 ούκ
2741 2012 2806 2079 ἦν
2876 2014 2956 2082 τῷ
3012 2008 3334 2081 πεπομςνότι
3389 2007 3479 2061 καὶ
3546 2006 3826 2084 ἀφιγμένῳ

419 2097 804 2170 διανοησασθαι
832 2096 1064 2154 κάλλιον
1097 2098 1133 2168 ἢ
1166 2101 1253 2175 [Ρ.
1289 2101 1378 2174 35]
1407 2098 1745 2171 ἐπεύξασθαι,
1778 2100 2002 2175 συνέσχε
2047 2102 2140 2175 μὲν
2167 2101 2228 2156 τὸ
2260 2095 2523 2177 βραϐεῠον
2564 2100 2630 2155 τὰ
2667 2100 2894 2176 χρύσεα,
2927 2098 3171 2176 ὶξήνεγκε
3220 2095 3277 2151 δὲ
3307 2098 3368 2153 τὸ
3425 2101 3708 2172 χορηγοῦν
3757 2095 3825 2150 τὰ

403 2189 656 2266 ἀργύρεα.

475 2285 750 2353 Ingressu
779 2281 850 2336 ad
886 2279 1043 2336 hunc
1075 2280 1313 2336 modum
1348 2285 1692 2352 prwparato,
1737 2279 2052 2352 imperator

2239 2280 2344 2336 Καὶ
2377 2281 2427 2335 οἱ
2472 2280 2566 2353 μὶν
2606 2280 2750 2334 οὕτω
2805 2279 2902 2346 τήν
2977 2275 3268 2350 βασιλικὴν
3322 2275 3825 2350 προπαρεσκεύασαν

402 2368 804 2443 parentalibus
862 2368 1138 2441 peractis,
1171 2375 1224 2425 et
1275 2370 1457 2442 patris
1503 2370 1780 2426 cadavere
1809 2370 2055 2426 navibus

407 2460 706 2533 imposito,
739 2474 863 2532 quis
893 2459 949 2514 in
994 2459 1231 2529 Pyramo
1285 2457 1463 2516 ﬂuvio
1521 2458 1828 2515 stationem
1879 2459 2053 2516 babe-

404 2549 566 2616 bant,
600 2549 697 2621 qui
732 2547 1148 2619 Mopsuestiam
1181 2547 1433 2620 irrigans
1465 2549 1521 2603 in
1571 2565 1728 2605 mare
1774 2548 1971 2606 inﬂuit
2000 2557 2056 2606 et

399 2639 720 2698 Antiochia
753 2637 852 2695 σε
889 2638 1060 2694 rebus
1080 2655 1184 2710 pro
1209 2642 1468 2709 tempore
1507 2639 1750 2711 pacatis,
1776 2654 1807 2694 e
1856 2637 2058 2695 Cilicia

405 2729 705 2801 digressus
746 2744 850 2784 uer
880 2728 1237 2800 superiorem
1282 2727 1592 2799 Phrygiam
1646 2727 2052 2798 proﬁciscitur.

406 2821 552 2874 Tum
587 2817 958 2876 Andronicus
987 2820 1340 2884 Comnenus,
1371 2815 1471 2890 qui
1504 2822 1633 2888 post
1663 2819 1720 2872 in
1755 2815 2050 2874 Romanos

409 2907 778 2980 tyrannidem
811 2909 1086 2975 exercuit,
1122 2905 1410 2962 Manuelis
1443 2906 1742 2976 patruelis,
1784 2915 1835 2961 et
1867 2907 2054 2963 Theo-

409 2997 590 3053 dorus
623 2995 904 3067 Dasiotes,
965 2995 1059 3051 cui
1109 2995 1292 3051 Maria
1347 3004 1526 3066 nupta
1576 3001 1720 3061 erat,
1745 2995 2057 3051 Andronici

407 3087 911 3151 sebastocratoris,
972 3085 1165 3141 fratris
1223 3085 1527 3152 Manuelis,
1583 3085 1726 3152 filia,
1772 3103 1806 3142 a
1865 3087 2058 3142 Persis

407 3176 556 3244 capti
575 3179 632 3229 et
654 3174 726 3230 ad
743 3175 1032 3229 Masutum
1051 3173 1228 3228 Iconii
1251 3174 1572 3245 principem
1599 3185 1736 3229 sunt
1769 3174 2055 3246 perducti.

406 3263 548 3319 Nam
580 3263 720 3317 dum
753 3262 902 3317 feras
932 3265 1237 3330 venantur,
1276 3279 1310 3317 a
1358 3263 1599 3318 militari
1659 3263 1753 3317 via
1806 3263 2054 3334 digressi

410 3354 696 3406 venerunt
719 3351 776 3403 in
810 3348 1065 3404 hostium
1108 3364 1318 3405 manus
1349 3355 1406 3405 et
1435 3350 1494 3406 in
1524 3357 1830 3406 venatores
1867 3349 2060 3407 homi-

415 3454 552 3496 num
587 3437 940 3493 inci'derunt.
977 3437 1299 3510 Imperator
1327 3443 1543 3501 autem,
1585 3439 1686 3511 qui
1743 3454 1878 3495 cum
1928 3438 2059 3495 aliis

410 3528 586 3584 rebus
615 3541 819 3584 vacare
850 3543 965 3584 non
999 3532 1216 3598 posset,
1250 3527 1350 3584 sed
1415 3527 1777 3600 propositum
1827 3533 2058 3601 urgeret

405 3633 761 3689 omnemque
791 3633 1018 3674 moram
1052 3617 1164 3673 sibi
1193 3617 1625 3674 incommodare
1665 3622 1910 3690 putaret,
1943 3635 2057 3674 non

403 3722 534 3764 eam
565 3707 800 3765 illorum
832 3709 1117 3766 rationem
1157 3708 1361 3765 habuit
1389 3725 1566 3782 quam
1597 3709 1918 3781 oportebat,
1952 3725 2058 3765 nec

402 3802 468 3853 ut
497 3798 932 3869 dacebat,opem
963 3798 1048 3854 eis
1069 3797 1229 3856 tulit.
1263 3798 1394 3855 Post
1415 3804 1610 3855 tamen
1660 3815 1760 3855 eos
1793 3799 1921 3856 sine
1955 3815 2051 3870 pe-

402 3887 576 3945 cunia
596 3887 879 3957 liberavit,
911 3897 965 3945 et
986 3892 1248 3957 Pracam,
1279 3889 1558 3962 oppidum
1605 3889 1879 3946 Seleucia
1929 3889 2054 3944 ﬂni-

403 3977 640 4044 timum,
670 3984 963 4035 vastatum
994 3997 1026 4034 a
1084 3978 1271 4034 Persis
1328 3980 1714 4052 recuperavit.
1749 3978 1824 4034 Ut
1864 3981 2052 4034 autem

406 4067 612 4123 urbem
644 4067 1072 4138 imperatricem
1105 4067 1311 4137 attigit,
1345 4069 1556 4140 cupide
1587 4067 1658 4122 ab
1691 4067 1896 4122 incolis
1927 4083 2055 4122 sus-

411 4158 776 4227 cipitur,tnm
809 4157 964 4226 quod
997 4171 1174 4228 regno
1203 4161 1440 4226 paterno
1496 4157 1868 4223 succedebat,
1925 4160 2051 4212 tum

412 4244 568 4316 quod
591 4244 745 4314 apud
777 4258 976 4301 omnes
1005 4247 1134 4300 erat
1159 4245 1467 4315 gratiosus.
1498 4245 1646 4300 Nam
1677 4245 1737 4300 in
1768 4245 1895 4316 ipsa
1913 4244 2053 4300 ado-

413 4332 693 4389 lescentia
706 4347 874 4390 senss
886 4332 1190 4406 prudentia
1206 4333 1826 4402 anteibat,bellicosus,
1841 4333 2054 4402 audax,

409 4423 470 4479 in
513 4421 787 4491 periculis
817 4422 1242 4496 imperterritus
1259 4428 1316 4480 et
1345 4424 1782 4494 magnanimus,
1807 4423 1876 4479 ad
1893 4439 2053 4480 com-

411 4515 700 4573 mittenda
730 4515 928 4588 praelia
966 4519 1288 4589 promptus.
1346 4515 1448 4572 θ’
1505 4516 1579 4570 Ad
1639 4514 1758 4570 hac
1803 4529 1834 4569 e
1889 4513 2054 4568 vultn

409 4604 794 4665 adolescentis
815 4605 1002 4679 gratia
1022 4607 1284 4678 quaedam
1309 4604 1590 4670 elucebat,
1623 4607 1682 4660 et
1729 4603 2054 4660 arridentes

411 4696 563 4754 oculi
585 4697 780 4754 nescio
803 4696 945 4768 quid
962 4695 1365 4752 illecebrarum
1390 4693 1450 4749 in
1472 4693 1874 4760 se-babsbant;
1919 4709 2054 4765 pro-

407 4803 539 4844 cera
559 4790 1086 4860 statura,quamvis
1102 4787 1367 4846 nonnihil
1389 4787 1601 4843 inﬂexa
1615 4806 1632 4850 ς
1646 4787 1836 4844 colore
1867 4801 2055 4859 neque

410 4878 543 4933 albo
565 4882 621 4934 et
651 4878 816 4933 niveo
848 4884 913 4933 ut
939 4880 1038 4946 qui
1065 4879 1126 4935 in
1157 4881 1366 4935 umbra
1397 4878 1625 4934 educati
1674 4882 1834 4946 sunt,
1868 4891 2055 4948 neque

416 4968 591 5024 etiam
624 4967 933 5023 admodum
967 4969 1130 5025 fusco
1163 4977 1228 5025 ut
1257 4969 1297 5024 ii
1329 4971 1427 5042 qui
1461 4985 1495 5024 a
1523 4967 1644 5024 sole
1665 4976 1808 5024 sunt
1835 4967 2053 5033 adusti,

2167 2366 2396 2425 εἴσοδον·
2431 2371 2458 2424 6
2491 2366 2546 2424 δὲ
2581 2366 2834 2445 βασιλεὺς
2891 2366 2958 2422 τὰ
3002 2367 3124 2422 ὅσια
3181 2371 3258 2438 τῷ
3318 2365 3487 2440 πατρὶ
3543 2365 3812 2426 ἐκτελέσας

2167 2460 2255 2514 καὶ
2289 2465 2406 2522 ταῖς
2457 2458 2612 2514 ναυσὶ
2667 2459 2730 2512 τὸ
2790 2462 2949 2530 σῶμα
3005 2456 3310 2529 ἐνθέμενος,
3368 2453 3530 2528 α’ίτῷ
3568 2455 3802 2526 Πυράμῳ

2165 2554 2399 2622 ποταμῷ
2431 2549 2816 2623 ἐνωρμίζοντο,
2860 2546 2920 2610 ὃς
2971 2546 3353 2620 Μοψουεστίαν
3407 2543 3664 2599 λιπαίνων
3713 2555 3804 2606 θα-

2147 2641 2340 2717 ·λάσσῃ
2375 2638 2798 2712 προσπλέκεται,
2841 2639 2908 2693 τά
2963 2659 3021 2693 τε
3078 2639 3191 2693 κατ’
3252 2636 3614 2711 Ἀντιόχειαν,
3669 2636 3742 2696 ὡς
3790 2635 3816 2688 6

2163 2732 2354 2804 καιρὸς
2389 2727 2592 2799 ἐδίδου,
2620 2729 3116 2800 καταστησάμενος,
3186 2727 3398 2800 ἀπάρας
3444 2731 3552 2780 τῶν
3585 2723 3819 2780 Κιλίκων

2167 2817 2257 2876 διδ.
2285 2827 2388 2889 τῆς
2428 2819 2540 2874 ἅνω
2571 2817 2941 2891 καλουμένης.
3002 2817 3249 2894 Φρυγίας
3288 2814 3666 2888 ἐπεπορεύετο,
3736 2814 3822 2869 ὅτε

2164 2910 2253 2964 καὶ
2309 2910 2412 2964 ὑπὸ
2473 2914 2690 2984 Περσῶν
2750 2907 2996 2963 ἑάλωσαν
3055 2908 3140 2962 καὶ
3204 2905 3342 2975 πρός
3429 2906 3518 2960 τὸν
3589 2906 3821 2961 Ἰκονίου

2163 3003 2465 3075 κρατοῦντα
2551 3000 2848 3068 τηνικαῦτα
2927 2995 3148 3053 Manut
3232 2995 3620 3069 ἀπηνέχθησαν
3684 2994 3716 3048 6'
3767 3015 3824 3052 τε

2165 3089 2300 3164 πρὸς
2360 3087 2562 3162 πατρὸς
2627 3092 2708 3159 τῷ
2768 3085 3033 3154 Μανουήλ
3083 3082 3394 3161 ἐξάδελφος,
3444 3085 3472 3140 6
3529 3085 3824 3158 Κομνηνὸς

2165 3175 2428 3248 δηλονότι
2485 3175 2834 3250 Ἀνδρόνικος
2902 3174 3084 3248 (οὗτος
3150 3172 3205 3229 δὶ
3257 3175 3345 3229 καὶ
3402 3174 3624 3248 ὕστερον
3683 3175 3823 3229 Ῥω-

2168 3266 2343 3340 μαίων
2403 3265 2902 3340 κατετυράννευσε),
2958 3263 3049 3319 καὶ
3099 3265 3128 3319 6
3185 3265 3466 3330 Δασιὼτης
3523 3261 3819 3332 Θεόδωρος,

2164 3356 2209 3426 ᾧ
2241 3354 2316 3417 εἰς
2366 3355 2612 3431 γαμετὴν
2671 3352 2852 3428 Μαρία
2910 3354 3182 3425 ἥρμοστο,
3240 3352 3306 3421 ἤν
3367 3353 3521 3407 ότοῦ
3555 3351 3816 3417 Μανουῆλ

2162 3443 2493 3520 κασίγνητος
2576 3443 2605 3497 6
2675 3437 3123 3515 σεϐαστοκράτωρ
3222 3438 3564 3514 Ἀνδρόνικος
3650 3438 3815 3496 ἔτεκε.

2163 3533 2438 3608 Κατὰγᾶρ
2470 3534 2643 3608 θήραν
2701 3531 2907 3607 ἀγρίων
2967 3536 3064 3598 τῆς
3124 3527 3254 3585 ὁδοῦ
3301 3530 3695 3605 ἐκτραπόμενοι
3751 3530 3819 3599 ἧς

2161 3621 2226 3677 τὸ
2267 3621 2574 3696 στράτευμα
2606 3618 2815 3695 εἷ’χετο,
2884 3617 3074 3674 ἔλαθον
3108 3617 3504 3694 συλληφθέντες
3535 3616 3821 3689 πολεμίων

2087 3706 2342 3791 Οχερσῖ,
2394 3711 2483 3766 καὶ
2547 3715 2716 3785 θηρᾷν
2774 3705 3166 3781 ἰπιϐαλόμενοι
3223 3707 3474 3764 κνώδαλα
3530 3710 3817 3782 θηρευταῖς

2157 3801 2459 3876 ἀνθρώπων
2489 3801 2955 3875 περιπεπτώκασι.
3013 3797 3152 3855 Τότε
3207 3799 3301 3870 μὶν
3361 3796 3453 3852 οὖν
3496 3799 3524 3853 6
3561 3796 3814 3871 βασιλεὺς

2159 3892 2238 3964 μὴ
2297 3891 2548 3966 πράξεσιν
2605 3891 2810 3964 ἑτέραις
2869 3889 2961 3944 τὸν
3016 3891 3137 3942 νοῦν
3199 3886 3415 3964 ὲφιστᾷν
3493 3884 3812 3960 δυνάμενος,

2157 3977 2304 4036 ἀλλά
2341 3986 2443 4050 τῆς
2485 3979 2854 4054 προκειμένης
2909 3979 3048 4040 ἅπας
3105 3977 3409 4052 γινόμενος,
3471 3977 3559 4030 καὶ
3615 3977 3818 4045 ταύτης

2157 4071 2246 4126 καὶ
2279 4071 2465 4149 βραχύ
2526 4089 2578 4123 τι
2646 4072 2776 4144 γοῦν
2828 4067 3163 4142 ἀποσχέσθαι
3217 4067 3418 4140 κρίνων
3478 4065 3816 4144 ἀσύμφορον,

2159 4157 2284 4216 οὐδὲ
2307 4164 2414 4216 τῶν
2443 4159 2578 4216 κατᾶ
2626 4159 2753 4220 τοὺς
2815 4156 3010 4230 ἄνδρας
3065 4156 3293 4218 τούτους
3340 4157 3414 4219 ὡς
3445 4152 3551 4212 ἔδει
3583 4157 3817 4236 πεφρόν-

2156 4269 2300 4305 τικεν
2343 4250 2378 4319 ἢ
2443 4248 2744 4324 βασιλικῶς
2803 4247 2991 4309 αὺτοῖς
3049 4245 3310 4320 ἐπήμυνεο
3374 4244 3657 4318 μετέπειτα
3701 4247 3818 4320 μὲν.

2153 4359 2242 4394 τοι
2305 4338 2585 4414 ζωαγρίων
2661 4336 2782 4393 ἄνευ
2841 4335 3092 4403 ἐλύσατο,
3148 4337 3237 4390 καὶ
3290 4335 3352 4390 τὸ
3407 4332 3660 4409 πόλισμα
3714 4336 3814 4404 τὴν

2150 4432 2396 4503 Ἡρακᾶν,
2431 4426 2461 4482 6'
2492 4424 2560 4497 δὴ
2592 4432 2691 4494 τῆς
2759 4424 3088 4486 Σελευκείας
3113 4423 3380 4499 Ϊὲχόμενα
3407 4421 3647 4499 1ἵδρυται,
3677 4425 3814 4480 Ῥωο

2163 4517 2348 4591 μαίοις
2399 4516 2779 4572 ἐπανεσώσατο
2838 4516 2988 4589 παρᾶ
3044 4519 3262 4590 Περσῶν
3312 4517 3602 4590 πορθηθέν.
3637 4516 3726 4580 Ὠς
3758 4513 3816 4572 δδ

2157 4609 2258 4676 τήν
2313 4602 2570 4682 βασιλίδα
2631 4602 2795 4659 πόλιν
2856 4603 3142 4683 ἐπεφθάκει
3176 4603 3204 4658 6
3245 4602 3532 4675 Μανουήλ,
3569 4606 3819 4679 ἀσμένως

2159 4695 2306 4771 παρᾶ
2359 4699 2467 4750 τῶν
2529 4692 2732 4764 ταύτης
2817 4692 3122 4764 οἷοιητόρων
3185 4689 3572 4769 προσδέχεται,
3652 4699 3814 4750 τοῦτο

2164 4785 2258 4858 μὶν
2291 4785 2366 4846 ὡς
2417 4785 2519 4851 τὴν
2577 4783 2836 4857 πατρῴαν
2886 4780 3163 4856 βασιλείαν
3220 4781 3600 4863 παρειληφὼς,
3653 4787 3814 4839 τοῦτο

2157 4873 2207 4930 δ’
2266 4873 2349 4930 ὅτι
2403 4873 2491 4927 καὶ
2546 4872 2693 4943 παρὰ
2730 4875 2892 4926 πᾶσιν
2955 4871 3217 4932 ἀσπάσιος
3276 4871 3365 4942 ἦν,
3425 4869 3541 4928 ἐπεὶ
3600 4872 3696 4928 κᾶν
3735 4877 3816 4944 τῷ

2161 4957 2402 5038 ἀκριϐῶς
2435 4961 2653 5038 μείρακι
2698 4963 2799 5030 τὴν
2861 4959 3068 5016 σύνεσιν
3128 4957 3296 5032 ἔσωζε
3350 4964 3461 5016 τῶν
3500 4981 3814 5038 καταγηρα-

416 5058 518 5112 ed
551 5056 632 5112 ita
654 5055 806 5112 inter
826 5056 1057 5123 nigrum
1077 5062 1135 5112 et
1157 5057 1472 5116 candidum
1504 5058 1812 5128 medio,ut,
1844 5072 2052 5128 quam-

2162 5049 2367 5105 σάντων
2425 5047 2480 5103 ἦν
2531 5051 2650 5110 τοῖς
2709 5045 3323 5140 πράγμασιΑ-πλείονα,
3381 5045 3690 5120 πολεμικός
3755 5069 3818 5103 τε

413 5146 502 5201 vis
535 5146 605 5200 ad
640 5145 997 5216 nigredinem
1027 5147 1308 5211 tenderet,
1337 5154 1530 5204 tamen
1588 5148 1836 5204 decorus
1871 5148 2050 5202 esset.

416 5233 806 5302 Quamobrem
831 5251 863 5291 a
883 5236 1110 5292 civibus
1129 5236 1337 5302 obviis,
1371 5237 1526 5310 quod
1549 5236 1736 5303 aiunt,
1770 5235 1924 5292 ulnis
1957 5251 2051 5289 ex-

2159 5138 2252 5194 καὶ
2282 5134 2665 5217 φιλοκίνδυνος
2695 5136 2791 5191 κᾶν
2843 5140 2960 5199 τοῖς
3015 5131 3212 5197 δεινοῖς
3245 5133 3667 5206 ἂκατάπληκτος
3725 5137 3818 5193 καί

2168 5226 2530 5304 μεγαλόφρων
2589 5223 2957 5298 δεικνύμενος,
3027 5224 3116 5278 καὶ
3199 5226 3335 5299 πρὸς
3395 5225 3579 5301 μάχας
3635 5224 3815 5283 τελῶν

415 5327 704 5396 ceptus,et
727 5325 1008 5395 plenoore
1031 5341 1162 5382 cum
1187 5325 1469 5398 applause
1513 5325 1862 5386 celebratus.
1891 5323 2052 5396 pala-

2167 5315 2492 5392 ὀεύῤῥοπος.
2528 5315 2834 5387 ’Βπὲπρεπε
2862 5310 2920 5368 δὶ
2969 5313 3068 5369 καὶ
3126 5313 3291 5389 χάρις
3341 5313 3446 5371 lari
3481 5319 3580 5371 τοῦ
3651 5335 3820 5392 προσ-

409 5414 558 5474 tium
592 5414 938 5490 ingreditur.
972 5418 1120 5473 Dum
1152 5420 1348 5473 autem
1381 5431 1527 5491 equo
1554 5415 1795 5472 Arabico
1843 5411 2052 5486 insigni

2165 5407 2323 5464 ώπου
2347 5408 2430 5480 τῷ
2458 5404 2657 5479 νεανίᾳ,
2686 5403 2776 5460 καὶ
2829 5406 2913 5477 τῷ
2962 5408 3066 5474 τῆς
3097 5404 3281 5480 ὅψεως
3311 5401 3709 5479 ὁπομειδιῦντι
3749 5406 3820 5462 τὸ

1782 5538 1972 5609 Hier.
2003 5533 2246 5606 Wolﬁi
2271 5542 2476 5604 notas.

482 5669 594 5747 (ιο)
622 5667 839 5730 Τυποΰν
871 5667 1078 5732 αὐτοῖς.
1109 5667 1402 5746 Χορηγοῢν
1420 5665 1462 5738 ἢ
1483 5662 1892 5727 -τέτπωᾙιὰθ
1907 5679 2052 5738 alapa

2161 5658 2302 5726 νικος
2353 5655 2830 5738 poematum
2855 5656 3016 5731 quod
3041 5651 3343 5734 διάτιτμ.
