4150 6292
291 367 423 431 381

1432 367 1536 428 DE
1582 367 1962 430 MANUELE
2007 367 2400 432 COMNENO
2443 368 2597 430 LIB.
2646 369 2692 429 l.

306 500 610 576 ὶπαγωγὸν
673 497 985 572 ὶπεσὺρετο,
1031 497 1280 572 εὐμήκης
1329 495 1402 553 ὥν
1443 500 1543 569 τήν
1594 499 1842 571 ἡλικίαν,
1889 499 1973 557 κᾶι

2103 501 2312 575 pergit,
2341 505 2567 575 portam
2597 502 2976 574 ingressurus
3005 503 3138 572 post
3165 499 3344 571 quam
3379 494 3522 554 solis
3568 495 3755 571 impe-

334 589 540 647 έπένευέ
569 611 620 644 τι
651 589 753 644 τοῦ
804 590 1078 653 ἱθυτενοῦς
1131 587 1368 663 μέτριον.
1421 590 1534 659 Τὴν
1576 587 1632 644 δὲ
1681 609 1744 664 γε
1793 591 1988 665 χροιὰν

348 677 461 736 οὗτε
513 679 652 734 κατὰ
710 678 840 740 τοὺς
898 677 1433 755 ἐσκιατραφημένους
1519 678 1710 740 λευκὸς
1766 679 1832 749 ἦν
1893 681 1984 736 καὶ

330 766 634 844 χιονώδης,
670 764 796 822 οὔτε
827 768 934 840 μὴν
966 765 1102 841 ἄγαν
1153 769 1435 840 καπνηρὸς
1465 766 1540 830 ὡς
1578 769 1634 822 οἱ
1677 765 1852 825 πολὺν
1890 772 1980 826 τὸν

329 855 490 925 ἣλιον
554 855 644 909 ἐπὶ
704 858 801 910 τοῦ
854 856 1153 930 προσώπου
1210 852 1487 927 δεξάμενοι
1540 854 1630 910 καὶ
1689 855 1780 918 οὕς
1815 859 1982 932 παρέ-

321 940 532 1019 ϐλεψαν
573 945 786 1006 ἀκτῖνες
848 944 1192 1019 θερμότεραι,
1253 941 1400 998 ἀλλὰ
1454 950 1552 1013 τῆς
1608 943 1809 1012 λευκῆς
1861 943 1978 1010 θέας

321 1037 657 1111 ἀναχωρῶν,
687 1039 768 1107 τῷ
825 1032 881 1090 δὲ
917 1033 1108 1107 μέλανι
1167 1033 1540 1112 προσεγγίζων
1587 1035 1846 1111 χρώματι
1891 1039 1982 1094 εὐ-

323 1126 598 1199 πρεπείας
631 1124 720 1180 καὶ
751 1125 926 1185 οὕτως
956 1124 1164 1198 εἳχετο.
1197 1125 1295 1180 Διά
1323 1127 1490 1179 ταῦτα
1536 1126 1711 1179 τοίνυν
1764 1125 1979 1190 ὑπτίαις

322 1213 600 1290 ἀγκάλαις
633 1212 1039 1292 περιχυθέντων
1070 1216 1178 1269 τῶν
1233 1210 1498 1278 πολιτῶν,
1541 1210 1760 1270 εἷ’σεισιν
1806 1216 1980 1288 ἀσμέ-

2097 593 2390 649 ratoribus
2421 594 2743 649 descensus
2767 609 2798 648 e
2829 590 2974 648 sella
2997 590 3574 662 permittitur,equus
3593 587 3747 646 clare

2095 681 2332 750 hinniit,
2366 693 2418 738 et
2450 683 2574 738 solo
2606 681 2843 754 ungulis
2873 681 3075 737 crebro
3108 679 3362 752 pulsato,
3387 676 3746 751 solerterque

2094 788 2441 844 progressus
2471 758 2526 827 et
2559 773 2780 828 fortiter
2815 771 2871 825 in
2905 772 3091 840 girum
3125 779 3315 837 actus,
3349 784 3476 823 sero
3508 770 3742 824 tandem

2100 860 2280 915 limen
2312 863 2694 916 transcendit.
2728 863 2788 915 Id
2821 876 3054 932 quoque
3085 863 3302 914 bonum
3337 875 3509 914 omen
3555 859 3744 913 visum

2090 950 2359 1018 eruditis,
2395 953 2714 1021 praesrtim
2756 949 2828 1006 iis
2859 951 2960 1022 qui
3011 948 3155 1005 coelo
3203 947 3496 1003 inhiantes
3551 947 3647 1002 vix
3677 964 3743 1003 ea

2088 1039 2286 1094 vident
2317 1057 2442 1110 quae
2475 1048 2609 1096 ante
2638 1040 2812 1111 pedes
2843 1042 2982 1095 sunt
3012 1054 3026 1106 ;
3051 1045 3108 1094 et
3140 1053 3240 1109 per
3265 1037 3511 1109 equinos
3541 1041 3744 1108 gestus

2088 1136 2146 1185 et
2174 1131 2410 1188 crebros
2439 1131 2619 1188 flexus
2652 1131 2888 1204 longam
2917 1131 3100 1186 vitam
3132 1129 3469 1201 imperatori
3504 1134 3736 1201 porten-

2088 1221 2147 1274 di
2177 1222 2673 1278 vaticinabantur.

331 1325 447 1365 νως
503 1304 569 1358 τὰ
625 1301 878 1379 βασλιεία
930 1300 1159 1358 πλατέσι
1224 1303 1311 1357 καὶ
1399 1301 1662 1379 ἀνεῳγόσι
1717 1305 2210 1381 περικροτούμενος
2275 1309 2558 1382 στόμασιν.
2627 1312 2716 1367 Ἐν
2787 1307 2845 1366 δὲ
2909 1309 2988 1381 τῷ
3053 1307 3302 1382 παριέναι
3371 1307 3487 1378 μεθ’
3553 1301 3734 1362 ἵππου

334 1388 583 1465 ’Ἄραϐος
614 1391 933 1472 ἐριαύχενος
982 1392 1049 1447 τὰ
1095 1391 1383 1467 ἀνάκτορα,
1439 1391 1528 1446 καὶ
1583 1391 1806 1466 μέλλειν
1856 1394 2075 1451 εἰσιέναι
2128 1393 2217 1452 διὰ
2269 1404 2369 1466 τῆς
2416 1397 2600 1469 πύλης
2651 1399 2768 1470 μεθ’
2816 1396 2882 1467 ἧν
2928 1400 2964 1467 ἡ
3017 1397 3075 1452 ἐκ
3121 1403 3221 1467 τῆς
3257 1392 3420 1469 ἕδρας
3472 1389 3741 1455 ἀπόϐασις

327 1481 545 1562 ἐφεῖται
577 1482 743 1554 μόνος
785 1485 901 1543 τοῖς
950 1481 1400 1556 αὐτοκράτορσιν,
1450 1481 1479 1536 ὁ
1523 1478 1700 1547 ’ίππος
1745 1481 1804 1545 ὅς
1860 1484 1925 1553 ἦν
1981 1483 2072 1539 τὸν
2137 1485 2364 1561 βασιλέα
2420 1487 2593 1562 ὐχῶν,
2644 1485 2697 1548 ἐς
2745 1486 3004 1544 ἂκουστὸν
3057 1485 3384 1562 χρεμετίσας
3436 1484 3528 1539 καὶ
3571 1483 3743 1558 συχνὰ

325 1573 512 1646 κόψας
570 1571 762 1647 ἄκραις
823 1569 993 1627 ὁπλαῖ
1049 1572 1113 1627 τὸ
1173 1569 1406 1627 δάπεδον
1457 1573 1650 1643 εὐήνιά
1707 1595 1766 1630 τε
1821 1572 2160 1648 προποδίσας
2225 1579 2315 1632 καὶ
2373 1577 2740 1650 περιδινηθείς
2793 1575 3078 1653 ἆγέρωχα,
3138 1571 3376 1651 ὑπερέϐη
3452 1571 3554 1651 ὀψέ
3607 1594 3742 1630 ποτε

323 1663 427 1718 τὸν
489 1659 674 1717 οὐδόν.
737 1662 962 1737 ’Δγαθὸν
1023 1661 1116 1716 οὗν
1175 1663 1260 1736 [Ρ.
1321 1664 1412 1735 36]
1468 1659 1615 1733 ἔδοξε
1667 1666 1832 1718 τοῦτο
1887 1669 2006 1726 τοῖς
2057 1670 2297 1722 συνιοῦσι
2354 1669 2594 1742 κομψοῖς
2634 1664 2956 1736 ἐπεισόδιον,
2996 1665 3086 1722 καὶ
3124 1666 3333 1722 τούτων
3415 1663 3654 1739 μάλιστα
3691 1663 3744 1720 οἳ

312 1755 755 1828 περικεχήνασιν
788 1752 1038 1827 οὐρανὸν,
1091 1753 1158 1807 τὰ
1204 1749 1252 1808 δ’
1301 1752 1353 1808 ἐν
1399 1751 1530 1808 ποσί
1590 1751 1753 1825 μόλις
1807 1752 1999 1829 ἔχουσι
2053 1754 2263 1833 διορᾷν,
2313 1759 2402 1813 καὶ
2455 1756 2544 1812 διὰ
2589 1763 2697 1813 τῶν
2751 1756 2985 1813 ἱππείων
3036 1761 3444 1834 σχηματισμῶν
3494 1757 3584 1811 καὶ
3643 1776 3738 1812 συ-

307 1846 473 1920 χνῶν
509 1840 961 1919 περιελιγμάτων
1000 1841 1320 1916 μακραίωνα
1349 1840 1818 1918 περιτελλομένην
1856 1845 2001 1915 ζωήν
2030 1850 2110 1918 τῷ
2142 1847 2502 1923 αὐτοκράτορι
2532 1843 2924 1925 ἀπεφοίϐαζον.

402 1940 474 2016 β’.
513 1939 690 2000 Θύσας
746 1939 842 1992 οὖν
892 1939 958 1995 τὰ
1002 1941 1438 2016 ἀναγορευτήρια
1491 1943 1609 2012 Θεῷ
1660 1941 1751 1994 καὶ
1798 1936 1973 1996 ἐπιϐα-

2172 1947 2272 2002 10
2298 1949 2353 2002 2.
2397 1951 2566 2002 Facta
2593 1946 2776 2019 igitur
2804 1962 2864 2002 re
2893 1945 3089 2002 divina
3119 1961 3223 2019 pro
3271 1943 3662 2001 declarations
3685 1948 3741 2000 et

333 2032 528 2105 τήρια,
571 2029 854 2084 σκέπτεται
913 2028 1035 2103 περὶ
1090 2033 1188 2084 τοῦ
1245 2029 1337 2083 τὸν
1399 2030 1792 2105 πατριαρχικὸν
1852 2027 1992 2102 κλη-

2101 2033 2331 2108 imperii
2363 2035 2742 2108 auspiciis,de
2766 2035 3142 2109 patriarchici
3172 2034 3366 2091 throni
3403 2049 3742 2091 successore

333 2117 660 2194 ρωσομένου
697 2119 890 2193 θρόνον
921 2117 1168 2180 καὶτοὺς
1215 2125 1316 2188 τῆς
1365 2117 1693 2190 Ἐκκλησίας
1743 2139 1973 2197 χειρισο-

2099 2129 2156 2181 et
2184 2125 2591 2182 ecclesiastica:
2627 2125 2944 2182 {unctionis
2974 2126 3382 2198 gubernatore,
3442 2140 3478 2179 a
3535 2140 3652 2196 quo
3680 2124 3739 2180 in

332 2208 504 2279 μένου
537 2204 727 2267 οἷάκας
772 2205 862 2259 καὶ
917 2205 1306 2266 ταινιώσοντος
1359 2204 1520 2260 αὐτὸν
1581 2203 1669 2261 ἐπὶ
1725 2207 1826 2262 νεὼ
1882 2209 1991 2263 Κυ-

333 2295 457 2371 ρίου
509 2299 588 2366 τῷ
646 2294 1097 2371 αὐτοκρατορικῷ
1139 2294 1535 2373 στεφανώματιο
1590 2296 1618 2350 6
1676 2296 1778 2373 γὰρ
1810 2301 1988 2351 Στυπ-

332 2391 450 2454 πῆς
483 2383 632 2439 Λέων
680 2384 893 2457 θανάτῳ
951 2383 999 2454 ἐξ
1059 2383 1355 2458 ἀνθρώπων
1411 2382 1639 2458 ἐγένετο.
1700 2389 1986 2441 Κοινοῢται

333 2473 429 2528 οὖν
464 2473 532 2528 τὰ
562 2479 661 2541 τῆς
702 2474 930 2550 γνώμης
961 2477 1076 2534 τοῖς
1107 2471 1167 2528 ἐκ
1193 2477 1289 2528 τοῦ
1319 2475 1438 2537 καθ’
1485 2474 1625 2546 αἴμά
1672 2475 1724 2528 οἱ
1775 2475 1988 2548 σεμνώ-

343 2581 521 2634 ματος
551 2561 857 2639 προῦχουσι
888 2564 980 2618 καὶ
1009 2568 1127 2626 τοῖς
1155 2563 1215 2618 ἐκ
1260 2571 1360 2634 τῆς
1411 2562 1722 2640 συγκλήτου
1775 2564 1987 2640 βουλῆς

345 2651 436 2703 καὶ
472 2649 584 2706 ὅσοι
621 2658 710 2707 τοῦ
746 2654 994 2728 βήματος
1044 2650 1316 2730 ἔντροφοι,
1366 2653 1457 2708 καὶ
1486 2652 1717 2710 πολλῶν
1765 2654 1840 2716 είς
1886 2656 1986 2724 τήν

352 2737 610 2813 μεγίστην
667 2740 1038 2817 ἀρχιερατείαν
1097 2741 1489 2816 ἐγκρινομένων
1535 2744 1570 2810 ἡ
1619 2747 1824 2797 νικῶσα
1876 2745 1982 2815 ψῆ-

348 2847 454 2901 φος
489 2825 575 2881 καὶ
604 2828 705 2883 τῶν
737 2831 973 2886 ἂπάντων
1008 2829 1204 2906 σχεδὸν
1231 2832 1365 2907 πρὸς
1395 2831 1488 2886 τὸν
1517 2830 1623 2887 ἀπὸ
1650 2838 1753 2902 τῆς
1811 2839 1982 2906 μονῆς

339 2924 450 2986 τῆς
493 2916 695 2986 Ὀξείας
736 2919 882 2992 ῥέπει
929 2922 1175 2997 μοναχὸν
1227 2920 1484 2998 Μιχαήλ⁹
1531 2922 1689 2985 οὗτος
1739 2923 1844 3001 γὰρ
1891 2921 1982 2978 καὶ

333 3007 511 3080 ἀρετῆ
543 3008 882 3082 περιώνυμος
917 3011 984 3080 ἦν
1043 3011 1134 3066 καὶ
1188 3018 1288 3081 τῆς
1344 3013 1614 3085 ἡμετέρας
1659 3010 1712 3067 έν
1775 3011 1979 3086 μεθέξει

323 3093 684 3159 παιδεύσεως,
741 3094 1084 3174 Προϐληθεὶς
1137 3097 1236 3156 οὖα
1285 3101 1312 3155 ὁ
1346 3102 1579 3182 Μιχαὴλ
1626 3102 1978 3179 πατριάρχης

314 3185 374 3248 ἒς
431 3184 604 3256 αὐτῆς
655 3188 745 3242 τὸν
804 3188 1035 3263 χίσαντα
1091 3189 1238 3268 χρίει
1292 3188 1359 3244 τὰ
1415 3190 1533 3265 ἱερά
1587 3188 1974 3268 ἐσαφικόμενον

319 3275 597 3350 μέλαθρα.
640 3272 940 3350 Συμϐαίνει
989 3275 1048 3333 δὲ
1101 3284 1180 3352 τῷ
1238 3277 1455 3354 βασιλεῖ
1508 3279 1599 3336 καὶ
1657 3281 1684 3335 6
1741 3279 1976 3347 ἀδελφὸς

320 3364 613 3437 Ἰσαάκιος,
643 3366 736 3422 καὶ
779 3367 914 3442 ὑπὲρ
963 3365 1118 3437 δόξαν
1168 3371 1268 3437 τὴν
1319 3372 1428 3423 τῶν
1477 3367 1705 3426 πολλῶν
1763 3367 1970 3426 ἀντεδί-

326 3452 490 3512 δοσαν
521 3458 802 3529 ἀλλήλοιν
852 3460 931 3514 τὼ
983 3457 1205 3537 ἀδελφὼ
1259 3461 1358 3529 τὴν
1417 3457 1644 3519 εὔνοιαν.
1700 3461 1799 3519 Ἦν
1861 3460 1976 3518 δὶὸ

319 3546 595 3609 Ἰσαάκιος
628 3545 719 3603 διὰ
765 3549 826 3603 τὸ
884 3548 962 3610 εἷς
1015 3548 1187 3627 χόλον
1251 3549 1596 3622 εὐέμπτωτον
1650 3551 1738 3606 καὶ
1797 3552 1860 3608 τὸ
1918 3551 1977 3608 ἑκ

326 3641 524 3710 μικρᾶς
572 3636 849 3700 πολλάκις
931 3637 1107 3700 αἰτίας
1192 3637 1246 3700 ἐς
1329 3637 1580 3701 κολάσεις
1641 3639 1973 3717 ὑπερόγκους

293 3766 299 3772 .
329 3723 754 3800 διαῤῥιπίζεσθαι
785 3723 1205 3802 δυσξύμϐλητος
1231 3733 1348 3791 τοῖς
1370 3728 1605 3793 πολλοῖς
1630 3732 1764 3804 (41),
1786 3726 1973 3809 ἔτρεφε

330 3811 387 3868 δε
414 3815 590 3871 καὶτὸ
631 3815 896 3894 ψοφοδεὲς
948 3817 1184 3894 ἀγεννές,
1232 3817 1322 3872 καὶ
1367 3822 1535 3874 ταῦτα
1584 3817 1814 3888 τηλίκος
1869 3818 1966 3888 ὢν,

319 3903 411 3957 καὶ
470 3902 726 3980 ἀνδράσιν
791 3905 1075 3978 ἀνόμοιον.
1147 3908 1246 3964 Ἠν
1322 3907 1415 3962 οὗν
1483 3908 1511 3962 6
1578 3905 1968 3982 βασιλεύτατος

314 3993 574 4065 Ἰωάννης
606 3996 634 4050 ὃ
665 3995 866 4051 τούτου
896 3997 1074 4069 πατὴρ
1107 3995 1197 4051 καὶ
1248 3995 1381 4051 κατὰ
1432 3999 1598 4051 τοῦτο
1645 3998 1791 4071 παρά
1835 4003 1966 4054 πᾶσι

2094 2214 2315 2287 templo
2344 2214 2576 2271 Domini
2603 2231 2817 2271 corona
2847 2215 3222 2288 imperatoria
3251 2216 3575 2285 ornaretur,
3597 2213 3741 2271 deli-

2095 2303 2280 2361 berat.
2316 2305 2463 2364 Nam
2495 2305 2608 2362 Leo
2641 2307 2946 2378 Styppiota
3001 2309 3187 2361 morte
3233 2304 3409 2361 rebus
3460 2303 3740 2361 humanis

2094 2398 2399 2467 exemptus
2455 2401 2597 2452 erat.
2656 2395 2904 2452 Proinde
2955 2396 3309 2452 sententiam
3375 2409 3546 2451 suam
3604 2409 3739 2452 cum

2094 2484 2762 2555 cognatis,seuatoribus
2791 2488 2851 2540 et
2881 2484 3286 2542 sacerdotibus
3318 2484 3739 2541 communicat.

2091 2571 2237 2626 Cum
2269 2578 2462 2628 autem
2497 2571 2666 2629 multi
2698 2573 2760 2629 in
2793 2574 3030 2629 maximi
3051 2574 3425 2645 pontificatus
3446 2572 3745 2643 suifragiis

2091 2661 2554 2732 nominarentur,
2587 2677 2788 2718 eorum
2822 2662 3114 2718 sententia
3167 2661 3324 2729 vicii,
3353 2660 3578 2717 caeteris
3621 2661 3739 2718 fere

2089 2750 2347 2807 omnibus
2378 2753 2655 2820 assensis,
2689 2751 2788 2823 qui
2820 2751 3160 2807 Michaelem
3193 2750 3363 2806 Acuti
3395 2750 3735 2806 monasterii

2089 2841 2438 2897 monachum
2470 2841 2878 2914 designabant,
2909 2840 3101 2895 virum
3132 2843 3190 2896 et
3215 2838 3426 2895 virtute
3447 2838 3736 2896 celebrem

2086 2934 2144 2986 et
2165 2930 2382 2987 nostris
2400 2929 2607 2986 litteris
2637 2929 3023 2987 eruditum.Is
3052 2928 3226 3000 igitur
3246 2928 3579 3000 patriarcha
3631 2929 3727 2985 de-

2085 3020 2338 3076 claratus
2366 3036 2502 3076 eum
2532 3037 2566 3076 a
2602 3037 2719 3093 quo
2777 3023 2991 3075 unctus
3048 3022 3174 3075 erat
3223 3016 3478 3074 vicissim
3538 3019 3727 3089 ungit,

2085 3126 2312 3168 sacram
2335 3110 2514 3167 aedem
2534 3111 2888 3182 ingressum.
2910 3110 3322 3181 Imperatorem
3353 3107 3527 3164 etiam
3551 3108 3730 3164 frater

2087 3199 2346 3256 Isaacius
2365 3206 2452 3256 est
2471 3200 2789 3256 comitatus
2814 3216 2828 3268 ;
2856 3200 3056 3271 itaque
3076 3199 3307 3268 fratres,
3331 3201 3544 3270 praeter
3569 3196 3728 3270 vulgi

2085 3289 2658 3360 opinionem,mutua
2683 3289 3087 3345 benevolentia
3117 3304 3176 3344 se
3230 3286 3518 3359 complexi
3564 3292 3725 3344 sunt.

2086 3378 2218 3435 Fuit
2247 3383 2440 3434 autem
2471 3379 2729 3435 [saucius
2759 3378 2832 3435 ob
2863 3377 3229 3434 iracundiam
3260 3382 3319 3433 et
3375 3376 3600 3434 levibus
3657 3377 3732 3434 ds

2085 3468 2282 3525 causis
2312 3469 2382 3523 ad
2417 3468 2635 3524 atrocia
2667 3465 2955 3540 supplicia
2984 3466 3435 3538 pr0pensionem
3484 3465 3728 3523 minime

2084 3561 2290 3629 gratus
2320 3557 2534 3630 populo
2563 3575 2578 3626 ;
2609 3563 2665 3613 et
2695 3572 3032 3630 quanquam
3065 3554 3564 3628 procerus,nescio
3585 3553 3724 3627 quid

2085 3647 2526 3703 formidolosum
2587 3651 2643 3702 et
2698 3648 2819 3702 viro
2886 3647 3196 3718 indignum
3248 3643 3473 3712 habuit,
3532 3647 3600 3698 ut
3655 3644 3726 3699 ad

2081 3734 2346 3805 quemvis
2377 3749 2523 3807 pene
2552 3736 2864 3807 strepitum
2905 3732 3725 3806 expavesceret.Quamobrem

2079 3829 2246 3895 pater
2271 3827 2400 3895 ejus
2418 3824 2698 3889 Joannes,
2732 3825 2810 3880 im
2821 3829 3050 3897 peratcr
3075 3821 3514 3889 solertissimus,
3546 3821 3722 3878 etiam

2077 3929 2143 3970 eo
2185 3913 2420 3970 nomine
2475 3914 2549 3969 ab
2615 3913 2890 3970 omnibus
2949 3911 3370 3984 celebrabatur,
3427 3910 3584 3983 quod
3639 3910 3724 3967 illi

2076 4001 2205 4058 Man
2215 4002 2400 4058 uelem
2429 4001 2797 4074 praetulisset.

318 4085 656 4157 μακαριστὸς
709 4086 801 4140 καὶ
859 4091 959 4153 τῆς
1008 4082 1268 4158 ἀοιδίμου
1317 4083 1526 4155 λήξεως
1573 4086 1661 4141 καὶ
1719 4083 1791 4141 δι’
1840 4087 2092 4170 εὐφήμου
2138 4090 2391 4166 κείμενος
2457 4093 2701 4166 μνήμης,
2754 4090 2839 4146 ὅτι
2886 4090 2980 4145 τὸν
3033 4087 3302 4161 Μανουήλ
3351 4089 3430 4154 εἰς
3475 4089 3540 4145 τὸ
3585 4108 3721 4165 κραο

308 4177 424 4227 τείν
460 4173 548 4227 καὶ
585 4173 892 4248 βασιλεύειν
931 4172 1061 4250 ὑπὶρ
1092 4173 1252 4229 αὐτὸν
1282 4172 1585 4230 ὶδικαίωσε.

387 4264 498 4321 Τοῦ
529 4261 588 4319 δὶ
618 4263 842 4321 Μασοὺτ
869 4264 936 4319 τὰ
962 4264 1099 4339 πρὸς
1129 4267 1242 4320 Ἕω
1281 4263 1618 4339 ληϊζομένου
1669 4268 1758 4321 καὶ
1809 4287 1971 4324 κατα-

2150 4275 2240 4329 ·11
2263 4275 2373 4340 Qui
2386 4277 2587 4330 contra
2597 4277 2892 4331 Masutum
2914 4273 3213 4331 Orientem
3227 4272 3647 4340 incursantem,
3664 4277 3723 4330 et

305 4353 610 4428 τρέχοντος
651 4352 842 4424 ἔξεισιν
872 4355 900 4408 6
933 4354 1206 4424 Μανουὴλ
1236 4357 1354 4410 κατ’
1407 4355 1599 4424 αὐτοῦ,
1647 4356 1733 4411 καὶ
1769 4353 1836 4427 δὴ
1869 4377 1968 4436 γε-

308 4444 494 4520 γονὼς
523 4444 660 4500 κατᾶ
685 4445 752 4501 τὰ
804 4442 1124 4522 Μελάγγεια
1177 4444 1305 4508 τοὺς
1358 4444 1530 4502 ἆκεῖσε
1577 4448 1785 4522 Πέρσας
1842 4467 1969 4521 μετ-

311 4533 476 4603 ῆλθε.
537 4535 678 4606 Πρὸς
739 4532 797 4589 δὲ
849 4541 949 4604 τῆς
1005 4538 1114 4590 τῶν
1173 4534 1532 4613 Μελαγγείων
1597 4537 1847 4615 φυλακῆς
1911 4559 1970 4594 τε

307 4623 787 4696 καδᾶνακτίσεως
845 4621 1200 4697 ἐπιμεληθεὶς
1279 4626 1354 4689 εἰς
1409 4629 1509 4695 τήν
1577 4626 1967 4702 βασιλεύουσαν

306 4713 552 4768 ἐπάνεισι
625 4711 820 4781 πόλιν,
892 4712 1037 4786 νόσῳ
1112 4711 1528 4787 προσπαλαίσας
1630 4714 1960 4792 πλευρίτιδι.

307 4801 491 4860 Ἀλλὰ
537 4803 628 4859 καὶ
673 4804 765 4858 τὸν
816 4808 916 4872 τῆς
973 4803 1316 4879 ’Δντιοχείας
1365 4805 1640 4883 πρίγκιπα
1669 4807 1962 4880 Ῥαϊμοῢν-

304 4892 399 4950 δον
433 4891 672 4967 μετιέναι
704 4890 817 4947 δεῖν
867 4891 1098 4961 οἰηθεὶς,
1153 4898 1272 4969 τρῖς
1330 4893 1604 4960 Κιλικίαις
1657 4894 1962 4977 ἐπιφυόμε-

301 5004 396 5038 νον
423 4981 672 5052 πόλεσιν,
704 4979 762 5036 αἰῖ
809 4981 1106 5054 Ῥωμαίοις
1165 4984 1303 5052 ἦσαν
1362 4986 1650 5055 κατήκοοι,
1706 4987 1956 5062 στρατιὰν

297 5071 616 5148 ἐξέπεμψεν,
678 5069 962 5145 ἡγεμόνας
1013 5069 1150 5144 αὐτῇ
1199 5069 1492 5144 ἐπιστήσας
1541 5072 1667 5136 τοὺς
1719 5072 1959 5153 ἀδελφό-

295 5160 498 5225 παιδας
553 5160 1048 5236 Κοντοστεφάνους,
1095 5161 1192 5216 τόν
1256 5181 1318 5216 τε
1382 5163 1638 5233 Ἰωάννην
1705 5164 1795 5219 καὶ
1860 5165 1952 5220 τὸν

293 5249 669 5327 Ἀνδρόνικου.
700 5250 793 5306 καί
825 5270 947 5304 τινα
991 5248 1252 5325 Προσοὺχ
1302 5250 1402 5306 οὐκ
1448 5250 1625 5326 ἄϊδριν
1674 5255 1742 5309 τὰ
1787 5252 1954 5310 πολέ-

297 5364 410 5416 μια·
441 5343 534 5400 καὶ
571 5348 711 5413 νῆας
756 5337 817 5394 δέ
865 5340 1317 5416 προαπεπόμφει
1375 5342 1608 5418 μακρὰς,
1656 5343 1731 5399 ὧν
1789 5346 1951 5422 ἡγεῖ-

2075 4364 2448 4435 populantem
2463 4365 2534 4420 ad
2548 4363 2834 4436 Melangia
2849 4363 3166 4435 profectus,
3197 4363 3406 4420 Persas
3419 4363 3580 4418 illius
3601 4362 3717 4418 loci

2077 4451 2238 4508 ultus
2259 4457 2378 4522 est;
2409 4453 2661 4526 dataque
2677 4469 2853 4524 opera
2883 4457 2945 4508 ut
2972 4451 3259 4523 Melangia
3313 4451 3714 4508 instauraren-

2075 4547 2167 4597 tur
2195 4547 2252 4598 et
2279 4544 2734 4612 custodirentur,
2765 4541 2825 4598 in
2864 4541 3295 4614 imperatricem
3355 4540 3561 4596 urbem
3619 4555 3712 4595 re-

2071 4631 2543 4698 vertitur,lateris
2569 4633 2768 4689 morbo
2799 4631 3160 4688 conﬂictans.
3184 4630 3295 4686 Sed
3317 4633 3374 4685 et
3391 4627 3712 4685 Antiochiae

2073 4719 2394 4790 principem
2421 4721 2816 4778 Raimundum
2847 4720 3245 4778 ulciscendum
3271 4723 3430 4775 ratus
3447 4719 3546 4790 qui
3575 4716 3710 4773 Cili-

2068 4809 2170 4865 cies
2199 4811 2372 4865 urbes
2394 4810 2667 4866 Romane
2689 4811 2929 4867 ditionis
2957 4811 3218 4881 vexabat,
3250 4807 3710 4880 Contostephaui

2068 4902 2306 4970 nepotes
2333 4897 2616 4956 Joannem
2675 4903 2733 4956 et
2786 4900 3210 4965 Andronicum,
3241 4905 3297 4955 et
3335 4896 3706 4954 Prusuchum

2066 4988 2382 5056 quemdam
2410 4987 2493 5043 rei
2525 4987 2795 5046 militaris
2824 5005 2940 5045 non
2973 4988 3335 5061 imperitum,
3368 5001 3503 5045 eum
3551 5002 3709 5043 exer-

2064 5078 2183 5133 citu
2212 5077 2819 5148 ablegavit,adjunelis
2843 5077 3033 5150 longis
3060 5077 3327 5146 navibus,
3357 5077 3570 5149 quibus
3613 5081 3714 5132 De-

2064 5166 2304 5222 melrius
2337 5167 2525 5222 Brana
2579 5169 2840 5237 praerat,
2892 5167 3126 5238 oppidis
3177 5172 3240 5222 et
3294 5165 3548 5222 castellis
3578 5181 3705 5236 quis

2059 5257 2423 5312 vexabantur
2452 5255 2731 5326 defensis,
2766 5257 2958 5312 Persis
2988 5258 3179 5312 denuo
3213 5255 3431 5313 bellum
3464 5255 3586 5328 ipse
3617 5255 3706 5309 in-

2061 5346 2211 5401 ferre
2241 5345 2467 5402 statuit.
2501 5346 2626 5434 Οιῇ
2652 5357 2788 5402 cum
2814 5346 3164 5402 'Pithecanas
3212 5345 3571 5402 munitiones
3633 5358 3700 5400 οο

1653 5469 1858 5544 Ἠίοι·.
1892 5473 2134 5545 Wolfii
2164 5484 2369 5548 notae.

351 5618 462 5690 (41)
511 5599 973 5690 Μσξῦξδλητξςε
997 5609 1122 5690 Eoi:
1179 5604 1440 5690 πολλοῖς,
1508 5607 1765 5690 ξείνισας,
1811 5609 1952 5690 φάε,

285 5675 389 5758 ηιξ
437 5675 594 5765 ἑταιρά
637 5675 772 5736 ’ὧν
839 5675 1066 5736 πολλῶν
1133 5679 1390 5754 placasse,
1428 5675 1616 5754 suae
1715 5683 1946 5740 inviam.

2060 5610 2222 5684 Quod
2257 5609 2432 5682 paulo
2464 5611 2702 5684 gravius
2732 5615 2824 5668 est
2853 5630 2869 5682 ;
2901 5611 3009 5668 etsi
3047 5609 3450 5684 morositatem
3502 5606 3702 5664 odium

2059 5682 2427 5760 plerumque,
2458 5682 2525 5741 ut
2552 5683 2765 5743 umbra
2792 5699 3030 5758 corpus,
3057 5682 3345 5752 sequitur.
