4140 6290
413 365 544 429 383

1745 361 2064 422 NICETJE
2103 363 2310 425 CHON
2323 365 2528 428 lAT/E

3715 369 3830 429 384

431 513 648 574 cupere
705 499 1030 564 studerent,
1087 503 1145 551 et
1201 495 1260 550 in
1317 495 1624 550 Thraciam
1685 496 2070 566 impressione

2186 515 2248 550 το
2309 501 2628 572 Δημήτριος
2669 501 2698 554 6
2755 501 2982 574 Βρανᾶς.
3047 497 3276 572 ’Λμὲλει
3331 500 3422 554 καὶ
3487 505 3594 554 τῶν
3653 507 3830 564 κακῶς

434 595 582 651 facta
611 591 780 647 obvia
822 587 1014 645 omnia
1083 587 1504 658 praedarentur,
1565 586 1858 657 praeterita
1905 585 2070 655 Lydia

2185 583 2360 640 ἐκεῖσε
2419 590 2741 662 πασχόντων
2809 587 3083 665 φρουρίων
3147 588 3234 644 καὶ
3303 587 3519 643 πόλεων
3605 587 3827 662 δεούσης

433 685 607 739 urbes
639 679 899 752 Phrygia
931 683 988 732 et
1020 677 1090 732 ad
1125 677 1480 731 Mtrandrum
1513 675 1732 730 ﬂumen
1793 676 1936 731 sita
1968 677 2078 731 im-

431 771 796 829 mtnentibus
829 767 1102 840 periculis
1132 767 1368 837 eripuit,
1401 773 1456 821 et
1487 766 1692 820 Persas
1743 767 2080 835 perterritos

429 861 669 930 fugavit.
703 859 786 913 Ad
821 857 1232 912 Philematium
1267 871 1398 910 cum
1441 855 1648 910 Turcis
1705 871 2078 925 congressus.

427 966 560 1006 cum
596 949 764 1004 hasta
805 947 1042 1002 Persam
1075 949 1388 1015 quemdam
1426 944 1948 1014 prostravisset,ab
1978 961 2075 998 eo-

428 1041 558 1095 dem
585 1037 826 1092 cadente
849 1036 906 1090 in
933 1036 1131 1105 planta
1153 1035 1368 1105 sagitta
1391 1033 1543 1087 ictus
1565 1041 1674 1088 est.
1709 1035 1848 1088 Cum
1883 1037 2074 1088 autem

428 1135 486 1186 et
515 1130 572 1184 in
605 1127 781 1183 rebus
809 1125 1084 1200 gerendis
1119 1125 1216 1180 72
1249 1139 1382 1179 acer
1401 1128 1578 1195 atque
1604 1125 1795 1178 audax
1834 1129 1892 1178 et
1919 1129 2078 1193 patre

425 1219 652 1274 Joanne
707 1215 1040 1272 bellicosior
1091 1213 1364 1268 hostibus
1438 1213 1752 1277 videretur,
1811 1214 2078 1268 recedere

426 1307 616 1364 noluit
643 1326 657 1374 ;
693 1320 886 1376 neque
915 1303 1110 1375 paruit
1140 1303 1212 1356 iis
1239 1302 1340 1373 qui
1371 1301 1690 1356 monebant
1739 1307 1804 1356 ut
1838 1301 2074 1357 tandem

425 1399 670 1454 domum
697 1397 1100 1458 reverteretur,
1129 1408 1200 1447 ne
1215 1395 1402 1446 Persae
1417 1407 1486 1445 ex
1498 1391 1902 1462 desperatione
1915 1391 2076 1445 salu-

423 1487 501 1542 tis
529 1485 936 1557 conspirantes
953 1482 1272 1538 exercitum
1287 1481 1414 1552 ejus
1427 1479 1578 1535 male
1605 1483 1954 1535 tractarent:
1973 1481 2076 1536 sed

427 1581 600 1632 aucta
631 1575 824 1647 potius
857 1571 1152 1628 alacritate
1181 1572 1372 1642 ipsum
1407 1569 1666 1624 Iconium
1701 1569 1888 1641 petiit.
1915 1568 2076 1626 Unde

427 1668 694 1724 Masutus
717 1665 1016 1736 digressus
1036 1661 1267 1718 Taxaris
1297 1667 1482 1718 castra
1515 1659 1730 1732 posuit,
1763 1676 1887 1732 quae
1933 1660 2073 1716 olim

425 1755 660 1814 Colonia
689 1755 1019 1810 vocabatur.
1053 1752 1177 1808 Una
1216 1767 1347 1807 vero
1405 1767 1474 1806 ex
1499 1750 1733 1805 filiabus
1763 1751 1910 1820 ejus,
1945 1766 2076 1820 quas

421 1844 634 1901 Joanni
663 1847 956 1899 Comneno
981 1841 1182 1898 lsaacii
1207 1839 1686 1896 sebastocratoris
1713 1837 1850 1908 illic,
1885 1839 2068 1910 impe-
2101 1863 2146 1926 B

425 1932 634 1990 ratoris
667 1931 940 2004 patrueli,
973 1935 1160 2002 nupta
1190 1945 1318 1984 esse
1347 1927 1659 1994 ferebatur,
1691 1927 1788 1997 qui
1839 1943 1906 1982 ex
1957 1927 2065 1983 levi

423 2023 648 2078 offensa
669 2038 702 2076 a
724 2025 934 2092 patruo
957 2023 1012 2074 et
1035 2021 1384 2089 imperatore
1405 2017 1628 2071 Joanne
1650 2015 1720 2072 ad
1771 2021 2064 2070 Masutum

423 2111 733 2177 defecerat,
767 2124 796 2164 e
827 2108 1122 2162 moenibus
1153 2110 1532 2176 prospectans
1561 2103 1619 2158 in
1667 2103 2064 2158 defensionem

425 2199 604 2272 patris
635 2198 878 2264 sultani,
905 2197 1224 2253 orationem
1245 2196 1402 2250 haud
1435 2194 1692 2266 ineptam
1737 2191 1960 2249 habuit.
1993 2197 2068 2248 At

421 2289 738 2359 imperator
757 2287 859 2341 ubi
881 2287 952 2342 ad
977 2286 1156 2341 Iconii
1171 2284 1388 2340 moenia
1401 2283 1704 2346 successit,
1719 2297 1904 2352 eaque
1915 2297 2069 2337 exer-

417 2379 538 2435 citu
571 2377 974 2444 circumdedit,
1006 2380 1064 2431 et
1085 2375 1384 2445 juventuti
1415 2389 1586 2428 arcus
1609 2377 1812 2426 contra
1851 2388 2064 2442 propu-

417 2467 668 2540 gnacula
697 2466 994 2521 intendere
1017 2464 1326 2530 concessit,
1345 2461 1638 2533 prohibita
1661 2461 2066 2531 sepulcrorum

415 2555 745 2626 violatione,
779 2555 876 2610 vix
905 2554 1042 2609 inde
1073 2553 1364 2610 discessit.
1398 2551 1508 2606 Sed
1543 2551 1678 2622 quia
1707 2549 1768 2604 in
1799 2550 2064 2604 discesu

415 2645 618 2702 hostes
643 2654 928 2716 angustas
959 2643 1190 2698 insidiis
1221 2645 1596 2713 occuparant,
1629 2655 1839 2712 pugna
1893 2655 2066 2710 supe-

413 2735 668 2792 rioribus
697 2737 948 2806 majores
977 2737 1294 2804 eruperunt
1325 2749 1344 2788 :
1374 2731 1589 2803 quibus
1623 2745 1736 2785 non
1769 2729 1896 2784 sine
1951 2729 2064 2783 dis-

415 2825 663 2881 crimine
695 2823 996 2890 confectis,
1029 2824 1090 2878 in
1125 2823 1326 2878 urbem
1387 2819 1815 2892 imperatricem
1877 2819 2064 2874 rediit.

2183 671 2501 752 ἐπικουρίας
2547 679 2952 752 τετυχηκότων,
3004 679 3140 732 κατὰ
3199 681 3416 750 Ηερσῶν
3467 679 3831 754 ἐκστρατεύειν

2181 765 2460 838 προέθετο·
2495 765 2602 838 ἤδη
2636 771 2742 842 γὰρ
2783 770 2934 822 οὗτοι
2983 769 3050 822 τὰ
3097 769 3220 841 περὶ
3273 769 3366 822 τὸν
3419 771 3658 836 Πιθηκᾶν
3711 769 3829 844 ἐρύ-

2187 875 2328 925 ματα
2387 857 2756 930 ὑπαγαγέσθαι
2817 855 3138 918 σπεύδοντες
3194 857 3286 910 καὶ
3337 861 3416 928 τῷ
3473 859 3668 930 θεματι
3721 864 3830 914 τῶν

2181 946 2500 1017 Θρᾳκησίων
2570 942 2942 1019 ἐμϐάλλοντες
3023 948 3088 1002 τὰ
3153 947 3204 1001 ἐν
3273 947 3431 1000 ποσῗν
3524 947 3825 1018 ἐληΐζοντο.

2180 1029 2440 1100 Ὑπερϐὰς
2469 1035 2648 1090 τοίνυν
2707 1035 2903 1091 Λυδίαν
2945 1038 3035 1090 καὶ
3086 1042 3205 1097 ταῖς
3257 1038 3391 1091 κατὰ
3443 1038 3685 1113 Φρυγίαν
3738 1041 3826 1094 καὶ

2181 1119 2492 1197 Μαίανδρον
2535 1127 2779 1198 ποταμὸν
2841 1127 3062 1187 ἐπιστὰς
3115 1125 3363 1186 πόλεσιν.
3409 1128 3572 1190 αὐτάς
3620 1150 3679 1184 τε
3724 1136 3830 1186 τῶν

2181 1211 2580 1284 ἐπηρτημένων
2638 1213 2904 1270 κινδύνων
2949 1214 3235 1286 ἀπήλλαξε
3291 1218 3382 1271 καὶ
3437 1219 3567 1282 τοὺς
3624 1217 3826 1294 Πέρσας

2181 1295 2430 1372 φοϐήσας
2461 1301 2664 1373 ἐδίωξε.
2723 1305 3018 1377 Γενόμενος
3073 1303 3132 1359 δὲ
3186 1306 3322 1360 κατὰ
3375 1307 3437 1360 τὸ
3489 1305 3827 1379 Φιλομίλιον

2179 1390 2396 1445 κάκεῖσε
2459 1397 2574 1454 τοῖς
2639 1395 2906 1469 Τοόρκοις
2971 1395 3316 1468 προσέμιξεν·
3377 1393 3498 1450 ἔνθα
3573 1397 3662 1450 καὶ
3731 1399 3824 1451 τὸν

2177 1483 2275 1533 τοῦ
2304 1477 2474 1541 ποδὸς
2529 1479 2778 1551 ἐτοξεύθη
2835 1485 3032 1558 ταρσὸν
3101 1485 3248 1558 παρὰ
3315 1486 3522 1556 Πέρσου
3591 1487 3673 1558 [Ρ.
3735 1489 3824 1558 37]

2175 1568 2320 1630 τινὸς
2350 1563 2788 1640 καταϐληθέντος
2851 1573 2945 1643 μὲν
2998 1573 3103 1628 ὕπὸ
3157 1571 3424 1648 βασιλέως
3475 1579 3556 1645 τῷ
3613 1572 3825 1648 δόρατι,

2177 1653 2230 1708 ἐν
2291 1652 2348 1709 δὲ
2403 1660 2482 1726 τῷ
2548 1657 2920 1730 ἀνατραπῆναι
2985 1660 3047 1714 τὸ
3109 1657 3270 1734 βέλος
3337 1659 3630 1735 ἐπαφὲντος
3696 1663 3828 1716 κατὰ

2177 1748 2274 1798 τοῦ
2329 1743 2630 1817 πὲλματος.
2686 1748 2850 1816 Δόξας
2901 1745 2956 1803 δὶ
3003 1751 3130 1823 παρ’
3175 1749 3359 1812 αὐτοῖς
3403 1745 3637 1828 φοϐερὸς
3695 1753 3826 1807 εἶναι

2177 1834 2272 1894 τὰς
2307 1834 2522 1908 πράξεις
2571 1836 2660 1888 καὶ
2711 1833 2981 1909 εὕτολμος
3035 1839 3123 1892 καὶ
3175 1843 3273 1892 τοῦ
3321 1841 3524 1912 πατρὸς
3578 1841 3824 1896 Ἰωάννου

2176 1921 2701 1998 φιλοκινδυνότερος,
2735 1924 2843 2000 οὐχ
2873 1927 3060 2000 ᾑρεῖτο
3109 1928 3348 2002 γενέσθαι
3403 1927 3824 2004 παλίνστροφος,

2177 2009 2290 2064 οὐδ’
2321 2009 2562 2075 ἐπείθετό
2621 2015 2674 2066 οἱ
2719 2019 2836 2076 τοῖς
2883 2009 3324 2087 συμϐολυεύουσι
3380 2025 3687 2088 μνησθῆναι
3735 2021 3822 2074 καὶ

2177 2101 2368 2155 νόστου
2435 2102 2587 2170 ποτὶ,
2657 2105 2855 2174 μήπως
2925 2103 3302 2166 ἐπισυστάντες
3363 2107 3414 2159 οἱ
3485 2112 3682 2176 Πέρσαι
3749 2109 3822 2166 ὡς

2176 2187 2284 2259 ἤδη
2319 2190 2440 2264 περὶ
2497 2197 2602 2244 τῶν
2663 2189 2808 2246 ὅλων
2851 2193 3327 2269 ἀπογινώσκοντες
3369 2199 3548 2256 κακῶς
3599 2197 3658 2251 τὸ
3707 2205 3822 2254 κατ’

2177 2277 2336 2334 αὐτὸν
2371 2277 2660 2342 διάθωνται
2719 2282 3047 2355 στράτευμα.
3109 2283 3334 2354 Ἀμέλει
3371 2287 3461 2338 καὶ
3499 2287 3561 2340 τὸ
3611 2289 3814 2362 πρόθυ-

2181 2389 2278 2442 μον
2339 2365 2602 2430 ἔπιτείνας
2661 2369 2713 2430 ἐς
2773 2371 2906 2424 αὐτὸ
2955 2371 3018 2424 τὸ
3081 2371 3304 2426 Ἰκόνιον
3363 2372 3584 2441 ἤλασεν.
3639 2375 3806 2434 Αὐτὸς

2181 2457 2274 2530 μὲν
2335 2455 2424 2510 οὖν
2485 2458 2512 2511 ὁ
2574 2459 2792 2515 Μασοὺτ
2865 2459 3290 2531 μεταναστεόσας
3349 2462 3542 2518 ἐκεῖθεν
3605 2481 3799 2536 παρεν-

2179 2541 2369 2600 έϐαλεν
2429 2545 2502 2607 εἲς
2547 2548 2614 2601 τὰ
2670 2549 2903 2622 Τάξαρα,
2937 2550 2970 2604 ἃ
3018 2549 3157 2603 ἐστιν
3215 2553 3250 2620 ἡ
3314 2551 3484 2606 πάλαι
3539 2549 3802 2626 λεγομὲνη

2179 2634 2477 2690 Κολωνεια·
2535 2641 2644 2692 τῶν
2707 2635 2762 2690 δὲ
2821 2639 3127 2712 θυγατέρων
3189 2639 3354 2693 αὐτοῦ
3412 2641 3507 2712 μία
3559 2645 3662 2694 τῶν
3711 2659 3817 2694 τει-

2179 2730 2296 2800 χῶν
2347 2724 2547 2781 ἃνωθεν
2611 2724 3026 2798 διεκκ·3πτουσα,
3087 2730 3210 2797 ἣτις
3293 2730 3384 2784 καὶ
3455 2729 3818 2801 συνῳκηκέναι

2175 2815 2396 2890 ἐλέγετο
2425 2821 2503 2886 τῷ
2533 2815 2814 2890 ἐξαδελφῳ
2851 2823 2949 2874 τοῦ
2997 2819 3264 2894 βασιλέως
3317 2821 3538 2894 Ἰωάννῃ
3589 2826 3668 2892 τῷ
3715 2823 3821 2878 Κο-

431 2917 641 2988 μνῑινῷ,
699 2911 758 2966 ὅν
821 2914 850 2967 ὁ
905 2907 1354 2984 σεϐαστοκράτωρ
1409 2907 1651 2983 ἐγείνατο
1709 2908 1995 2975 Ἰσαάκιος,
2051 2905 2191 2962 κατᾶ
2247 2903 2304 2959 δὲ
2365 2905 2730 2979 μικρολυπίαν
2789 2912 2885 2962 τοῦ
2952 2909 3098 2963 θείου
3173 2912 3259 2964 καὶ
3315 2909 3582 2983 βασιλέως
3637 2911 3821 2966 Ἰωάν-

417 3025 512 3060 νου
543 3009 646 3058 τοῦ
689 3006 982 3075 Κομνηνοῢ
1041 3000 1282 3075 ἀποδρὰς
1339 3005 1422 3072 τῷ
1471 2997 1697 3056 Maeotia
1743 2996 2076 3072 προσεῤῥῦη,
2132 2992 2265 3070 ὅπερ
2313 3001 2410 3050 τοῦ
2457 2998 2661 3072 πατρὸς
2715 2999 2804 3052 καὶ
2849 2998 3152 3055 ocul-rivos
3204 3002 3426 3064 πιθανὸν
3481 3000 3685 3057 ἐτίθετο
3735 3002 3821 3056 τὸν

416 3091 726 3164 ἀπόλογον.
799 3089 1063 3152 Βασιλεὺς
1121 3088 1178 3144 δὲ
1233 3090 1407 3163 ἀγχοῦ
1463 3093 1570 3142 τῶν
1625 3081 1936 3160 περιϐόλων
1995 3088 2096 3139 τοῦ
2161 3085 2386 3140 Ἰκονίου
2448 3085 2741 3158 γενόμενος
2809 3089 2896 3142 καὶ
2969 3092 3034 3144 τὰ
3097 3089 3258 3166 τείχη
3327 3094 3406 3160 τῷ
3449 3096 3667 3164 στρατῷ
3707 3089 3825 3145 δια-

427 3155 782 3249 ζώσαςξτόεα
837 3199 896 3232 τε
947 3178 1135 3232 τείνειν
1195 3155 1436 3236 ὶπῖητὰς
1495 3155 1743 3244 ἐπάλξεις
1799 3179 1867 3247 τῇ
1933 3171 2158 3242 νεολαίᾳ
2221 3169 2405 3235 ἐνδοὺς
2462 3155 2591 3227 καὶ.
2625 3180 2743 3236 τοῖς
2811 3155 3468 3256 νεκροδόχοιςησνςμαῑσιν
3516 3155 3824 3252 ’ἐνυϐρίζειν

421 3269 498 3338 μὴ
565 3271 890 3340 συγχωρῶν,
948 3263 1120 3324 οὕτως
1181 3264 1384 3318 ἐκεῖθεν
1448 3263 1604 3337 μόκις
1651 3261 1936 3334 ἐξώρμησε
1985 3260 2074 3314 καὶ
2121 3259 2440 3332 παλίμπους
2493 3259 2732 3338 ἒφέρετο.
2790 3265 2876 3319 Ἐν
2930 3263 2986 3320 δὲ
3038 3271 3106 3339 τῇ
3157 3267 3382 3338 ἀπάρσει
3433 3265 3641 3342 λόχους
3695 3269 3825 3323 ὑπο-

411 3353 752 3419 καθισάντων
805 3357 914 3407 τῶν
975 3353 1262 3426 πολεμίων
1317 3353 1408 3406 καὶ
1458 3351 1526 3406 τὰ
1579 3349 1874 3428 ἆμφιλαφη
1935 3351 2121 3428 χωρία
2176 3348 2600 3426 προειληφότων
2663 3355 2884 3424 μείζους
2953 3361 3062 3410 τῶν
3120 3355 3399 3430 προτέρων
3455 3356 3822 3432 ἀνερράγησαν

413 3443 680 3516 πόλεμοι.
717 3442 1060 3518 Ἐναγωνίως
1093 3440 1152 3498 δὲ
1179 3441 1268 3496 καὶ
1297 3441 1506 3496 τούτων
1539 3437 1895 3512 διῳκημένων
1927 3437 1980 3500 ἐς
2007 3440 2104 3506 τὴν
2141 3438 2532 3513 βασιλεύουσαν
2571 3442 2734 3496 πόλιν
2765 3443 3052 3513 ἀνέζευξεν.

488 3533 734 3592 Uxorem
767 3536 932 3590 ducit
961 3535 1371 3600 Alamannam,
1397 3549 1466 3588 ex
1487 3531 1701 3586 illustri
1731 3530 2064 3604 principum

2257 3529 2522 3602 Ἠγάγετο
2576 3527 2632 3585 δὲ
2671 3539 2902 3608 γυναῖκα
2959 3535 2986 3587 6
3037 3533 3295 3608 βασιλεὺς
3345 3532 3503 3597 οὗτος
3559 3535 3609 3607 ἐξ
3659 3534 3824 3592 Ἀλα-

415 3623 637 3682 familia
669 3629 905 3694 natam;
943 3627 1040 3680 '38
1071 3640 1196 3694 quae
1230 3639 1343 3679 non
1379 3627 1497 3678 tam
1533 3623 1778 3677 formam
1811 3621 2070 3692 corporis

415 3713 658 3770 curabat
687 3731 862 3784 quam
891 3713 1070 3768 animi
1127 3711 1646 3784 pulchritudinem.
1699 3713 1899 3782 Itaque
1939 3725 2064 3764 om-

414 3803 588 3858 nibus
618 3803 770 3858 fucis
800 3807 860 3858 et.
885 3803 1159 3860 accititiis
1191 3802 1550 3858 ornamentis
1609 3799 1954 3872 repudiatis,
2007 3802 2070 3852 ut

417 3905 544 3960 quae
574 3891 848 3946 vecordes
875 3890 1254 3946 mulierculas
1275 3887 1826 3960 decerent,naturali
1858 3889 2068 3942 rubore

417 3983 694 4034 contenta
721 3979 1006 4035 virtutum
1041 3981 1404 4036 ornamentis
1433 3979 1714 4049 fulgebat,
1737 3976 2068 4034 constantia

417 4067 772 4136 etgravitate
800 4067 983 4122 animi
1013 4069 1305 4140 gentilitia
1336 4067 1598 4140 praedita.
1631 4067 1754 4130 Quo
1799 4063 1972 4120 ﬁebat
2005 4067 2069 4116 ut

420 4155 758 4224 imperator,
787 4157 896 4212 etsi
935 4157 984 4211 ei
1045 4156 1256 4212 solium
1320 4157 1702 4220 altissimum,
1763 4151 2065 4218 satellites,

421 4243 702 4298 honorem
735 4247 796 4298 et
825 4245 1196 4315 splendorem
1229 4247 1452 4317 regium
1515 4245 1756 4300 minime
1795 4242 2068 4312 negabat,

419 4339 614 4386 tamen
647 4348 854 4404 parum
881 4349 1008 4390 eam
1041 4333 1328 4406 diligeret,
1361 4351 1546 4404 neque
1577 4333 1752 4388 ﬁdem
1809 4329 2068 4400 conjugii

421 4427 696 4488 servaret,
729 4427 792 4478 ut
820 4420 2068 4490 homoadolescens,libidinosus,dissolutaa

419 4515 476 4565 et
504 4509 764 4568 delicatae
794 4513 924 4568 vita:
950 4513 1208 4580 deditus,
1242 4513 1580 4582 ceterisque
1617 4509 1790 4565 rebus
1822 4523 1970 4580 quas
2001 4523 2069 4562 ea

420 4605 556 4655 atas
587 4603 644 4656 et
673 4600 892 4657 amoris
923 4601 1208 4658 illecebraa
1239 4601 1455 4656 ferunt.
1491 4598 1640 4656 Usus
1667 4603 1760 4652 est
1787 4601 1846 4654 et
1876 4595 2068 4667 neptis

421 4703 540 4744 suae
599 4691 1046 4758 consuetudine,
1102 4707 1220 4746 non
1275 4689 1402 4744 sine
1455 4687 1612 4760 gravi
1679 4687 1956 4742 dedecore
2011 4689 2070 4740 et

419 4776 582 4844 labe;
617 4794 736 4849 qua
763 4780 920 4836 fama
949 4781 1098 4848 ejus,
1131 4787 1195 4836 ut
1223 4777 1651 4836 formosissima
1693 4774 1872 4832 facies
1908 4773 2066 4845 turpi

421 4879 601 4934 naevo,
633 4867 956 4924 deformata
985 4879 1092 4926 est.

2181 3624 2384 3692 μανῶν,
2417 3621 2600 3694 γένους
2649 3627 2758 3677 τῶν
2807 3623 2894 3678 ἐπὶ
2953 3621 3115 3695 δόξης
3171 3627 3262 3680 καὶ
3311 3627 3516 3701 θρόνων
3567 3631 3672 3680 τῶν
3727 3627 3824 3700 ἆρ-

2175 3713 2377 3783 χικῶν.
2437 3711 2584 3780 Αὕτη
2649 3712 2829 3784 μέντοι
2891 3713 2951 3767 οὗ
3007 3719 3272 3770 τοσοῦτον
3329 3721 3426 3770 τοῦ
3509 3719 3824 3787 σωματικοῦ

2175 3795 2420 3860 κάλλους
2465 3795 2774 3876 ἇφρόντιζεν
2829 3801 2956 3857 ὅσον
3007 3807 3105 3858 τοῦ
3149 3799 3305 3860 ἔνδον
3360 3805 3606 3878 καὶπερὶ
3640 3807 3826 3880 ψυχὴν

2175 3881 2496 3956 ἔπεμέΛετο.
2556 3887 2762 3944 Οὐκοῦν
2823 3890 3160 3964 ἐξομνυμένη
3221 3893 3288 3948 τὰ
3345 3892 3403 3947 ἐκ
3456 3891 3564 3947 τῶν
3621 3895 3821 3948 κόνεων

2173 3973 2554 4046 ἐπιτρίμματα
2591 3977 2684 4030 καὶ
2729 3978 2858 4040 τοὺς
2907 3985 3015 4034 τῶν
3068 3980 3372 4055 ὀφθαλμῶν
3430 3983 3824 4058 ὑπογραμμεὺς

2173 4059 2264 4114 καὶ
2292 4061 2384 4114 τὸν
2415 4061 2666 4134 πλάστην
2717 4067 2808 4121 τὸν
2853 4069 3091 4123 κάτωθεν
3143 4071 3231 4124 καὶ
3281 4072 3344 4125 τὸ
3401 4071 3652 4145 τεχνικὸν
3697 4069 3825 4126 ἀλλ’

2175 4149 2240 4204 οὐ
2275 4152 2498 4225 φυσικὸν
2552 4149 2794 4226 ἔρεῦθος,
2845 4159 2934 4210 καὶ
2985 4163 3102 4219 ταῖς
3151 4159 3347 4232 ἂφροσι
3395 4164 3504 4214 τῶν
3555 4167 3826 4236 γυναικῶν

2171 4237 2303 4294 αὐτὰ
2360 4239 2776 4316 ἐπιρῥίπτουσα,
2836 4251 2956 4308 ταῖς
3037 4249 3252 4322 ἀρεταῖς
3331 4255 3663 4324 προσανεῖχε
3733 4250 3824 4304 καὶ

2173 4325 2458 4399 ὡρίίζετο.
2525 4328 2661 4403 Εἶχε
2717 4329 2774 4385 5‘s
2827 4334 2890 4386 τὸ
2951 4335 3027 4406 μὴ
3089 4333 3366 4398 ὶπικλινές
3437 4335 3666 4404 ἐθνικὸν,
3735 4339 3824 4392 καὶ

2171 4418 2232 4472 τὸ
2261 4421 2360 4486 τῆς
2430 4422 2654 4494 γνώμης
2717 4421 2973 4494 ἐκέκτητο
3031 4423 3442 4498 δυσμετάθετον.
3496 4430 3650 4483 Ὅθεν
3711 4426 3823 4484 οὐδ’

2173 4507 2200 4560 6
2249 4506 2503 4578 βασιλεὺς
2555 4517 2848 4587 προσεῖχεν
2895 4512 3030 4587 αὐτῇ
3077 4513 3143 4570 τὰ
3193 4514 3401 4584 πολλὰ,
3453 4515 3600 4573 ἀλλὰ
3655 4525 3824 4591 τιμῆς

2177 4595 2272 4668 μὲν
2309 4597 2398 4685 καὶ
2453 4597 2660 4672 θρόνων
2707 4601 2846 4656 πάνυ
2897 4601 3164 4675 λαμπρῶν
3218 4605 3306 4659 καὶ
3357 4603 3687 4685 δορυφορίας
3733 4606 3824 4660 καὶ

2171 4689 2271 4751 τῆς
2323 4681 2527 4754 λοιπῆς
2591 4686 3014 4766 λαμπροφορίας
3077 4681 3519 4768 βασιλικωτατης
3579 4701 3822 4770 μετεῖχε,

2173 4771 2240 4826 τὰ
2271 4770 2318 4826 δ’
2367 4771 2420 4836 ἐς
2471 4775 2659 4847 κοίτην
2705 4776 2964 4850 ἠδίκητο.
3014 4781 3150 4842 Νέος
3204 4785 3306 4857 γὰρ
3357 4779 3430 4836 ὣν
3479 4784 3506 4836 ὁ
3555 4785 3824 4852 Μανουὴλ

2179 4859 2270 4950 καὶ
2296 4861 2560 4950 ἐρωτικὸς
2603 4871 2684 4939 τῷ
2725 4889 2784 4924 τε
2829 4870 3094 4943 ἀνειμένῳ
3147 4869 3252 4945 βίῳ
3295 4873 3386 4926 καὶ
3427 4877 3544 4934 ταῖς
3597 4878 3828 4950 τρυφαῖς

423 4950 838 5022 προσανέκειτο,
891 4955 981 5008 καὶ
1042 4956 1328 5012 συσσιτίων
1385 4956 1476 5012 καὶ
1531 4956 1738 5028 κώμων
1809 4951 2072 5026 ἱξείχετο,
2127 4947 2216 5004 καὶ
2271 4949 2370 5006 ὅσα
2408 4955 2470 5008 τὸ
2527 4957 2804 5028 νεοτήσιον
2859 4955 3020 5022 ἄνθος
3099 4955 3375 5015 ὑπέϐαλλε
3453 4960 3544 5015 καὶ
3623 4947 3824 5034 ἐμόουν

426 5039 478 5093 οἱ
507 5036 794 5112 πάνδημοι
825 5039 1024 5116 ἔρωτες
1055 5041 1424 5120 διεπράττετο.

494 5131 547 5186 3.
579 5130 975 5190 Nihilominus
1005 5140 1202 5190 tamen
1233 5135 1564 5208 reipublicae
1619 5148 1820 5190 curam
1864 5145 2068 5188 susce-
2097 5130 2148 5196 Β

2252 5130 2316 5203 γ’.
2351 5133 2626 5206 Ἐμέλησε
2655 5132 2714 5191 δὲ
2741 5138 2834 5192 καὶ
2881 5141 2989 5194 τῶν
3039 5141 3238 5194 κοινῶν
3283 5143 3363 5210 τῷ
3417 5140 3639 5214 βασιλεῖ
3684 5138 3828 5212 τῷδε

421 5219 528 5290 pit.
565 5218 938 5277 Publicorum
969 5223 1341 5294 vectigalium
1373 5229 1701 5280 curatorem
1730 5227 1788 5280 et
1817 5223 2068 5293 quiesto-

2177 5220 2412 5290 πράξεων.
2461 5224 2582 5286 ,καὶ
2635 5229 2745 5281 τῶν
2803 5227 2898 5300 μὶν
2947 5224 3232 5301 δημοσίων
3281 5228 3548 5307 εἰσφορῶν
3601 5243 3826 5307 φροντι-

423 5325 545 5404 rem
578 5325 922 5404 supremum
976 5311 1260 5404 Joannem
1319 5313 1636 5404 Puaenign,
1670 5316 1736 5368 ut
1783 5319 1840 5368 et
1877 5313 2061 5380 pater,

422 5397 771 5470 designavit,
799 5416 930 5457 cum
963 5401 1121 5473 prius
1153 5402 1342 5458 dromi
1403 5397 1834 5473 protonotarius
1887 5404 2059 5455 esset.

419 5487 705 5545 Joannem
741 5491 834 5545 ’14
877 5491 1446 5562 Hagiotheodoritem
1479 5506 1750 5561 suarum,
1780 5489 2061 5545 constitu-

421 5575 644 5634 tionum
677 5583 1050 5652 sequestrum
1081 5585 1138 5638 et
1194 5579 1534 5637 ministrum
1583 5579 1884 5636 ordinavit.
1921 5579 1973 5634 ls
2005 5578 2062 5632 in

419 5675 731 5741 conspectu
789 5671 1158 5743 imperatoris
1215 5684 1449 5743 semper
1503 5667 1756 5737 astabat,
1817 5674 2066 5745 ejusque

2170 5312 2300 5380 στήν
2331 5313 2422 5367 καὶ
2453 5311 2716 5390 λογιστήν
2771 5318 3029 5393 μέγιστον
3077 5318 3168 5372 τὸν
3221 5315 3282 5372 ἐκ
3325 5317 3578 5389 Ποότζης
3626 5320 3822 5376 Ἰωάν-

2168 5424 2266 5474 νην
2299 5399 2673 5478 προϐἀλλεται
2703 5407 2796 5460 καὶ
2851 5406 3039 5478 αὐτὸς,
3092 5409 3274 5482 ῶσπερ
3325 5407 3353 5462 6
3398 5409 3580 5483 πατὴρ
3629 5409 3822 5483 ἐκείνῳ

2169 5493 2257 5548 καὶ
2293 5493 2571 5569 βασιλεὺς,
2615 5495 2877 5571 πρότερον
2937 5491 3066 5551 ὅντα
3113 5497 3204 5550 καὶ
3253 5500 3350 5551 τοῦ
3401 5494 3610 5572 δρόμου
3659 5517 3822 5573 πρω-

2169 5585 2512 5660 τονοτάριον,
2575 5582 2878 5658 μελεδωνὸν
2935 5582 2994 5642 δὶ
3053 5587 3344 5661 μεσεύοντα
3397 5587 3490 5644 καὶ
3565 5591 3676 5643 τῶν
3736 5587 3822 5644 οἳ·

2170 5673 2332 5728 κείων
2381 5672 2770 5751 ὑποδρηστῆρα
2825 5671 3209 5754 διαταγμάτων
3255 5677 3348 5734 τὸν
3402 5673 3822 5756 ’Δγιοθεοδωρί-
