4140 6290
294 327 417 391 385

1422 331 1526 392 DE
1568 329 1948 395 MANUELE
1990 325 2363 392 COMNENO
2408 326 2557 388 LIB.
2603 326 2655 388 Ι.

3623 330 3756 395 386

305 481 415 530 την
484 462 701 529 τίθησιν
739 459 1023 531 Ἰωάννην.
1074 461 1180 519 Καὶ
1230 462 1296 531 ἦν
1366 465 1395 519 6
1452 465 1546 537 μὶν
1579 469 1658 537 τῷ
1696 466 1979 540 προσώπῳ

2096 465 2369 522 mandata
2397 469 2676 534 tanquam
2732 458 2970 543 oracula
3023 459 3350 533 excipiebat
3392 478 3405 519 :
3453 463 3745 522 ministris

310 552 415 606 τοῦ
447 549 712 627 βασιλέως
744 554 829 621 [Ρ.
876 552 966 624 38]
997 550 1084 605 ἀεὶ
1138 553 1514 627 ὀπτανόμενος
1579 553 1670 609 καὶ
1728 553 1796 609 τά
1849 555 1976 609 τού-

325 661 424 695 του
475 637 785 711 ἐντάλματα
845 640 946 694 ὅσα
1039 641 1130 694 καὶ
1224 640 1481 719 ἐμειάσεις
1541 642 1602 697 ἐκ
1667 642 1981 717 κρείττονος

328 727 515 803 μοίρας
572 723 905 806 δεχόμενος,
969 728 1271 806 ὑπουργοῖς
1330 727 1388 785 δὲ
1446 731 1545 787 οὐκ
1608 731 1820 805 ὀλίγοις
1872 736 1981 787 τῶν

323 818 679 896 γραφομένων
722 819 814 873 καὶ
846 818 1159 894 λεγομένων
1219 820 1493 900 ἐκέχρητο
1525 821 1739 898 λογίοις
1784 821 1981 898 ἀνδράε-

314 926 420 975 σιν,
452 908 671 976 ὃσοιςὴ
717 906 860 977 αὐλὴ
902 903 1170 985 ἐνέϐριθεν
1225 913 1260 979 ἡ
1315 911 1618 985 βασίλειος,
1676 913 1784 987 πρὸ
1842 913 1983 968 πάν-

306 1016 419 1049 των
453 993 611 1068 δὲτῷ
658 1000 1024 1071 Στυππειώτῃ
1084 996 1373 1074 Θεοδώρῳ,
1419 1001 1544 1075 περὶ
1600 1001 1663 1055 οὗ
1724 998 1987 1069 δηλώσο-

311 1106 410 1158 μεν
445 1086 560 1159 (42)
583 1084 638 1139 ἰν
666 1091 783 1146 τοῖς
816 1086 1025 1162 ἐφεξῆς.
1060 1090 1158 1144 Ἦν
1192 1085 1250 1142 δὲ
1310 1089 1338 1143 6
1378 1087 1439 1143 ἐκ
1494 1090 1742 1160 Πούτζης
1790 1090 1978 1147 Ἰωάν-

303 1194 408 1242 νης
442 1172 752 1235 δεινότατος
802 1175 868 1229 τὰ
934 1173 1199 1248 δημόσια,
1257 1177 1592 1256 φορολογίας
1644 1177 1983 1253 παιπάλημα

304 1262 398 1316 καὶ
435 1261 765 1335 ἐπίτριμμα,
825 1262 915 1317 καὶ
971 1264 1081 1318 τῶν
1145 1265 1239 1336 μὲν
1295 1262 1469 1320 ὄντων
1538 1262 1978 1345 δασμοφορημά-

301 1371 420 1405 των
482 1352 798 1420 συζητητὴς
856 1347 1263 1426 ἀκριϐέστατος,
1331 1359 1439 1408 τῶν
1500 1352 1556 1410 δὲ
1636 1355 1737 1411 οὐκ
1803 1351 1977 1410 ὄντων

304 1440 540 1513 εὑρετὴς
598 1439 1011 1515 ἀπαράμιλλος.
1073 1442 1377 1514 Ἐξήσκητο
1432 1441 1493 1499 δὲ
1571 1445 1662 1499 καὶ
1717 1445 1780 1499 τὸ
1845 1445 1981 1513 ἦθος

309 1530 451 1602 ὑπὲρ
507 1526 713 1590 πάντας
774 1526 1136 1601 ἀδυσώπητον
1187 1534 1276 1587 καὶ
1337 1531 1678 1607 ἀμείλικτον·
1734 1532 1981 1588 εὐκοπώ-

301 1637 472 1693 τερον
530 1616 633 1693 γάρ
686 1615 750 1672 ἄν
802 1639 888 1682 τις
969 1617 1167 1692 ἀμειδῆ
1267 1621 1357 1675 καὶ
1427 1620 1726 1696 ἀγέλαστον
1781 1621 1980 1697 πέτραν

302 1705 616 1780 ἔμάλθαεεν
660 1708 695 1777 ἢ
731 1706 943 1763 ἐκεῖνον
1000 1707 1050 1763 ἐν
1107 1714 1225 1771 τοῖς
1283 1704 1622 1780 ἀϐουλήτοις
1679 1709 1975 1773 ὑπέκλινεν,

2088 571 2222 610 vero
2251 569 2453 610 eorum
2487 569 2615 624 qua:
2648 550 2896 608 dicenda
2950 551 3372 624 scribendaque
3430 560 3597 610 erant
3629 571 3747 611 non

2088 645 2294 715 paucis
2317 642 2562 698 eruditis
2593 642 2732 698 viris
2763 640 3348 713 utebatur,qualibus
3373 642 3507 700 aula
3540 645 3748 701 referta

2086 738 2232 800 erat,
2264 732 2566 788 Theodoro
2611 731 2913 803 Styppiota
2967 734 3318 801 praesertim,
3361 732 3431 788 de
3489 749 3607 805 quo
3640 751 3744 791 suo

2088 821 2214 878 loco
2245 821 2530 878 dicemus.
2566 822 2700 877 Erat
2754 820 3011 877 Joannes
3064 820 3330 876 Puzenus
3370 823 3443 877 ad
3473 839 3593 878 rem
3629 840 3742 896 pu-

2089 910 2296 967 blicam
2331 911 2648 982 gerendam
2680 908 3124 976 callidissimus,
3153 910 3529 982 vectigalium
3587 917 3742 969 vete-

2088 1016 2219 1054 rum
2291 1005 2527 1056 exactor
2607 999 2943 1067 acerrimus,
3004 1015 3406 1071 novorumque
3481 1002 3746 1058 inventor

2087 1087 2514 1146 solertissimus
2546 1105 2561 1144 :
2599 1089 2863 1144 moribus
2891 1089 2963 1144 ad
2995 1088 3364 1145 severitatem
3398 1095 3457 1146 et
3489 1092 3743 1164 rigorem

2087 1176 2170 1232 ita
2199 1178 2562 1250 compositis,
2596 1182 2660 1233 ut
2687 1177 3011 1249 asperrima
3039 1192 3215 1249 rupes
3236 1178 3468 1235 facilius
3490 1180 3744 1236 emolliri

2090 1270 2287 1337 posset
2314 1282 2491 1337 quam
2522 1266 2623 1322 ille
2653 1283 2687 1322 a
2716 1267 3007 1323 sententia
3058 1266 3292 1337 deduci,
3324 1271 3382 1323 et
3439 1269 3593 1339 quod
3629 1269 3743 1324 mi-

2088 1355 2335 1411 rabilius
2363 1361 2473 1425 est,
2505 1372 2622 1411 non
2655 1355 2824 1411 modo
2866 1355 3140 1425 lacrymis
3199 1372 3313 1411 non
3376 1358 3737 1430 movebatur,

2087 1443 2339 1516 supplici
2368 1448 2533 1516 gestu
2566 1461 2681 1500 non
2704 1443 3609 1517 ﬂectebatur,argentimachinis
3626 1464 3743 1503 non

2087 1532 2546 1601 concutiebatur,
2579 1533 2702 1589 auri
2737 1532 3053 1605 praestigiis
3086 1550 3203 1590 non
3246 1535 3606 1608 capiebatur,
3640 1536 3743 1593 sed
3785 1526 3790 1531 ’

2087 1626 2146 1677 et
2176 1622 2248 1677 ad
2283 1621 2776 1677 inbumanitatem
2807 1637 2994 1692 usque
3020 1622 3280 1679 odiosam
3338 1641 3372 1679 a
3411 1624 3742 1697 congressi-

2085 1712 2200 1769 bus
2228 1712 2600 1776 abhorrebat,
2629 1728 2817 1782 neque
2864 1712 2981 1767 fere
3038 1713 3216 1784 (quod
3256 1713 3742 1775 molestissimum

299 1798 373 1855 Ὀ
404 1794 465 1851 δὲ
494 1796 694 1851 τούτου
751 1797 1222 1871 θαυμασιώτερον,
1274 1798 1337 1854 οὐ
1399 1799 1560 1872 μόνον
1620 1799 1721 1854 οὐκ
1765 1800 1831 1868 ἦν
1885 1797 1979 1854 δα-

2088 1807 2214 1858 erat
2242 1802 2583 1859 hominibus
2611 1806 2669 1857 et
2697 1816 2844 1872 pene
2902 1801 3284 1899 intolerabile)
3343 1802 3415 1859 iis
3464 1821 3499 1860 a
3528 1805 3742 1876 quibus

305 1886 502 1959 κρύοις
569 1884 854 1959 ἄτεγκτος,
911 1888 1166 1961 σχήμασι
1228 1885 1541 1963 δεητηρίοις
1581 1887 1980 1961 ἀπροσκλινής,

311 1973 578 2050 ἀργυρίου
640 1976 927 2038 ἀτίνακτος
994 1974 1310 2050 ὲλεπόλεσιΔ
1365 1979 1456 2033 καὶ
1522 1978 1755 2058 χρυσίου
1807 1980 1983 2054 ἀγοή.

310 2084 501 2126 τευτος
561 2064 1042 2138 φαρμακεύμασιν,
1103 2063 1231 2121 ἀλλ’
1289 2066 1407 2142 εἶχε
1454 2069 1545 2123 καὶ
1600 2069 1665 2124 τὸ
1696 2064 1978 2123 δυσέντευ-

312 2174 444 2209 κτον
477 2154 552 2214 ὡς
581 2152 964 2229 ἀπάνθρωπον.
1022 2153 1093 2208 Τὸ
1146 2152 1202 2209 δὲ
1241 2159 1358 2217 τοῖς
1413 2156 1538 2211 τότε
1594 2158 1707 2231 (43)
1767 2155 1981 2230 θυμαλ-

311 2244 401 2319 γὲς
445 2243 539 2299 καὶ
606 2239 995 2311 δυσύποιστον,
1039 2240 1154 2298 οὐδ’
1210 2242 1486 2321 ἀπόλογος
1550 2246 1616 2314 ἧν
1669 2248 1796 2321 παρ’
1836 2244 1981 2318 αὐτῷ

308 2334 567 2407 καθαρῶς
611 2330 693 2408 ἐφ’
744 2332 831 2394 οἷς
888 2330 916 2384 ὁ
972 2331 1214 2406 προσιὼν
1242 2334 1578 2407 προετίθετο,
1646 2332 1794 2389 ἀλλά
1849 2332 1979 2412 χαί-

311 2440 423 2493 ρων
452 2419 525 2474 τά
551 2417 786 2475 πλεῖστα
811 2422 884 2492 τῇ
916 2419 1117 2496 ἀφασίᾳ
1166 2419 1389 2500 ἐνιαχοῦ
1443 2423 1535 2477 καὶ
1593 2421 1978 2497 ἀπροσήγορον

311 2507 519 2581 παρῄει
547 2508 635 2562 τὸν
668 2503 1120 2582 παραϐάλλοντα.
1159 2510 1442 2580 Τοσαύτην
1501 2508 1546 2565 δ’
1605 2510 1665 2565 ἐκ
1706 2508 1976 2586 βασιλέως

324 2595 491 2669 ἰσχύν
521 2616 578 2650 τε
612 2597 699 2651 καὶ
729 2595 977 2666 ἐξουσίαν
1006 2599 1398 2672 περιεζώννυτο
1456 2600 1531 2662 ὡς
1589 2599 1621 2653 ἄ
1681 2599 1774 2672 μὶν
1807 2594 1977 2668 ἠϐού-

334 2682 470 2739 λετο
550 2690 653 2739 τῶν
719 2687 1023 2760 βασιλικῶν
1102 2690 1483 2762 θεσπισμάτων
1559 2690 1975 2763 ἀποπέμπεσθαι

331 2774 432 2827 καὶ
493 2769 882 2848 διαρῥηγνύειν,
938 2770 1054 2833 ἔνια
1112 2774 1170 2833 δὲ
1221 2778 1312 2833 καὶ
1368 2784 1486 2841 τοῖς
1536 2775 1826 2851 δημοσίοις
1884 2776 1976 2855 ἑγ-

326 2863 563 2938 γράερειν
614 2861 847 2934 κώδιξιν.
902 2866 1182 2941 Ὑποθήκῃ
1240 2864 1299 2922 δὲ
1361 2871 1457 2923 τοῦ
1532 2865 1721 2941 ἀνδρὸς
1778 2868 1974 2923 τούτου

325 2951 533 3027 χρῆμά
558 2971 609 3006 τι
640 2953 969 3032 κοινῶφελὲς
1000 2956 1090 3010 καὶ
1129 2961 1250 3018 ταῖς
1306 2959 1502 3027 νήσοις
1531 2957 1726 3019 πάσαις
1792 2959 1977 3028 σωτή-

308 3061 439 3116 ριον
467 3042 554 3095 καί
600 3047 718 3104 τοῖς
781 3043 979 3116 πρώην
1037 3043 1319 3119 βασιλεῦσι
1380 3046 1712 3122 συντηρηθὲν
1767 3044 1975 3121 ἀπαρά-

304 3126 479 3186 ϐατον
528 3132 556 3186 6
616 3131 877 3207 βασιλεὺς
935 3134 1187 3204 Ἰωάννης
1252 3135 1580 3211 ἀξυμφόρως
1636 3138 1971 3212 κατήργησε.

2091 1891 2361 1948 adibatur
2390 1891 2906 1961 respondebat,sed
2938 1888 3173 1946 silentio
3204 1889 3512 1963 plerosque
3533 1896 3743 1951 tacitus

2092 1981 2446 2052 praeteribat.
2478 1980 2731 2035 Tantum
2762 1983 2955 2034 autem
2990 1977 3085 2035 τε
3119 1980 3491 2037 auctoritatis
3521 1984 3579 2037 et
3628 1999 3740 2053 po-

2089 2069 2283 2124 tentiae
2314 2068 2581 2135 habebat,
2617 2072 2679 2123 ut
2733 2067 3111 2139 imperatoria
3168 2066 3357 2123 edicta
3406 2085 3531 2139 quis
3571 2069 3745 2128 vellet

2090 2158 2425 2228 repudiaret
2452 2162 2510 2212 et
2537 2155 3109 2227 laceraret,quaedam
3133 2156 3190 2211 in
3218 2156 3477 2226 publicos
3510 2158 3742 2216 codices

2090 2247 2346 2303 referret.
2378 2246 2653 2317 Ejusdem
2687 2244 2914 2301 monitu
2947 2261 3041 2301 res
3097 2245 3420 2302 utilissima
3475 2251 3533 2302 et
3561 2247 3755 2304 omni-.

2088 2334 2198 2392 bus
2231 2336 2441 2392 insulis
2474 2334 2772 2405 salutaris,
2805 2340 2863 2391 et
2892 2350 2926 2389 a
2956 2333 3358 2406 superioribus
3378 2335 3454 2391 im
3465 2337 3744 2408 peratori-

2088 2424 2196 2481 bus
2227 2429 2559 2482 constanter
2580 2424 2904 2490 observata,
2936 2422 3228 2480 inutiliter
3273 2424 3554 2497 abrogata
3610 2427 3740 2484 fuit.

2086 2512 2233 2570 Nam
2266 2513 2571 2585 vectigalia
2600 2512 2836 2568 nautica
2864 2511 3003 2568 olim
3057 2511 3119 2568 in
3178 2512 3426 2569 classem
3487 2517 3742 2583 conferri

2086 2604 2261 2659 solita
2286 2602 2381 2658 hic
2411 2603 2471 2658 in
2502 2602 2712 2657 ﬁscum
2742 2602 3043 2656 referenda
3073 2601 3318 2669 curavit,
3349 2618 3417 2658 ac
3450 2602 3739 2669 triremes,

2084 2708 2213 2763 quae
2241 2706 2311 2745 ex
2339 2691 2523 2746 edicto
2553 2690 2626 2746 ab
2658 2688 2865 2744 insulis
2925 2687 3353 2758 praebebantur,
3419 2706 3564 2757 pene
3607 2706 3742 2748 cum

2084 2780 2231 2852 ipsis
2265 2779 2596 2838 vectoribus
2647 2779 2706 2833 in
2766 2776 2913 2834 mari
2969 2778 3269 2845 demersit,
3330 2795 3465 2834 cum
3522 2780 3741 2837 diceret

2085 2872 2351 2927 triremes
2383 2886 2498 2924 non
2529 2884 2763 2939 semper
2792 2865 3122 2939 reipublicae
3155 2882 3285 2923 esse
3336 2866 3529 2935 utiles,
3570 2886 3738 2926 sum-

2085 2965 2219 3032 ptus
2246 2976 2380 3016 vero
2410 2957 2511 3030 qui
2542 2957 2601 3012 in
2630 2974 2727 3013 eas
2759 2956 2984 3026 fierent,
3012 2960 3069 3012 et
3099 2973 3329 3014 annuos
3378 2961 3437 3012 et
3484 2957 3739 3016 immen-

2084 3066 2201 3106 sos.
2235 3050 2347 3104 Eos
2376 3047 2561 3119 igitur
2616 3046 2676 3103 in
2733 3047 2946 3103 iiscum
3006 3047 3363 3114 referendos,
3396 3048 3741 3105 necessitate

2087 3155 2219 3195 vero
2250 3136 2584 3210 postulante
2613 3151 2681 3192 ex
2732 3135 3105 3206 imperatoris
3163 3134 3458 3191 thesauris
3515 3135 3739 3209 stipen-

299 3222 387 3279 Τὰ
417 3225 525 3297 γὰρ
564 3202 628 3276 ἐκ
675 3226 786 3277 τῶν
816 3202 1161 3279 πλευστικῶν
1230 3202 1366 3297 (44)-
1401 3202 1790 3299 ἐρανιζόμεναη
1815 3202 1974 3303 στρα-

2090 3228 2185 3283 dia
2216 3202 2540 3299 promenda
2590 3240 2739 3280 esse.
2790 3202 2923 3289 duca
2974 3240 3110 3279 cum
3141 3223 3406 3288 dixisset,
3447 3223 3533 3281 vir
3589 3202 3739 3297 opti-

304 3315 495 3380 τειῶν,
556 3306 915 3383 διαδιδόμενα
970 3311 1141 3368 πάλαι
1197 3317 1278 3386 τῷ
1330 3318 1586 3387 ναυτικῷ,
1640 3315 1716 3378 εἷς
1772 3317 1835 3371 τὸ
1893 3338 1982 3372 τα-

320 3403 496 3471 μιεῖον
552 3400 715 3461 οὗτος
763 3401 1173 3474 παρειπάμενος
1255 3400 1656 3478 μετωχέτευσε,
1743 3407 1833 3460 καὶ
1886 3408 1984 3469 τὰς

314 3487 422 3541 ἀπὸ
450 3492 558 3542 τῶν
588 3489 773 3557 νήσων
814 3487 875 3545 ἐκ
924 3488 1096 3546 τύπου
1154 3491 1537 3568 παρεχομένας
1575 3494 1820 3568 τριήρεις
1876 3494 1982 3550 αὐ-

310 3572 574 3651 τάνδρους
651 3581 856 3652 μικροῦ
928 3578 1279 3636 κατεπόντισε
1333 3580 1740 3657 παραφάμενος.
1819 3585 1983 3639 Ὑπο-

317 3666 536 3736 θὲμενος
591 3667 696 3742 γὰρ
759 3668 837 3728 ὡς
868 3668 934 3721 τὸ
1001 3668 1096 3740 μὲν
1142 3673 1251 3725 τῶν
1304 3669 1576 3746 τριηρέων
1632 3679 1830 3747 χρῆμα
1888 3672 1987 3729 οὐκ

324 3751 406 3806 ἀεὶ
442 3758 507 3828 τῇ
534 3754 795 3826 πολιτείᾳ
843 3756 936 3811 καὶ
1002 3762 1086 3829 τῷ
1116 3763 1286 3831 κοινῷ
1325 3758 1658 3830 ἐπιτήδειον,
1678 3759 1747 3817 τὰ
1777 3758 1823 3815 δ’
1854 3761 1989 3836 ὑπὲρ

323 3840 528 3897 τούτων
590 3843 937 3918 ἀναλώματα
989 3846 1093 3901 οὐκ
1148 3845 1421 3922 εὖάγκαλα
1449 3851 1563 3923 (45)
1619 3849 1709 3904 καὶ
1750 3848 1986 3920 ἐπέτεια,

316 3932 407 3987 καὶ
440 3930 548 3988 δεῖν
589 3933 729 3989 αὐτὰ
773 3934 874 4006 μὲν
902 3936 965 3989 τὸ
1023 3941 1273 4010 ταμιεῖον
1323 3936 1759 4013 ἐγκολπίζεσθαι,
1792 3940 1984 4015 χρείας

318 4019 367 4076 δ’
427 4021 789 4096 ἐνισταμένης
853 4025 916 4079 Ἐκ
969 4029 1078 4079 τῶν
1167 4025 1465 4100 βασιλικῶν
1525 4030 1982 4104 θησαυρισμάτων

307 4111 404 4165 τὸν
468 4110 825 4185 ὀψωνιασμὸν
916 4118 996 4186 τῷ
1069 4119 1307 4186 ναυτικῷ
1390 4115 1745 4193 παρέχεσθαι,
1805 4115 1984 4191 ἔδοξεν

311 4200 449 4253 εἶναι
481 4197 697 4274 ἀνδρῶν
732 4203 761 4258 6
797 4200 1080 4277 βέλτιστος
1106 4204 1197 4258 καὶ
1251 4205 1352 4275 τήν
1382 4207 1540 4282 φύσιν
1591 4211 1697 4261 τῶν
1730 4209 1987 4284 πραγμά-

307 4310 423 4345 των
480 4286 821 4364 ἡκριὸωκὼς
881 4292 909 4345 6
948 4299 1382 4349 καταποντιστοῦ
1443 4296 1665 4369 σκέμμα
1754 4296 1988 4372 εἰσενεγ-

306 4381 575 4451 κάμενος.
608 4383 750 4445 Τοῖς
779 4380 887 4455 γὰρ
920 4379 1106 4456 ἁδροῖς
1161 4383 1252 4439 τὸν
1311 4384 1538 4459 βασιλέα
1588 4383 1641 4439 ἐν
1699 4390 1778 4459 τῷ
1816 4391 1987 4443 ταῦτα

308 4468 710 4544 εἰσηγήσασθαι
756 4469 1166 4544 παρακέκρουκε
1224 4469 1602 4545 δαπανήμασι,
1660 4476 1750 4529 καὶ
1828 4476 1982 4541 αὖθις

2091 3332 2225 3372 mus
2253 3322 2311 3371 et
2340 3329 2534 3370 rerum
2566 3311 2956 3386 gerendarum
2990 3310 3387 3383 peritissimus
3426 3316 3515 3368 est
3570 3312 3739 3369 habi-

2089 3408 2206 3474 tus,
2237 3420 2372 3461 cum
2413 3418 2611 3460 revera
2665 3399 3023 3458 sententiam
3083 3400 3491 3458 crudelissimo
3552 3401 3740 3473 pirata

2090 3493 2329 3565 dignam
2369 3492 2633 3549 dixisset.
2694 3490 3113 3562 Imperatorem
3170 3489 3326 3545 enim
3385 3494 3734 3561 sumptuum

2091 3581 2494 3652 magnitudine
2515 3579 2740 3652 decepit
2761 3583 2819 3636 et
2838 3579 3123 3650 parvitate
3160 3576 3556 3649 impensarum
3613 3596 3737 3634 rur-

2090 3688 2191 3727 sus
2220 3670 2578 3726 exhilaravit.
2612 3672 2735 3736 Qua
2765 3668 2886 3725 sive
2925 3666 3250 3723 temeritate
3275 3668 3395 3722 sive
3426 3668 3737 3724 tenacitate

2090 3763 2304 3817 factum
2333 3764 2424 3815 est
2481 3763 2541 3814 ut
2595 3759 2795 3830 pirate:
2849 3755 3218 3828 optatissime
3272 3755 3576 3811 occasione
3637 3757 3736 3813 70

2089 3867 2248 3907 mare
2277 3852 2512 3906 teneant
2568 3853 2625 3904 et
2682 3847 2987 3904 maritimas
3054 3844 3360 3918 provinciae
3413 3843 3737 3903 latrociniis

2088 3945 2386 3998 vexentur.
2417 3940 2579 4005 Quod
2623 3939 2674 3996 si
2731 3941 2957 4011 spicam
3015 3937 3068 3993 ei
3125 3938 3227 4010 qui
3258 3937 3407 3993 sevit
3436 3941 3735 4010 acceptam

2090 4031 2355 4098 ferimus,
2377 4033 2435 4085 et
2462 4045 2594 4086 eum
2622 4043 2855 4101 quoque
2880 4042 3231 4084 accusamus
3262 4026 3366 4098 qui
3416 4042 3534 4083 non
3580 4040 3737 4082 rese-

2088 4122 2234 4191 cuit,
2264 4136 2368 4176 nec
2423 4117 2760 4175 incendium
2819 4118 2871 4172 ei
2927 4116 3211 4173 duntaxat
3268 4116 3598 4189 imputatur
3634 4115 3736 4188 qui

2087 4212 2283 4285 ignem
2307 4209 2636 4281 injecit,sed
2664 4206 2715 4262 ei
2735 4205 2911 4263 etiam
2944 4208 3042 4278 qui
3093 4207 3151 4262 id
3207 4205 3563 4276 restinguere
3602 4221 3736 4263 cum

2092 4308 2288 4372 posset
2317 4298 2589 4363 noluit,et
2609 4296 2796 4368 magis
2817 4295 3446 4368 reprehendimuseum
3462 4296 3564 4369 qui
3579 4294 3736 4369 quod

2090 4389 2307 4447 bonum
2337 4403 2467 4443 esse
2499 4388 2668 4442 norat
2696 4400 2810 4440 non
2844 4383 2997 4446 fecit,
3040 4383 3181 4454 quid
3227 4387 3316 4439 est
3371 4383 3684 4440 dicendum
3708 4381 3736 4437 ?

2087 4477 2342 4535 Joannes
2372 4476 2548 4547 igitur
2613 4474 2753 4529 dum
2810 4472 3036 4544 integra
3089 4471 3428 4527 auctoritate
3488 4488 3590 4543 pro
3633 4487 3737 4527 sua

303 4563 389 4631 τῷ
460 4558 665 4632 μετρίῳ
720 4565 822 4628 τῆς
882 4555 1196 4630 καταϐολῆς
1258 4560 1569 4638 διακὲχυκε.
1627 4563 1726 4618 Καὶ
1777 4567 1868 4619 νῦν
1920 4563 1980 4620 ἐκ

2088 4567 2329 4624 libidine
2349 4564 2611 4621 versabat
2639 4560 2862 4632 omnia,
2890 4559 3230 4618 versabatur
3261 4558 3319 4614 in
3352 4559 3607 4630 publico,
3641 4575 3736 4613 ac-

301 4650 409 4715 τῆς
464 4641 830 4705 κακοϐουλίας
891 4647 1091 4719 ταύτης
1150 4647 1245 4705 εἴτ’
1330 4648 1420 4704 οὖν
1509 4650 1975 4726 σμικροπρεπείας

2088 4662 2324 4714 curatus
2381 4659 2657 4726 quaestor,
2712 4668 2923 4724 parcus
2986 4650 3385 4721 dispensator,
3450 4649 3737 4705 fenerator

305 4735 847 4810 θαλασσοκρατοῦσιν
918 4736 970 4790 οἱ
1024 4739 1296 4813 πειραταὶ,
1373 4739 1464 4794 καὶ
1519 4743 1703 4803 κακῶς
1760 4742 1974 4812 πεπρά-

2088 4750 2260 4816 atque
2289 4746 2520 4799 exactor
2549 4738 2791 4795 acerbus
2825 4755 2838 4794 :
2898 4737 2998 4793 sed
3059 4735 3156 4792 ubi
3217 4734 3537 4806 potentiam
3565 4750 3735 4790 suam

301 4845 432 4899 γασι
462 4831 583 4888 ταῖς
655 4825 942 4901 λῃστρίσιν
997 4826 1052 4880 αἱ
1128 4825 1624 4901 παραθαλαττίδιοι
1681 4830 1970 4904 Ῥωμαίων

2088 4831 2344 4900 infringi,
2401 4827 2803 4885 auctoritatem
2877 4828 3212 4882 decrescere
3297 4822 3738 4897 potentiamque

299 4919 511 4989 χῶραι,
569 4914 663 4972 καὶ
750 4915 828 4976 ὡς
892 4912 955 4969 ἄν
1032 4917 1379 4986 κατεύξαιντο
1455 4918 1509 4973 οἱ
1565 4915 1841 4996 διάφοροι.
1901 4919 1968 4979 Ei.

2088 4923 2457 4994 languescere
2475 4916 2641 4982 vidit,
2674 4916 2830 4988 quod
2862 4912 2966 4971 alii
3017 4930 3253 4987 quoque
3294 4914 3448 4986 apud
3480 4913 3737 4986 impera-

1696 5045 1883 5117 Hier.
1915 5046 2155 5115 Wolﬁi
2186 5052 2391 5114 notae.

378 5186 490 5265 (42)
527 5185 654 5265 ῌῌερὶ
688 5183 755 5239 οὗ
787 5179 1136 5265 δηλῴᾳρμεν.
1168 5183 1300 5259 Περὶ
1324 5257 1335 5265 _
1366 5181 1445 5265 οὗ
1486 5183 1540 5239 ἐν
1598 5191 1714 5265 τοῖς
1761 5181 1967 5265 ἔμπρο.

2088 5190 2248 5265 stiam
2285 5188 2480 5265 Latine
2504 5185 2598 5265 vix
2628 5182 2861 5257 exprimi
2883 5188 3323 5265 ‘potesthneque
3358 5181 3552 5265 debet.

308 5250 421 5311 σθεν
459 5250 724 5329 ἑλέξαὶμεν
760 5250 883 5335 sive
912 5250 1170 5335 λέξομεν,
1214 5250 1517 5335 §criptiira
1568 5258 1719 5315 enim
1758 5250 1965 5333 parum

2091 5333 2100 5335 _
2145 5260 2255 5333 (44)
2287 5261 2444 5335 Mter
2469 5260 2649 5314 codex
2678 5250 2776 5326 ρ’το
2814 5250 3183 5335 ῌπλευστικῶῇν
3227 5250 3409 5335 habet
3436 5250 3739 5335 ⁶προσπλε-

305 5321 761 5406 perspicua-est.
810 5321 1093 5406 Fortassis
1119 5328 1182 5382 τὸ
1213 5321 1524 5406 ἔμπροσθεν
1556 5347 1657 5406 pro
1690 5321 1773 5388 eo‘
1808 5338 1969 5406 ponit

2088 5321 2261 5387 ςνὲωνί
2295 5332 2550 5386 Verbum
2586 5321 2881 5402 στρατειῶν
2940 5329 3271 5406 redundare
3329 5321 3597 5406 arbitror.
3632 5321 3741 5406 Ne-

305 5397 454 5478 ὰμοά
486 5414 625 5461 ³1118
657 5406 912 5478 ηοερέι,
945 5397 1000 5478 id
1031 5407 1138 5469 θεῖ,
1172 5397 1426 5478 θάψιοά
1474 5397 1727 5459 nondum
1764 5397 1961 5476 perve-
2076 5422 2191 5477 que
2221 5405 2373 5460 enim
2413 5397 2781 5478 militare-est
2815 5402 3094 5478 pendere,
3124 5415 3225 5452 sex
3256 5403 3595 5478 extorquere
3630 5397 3737 5446 tri-

299 5466 517 5534 nimus.
560 5470 877 5547 Barbaries
906 5472 1060 5547 enim
1097 5466 1240 5547 n’cn_
1265 5466 1437 5547 modo
1491 5490 1635 5547 nova
1690 5466 1969 5535 vocabula
2081 5466 2310 5539 butum,
2342 5481 2400 5547 et
2430 5466 2844 5547 προσπλέοντας
2886 5474 3236 5547 mercatores
3264 5466 3553 5547 intelligo_.
3661 5532 3701 5547 η

294 5533 513 5621 gignit,
539 5546 655 5606 sed
686 5544 1162 5621 etiemjeterum
1194 5544 1653 5621 signiﬁcationes
1686 5554 1894 5621 mutat.
1961 5533 1966 5535 Ἴ
2148 5549 2258 5620 (45)
2295 5533 2635 5621 Εὐάγδέαλον.
2668 5544 2832 5621 Quod
2850 5544 3023 5621 _ulnis
3066 5539 3234 5621 {acile
3289 5533 3739 5621 comprehendi-

386 5608 664 5697 43)'To?_c_
688 5613 843 5697 τότε,
875 5613 947 5668 iis
976 5616 1071 5697 qui
1095 5625 1222 5697 tun:
1243 5608 1421 5676 Erant.
1456 5615 1616 5675 illius
1639 5619 1837 5697 tutetis
1872 5621 1970 5697 lic-
2078 5608 2177 5676 tur
2204 5608 2259 5678 et
2287 5608 2544 5688 tene'tur,
2577 5623 2634 5672 et
2660 5614 2907 5689 proinde
2933 5629 3046 5670 non
3069 5614 3233 5684 justo
3263 5608 3481 5679 majus.

291 5684 579 5761 minibus.
616 5690 726 5755 Est
758 5684 1152 5764 περισσολογία
1181 5686 1397 5757 Graeca,
1417 5701 1542 5762 qua
1602 5689 1748 5751 citra
1786 5691 1968 5751 mole-
