4140 6290
271 373 392 432 393

1378 369 1478 429 DE
1521 362 1906 427 MANUELE
1952 356 2322 422 CUMNENO
2367 330 2515 423 LIB.
2562 360 2611 422 I.

3593 364 3715 425 394

278 504 502 579 χώρας,
532 500 596 556 ἄν
637 498 878 554 δώσουσι
933 499 1099 570 μόνον
1147 501 1308 575 ’ὀρκια
1362 500 1527 553 πιστὰ
1556 498 1630 559 ὡς
1686 494 1946 571 θεοφιλὴς

2068 495 2252 566 magis
2280 511 2487 550 omnes
2513 510 2682 566 quam
2718 493 2863 549 alios
2894 509 3061 564 aquae
3108 492 3468 563 aspersione.
3510 493 3713 567 Neque

283 593 479 653 αὐτοῖς
532 592 566 657 ἡ
625 586 810 643 δίοδος
863 587 1086 659 ἀληθῶς
1123 590 1211 643 καὶ
1276 589 1351 651 ὡς
1407 585 1657 661 ἀμαχητὶ
1716 585 1946 641 τὰῬωυ

297 681 470 753 μαίων
500 678 620 752 ὅρια
654 673 1084 749 ὑπερϐήσονται.
1131 678 1297 734 Ταῦτ’
1327 675 1420 731 οὖν
1482 676 1555 736 ὡς
1612 674 1756 735 εἰκὸς
1786 693 1949 727 κατα-

299 767 647 838 στησάμενος,
728 767 1023 839 ἀπανταχῆ
1107 762 1429 837 διεκπέμπει
1513 762 1764 839 βασίλεια
1834 760 1947 815 δια-

299 857 538 929 τάγματα
592 861 981 929 προεκκεῖσθαι
1048 854 1113 909 τὰ
1176 855 1395 926 ζωαρκῆ
1449 856 1557 907 τῶν
1621 848 1761 906 ὁδῶν
1830 850 1949 905 καθ’

296 945 352 1006 ἇς
383 946 433 998 οἱ
462 943 515 1013 ἐξ
548 940 780 1017 ἑσπέρας
817 943 1035 1015 στρατοὶ
1089 940 1483 996 διελεύσονται·
1518 940 1608 994 καὶ
1663 943 1743 1011 τῷ
1800 936 1951 1011 λόγῳ

289 1034 350 1088 τὸ
382 1026 547 1108 ἔργον
602 1029 991 1101 ἐπηκολούθει.
1031 1024 1511 1103 ’Υποϐλεπόμενος
1569 1026 1627 1083 δὲ
1683 1029 1771 1081 καὶ
1826 1027 1954 1081 ὑπο-

291 1126 429 1177 νοῶν
468 1122 544 1194 μή
578 1141 696 1181 πως
731 1119 782 1174 ἐν
816 1118 1041 1193 δέρματι
1095 1114 1385 1193 προϐάτων
1417 1114 1659 1178 λυκιδεῖς
1692 1112 1952 1191 ἔρχονται

290 1210 326 1278 ἦ
360 1206 470 1281 ὄνῳ
505 1206 943 1282 ὑποκρύπτονται
1000 1206 1217 1271 λέοντες
1273 1207 1364 1262 ἀπ’
1421 1208 1658 1262 ἐναντίας
1715 1210 1793 1276 τῷ
1851 1227 1950 1279 μυ-

291 1303 433 1370 θικῷ
465 1296 860 1373 διηγήματι,ἤ
909 1298 1007 1366 τὴν
1068 1295 1296 1366 λεοντῆν
1358 1297 1622 1371 ξυνέχωσι
1679 1298 1745 1364 τῇ
1805 1293 1951 1349 αλω-

289 1392 460 1462 πεκῇ,
528 1387 622 1448 τὰς
704 1387 1015 1460 Ῥωμαϊκὰς
1077 1385 1316 1461 ἁθροίζει
1376 1382 1657 1458 δυνάμεις,
1740 1381 1955 1438 συνδια-

288 1476 578 1532 σκέπτεται
618 1479 776 1549 κοινῇ
831 1476 955 1549 περί
1015 1479 1120 1530 τῶν
1175 1479 1395 1546 κοινῶν,
1452 1474 1515 1528 τὸ
1570 1473 1787 1538 πλῆθος
1844 1476 1951 1527 τῶν

288 1563 782 1640 παρελευσομένων
854 1569 1094 1640 στρατῶν
1183 1561 1430 1634 διέξεισι,
1488 1569 1586 1632 τῆς
1660 1559 1836 1616 ’ίππου
1890 1561 1954 1615 τὸ

284 1654 442 1711 πολὺ
519 1652 838 1729 καταλέγει,
888 1653 952 1708 τὸ
1011 1652 1297 1707 ὁπλιτικὸν
1366 1651 1489 1706 ὅσον
1524 1648 1793 1726 διασαφεῖ,
1852 1655 1955 1718 τῆς

286 1743 618 1813 πεζεταίροις
709 1739 904 1814 μοίρας
961 1740 1259 1813 παρίστησι
1337 1740 1400 1793 τὸ
1461 1735 1832 1811 μυρίανδρον,
1889 1736 1952 1790 τὸ

286 1830 624 1907 πάγχαλκον
654 1826 945 1901 περιλαλεῖ
973 1830 1057 1901 [Ρ.
1092 1828 1315 1925 42-].καὶ
1374 1829 1438 1883 τὸ
1490 1828 1706 1925 ιρόνιον,
1748 1826 1811 1925 τὸ
1842 1829 1953 1900 πῦρ
1985 1860 2031 1925 Β

290 1925 403 1976 τῶν
485 1918 754 1990 ὀμμάτων
821 1918 1058 1980 ἃπαντας
1116 1916 1360 1992 βλέπειν,
1416 1918 1506 1970 καὶ
1562 1921 1678 1977 τοῖς
1737 1913 1958 1989 αἵμασιν

294 2006 707 2082 ἐπαγάλλεσθαι
770 2006 845 2068 ὡς
913 2002 1036 2060 οὐδὲ
1092 2006 1409 2080 ῥαντισμοῖς
1467 2001 1676 2060 ὑδάτων
1758 2003 1956 2078 ἓτεροι.

296 2098 373 2156 05
434 2101 605 2152 ταῦτα
662 2093 719 2150 δὲ
771 2095 936 2167 μόνον
991 2098 1060 2167 τῇ
1121 2094 1379 2168 γερουσίᾳ
1455 2091 1809 2168 καταγγέλλει
1867 2094 1958 2147 καὶ

291 2193 413 2249 τοῖς
474 2184 654 2242 τέλεσι
714 2183 805 2238 καὶ
865 2182 1278 2257 στρατεύμασιν,
1338 2180 1466 2236 ἀλλ’
1519 2182 1617 2237 ’ὀσα
1675 2183 1763 2236 καὶ
1822 2183 1849 2237 ὁ
1901 2180 1961 2237 ἐκ

294 2275 559 2336 Σικελίας
624 2273 906 2347 τύραννος,
969 2271 1150 2346 ὣσπερ
1199 2273 1303 2346 θὴρ
1362 2269 1594 2341 ἐνάλιος,
1654 2270 1789 2326 κατὰ
1854 2276 1961 2327 τῶν

293 2361 751 2436 παραθαλαττίων
835 2365 1036 2435 χωρῶν
1122 2357 1527 2432 διαπράττεται,
1610 2359 1710 2427 τὴν
1776 2357 1961 2431 ἅλμην

296 2453 520 2506 τύπτων
559 2456 677 2513 τοῖς
733 2448 1007 2524 ἐρετμοῖς,
1064 2447 1155 2502 καὶ
1214 2453 1332 2509 ταῖς
1415 2448 1753 2520 Ῥωμαϊκαῖς
1812 2446 1962 2522 ἐνορ-

310 2540 609 2612 μιζόμενος
644 2536 1023 2611 κωμοπόλεσι,
1073 2536 1161 2591 καὶ
1204 2537 1397 2611 κείρων
1454 2536 1522 2591 τὰ
1560 2536 1612 2591 ἐν
1643 2537 1771 2591 ποσὶ
1828 2536 1964 2591 κατᾶ

311 2627 535 2695 πολλὴν
580 2632 672 2682 τοῦ
729 2625 1105 2701 ἐπαμύνοντος
1166 2624 1423 2700 ἐρημίαν.
1457 2626 1552 2680 Καὶ
1614 2623 1681 2694 δὴ
1713 2626 1807 2687 τὰς
1868 2626 1962 2697 μὶν

320 2711 680 2789 πυργοϐάρεις
734 2715 1070 2785 ἐπισκευάζει
1126 2722 1226 2783 τῆς
1302 2714 1520 2778 πόλεως
1599 2713 1689 2769 καὶ
1745 2714 1959 2783 τίθησιν

320 2804 546 2875 εὐερκέα
570 2805 664 2873 τὴν
692 2804 820 2873 ὅλην
850 2809 948 2860 τοῦ
1006 2799 1314 2879 περιϐόλου
1375 2806 1725 2878 περίμετρον,
1780 2807 1846 2877 τῇ
1907 2801 1963 2858 δὲ

320 2898 553 2967 στρατιᾷ
630 2899 857 2968 χιτῶνας
913 2892 1260 2973 φολιδωτους
1320 2898 1576 2968 χορηγεῖ,
1635 2898 1849 2954 κοντοῖς
1906 2913 1964 2948 τε

313 2982 635 3052 καθοπλίξει
667 2986 989 3058 χαλκήρεσι,
1039 2984 1128 3037 καὶ
1181 2981 1377 3045 ’ίπποις
1436 2980 1723 3055 δρο;ιικοῖς
1772 2978 1964 3053 διεγεί-

298 3078 487 3147 ρειτὸ
537 3073 807 3150 ςαρόνημα,
864 3072 955 3127 καὶ
1020 3071 1322 3147 χρημάτων
1379 3070 1736 3146 ἐπιρῥωννυσι
1786 3068 1965 3125 διαδό-

290 3181 467 3232 σεσιν,
501 3158 723 3235 ἄνεῦρα
778 3164 888 3214 τῶν
942 3165 1276 3234 πραγμάτων
1335 3159 1567 3234 ἀρίστως
1621 3164 1728 3214 τῶν
1789 3157 1961 3213 πάλαι

286 3272 375 3312 τις
410 3249 792 3323 κατωνόμασε.
826 3247 930 3304 Καὶ
963 3247 1106 3302 οὕτω
1158 3249 1252 3302 σὺν
1318 3252 1435 3320 Θεῷ
1493 3245 1838 3323 συλλήπτορι
1871 3248 1962 3302 καὶ

2058 578 2191 639 vero
2215 585 2332 639 haec
2352 585 2636 639 duntaxat
2657 584 2910 650 senatui,
2942 574 3384 653 magistratibus
3398 588 3456 638 et
3498 585 3718 641 exerci-

2061 675 2213 728 tibus
2244 678 2461 740 narrat,
2488 674 2583 728 sed
2613 671 2756 727 illud
2780 672 2956 727 etiam
2991 672 3282 742 adjungit,
3324 674 3714 743 quemadmo-

2059 763 2200 817 dum
2232 763 2437 818 Siciliaa
2477 768 2761 835 tyrannus
2792 763 2979 818 instar
3032 764 3267 818 marina:
3320 763 3520 818 bellum
3552 780 3713 820 oram

2062 853 2414 908 maritimam
2443 853 2697 921 infestet,
2719 859 2783 907 ut
2812 854 2881 907 ad
2916 853 3172 907 Romana
3205 854 3422 925 Oppida
3461 853 3718 925 appellat

2061 949 2113 995 et
2135 941 2304 995 obvia
2329 957 2574 1011 quaeque
2598 945 2806 1006 vastet,
2847 940 3191 1012 prohibente
3214 942 3464 1000 nemine.
3500 942 3719 998 Deinde

2062 1037 2253 1085 turres
2285 1038 2343 1084 et
2375 1029 2815 1101 propugnacula
2849 1030 3010 1087 urbis
3037 1047 3388 1101 omnemque
3431 1033 3712 1088 mmnium

2063 1118 2347 1174 ambitum
2386 1120 2716 1185 instaurat;
2748 1120 3027 1174 exercitui
3063 1119 3271 1174 loricas
3331 1121 3450 1187 dat,
3486 1122 3717 1177 ferratis

2063 1206 2250 1261 hastis
2275 1206 2493 1261 milites
2517 1207 2899 1278 armat,equis
2926 1208 3222 1263 velocibus
3242 1224 3445 1263 eorum
3486 1209 3715 1265 animos

2063 1297 2292 1361 excitat,
2325 1300 2380 1350 et
2412 1296 2672 1366 pecuniae
2703 1297 3119 1352 distributione
3176 1298 3504 1363 confirmat,
3536 1315 3714 1370 quam

2062 1401 2130 1439 ex
2160 1385 2420 1455 antiquis
2452 1385 2693 1454 quidam
2728 1401 2919 1440 rerum
2970 1403 3175 1442 nervos
3235 1388 3561 1443 rectissime
3610 1404 3717 1459 ap-

2064 1472 2316 1544 pellavit.
2350 1475 2434 1527 Ita
2467 1474 2815 1545 legionibus,
2849 1473 2966 1530 Deo
2996 1479 3056 1530 et
3113 1480 3296 1531 matre
3354 1475 3457 1533 88
3483 1476 3715 1548 Virgine

2064 1562 2307 1617 custode
2340 1561 2500 1615 urbis
2560 1561 2897 1631 adjuvante,
2956 1563 3027 1617 ad
3085 1564 3204 1619 vim
3263 1564 3533 1620 hostilem
3586 1581 3717 1636 pro-

2065 1649 2416 1721 pulsandam
2452 1649 2780 1717 instructis,
2840 1649 2986 1707 alias
3051 1652 3123 1706 ad
3173 1653 3512 1724 praesidium
3551 1653 3716 1710 urbis

2066 1738 2276 1793 retinet
2307 1736 2556 1792 albuein
2583 1738 2875 1793 moenibus
2897 1739 3176 1811 disponit,
3211 1741 3353 1797 alias
3393 1743 3714 1798 exercitum

2065 1827 2524 1882 Alamannorum
2545 1827 2697 1881 haud
2718 1827 2890 1900 longo
2906 1828 3207 1884 intervallo
3222 1831 3503 1903 subsequi
3524 1832 3714 1902 jubet,

2065 1925 2122 1973 et
2152 1936 2249 1975 eos
2281 1935 2544 1974 coercere
2575 1922 2669 1990 qui
2704 1925 2866 1974 extra
2893 1920 3078 1975 aciem
3132 1921 3207 1976 ad
3247 1923 3500 1992 praedam
3536 1928 3590 1977 et
3622 1938 3715 1977 ra-

2067 2009 2234 2081 pinas
2256 2014 2608 2081 evagentur;
2629 2010 2802 2080 idque
2822 2008 3008 2066 facere
3035 2018 3374 2082 pacate,non
3401 2012 3713 2071 hostiliter.

2063 2099 2235 2154 Acin
2288 2098 2586 2152 remotiori
2638 2098 2844 2154 itinere
2900 2099 3046 2155 nihil
3133 2102 3511 2157 memorabile
3567 2102 3717 2159 inter

2067 2196 2383 2259 utrumque
2411 2187 2720 2242 exercitum
2750 2188 2980 2245 accidit.
3040 2188 3113 2245 Ut
3169 2196 3368 2245 autem
3409 2189 3716 2247 Alemanni

2065 2278 2134 2331 ad
2168 2276 2620 2348 Philippopolim
2653 2281 2850 2333 castra
2879 2279 3077 2333 metati
3128 2283 3288 2349 sunt,
3320 2297 3393 2335 ne
3449 2280 3529 2336 ibi
3578 2280 3714 2352 qui-

2066 2366 2189 2420 dem
2211 2364 2520 2420 dissidium
2580 2365 2804 2422 incidit.
2855 2366 3001 2423 Nam
3063 2367 3188 2438 ejus
3228 2369 3538 2439 provincia;
3570 2385 3715 2441 pon-

2066 2454 2223 2520 tifex,
2255 2453 2493 2509 Italicus
2526 2453 2796 2520 Michael,
2826 2454 2914 2510 vir
2961 2455 3243 2527 eloquens
3299 2461 3357 2512 et
3411 2458 3572 2514 omni
3611 2459 3713 2514 do-

2069 2542 2268 2596 ctrinis
2294 2558 2503 2612 genere
2527 2542 2870 2613 perpolitus,
2890 2543 2948 2597 in
2974 2544 3391 2615 congressibus
3413 2545 3494 2601 ita
3519 2546 3715 2602 suavis

2070 2632 2136 2685 ut
2165 2630 2236 2683 ab
2267 2631 2396 2699 ejus
2435 2646 2534 2685 ore
2591 2646 2795 2685 omnes
2853 2631 3192 2701 penderent,
3250 2632 3465 2688 elatum
3524 2648 3717 2704 regem

2071 2720 2374 2773 verborum
2412 2717 2703 2773 illecebris
2734 2723 2791 2772 et
2814 2717 3028 2791 linguae
3060 2718 3389 2786 dulcedine,
3424 2720 3581 2775 aliud
3631 2721 3722 2776 di-

2071 2807 2279 2868 cendo,
2336 2806 2493 2860 aliud
2551 2805 2877 2871 sentiendo,
2965 2823 3031 2862 ac
3120 2808 3308 2863 Protei
3383 2809 3568 2863 instar
3619 2826 3723 2880 pro

2070 2899 2467 2951 Romanorum
2500 2895 2743 2949 utilitate
2776 2911 2836 2950 se
2868 2896 3364 2958 transformando.
3419 2897 3501 2953 ita
3531 2898 3728 2953 devin-

2075 2983 2158 3038 xit
2190 2988 2255 3037 ut
2296 2999 2427 3037 eum
2488 2983 2643 3037 dicto
2701 2984 3024 3039 audientem
3079 2983 3341 3048 haberet,
3396 2986 3467 3041 ad
3523 2985 3726 3058 epulas

2075 3071 2348 3126 invitaret
2377 3076 2433 3126 et
2467 3072 2822 3142 propinaret.
2856 3071 2964 3138 Qui
2988 3071 3224 3143 quidem
3250 3073 3306 3127 in
3332 3075 3459 3144 ejus
3478 3075 3723 3146 gratiam

2075 3161 2480 3216 crudelissime
2514 3161 2802 3215 tractabat
2823 3177 2921 3216 eos
2943 3161 3041 3233 qui
3066 3163 3310 3233 pecunia
3344 3180 3457 3219 non
3511 3179 3722 3221 nume-

2078 3255 2199 3305 rata
2232 3254 2621 3303 commeatum
2660 3249 3004 3305 alicundein
3037 3255 3231 3307 castra
3261 3251 3648 3310 advehebant.

291 3354 363 3420 τῇ
407 3346 709 3423 πολιούχῳ
787 3348 1236 3421 Μητροπαρθένῳ
1314 3346 1387 3409 ὠς
1465 3345 1584 3415 ἐνῆν
1664 3344 2069 3421 δυσμαχώτατα
2108 3347 2328 3418 θέμενος
2399 3346 2467 3401 τὰ
2543 3346 2936 3419 στρατεύματα,
2987 3347 3055 3401 τὰ
3098 3348 3190 3419 μὲν
3233 3348 3309 3410 είς
3346 3342 3526 3423 ἔρυμα
3565 3347 3723 3404 συνέ-

298 3444 524 3510 χειτῆς
562 3434 962 3495 καλλιπόλεως
1016 3435 1105 3489 καὶ
1143 3441 1261 3499 τοῖς
1323 3434 1559 3509 τείχεσιν
1629 3431 1837 3511 ἐφιστᾷ,
1903 3438 2019 3495 τοῖς
2090 3431 2137 3488 δ’
2195 3432 2517 3504 ἐπισκήπτει
2583 3433 2652 3507 τῇ
2719 3437 2944 3510 στρατιᾷ
2994 3436 3328 3509 παρέπεσθαι
3382 3442 3493 3492 τῶν
3544 3438 3722 3495 Ἀλα-

307 3527 515 3593 μανῶν,
579 3523 655 3595 μὴ
720 3520 1108 3593 ἀφισταμένοις
1164 3518 1249 3575 ἐπὶ
1306 3517 1474 3585 πολὺ,
1506 3518 1611 3573 κάκ
1664 3515 1823 3574 τοῦδε
1890 3516 2088 3594 ε”ργειν
2140 3519 2269 3579 τοὺς
2323 3517 2384 3573 ἐκ
2454 3523 2562 3574 τῶν
2640 3518 2968 3592 Ἀλαμανῶν
3016 3517 3069 3581 ἐς
3144 3520 3394 3595 ἀρπαγάς
3442 3524 3722 3597 παρεξιόν-

307 3630 406 3672 τας
445 3611 536 3663 καὶ
578 3608 888 3682 προνομὰς,
923 3608 1207 3680 εἰρηνικῶς
1245 3607 1429 3681 μέντοι
1488 3607 1580 3661 καὶ
1636 3610 1711 3679 μὴ
1779 3606 2123 3680 πολεμικῶς.

2203 3607 2345 3661 Κατὰ
2425 3608 2519 3679 μὲν
2597 3606 2688 3661 οὖν
2763 3610 2861 3677 τήν
2937 3607 3204 3683 ἀπωτέρω
3278 3610 3497 3684 πορείαν
3572 3609 3728 3666 οὐδέν

302 3720 356 3752 τι
402 3699 708 3772 ξυνηνέχθη
752 3696 1128 3774 ἀξιαφήγητον
1165 3696 1374 3769 ἀμφοῖν
1422 3701 1539 3756 τοῖς
1571 3696 1984 3770 στρατεύμασινο
2043 3697 2116 3758 ὡς
2195 3693 2239 3749 δ’
2314 3695 2388 3756 εἰς
2466 3695 2920 3752 Φιλιππούπολιν
2997 3698 3049 3751 οἳ
3121 3695 3424 3770 ’Λλαμανοὶ
3498 3699 3726 3774 παρενέ-

321 3781 515 3857 ϐαλον,
561 3785 688 3841 οὐδὲ
720 3786 859 3840 κατὰ
890 3785 981 3839 τὸν
1012 3785 1183 3841 ἐκεῖσε
1209 3786 1444 3858 σταθμὸν
1481 3786 1530 3845 ἐς
1564 3782 1821 3862 διαφορὰν
1850 3782 2075 3840 ἀπεῖδον
2126 3785 2194 3839 τὰ
2249 3784 2521 3857 τάγματα.
2553 3786 2612 3839 Ὁ
2677 3786 2776 3858 γὰρ
2834 3792 2935 3852 τῆς
2965 3786 3153 3860 χώρας
3183 3785 3470 3861 ἀρχιερεὺς
3530 3788 3619 3857 (ἦν
3680 3785 3727 3842 δ’

314 3873 473 3939 οὗτος
502 3877 530 3930 ὁ
572 3874 847 3936 Ἰταλικὸς
874 3873 1134 3954 Μιχαὴλ,
1168 3876 1195 3930 ὁ
1225 3875 1315 3929 καὶ
1353 3873 1506 3949 λόγῳ
1558 3874 1734 3937 πολὺς
1767 3876 1857 3929 καὶ
1914 3874 2106 3954 σοιξίας
2161 3873 2352 3934 ὁποίας
2414 3870 2559 3927 εἷ’ποι
2600 3894 2683 3934 τις
2727 3872 2977 3946 μέλημα,
3033 3875 3129 3929 κάν
3186 3881 3307 3937 ταῖς
3359 3874 3609 3949 ὁμιλίαις
3662 3877 3728 3932 τὸ

302 3966 439 4034 ἦθος
481 3964 919 4041 ἐπαγωγότατος
953 3964 1042 4019 καὶ
1088 3962 1243 4025 λίθος
1284 3962 1534 4037 ἄντικρυς
1577 3964 1898 4041 Μάγνησσα)
1940 3962 2112 4027 οὖῖως
2173 3962 2480 4038 ὑπηγάγετο
2547 3962 2638 4015 τὸν
2684 3966 2824 4038 ῥῆγα
2860 3968 2977 4023 ταῖς
3040 3967 3148 4017 τῶν
3191 3962 3370 4037 λόγων
3425 3963 3729 4034 ἐκθηλύνας

301 4055 482 4130 ἳυγξι,
516 4056 607 4110 καὶ
640 4060 720 4125 τῷ
765 4053 950 4128 μέλιτι
988 4060 1087 4123 τῆς
1127 4053 1385 4130 γλώττης
1419 4057 1860 4129 κατεγοήτευσεν,
1903 4054 2271 4126 ἀντιστρόφως
2315 4053 2408 4125 μὲν
2438 4052 2524 4113 οἷς
2566 4050 2870 4130 ἐφθέγγετο,
2907 4058 3023 4114 τοῖς
3058 4049 3115 4107 δὲ
3172 4050 3483 4128 Ῥωμαίοις
3511 4054 3730 4129 ἐπωφε-

296 4146 426 4206 λῶς
456 4147 559 4213 τὴν
601 4146 830 4222 γνώμην
875 4140 1222 4218 μεταμείϐων
1252 4145 1343 4199 καὶ
1384 4146 1519 4199 κατὰ
1561 4145 1651 4199 τὸν
1691 4148 1894 4220 Φάριον
1937 4151 2162 4220 Πρωτεα
2228 4142 2569 4219 δραστηρίως
2615 4137 3120 4216 μεταϐαλλέμενος,
3161 4145 3233 4207 ὡς
3293 4143 3352 4200 ἐκ
3405 4150 3513 4201 τῶν
3572 4136 3737 4201 ὢτων⁵

296 4238 616 4307 ἀναρτῆσαι
658 4236 795 4290 κατὰ
818 4235 946 4296 τοὺς
979 4236 1265 4315 ἀμφορέων
1310 4232 1586 4295 διακένους
1623 4235 1715 4289 τὸν
1746 4232 2102 4313 ὑψηλόφρονα
2130 4232 2289 4309 ῥῆγα,
2331 4233 2419 4286 καὶ
2488 4232 2733 4286 σύσσιτον
2773 4228 3221 4306 παραλαμϐάνειν
3252 4234 3341 4289 καὶ
3384 4233 3727 4309 μεταδιδόναι

299 4326 659 4399 προπόσεων·
695 4324 753 4385 ὅς
796 4324 885 4379 καὶ
931 4324 1122 4398 μετῄει
1163 4322 1484 4398 ὠμοτάτως,
1518 4323 1665 4396 αὐτῷ
1734 4324 2124 4398 χαριζόμενος,
2181 4321 2310 4384 τοὺς
2350 4319 2473 4376 ἄνευ
2511 4321 2843 4384 καταθέσεως
2901 4322 3164 4399 ἀργυρίου
3202 4325 3270 4380 τὰ
3325 4329 3446 4380 σῖτα
3504 4328 3724 4390 ὁθενοῦν

294 4414 757 4489 παρεισάγοντας.

372 4504 576 4561 Ε’.²Εν
634 4500 690 4558 δὲ
740 4500 823 4587 τῷ
880 4503 1230 4575 μεθίστασθαι
1288 4499 1485 4557 ἐκεῖθεν
1540 4504 1632 4556 καὶ
1688 4495 1958 4575 προϐῆναι

2148 4501 2219 4558 V.
2259 4502 2403 4557 Cum
2463 4504 2659 4556 autem
2722 4517 2818 4557 rex
2875 4499 3007 4556 inde
3067 4502 3532 4573 progrederetur,
3577 4503 3734 4559 inter

290 4594 391 4647 τὸν
436 4592 580 4668 ῥῆγα
613 4596 730 4653 τοῖς
775 4586 1101 4664 ἔμπροσθεν,
1159 4590 1221 4645 ἐκ
1272 4595 1378 4646 τῶν
1439 4592 1555 4645 κατ’
1598 4589 1761 4665 οὐρὰν
1796 4590 1967 4644 Ἀλα·

300 4685 493 4757 μανῶν
551 4681 641 4736 καὶ
694 4679 986 4751 Ῥωμαίων
1048 4677 1172 4751 δίκη
1239 4680 1331 4753 μὲν
1386 4680 1453 4733 τὰ
1519 4683 1709 4754 πρῶτα
1759 4675 1971 4753 παρῥηο

296 4771 546 4839 σιάζεται
600 4771 675 4831 ὡς
733 4766 898 4833 δῆθεν
956 4773 1137 4830 κακῶς
1194 4768 1517 4843 πασχόντων
1586 4772 1768 4824 τινῶν’
1852 4767 1972 4822 εἶτα

297 4859 493 4933 ἐξωθεῖ
520 4860 728 4930 ταύτην
761 4860 797 4926 ἠ
831 4855 1208 4933 φιλοτάραχος
1238 4862 1347 4911 τῶν
1405 4854 1633 4912 πολλῶν
1704 4854 1968 4925 ἔνστασις,

293 4947 388 5002 καὶ
441 4947 783 5023 τραχύνεται
838 4950 958 5005 ταῖς
1009 4945 1187 5019 βοαῖς.
1246 4943 1480 5005 Ταύταις
1534 4941 1829 5021 ἐφομαρτεῖ
1857 4942 1967 5013 (58)

291 5037 357 5091 τὸ
419 5033 894 5112 παρρησιαστικὸν
944 5032 1034 5087 καὶ
1089 5031 1433 5111 φιλόνεικον.
1502 5028 1750 5100 Ὀπλίζει
1804 5034 1965 5085 τοῦτο

294 5128 394 5193 τάς
456 5133 650 5203 χεῖρας
714 5126 796 5187 εἷς
853 5121 1121 5196 πόλεμον.
1184 5123 1248 5178 Ἠ
1320 5121 1491 5177 Ἐνυὼ
1551 5122 1823 5199 ἐφέπεται,
1875 5120 1966 5174 καὶ

293 5227 395 5288 τῆς
430 5214 761 5275 φυλόπιδος
795 5208 1210 5285 ξυλλαόομένης
1241 5214 1276 5282 ἠ
1316 5212 1470 5287 μάχη
1501 5210 1768 5287 λαμπρῶς
1805 5210 1964 5285 ἐκορ-

298 5308 474 5373 θύετο.
542 5303 841 5373 Φιλαυξὴς
902 5298 957 5356 δὲ
1014 5302 1145 5357 οὖσα
1200 5302 1336 5371 αὕτη
1403 5301 1492 5355 καὶ
1552 5302 1634 5356 ἀεὶ
1690 5305 1796 5356 τῶν
1854 5299 1963 5354 ἅνω

2076 4600 2400 4647 extremum
2462 4609 2672 4664 agmen
2754 4591 3211 4647 Alamannorum
3298 4600 3350 4647 et
3436 4593 3732 4650 Romano-

2077 4697 2204 4736 rum
2237 4679 2340 4735 84
2397 4680 2741 4753 disceptatio
2800 4693 2925 4737 orta
2980 4685 3091 4747 est,
3129 4680 3280 4751 quod
3339 4681 3519 4754 aliqui
3584 4681 3736 4738 male

2078 4774 2482 4825 tractarentur.
2517 4770 2648 4825 Mox
2690 4770 2848 4842 vulgi
2912 4770 3352 4842 importunitate
3400 4773 3620 4829 clamor
3674 4777 3733 4829 et

2078 4858 2202 4912 rixa
2225 4857 2514 4927 sequitur,
2548 4859 2730 4913 donec
2777 4861 2845 4914 ad
2891 4876 3098 4915 manus
3120 4864 3177 4915 et
3214 4861 3282 4916 ad
3305 4879 3470 4917 arma
3491 4872 3729 4918 ventum

2077 4952 2185 5000 est.
2219 4942 2383 4999 Unde
2411 4945 2563 4999 haud
2589 4947 2766 5001 dubie
2813 4953 2977 5004 atrox
3018 4965 3212 5021 pugna
3242 4951 3583 5021 exstitisset,
3617 4951 3735 5009 nisi

2079 5034 2233 5089 idem
2270 5033 2526 5103 pontifex
2557 5037 2893 5104 regemjam
2918 5043 3209 5093 mutatum
3252 5046 3309 5094 et
3356 5039 3573 5097 bellum
3610 5040 3731 5114 spi-

2079 5127 2298 5178 rantem
2333 5122 2760 5177 acinstart'eraa
2813 5127 3154 5182 truculentae
3199 5128 3557 5185 concitatum
3609 5145 3734 5185 ma-

2073 5218 2202 5267 ture
2235 5210 2527 5281 placasset
2558 5227 2623 5266 ac
2658 5222 2863 5283 praeler
2902 5219 3396 5286 exapectationem
3431 5218 3732 5275 cohibuis-

2080 5304 2340 5357 set.Cum
2371 5304 2566 5357 autem
2589 5302 2880 5361 exercitus
2925 5305 2998 5360 ad
3035 5305 3474 5377 Adriauopolun
3526 5320 3737 5363 conve-

1718 5485 1882 5546 Hier.
1918 5483 2133 5547 Wolfii
2162 5489 2355 5575 notae.

357 5650 469 5725 (58)
504 5640 770 5706 Ταύταις
804 5632 1116 5713 ἐφομαρτεῖ.
1150 5634 1253 5693 Hic
1284 5636 1458 5692 verba
1490 5634 1835 5710 scrupulose
1864 5650 1958 5709 per

2068 5633 2138 5709 ,ui
2167 5647 2287 5691 non
2318 5647 2557 5691 necesse
2585 5634 2788 5698 habui.

620 5765 902 5823 ΡΑτιιοι..
947 5756 1056 5826 Gn.
1102 5753 1418 5821 CXXXIX.

3332 5754 3410 5815 13
