4140 6290
482 428 599 490 395

1796 412 2116 474 NlCETzE
2157 411 2594 474 ΟΗΟΝῙΑΤΑΞ

3757 416 3874 478 396

481 565 729 627 nissent,
762 575 860 613 rex
889 572 988 628 per
1018 554 1219 610 urbem
1282 549 1520 606 ulterius
1570 547 1834 620 perrexit.
1869 548 2102 612 Quidan

2234 542 2489 620 ἐφιεμένῃ
2553 549 2752 619 μικροῦ
2804 539 2912 601 δεῖν
2973 543 3243 622 ἐστήριξεν
3281 542 3342 601 ἄν
3373 547 3436 601 τὸ
3473 546 3613 620 κάρη
3673 545 3728 608 ἐς
3781 546 3876 601 ού-

479 663 613 704 vero
644 663 711 704 ex
741 650 868 716 ejus
915 643 1179 713 cognatis
1238 648 1489 708 aegrotus
1549 637 1604 692 in
1667 639 1808 690 urbe
1860 635 2118 704 mansit;

477 755 649 810 quem
687 733 924 790 Romani
959 731 1222 802 quidam,
1255 729 1522 782 homines
1554 726 1828 798 improbi,
1863 742 1960 796 qut
2006 743 2122 779 ma-

477 843 590 884 nus
621 841 733 880 non
767 822 842 878 ad
873 838 1055 884 arma,
1090 821 1187 872 sed
1213 819 1286 873 ad
1303 818 1533 887 rapinas
1555 817 1788 872 edoctae
1808 815 2117 879 habebant,

477 934 595 974 una
625 931 757 969 cum
791 910 1102 967 diversorio
1135 916 1192 964 et
1221 910 1294 963 iis
1323 925 1450 980 quas
1479 909 1636 963 intus
1653 911 2116 961 erantcremant.

476 1006 600 1070 Quo
620 1004 924 1060 Conradus
954 1000 1186 1069 cognito
1205 998 1286 1066 (id
1310 995 1464 1052 enim
1491 996 1610 1066 regi
1639 1011 1849 1050 nomen
1869 993 2013 1065 erat)
2039 992 2120 1046 ul-

475 1095 693 1150 tionem
729 1089 1013 1144 l-‘riderico
1037 1087 1512 1158 nepotimandat.
1546 1085 1675 1150 Qui,
1703 1089 1769 1138 ut
1799 1083 1895 1140 85
1942 1081 2116 1137 homo

476 1189 534 1238 et
559 1187 765 1237 natura
797 1181 952 1234 l'erox
979 1183 1037 1233 et
1059 1187 1185 1231 tum
1247 1176 1333 1230 ira
1379 1179 1657 1232 aestuans.
1694 1171 2112 1226 monasterium

473 1273 531 1328 in
561 1287 676 1342 quo
708 1270 1018 1324 diverterat
1057 1273 1305 1336 aegrotus
1351 1263 1625 1331 incendit,
1660 1261 2114 1332 comprehensos

473 1362 682 1434 capitis
709 1358 1090 1423 damnavit,et
1111 1356 1395 1427 perditam
1439 1353 1746 1424 pecuniam
1793 1349 2112 1422 inquisivit.

473 1451 608 1514 Quae
640 1465 732 1505 res
753 1462 965 1520 pugna
993 1461 1170 1500 causa
1208 1444 1317 1498 fuit
1347 1460 1360 1497 :
1397 1443 1497 1496 sed
1532 1458 1666 1496 cum
1699 1441 1947 1495 aliorum
1985 1443 2110 1493 tum

476 1536 758 1594 Prusuchi
790 1535 986 1590 studio
1016 1549 1126 1604 pax
1158 1533 1307 1586 facta
1335 1537 1443 1586 est.
1471 1530 1522 1584 is
1551 1530 1704 1585 enim
1765 1529 1954 1584 tribus
2003 1527 2112 1582 ﬂu-

473 1629 606 1692 viis,
639 1626 738 1697 qui
787 1639 890 1696 per
954 1629 1185 1694 pontem
1239 1621 1533 1689 lapideum
1593 1622 1918 1683 transeunt,
1967 1633 2113 1687 equo

473 1714 780 1787 superatis,
815 1712 1169 1769 Fridericum
1203 1711 1413 1765 iratum
1469 1713 1753 1774 convenit,
1799 1707 2044 1777 mitigat.
2080 1723 2113 1760 a

471 1804 768 1876 proposito
797 1801 1288 1856 abducit.Rursus
1312 1799 1487 1870 igitur
1545 1802 1741 1867 pacate
1799 1795 2113 1866 tranquille

467 1893 847 1964 expediteque
870 1896 1207 1962 procedunt.
1242 1895 1372 1944 Post
1397 1889 1520 1943 dies
1542 1887 1765 1958 aliquot
1789 1887 1846 1940 in
1879 1887 2111 1940 Chrem-

467 1983 784 2038 bacborum
835 1981 1130 2052 planitiem
1194 1979 1554 2049 perveniunt,
1615 1985 1806 2031 castra
1864 1975 2103 2030 locant:

463 2073 563 2127 sed
597 2069 909 2137 vallum,ut
933 2086 1034 2124 nec
1061 2069 1116 2122 in
1143 2070 1362 2139 reliquo
1415 2074 1534 2121 toto
1580 2068 1808 2128 itinere,
1846 2081 1956 2119 non
2005 2066 2106 2118 ob-

464 2159 975 2226 ducunt,Romana
999 2158 1111 2212 (ide
1133 2164 1189 2210 et
1218 2155 1478 2226 pactione
1506 2156 1651 2210 l‘reti.
1689 2157 1934 2224 Campos
1979 2153 2109 2206 illos

466 2249 675 2303 ﬂuvius
696 2247 874 2303 Melas
897 2264 986 2318 pet
1001 2246 1150 2303 ﬂuit.
1169 2243 1522 2314 nequelatus
1537 2259 1725 2314 neque
1740 2243 2104 2314 proiundus:

465 2338 562 2408 qui
593 2343 791 2393 testate
821 2351 1092 2390 arescens
1132 2335 1190 2388 in
1248 2334 1584 2405 voraginem
1643 2331 1914 2386 limosam
1970 2329 2104 2384 coit.

469 2430 618 2490 Ager
645 2426 800 2481 enim
832 2441 1009 2496 quem
1076 2423 1306 2488 transit,
1366 2439 1478 2476 non
1539 2437 1818 2476 arenosus
1875 2423 1963 2474 est
2007 2417 2108 2474 sed

473 2513 778 2579 fecundus,
811 2511 950 2567 etin
985 2511 1134 2566 altos
1192 2509 1384 2565 sulcos
1440 2513 1634 2564 aratro
1687 2507 2104 2578 proscinditur,

468 2600 570 2656 80
603 2601 793 2656 hieme
821 2616 952 2655 vero
985 2604 1085 2653 aut
1115 2599 1332 2671 rapidis
1364 2598 1655 2652 imbribus
1709 2614 1778 2652 ex
1837 2613 2010 2668 parvo
2045 2599 2110 2652 ﬁt

465 2691 760 2746 maximus
789 2694 846 2744 et
876 2689 1221 2756 vorticosus,
1257 2696 1318 2742 ut
1349 2704 1508 2742 mare
1541 2687 1729 2757 potius
1758 2704 1933 2757 quam
1993 2687 2106 2740 llu-

464 2797 596 2836 men
610 2777 872 2834 videatur
902 2795 916 2846 ;
944 2794 1046 2832 nec
1070 2794 1194 2848 jam
1215 2779 1381 2846 vado,
1406 2777 1504 2831 sed
1531 2776 1778 2832 navibus
1797 2775 2104 2844 trajicitur,

461 2879 514 2924 et
534 2873 830 2924 ventorum
866 2867 1134 2938 procellis
1157 2869 1482 2937 exagitatus
1506 2870 1693 2921 vicina
1713 2882 1848 2920 rura
1895 2868 2104 2931 vastat,

457 2959 710 3014 viatores
743 2969 1016 3022 moratur,
1049 2957 1302 3027 denique
1330 2973 1532 3010 noxam
1552 2957 1866 3026 quamdam
1893 2971 2103 3026 reprae-

457 3050 674 3101 sentat.
707 3046 758 3100 Is
789 3045 970 3116 igitur
1030 3048 1256 3098 torrens
1313 3051 1434 3098 tum
1465 3043 1756 3097 imbribus
1787 3048 1995 3096 auctus
2048 3043 2107 3095 et

458 3144 631 3190 noctu
697 3149 765 3188 ex
823 3134 1139 3203 improviso
1191 3133 1306 3187 late
1399 3132 1550 3187 ultra
1629 3131 1786 3202 ripas
1861 3132 2103 3196 ellusus,

459 3237 574 3276 non
597 3237 766 3276 secus
797 3236 862 3274 ac
894 3221 943 3274 si
973 3219 1098 3274 cccli
1157 3225 1454 3274 cataracta:
1501 3224 1711 3288 apertas
1768 3225 1983 3283 essent,
2034 3234 2101 3273 ex

460 3308 666 3365 castris
722 3308 1176 3362 Alemannorum
1255 3323 1366 3361 non
1427 3307 1600 3361 modo
1659 3323 1842 3369 arma,
1903 3306 2098 3375 phale-

460 3415 555 3453 ras
585 3413 891 3468 equorum,
942 3407 1128 3452 vestes
1183 3399 1239 3450 et
1290 3396 1339 3451 si
1399 3412 1515 3467 qua
1568 3394 1682 3450 alia
1745 3411 1778 3450 a
1817 3396 2102 3466 jumentis

456 3485 841 3556 vehebantur,
874 3485 973 3541 sed
1007 3484 1178 3540 etiam
1239 3501 1440 3556 equos,
1473 3485 1662 3539 mulos
1717 3492 1772 3539 et
1824 3485 1978 3540 viros
2008 3501 2100 3541 ar-

458 3581 647 3632 matos
677 3575 934 3646 abripuit
966 3591 978 3629 :
1015 3576 1414 3646 spectaculum
1471 3589 1612 3628 sane
1671 3573 2002 3629 miserabile
2045 3584 2096 3630 et

452 3664 872 3738 lacrymosum.
906 3663 1136 3719 Cadunt
1165 3657 1290 3718 sine
1322 3663 1495 3728 bello,
1529 3665 1825 3718 caeduntur
1865 3663 2098 3719 nemine

451 3755 726 3810 cedente.
788 3753 910 3808 Non
987 3760 1223 3807 staturae
1296 3753 1630 3822 proceritas,
1694 3769 1808 3808 non
1879 3754 2097 3808 invicta

446 3845 601 3901 bello
631 3846 863 3900 dextera
897 3844 1216 3915 quidquam
1250 3844 1375 3913 apis
1408 3843 1562 3900 tulit.
1613 3843 1862 3900 Pereunt
1910 3848 2095 3900 instar

2132 3263 2182 3330 Ο

2230 635 2405 706 ρανὸν,
2435 631 2809 709 χαμαιὸάμων
2851 635 2981 690 οὗσα
3037 634 3105 690 τά
3157 639 3348 706 πρῶτα
3379 634 3466 690 καὶ
3520 635 3767 710 χθόνιος,
3830 636 3879 692 εἷ’

2229 725 2306 796 μὴ
2368 724 2396 778 ὁ
2445 722 2630 796 ῥηθεὶς
2661 726 2972 804 προφθάσας
3028 722 3315 800 ἄρχιερεὺς
3371 725 3462 778 τὸν
3523 724 3670 802 ρῆγα
3726 727 3874 800 γινό-

2230 833 2388 885 μενον
2417 812 2525 883 ἤδη
2559 813 2963 894 παλίνστροιρον
3027 817 3116 870 καὶ
3174 815 3418 887 πόλεμον
3473 814 3702 870 πνέοντα
3756 822 3874 879 τοῖς

2227 901 2449 956 οἰκείοες
2481 901 2827 978 θελκτηρίοις
2877 903 3144 976 ἐμάλθαξε
3199 903 3288 958 καὶ
3346 906 3568 980 ἠρεμεῖν
3630 904 3874 960 ἀνέπεισε

2223 991 2368 1064 παρὰ
2408 990 2584 1064 δόξαν,
2617 993 2714 1048 ὅσα
2761 993 2847 1047 καὶ
2898 995 3038 1069 θῆρα
3088 993 3396 1069 βασιλικὸν,
3456 995 3502 1065 ᾦ
3561 993 3669 1069 οὐχ
3695 993 3870 1050 ’ἐωλον

2220 1079 2283 1132 τὸ
2313 1079 2562 1154 ἐστίαμα,
2618 1087 2687 1156 τῇ
2754 1081 2956 1154 ἀλκαίᾳ
3014 1083 3447 1154 ὑπονυσσόμενον
3505 1084 3587 1155 [Ρ.
3642 1086 3732 1156 43]
3784 1085 3872 1139 καὶ

2221 1166 2356 1230 πρὸς
2391 1166 2609 1241 ἅλματα
2641 1165 3096 1243 διερεθιζόμενον.
3154 1170 3304 1225 Ἐπεὶ
3363 1167 3421 1224 δὲ
3473 1171 3564 1224 καὶ
3617 1173 3755 1226 κατᾶ
3812 1173 3872 1226 τὸ

2220 1257 2432 1330 εὐερκὲς
2487 1257 2774 1333 Ἀδριανοῦ
2829 1259 3082 1332 πόλισμα
3151 1259 3218 1314 τὰ
3296 1259 3671 1332 στρατεύματα
3729 1261 3873 1330 ξυνε-

2221 1343 2476 1420 λέγησαν,
2511 1349 2539 1403 6
2573 1349 2665 1421 μὲν
2700 1348 2800 1422 ῥῆξ
2859 1346 2946 1402 διὰ
2984 1355 3086 1418 τῆς
3117 1347 3334 1410 πόλεως
3373 1345 3572 1412 ἐλάσας
3607 1357 3708 1418 τῆς
3737 1370 3870 1423 προ-

2219 1439 2477 1511 κειμένης
2511 1435 2716 1512 εἷ’χετο,
2775 1436 3031 1509 νοσηλείᾳ
3089 1435 3145 1492 δέ
3199 1458 3286 1502 τις
3340 1439 3592 1510 σώματος
3653 1444 3760 1494 τῶν
3819 1430 3872 1497 ἐξ

2218 1526 2448 1600 αἳματος
2527 1525 2715 1598 ἐκείνῳ
2818 1528 3121 1601 περιπεσὼν
3197 1527 3334 1582 κατᾶ
3405 1529 3506 1596 τήν
3582 1525 3870 1602 Ἀδριανοῦ

2219 1614 2550 1686 ἐνηυλίζετο.
2609 1617 2903 1690 Ῥωμαίων
2977 1613 3034 1670 δέ
3091 1636 3232 1678 τινες
3291 1615 3560 1690 ἀνάρσιοι,
3619 1617 3709 1672 καὶ
3773 1617 3867 1680 τὰς

2221 1709 2408 1778 χεῖρας
2461 1704 2560 1759 οὐκ
2617 1704 2694 1766 εἷς
2753 1703 3052 1778 ὁπλισμὸν,
3113 1703 3508 1778 λημματισμὸν
3557 1703 3862 1778 δὲμᾶλλον

2219 1789 2622 1870 δεδιδαγμένοι,
2679 1795 2866 1855 νυκτὸς
2925 1791 3236 1866 ἐπιθέμενοι
3293 1797 3362 1866 τῇ
3403 1798 3707 1871 καταγωγῇ
3765 1799 3870 1870 πῦρ

2143 1902 2273 1984 Bt:
2317 1882 2617 1960 ὑφάπτουσι
2674 1883 2762 1937 καὶ
2819 1883 2911 1938 τὸν
2963 1880 3130 1957 ἃνδρα
3186 1888 3303 1944 τοῖς
3360 1882 3540 1938 ἐνοῦσι
3601 1905 3870 1962 συγκατα-

2217 1972 2500 2048 φλέγουσι.
2559 1977 2738 2030 Τοῦτο
2801 1973 2986 2044 μαθὼν
3043 1975 3070 2028 6
3131 1971 3413 2049 Κορῥάδος
3471 1974 3637 2046 (οὕτω
3694 1976 3794 2051 γάρ
3841 1978 3869 2031 ὁ

2217 2061 2314 2136 ρηξ
2347 2061 2684 2134 ὠνομάζετο)
2716 2063 2991 2136 ἐπιτρέπει
3020 2060 3086 2116 τά
3142 2069 3240 2130 τῆς
3300 2061 3516 2134 ἀμύνης
3570 2068 3652 2135 τῷ
3709 2062 3870 2119 ἂδελ-

2215 2149 2358 2228 φιδῷ
2391 2155 2499 2224 (59)
2535 2148 2880 2226 Φρεδερίχῳ.
2940 2152 3000 2209 Ὀ
3041 2149 3097 2206 δέ
3141 2140 3241 2206 ’καὶ
3299 2150 3487 2214 ἄλλως
3535 2150 3609 2206 ὢν
3671 2173 3871 2230 φρονηο

2220 2239 2434 2312 ματίας,
2483 2241 2607 2295 τότε
2665 2237 2722 2294 δέ
2772 2240 2861 2294 καὶ
2917 2243 2996 2311 τῷ
3053 2241 3212 2294 πάθει
3268 2244 3640 2314 νενικημένος,
3673 2241 3870 2298 ἐπανα-

2217 2328 2467 2406 στραιρεῖς
2499 2328 2562 2384 τό
2616 2349 2672 2383 τε
2728 2329 2872 2403 ἱερὸν
2935 2334 3180 2403 σεμνεῖον
3238 2331 3422 2398 τίθησι
3464 2329 3634 2403 πυρὸς
3669 2353 3874 2405 παραν-

2217 2417 2438 2490 άλωμα,
2471 2418 2522 2472 ἐν
2558 2419 2604 2490 ᾧ
2633 2416 2896 2472 κατάλυεν
2951 2419 2979 2472 6
3026 2417 3340 2490 ’Δλαμανὸς
3401 2420 3536 2492 (60).
3592 2420 3681 2474 καὶ
3741 2420 3868 2486 τοὺς

2217 2502 2666 2580 συλλαϐομένους
2695 2512 2794 2562 τοῦ
2860 2503 3020 2582 ἔργου
3077 2505 3367 2576 ὑπεδίκχζε
3399 2509 3630 2580 θανάτῳ,
3686 2507 3868 2581 ἐξέτα-

2217 2618 2298 2652 σιν
2359 2597 2481 2671 περί
2543 2601 2648 2650 τῶν
2711 2594 3087 2650 ἀπολωλότων
3142 2595 3446 2670 χρημάτων
3514 2599 3867 2670 ποιούμενος.

2217 2686 2315 2740 Καὶ
2345 2689 2505 2740 τοῦτο
2569 2684 2756 2758 μάχης
2787 2683 3075 2759 παραίτιον
3103 2683 3327 2761 γίνεται.
3364 2683 3524 2740 Ἀλλ’
3577 2685 3866 2761 ἐπεγέλασε

2213 2774 2306 2830 καὶ
2338 2771 2503 2828 πάλιν
2557 2773 2928 2850 κουροτρόφος
2987 2772 3175 2846 ε²’ρήνη
3236 2793 3340 2840 τις,
3400 2773 3490 2827 καὶ
3524 2772 3700 2828 ἄλλων
3763 2775 3858 2845 μὲν

2215 2863 2274 2917 ἐκ
2303 2868 2408 2917 τῶν
2461 2861 2514 2916 ἐν
2567 2861 2713 2917 τέλει
2773 2862 3062 2934 Ῥωμαίων
3118 2857 3561 2917 κατασϐεσάντων
3616 2863 3702 2916 τὸν
3757 2864 3862 2918 πό-

2217 2949 2411 3024 λεμον,
2443 2952 2681 3024 μάλιστα
2712 2949 2769 3006 δὲ
2797 2955 2894 3005 τοῦ
2955 2950 3246 3026 Προυσοῦχ
3294 2951 3612 3022 ἐξηνυκότος
3641 2953 3702 3007 τὸ
3735 2957 3862 3009 πᾶν.

2215 3041 2392 3102 Οὗτος
2425 3041 2526 3116 γὰρ
2556 3046 2670 3102 τοῖς
2703 3045 2974 3113 ποταμοῖς
3005 3041 3096 3094 τὸν
3121 3037 3292 3095 ’ίππον
3325 3040 3477 3118 ἀφεὶς
3543 3041 3590 3112 ᾧ
3660 3039 3867 3117 ἔποχος

2212 3131 2300 3198 ἦν,
2334 3130 2386 3184 οἳ
2419 3130 2660 3204 σύντρεις
2694 3127 2782 3184 διὰ
2809 3136 2909 3198 τῆς
2970 3128 3140 3184 ἐκεῖσε
3200 3126 3416 3198 λιθίνης
3447 3129 3682 3209 γεφύρας
3717 3127 3861 3186 διαυ-

2217 3217 2564 3288 λωνίζονται,
2621 3219 2696 3280 ὡς
2731 3220 2824 3274 τὸν
2885 3215 3221 3294 Φρεδερίχον
3280 3220 3718 3294 παραγενόμενος
3777 3220 3865 3296 ὀρ-

2216 3305 2388 3384 γίλως
2421 3328 2479 3362 τε
2533 3311 2725 3362 τοῦτον
2784 3304 2979 3381 ἔχοντα
3042 3307 3370 3381 κατεπράϋνε
3427 3308 3516 3361 καὶ
3565 3315 3666 3376 τῆς
3726 3310 3871 3384 γνώ-

2213 3419 2321 3470 μης
2354 3403 2648 3470 μετακινεῖ.
2682 3395 2852 3453 Πάλιν
2930 3395 3022 3451 οὖν
3101 3397 3329 3470 σταθμοί
3402 3418 3462 3452 τε
3535 3399 3667 3466 ἦσαν
3705 3398 3865 3471 εἰρη-

2208 3493 2353 3541 ναῖοι
2394 3487 2482 3540 καὶ
2515 3487 2856 3562 παρασάγγαι
2889 3485 3217 3564 φιλήσυχοι,
3251 3485 3341 3540 καὶ
3371 3487 3406 3554 ὴ
3467 3484 3520 3549 ἐς
3550 3488 3615 3541 τὰ
3669 3489 3864 3562 πρόσω

2210 3572 2390 3637 δίοδος
2421 3570 2758 3634 εὐδιάϐατος.
2805 3575 2941 3648 Εἶχε
2995 3583 3171 3628 τοίνυν
3231 3575 3348 3646 μεθ’
3405 3575 3613 3650 ἡμέρας
3666 3576 3866 3639 αὐτοὺς

2207 3667 2240 3734 ἡ
2301 3669 2408 3720 τῶν
2461 3659 2868 3738 Χοιροῦάκχων
2933 3669 3076 3719 πᾶσα
3149 3661 3463 3732 ἱππήλατος
3549 3664 3864 3740 πηγνύντας

2206 3751 2592 3827 στρατόπεδον,
2629 3754 2691 3807 ού
2745 3753 2852 3824 μὴν
2909 3753 2999 3807 καὶ
3059 3751 3366 3827 βάλλοντας
3425 3753 3662 3828 χάρακα·
3695 3759 3865 3810 τοῦτο

2202 3842 2303 3917 γὰρ
2335 3840 2406 3896 δι’
2436 3842 2580 3897 ὅλων
2609 3842 2675 3910 ἦν
2735 3843 2922 3904 αὐτοῖς
2980 3847 3086 3896 τῶν
3121 3846 3375 3915 σταθμῶν
3433 3844 3682 3906 πισύνοις
3739 3842 3866 3899 οὖσι

447 3935 607 4000 freni,
669 3934 857 3989 instar
917 3933 1211 4006 palearum
1271 3935 1659 4004 dissipantur,
1718 3949 1850 3988 cum
1913 3936 2092 3988 atroci

2213 3937 2319 3993 τοῖς
2375 3931 2518 4003 πιρὰ
2594 3929 2882 4002 Ῥωμαίων
2945 3928 3130 4005 ὅρκοις
3186 3929 3276 3985 καὶ
3326 3935 3445 3992 ταῖς
3531 3927 3862 4004 ξυμϐάσεσι.

447 4022 542 4078 81
573 4027 628 4078 et
661 4023 904 4077 immani
945 4022 1172 4078 ululatu
1204 4042 1218 4090 ;
1247 4023 1430 4093 utqui
1461 4039 1588 4076 eam
1623 4037 1740 4077 rem
1799 4021 2089 4088 viderunt,

445 4110 712 4165 numinis
743 4113 884 4164 iram
918 4116 1107 4165 castra
1135 4110 1588 4164 Alamannorum
1643 4109 1926 4164 invasisse
1973 4126 2092 4164 cre-

447 4199 677 4262 derent,
708 4197 789 4251 ita
837 4200 1033 4252 subita
1093 4197 1472 4253 inundatione
1530 4215 1810 4268 oppressa
1871 4204 1932 4252 ut
1984 4215 2089 4252 nec

446 4286 625 4341 vitam
659 4301 826 4340 suam
860 4287 1008 4341 tueri
1040 4292 1298 4358 possent.
1336 4287 1471 4358 Ejus
1503 4287 1678 4355 igitur
1705 4285 1892 4360 noctis
1924 4302 2084 4341 somo

447 4391 558 4429 nus
589 4375 723 4431 aliis
754 4375 1076 4444 interitum,
1109 4374 1240 4430 aliis
1262 4375 1558 4446 jacturam
1592 4391 1783 4429 rerum
1819 4374 2082 4428 omnium

443 4463 662 4520 attulit.
694 4467 766 4519 At
812 4481 914 4520 rex
965 4481 1030 4520 eo
1088 4480 1227 4520 casu
1281 4470 1714 4530 consternatus,
1757 4463 2085 4534 lerociaque

440 4553 708 4610 nonnihil
742 4556 1009 4623 remissa,
1058 4555 1356 4609 admirans
1416 4551 1685 4607 Romanis
1744 4551 1916 4607 etiam
1966 4553 2081 4608 cle-

2205 4019 2476 4092 Παραρῥεῖ
2503 4015 2558 4073 δὲ
2585 4025 2704 4080 ταῖς
2761 4018 2934 4074 ἐκεῖσε
2986 4017 3200 4074 πεδιάσι
3254 4020 3502 4091 ποταμὸς
3534 4019 3595 4074 οὐ
3645 4019 3868 4086 πλατὺς

2198 4107 2260 4160 τὸ
2313 4106 2548 4182 ῥεῖθρον,
2609 4109 2672 4162 οὐ
2737 4109 2900 4175 βαθὺς
2952 4109 3051 4176 τήν
3109 4106 3426 4181 περαίωσιν,
3490 4107 3679 4170 Μέλας
3727 4111 3870 4165 1:03-

2196 4218 2360 4268 νομα,
2395 4197 2567 4259 Οὗτος
2598 4197 2774 4252 τοίνυν
2805 4198 2990 4271 θέρους
3053 4197 3146 4272 μὶν
3207 4194 3514 4274 λειψυόρῶν
3571 4197 3625 4262 ἐς
3679 4201 3863 4274 χαρά-

2197 4283 2324 4359 δραν
2349 4286 2629 4360 συνάγεται
2658 4286 2960 4362 τεναγώδη,
3008 4288 3093 4343 δτι
3155 4283 3296 4361 μηδὲ
3353 4285 3442 4341 διὰ
3502 4287 3865 4360 ψαμμώδους

2194 4375 2405 4450 πρόεισι
2439 4376 2564 4452 γῆς,
2596 4374 2721 4432 ἀλλ’
2751 4372 3089 4450 ἐριϐώλακος
3121 4377 3330 4446 ἁπάσης
3362 4375 3451 4430 καὶ
3498 4375 3572 4438 εἰς
3629 4378 3858 4452 βαθεῖαν

2194 4464 2530 4539 σχιζομένης
2588 4463 2806 4539 ἀρόταις
2899 4465 3082 4540 βουσὶν
3169 4463 3398 4520 αὕλακω
3469 4485 3752 4540 χειμωνος
3807 4465 3862 4524 δ’

2192 4552 2490 4630 ἐφεστῶτος
2576 4553 2612 4622 ἤ
2685 4551 2958 4630 ῥαγδαίων
3047 4555 3212 4609 ὑετῶν
3294 4556 3729 4632 κατενεχθέντων
3793 4557 3863 4614 ἐκ

439 4649 637 4698 menta
668 4643 880 4698 servire
902 4648 958 4699 et
988 4641 1125 4698 anni
1160 4649 1440 4712 tempora,
1473 4656 1605 4695 cum
1635 4657 1784 4712 opus
1815 4640 2078 4711 sit,\ices

2213 4647 2387 4716 ιικροῦ
2436 4645 2689 4718 μέγιστος
2747 4642 2974 4717 γίνεται,
3023 4643 3114 4697 καὶ
3162 4638 3374 4716 προϐὰς
3431 4641 3485 4706 ἐς
3547 4642 3861 4718 βαθυδίνην

434 4749 576 4788 suas
608 4737 961 4804 permutare,
993 4733 1128 4786 inde
1159 4730 1452 4786 discessit.
1485 4729 1626 4784 Cum
1669 4733 1864 4784 autem
1899 4748 2076 4802 pr0pe

2217 4753 2249 4786 κ
2294 4735 2536 4807 πονηροῦ
2603 4731 2691 4786 καὶ
2742 4730 3003 4787 λακκαίου
3062 4727 3422 4786 ἀνοιδαίνεται
3478 4731 3695 4806 ὕδατος,
3755 4737 3858 4791 καὶ

436 4824 635 4874 urbem
669 4821 1095 4892 inipcratticem
1155 4821 1429 4884 venisset,
1487 4819 1834 4874 excercitum
1884 4821 2078 4875 statim

2213 4819 2479 4881 ταλάσσαις
2538 4819 2709 4876 θέλων
2767 4821 3197 4892 συνεξετάζεσθαι
3255 4821 3342 4875 καὶ
3404 4821 3654 4892 ποταμὸς
3715 4823 3857 4882 οὐκ-

433 4909 700 4976 trajicere
758 4915 990 4964 coactus
1056 4916 1164 4974 est,
1218 4909 1487 4980 quamvis
1545 4909 1686 4963 dum
1747 4908 1804 4962 in
1867 4908 2075 4975 Penes,

2213 4912 2257 4962 1:’
2315 4909 2652 4984 ἀνεχόμενος
2707 4911 2846 4964 εἶναι
2901 4910 2978 4974 εἰς
3035 4905 3300 4987 φλοῖσϐον
3357 4910 3691 4985 τραχύνεται
3749 4917 3851 4970 καὶ

433 5010 561 5066 quae
593 4996 824 5050 Picridii
869 4997 1216 5068 appellatur,
1249 5005 1440 5052 castra
1497 4999 1756 5062 haberet,
1791 4998 2074 5068 principio

2213 4997 2402 5059 πλωτὸς
2432 4997 2490 5054 ἐκ
2525 5000 2690 5072 βοιτοῦ
2720 4998 2920 5074 γίνεται
2967 5001 3061 5054 καῖ
3112 4996 3414 5074 διεκχεῖται
3471 5000 3548 5063 εἷς
3601 5001 3845 5068 πλάτος.

431 5091 722 5150 retineret,
757 5103 822 5140 ac
857 5104 1030 5155 penes
1061 5104 1124 5140 sc
1153 5104 1298 5154 esse,
1335 5100 1524 5142 utrum
1589 5088 1850 5154 tradit-ere
1903 5087 2074 5140 vellet

2213 5084 2404 5156 \piéht
2460 5087 2550 5140 καὶ
2625 5085 3113 5164 διαρριπιζόμενος
3167 5088 3466 5160 πνεύμασιν
3549 5089 3626 5152 εἷς
3688 5097 3844 5166 κῦμα

435 5175 1383 5245 necne,stupidejactaret.Itaque
1433 5175 1657 5230 nullum
1709 5191 1821 5230 non
1859 5175 2067 5247 navigii

2213 5173 2588 5248 ιετειιιρίζεται,
2671 5177 2954 5241 κάντεῦθεν
3019 5176 3189 5251 ἄχνην
3250 5176 3544 5232 ἀποπτύων
3614 5183 3707 5235 καὶ
3767 5185 3841 5256 τῇ

426 5278 610 5331 genus
630 5263 687 5316 in
721 5267 1184 5334 transportandis
1211 5265 1550 5320 Alemannis
1574 5266 1682 5321 l'uit
1699 5273 2064 5337 occupatum.

2214 5263 2590 5338 είτονιχέρσῳ
2653 5264 2914 5338 ὑϐριστής
2968 5266 3354 5342 προσαράσσων
3413 5267 3614 5331 πόνους
3656 5291 3837 5345 παρα-

1805 5417 1978 5477 Hier.
2015 5417 2226 5478 Woiiii
2257 5425 2444 5479 nota.

489 5581 600 5656 (5‘0)
658 5581 752 5651 Τῷ
806 5575 1102 5656 ἐδελφιδῷ.
1165 5578 1372 5656 Πέμπει
1456 5577 1548 5656 τὸν
1609 5575 2060 5656 £351396YGQTOB

413 5648 770 5738 φρεδξρῖχοψ.
799 5648 1171 5738 Fredericum
1203 5648 1559 5727 altercodex
1612 5648 1883 5724 Conradi,
1916 5652 2063 5710 alter

409 5726 607 5784 fratris
637 5726 763 5799 ejus
794 5726 981 5783 tilium
1017 5726 1170 5784 facit.

2238 5583 2350 5654 (60)
2383 5583 2528 5660 Quid
2563 5587 2737 5660 χαοῦν
2769 5586 2866 5660 sit_.
2924 5585 3035 5642 nisi
3092 5581 3168 5646 εἷς

3228 5583 3366 5661 χάος
3396 5583 3678 5661 ἅναλύειν,
3711 5591 3824 5648 hoc

2167 5653 2260 5710 est
2287 5653 2734 5734 aoavtcew'fnon
2763 5657 2952 5714 video.
3217 5691 3224 5698 -
