4140 6290
298 414 413 474 391

1361 417 1464 477 DE
1510 417 1884 480 MANUELE
1929 404 2312 479 COMNENO
2359 418 2504 479 LIB.
2555 423 2605 480 1.

3611 426 3729 489 398

312 549 464 622 σύρει
505 550 784 623 γεωργῶν,
821 543 1153 622 ὁδοιπόρους
1182 547 1367 623 ἐπέχει
1402 556 1501 619 τῆς
1534 548 1685 621 ὁδοῦ,
1734 549 1823 603 καὶ
1895 550 1968 611 ὡς

2082 554 2227 607 Cum
2258 569 2393 609 vero
2432 554 2751 625 imperator
2807 553 3250 613 multitudinem
3308 558 3596 615 exercitus
3637 561 3734 618 de-

316 636 507 692 ἐπίπαν
564 637 635 696 είς
696 644 896 711 χρῆμα
951 637 1213 712 ἐπάρατον
1267 637 1629 713 σχεδιάζεται.
1659 641 1799 696 Τότε
1853 659 1974 693 τοι-

327 730 517 801 γαροῦν
568 726 730 788 οὗτος
791 728 818 780 ὁ
877 726 1218 805 χειμάρρους
1294 728 1343 801 ἐξ
1433 728 1588 783 ὑετοῦ
1650 727 1825 790 πολὺς
1881 727 1971 783 καὶ

315 817 665 885 κατακλυζων
753 817 962 894 φανεὶς,
1015 819 1103 871 καὶ
1178 819 1367 878 νυκτὸς
1424 816 1485 871 ἐκ
1547 822 1644 871 τοῦ
1702 815 1961 895 αἱφνηδὸν

315 903 806 981 ὑπερπλημμύρας
839 907 912 967 ὡς
946 905 1096 981 εἲπερ
1129 904 1274 978 αὐτῷ
1305 907 1357 961 οἱ
1417 907 1782 983 καταρράκται
1840 907 1971 960 ἀνε-

311 995 523 1069 ῴγεσαν
561 994 822 1066 οὐρανοῦ,
856 995 1050 1071 ἀπάγει
1090 998 1189 1063 τῆς
1244 991 1605 1070 παρεμϐολῆς
1644 1000 1750 1051 τῶν
1803 993 1972 1051 Ἀλα-

317 1090 502 1157 μανῶν
535 1084 599 1139 οὐ
638 1082 804 1154 μόνον
838 1084 984 1140 ὅπλα
1014 1085 1100 1139 καὶ
1146 1083 1345 1140 ’ίππεια
1402 1085 1617 1159 φάλαρα
1668 1086 1756 1141 καὶ
1813 1084 1976 1155 ἐσθή-

317 1194 460 1247 ματα
536 1172 628 1227 καὶ
716 1172 766 1228 εἳ
845 1195 896 1228 τι
982 1168 1160 1248 ἕτερον
1218 1175 1402 1238 αὐτοῖς
1485 1173 1852 1251 ἐσκευαγώγει
1908 1174 1975 1226 τὰ

312 1262 614 1337 ὑποζύγια,
671 1260 819 1318 ἄλλα
872 1264 962 1317 καὶ
1015 1264 1221 1325 ἳππους
1277 1264 1366 1318 καὶ
1425 1264 1579 1336 ὁρὲας
1634 1265 1724 1319 καὶ
1782 1261 1974 1337 ἄνδρας

306 1354 739 1428 ἱπποκορυστάς.
814 1355 907 1410 Καὶ
965 1354 1031 1423 ἦν
1089 1356 1153 1409 τὸ
1211 1353 1382 1429 θέαμα
1411 1354 1642 1411 ἐλεεινὸν
1692 1357 1782 1411 καὶ
1815 1355 1972 1411 θέλον

306 1442 563 1517 ἀτεχνῶς
613 1441 839 1517 δάκρυα,

309 1530 617 1593 διώκοντος
648 1532 1059 1607 ἀναιρούμενοι.
1094 1532 1233 1589 Οὐδὲ
1289 1535 1351 1590 τὸ
1407 1541 1507 1603 τῆς
1565 1533 1787 1603 ἡλικίας
1846 1556 1972 1590 στα-

307 1619 490 1676 διαῖον
553 1621 755 1695 μικροῦ
813 1623 902 1677 καὶ
959 1621 1256 1697 πελώριον,
1290 1619 1406 1677 οὐδ’
1462 1626 1496 1693 ἡ
1545 1624 1734 1701 μάχης
1768 1623 1971 1699 ἂικόρη-

304 1732 405 1772 τος
470 1708 617 1784 δεξιὰ
679 1711 757 1773 είς
808 1711 1090 1789 ἀποφυγήν
1139 1711 1431 1787 ἐπήργεσεν
1489 1712 1676 1775 αὐτοῖς
1742 1717 1839 1767 τοῦ
1870 1734 1969 1768 κα-

306 1803 433 1867 γοῦ,
472 1797 605 1853 ἀλλ’
660 1793 888 1853 ἔπιπτον
950 1798 1077 1853 ὡσεὶ
1139 1801 1363 1874 χόρτος,
1421 1800 1509 1855 καὶ
1551 1801 1679 1854 ὡσεὶ
1739 1799 1970 1878 «poputh

922 1440 1046 1498 ἄνευ
1124 1441 1372 1517 πολέμου
1453 1445 1763 1514 πίπτοντες,
1850 1444 1973 1501 ἄνευ

307 1887 614 1961 εἶληθερής
647 1890 738 1943 καὶ
787 1889 956 1950 πόκος
1002 1888 1151 1965 ἐρίου
1220 1893 1305 1964 [Ρ.
1359 1894 1446 1963 44]
1500 1895 1703 1964 κοῦφος
1736 1892 1966 1965 παρεσύ-
2005 1925 2048 1989 Β

1366 1978 1379 1997 \

311 1999 497 2053 ροντο,
552 1978 666 2049 καὶ,
727 1977 1023 2051 ψαλμικῶς
1064 1982 1256 2044 εἰπεῖν,
1323 1978 1418 2040 τὰς
1501 1979 1709 2033 τούτων
1765 1979 1970 2054 ἀπῇρεν

309 2070 337 2123 ὁ
398 2067 649 2140 ποταμὸς
710 2067 874 2129 οὗτος
930 2067 1109 2146 φωνὰς
1188 2062 1531 2143 βαρϐαρικῶς
1589 2066 1971 2138 ἀλαλαζόντων

306 2158 399 2213 καὶ
512 2156 679 2231 μέλος
775 2153 1088 2212 ἐνδιδόντων
1189 2162 1307 2220 ταῖς
1392 2163 1639 2220 σκοπιαῖς
1703 2158 1968 2221 καὶτοῖς

304 2246 589 2324 γηλόφοις
654 2243 723 2300 δι’
819 2246 894 2298 ὧν
952 2245 1319 2320 παρεσύροντο
1406 2244 1595 2321 ἄγριον
1679 2247 1821 2320 ὁμοῦ
1878 2248 1969 2302 καὶ

306 2338 587 2410 ἀνήμερον
647 2335 739 2389 καὶ
797 2335 910 2409 οὐχ
968 2336 1084 2390 οἷον
1148 2333 1336 2407 ᾅδουσι
1420 2336 1487 2390 τα
1553 2335 1797 2411 μελιχρᾶ
1862 2341 1970 2391 τῶν

305 2423 595 2499 ποιμένων
703 2422 999 2496 αὐλήματα
1034 2469 1048 2493 ,
1153 2427 1225 2487 ὡς
1329 2423 1743 2501 συλλογίζεσθαι
1844 2427 1970 2487 τοὺς

312 2520 659 2589 συνορῶντας
718 2515 780 2569 τὸ
833 2517 1129 2583 τηνικαῦτα
1188 2509 1396 2586 συμϐὰν
1456 2516 1616 2586 μῆνιν
1671 2514 1775 2568 ἀπὸ
1834 2518 1967 2569 Θεοῦ

315 2603 572 2675 ἄντικρυς
601 2603 676 2666 εἷς
727 2605 791 2658 τὸ
848 2607 954 2658 τῶν
1006 2601 1328 2677 Ἀλαμανῶν
1391 2601 1752 2678 στρατόπεδον
1812 2602 1966 2658 ἐπεν-

323 2694 632 2764 σοιηψασαν,
670 2693 716 2747 εἲ
758 2695 931 2756 οὕτως
991 2694 1186 2769 ἀθρόον
1246 2693 1398 2748 ὕδατι
1456 2695 1832 2763 κατεπόθησαν
1892 2694 1965 2755 ὡς

327 2778 482 2857 μηδὲ
539 2782 603 2836 τε
661 2785 855 2838 ἑαυτῶν
941 2784 1276 2848 ἐκτώσασθαι
1365 2782 1663 2855 δυνηθῆναι
1718 2784 1964 2856 σώματα.

321 2873 616 2927 ’Ὺπνωσαν
649 2872 822 2926 τοίνυν
851 2875 965 2929 κατ’
996 2872 1203 2943 ἐκείνην
1252 2875 1351 2942 τήν
1410 2874 1576 2929 νύκτα
1630 2874 1679 2928 οἱ
1742 2874 1834 2945 μὲν
1890 2872 1966 2936 είς

322 2962 580 3031 θάνατον,
615 2963 663 3015 οἱ
711 2958 765 3017 δὲ
819 2964 891 3017 ὦν
949 2964 1101 3039 εἶχον
1157 2962 1460 3042 ἀφανισμόν
1519 2962 1611 3018 καὶ
1670 2962 1963 3017 ἀπώλειαν.

306 3054 380 3110 Ὃ
418 3049 477 3105 δέ
536 3073 595 3126 γε
824 3050 1133 3116 κατώδυνος
1192 3053 1277 3107 ἐπὶ
1332 3057 1411 3125 τῷ
1463 3047 1729 3126 συμϐάντι
1787 3050 1966 3123 τούτῳ

298 3145 628 3220 γενόμενος,
662 3144 919 3223 καθυφεὶς
969 3143 1023 3199 δὲ
1083 3166 1133 3199 τι
1186 3145 1273 3198 καὶ
1334 3147 1430 3197 τοῦ
1488 3142 1706 3215 κόμπου
1761 3142 1963 3217 βραχὺ,

292 3235 392 3289 καὶ
455 3232 736 3307 θαυμάσας
788 3233 836 3287 εἰ
918 3233 1006 3287 καὶ
1074 3234 1139 3288 τὰ
1192 3238 1440 3308 στοιχεῖα
1506 3237 1613 3305 (61)
1664 3231 1962 3305 Ῥωμαίοις

298 3323 588 3378 ὑπείκουσι
644 3324 731 3377 καὶ
793 3320 1054 3392 θελήσασι
1114 3323 1278 3395 μόνον
1342 3318 1709 3390 ὑπενδιδὸασι,
1760 3320 1851 3374 καὶ
1908 3321 1962 3375 αἱ

303 3412 617 3485 ῶραιπαρᾶ
647 3411 888 3479 τούτοις,
941 3411 1041 3465 ὅσα
1095 3410 1185 3465 καὶ
1249 3406 1587 3483 ὑπηρέτιδες,
1649 3406 1845 3473 δεῆσαν
1899 3408 1967 3463 τὰ

304 3502 576 3573 ἀλλήλων
611 3501 1090 3580 ἁντιπαρὲχουσιν,
1157 3500 1289 3578 ἄρας
1347 3503 1544 3558 ἐκεῖθεν
1598 3498 1963 3576 διεπορεύετο.

300 3593 394 3654 Ὠς
453 3590 511 3647 δὲ
576 3593 667 3647 καὶ
708 3592 789 3656 εἷς
836 3593 936 3661 τήν
971 3592 1130 3648 πόλιν
1164 3592 1380 3668 ἡγγίκει
1413 3594 1512 3661 τήν
1549 3589 1964 3666 βασιλεύουσαν,

310 3680 469 3744 εὐθὺς
501 3684 599 3752 τὴν
640 3681 897 3755 στρατιὰν
957 3680 1030 3743 εἷς
1080 3683 1142 3737 τὸ
1201 3682 1489 3757 ἀντιπέραν
1554 3678 1967 3755 διαπορθμεύειν

321 3769 668 3844 ἠναγκάζετο,
725 3769 825 3825 κᾶν
888 3770 1234 3848 ὑπερεφρόνει
1292 3772 1359 3825 τὰ
1413 3775 1626 3846 πρῶτα,
1674 3769 1764 3824 καὶ
1830 3766 1968 3843 βλα-

2084 643 2281 713 scribi,
2313 647 2369 699 et
2425 651 2567 716 quot
2613 662 2843 717 quaque
2896 647 3020 703 vice
3065 648 3403 719 trajicerent
3460 652 3731 709 adnotari

2079 733 2374 802 jussisset,
2408 734 2445 787 ii
2479 734 2697 804 quibus
2756 737 2812 791 id
2868 737 3081 808 negotii
3115 744 3241 793 erat
3297 738 3523 808 datum,
3556 746 3730 797 tanta!

2084 821 2480 878 multitudinis
2511 825 2902 895 descriptione
2934 826 3153 898 fatigati
3186 845 3245 883 re
3267 829 3482 886 infecta
3500 832 3730 888 domum

2084 911 2404 967 redierunt.
2438 917 2525 968 Ita
2558 930 2712 987 rege,
2743 920 3024 986 tanquam
3061 921 3289 973 ostento
3340 919 3727 991 inauspicato,

2083 1002 2457 1072 cupientibus
2494 1003 2770 1060 Romanis
2800 1006 2856 1059 in
2881 1005 3169 1063 Orientem
3191 1008 3292 1063 88
3336 1012 3727 1082 transgresso,

2084 1090 2255 1160 paulo
2289 1095 2417 1163 psst
2447 1092 2622 1147 etiam
2674 1093 2913 1150 Francis
2970 1096 3470 1154 commilitonibus
3503 1099 3729 1156 insecu-

2083 1182 2181 1250 tis,
2216 1182 2532 1253 imperator
2562 1185 2618 1239 in
2650 1185 2951 1256 pristinam
3014 1187 3441 1257 provinciarum
3484 1207 3727 1247 suarum

2083 1286 2281 1325 curam
2317 1271 2585 1326 incubuit
2615 1291 2631 1339 ;
2693 1290 2881 1345 neque
2933 1274 3077 1330 illud
3134 1278 3409 1349 neglexit,
3444 1285 3507 1335 ut
3539 1280 3637 1335 isti
3668 1280 3726 1335 in

2081 1358 2390 1415 itineribus
2423 1368 2816 1418 commeatum
2869 1366 3132 1420 venalem
3190 1364 3493 1422 baberent.
3554 1369 3728 1424 Crete-

2084 1463 2212 1501 rum
2247 1448 2303 1501 in
2338 1447 2479 1503 locis
2510 1450 2858 1521 opportunis
2880 1456 2934 1506 et
2965 1453 3234 1524 angustis
3266 1454 3605 1511 tramitibus
3634 1456 3727 1511 in-

2082 1535 2265 1591 sidias
2295 1536 2663 1593 collocandae
2719 1539 2967 1609 censuit,
3027 1541 3245 1612 quibus
3303 1559 3416 1599 non
3460 1544 3628 1616 pauci
3659 1560 3729 1601 ex

2081 1624 2154 1680 iis
2211 1626 2561 1681 exercitibus
2619 1627 2934 1697 perierunt.
2995 1630 3145 1694 Quin
3203 1634 3263 1687 et
3332 1633 3487 1689 cives
3544 1633 3727 1704 portis

2082 1712 2296 1768 clausis
2325 1714 2513 1770 forum
2550 1715 2890 1772 Alemannis
2947 1734 3061 1773 non
3111 1720 3467 1791 praebebant,
3501 1722 3604 1776 sed
3635 1722 3728 1776 fu-

2082 1800 2258 1856 nibus
2289 1802 2360 1858 de
2393 1802 2576 1858 muris
2599 1806 2901 1876 suspensis
2934 1806 3240 1876 pecuniam
3283 1808 3444 1879 prius
3477 1808 3727 1864 attrahe-

2081 1888 2242 1955 bant,
2274 1890 2466 1962 iisque
2498 1909 2758 1962 rursum,
2789 1899 3074 1964 quantum
3106 1894 3199 1951 vel
3233 1897 3396 1967 panis
3442 1895 3531 1951 vel
3583 1896 3727 1951 alia-

2079 1996 2208 2035 rum
2242 1997 2437 2036 rerum
2470 1981 2708 2049 libebat,
2745 1984 3153 2040 demittebant.
3214 1986 3436 2051 Quibus
3489 1986 3727 2057 injuriis

2076 2067 2388 2124 Alemanni
2421 2072 2746 2127 exacerbati
2786 2072 3021 2128 oculum
3042 2074 3429 2146 inspectorem
3460 2076 3722 2131 omnium

2078 2173 2272 2213 rerum
2306 2165 2506 2214 contra
2537 2176 2635 2215 eos
2666 2162 2766 2232 qui
2797 2161 3035 2231 iniustis
3086 2164 3443 2235 ponderibus
3488 2168 3722 2220 uteren-

2077 2250 2315 2315 tur,nec
2346 2249 2697 2305 advenarum
2731 2255 2789 2305 et
2819 2251 3009 2306 eidem
3042 2250 3307 2322 religioni
3356 2252 3725 2308 addictorum

2078 2336 2300 2392 miserti
2360 2338 2502 2393 adeo
2561 2339 2708 2394 nihil
2769 2341 2839 2394 de
2883 2356 2990 2396 suo
3051 2344 3380 2397 conferrent
3440 2347 3506 2397 ut
3566 2341 3726 2399 cibos

2077 2427 2249 2482 etiam
2287 2428 2618 2484 afaucibus
2676 2429 2986 2501 eriperent,
3048 2430 3300 2487 ultorem
3360 2433 3723 2488 invocabant.

2078 2516 2282 2571 Verum
2318 2517 2559 2588 pessimi
2591 2518 2795 2574 incolae
2837 2524 2894 2574 et
2950 2519 3380 2576 inhumanitate
3440 2521 3725 2593 singulari

2077 2604 2305 2676 praediti
2365 2622 2436 2659 ne
2493 2606 2804 2660 minimum
2857 2608 3093 2677 quidem
3163 2608 3564 2673 demittebant,
3624 2610 3721 2664 sed

2075 2710 2216 2747 auro
2246 2698 2561 2765 argentove
2584 2699 2827 2749 attracto
2849 2702 3029 2766 atque
3061 2696 3116 2750 in
3149 2695 3379 2751 sinibus
3427 2697 3724 2752 recondito

2074 2798 2140 2836 ex
2167 2783 2455 2836 moenibus
2514 2782 2612 2837 89
2674 2799 2736 2837 se
2791 2784 3213 2840 subducobant.
3256 2784 3501 2849 Quidam
3550 2783 3724 2840 etiam

2076 2871 2232 2926 calce
2256 2870 2456 2926 farinae
2485 2871 2751 2926 immista
2781 2871 2971 2927 cibum
2997 2871 3343 2943 pestiferum
3378 2872 3722 2928 reddebant.

2075 2962 2137 3017 Id
2174 2967 2372 3016 utrum
2398 2962 2572 3032 jussu
2606 2959 2976 3033 imperatoris
3008 2961 3227 3017 factum
3285 2962 3476 3029 fuerit,
3535 2968 3602 3018 ut
3639 2963 3724 3018 le-

2075 3051 2331 3117 rebatur,
2360 3054 2719 3120 compertum
2753 3066 2868 3105 non
2898 3048 3106 3107 habeo.
3138 3051 3280 3105 Utut
3318 3050 3414 3118 sit,
3447 3051 3722 3123 iniquum

2075 3144 2132 3195 et
2163 3139 2448 3195 nefarium
2476 3140 2701 3195 facinus
2734 3138 2861 3195 fuit.
2925 3139 3074 3196 Illud
3131 3145 3285 3197 certe
3311 3145 3561 3208 constat,
3594 3142 3724 3213 ejus

2074 3229 2241 3298 iussu
2276 3245 2339 3284 ex
2370 3228 2631 3301 improbo
2671 3233 2909 3301 argento
2966 3238 3259 3285 monetam
3314 3245 3443 3286 esse
3493 3247 3721 3296 cusam,

2077 3336 2204 3390 quae
2232 3319 2304 3374 iis
2361 3319 2596 3374 daretur
2647 3319 2747 3390 qui
2800 3335 2868 3374 ex
2926 3318 3122 3375 Italico
3185 3320 3439 3377 exercitu
3497 3320 3721 3392 aliquid

2075 3410 2368 3464 vendituri
2400 3413 2615 3465 essent.
2652 3409 2905 3464 Breviter
2955 3415 3022 3465 ut
3079 3409 3295 3477 dicam,
3320 3408 3549 3466 nullum
3582 3409 3722 3467 mali

2076 3514 2261 3568 genus
2284 3497 2393 3552 fuit
2424 3498 2571 3568 quod
2611 3498 2928 3568 imperator
2957 3513 3072 3553 non
3105 3498 3191 3552 vel
3226 3499 3348 3567 ipse
3379 3498 3440 3554 in
3470 3515 3570 3555 eos
3599 3514 3721 3554 ma-

2077 3587 2415 3642 chinaretur
2442 3587 2531 3642 vel
2584 3588 2715 3643 aliis
2771 3587 3145 3644 machinandi
3206 3593 3407 3643 auctor
3453 3593 3627 3655 esset,
3661 3594 3724 3642 ut

2077 3676 2298 3731 sellicet
2328 3692 2529 3730 eorum
2590 3675 2806 3746 posteri
2869 3676 3163 3747 perpetuis
3233 3675 3608 3731 monimentis
3649 3677 3721 3731 ab

2078 3764 2421 3820 invadendis
2459 3764 2736 3819 Romanis
2758 3767 3205 3820 deterrerentur.

325 3859 614 3931 κευόμενος
657 3858 985 3931 ἀπηναίνετο
1020 3863 1118 3929 τήν
1149 3859 1465 3935 περαίωσιν,
1498 3861 1642 3931 παρὰ
1694 3863 1763 3932 τῇ
1823 3858 2015 3911 ἑαυτοῦ
2070 3856 2278 3909 κεῖσθαι
2333 3851 2528 3929 γνώμῃ
2558 3849 2730 3923 λέγων
2789 3851 2851 3905 τὸ
2910 3849 3054 3906 οὕτω
3087 3847 3275 3925 δρᾶσαι
3334 3851 3425 3906 καὶ
3495 3854 3596 3926 μή,
3653 3857 3724 3928 τῇ

321 3947 532 4020 Περαίᾳ
560 3953 671 4020 (62)
733 3946 1173 4022 ὲναυλιζὸμειος,
1230 3950 1346 4018 ἣτις
1414 3952 1510 4003 τοῦ
1572 3944 1855 4022 Πικριδίου
1910 3945 2360 4012 κατονομάζεται.
2428 3940 2589 4002 Ὀοεν
2650 3936 2789 4000 ἅπας
2859 3940 2953 4010 μὶν
3009 3937 3221 4012 ἐρέτης,
3284 3941 3421 3996 ἅπαν
3477 3937 3534 3996 δὲ
3598 3960 3735 4016 πορ-

328 4037 838 4110 θμεῖοδκαίἆλιᾶς
872 4038 1124 4112 ξύμπασα
1152 4039 1243 4093 καὶ
1301 4042 1427 4100 ναῦς
1485 4037 1810 4112 ἱππαγωγὸς
1869 4037 1966 4104 την
2016 4038 2124 4087 τῶν
2189 4028 2517 4100 Ἀλαμανῶν
2587 4028 2951 4103 ἀμφεπονεῖτο
3010 4023 3277 4087 διᾶδασιν.
3335 4031 3392 4082 Ὀ
3459 4026 3517 4084 δὲ
3580 4029 3736 4105 βασι-

328 4128 461 4193 λεὺς
523 4129 613 4184 καὶ
686 4134 784 4184 τοῦ
875 4128 1124 4199 πλήθους
1215 4135 1314 4197 τῆς
1397 4132 1645 4204 στρατιᾶς
1742 4126 2085 4202 ἀπογραφέας
2140 4122 2440 4200 ἐιξ-ίσττβιν,
2499 4118 2598 4172 ἆνᾶ
2679 4122 2850 4171 πᾶσαν
2910 4117 3179 4189 ἀποτάξας
3232 4119 3547 4196 ἀναγωγὴν,
3609 4119 3737 4184 τοὺς

318 4217 518 4290 ἐκείνῳ
575 4223 954 4293 σημανοῦντας
1007 4222 1104 4289 τὴν
1169 4220 1285 4275 κατ’
1346 4216 1513 4290 ἄνδρα
1577 4219 1894 4290 περαίωσιν.
1953 4212 2116 4273 Ἀλλ’
2183 4212 2246 4280 ἦν
2305 4212 2367 4267 τὸ
2425 4208 2641 4277 πλῆθος
2739 4209 3141 4283 ὑπερπεπαικός
3234 4213 3335 4280 τήν
3392 4210 3738 4290 ἀπογραφὴν⁹

312 4310 409 4364 καὶ
476 4307 568 4365 διὰ
630 4309 793 4365 τοῦτο
826 4311 878 4364 οἱ
930 4311 998 4381 τῇ
1060 4310 1329 4386 ὑπουργίᾳ
1394 4308 1562 4382 ταύτῃ
1621 4306 1996 4385 ἐφεστηκότες,
2054 4302 2374 4364 ἀπειπόντες
2434 4300 2567 4374 πρὸς
2626 4299 2688 4352 τὸ
2740 4297 2975 4367 πλῆθος,
3032 4298 3298 4375 ἂπρακτοι
3389 4300 3740 4358 ἐπανέλυσαν.

316 4398 490 4457 Οὕτω
526 4401 702 4455 τοίνυν
736 4400 1035 4475 ἀγαπητῶς
1064 4406 1181 4462 τοῖς
1212 4400 1505 4472 Ῥωμαίοις
1537 4399 1666 4452 ὡσεί
1698 4418 1842 4458 τινος
1900 4393 2152 4463 οὐρανίου
2204 4391 2491 4469 δείγματος
2543 4389 2799 4445 ἀπαισίου
2854 4393 2951 4443 τοῦ
2980 4389 3152 4466 ῥηγὸς
3184 4390 3261 4453 εἷς
3308 4392 3408 4459 τήν
3438 4392 3576 4464 ἑῴαν
3632 4390 3740 4462 λῆ.

312 4491 399 4561 ξιν
435 4486 753 4561 διαϐάντος,
786 4490 1284 4564 ἐφομαρτησάντων
1317 4486 1375 4543 δὲ
1401 4488 1581 4560 τούτῳ
1617 4487 1750 4561 μετὰ
1784 4483 1964 4563 βραχὺ
2024 4484 2113 4538 καὶ
2164 4488 2269 4538 τῶν
2322 4482 2440 4536 ὅσοι
2472 4478 2531 4535 ἐκ
2566 4483 2663 4535 τοῦ
2702 4480 2891 4555 γένους
2920 4483 3027 4533 τῶν
3083 4479 3352 4557 Φράγγων
3408 4481 3557 4552 αὐτῷ
3615 4502 3740 4535 συν·-

316 4574 619 4651 ανέϐησαν,
657 4580 685 4635 ὁ
730 4577 990 4654 βασιλεὺς
1032 4580 1120 4633 καὶ
1152 4578 1317 4634 παλιν
1346 4584 1446 4647 τῆς
1489 4576 1655 4646 αὐτῆς
1691 4576 1873 4650 ε’ἒχετο
1928 4578 2035 4629 τῶν
2105 4571 2320 4629 οἰκείων
2348 4574 2549 4649 χωρῶν
2582 4566 2930 4642 προμηθείας
2985 4567 3167 4654 ἦςᾼκαί
3223 4569 3415 4642 πρώην
3453 4567 3739 4645 ἐξήρτητο.

317 4670 440 4728 Οὐκ
469 4669 675 4743 ἡμέλει
716 4651 774 4722 δὲ
803 4668 895 4724 καὶ
945 4669 1030 4729 οἷς
1097 4668 1246 4723 οὗτοι
1305 4669 1697 4745 τραφήσονται,
1757 4662 1884 4720 ἀλλ’
1943 4662 2024 4740 ἐφ’
2076 4660 2205 4716 ὁδοῦ
2261 4660 2325 4714 τὰ
2384 4654 2519 4714 ὤνια
2547 4657 2637 4713 καὶ
2691 4656 2845 4721 αὖθις
2898 4651 3337 4731 προύϐἐϐληντο.
3396 4658 3481 4714 Ἐν
3558 4657 3739 4732 μέντοι

316 4766 439 4823 τοῖς
508 4764 609 4815 τῶν
678 4758 902 4834 χωρίων
972 4758 1274 4833 ἐπικαίροις
1348 4757 1438 4812 καὶ
1512 4762 1630 4819 ταῖς
1733 4758 1839 4810 τῶν
1916 4748 2171 4826 παρόδων
2224 4756 2428 4811 στεναῖς
2486 4747 2658 4823 λόχοι
2716 4748 2863 4823 παρᾶ
2916 4746 3200 4820 Ῥωμαίων
3260 4746 3528 4827 ἐφίζανον,
3586 4746 3741 4821 δόξαν

321 4849 473 4905 οὕτω
534 4852 619 4919 τῷ
678 4847 965 4915 Μανουήλ,
1025 4848 1113 4902 καὶ
1174 4846 1272 4903 οὐκ
1333 4845 1556 4923 ὀλίγους
1618 4844 1678 4901 ἐκ
1732 4849 1839 4899 τῶν
1924 4837 2299 4917 στρατοπέδων
2387 4838 2592 4893 τούτων
2652 4836 2984 4893 κατέκαινον.
3034 4834 3211 4893 Ἀλλὰ
3260 4837 3350 4892 καὶ
3413 4840 3509 4902 τὰς
3567 4837 3745 4903 πύλας

314 4944 428 4995 τῶν
511 4936 741 4994 πόλεων
821 4936 1200 5011 ἐπιζυγοῦντες
1279 4937 1330 4991 οἱ
1407 4935 1629 4990 ἀστυκοὶ
1708 4934 1809 4989 οὐκ
1883 4933 2092 5007 ἀγορῶν
2168 4934 2285 4991 τοῖς
2365 4927 2700 4999 Ἀλαμανοῖς
2782 4923 3150 4998 μετεδίδοσαν,
3227 4927 3485 5006 σχοίνους
3550 4925 3608 4984 δὲ
3652 4933 3749 4984 τοῦ

312 5032 542 5105 τεζχους
626 5027 1053 5099 ἀποκρεμῶντες
1131 5023 1379 5080 ἀνεῖλκον
1463 5024 1729 5100 πρότερον
1810 5022 1873 5078 τὸ
1936 5021 2072 5095 ὑπὲρ
2154 5022 2252 5073 τοῦ
2328 5013 2727 5090 ἀποδιδομένου
2793 5014 3213 5089 κατατιθέμενον
3268 5017 3512 5091 τίμημα,
3567 5015 3752 5075 ἔπειτα

319 5104 711 5199 διαχαλῶντες
772 5115 902 5170 ὅσον
990 5109 1315 5177 ἐϐούλοντο,
1376 5110 1484 5169 εἷ’τε
1537 5110 1697 5187 ὀίρτος
1755 5110 1818 5178 ἦν
1895 5111 1959 5166 τὸ
2037 5108 2399 5181 πωλούμενον
2462 5106 2568 5161 εἴτε
2624 5127 2675 5160 τι
2726 5106 2999 5180 βιώσιμον
3056 5104 3266 5183 ἕτερον,
3325 5105 3473 5179 ε’ίων,
3545 5107 3752 5182 ἃθεσμα

310 5194 551 5285 δρῶντες
615 5208 737 5264 κατ’
796 5204 1004 5276 αὐτῶν,
1075 5201 1446 5278 ἐπαρωμένων
1504 5203 1598 5258 τὸν
1656 5199 1990 5277 παντὲιρορον
2046 5196 2328 5273 ὀφθαλμὸν
2389 5196 2465 5261 ὡς
2546 5197 2621 5271 μὴ
2699 5198 3005 5271 χρωμένων
3050 5198 3308 5272 σταθμοῖς
3341 5195 3571 5262 δικαίοις
3623 5194 3754 5273 μηδ’

1729 5368 1897 5430 Hier.
1931 5366 2146 5429 Wolﬁi
2174 5371 2361 5427 notae.

2096 5542 2231 5583 vero
2265 5520 2467 5597 Περαία
2502 5541 2712 5598 nomen
2749 5524 3169 5596 appellativum
3212 5542 3283 5581 an
3322 5526 3623 5598 proprium
3653 5524 3751 5592 sit,

2101 5598 2258 5669 quod
2290 5593 2429 5652 olim
2460 5593 2641 5665 κέρας,
2699 5593 2854 5653 nunc
2913 5602 3113 5653 Peram
3173 5598 3290 5653 sive
3322 5593 3602 5653 'Galatam
3650 5611 3749 5651 vo-

2104 5677 2253 5741 cent,
2287 5670 2579 5726 aftirmare
2608 5684 2724 5724 non
2756 5684 3019 5741 possum.

377 5544 595 5622 (61)_Ei
629 5538 727 5622 καὶ
762 5535 836 5622 τὲ
865 5536 1132 5622 στοιχεῖα,
1192 5534 1348 5622 Alter
1404 5532 1567 5591 addit
1616 5531 1710 5586 καὶ
1742 5530 1769 5584 ὁ
1800 5527 1987 5603 καιρὸς

310 5605 585 5683 ὠςὶδοῧλα
614 5618 744 5673 τοῖς
776 5605 1080 5677 Ῥωμαίοις
1114 5605 1527 5683 ὑποτάσσονται.

374 5672 495 5769 tééi
508 5672 773 5776 ’ἥεραίπν
804 5672 908 5776 Pi"
936 5680 1206 5776 ίηίθυξείι
1245 5672 1996 5776 ⁸⁰Ρ⁰Ρ.εεῗὲ¹,,¹ἰῖῖίθι¹ξῖι.ξ³ἓὲ

292 5744 908 5829 Constantinopolim
931 5769 946 5811 :
971 5744 1229 5809 nondum
1248 5744 1413 5807 enim
1427 5744 1756 5820 trajecerat.
1790 5744 1996 5802 Utrum
