4140 6290
414 325 536 393 403

1715 325 2029 388 NICE’l‘E
2082 320 2529 383 CHONIATIE.

3708 319 3822 381 404

411 465 658 523 densata
688 462 990 536 nastisque
1025 463 1346 532 conjunctis
1379 480 1512 519 cum
1545 461 2069 525 impetuirruemus

2184 455 2450 526 στοτὲρων
2480 452 2554 512 εἷς
2580 451 2828 519 Θάνατον,
2858 453 2947 507 καὶ
2977 453 3078 508 ’ὀσα
3110 453 3354 528 ὀχήματι
3386 456 3475 526 πῷ
3510 451 3659 528 βὲλει
3693 472 3826 529 χρη-

408 560 465 611 et
487 553 702 610 ﬂumen
737 552 1252 624 perequitabilnus.
1289 553 1438 608 Sitis
1471 554 1589 607 scio
1621 567 1828 622 aquam
1867 547 2058 620 repul-

409 661 535 701 sam
571 651 847 698 staturam
882 659 1030 708 esse,
1063 657 1458 715 conversoque
1487 642 1664 696 veluti
1719 657 1894 695 cursu
1947 654 2059 692 non

411 738 566 788 recta
603 736 1100 803 promanaturam.
1159 731 1284 786 Non
1343 733 1611 786 dissimili
1664 731 1800 785 olim
1845 728 2063 782 ratione

407 823 682 878 Israelita
711 822 1050 882 Jordanem.
1111 836 1427 892 suppresso
1489 819 1752 885 flumine,
1815 817 2061 889 pedibus

407 909 794 965 transierunt.
855 907 1174 963 Consilium
1237 908 1344 962 hoc
1401 915 1459 961 et
1519 909 1743 963 facinus
1774 906 1944 959 etiam
1989 905 2058 956 ad

416 1003 684 1071 posteros
717 996 1091 1052 memorabile
1113 1004 1200 1052 est
1225 997 1422 1052 futuru
1455 1016 1510 1064 ιι,
1535 997 1694 1050 nulla
1733 995 2061 1064 longinquh

417 1093 533 1142 tate
564 1085 864 1158 temporis,
897 1085 1058 1140 nulla
1086 1085 1376 1141 oblivione
1414 1085 1892 1146 oblitterandum,
1929 1098 2062 1136 cum

416 1193 648 1232 summo
679 1180 984 1231 Persarum
1019 1175 1253 1244 probro,
1287 1191 1540 1245 quorum
1575 1181 1853 1229 cadavera
1911 1172 2065 1226 circa

416 1267 571 1322 hunc
595 1281 827 1320 amnem
888 1269 1174 1335 prostrata
1233 1267 1287 1318 in
1349 1263 1554 1318 collem
1617 1267 1950 1328 exsurgant,
2001 1276 2064 1312 ac

412 1355 598 1409 instar
630 1353 828 1423 tropaei
856 1353 1290 1423 conspiciantur
1317 1369 1447 1408 cum
1481 1352 1663 1422 gloria
1728 1357 1924 1405 nostra
1957 1349 2062 1402 im-

417 1443 668 1499 mortali.
705 1465 732 1492 ››
758 1443 891 1508 Quae
923 1457 1053 1496 curn
1099 1443 1343 1495 dixisset
1371 1449 1429 1495 et
1461 1443 1697 1511 signum
1735 1456 1938 1510 pugnas
1976 1440 2069 1490 de-

418 1531 692 1599 disset,et
714 1530 839 1601 ipse
863 1545 1080 1600 equum
1106 1528 1347 1600 ﬂagellis
1368 1528 1700 1583 cohortatus
1724 1529 1781 1582 in
1827 1525 2064 1582 ﬂuvium

425 1618 1242 1690 fecitimpetum,etcseteride
1289 1635 1449 1673 more
1498 1617 1744 1689 peractis
1802 1614 2070 1687 precibus

418 1707 794 1778 clamoreque
825 1706 1054 1763 sublato
1074 1706 1272 1762 hostes
1303 1705 1669 1775 adoriuntur,
1717 1704 1838 1761 acie
1893 1703 2070 1759 turris

2175 543 2323 597 στὲον
2382 543 2515 616 πρὸς
2573 544 2672 611 τὴν
2734 541 2845 596 ἐκεῖ
2901 543 3258 608 καταπαυσν,
3308 541 3450 598 ἀλλὰ
3486 543 3562 614 μὴ
3596 543 3820 606 θάνατος

2170 637 2573 708 προαρπασατω
2635 630 2762 692 τ’σως
2840 629 3041 698 ἀκλεὴς
3118 631 3208 685 γαὶ
3287 632 3615 706 ἐυάμαρτος.
3677 631 3820 704 Ἤδη

2171 722 2302 777 ποτε
2366 723 2643 791 τισώμεθα
2700 721 2947 790 τούτους,
3006 723 3079 774 ὧν
3150 723 3200 775 oi
3249 723 3368 784 καθ’
3427 724 3566 794 αἷμά
3619 743 3680 776 τε
3737 720 3828 776 καί

2173 812 2469 881 ὁμόπιστοι
2522 810 2650 864 ποσὶ
2706 811 3075 884 κεχρημένοις
3135 812 3210 872 ὡς
3268 811 3344 871 εἷς
3396 813 3578 866 κοινὸν
3609 812 3827 883 εἶσελη-

2174 898 2367 954 λιόθασι
2426 899 2595 953 τόπον
2654 900 2745 953 τὸν
2798 901 2966 973 ἱερὸν,
3029 899 3079 954 ἐν
3139 902 3183 972 ᾦ
3241 905 3453 972 νεκροῖς
3511 903 3822 973 ὁμόσκηνος

2173 986 2388 1063 γέγονεν
2441 989 2468 1042 6
2527 989 2832 1063 σύγχρονος
2891 991 3056 1062 Πατρί
3104 990 3193 1044 καὶ
3255 989 3577 1064 ὁμόθρονος-
3633 992 3825 1064 Ἡμεῖς

2174 1077 2332 1147 ἐσμεν
2386 1078 2438 1131 οἱ
2514 1075 2734 1132 δυνατοὶ
2791 1079 2880 1132 καὶ
2958 1075 3343 1148 διεσπασμένοι
3421 1081 3614 1142 πάντες
3691 1081 3828 1156 ῥομ-

2174 1166 2353 1242 φαίαν,
2423 1166 2510 1220 καὶ
2589 1167 2661 1228 ὡς
2730 1167 2918 1236 κλίνην
2973 1167 3316 1242 περιέποντες
3406 1168 3822 1243 Σολομώντειον

2172 1255 2262 1310 τὸν
2320 1253 2604 1330 ζωοδόχον
2660 1257 2825 1335 τάφον
2885 1257 2976 1311 καὶ
3029 1254 3379 1330 Θεοδὲγμονα.
3440 1259 3578 1318 Τοὺς
3631 1258 3686 1312 ἐκ
3724 1267 3828 1329 τῆς

2173 1345 2349 1417 Ἀγάρ
2421 1343 2597 1398 τοίνυν
2653 1352 2754 1414 τῆς
2833 1343 3086 1407 δουλίδος
3145 1343 3386 1400 ἐκποδὼν
3433 1347 3485 1401 οἱ
3548 1346 3828 1421 ἐλεύθεροι

2173 1433 2558 1504 ποιησώμεθα,
2600 1434 2689 1488 καὶ
2736 1436 2809 1497 ὡς
2864 1433 3014 1489 λίθον
3073 1435 3500 1510 προσκόμματος
3550 1444 3647 1505 τῆς
3694 1437 3825 1492 ὁδοῦ

2175 1523 2446 1596 ἐξάρωμεν
2488 1527 2585 1578 τοῦ
2637 1527 2897 1598 Χριστοῦ,
2951 1522 3042 1586 οὕς
3087 1525 3185 1580 οὐκ
3234 1524 3337 1580 οἶδ’
3375 1526 3524 1588 ὅπως
3557 1528 3830 1600 Ῥωμαῖοι

2177 1613 2251 1673 ὡς
2285 1613 2370 1666 ἐπὶ
2412 1613 2612 1690 σφάγια
2670 1613 2890 1676 ἑαυτοὺς
2949 1613 3260 1692 ἐκτρέφουσι
3312 1613 3552 1678 λυκιδεῖς
3583 1616 3673 1670 καὶ
3705 1621 3833 1678 τοῖς

2179 1700 2404 1762 οἰκείοις
2464 1698 2740 1764 δυσκλεῶς
2813 1701 3116 1757 πιαίνουσιν
3184 1701 3400 1776 α’ίμασι,
3472 1701 3590 1758 δέον
3649 1704 3827 1773 ἀλκήν

414 1798 606 1854 instar
637 1796 932 1852 instructa
963 1796 1324 1867 densataque
1353 1794 1661 1850 confertim
1695 1793 2068 1865 perequitan-

2180 1784 2550 1852 ἀναλαϐόντας
2625 1791 2715 1845 καὶ
2792 1792 3059 1868 λογισμὸν
3118 1787 3384 1869 ἔμφρονος
3457 1790 3674 1868 ἀνδρὸς,
3753 1793 3830 1854 ὡς

421 1895 535 1956 tes,
569 1891 635 1944 ut
661 1885 928 1942 ﬂuminis
960 1885 1132 1940 undas
1164 1883 1404 1956 ungulis
1435 1899 1718 1955 equorum
1769 1881 1980 1953 partim
2011 1880 2071 1935 in

419 1978 574 2051 ripas
611 1979 1042 2042 excuterentur,
1078 1977 1291 2046 partim
1327 1975 1685 2038 resisterent,
1736 1987 1850 2024 non
1911 1985 2079 2024 secus

426 2083 494 2123 ac
527 2065 575 2120 si
607 2071 810 2121 contra
841 2068 1110 2116 naturam
1144 2061 1210 2114 ad
1245 2060 1344 2118 95
1377 2061 1563 2114 fontes
1613 2059 2077 2130 regrederentur,

429 2155 544 2226 ipsi
575 2169 710 2208 vero
735 2168 850 2206 non
883 2166 1055 2206 secus
1085 2165 1149 2203 ac
1180 2154 1333 2204 terra
1366 2147 1800 2220 proﬁciscentes
1846 2147 1902 2200 in
1947 2146 2080 2202 Per—

431 2259 534 2300 sas
557 2259 629 2298 ex
656 2241 975 2312 improviso
1007 2239 1318 2294 irruerent.
1353 2238 1589 2293 Barbari
1644 2252 1798 2305 vero,
1831 2236 1931 2307 qui
1973 2251 2080 2292 nec

432 2331 574 2402 fuga
602 2329 852 2386 salutem
880 2341 1139 2400 quaerere
1169 2329 1328 2398 (nam
1361 2344 1396 2382 a
1453 2325 1937 2398 persequentibus
1985 2341 2078 2379 ca-

429 2420 764 2493 piebantur,
808 2415 955 2472 nihil
978 2416 1163 2486 adjuti
1189 2415 1493 2470 velocitate
1525 2431 1804 2485 equorum
1829 2412 2079 2470 incredi-

427 2508 560 2582 bili)
618 2524 806 2578 neque
853 2507 1124 2564 cominus
1183 2521 1441 2578 pugnare
1528 2521 1660 2560 cum
1740 2503 2077 2558 Alemannis

425 2604 689 2674 possent,
723 2597 896 2653 variis
923 2596 1112 2652 modis
1143 2597 1532 2664 caedebantur,
1564 2602 1736 2667 atque
1773 2595 1869 2650 alii
1904 2611 2079 2666 super

428 2689 576 2746 alios
605 2691 920 2744 aristarum
970 2686 1156 2742 instar
1211 2685 1514 2741 cadebant.
1561 2684 1706 2740 Nam
1762 2684 1818 2739 bi
1861 2683 2077 2740 lanceis

427 2775 939 2840 confodiebantur,
973 2774 1057 2830 illi
1091 2773 1402 2846 praelongis
1431 2773 1641 2846 gladiis
1673 2773 1844 2829 medii
1891 2772 2074 2828 disse-

435 2867 736 2932 cabantur,
766 2866 968 2920 velites
1001 2865 1345 2935 praesertim,
1377 2862 1506 2918 aliis
1543 2863 1828 2934 pugiones
1859 2861 1916 2916 in
1961 2861 2075 2916 vis-

431 2971 566 3012 cera
593 2953 1002 3027 adigebantur,
1037 2957 1102 3008 ut
1130 2956 1445 3008 Persarum
1477 2951 1856 3006 cadaveribus
1885 2949 2076 3022 campi

429 3044 512 3100 ibi
544 3043 713 3116 plane
742 3047 1076 3113 tegerentur
1102 3053 1160 3097 et
1216 3040 1396 3096 valles
1448 3040 1733 3112 sanguine
1781 3039 2078 3094 redunda-

427 3139 575 3189 rent.
607 3131 882 3188 Italorum
919 3129 1085 3186 multi
1115 3128 1340 3201 sagittis
1360 3127 1481 3194 icti,
1511 3129 1674 3200 pauci
1706 3145 1837 3182 vero
1889 3126 2068 3182 inter-

429 3222 562 3278 fecti
621 3229 779 3276 sunt.
839 3221 1062 3285 Quanta
1117 3223 1312 3274 autem
1400 3219 1712 3273 multitudo
1783 3217 2072 3284 ceciderit,

429 3309 612 3368 etiam
634 3307 807 3363 hodie
828 3305 1051 3362 ossium
1083 3305 1298 3361 tumuli
1329 3307 1514 3362 crebri
1567 3311 1623 3360 et
1679 3306 1781 3361 alti
1838 3306 2076 3362 collium

433 3399 622 3455 instar
649 3401 935 3453 testantur
964 3413 980 3463 ;
1012 3395 1289 3467 quos.qui
1322 3393 1451 3450 illac
1482 3395 1587 3450 iter
1646 3395 1837 3465 habet,
1887 3395 2078 3466 quivis

431 3487 769 3555 admiretur,
804 3489 869 3541 ut
897 3489 954 3540 et
974 3501 1098 3555 ego,
1139 3487 1235 3556 qui
1287 3483 1406 3539 haec
1461 3485 1676 3551 scribo,
1709 3500 1840 3539 sum
1889 3485 2074 3540 admi-

428 3582 614 3635 ratus.
644 3581 725 3632 Ac
757 3575 964 3647 quanti
995 3574 1222 3647 sepium
1258 3573 1476 3629 fuerint
1505 3574 1784 3642 ambitus,
1833 3592 1960 3648 quae
2008 3592 2078 3631 ex

424 3666 792 3724 Cimbrorum
841 3663 1076 3720 ossibus
1129 3661 1293 3718 factae
1351 3662 1807 3719 Massiliensium
1875 3664 2076 3721 vineas

425 3751 1034 3829 cingebant,Barbaris
1065 3770 1095 3807 ει
1125 3751 1306 3807 Mario
1337 3751 1485 3808 duce
1524 3756 1918 3810 Romanorum
1965 3770 2073 3808 ca:-

425 3846 528 3915 sis,
563 3845 602 3900 ii
635 3843 880 3900 maxime
931 3841 1198 3898 noverint
1255 3842 1354 3912 qui
1399 3856 1600 3898 recens
1658 3842 1798 3898 illud
1851 3843 2075 3900 facinus

426 3935 616 3990 oculis
644 3935 1004 4004 usurparunt
1032 3937 1088 3985 et
1119 3931 1344 3987 caeteris
1376 3937 1786 4002 exposuerunt.
1827 3933 1934 3988 Sed
1971 3933 2078 3989 hoc

426 4023 528 4080 illo
562 4023 763 4094 utique
793 4022 986 4091 majus
1015 4026 1125 4087 est,
1154 4021 1258 4075 96
1291 4021 1402 4075 nisi
1437 4023 1934 4094 magniloquentia
1991 4023 2077 4077 hi-

427 4113 642 4170 storica
671 4127 763 4166 res
792 4109 1086 4164 Cimbricae
1122 4109 1274 4164 ultra
1313 4110 1430 4164 veri
1491 4111 1661 4165 ﬁdem
1716 4117 2074 4184 exaggerata:

427 4201 848 4276 propemodum
874 4198 934 4253 in
968 4198 1220 4252 fabulam
1251 4197 1721 4270 degenerassent.
1772 4201 1852 4254 Ex
1904 4217 1968 4256 eo
2001 4203 2072 4257 ci-

422 4295 516 4346 tra
546 4287 764 4343 bellum
796 4285 1103 4341 Alemanni
1137 4290 1277 4340 sunt
1334 4287 1648 4359 progressi,
1692 4289 2073 4345 barbarorum

423 4377 658 4435 nemine
684 4375 1054 4448 impediente.

2183 1879 2352 1952 Θῆρας
2394 1877 2452 1933 ἐκ
2507 1880 2801 1953 ποιμνίων,
2859 1884 2966 1934 τῶν
3029 1880 3238 1934 οἰκείων
3295 1879 3562 1936 ἀπελάσαι
3631 1886 3832 1956 χιι-ρῶν

2179 1967 2269 2021 καὶ
2310 1968 2548 2026 πόλεων.
2589 1966 2814 2038 Ἐπειδῆ
2875 1967 2932 2024 δὲ
2987 1969 3076 2024 καὶ
3145 1971 3172 2024 6
3237 1971 3485 2044 ποταμὸς
3541 1971 3721 2036 οὗτος,
3755 1971 3828 2033 ὡς

2182 2053 2322 2112 ἔστιν
2376 2058 2528 2132 ὁρᾷν,
2579 2058 2678 2113 οὐκ
2725 2057 2912 2120 ἄλλως
2968 2059 3268 2134 περάσιμος
3317 2059 3361 2114 εἰ
3410 2061 3487 2134 μὴ
3519 2061 3828 2134 καινοτέραν

2182 2146 2374 2215 ἀνοίξει
2413 2167 2497 2209 τις
2547 2145 2811 2223 πάροδον,
2861 2149 3024 2211 αὐτὸς
3070 2149 3176 2224 ἐγὼ
3225 2149 3314 2203 καὶ
3363 2151 3425 2204 τὸ
3473 2150 3610 2203 κατᾶ
3637 2153 3826 2204 τοῦτον

2169 2235 2550 2311 ἐἰσηγήσομαι
2624 2238 2990 2312 γενησόμενον
3070 2239 3159 2292 καὶ
3265 2242 3368 2292 τοῦ
3443 2239 3829 2314 εἷσηγηθὲντος

2178 2327 2412 2400 πρώτως
2487 2327 2843 2401 κατάρξομαι.
2922 2329 3008 2389 Ἐς
3111 2327 3418 2402 ὁμαιχμίαν
3496 2327 3826 2406 φραξάμενοι

2183 2414 2330 2488 μίαν,
2371 2417 2461 2469 καὶ
2519 2420 2638 2478 ταῖς
2707 2417 2864 2491 χερσὶ
2925 2413 3108 2478 δόντες
3165 2417 3232 2470 τὰ
3291 2414 3512 2490 δόρατα,
3546 2413 3828 2489 διεξιππα-

2182 2500 2402 2573 σώμεθα
2467 2503 2559 2556 σὺν
2627 2503 2774 2577 ῥὸμῃ
2832 2501 2930 2557 τοῦ
2987 2504 3261 2576 ποταμίου
3320 2500 3480 2559 τοῦδε
3535 2505 3826 2577 ῥεύματος,

2180 2590 2269 2644 καὶ
2325 2589 2377 2651 ἐς
2429 2591 2560 2644 αὐτὸ
2617 2586 2950 2664 ἐμϐάλωμεν
3013 2593 3128 2665 μεθ’
3167 2594 3364 2668 ὅρμης’
3416 2593 3507 2647 καὶ
3552 2595 3826 2662 στήσεται,

2183 2677 2306 2736 οἶδα
2347 2686 2552 2760 σαφῶς,
2610 2681 2672 2735 τὸ
2728 2679 2872 2757 ὕδωρ
2931 2679 3231 2757 ἄναχασθὲν
3294 2682 3383 2736 καὶ
3442 2687 3538 2737 τοῦ
3575 2685 3696 2737 κατ’
3743 2681 3829 2736 εὖ·

2184 2771 2418 2846 θυωρίαν
2477 2769 2874 2840 ἀνακοπήσεται
2932 2772 3214 2846 προρῥέειν
3271 2770 3454 2846 ὥσπερ
3500 2769 3832 2845 ἐπαναστρα-

2183 2859 2300 2938 φὲν,
2330 2859 2469 2913 καθά
2496 2861 2583 2913 καὶ
2643 2857 2814 2914 πάλαι
2875 2860 3002 2933 ῥοῦς
3062 2861 3089 2914 6
3143 2857 3468 2934 Ἰορδάνειος
3500 2864 3580 2932 τῷ
3611 2857 3829 2934 Ἰσραηλ

2183 2949 2565 3020 πεζευόμενος.
2621 2948 2718 3002 Καὶ
2767 2947 2852 3018 ε’ἶη
2911 2948 2970 3002 ἂν
3027 2949 3089 3003 τὸ
3144 2947 3298 3024 ἔργον
3344 2953 3504 3005 τοῦτο
3535 2948 3624 3003 καὶ
3659 2945 3832 3002 διανό-

2186 3057 2303 3108 ημα
2338 3042 2454 3099 τοῖς
2503 3037 2784 3112 ὀψιγόνοις
2814 3035 3090 3110 ἀοίδιμον,
3139 3038 3324 3113 χρόνῳ
3359 3041 3432 3111 μὴ
3468 3035 3830 3108 διακοπτόμε-

2183 3146 2302 3192 νον,
2334 3125 2400 3178 οὗ
2428 3123 2604 3196 λήθης
2635 3126 2880 3196 ἐξίτηλον
2915 3127 3162 3201 ῥεύματι,
3211 3126 3301 3182 καὶ
3346 3126 3662 3204 κατάγελως
3691 3125 3823 3182 πλα-

2183 3214 2276 3275 τὺς
2315 3218 2423 3268 τῶν
2457 3217 2696 3288 Περσῶν,
2728 3217 2801 3269 ὧν
2852 3215 2919 3270 τὰ
2955 3217 3110 3270 κῶλα
3139 3215 3261 3291 περῖ
3290 3216 3507 3272 τουτονῖ
3550 3220 3838 3270 πεσοῦνται

2183 3303 2277 3356 τὸν
2311 3305 2554 3376 ποταμὸν
2595 3303 2646 3366 ἐς
2705 3302 2951 3359 κολωνὸν
3009 3305 3266 3379 αἰρόμενα
3311 3306 3401 3360 καὶ
3451 3306 3525 3368 ὡς
3566 3306 3828 3379 τρόπαιον

2184 3393 2594 3466 προφαινόμενα
2649 3393 2724 3452 εἰς
2775 3389 2939 3453 κλέος
2998 3395 3158 3466 ἡμῶν
3212 3393 3390 3449 αὐτῶν
3458 3393 3737 3457 ἀθάνατον.
3797 3414 3828 3444 η

2184 3484 2419 3536 Τοιαῦτα
2474 3479 3014 3556 παρακελευσάμενος
3067 3482 3155 3536 καὶ
3212 3483 3278 3536 τά
3335 3487 3542 3554 σημεῖα
3581 3487 3682 3550 τῆς
3730 3481 3837 3552 μά-

2188 3589 2296 3646 χης
2347 3569 2642 3643 ἀναδείξας,
2695 3569 2854 3625 αὐτὸν
2920 3591 2978 3626 τε
3046 3571 3136 3626 τὸν
3201 3572 3370 3626 ἳππον
3431 3569 3603 3647 ἐφῆκε
3663 3569 3842 3649 συχνὰ

2190 3659 2486 3732 μυωπίζων
2540 3681 2600 3716 τε
2663 3662 2752 3714 και
2817 3659 3234 3734 ἐγκελευόμενος
3302 3662 3376 3722 ὡς
3431 3661 3522 3714 τὸν
3581 3660 3838 3733 ποταμὸν

2189 3752 2324 3822 μετά
2369 3750 2550 3826 ῥύμης
2605 3744 3020 3821 διαϐησόμενος,
3075 3749 3164 3803 καὶ
3209 3750 3260 3804 οἱ
3312 3750 3499 3805 λοιποὶ
3532 3745 3588 3804 δὲ
3618 3751 3844 3804 παιανί-

2185 3859 2368 3901 σαντες
2417 3838 2506 3893 καὶ
2555 3839 2616 3892 τὸ
2670 3838 2889 3908 σύνηθες
2938 3836 3303 3908 ἀλαλάξαντες
3351 3837 3596 3913 ἐχώρουν
3646 3839 3842 3911 ὁμόσε,

2184 3927 2461 4005 πυργηδὸν
2511 3929 2800 4002 ταξάμενοι
2875 3931 2963 3984 καὶ
3024 3931 3400 3990 πυκνώσαντες
3459 3927 3684 3990 ἑαυτοὺς
3744 3930 3841 3983 καὶ

2187 4021 2374 4092 ἀθρόοι
2422 4017 2862 4090 ἐξιππαζόμενοι,
2913 4020 2987 4081 ὡς
3043 4024 3140 4074 τοῦ
3212 4018 3485 4092 ποταμίου
3558 4019 3844 4093 χεύματος

2184 4110 2245 4164 τὸ
2298 4109 2392 4181 μὶν
2437 4107 2486 4168 ἐς
2533 4109 2632 4176 τήν
2680 4107 2874 4183 χέρσον
2927 4107 3312 4184 ἐκτιναχθῆναι
3361 4113 3479 4169 ταῖς
3510 4113 3617 4162 τῶν
3647 4109 3843 4164 ἳππων

2191 4197 2420 4273 χηλαῖς,
2467 4198 2529 4252 τὸ
2578 4194 2634 4252 δὲ
2683 4194 3004 4268 διακοπῆναι
3072 4199 3160 4252 καὶ
3229 4205 3328 4266 τῆς
3391 4197 3579 4272 πρόσω
3643 4201 3846 4267 στῆναι

2189 4292 2383 4364 φορᾶς,
2435 4287 2507 4349 ὡς
2569 4286 2717 4360 ε’ἰπερ
2760 4287 2835 4349 εἷς
2895 4285 3156 4362 ἂνάῥρουν
3206 4288 3353 4364 παρὰ
3410 4287 3566 4364 φύσιν
3615 4286 3846 4344 ἀνὲλυεν

2097 4369 2143 4433 Ι)
2184 4375 2220 4449 ἤ
2251 4379 2338 4431 καὶ
2373 4376 2447 4439 εἷς
2499 4376 2744 4431 τοῦπίσω
2795 4372 3224 4446 ἀνεστοιϐςξζετο,
3277 4375 3472 4437 αὐτοὺς
3528 4373 3586 4431 δὲ
3635 4377 3710 4438 ὡς
3753 4375 3849 4433 διὰ

420 4466 588 4543 ξηρᾶς
665 4465 1103 4542 ὑγροποροῦντας
1170 4465 1316 4539 παρὰ
1383 4463 1540 4536 δόξαν
1601 4469 1722 4526 τοῖς
1797 4463 2030 4540 Πέρσαις
2103 4470 2459 4535 ἐπεισπεσεῐν,
2537 4464 2625 4520 ὅτε
2689 4465 2778 4520 καὶ
2849 4466 2924 4538 μή
2995 4463 3122 4544 ἔχον
3196 4466 3258 4520 τὸ
3337 4460 3611 4542 βάρϐαρον
3692 4471 3846 4545 φυγῇ

423 4559 522 4630 τήν
560 4554 833 4632 σωτηρίαν
867 4553 1172 4629 ὑποκλέψαι
1250 4559 1382 4632 γοῦν
1457 4553 1805 4628 (διωκόμενοι
1901 4559 1984 4628 [Ρ.
2039 4561 2132 4634 48]
2224 4559 2329 4633 γὰρ
2412 4550 2910 4627 κατελαμϐάνοντο,
2991 4552 3132 4628 μηδὲ
3206 4559 3314 4610 τῶν
3385 4553 3574 4610 ’ίππων
3655 4553 3850 4618 ἀύτοῖς

421 4647 835 4722 ἒπαμυνόντων,
911 4643 1010 4699 κᾶν
1082 4647 1215 4714 ἦσαν
1295 4641 1576 4705 ὠκύποδες
1651 4643 1741 4698 καὶ
1817 4643 1898 4700 ἐπ’
1975 4643 2150 4724 ἄκρων
2223 4645 2514 4720 ἀνθερίκων
2596 4647 2792 4719 μικροῦ
2861 4645 3092 4714 θέοντες)
3264 4644 3432 4718 ὁμόσε
3486 4650 3695 4720 χωρεῖν
3725 4651 3852 4707 τοῖς

425 4735 764 4810 ’Λλαμανοῖς
803 4734 940 4790 κατὰ
982 4734 1173 4809 μάχην
1213 4733 1563 4812 ἀγχέμαχον,
1603 4731 2028 4809 ἐκρεανομοῦντο
2086 4735 2375 4804 ποικίλως,
2426 4735 2514 4788 καὶ
2573 4731 2656 4788 ἐπ’
2707 4730 2867 4806 ἄλλῳ
2917 4731 3088 4795 ἄλλος
3145 4728 3369 4790 ἔπιπτον
3416 4735 3488 4796 ὡς
3541 4733 3849 4809 ἀστάχυες,

425 4824 522 4879 εἶ’τ’
563 4826 652 4878 οὗν
713 4823 788 4884 ὡς
847 4821 1004 4898 ῥᾶγες
1061 4823 1201 4894 αἷμα
1257 4824 1320 4877 τὸ
1391 4823 1617 4892 ζωτικὸν
1674 4819 2038 4887 ἀπεθλίϐοντο
2095 4831 2210 4886 τοῖς
2262 4822 2644 4900 λογχηφόροις
2701 4817 3187 4896 ληνοϐατοῦμενοι.
3239 4824 3304 4880 Οἱ
3368 4823 3458 4895 μὲν
3512 4822 3615 4896 γὰρ
3650 4821 3849 4897 δόρασι

428 4909 811 4982 διηλαύνοντο,
872 4911 921 4964 οἰ
983 4908 1038 4964 δὶ
1095 4915 1212 4973 τοῖς
1270 4915 1377 4966 τῶν
1432 4912 1598 4990 ξιφῶν
1654 4910 1977 4984 ἐπιμηκεσιν
2037 4915 2361 4989 ἀπεχώρουν
2434 4911 2566 4986 διχῆ
2629 4909 3020 4985 διαιρούμενοι,
3079 4913 3166 4966 καὶ
3233 4910 3474 4986 μάλιστα
3542 4916 3606 4966 τὸ
3675 4912 3846 4985 ψιλὸν

431 5001 608 5057 αὐτῶν
663 4998 752 5054 καὶ
808 4998 1013 5073 γυμνὸν
1070 5003 1166 5055 τοῦ
1225 5004 1475 5075 στρατοῦ,
1537 5002 1595 5055 οἱ
1653 4997 1710 5056 δὲ
1764 5007 1880 5064 τοῖς
1937 5001 2190 5078 ξιφιδίοις
2230 4999 2570 5074 παρασταδὸν
2629 5000 2979 5074 οὖταζόμενοι
3011 4998 3391 5074 ἀνετρέποντο,
3436 5002 3533 5063 τὰς
3590 5000 3847 5076 χολάδας

427 5093 524 5146 τοῦ
583 5086 798 5164 χαλκοῦ
856 5084 1218 5163 διεκχὲοντος,
1295 5089 1370 5150 ὡς
1446 5089 1573 5152 τοὺς
1631 5090 1890 5154 πεσόντας
1951 5091 2157 5166 Ηὲρσας
2214 5092 2281 5146 τὰ
2319 5089 2488 5147 ἐκεῖσε
2537 5088 2779 5165 καλύψαι
2853 5088 3017 5145 πεδία
3072 5096 3190 5154 τοῖς
3245 5090 3532 5163 πτώμασιν
3599 5085 3852 5159 ἀκριϐῶς

429 5179 518 5236 καὶ
553 5173 916 5251 ὑπεράντλους
957 5177 1054 5238 τὰς
1108 5177 1392 5256 φάραγγας
1447 5181 1615 5234 θεῖναι
1670 5187 1786 5241 τοῖς
1847 5180 2062 5253 αἳμασι,
2121 5185 2229 5236 τῶν
2289 5179 2347 5235 δὲ
2404 5179 2626 5238 Ἰταλῶν
2687 5179 2957 5255 βληθῆναι
3021 5181 3114 5251 μὲν
3173 5179 3278 5236 ἀπὸ
3335 5181 3504 5252 τόξων
3566 5177 3844 5248 πολλοὺς,

427 5263 840 5336 καταϐληθῆναι
905 5261 963 5320 δὲ
1027 5264 1116 5320 καὶ
1181 5267 1498 5345 ἀφυπνῶσαι
1560 5270 1786 5345 βραχεῖς
1861 5270 1937 5334 είς
2023 5271 2270 5326 Θάνατον.
2333 5269 2428 5324 Καὶ
2493 5273 2827 5345 μαρτυροῦσι
2894 5270 2954 5324 τὸ
3023 5274 3128 5324 τῶν
3195 5270 3468 5324 πεσόντων
3543 5269 3598 5330 ἐς
3677 5265 3842 5342 δεῦρο

426 5357 744 5417 πολύποσον
809 5355 860 5410 οἳ
911 5360 1018 5410 τῶν
1073 5353 1271 5410 ὀστέων
1328 5355 1497 5422 σωροὶ
1557 5357 1699 5412 οὕτω
1776 5360 1972 5435 συχνοὶ
2029 5359 2120 5414 καὶ
2183 5361 2446 5434 μετέωροι
2503 5355 2652 5422 ὄντες
2708 5359 2796 5412 καὶ
2858 5359 2990 5413 κατὰ
3060 5358 3124 5414 τὰ
3181 5359 3515 5429 ἀνεστηκότα
3577 5355 3846 5432 γεώλοφα

425 5449 802 5522 ἐπαιρόμενοι,
863 5445 940 5510 ὡς
1013 5448 1192 5518 θαῦμα
1264 5447 1470 5500 κεῖσθαι
1543 5447 1634 5502 καὶ
1709 5445 1904 5512 ἄλλοις
1963 5450 2056 5524 μὲν
2114 5449 2308 5506 ὀπόσοι
2374 5457 2473 5520 τῆς
2540 5447 2711 5504 ἐκεῖσε
2769 5449 3038 5530 φεροῦσης
3105 5449 3336 5523 ἥψαντο,
3395 5447 3565 5524 κᾶμοὶ
3635 5447 3692 5504 δὲ
3756 5452 3841 5520 τῷ

429 5543 597 5596 ταῦτα
671 5556 1059 5614 συγγραφοντι.
1135 5535 1352 5594 Ὀποῖαι
1432 5536 1526 5610 μὶν
1583 5535 1672 5592 οὖν
1729 5541 1862 5609 ἦσαν
1939 5546 2045 5596 τῶν
2101 5543 2338 5616 θριγγῶν
2415 5541 2470 5596 αἱ
2543 5540 2886 5616 περίμετροι,
2939 5542 2990 5596 οἳ
3039 5545 3147 5596 τῶν
3189 5537 3453 5616 Κίμϐρων
3479 5547 3596 5604 τοῖς
3626 5539 3839 5602 ὀστέοις

427 5631 524 5696 τὰς
578 5634 687 5688 τῶν
745 5626 1117 5700 Μασαλιητῶν
1169 5626 1452 5702 ἀμπέλους
1519 5632 2001 5710 περιεφράγμωσαθ
2060 5631 2274 5707 Μαρίου
2349 5635 2444 5688 τοῦ
2519 5631 2796 5707 Ῥωμαίου
2871 5632 2996 5697 τοὺς
3077 5629 3386 5712 βαρϐάρους
3461 5635 3839 5710 καταστρεψα-
