4140 6290
457 383 575 448 εστ

1795 379 2116 442 ΝΙΟΕΤιΕ
2159 381 2578 442 CHONIATM

3747 377 3862 440 A08

455 518 694 589 trajicit,
726 515 782 572 id
818 531 1046 590 quoque
1103 514 1204 571 98
1267 513 1729 586 promontorium
1790 513 1934 571 citra
1977 531 2107 570 san-

2221 510 2508 575 ἀλώπεκος
2564 511 2652 568 ἐπὶ
2719 513 2911 588 ῥηταῖς
2993 510 3317 585 ὁμολογίαις
3399 508 3529 567 εἲσω
3613 506 3864 585 δέχονται

461 610 720 682 guinem,
755 607 1248 677 quemadmodum
1285 604 1455 674 paulo
1485 613 1618 660 ante
1657 609 1981 676 Corcyram,
2014 620 2106 659 oc-

462 705 800 766 cupaturus.
823 696 929 752 Sed
962 711 1092 750 cum
1127 695 1184 749 in
1217 697 1370 750 viros
1396 697 1662 750 cordatos
1720 701 1778 748 et
1836 695 2111 749 libertatis

463 787 832 844 dulcedinem
857 794 1123 854 eXpertus
1147 785 1468 849 incidisset,
1503 788 1578 838 ita
1620 785 1888 854 repulsus
1925 790 2015 838 est
2045 799 2112 838 ac

466 877 604 933 siin
659 881 876 944 petram
935 874 1294 929 immobilem
1357 875 1720 945 impegisset,
1788 877 2113 945 infectaque

463 982 548 1034 re,
583 966 764 1020 remis
823 963 1260 1018 dissimulandis
1317 963 1465 1032 fugas
1519 980 1698 1018 causa
1763 965 1830 1017 ad
1875 967 2110 1033 puppim

461 1053 780 1118 conversis,
813 1052 1102 1108 discessit.
1135 1050 1445 1122 Vitatoque
1513 1052 1788 1106 Maleensi
1846 1052 2110 1120 trajectu,

460 1147 762 1198 ventorum
795 1140 1103 1195 contrariis
1136 1140 1402 1210 procellis
1427 1141 1656 1201 infesto,
1682 1140 1753 1194 de
1812 1156 1926 1211 quo
1980 1155 2110 1210 pro.

460 1231 722 1287 verbium
759 1237 1091 1298 usurpatur,
1128 1230 1210 1284 Ad
1273 1228 1532 1284 Malasam
1588 1246 1720 1284 cum
1780 1228 2114 1295 accesseris,

462 1337 664 1376 eorum
697 1337 826 1391 quae
849 1321 1004 1374 dumi
1037 1317 1218 1372 habes
1249 1317 1826 1382 obliVIscereJ'relum
1867 1317 2114 1372 interius

463 1409 810 1480 ingreditur.
857 1409 919 1462 Et
985 1410 1135 1463 latus
1193 1423 1316 1475 eius
1375 1413 1689 1478 utrumque
1749 1415 2113 1476 pervagatus,

463 1515 580 1553 non
600 1505 792 1568 aperta
817 1495 942 1552 loca
965 1497 1248 1551 duntaxat
1267 1496 1574 1567 populatus
1609 1503 1719 1564 est,
1753 1498 1852 1550 sed
1913 1511 2118 1566 Oppor-

466 1589 610 1642 tuna
640 1585 814 1642 etiam
851 1591 907 1640 et
937 1585 1163 1640 munita
1189 1585 1397 1656 partim
1433 1584 1490 1639 in
1505 1587 1850 1640 deditionem
1873 1584 2113 1655 accepit,

468 1675 680 1747 partim
709 1675 762 1730 vi
787 1673 1016 1746 subegit
1049 1692 1063 1743 ;
1095 1678 1269 1745 atque
1325 1674 1666 1740 Acarnania,
1728 1673 1950 1740 Etolia,
1997 1689 2114 1744 quas

467 1779 628 1821 nunc
658 1764 874 1818 Artinia
905 1762 1140 1830 dicitur,
1171 1767 1404 1834 totaque
1435 1779 1532 1817 ora
1557 1762 1842 1818 maritima
1869 1766 2114 1830 vastata,

467 1852 900 1909 Corinthiacum
933 1853 1100 1909 sinus
1131 1853 1324 1908 intrat.
1358 1857 1422 1906 Et
1449 1852 1507 1907 in
1541 1852 1848 1906 Crissaaum
1885 1855 2114 1921 portum

465 1943 755 2007 invectus,
807 1943 864 1996 in
946 1942 1364 1997 Mediterranea
1431 1941 1871 2011 impressionem
1933 1939 2115 1994 facere

469 2048 647 2088 ausus
675 2039 784 2096 est,
816 2045 951 2085 cum
981 2029 1276 2085 neminem
1309 2029 1697 2085 adversariqu
1753 2043 1950 2098 parem
2014 2029 2112 2082 ha-

469 2121 650 2175 beret.
686 2124 962 2173 Preterea
992 2117 1202 2173 classis
1236 2117 1540 2183 prefectus
1571 2115 1728 2186 gravi
1775 2120 1830 2171 et
1881 2115 1992 2170 levi
2024 2133 2119 2170 ar-

469 2212 702 2264 matura
742 2207 798 2260 in
833 2207 1015 2261 aciem
1047 2222 1078 2261 e
1109 2205 1354 2260 navibus
1384 2207 1612 2269 educta,
1645 2215 1902 2260 ceterum
1936 2205 2120 2259 instar

467 2295 568 2369 qui
601 2293 878 2366 pabulum
910 2295 1184 2363 utrinque
1218 2301 1443 2364 petunt,
1474 2293 1533 2348 in
1565 2294 1838 2348 Βωυιίιιω
1887 2295 2118 2363 irrupit,

467 2393 521 2441 et
554 2383 879 2452 interjectis
909 2381 1136 2452 oppidis
1167 2381 1355 2436 obiter
1384 2384 1624 2450 direptis
1672 2383 1900 2438 Thebas
1946 2381 2118 2452 cepit,

466 2478 525 2530 et
555 2472 709 2528 cives
742 2470 1141 2526 inhumaniter
1171 2473 1460 2536 tractavit,
1485 2472 1584 2542 qui
1617 2487 1752 2526 cum
1784 2487 1851 2526 ex
1882 2473 2121 2541 antiquo

469 2577 702 2620 rumore
731 2561 937 2617 divites
964 2559 1334 2629 haberentur,
1365 2562 1468 2618 οο
1527 2561 1687 2616 homo
1744 2562 2119 2632 insatiabilis,

470 2653 570 2726 qui
603 2649 830 2708 nullum
859 2651 1159 2722 cupiditati
1220 2657 1494 2707 statuerat
1557 2653 1816 2718 modum,
1849 2653 1960 2708 nisi
1986 2669 2118 2708 eum

465 2747 536 2797 ut
565 2757 741 2798 naves
765 2756 969 2796 omnes
997 2745 1098 2795 aut
1127 2739 1332 2796 saltem
1357 2741 1636 2809 plurimas
1688 2743 1942 2812 pecuniis
1974 2758 2118 2812 pon-

471 2833 607 2888 dere
629 2831 701 2887 ad
735 2830 968 2885 tertium
1030 2845 1209 2901 usque
1261 2829 1561 2901 cingulum
1623 2833 2004 2901 demergeret,
2065 2837 2122 2886 et

471 2921 706 2992 opiﬁces
735 2919 1025 2982 exhausit,
1053 2925 1109 2974 et
1147 2918 1368 2974 sordidi
1425 2921 1581 2974 oboli
1630 2920 1896 2975 curiosus
1953 2920 2120 2975 inda-

469 3017 656 3082 gator,
690 3013 976 3080 potentes,
1007 3006 1222 3062 illustri
1253 3022 1458 3074 genere
1486 3016 1669 3074 natos,
1723 3013 1890 3062 aetate
1945 3023 2118 3064 vene-

461 3098 676 3154 rabiles
707 3102 765 3151 et
793 3096 1075 3166 dignitate
1107 3100 1442 3166 praetentes
1471 3096 1644 3164 viros,
1689 3097 1868 3151 variis
1915 3096 2119 3152 alllixit

468 3185 682 3250 modis,
715 3183 935 3237 nullius
963 3184 1308 3238 verecundia
1343 3189 1445 3238 aut
1475 3183 1872 3239 misericordia
1903 3191 2116 3254 motus,

2214 600 2536 658 Σικελιῶτιν
2563 603 2822 678 φρουράν,
2884 601 2959 664 εἷς
3021 599 3242 676 χ·λίους
3289 599 3696 673 ἀριθμουμένην
3731 620 3864 675 φρα-

2214 690 2396 752 κτούς.
2460 690 2556 744 Καὶ
2632 692 2683 745 οἱ
2748 691 2844 763 μὶν
2961 691 3117 744 κανὸν
3178 687 3511 769 φορολογίας
3570 685 3864 762 ἀποδιδρά-

2216 802 2431 842 σκοντες
2463 777 2655 844 ἔλαθον
2687 782 2790 836 ὑπὸ
2845 783 3187 854 χαυνότητος
3243 783 3338 833 νοῦ
3382 784 3460 850 τῷ
3488 785 3588 846 τῆς
3617 776 3869 838 δουλείας

2217 870 2540 943 ἐμπεσόντες
2602 870 2730 943 πυρὶ
2789 871 2878 924 καὶ
2946 869 3244 941 Ῥωμαίοις
3311 867 3703 942 εἶσενεγκόντες
3771 869 3875 922 πό-

2217 958 2387 1031 λεμον
2441 959 2493 1013 οἱ
2555 957 2881 1033 χαλίφρονες
2939 958 3163 1034 χρόνιον
3214 958 3356 1030 ὁμοῦ
3411 959 3498 1012 καὶ
3548 957 3869 1030 βαρύτατον⁸

2217 1049 2244 1102 6
2287 1047 2344 1102 δὲ
2401 1047 2464 1102 τὸ
2521 1047 2781 1123 φρούριον
2847 1049 3280 1121 κρατυνάμενος,
3320 1046 3408 1100 καὶ
3444 1047 3517 1107 ὡς
3553 1047 3706 1121 εἶχεν
3738 1046 3872 1100 αὐτὸ

2217 1138 2451 1204 ποιήσας
2512 1134 2950 1210 δυσαλωτότερον
2999 1136 3088 1190 καὶ
3156 1136 3279 1189 οἷον
3338 1136 3870 1213 ἀπροσμαχώτερον,

2218 1225 2414 1280 ἐκεῖθεν
2458 1225 2712 1300 ἀναχθεὶς
2773 1229 2841 1298 τῇ
2899 1219 3256 1296 Μονεμϐασίᾳ
3309 1225 3625 1300 προσίσχει,
3686 1223 3870 1279 ἐλπίσι

2217 1314 2556 1384 θαλπόμενος
2623 1315 2696 1375 ὡς
2751 1313 2982 1384 λήψεται
3068 1315 3158 1369 καὶ
3247 1315 3472 1384 ταυτηνὶ
3537 1316 3639 1382 τὴν
3708 1315 3875 1388 ὰκραν

2217 1401 2486 1474 ἀναιμωτὶ
2551 1400 2733 1476 ὥσπερ
2795 1405 2900 1476 πρὸ
2954 1405 3147 1477 τρίτης
3211 1405 3309 1470 τήν
3372 1401 3660 1477 Κέρκυραν.
3709 1401 3873 1458 Ἀλλ’

2217 1491 2468 1566 ἀνδράσιν
2525 1490 2766 1565 ἐντυχὼν
2826 1497 2905 1563 νῷ
2985 1489 3388 1564 διοικουμένοις
3473 1493 3562 1546 καὶ
3622 1494 3722 1560 τήν
3773 1495 3882 1560 τῆς

2217 1579 2526 1655 ἐλευθερίας
2585 1580 2686 1635 οὐκ
2742 1579 3043 1655 ἠγνοηκόσι
3097 1581 3329 1658 Παφίαν,
3387 1580 3732 1655 ἀπεκρούσθη
3800 1581 3883 1643 ὡς

2218 1669 2264 1726 εἰ
2325 1670 2411 1724 καὶ
2465 1665 2730 1744 προϐόλῳ
2783 1665 3116 1744 προσέϐαλεν
3167 1669 3461 1741 ἀτινάκτῳ,
3501 1669 3592 1724 καὶ
3623 1668 3886 1744 πρύμναν

2217 1756 2581 1831 κρουσάμενος
2655 1754 2852 1812 ἐκεῖθεν
2925 1755 3175 1830 ἀνάγεται
3251 1760 3332 1827 [Ρ.
3406 1758 3497 1829 50]
3572 1754 3884 1829 ἄπρακτος.

2148 1842 2478 1951 ΒὙπέρϐάς
2537 1844 2594 1901 δὶ
2640 1847 2732 1901 τὸν
2789 1844 2877 1899 ἐπὶ
2929 1844 3151 1902 Μαλέαν
3185 1843 3383 1916 πλοῦν,
3439 1846 3751 1909 ἀντιπνοίας
3779 1846 3886 1920 γέ-

2223 1955 2393 2008 μοντα
2452 1935 2650 2004 πάσης,
2709 1934 2830 2009 περὶ
2886 1935 2949 1989 οὗ
3023 1935 3110 1990 καὶ
3192 1939 3360 1990 ταῦτα
3425 1935 3881 2007 παροιμιάζεται,

2220 2048 2248 2077 ‹‹
2285 2025 2498 2079 Μαλέαν
2560 2021 2604 2078 δ’
2663 2023 2973 2096 ἐπικάμψας
3031 2023 3294 2087 ἐπιλάθου
3340 2028 3448 2080 τῶν
3477 2021 3688 2094 οῖγαδε,
3718 2048 3746 2075 ››
3779 2024 3883 2079 τὸν

2219 2113 2482 2188 ἐσέχοντα
2532 2114 2781 2188 πορθμὸν
2843 2112 3118 2185 ἀνάγεται,
3175 2113 3267 2167 καὶ
3319 2115 3386 2166 τά
3437 2112 3634 2167 τούτου
3689 2110 3890 2166 ἐκατέ-

2222 2215 2392 2278 ρωθεν
2452 2203 2616 2257 ἐπιὼν
2672 2203 2735 2258 οὐ
2802 2203 2870 2257 τά
2926 2201 3230 2276 εύχείρωτα
3308 2202 3468 2273 μόνον
3569 2198 3888 2276 κατέδραμε

2225 2293 2372 2350 λείαν
2406 2295 2714 2367 τιθέμενος,
2773 2290 2920 2348 ἀλλά
2977 2293 3066 2347 καὶ
3121 2293 3189 2346 τά
3244 2290 3432 2354 ἄλλως
3491 2290 3889 2368 ἐπικαιρότατα

2221 2385 2309 2438 καὶ
2343 2380 2652 2448 ὂυσάλωτα,
2711 2383 2776 2436 τά
2836 2383 2930 2454 μὲν
2978 2380 3249 2456 ὁμολογίᾳ
3305 2381 3665 2457 χειρούμενος
3724 2382 3791 2435 τὰ
3822 2379 3894 2437 δὶ

2223 2470 2460 2543 πολέμῳ
2493 2469 2884 2542 δουλούμενος,
2949 2470 3271 2544 Ἀκαρνᾶνας
3324 2490 3384 2524 τε
3437 2469 3528 2524 καὶ
3587 2469 3886 2533 Αἰτωλοὺς

2222 2560 2348 2622 τοὺς
2420 2563 2510 2614 νῦν
2588 2557 2922 2632 λεγομένους
2979 2557 3281 2632 Ἀρτινοῦς,
3333 2559 3424 2614 καὶ
3498 2559 3598 2613 ὃσα
3655 2559 3882 2632 πάραλα

2221 2649 2480 2724 ἀμαυρῶν
2536 2649 2628 2702 τὸν
2691 2647 3043 2716 Κορινθιακὸν
3105 2647 3314 2703 κόλπον
3381 2645 3715 2704 εἰσέπλευσε.
3780 2651 3883 2704 Καὶ

2223 2743 2300 2810 τῷ
2328 2737 2608 2809 Κρισσαίῳ
2657 2734 2843 2808 λιμένι
2897 2736 3320 2811 προσορμισθεὶς
3374 2741 3492 2799 τοῖς
3523 2735 3572 2790 ἐν
3611 2737 3883 2811 μεσογείῳ

2223 2824 2411 2900 θαῤῥεῖ
2459 2821 2816 2900 προσϐαλεῖν,
2859 2823 3049 2879 οὐδένα
3106 2823 3252 2899 ἔχων
3309 2824 3602 2881 ἀντίπαλον
3651 2827 3880 2880 ἰσοστά-

2224 2939 2356 2972 σιον.
2400 2915 2624 2988 Ἀμέλει
2655 2917 2744 2970 καὶ
2785 2917 2813 2970 ὁ
2846 2921 2939 2970 τοῦ
2966 2916 3166 2971 στόλου
3199 2917 3448 2992 ἀρχηγὸς
3479 2917 3542 2972 τὸ
3584 2917 3873 2972 ὁπλιτεῦον

2221 3007 2310 3062 καί
2371 3005 2537 3080 ψιλὸν
2595 3009 2690 3060 τοῦ
2749 3010 2979 3080 στρατοῦ
3035 3005 3110 3066 εἰς
3157 3007 3332 3078 τάξεις
3389 3005 3718 3082 διειληφὼς,
3789 3007 3869 3060 καί

2225 3101 2480 3170 χερσαῖος
2535 3097 2718 3172 φανεὶς
2749 3096 2942 3158 ὁτέως
3001 3094 3294 3160 θαλάττιος
3351 3097 3489 3151 κατά
3542 3101 3654 3151 τῶν
3693 3099 3859 3166 κητῶν

2223 3185 2288 3240 τὰ
2364 3179 2833 3261 ἀμφιϐοσκόμενα,
2903 3188 2972 3249 τῆ
3055 3181 3296 3256 Καδμείᾳ
3372 3188 3445 3258 γῇ
3519 3180 3871 3258 παρενέϐαλε,

467 3265 644 3328 homo
676 3286 919 3343 prorsus
952 3269 1339 3335 inexorabilis,
1373 3287 1486 3325 non
1519 3272 1829 3326 vindictam
1877 3272 2114 3328 inevita-

2227 3273 2318 3327 καὶ
2356 3247 2542 3336 τάξέν
2595 3247 2742 3345 μέάῳ
2781 3247 3134 3345 κωμοπόλεις
3171 3247 3318 3328 ’ὁδοῦ
3371 3247 3635 3350 πάρεργόν
3680 3247 3881 3341 ληϊσάζ

469 3359 666 3430 bilem,
702 3375 816 3412 non
866 3359 1169 3413 Cadmeam
1227 3360 1525 3414 victoriam
1576 3359 1812 3416 timens.
1859 3360 2119 3432 Denique

475 3449 662 3507 sacris
719 3448 886 3503 libris
945 3446 1282 3517 prepositis,
1337 3446 1596 3518 singulos
1648 3449 1856 3505 cinctis
1905 3449 2120 3506 lumbis

475 3538 795 3609 ingressos,
855 3536 1254 3608 inspectisque
1323 3535 1508 3604 libris,
1560 3554 1692 3593 cum
1743 3539 2120 3610 jurejurando

477 3642 644 3684 suam
697 3640 814 3681 rem
870 3624 1215 3680 familiarem
1268 3623 1563 3679 declarare
1621 3641 1798 3696 eaque
1855 3628 2120 3697 abjurata

475 3714 776 3773 discedere
805 3713 1113 3786 coegit.Sic
1133 3713 1291 3769 omni
1323 3714 1658 3783 auro,omni
1679 3720 1936 3786 argento,
1959 3720 2120 3775 omni

470 3807 729 3881 pretiosa
774 3811 933 3862 veste
989 3805 1236 3860 navibus
1287 3804 1577 3877 imposita,
1647 3823 1719 3862 ne
1777 3808 2120 3879 corporibus

471 3897 703 3968 quidem
726 3911 924 3952 eorum
949 3895 1198 3966 pepercit
1219 3911 1359 3963 quos
1381 3895 1692 3965 spoliarat;
1746 3896 1845 3950 sed
1907 3896 1988 3967 pri
2001 3912 2118 3951 mo-

468 3985 868 4042 ribusdelectu
894 4000 962 4038 ex
980 3984 1359 4055 optimatibus
1397 3983 1595 4039 habito
1655 3985 2116 4054 comprehensis,

469 4082 524 4130 et
557 4073 840 4129 matronis
881 4073 1288 4142 pulcherrimis
1319 4089 1388 4128 ac
1445 4073 1752 4129 dissimilis
1805 4079 1862 4127 et
1890 4074 2118 4128 texendi

469 4161 844 4233 peritissimis
872 4161 1122 4230 selectis,
1154 4161 1286 4215 inde
1320 4161 1608 4216 discessit.
1638 4162 1719 4216 ita
1748 4162 1922 4216 rebus
1955 4179 2120 4231 pros-

469 4263 609 4320 pere
647 4248 1120 4314 succedentibus,
1153 4265 1343 4320 neque
1399 4258 1547 4305 terra
1603 4265 1788 4318 neque
1821 4251 1962 4304 mari
1999 4250 2118 4304 ullo

467 4337 796 4404 resistente,
833 4336 1170 4393 Corinthum
1232 4339 1436 4406 tendit,
1498 4339 1700 4395 urbem
1760 4338 2117 4405 divitem,in

469 4427 626 4483 100
650 4427 867 4482 Isthmo
900 4425 1091 4493 sitam,
1123 4427 1462 4498 duobusque
1519 4427 2010 4482 commodissimis
2047 4430 2116 4481 ad

465 4516 922 4586 exportationem
939 4519 996 4571 et
1023 4515 1100 4571 im
1112 4517 1493 4587 portationem
1518 4532 1584 4572 ac
1603 4516 2115 4587 commutationem

2233 3381 2393 3435 μενος
2446 3368 2564 3425 ταῖς
2614 3361 2950 3424 ἑπταπύλοις
2997 3358 3203 3432 Θήϐαις
3259 3358 3614 3438 προσέϐαλεν,
3662 3362 3736 3415 ὧν
3786 3360 3882 3415 καὶ

2229 3452 2523 3525 γενόμενος
2583 3450 2847 3526 ἐγκρατής
2907 3451 3285 3525 ἀπανθρώπως
3334 3457 3455 3514 τοῖς
3513 3451 3621 3508 ἐκεῖ
3665 3469 3884 3525 προση-

2227 3539 2418 3613 νέχθη.
2479 3541 2615 3595 κατά
2669 3541 2774 3616 γὰρ
2827 3539 3062 3594 παλαιάν
3113 3543 3305 3618 φήμην
3371 3545 3471 3606 τῆς
3530 3538 3750 3603 πόλεως
3808 3540 3885 3602 ὡς

2229 3628 2527 3692 πλουσίους
2552 3631 2858 3706 τρεφούσης
2888 3631 3183 3705 οἰκήτορας
3230 3630 3307 3692 εἷς
3358 3630 3665 3705 χρημάτων
3694 3628 3883 3699 ἀπλη-

2230 3719 2381 3774 στίαν
2413 3719 2866 3791 ὑπονυττόμενος,
2905 3719 2995 3773 καὶ
3049 3716 3252 3792 μηδένα
3283 3722 3444 3794 κόρον
3477 3716 3883 3796 φιλοπλουτίας

2229 3805 2407 3875 εἰδὼς,
2457 3805 2585 3863 ἀλλ’
2642 3809 2768 3882 ὅρον
2817 3808 3098 3881 τιθέμενος
3147 3815 3246 3877 τῆς
3305 3808 3535 3886 ἐφέσεως
3584 3809 3648 3862 τὸ
3676 3809 3768 3862 καὶ
3803 3806 3884 3868 εἷς

2226 3895 2406 3971 τρίτον
2438 3901 2693 3970 ζωστῆρα
2748 3901 2817 3971 τῇ
2880 3895 3021 3970 ὁλκῇ
3078 3901 3186 3951 τῶν
3239 3899 3548 3974 χρημάτων
3579 3897 3674 3958 τὰς
3705 3896 3887 3958 πάσας

2228 3985 2262 4054 ἢ
2310 3985 2403 4046 τάς
2455 3984 2682 4046 πλείους
2728 3987 2861 4052 νῆας
2910 3986 3286 4060 βαπτίζεσθαι,
3334 3986 3461 4048 τούς
3508 4007 3567 4040 τι
3619 3987 3891 4061 χειρώνα-

2226 4093 2356 4134 κτας
2403 4073 2656 4144 ἐξεπίεζε,
2707 4075 2829 4149 περὶ
2878 4079 2975 4130 τοῦ
3027 4075 3199 4152 ῥύπου
3245 4080 3354 4132 τῶν
3423 4070 3640 4131 ὀϐολῶν
3705 4073 3890 4130 πολυ-

2226 4162 2492 4237 πράγμων
2551 4162 2860 4237 γινόμενος,
2921 4165 3011 4218 καὶ
3069 4165 3199 4226 τοὺς
3256 4161 3514 4224 δυνατοὺς
3571 4164 3664 4219 καὶ
3733 4162 3892 4237 λαμ-

2226 4253 2400 4327 προὺς
2424 4251 2487 4306 τὸ
2532 4251 2682 4326 γένος
2731 4254 2819 4306 καὶ
2871 4253 3098 4326 σεμνοὺς
3138 4255 3236 4321 τήν
3269 4253 3490 4323 ἠλικίαν
3531 4254 3623 4308 καὶ
3653 4254 3890 4334 περίφαο

2224 4346 2332 4402 νεῖς
2389 4343 2505 4396 κατ’
2553 4341 2769 4410 ἀξίωσιν
2822 4338 3106 4420 διαφόροις
3151 4343 3418 4398 κακώσεσι
3468 4337 3888 4412 καθῦπέϐαλλε,

2229 4426 2462 4503 μηδενὸς
2514 4425 2810 4502 λαμϐάνων
2861 4428 2998 4485 αἱδὼ
3068 4431 3158 4486 καὶ
3207 4429 3400 4508 φειδὼ,
3461 4432 3538 4504 μή
3591 4429 3886 4488 δυσωπού-

2229 4541 2392 4594 μενος
2422 4522 2520 4590 τὴν
2555 4519 2887 4592 δυσώπησιν,
2941 4522 3018 4593 μή
3064 4531 3166 4590 τὴν
3217 4508 3564 4597 Ἀδράστειαν
3607 4519 3886 4578 εὐλαϐού-

466 4609 751 4664 mercium
786 4608 1070 4677 portubus
1088 4607 1343 4663 nobilem
1375 4624 1388 4672 ;
1413 4607 1469 4660 in
1494 4623 1742 4678 quorum
1764 4606 2008 4662 alterum
2040 4623 2108 4663 ex

2227 4631 2390 4684 μενος
2449 4609 2612 4664 αὐτοῦ
2668 4629 2776 4664 που
2834 4603 3103 4665 λαϐοῦσαν
3145 4595 3344 4686 ἀρχὴν,
3393 4611 3430 4680 ἥ
3476 4613 3569 4680 τήν
3601 4609 3882 4686 Καδμείαν

463 4699 618 4766 Asia,
672 4699 915 4753 alterum
969 4713 1038 4753 ex
1097 4697 1262 4754 Italia
1314 4695 1650 4766 appellitur.
1710 4695 1854 4751 Cum
1915 4701 2110 4753 autem

464 4791 803 4854 mercatum,
863 4802 992 4856 qua!
1041 4785 1282 4841 inferior
1340 4786 1479 4840 urbs
1515 4791 1624 4851 est,
1665 4801 1913 4841 vacuum
1947 4801 2109 4855 repe-

466 4873 665 4936 risset,
690 4873 1169 4929 Acrocorinthum
1229 4873 1406 4930 etiam
1465 4874 1692 4944 (omnes
1736 4874 1891 4929 enim
1945 4890 2107 4930 escu-

468 4960 626 5015 lenta
656 4961 872 5028 omnia,
931 4977 1134 5017 omnes
1191 4979 1332 5034 opes
1387 4964 1506 5020 sive
1562 4981 1759 5020 sacras
1818 4963 1934 5019 sive
1979 4981 2112 5035 pro-

463 5047 632 5104 fanas
692 5064 760 5103 eo
835 5049 1222 5120 contulerant)
1301 5055 1641 5108 tentandum
1721 5053 1972 5120 censuit,
2057 5060 2111 5108 et

463 5136 513 5191 si
549 5135 671 5190 ﬁeri
705 5143 919 5206 posset,
969 5141 1440 5208 expugnandum.
1501 5142 1629 5196 Fuit
1684 5147 1874 5196 autem
1931 5147 2107 5195 Acro-

462 5223 770 5280 corinthus
824 5224 1032 5279 veteris
1091 5225 1254 5282 urbis
1307 5245 1426 5296 arx,
1487 5246 1641 5285 nunc
1699 5245 1831 5286 vero
1896 5229 2109 5284 castel-

461 5312 583 5369 lum
620 5313 908 5367 munitum
941 5321 1049 5374 est.
1082 5315 1264 5369 monti
1322 5316 1439 5372 alto
1499 5318 1836 5388 impositum
1873 5317 1928 5372 in
1973 5333 2110 5372 acu-

460 5405 586 5457 tum
646 5416 924 5455 cacumen
987 5403 1305 5472 fastigiato,
1359 5405 1551 5474 ipsum
1612 5421 1749 5461 vero
1812 5406 2109 5478 fastigium

462 5489 759 5562 planitiem
795 5489 970 5544 habet
996 5507 1210 5546 mense
1244 5491 1449 5558 forma,
1477 5493 1659 5548 ﬁrmis
1683 5496 1968 5551 moenibus
1998 5497 2107 5550 cir-

460 5580 829 5639 cumdatum;
859 5578 1018 5634 intus
1051 5595 1163 5634 non
1199 5580 1364 5650 pauci
1399 5587 1536 5635 sunt
1556 5598 1720 5652 aqua;
1739 5583 2036 5654 pellucidae
2052 5589 2110 5639 et

461 5665 734 5740 potabilis
769 5666 1005 5736 puteoli,
1039 5675 1092 5724 et
1121 5668 1252 5726 fons
1281 5668 1506 5739 Pirene,
1566 5670 1733 5741 cujus
1781 5672 1955 5728 etiam
2003 5673 2111 5728 Ho-

2221 4698 2524 4774 λεγομένην
2574 4698 2730 4768 νίκην
2783 4697 3252 4772 ὑποϐλεπόμενος.
3310 4699 3481 4763 Τέλος
3533 4699 3588 4756 δὲ
3635 4702 3705 4756 τά
3755 4702 3880 4776 ἱέρὰ

2219 4787 2440 4862 προθεὶς
2494 4789 2794 4864 γράμματα
2867 4790 3164 4864 ἠνάγκαζεν
3225 4787 3470 4857 ἕκαστον,
3537 4791 3637 4860 τὴν
3705 4791 3877 4867 ὀσφῦν

2222 4878 2599 4948 ὑπεζωσμένον
2632 4875 2888 4945 εἰσιόντα,
2937 4879 3035 4946 τήν
3083 4877 3282 4937 οἰκείαν
3329 4879 3510 4934 οὐσίαν
3561 4881 3644 4940 οἷς
3690 4879 3884 4934 evom-

2222 4972 2393 5040 ρεῖται
2428 4968 2548 5038 μεθ’
2581 4965 2746 5038 ὅρκου
2779 4963 3061 5042 διασαφεῖν
3118 4967 3210 5022 καὶ
3264 4967 3466 5038 ταύτην
3499 4967 3877 5041 ἐξομιύμενον

2219 5055 2454 5111 ἀπιέναι.
2515 5054 2615 5111 Καὶ
2669 5054 2812 5110 οὕτω
2877 5053 3051 5110 πάντα
3117 5055 3341 5128 χρυσὸν,
3407 5054 3639 5132 ἄργυρον
3703 5058 3878 5112 πάντα

2221 5141 2603 5220 διεκφορήσας,
2635 5143 2852 5205 καὶτὰς
2899 5150 3234 5221 χρυσοϋφεῖς
3281 5145 3474 5206 ὀθόνας
3519 5151 3639 5207 ταῖς
3687 5147 3879 5201 ναυσὶν

2219 5230 2524 5303 ἐνθέμενος,
2583 5230 2706 5286 οὐδὲ
2749 5236 2858 5288 τῶν
2908 5235 3176 5306 σωμάτων
3225 5233 3400 5288 αὐτῶν
3451 5239 3558 5290 τῶν
3594 5235 3684 5290 ὑπ’
3713 5235 3880 5290 αὐτοῦ

2217 5319 2656 5393 καλαμωθέντων
2703 5321 2992 5394 άπεσγετο,
3041 5321 3187 5379 ἀλλᾶ
3230 5321 3322 5378 καὶ
3369 5324 3576 5380 τούτων
3628 5324 3877 5400 ἀριστίν-

2219 5406 2316 5479 δην
2363 5411 2424 5462 τὸ
2467 5411 2712 5485 προῦχον
2759 5405 3075 5477 συλλαϐὼν,
3141 5416 3248 5466 τῶν
3299 5433 3358 5466 τε
3407 5419 3677 5487 γυναικῶν
3733 5416 3870 5469 ἄπο-

2217 5497 2400 5569 κρίνας
2449 5497 2569 5552 ὅσαι
2617 5500 2680 5554 τὸ
2729 5495 2875 5562 εἶδος
2914 5497 3078 5553 καλαὶ
3127 5500 3218 5554 καὶ
3272 5501 3576 5576 βαθύζωνοι
3619 5505 3708 5558 καὶ
3747 5509 3867 5564 τοῖς

2216 5586 2416 5658 νάμασι
2464 5585 2735 5648 πολλάκις
2801 5594 2900 5655 τῆς
2954 5585 3356 5662 καλλικρούνου
3419 5590 3619 5665 Δίρκης
3669 5589 3866 5647 λουσά-

2221 5695 2374 5748 μεναι
2459 5675 2548 5729 καὶ
2623 5675 2719 5738 τὰς
2786 5676 2959 5750 κόμας
3045 5673 3502 5752 διιυθετισάμεναι
3589 5679 3678 5735 καὶ
3763 5682 3861 5750 τήν
