4140 6290
322 369 443 431 409
1360 368 1461 430 DE
1504 370 1606 429 MA
1617 368 1887 430 NUELE
1931 363 1957 428 ε

2110 367 2312 433 ΝΕΝο
2358 372 2504 434 LIB.
2552 370 2630 433 Ii.
3622 370 3745 432 410

332 500 680 577 ἱστουργικὴν
763 500 1099 578 κομψότητα
1151 497 1341 565 καλῶς
1395 498 1771 573 ἐπιστάμεναι,
1815 497 1967 554 οὕτωε

2120 520 2293 559 nerus
2324 504 2383 560 in
2417 506 2673 579 Odyssea
2702 506 2991 564 meminit.
3022 505 3083 561 Id
3117 503 3445 573 castellum,
3477 503 3755 575 quamvis

345 591 541 647 ἐκεῖθεν
603 590 887 665 ἀνάγεται.
948 590 1099 646 Κατά
1173 588 1299 664 ῥοῦν
1357 587 1416 645 δὲ
1497 593 1604 645 τῶν
1658 589 1980 663 πραγμάτωι

2116 600 2162 648 at
2195 600 2403 649 natura
2435 602 2490 649 et
2520 612 2693 651 manu
2728 599 2870 652 adeo
2903 597 3220 661 munitum,
3273 596 3414 649 adeo
3457 601 3649 649 tutum
3684 610 3751 649 ac

340 683 481 751 αὐτῷ
510 678 983 757 προχωρούντων,
1040 679 1131 733 καὶ
1193 676 1402 751 μηδένα
1440 682 1536 733 τοῦ
1577 682 1771 752 καιροῦ
1837 677 1975 732 ἀντί-

2108 699 2245 752 pene
2279 684 2749 756 inexpugnabile,
2792 686 2973 741 Siculi
3031 684 3237 741 Franci
3290 686 3433 737 citra
3482 683 3743 738 laborem

342 788 517 844 μαχον
546 762 802 843 ἔχοντος,
835 767 902 821 ού
945 769 1083 822 κατὰ
1137 768 1359 843 χέρσον,
1391 768 1453 822 ού
1505 770 1642 822 κατὰ
1698 766 1968 822 θάλασσαν

2104 771 2219 827 fere
2249 778 2383 827 sunt
2413 775 2684 846 ingressi,
2716 776 2922 845 exiguo
2952 780 3211 844 tempore
3267 775 3334 828 ad
3388 774 3739 827 deditionem

334 862 429 914 τοῦ
461 859 598 932 πρὸς
641 857 906 929 Κόρινθον
954 851 1135 931 ἔχεται
1191 857 1355 927 πλοῖ’),
1413 855 1576 911 πόλιν
1635 856 1851 934 ἀφνειὸν
1903 876 1969 909 κα

2106 870 2385 916 coactum.
2412 863 2607 934 Neque
2629 880 2759 918 vero
2777 881 2989 919 novum
3014 864 3122 918 hoc
3143 872 3221 917 est
3248 872 3348 917 aut
3373 863 3741 930 mirandum;

328 947 591 1020 κειμένην
624 946 763 1020 πρὸς
813 949 894 1016 τῷ
925 943 1129 1019 Ἰσθμῷ
1182 946 1271 999 καὶ
1332 941 1699 1019 ὀλϐιζομένην
1763 945 1865 1000 ὑπὸ
1895 942 1963 999 λι¹

2107 967 2291 1022 neque
2321 953 2473 1006 enim
2510 954 2702 1023 ipsum
2737 952 3037 1007 castellum
3100 953 3227 1007 sine
3276 953 3431 1022 justo
3474 952 3742 1023 praesidio

330 1036 513 1109 μένων
564 1033 739 1104 δυοῖν,
803 1033 880 1089 ὧν
935 1035 962 1087 ὁ
1024 1034 1118 1106 μὲν
1176 1032 1303 1096 τοὺς
1361 1031 1413 1104 ἐξ
1472 1035 1656 1096 Ἀσίας
1730 1033 1965 1109 ναυλοχε

2106 1057 2162 1096 se
2194 1041 2389 1111 ipsum
2422 1044 2729 1096 defendere
2788 1044 2933 1096 τοι
3003 1047 3106 1096 aut
3165 1043 3362 1095 hostes
3405 1041 3741 1111 propulsare

323 1126 708 1200 καταίροντας,
743 1125 771 1178 ὁ
812 1121 869 1177 δὲ
897 1124 1024 1184 τοὺς
1083 1121 1133 1195 ἐξ
1191 1121 1417 1177 Ἰταλῶν
1477 1121 1846 1192 εἰσπλέοντας,
1902 1143 1958 1176 κο

2108 1130 2293 1199 potuit
2323 1147 2335 1185 :
2370 1131 2641 1201 quamvis
2672 1131 2827 1184 enim
2863 1130 3029 1185 multi
3052 1132 3326 1185 custodes
3349 1130 3403 1183 in
3431 1146 3497 1184 eo
3521 1135 3743 1195 essent,

323 1212 551 1290 ῥᾳδίους
592 1212 930 1286 ἑκατέρωθεν
982 1210 1074 1273 τὰς
1132 1211 1434 1285 εἰσαγωγάς
1492 1232 1551 1266 τε
1578 1211 1669 1267 καὶ
1715 1211 1958 1288 ἐξαγωγᾶ

2110 1217 2297 1273 nullus
2328 1226 2517 1273 tamen
2557 1221 2703 1275 inter
2734 1218 2861 1274 illos
2915 1221 3017 1275 fuit
3075 1219 3163 1272 vir
3222 1219 3406 1285 fortis,
3440 1220 3530 1274 cui
3591 1226 3745 1273 recte

317 1309 430 1360 τῶν
464 1302 704 1377 φορτίων
734 1296 969 1376 ἔχουσαν
998 1300 1093 1354 καί
1150 1300 1248 1364 τὰς
1302 1301 1440 1373 πρὸς
1479 1298 1767 1371 ἀλλήλους
1796 1321 1952 1355 ποιου

2106 1307 2353 1362 civitatis
2375 1309 2641 1363 custodia
2661 1308 3160 1363 crederetur.1\'am
3192 1308 3547 1376 imperatorii
3582 1306 3741 1361 mili-

333 1391 504 1464 μένην
542 1385 805 1463 ἀμοιϐάς.
850 1390 948 1446 Καὶ
981 1387 1046 1459 δὴ
1088 1387 1149 1443 τὸ
1211 1388 1478 1463 ἐμπόριον
1518 1389 1690 1459 εύρὼν
1755 1383 1966 1463 ἔρημον

2102 1402 2182 1450 tes
2204 1412 2335 1450 cum
2357 1413 2463 1451 suo
2487 1399 2632 1451 duce
2660 1397 2982 1466 Nicephoro
3007 1397 3307 1467 Chaluphe
3326 1405 3380 1450 et
3408 1395 3737 1451 Corinthio-

336 1483 473 1555 ὅπερ
504 1483 541 1549 ἡ
573 1480 724 1535 κάτω
762 1477 930 1539 πόλις
968 1478 1384 1551 ἐπονομάζεται,
1420 1478 1494 1539 ὡς
1551 1480 1796 1533 ἁπάντων
1859 1479 1971 1533 ἀνα-

2103 1503 2227 1541 rum
2258 1503 2518 1556 proceres
2552 1488 2625 1540 ibi
2649 1488 2991 1541 desidebant
3015 1507 3029 1554 ;
3056 1494 3113 1541 et
3135 1504 3200 1541 ex
3259 1487 3469 1544 vicinis
3506 1485 3738 1557 Oppidis

338 1567 755 1642 σκευασαμένων
826 1566 903 1629 εἰς
960 1568 1052 1622 τὸν
1108 1567 1534 1642 Ἀκροκόρινθον
1591 1570 1686 1638 ἷΡ.
1755 1570 1843 1641 51]
1900 1586 1967 1621 κα

2108 1591 2213 1630 non
2248 1576 2414 1644 pauci
2444 1591 2510 1629 eo
2542 1581 2822 1646 tanquam
2857 1575 2912 1629 in
2971 1576 3364 1631 certissimum
3424 1575 3650 1647 asylum
3683 1589 3743 1629 se

341 1657 789 1731 συνηθροικότων
856 1656 932 1718 εἰς
994 1655 1156 1711 αὐτὸν
1191 1652 1324 1729 ὄψον
1377 1662 1507 1722 πᾶν,
1539 1650 1706 1711 ὄλϐον
1761 1656 1976 1725 ἅπαντα,

2109 1671 2450 1733 receperant.
2518 1663 2737 1718 Classis
2793 1670 2985 1718 autem
3039 1665 3358 1734 praefectus,
3418 1664 3744 1719 munitione

334 1747 464 1808 ὅσος
496 1766 557 1801 τε
607 1742 854 1808 ἰδιώταις
917 1743 1159 1817 ᾠκείωτο
1213 1744 1304 1799 καὶ
1353 1744 1479 1807 ὅσος
1520 1750 1638 1817 Θεῷ
1695 1745 1965 1824 ἀφιέρωτο

2107 1754 2338 1826 potitus.
2371 1754 2617 1824 ejusque
2646 1759 2856 1808 natura
2881 1755 3263 1824 considerata,
3297 1756 3368 1810 ad
3407 1770 3582 1824 quam
3636 1769 3742 1824 op-

319 1834 465 1914 ἔγνω
507 1834 617 1891 δεῖν
661 1837 753 1891 καὶ
799 1836 967 1891 αὐτοῦ
1026 1839 1123 1891 τοῦ
1158 1835 1573 1912 Ἀκροκορίνθου
1638 1843 1954 1911 πειραθῆναι

2099 1844 2469 1915 pugnandam
2496 1860 2784 1915 nusquam
2812 1849 3033 1911 pateret
3054 1843 3284 1900 aditus:
3336 1866 3364 1895 «
3416 1849 3528 1899 Deo
3566 1845 3734 1910 duce,

308 1926 399 1981 καί
433 1929 661 1995 τοῦτον,
705 1924 758 1979 εἷ’
788 1924 904 1979 οἷόν
937 1944 1014 1992 τε,
1076 1922 1303 1995 ἐξελεῖν.
1364 1926 1516 1981 ’Ἐστι
1566 1925 1623 1979 δέ
1663 1926 1691 1980 ὁ
1723 1926 1943 1999 Ἀκροκέ

2102 1935 2309 2005 inquit,
2339 1935 2763 2005 pugnavimus:
2790 1934 2944 1990 Deus
2968 1936 3132 1989 nobis
3152 1934 3309 1989 hunc
3345 1933 3534 1988 locum
3563 1949 3737 1989 occu-

311 2018 496 2091 ρινθος
531 2021 639 2083 τῆς
696 2014 793 2085 μὲν
850 2011 1024 2068 πάλαι
1084 2010 1301 2075 πόλεως
1360 2014 1620 2088 Κορίνθου
1657 2012 1946 2088 ἀκρόπολι‹

2104 2025 2351 2096 pandum
2388 2023 2684 2094 praebuit.»
2723 2023 2833 2078 Eos
2864 2041 2997 2078 vero
3028 2024 3128 2095 qui
3159 2023 3323 2077 intus
3372 2027 3536 2077 erant
3587 2021 3739 2077 deri-

311 2106 436 2161 νυνὶ
470 2102 531 2160 δὲ
591 2104 857 2182 φρούριον
899 2102 1121 2182 ὀχυρὸν,
1163 2102 1293 2157 αὐτὸ
1334 2101 1391 2159 δὲ
1446 2100 1572 2177 ὅρος
1613 2103 1850 2178 ὑψηλὸν,
1907 2104 1946 2159 εἰ

2103 2114 2247 2169 aitet
2272 2118 2336 2167 ut
2365 2112 2629 2168 imbelles
2650 2113 2979 2183 exagitavit,
3015 2112 3373 2183 Chaluphem
3434 2111 3493 2166 in
3535 2110 3738 2183 primis

318 2197 500 2267 ὀξεῖαν
531 2194 805 2250 τελευτῶν
856 2194 1120 2269 κορυφήν,
1183 2192 1315 2264 αὕτη
1378 2191 1434 2248 δὲ
1504 2195 1579 2256 εἰς
1645 2191 1953 2266 τραπεζῶδε

2102 2205 2157 2254 ut
2189 2199 2406 2254 femina
2473 2199 2792 2255 molliorem
2851 2203 2910 2254 et
2957 2199 3025 2254 ad
3088 2200 3279 2254 colum
3312 2203 3367 2253 et
3392 2198 3588 2253 lanam
3621 2202 3737 2252 tra-

320 2286 539 2361 χωρίον
645 2282 1067 2336 ἀποτελευτῶσα
1168 2279 1422 2337 ἐπίπεδον
1458 2328 1471 2353 ,
1574 2288 1953 2356 τετειχισμένο

2101 2288 2355 2343 claudam
2387 2287 2691 2357 aptiorem.
2756 2285 2914 2342 Illius
2970 2303 3204 2358 quoque
3261 2286 3373 2342 loci
3432 2285 3644 2358 Opibus
3677 2287 3736 2340 in

323 2373 605 2453 ἀσφαλῶς.
639 2368 896 2427 Ἔνδοθεν
928 2367 984 2424 δέ
1015 2370 1115 2424 εἰσι
1145 2370 1385 2442 ποτίμου
1426 2370 1619 2432 ὕδατος
1674 2371 1763 2426 καί
1833 2370 1954 2427 διαυ

2105 2376 2357 2432 triremes
2390 2376 2699 2447 impositis,
2757 2376 3185 2431 Corinthiorum
3246 2373 3645 2431 nobilissimos
3683 2378 3740 2429 et

322 2468 455 2538 γοῦς
485 2462 586 2517 οὐκ
613 2458 784 2537 ὀλίγα
827 2459 1051 2535 φρεάτια
1097 2460 1187 2513 καὶ
1218 2462 1252 2527 ἠ
1314 2463 1550 2533 Πειρήνη
1601 2464 1803 2534 κρήνη,
1835 2464 1899 2531 ἧς
1929 2461 1957 2516 ἐι

2106 2472 2389 2521 matronas
2443 2466 2790 2520 fortissimas
2845 2474 2899 2519 et
2950 2465 3272 2519 ditissimus
3317 2464 3377 2518 in
3408 2464 3741 2520 servitutem

326 2548 578 2626 ῥαψῳδίᾳ
610 2553 871 2622 ’Όμηρος
942 2548 1234 2621 μέμνηται.
1298 2550 1548 2626 Ἀσφαλῆ
1606 2547 1654 2604 δ’
1693 2551 1835 2606 οὕτω
1890 2572 1959 2605 κα

2104 2553 2357 2609 abduxit.
2390 2559 2471 2608 Ac
2504 2569 2574 2607 ne
2604 2551 2891 2607 Theoilori
2931 2551 3165 2623 quidem
3230 2551 3504 2622 martyris
3567 2552 3739 2606 mira-

331 2640 745 2713 ἀνεπιχείρητον
805 2635 933 2694 ὄντα
986 2639 1078 2691 τὸν
1162 2638 1589 2713 Ἀκροκόρινθον
1658 2640 1766 2711 (καὶ
1826 2638 1966 2716 φύσις

2109 2643 2241 2697 :ulis
2271 2642 2414 2697 clari
2446 2643 2699 2712 imagine
2751 2641 3033 2695 abstinuit
3070 2657 3081 2694 ε
3143 2640 3245 2695 sed
3306 2655 3375 2694 ea
3419 2655 3646 2709 quoque
3675 2656 3744 2694 ex

330 2728 437 2804 γὰρ
485 2729 571 2782 καὶ
644 2728 784 2791 θέσις
848 2731 947 2781 τοΰ
1002 2727 1175 2782 τόπου
1236 2727 1325 2782 καὶ
1385 2722 1683 2802 περίϐολος
1741 2726 1965 2804 ἀρραγὴι

2106 2731 2310 2803 :emplo
2341 2732 2608 2802 abrepta,
2641 2730 2900 2785 secunda
2967 2728 3336 2800 navigatione
3384 2744 3531 2783 usus
3559 2727 3619 2784 in
3651 2744 3741 2783 re-

328 2814 703 2889 συνδραμόντα
736 2814 1047 2871 δυσάλωτον
1080 2816 1116 2884 ἤ
1182 2815 1468 2870 ἀνάλωτον
1528 2817 1693 2871 αὐτὸν
1722 2815 1963 2890 ἀπειργά·

2104 2822 2216 2876 iitu
2249 2822 2672 2892 Corcyraeorum
2722 2833 2909 2873 arcem
2972 2818 3245 2872 ﬁrmavit.
3307 2817 3458 2872 Tum
3514 2817 3563 2872 si
3609 2817 3739 2888 quis

320 2908 505 2977 σαντο)
535 2906 584 2959 οἱ
617 2903 836 2959 Σικελοὶ
866 2905 1106 2975 ἀπονητὶ
1136 2904 1199 2958 τὸ
1229 2901 1423 2959 πλεῖον
1453 2903 1725 2978 εἰσῄεσαν,
1772 2904 1955 2980 βραχὺ

2107 2908 2316 2965 Siculas
2347 2910 2616 2963 triremes
2650 2906 2853 2962 multis
2885 2905 3145 2976 pulchris
3185 2907 3360 2960 rebus
3416 2909 3656 2960 onustas
3685 2909 3742 2960 et

317 2995 672 3057 ἀναλωκότες
725 2994 914 3069 καιρὸν
955 2994 1031 3056 εἰς
1087 2994 1187 3062 τήν
1247 2992 1579 3069 παράστασιν
1627 2998 1721 3049 τοῦ
1787 2995 1952 3070 ἐρύμα

2103 3000 2163 3053 ad
2196 3012 2490 3052 summum
2518 3012 2698 3067 usque
2730 2996 3039 3066 remigium
3097 2993 3252 3049 102
3312 2995 3619 3065 depressas
3657 2993 3738 3048 vi-

317 3106 431 3148 τος.
490 3086 589 3139 Καὶ
657 3084 844 3138 καινὸν
910 3080 1063 3137 οὐδὲν
1121 3082 1185 3137 τὸ
1245 3077 1480 3155 συμϐὰν,
1537 3082 1661 3138 οὐδὲ
1711 3085 1952 3158 θαυμάζε

2105 3087 2294 3152 iisset,
2327 3086 2651 3140 rectissime
2671 3085 2913 3139 dixisset
2944 3099 3056 3138 non
3090 3098 3266 3138 naves
3296 3097 3423 3137 esse
3463 3083 3740 3153 piraticus

304 3185 428 3238 σθαι
491 3173 663 3243 estw
730 3171 794 3226 ού
851 3172 956 3246 γάρ
1022 3169 1313 3243 ἐπήρκεσεν
1370 3168 1429 3224 ἂν
1493 3171 1625 3226 αὐτὸ
1682 3172 1856 3243 ἑαυτῷ
1919 3194 1939 3227 1

1930 3172 1981 3227 τὸ
2093 3175 2190 3229 sed
2222 3174 2519 3230 onerarias
2552 3173 2822 3228 mercium
2852 3188 3023 3228 omne
3056 3188 3239 3242 genus
3272 3171 3565 3227 vehentes.

314 3261 603 3341 φρούριον,
674 3259 777 3317 κάν
834 3262 905 3329 ἦν
958 3260 1393 3334 ἀπροσμάχητον
1469 3263 1589 3315 καθ’
1643 3259 1794 3331 αὐτὸ,
1847 3260 1973 3316 οὐδὲ
2031 3263 2159 3324 τοὺς
2209 3261 2458 3323 ἐπιόντας
2519 3260 2752 3336 ἐχθροὺς
2811 3260 3148 3335 ἀπετρέψατο
3228 3261 3303 3333 μὴ
3380 3255 3534 3314 ἔνδον
3610 3252 3739 3333 ἕχον

310 3353 581 3430 φρουροὺς
621 3352 719 3406 καὶ
781 3352 850 3405 τὸ
928 3347 1233 3426 φυλακικὸν
1274 3349 1599 3425 ἀξιόμαχον.
1643 3349 1800 3406 Ἀλλ’
1836 3351 1956 3426 εἶχε
2022 3351 2118 3425 μὲν
2179 3350 2396 3426 ἀριθμῷ
2447 3351 2539 3405 καὶ
2592 3351 2821 3412 τούτους
2870 3348 3142 3419 πολλοὺς,
3209 3349 3285 3411 εἰς
3326 3346 3495 3425 ἄνδρα
3535 3346 3580 3403 δ’
3648 3347 3743 3403 ού-

315 3437 435 3495 δένα
464 3437 961 3515 συναλειφομένους
1024 3437 1222 3511 ἀγαθὸν
1287 3438 1423 3512 πρὸς
1464 3436 1681 3509 φύλακα
1747 3437 1981 3502 πόλεως’
2040 3440 2092 3494 οἱ
2146 3460 2206 3494 τε
2271 3440 2374 3517 γὰρ
2416 3438 2476 3494 ἐκ
2507 3436 2779 3515 βασιλέως
2820 3435 2970 3493 ἔνδον
3039 3438 3376 3511 προσέμενον
3442 3437 3577 3512 μετᾶ
3642 3439 3739 3491 τοῦ

318 3534 465 3607 σῳῶν
509 3530 767 3603 άρχηγοῦ
807 3530 895 3597 (ἦν
929 3525 976 3581 δ’
1016 3525 1171 3587 οὗτος
1203 3527 1231 3581 ὁ
1261 3525 1559 3606 Χαλούφης
1589 3527 1931 3605 Νικηφόρος)
1969 3528 2060 3583 καὶ
2133 3533 2240 3584 τῶν
2314 3528 2616 3604 Κορινθίων
2692 3531 2742 3583 οἱ
2819 3524 3180 3603 προῦχοντες,
3254 3526 3359 3581 κᾶκ
3429 3530 3539 3580 τῶν
3582 3526 3735 3600 πέριξ

312 3617 697 3690 κωμοπόλεων
735 3616 799 3671 ού
837 3616 1093 3691 βραχεῖαι
1128 3620 1317 3690 μοῖραι
1378 3614 1453 3678 ὠς
1529 3616 1603 3678 εἰς
1660 3618 2027 3690 καιριωτάτην
2066 3621 2163 3672 τοῦ
2228 3617 2482 3691 πολέμου
2539 3616 2787 3691 ἀλεωρήν
2822 3614 3210 3684 εἰσεληλύθασι
3264 3615 3353 3668 τὸν
3385 3614 3739 3689 ’Λκροκόριν-

319 3708 519 3765 θον.⁹Ο
587 3706 766 3762 τοίνυν
804 3705 1154 3779 τριηράρχης
1193 3702 1345 3759 ἔνδον
1404 3707 1500 3758 τοῦ
1556 3705 1818 3782 φρουρίου
1892 3708 2203 3783 γενόμενος,
2242 3707 2334 3761 καὶ
2386 3707 2486 3774 τήν
2551 3704 2707 3780 φύσιν
2772 3706 2970 3761 τούτου
3017 3702 3495 3776 κατασκεψάμενος
3574 3703 3739 3757 ἁπαν-

324 3796 554 3871 ταχόθεν
590 3796 753 3853 οὖσαν
795 3792 1245 3867 ἀνεπιχείρητον,
1287 3791 1379 3847 σὺν
1413 3797 1527 3865 Θεῷ
1584 3799 1899 3869 πολεμῆσαι
1969 3794 2071 3870 ἔφη
2149 3795 2237 3849 καὶ
2300 3795 2431 3849 Θεὸν
2491 3795 2627 3848 εἶναι
2684 3795 2777 3848 τὸν
2824 3798 3075 3850 τοιοῦτον
3130 3791 3277 3863 αὒτῷ
3340 3795 3525 3867 χῶρον
3579 3811 3742 3846 κατα-

314 3891 466 3961 σχεῖν
498 3885 945 3959 παρασχόμενον,
993 3887 1172 3944 κακῶς
1236 3883 1455 3960 φάσκων
1493 3882 1621 3946 τοὺς
1678 3878 1829 3938 ἔνδον
1888 3885 1978 3939 καὶ
2036 3884 2255 3940 πλύνων
2305 3882 2562 3940 ὀνείδεσιν
2620 3884 2693 3946 ὠς
2748 3884 2985 3961 ἀγεννεῖς
3035 3884 3104 3939 τά
3165 3881 3431 3954 πολέμια,
3497 3879 3735 3953 μάλιστα

314 3969 372 4028 δὲ
429 3980 524 4027 τον
584 3971 922 4050 Χαλούφην,
977 3971 1034 4025 ὅν
1095 3970 1185 4025 καὶ
1250 3971 1505 4045 γυναικὸς
1573 3972 1825 4046 ὠνόμαζε
1885 3972 2272 4048 μαλακώτερον
2333 3970 2500 4046 μηδὲν
2537 3972 2902 4045 ἐπισταμένης
2961 3970 3129 4027 πλέον
3195 3978 3295 4041 τῆς
3332 3969 3734 4045 ταλασιουργοῦ

309 4060 783 4139 γυναικωνίτιδος.
840 4061 929 4122 Ὡς
984 4058 1041 4115 δὶ
1096 4060 1187 4115 καὶ
1242 4060 1336 4115 τὸν
1396 4057 1567 4115 ἐκεῖσε
1630 4059 1872 4117 πλοῦτον
1943 4059 2151 4125 ἐνέθετο
2217 4067 2367 4124 ταῖς.
2400 4063 2645 4136 τριήρεσι
2686 4061 2775 4115 καὶ
2831 4059 2958 4121 τοὺς
2989 4060 3132 4135 γένει
3164 4056 3587 4132 λαμπροτάτους
3616 4062 3730 4113 τῶν

312 4151 619 4228 Κορινθίων
673 4149 1152 4224 ἐδουλαγώγησεν,
1212 4147 1631 4228 ἐξῃχμαλώτισε
1687 4148 1745 4204 δέ
1802 4150 1891 4205 καὶ
1939 4155 2047 4206 τῶν
2094 4155 2361 4226 γυναικῶν
2404 4152 2525 4206 ὅσαι
2564 4148 2856 4206 κάλλισται
2913 4171 2970 4206 τε
3035 4151 3125 4206 καὶ
3188 4150 3549 4225 βαθύκολποι,
3603 4149 3733 4226 μηδ’

315 4243 489 4311 αὐτῆς
527 4248 628 4311 τῆς
664 4239 880 4301 εἰκόνος
904 4243 1006 4292 τοῦ
1035 4237 1090 4293 ἐτ
1135 4240 1370 4312 μάρτυσι
1404 4239 1662 4314 μεγίστου
1693 4238 1782 4293 καὶ
1826 4234 2124 4310 διαϐοήτου
2154 4238 2207 4295 ἐν
2250 4239 2486 4313 θαύμασι
2539 4237 2828 4315 Θεοδώρου
2885 4243 2981 4295 τοῦ
3047 4240 3425 4316 στρατηλάτου
3482 4241 3734 4316 ἀποσχό-

315 4352 504 4405 μενος,
539 4328 805 4384 ἀλλὰκαὶ
845 4326 1048 4396 ταύτην
1104 4332 1183 4400 τῷ
1242 4326 1406 4382 αὖτοῦ
1463 4328 1673 4400 τεμένει
1716 4325 2069 4400 ἀνακειμένην
2126 4328 2473 4402 ἀνελόμενος,
2515 4328 2683 4404 ούρίῳ
2729 4330 2818 4383 καὶ
2876 4334 3031 4403 φορῶ
3095 4331 3442 4405 ⁵χρησάμενος
3499 4331 3732 4405 ἀνήγετο

305 4420 603 4492 πνεύματι,
641 4417 715 4479 ὠς
754 4417 896 4495 εἶχε,
938 4416 1148 4484 καὶτήν
1180 4408 1288 4471 τῶν
1329 4416 1688 4489 Κερκυραίων
1720 4415 1887 4490 ἄκραν
1930 4416 1981 4471 ἐν
2052 4422 2132 4490 τῷ
2190 4416 2410 4491 διάπλῳ
2459 4419 2596 4484 πρὸς
2651 4418 2713 4471 τὸ
2767 4417 3165 4493 ἀσφαλέστερον
3220 4418 3724 4489 καταστησάμενος,

307 4508 401 4565 ὅτε
428 4508 521 4564 καὶ
548 4509 647 4569 τὰς
680 4502 1083 4566 Σικελιώτιδας
1112 4507 1359 4578 τριήρεις
1393 4501 1523 4559 ἰδών
1563 4525 1647 4566 τις
1686 4507 1831 4560 εἶπεν
1862 4505 1922 4560 ἂν
1953 4508 2348 4580 σκοπιμώτατα
2375 4508 2451 4580 μή
2481 4514 2613 4576 νῆας
2645 4506 2781 4560 εἶναι
2812 4507 3148 4580 πειρατικὰς,
3181 4505 3327 4560 ἀλλὰ
3360 4505 3730 4581 μυριοφόρους

307 4596 725 4676 φορταγωγοὺς,
754 4591 985 4648 πολλῶν
1024 4594 1115 4647 καὶ
1144 4591 1332 4648 καλῶν
1366 4596 1672 4668 χρημάτων
1706 4591 1868 4658 οὔσας
1900 4590 2243 4669 ὑπερϐριθεῖς
2272 4596 2363 4651 καὶ
2401 4603 2504 4666 τῆς
2535 4593 2646 4651 ἂνω
2676 4593 2909 4671 εἰρεσίας
2940 4594 3101 4671 ἐγγύς
3136 4615 3243 4649 που
3280 4592 3621 4668 βαπτομένας
3649 4598 3728 4666 τῷ

313 4687 569 4763 ῥεύματι.

382 4779 454 4834 θ’.
488 4777 673 4835 Ταῦτά
708 4795 766 4829 τε
800 4770 891 4827 οὖν
951 4772 1003 4827 ἐν
1059 4771 1191 4827 ὠσὶν
1229 4770 1401 4848 ἔνηχα
1468 4766 1597 4827 ὅντα
1629 4771 1816 4828 ἐλύπει
1880 4774 1970 4829 τὸν
2006 4779 2017 4843 ]

2153 4777 2222 4835 Il.
2256 4778 2378 4843 Quo
2401 4777 2605 4833 nuntio
2638 4778 2912 4833 turbatus
2972 4775 3203 4832 Manuel
3263 4776 3579 4847 imperator
3609 4791 3722 4831 non

306 4867 684 4943 αὐτοκράτορα
746 4861 1038 4930 Μανουήλ,
1130 4863 1222 4916 καὶ
1272 4862 1410 4917 κατά
1482 4860 1579 4917 Δία
1660 4861 1835 4917 ἐποίει
1884 4864 1941 4918 τὸ

2095 4882 2250 4923 secus
2280 4883 2344 4921 ac
2368 4866 2707 4922 Homericus
2738 4865 2833 4921 ille
2863 4866 3115 4935 Jupiter.
3166 4869 3267 4921 aut
3314 4864 3730 4921 Themistocles

302 4958 611 5030 Ὁμηρικὸν
641 4953 916 5027 ἀτεχνῶς,
965 4950 1141 5024 συχνὰ
1196 4952 1259 5007 τὸ
1316 4948 1575 5019 ποιητέον
1639 4956 1758 5014 ταῖς
1815 4972 1937 5026 opu

2090 4955 2383 5011 insomnes
2439 4961 2639 5010 noctes
2686 4957 2758 5010 ob
2819 4954 3078 5010 Mitiadis
3166 4960 3447 5025 tropaeum
3523 4971 3725 5027 agens,

311 5045 751 5121 μερμηρίζοντα,
811 5041 845 5108 ἢ
905 5039 997 5094 τὸν
1065 5037 1373 5102 Νεοκλέους
1429 5037 1830 5112 Θεμιστοκλῆν,
1889 5040 1946 5095 ἀε

2089 5045 2327 5100 sollicite
2357 5043 2497 5116 quid
2523 5045 2816 5115 agendum
2852 5049 3006 5099 esset
3037 5045 3234 5100 animo
3296 5045 3579 5116 agitabat.
3614 5045 3724 5115 Igi-

304 5132 392 5189 ἐπὶ
424 5133 679 5195 συννοίας
741 5130 1023 5201 ὁρώμενον
1080 5129 1170 5183 καὶ
1225 5125 1467 5190 ἀΰπνους
1516 5127 1711 5191 νύκτας
1751 5128 1938 5185 ἰαύοντ

2092 5139 2180 5191 tur
2201 5134 2338 5190 viris
2360 5138 2416 5188 et
2445 5135 2529 5189 rei
2558 5132 2832 5189 militaris
2864 5132 3063 5204 peritis
3089 5138 3147 5188 et
3169 5131 3507 5205 eloquentia
3553 5134 3727 5189 claris

299 5224 388 5279 καὶ
445 5224 587 5295 πρὸς
671 5217 805 5278 τοὺς
881 5218 1318 5290 πυνθανομένους
1401 5217 1832 5293 ἀποκρινόμενον
1896 5219 1934 5273 ὡ

2088 5227 2401 5292 accersitis,
2436 5239 2610 5279 unum
2669 5240 2701 5279 e
2759 5223 2955 5280 multis
3021 5224 3327 5279 consilium
3365 5221 3723 5295 approbavit.

298 5310 579 5377 καθεύδειν
616 5308 722 5363 οὐκ
753 5303 865 5376 ἐῷη
917 5302 1221 5362 Μιλτιάδου
1274 5305 1337 5359 τὸ
1388 5304 1670 5380 τρόπαιον.
1732 5308 1933 5362 Ξυνεκό

2091 5314 2298 5369 Siculos
2329 5322 2477 5370 terra
2511 5313 2771 5383 marique
2806 5313 2951 5368 bello
2982 5315 3483 5383 petendos.eoque
3506 5312 3726 5379 majore

298 5400 377 5457 λει
419 5400 606 5456 τοίνυν
664 5394 745 5457 εἰς
803 5393 903 5460 τὴν
951 5397 1048 5448 τοῦ
1102 5392 1464 5467 γενησομένου
1529 5392 1736 5468 βουλὴν
1795 5395 1932 5451 πάντ

2087 5406 2384 5473 apparatu,
2419 5403 2571 5472 quod
2606 5401 2659 5455 id
2700 5401 2912 5456 bellum
2946 5417 3048 5472 spe
3081 5418 3193 5456 non
3244 5410 3463 5471 optima
3512 5400 3722 5454 nitere-

291 5495 381 5549 τὸν
464 5491 754 5548 τακτικῶν
842 5484 1182 5558 ἐπιστήμονα
1244 5486 1334 5540 καὶ
1412 5483 1733 5563 δημηγόρον
1790 5485 1926 5543 εἰδότ

2086 5496 2174 5547 tur
2198 5499 2252 5545 et
2309 5489 2492 5543 multa
2550 5490 2969 5560 impedimenta
3025 5489 3362 5545 habiturum
3405 5489 3721 5549 videretur,

288 5585 473 5661 λέγειν
499 5585 617 5638 τῶν
648 5572 897 5653 νιφάδων
931 5576 1278 5649 πυκνότερον.
1344 5575 1451 5633 Μία
1508 5577 1600 5631 οὗν
1655 5576 1714 5631 ἐκ
1740 5575 1923 5633 πολλᾶ

2082 5579 2291 5651 quippe
2337 5578 2411 5631 de
2467 5594 2579 5646 quo
2638 5593 2707 5632 ex
2754 5579 3040 5633 sententia
3096 5577 3457 5632 conﬁciendo
3498 5578 3717 5628 veteres

283 5674 486 5751 ἀρίστη
523 5664 763 5725 δέδοκτο
814 5663 990 5738 βουλή
1042 5665 1131 5718 καὶ
1191 5668 1270 5735 τῶ
1333 5664 1717 5739 αὐτοκράτορι,
1751 5665 1918 5740 ἐπεψή

2079 5682 2309 5739 quoque
2366 5665 2746 5736 imperatores
2800 5665 3233 5739 desperassent.
3315 5662 3714 5719 Convooantur
