4140 6290
421 320 536 388 Hi

429 466 746 523 Orientales
802 470 860 524 et
921 467 1320 524 Occidentales
1396 468 1653 540 legiones
1701 489 1716 538 ;

437 556 648 628 partim
683 555 1046 621 reﬁciuntur,
1107 559 1312 628 partim
1381 575 1542 614 nova
1597 559 1980 614 adificantur.
2019 565 2079 610 tn

435 650 620 701 certas
678 645 829 711 ignis
887 645 1118 702 Graecus
1172 647 1513 718 imponitur,
1573 650 1667 719 qui
1728 648 1901 720 longo
1953 649 2076 718 jam

436 740 688 804 tempore
719 735 954 790 abditus
1009 736 1276 792 latuerat.
1338 738 1538 792 Omnis
1586 738 1818 806 generis
1852 738 2080 806 navigia

427 824 657 880 circiter
689 821 848 878 mille
877 829 994 879 tam
1051 827 1118 879 ad
1181 826 1333 881 108
1391 829 1543 880 viros
1603 833 1660 881 et
1687 842 1869 898 equos
1901 841 2076 896 quam

425 912 497 969 ad
523 920 910 969 commeatum
934 913 1262 969 vehendum
1289 914 1716 970 contrahuntur
1737 921 1792 970 et
1824 917 1883 970 in
1918 931 2077 970 mare

423 1001 816 1058 deducuntur.
851 1003 999 1058 Sunt
1019 1012 1072 1058 et
1105 1005 1397 1075 pedestres
1429 1006 1608 1076 copim
1639 1021 1707 1060 ex
1759 1003 1917 1059 omni
1963 1005 2075 1058 im-

425 1107 586 1163 perio
618 1091 980 1164 conscriptae,
1012 1092 1216 1159 armis,
1250 1092 1470 1148 viribus
1510 1099 1684 1164 atque
1731 1091 1941 1147 animis
1971 1092 2072 1148 ﬂo-

429 1180 794 1244 rentissime,
827 1187 880 1236 et
914 1181 1176 1238 hostibus
1212 1182 1419 1238 merito
1460 1181 1873 1238 formidabiles.
1928 1181 2071 1238 Nam

427 1268 680 1326 Joannes
709 1269 988 1326 Manuelis
1019 1275 1200 1340 pater,
1223 1273 1478 1343 optimus
1515 1278 1570 1326 et
1594 1269 2073 1327 bellicosissimus

427 1357 764 1430 imperator,
796 1374 903 1414 nec
925 1359 1149 1414 caeteris
1181 1361 1239 1415 in
1272 1361 1444 1416 rebus
1488 1377 1615 1432 quas
1660 1361 1728 1414 ad
1775 1359 2072 1433 publicam

425 1447 735 1503 utilitatem
759 1454 1083 1519 spectarent
1105 1448 1426 1522 negligens,
1458 1458 1513 1505 et
1535 1453 1593 1506 in
1636 1449 1932 1522 catalogus
1970 1452 2073 1505 mi-

422 1535 590 1593 litum
623 1537 683 1592 in
713 1537 918 1606 primis
939 1538 1200 1594 intentus
1231 1539 1340 1595 fuit
1367 1558 1382 1607 ;
1415 1556 1629 1612 eosque
1679 1545 1802 1595 tum
1846 1539 2074 1612 congia-

422 1625 524 1682 riis
550 1625 885 1682 liberalibus
903 1628 1190 1697 excitavit,
1223 1632 1350 1684 tum
1391 1628 1615 1685 bellicis
1643 1628 2068 1684 exercitationi-

426 1715 534 1770 bus
566 1715 838 1770 firmavit.
873 1715 967 1772 Sic
1013 1717 1190 1788 igitur
1244 1721 1459 1789 optime
1515 1721 1586 1774 ad
1632 1719 1845 1774 bellum
1899 1718 2069 1774 Sicu-

1749 327 2069 393 NICETJ
2111 329 2530 394 CHleIA'NI

1804 470 2146 536 triremcsA
2181 486 2360 544 φιστο,
2420 467 2835 538 μετελεύσεσθαι
2893 467 3128 542 πολέμῳ
3195 469 3321 532 τοὺς
3380 469 3648 532 Σικελοὺς
3708 473 3842 526 xxii

2173 1713 2232 1768 ἀν
2242 1715 2482 1788 άγονται,

3723 334 3834 398 412

2187 576 2243 611 τε
2319 556 2482 628 ξηρὰν
2559 558 2984 631 (τυ-(κροτηθέντι
3065 560 3202 613 κατά
3272 579 3330 613 τε
3404 559 3702 628 θάλασσαν,
3759 559 3838 614 ὅτι

2187 647 2337 701 καὶὸ
2404 646 2548 720 ἀγὼν
2603 647 2860 718 οὐδαμῶς
2917 648 3012 708 τὰς
3069 647 3296 710 ἐλπίδας
3355 648 3559 724 ἀγαθὰς
3618 651 3837 704 {marat-

2186 756 2326 796 νετο,
2363 733 2476 789 οὐδ’
2519 731 2795 791 ὑπέϐαλλε
2858 738 3066 812 βραχέα
3133 738 3199 791 τὰ
3252 741 3684 811 προσιστάμενα,
3745 739 3838 810 μέο

2183 844 2370 895 γιστος
2427 824 2854 898 ἀναφαινόμενος
2909 825 2998 878 καὶ
3058 832 3176 886 τοῖς
3244 823 3416 881 πάλαι
3473 827 3840 900 ἀπειρημένος

2183 913 2469 986 Ῥωμαίων
2501 911 2672 986 ἅναξι.
2707 913 3038 988 Συλλέγεται
3108 915 3200 969 οὗν
3256 917 3323 969 τὰ
3371 916 3479 988 ἑῷα
3534 915 3624 970 καὶ
3687 918 3840 973 ἑσπε-

2184 1021 2272 1076 ρια
2301 1003 2568 1076 τάγματα.
2617 1003 2686 1058 Αἱ
2747 1003 2841 1076 μὲν
2907 1004 3350 1074 ἐπισκευάζονται
3405 1009 3513 1060 τῶν
3545 1007 3838 1078 τριηρέων,

2183 1091 2236 1145 αἱ
2269 1088 2326 1145 δὶ
2355 1092 2547 1146 νεωστὶ
2577 1094 2898 1166 πήγνυνται,
2928 1095 3017 1147 καὶ
3057 1094 3192 1168 πρὸς
3247 1093 3341 1149 τὸν
3399 1093 3573 1149 πλοῦν
3634 1095 3842 1169 ἀρτίω-

2181 1201 2263 1235 σιν
2307 1177 2581 1260 δέχονται·
2619 1183 2672 1236 αἱ
2705 1183 2976 1258 πυρφόροι
3006 1183 3066 1236 τὸ
3127 1184 3285 1257 ὑγρὸν
3334 1181 3672 1259 εἰσδέχονται
3731 1189 3840 1262 πῦρ

2177 1269 2240 1324 τὸ
2298 1268 2434 1332 τὲως
2492 1271 2734 1345 ἠρεμοῦν
2793 1267 3141 1347 ἀδιεκχυτον·
3227 1273 3570 1348 ἀθροίζονται
3631 1294 3842 1344 πεντη-

2177 1357 2454 1431 κόντοροι,
2533 1358 2835 1434 ἀγείρονται
2914 1362 3288 1435 μυοπάρωνες”
3378 1363 3430 1416 αἱ
3524 1363 3840 1438 ἱππαγωγοὶ

2177 1446 2602 1524 ἀσφαλτοῦνται,
2665 1449 2720 1501 αἱ
2778 1450 3122 1525 φορταγωγοὶ
3154 1447 3498 1526 πληροῦνται
3552 1457 3660 1506 τῶν
3705 1450 3841 1507 ἐδω-

2178 1533 2380 1608 δίμων,
2440 1537 2491 1590 οἱ
2549 1535 3017 1612 ἐπακτροκέλητες
3079 1538 3504 1612 εὖτρεπίζονται.
3555 1541 3732 1597 Πάντα
3785 1539 3846 1596 δὲ

2181 1626 2251 1680 τὰ
2308 1625 2508 1704 σκάφη,
2565 1632 2686 1688 τοῖς
2747 1627 2942 1688 ἱστίοις
2992 1626 3338 1701 πτερωθέντα
3395 1628 3454 1683 ἐκ
3509 1637 3611 1698 τῆς
3672 1629 3845 1705 ᾐόνος

2569 1713 2652 1794 ἐφ’
2709 1715 2776 1784 ἧς
2831 1717 2968 1785 ἦσαν
3033 1715 3349 1772 σαλεύοντα.
3423 1719 3840 1794 Συγκεκρότητο

424 1802 569 1870 lum,
612 1808 677 1860 ut
713 1806 974 1876 putabat,
1032 1807 1376 1877 instructus,
1429 1807 1722 1880 Stephano
1769 1805 2066 1863 Contoste-

2183 1810 2304 1882 γοῦν
2339 1807 2367 1859 ὂ
2401 1806 2604 1868 στόλος
2637 1805 2812 1882 ἀγχοῦ
2842 1828 2948 1862 που
2978 1811 3086 1863 τῶν
3155 1807 3357 1883 χιλίων
3403 1807 3641 1880 πλοίων,
3693 1812 3747 1864 αἱ
3779 1808 3846 1866 δὶ

427 1892 620 1965 phano
641 1893 860 1952 sororio
884 1911 1093 1967 magno
1115 1897 1262 1953 duce
1283 1897 1604 1969 designato,
1637 1895 1877 1954 classem
1897 1895 2070 1966 jubet

425 1981 685 2050 solvere;
719 1985 939 2056 pedites
968 2001 1193 2057 quoque
1234 1991 1442 2058 praeter
1479 1991 1713 2042 ceteros
1769 1987 1944 2041 duces
1971 1984 2068 2041 Jo-

424 2086 574 2126 anne
605 2073 843 2128 Axucho
900 2089 1114 2145 magno
1171 2073 1489 2131 domestico
1548 2075 1840 2143 adjuncto,
1902 2074 2071 2145 cujus

423 2174 603 2228 supra
625 2176 773 2231 saepe
811 2163 1167 2218 mentionem
1201 2163 1470 2230 fecimus,
1502 2163 1754 2236 ablegat.
1787 2163 2070 2220 Triremes

422 2247 492 2303 ad
529 2247 824 2304 Phisacum
850 2250 1011 2305 littus
1043 2253 1300 2322 appulsis
1335 2253 1413 2308 ita
1445 2253 1772 2308 distributas
1814 2259 1976 2318 sunt,
2009 2257 2073 2306 ut

425 2341 486 2392 et
518 2335 789 2392 Romanis
821 2343 878 2394 et
913 2341 1248 2396 Venetorum
1276 2343 1441 2397 sociis
1498 2343 1742 2396 seorsim
1794 2341 2072 2397 stationes

433 2425 731 2492 haberent,
767 2443 837 2482 ne
867 2444 936 2483 ex
995 2431 1326 2500 promiscuo
1384 2446 1702 2503 congressu
1761 2439 2075 2486 contentio-

432 2528 533 2570 nes
559 2515 869 2571 orirentur.
897 2517 1073 2573 Paulo
1105 2525 1228 2589 post
1291 2520 1446 2575 104
1497 2531 1549 2575 et
1608 2535 1732 2591 ipse
1757 2519 2076 2589 imperator

427 2629 562 2670 cum
581 2613 828 2670 exercitu
851 2616 1178 2688 egreditur;
1197 2617 1497 2692 etScythis
1535 2618 1723 2690 primo
1754 2634 2072 2691 congressu

427 2701 769 2776 proﬂigatis,
803 2707 904 2777 qui
937 2707 1086 2762 Istro
1142 2713 1415 2778 superato
1474 2707 1596 2764 loca
1648 2711 1846 2764 nemo
1889 2708 2076 2764 monti

426 2792 616 2848 vicina
644 2793 1097 2866 populabantur,
1132 2797 1335 2854 relicta
1373 2797 1760 2871 Philippopoli
1815 2803 1970 2854 recta
1999 2797 2072 2852 ad

431 2882 738 2955 Corcyram
780 2886 986 2956 pergit.
1019 2886 1202 2958 Cujus
1247 2886 1451 2942 insula:
1507 2887 1967 2958 promontorium
1997 2885 2074 2940 al-

433 2971 724 3028 tissimum
759 2973 816 3028 in
847 2973 1034 3030 nubes
1064 2974 1340 3048 assurgit,
1380 2977 1738 3032 anfractibus
1795 2975 2073 3031 inﬂexum

433 3061 580 3116 etin
655 3077 813 3116 mare
897 3064 1419 3134 profundissimam
1505 3066 1842 3137 prominens
1926 3082 2077 3137 prs:-

435 3150 624 3220 ruptis
680 3149 862 3219 petris
911 3155 1142 3219 septum
1197 3170 1210 3208 :
1270 3157 1390 3208 tota
1435 3155 1574 3208 urbs
1632 3152 1924 3208 manibus
1981 3153 2076 3207 (ir-

434 3238 712 3294 missimis
767 3238 1128 3295 circumdata
1193 3249 1366 3311 atque
1444 3241 1748 3298 altissimis
1821 3242 2077 3297 turribus

435 3330 699 3385 ordinata
727 3333 815 3384 est
846 3347 860 3398 ;
892 3347 1007 3402 quo
1042 3332 1365 3388 mirabilior
1393 3332 1496 3388 fuit
1527 3335 1653 3400 ejus
1701 3333 2072 3404 expugnatio.

429 3421 511 3475 Ac
541 3417 774 3474 navales
793 3423 972 3490 capite
1001 3436 1215 3476 corona
1259 3424 1722 3494 promontorium
1774 3424 2076 3494 oingentes

428 3506 581 3562 ferro
615 3509 744 3562 tota
792 3507 1176 3566 collucebant.
1227 3511 1336 3566 Sed
1395 3516 1529 3567 ante
1581 3513 2074 3582 oppugnationem

431 3595 749 3668 imperator
772 3611 876 3668 per
898 3599 1030 3669 ejus
1063 3600 1275 3672 lingua:
1305 3599 1522 3670 peritos
1565 3601 1817 3656 hostium
1849 3599 2077 3656 animos

430 3684 838 3758 periclitandae
864 3689 1114 3756 censuit,
1145 3705 1219 3745 an
1249 3691 1394 3745 citra
1425 3705 1678 3762 pugnam
1703 3687 1938 3745 castello
1971 3689 2079 3745 vel-

429 3773 554 3832 lent
583 3776 806 3833 cedere.
841 3777 948 3841 Qui
979 3793 1110 3833 cum
1133 3781 1263 3850 ejus
1295 3779 1602 3848 postuletis
1645 3779 1896 3849 rejectis,
1951 3794 2078 3848 ραι-ε

431 3864 618 3935 tisque
641 3864 857 3922 clausis
917 3882 984 3924 ac
1039 3868 1300 3924 vectibus
1347 3867 1610 3936 firmatis,
1647 3872 1704 3922 et
1756 3868 2075 3940 sagittariis

429 3954 817 4012 funditoribus
847 3963 905 4012 et
929 3957 1122 4014 omnis
1167 3957 1400 4028 generis
1459 3957 1746 4012 machinis
1786 3957 1844 4012 in
1880 3955 2078 4012 mmni~

427 4044 536 4100 bus
569 4044 888 4115 dispositis,
915 4063 1164 4115 pugnam
1221 4048 1464 4116 eierent,
1495 4053 1622 4101 tum
1683 4045 1806 4101 suis
1845 4061 2075 4118 quoque

429 4141 756 4211 legionibus
776 4143 928 4198 idem
961 4146 1147 4200 facere
1175 4149 1232 4200 et
1263 4147 1468 4211 quovis
1529 4145 1695 4200 modo
1738 4143 1940 4199 ulcisci
1970 4142 2072 4198 ho-

433 4235 552 4285 stes
579 4229 774 4298 jussit.
803 4231 884 4286 Ex
915 4248 980 4286 eo
1012 4231 1260 4288 Romani
1292 4233 1403 4289 tela
1429 4232 1584 4289 velut
1617 4234 1672 4286 in
1705 4231 1912 4288 cretum
1951 4231 2076 4301 eja-

433 4317 726 4386 colantur,
788 4321 984 4376 hostes
1062 4337 1195 4376 vero
1259 4323 1503 4394 sagittas
1551 4325 1825 4392 tanquam
1887 4319 2074 4374 nivem

435 4407 736 4480 dejiciunt.
767 4408 854 4464 Illi
887 4426 1025 4466 saxa
1063 4411 1374 4466 tormentis
1433 4411 1486 4464 vi
1528 4409 1761 4478 adigere
1803 4410 1862 4462 in
1892 4409 2076 4464 altum

429 4500 1488 4572 conantur,higrandinisinstarsaxa
1535 4499 1684 4556 105
1743 4499 2072 4570 dejiciunt;

2174 1897 2388 1966 πεζικαὶ
2433 1892 2685 1967 δυνάμεις
2744 1895 2796 1958 ἐς
2840 1893 3106 1970 μυριάδας
3164 1899 3556 1973 ἠθροίσθησαν.
3625 1905 3836 1979 "Eppi-

2177 1983 2266 2053 ξαν
2303 1981 2362 2038 ἄν
2408 1983 2497 2038 καὶ
2530 1983 2804 2061 Γίγαντες,
2863 1983 2906 2040 εἷ
2965 1992 3239 2061 παρῆσαν,
3308 1985 3567 2058 τοιαύτην
3622 2009 3854 2063 παρεμ-

2179 2066 2531 2140 ϐολὴν,ἒπεὶ
2590 2073 2679 2127 καὶ
2738 2071 3066 2147 εὐανδροῦσα
3119 2075 3185 2143 ἦν
3245 2078 3279 2144 ἡ
3338 2075 3632 2148 Ῥωμαίων
3699 2082 3853 2132 πᾶσα

2179 2161 2242 2216 τὸ
2273 2162 2396 2218 τότε
2451 2166 2644 2234 καιροῦ
2709 2164 2799 2216 καὶ
2855 2163 3127 2242 τρέφουσα
3184 2161 3380 2232 ἄνδρας
3437 2167 3690 2236 ἡρωϊκὴν
3764 2165 3856 2221 ἒν-

2183 2246 2558 2320 δεικνυμένους
2591 2247 2784 2320 άλκῆν,
2815 2249 2900 2304 κατ
2935 2252 2996 2304 τὸ
3029 2249 3315 2306 ὁπλιτικὸν
3346 2252 3446 2306 ούκ
3473 2254 3539 2320 ἦν
3597 2253 3857 2324 ἀγεννὲς,

2182 2347 2331 2404 ἀλλὰ
2359 2351 2460 2417 τήν
2492 2349 2670 2422 ὁρμὴν
2705 2345 3001 2409 λεοντῶδες
3053 2349 3140 2402 καὶ
3191 2349 3586 2406 ἀνυπόστατον.
3620 2351 3682 2404 ὐ
3741 2352 3852 2426 γάρ

2185 2435 2572 2511 βασιλεύτατος
2634 2441 2712 2507 τῷ
2765 2433 2881 2491 ὅντι
2938 2435 3026 2490 καὶ
3088 2439 3596 2511 στρατηγικώτατος
3653 2439 3852 2496 Ἰωάν-

2182 2547 2301 2594 νης,
2340 2527 2368 2580 ὁ
2401 2529 2498 2580 τοῦ
2532 2523 2801 2595 Μανουήλ
2835 2524 3042 2588 τοκεὺς,
3078 2523 3203 2581 οὐδὲ
3229 2525 3409 2582 τᾶλλα
3469 2527 3565 2601 μὶν
3598 2525 3853 2603 ἐσχεδία-

2186 2619 2268 2684 ζεν
2295 2612 2392 2669 ὅσα
2451 2614 2638 2681 κοινήν
2710 2614 2948 2690 ε’σὲφερε
3003 2613 3368 2683 λυσιτέλειαν,
3398 2619 3505 2669 τῶν
3567 2613 3625 2671 δὲ
3681 2637 3850 2692 στρα-

2183 2707 2456 2758 τιωτικῶν
2483 2701 2806 2777 καταλόγων
2839 2700 3200 2780 διαφερόντως
3257 2703 3538 2780 ἐφρόντιζε
3579 2705 3850 2777 μάλιστα,

2183 2798 2410 2868 συχνοῖς
2464 2814 2522 2849 τε
2585 2793 2814 2848 πιαίνων
2873 2791 3325 2872 φιλοδωρήμασι,
3379 2795 3466 2850 καὶ
3543 2801 3665 2856 ταῖς
3721 2797 3848 2850 καθ’

2183 2880 2328 2958 ὥραν
2387 2882 2711 2959 γυμνασίαις
2770 2879 3084 2958 ὑπαλείφων
3165 2885 3300 2958 πρὸς
3382 2879 3516 2959 ἔργα
3570 2884 3842 2956 πολέμια.

2187 2973 2362 3030 Οὕτω
2392 2970 2595 3038 τοίνυν,
2625 2970 2715 3026 καὶ
2750 2971 2824 3034 ὡς
2853 2967 3012 3043 ᾤετο,
3043 2969 3230 3033 καλῶς
3297 2973 3364 3028 τὰ
3425 2973 3565 3028 κατὰ
3622 2975 3715 3028 τὸν
3748 2980 3840 3030 Σι-

2185 3058 2402 3116 κελικὸν
2458 3057 2704 3133 πόλεμον
2769 3079 3315 3135 παρασκευασάμενος
3398 3062 3689 3136 ἀνάγεσθαι
3745 3063 3831 3135 μὲν

2186 3147 2397 3205 κελεύει
2428 3149 2519 3204 τὸν
2553 3146 2749 3204 στόλον
2781 3154 2899 3212 τοῖς
2956 3149 3161 3223 ἐρέταις
3227 3149 3316 3205 καὶ
3369 3148 3688 3213 κελευσταῖς
3743 3151 3828 3206 λύ-

2186 3258 2306 3292 σασι
2336 3238 2404 3292 τά
2449 3239 2749 3313 καρχήσια,
2809 3238 2974 3312 μέγαν
3032 3235 3227 3292 δούκαν
3279 3234 3700 3314 προϐαλόμενος
3750 3240 3839 3295 τὸν

2181 3325 2265 3380 ἐπ’
2325 3322 2533 3402 ἀδελφῇ
2597 3321 2848 3402 γαμϐρὸν
2907 3327 3000 3381 τὸν
3060 3327 3498 3404 Κοντοστὲιρανον
3549 3330 3840 3406 Στέφανον,

2182 3416 2428 3490 ἂπαίρειν
2463 3411 2520 3470 δὲ
2575 3415 2665 3469 καὶ
2723 3417 2820 3483 τὴν
2885 3420 3052 3484 πεζὴν
3111 3419 3366 3490 στρατιάν
3428 3418 3518 3473 ὑπ’
3568 3419 3844 3493 ἂρχτ,γοῖς

2180 3505 2404 3581 ἑτέροις,
2437 3505 2582 3561 ἀλλὰ
2613 3503 2680 3575 δὴ
2712 3506 2801 3561 καὶ
2835 3507 3058 3580 Ἰωάννῃ
3093 3512 3173 3579 τῷ
3207 3509 3471 3585 ’Λξούχῳ
3499 3515 3582 3583 τῷ
3617 3507 3846 3584 μεγάλῳ

2182 3593 2513 3669 δομεστίκῳ,
2546 3597 2666 3670 περῖ
2703 3597 2764 3650 οῦ
2797 3596 3091 3672 φθάσαντες
3149 3597 3200 3652 ἐν
3260 3597 3542 3661 πλείστοις
3600 3597 3852 3673 παρεδη-

2182 3683 2459 3756 λώσαμεν.
2522 3683 2657 3760 Εἶχε
2686 3686 2868 3739 τοίνυν
2923 3686 3018 3748 τὰς
3047 3687 3358 3759 τριήρειςὴ
3416 3691 3524 3742 τῶν
3579 3690 3852 3744 Φαιάκων

2180 3772 2445 3848 πάραλος.
2501 3773 2569 3843 ἣν
2626 3774 2716 3827 καὶ
2777 3770 3186 3848 διαμερίζονται
3246 3777 3386 3849 πρὸς
3435 3777 3718 3848 ἐνότμισιν
3786 3779 3846 3833 αἳ

2178 3867 2368 3918 τετῶν
2409 3863 2708 3918 Βενετίκων
2743 3861 3090 3938 συμμαχίδες
3119 3871 3246 3932 νῆες
3278 3866 3368 3920 καὶ
3425 3867 3480 3920 αἱ
3535 3867 3846 3938 Ῥωμαϊκαὶ

2180 3959 2362 4018 αύταὶ,
2409 3956 2490 4026 τίν,
2551 3959 2652 4013 εἷεν
2714 3957 2886 4022 οὕτως
2949 3964 3002 4014 οὶ
3058 3961 3390 4035 ναύσταθμοι
3449 3969 3566 4025 τοῖς
3627 3966 3845 4039 γένεσιν

2180 4049 2520 4128 ἀμφοτέροις
2550 4047 2772 4124 ἄμικτοι
2805 4051 2894 4104 καὶ
2925 4054 3031 4105 τῶν
3088 4049 3149 4106 ἐκ
3201 4055 3300 4121 τῆς
3355 4051 3550 4125 ἀναμὶξ
3582 4054 3853 4127 ἀναστρο-

2181 4146 2287 4219 φῆς
2319 4137 2571 4214 ἃγευστοι
2607 4135 2906 4216 διαφορῶν
2943 4141 3078 4214 μετὰ
3113 4140 3295 4220 βραχὺ
3326 4137 3383 4196 δὶ
3439 4142 3528 4197 καὶ
3591 4143 3852 4218 βασιλεὺς

2179 4228 2342 4290 αὐτὸς
2373 4223 2534 4298 ἔξεισι
2568 4227 2702 4302 μετὰ
2759 4231 2860 4297 τῆς
2921 4235 3192 4302 στρατιᾶς.
3249 4229 3336 4300 Ἐξ
3375 4225 3578 4306 ἔφόδου
3636 4229 3696 4288 δὲ
3725 4233 3856 4296 τοὺς

2180 4317 2393 4377 Σκύθας
2463 4315 2815 4392 διαθροήσας,
2880 4316 2934 4372 οἳ
2998 4319 3091 4374 τὸν
3175 4321 3387 4393 ΙἹστρον
3445 4315 3730 4385 διαϐάντες
3787 4325 3856 4378 τὰ

2180 4409 2302 4481 περί
2334 4407 2426 4463 τὸν
2454 4408 2635 4480 Αἷμον
2668 4406 2931 4475 ἐσίνοντο,
2964 4406 3096 4481 ἄρας
3136 4407 3195 4464 ἐκ
3253 4415 3354 4476 τῆς
3404 4407 3694 4466 Φιλίππου
3751 4415 3856 4480 τὴν

2182 4496 2307 4559 εὐθὺ
2339 4497 2617 4573 Κερκύρας
2649 4492 2918 4565 ἐϐάδιζεν.
2972 4500 3125 4554 Ἔστι
3159 4495 3216 4554 δὲ
3245 4501 3279 4568 ἡ
3315 4500 3662 4573 Κερκυραίων
3715 4502 3856 4577 ἂκρα

430 4607 678 4660 quorum
706 4566 856 4648 tela"
877 4596 942 4647 ut
989 4608 1056 4647 ex
1116 4592 1416 4662 superiore
1465 4590 1590 4646 loco
1621 4590 1768 4645 citra
1811 4566 2072 4645 laborem

2183 4585 2404 4659 αἰγίλιψ
2452 4592 2598 4642 πᾶσα
2652 4586 2742 4640 καὶ
2800 4586 3126 4662 ἆγχινεφὴς,
3188 4586 3496 4656 ἑλικοειδὴς
3552 4591 3655 4658 τήν
3711 4590 3858 4656 θέσιν

433 4679 632 4744 missa,
665 4680 923 4736 efficacia
972 4687 1160 4750 erant,
1217 4696 1351 4735 cum
1403 4683 1790 4734 Romanorum
1845 4676 1975 4733 telis
2005 4693 2075 4731 ex

432 4768 702 4824 interiore
733 4770 857 4826 loco
879 4775 936 4824 et
957 4769 1103 4824 nihil
1134 4778 1234 4826 aut
1291 4784 1498 4842 parum
1545 4768 1862 4823 admodum
1912 4765 2077 4822 laede-

431 4861 653 4908 rentur.
685 4859 820 4919 Quis
850 4873 984 4912 cum
1015 4859 1278 4914 crebrius
1337 4857 1578 4929 repetita
1635 4857 1913 4912 Romanis
1945 4871 2081 4926 pre-

434 4959 570 4997 sens
601 4945 835 4999 exitium
869 4946 1301 5012 denuntiarent,
1334 4948 1590 5002 obsessis
1618 4961 1749 5002 vero
1803 4947 1929 5000 sine
1961 4943 2079 4999 ullo

434 5027 806 5084 incommodo
865 5033 1141 5101 Optabilia
1195 5041 1411 5100 essent,
1495 5035 1737 5092 Romani
1815 5031 2081 5088 cladibus

436 5116 666 5172 excitati
699 5119 950 5174 subinde
1003 5123 1133 5176 novi
1191 5124 1410 5196 aliquid
1460 5125 1518 5180 in
1561 5129 1876 5195 conspectu
1912 5123 2084 5192 impe-

437 5209 652 5264 ratoris
681 5209 1029 5282 excogitant,
1063 5212 1232 5268 fortia
1280 5213 1538 5270 facinora
1591 5216 1794 5279 edunt,
1827 5213 2078 5268 toleran-

442 5299 578 5352 tiam
613 5314 1010 5355 aerumnarum
1043 5301 1692 5368 declarant,ratiouibus
1723 5303 1781 5358 in
1817 5319 1878 5358 rs
1906 5301 2084 5357 dubia

441 5386 714 5456 inventis,
740 5387 896 5443 unde
917 5396 1133 5458 quanta
1155 5388 1472 5444 calliditate
1494 5394 1549 5443 et
1571 5391 1650 5444 rei
1682 5389 1950 5445 militaris
1974 5405 2084 5443 usu

438 5475 702 5534 valerent
722 5477 1006 5533 elucebat.
1047 5475 1262 5534 Verum
1299 5475 1401 5531 illa
1437 5478 1633 5534 omnia
1657 5483 1865 5534 irustra
1895 5483 2087 5547 erant,

444 5572 502 5622 et
531 5567 665 5622 vani
696 5571 942 5625 conatus
968 5583 1168 5624 earum
1203 5582 1400 5623 rerum
1447 5581 1575 5637 quis
1626 5567 1752 5624 fieri
1783 5585 1900 5624 non
1934 5579 2088 5639 pots-

2181 4675 2270 4730 καὶ
2331 4670 2732 4750 ὑψικόρυμϐος,
2789 4681 3152 4749 προσνευκυῖα
3206 4675 3260 4734 ἐς
3327 4677 3389 4731 τὸ
3451 4677 3703 4752 βάθιστον
3743 4687 3855 4750 τῆς

2185 4762 2484 4833 θαλάσσης.
2546 4761 2742 4837 Πέτραι
2804 4760 2861 4818 δὲ
2925 4763 3362 4840 περιεῤῥώγεσαν
3419 4765 3589 4836 αὐτὴν
3673 4769 3851 4846 ἀμφί-

2187 4873 2426 4926 κρημνοι
2465 4852 2556 4907 καὶ
2588 4853 2882 4924 ἀπότομοι,
2916 4854 2979 4907 τὸ
3013 4851 3060 4906 δ’
3091 4853 3228 4926 ὕψος
3260 4854 3391 4926 ὑπὲρ
3428 4856 3530 4924 τήν
3559 4853 3844 4930 ᾀδομὲνην

2189 4941 2400 5018 ἄορνον.
2465 4943 2642 5018 Τείχη
2714 4939 2771 4997 δὲ
2834 4941 3044 5016 ὀιρῥαγῆ
3113 4943 3213 5010 τήν
3277 4941 3440 5000 πόλιν
3525 4946 3852 5026 περιείληφε

2189 5038 2386 5096 πᾶσαν,
2445 5032 2535 5088 καὶ
2597 5033 2818 5108 πύργων
2874 5035 3214 5106 περιεστᾶσιν
3299 5033 3592 5107 ὑψώματα,
3669 5035 3706 5091 ἅ
3759 5038 3852 5092 καὶ

2191 5125 2409 5177 ποιοῦσι
2441 5123 2543 5188 τὴν
2609 5118 2815 5190 ταύτης
2871 5118 3335 5196 παραλογωτὲραν
3395 5120 3622 5179 ἅλωσιν.
3655 5125 3724 5182 Αἱ
3759 5127 3852 5199 μὲν

2193 5211 2260 5279 δὴ
2317 5210 2559 5264 ναυτικαὶ
2633 5207 2884 5281 δυνάμεις
2979 5210 3080 5277 τήν
3141 5207 3306 5283 ἄκραν
3390 5215 3850 5286 περιστεψάμεναι

2193 5297 2544 5378 παγχάλκοις
2576 5295 2888 5352 πεοέίλουν
2924 5297 3141 5360 ὅπλοις·
3207 5300 3314 5372 πρὸ
3363 5297 3420 5353 δὶ
3475 5304 3575 5355 τοῦ
3615 5301 3852 5375 πολέμῳ

2194 5385 2474 5444 ἐπιϐαλεῖν
2507 5385 2648 5462 ἔγνω
2681 5383 2789 5441 δεῖν
2821 5388 2849 5442 ὁ
2885 5385 3141 5462 βασιλεὺς
3201 5383 3269 5440 δι’
3329 5388 3706 5464 ὁμογλώττων
3761 5391 3848 5445 καὶ

2194 5477 2501 5552 ὁμοφώνων
2529 5477 2850 5550 πειραθῆναι
2881 5479 2987 5530 τῶν
3027 5469 3198 5544 ἔνδον,
3253 5475 3304 5531 εἲ
3353 5497 3472 5539 πως
3533 5478 3849 5536 ὑπεκσταῖεν

2194 5563 2344 5635 αὐτῷ
2369 5567 2466 5620 τοῦ
2495 5562 2760 5641 φρουρίου
2796 5561 3072 5642 ἀμαχητί.
3131 5563 3220 5626 Ὧς
3268 5559 3325 5618 δί
3370 5567 3478 5619 τῶν
3538 5564 3846 5642 λεγομὲνων

447 5659 733 5715 resumo
762 5656 1157 5730 gratissimam
1189 5671 1313 5715 rem
1347 5653 1616 5712 hostibus
1673 5663 1726 5712 et
1782 5655 2075 5728 optabiles

2199 5655 2388 5711 ἀκουοὶ
2425 5653 2708 5732 γεγονότες
2739 5649 2853 5709 οὐδ’
2893 5652 3038 5716 ὅλως
3097 5651 3499 5730 ὑπενεδίδοσαν,
3561 5654 3710 5715 ἀλλὰ
3761 5655 3848 5710 τί-
