4140 6290
290 372 406 435 41⁷1

1346 364 1446 428 DE
1492 365 1877 428 MANUELE
1920 363 2301 428 COMNENO
2350 368 2499 430 LIB.
2543 367 2619 428 Π.

3597 368 3717 431 418

304 502 467 576 ἒῲκει
523 498 610 556 διὰ
664 519 769 568 την
804 504 902 568 τῆς
958 495 1306 566 δεσποινικῆς
1357 495 1557 566 νηδύος
1613 495 1950 571 ἐπιτίμησιν,

2089 500 2397 558 iatriarcba
2422 500 2540 557 leni
2571 517 2707 558 voce
2738 497 2885 557 dixit
2918 514 2932 555 :
2960 524 2989 551 «
3023 496 3208 557 Sinite
3239 501 3444 557 ‘istum
3473 504 3715 574 jamjam

310 593 406 647 καὶ
432 592 518 646 τὸν
548 588 808 659 ζηλωτὴν
841 586 928 641 ἐπὶ
970 586 1187 649 τούτοις
1231 587 1365 662 ὑπὲρ
1415 588 1542 648 τοὺς
1605 592 1956 663 παρεστῶτας

314 683 512 740 πάντας
572 676 948 753 παρακαιρίως
1006 676 1433 749 ὑποκρινάμενος
1516 676 1791 754 ἐφίσταται
1877 680 1957 748 τῷ

317 769 623 844 πατριάρχῃ
663 766 910 843 βιδάττων
962 769 1118 837 θυμῷ
1172 764 1259 818 καὶ
1322 767 1421 835 πύξ
1478 764 1704 834 πατάξαι
1760 768 1952 820 τοῦτον

313 857 720 930 δανοούμενος,
773 852 871 908 κᾶν
932 853 1159 929 ἐπέσχεν
1194 854 1378 908 ἑαυτὸν
1407 861 1506 923 τῆς
1539 855 1740 929 ὁρμῆς.
1775 856 1955 910 Τοῦτο

306 945 361 1003 δὲ
392 944 517 1001 οὔτε
576 949 655 1017 τῷ
700 942 915 1019 βασιλεῖ
973 942 1265 1020 ἐχὲφρονος
1306 938 1459 1017 ἔργον
1486 940 1660 1012 ἔδοξε,
1690 943 1780 997 καὶ
1820 939 1954 997 ἔδειο

302 1037 409 1107 ξεν,
435 1036 516 1097 οἷς
566 1034 939 1111 ἠγανάκτησε,
1002 1032 1209 1107 βαρέως
1262 1032 1485 1107 ἐνεγκὼν
1529 1033 1592 1086 τὸ
1649 1033 1955 1106 γενόμενον·

304 1125 396 1179 καὶ
446 1124 499 1178 οἱ
558 1123 675 1177 καθ’
734 1122 877 1193 αἷμα
925 1116 982 1175 δὲ
1036 1124 1115 1192 τῷ
1176 1119 1397 1196 βασιλεῖ
1444 1120 1838 1194 συναπτόμενυι
1871 1120 1959 1176 καὶ

304 1215 368 1269 τὸ
420 1211 825 1286 ,ξυμπαρεστὼς
884 1210 1170 1286 γερούσιον
1225 1209 1299 1272 ὡς
1352 1208 1542 1264 ἀνόσια
1609 1208 1809 1284 δρῶντι
1882 1214 1962 1282 τῷ

306 1300 741 1377 Κοντοστεφάνῳ
816 1297 1179 1369 ἐπέπληττον,
1259 1300 1399 1370 μήτε
1486 1299 1593 1371 μὴν
1672 1300 1963 1373 πεφρικότι

300 1394 404 1461 τὴν
440 1389 565 1465 εὐρὺ
603 1388 751 1461 μάλα
788 1393 906 1449 τοῖς
962 1389 1030 1442 τὰ
1083 1392 1314 1442 τοιαῦτα
1372 1392 1782 1461 παρανομοῦσιν
1844 1388 1964 1442 ἐπι-

307 1480 610 1556 χαίνουσαν
641 1485 769 1552 γῆν.
797 1477 974 1538 Αὐτὸς
1024 1474 1083 1530 δὲ
1142 1477 1170 1530 6
1218 1477 1569 1551 πατριάρχης
1614 1475 1813 1552 πραεία
1870 1477 1965 1530 οὒ-

301 1569 446 1627 τωσί
478 1589 599 1629 πως
626 1561 795 1644 ἔφησε
817 1570 886 1640 τῇ
909 1569 1084 1639 φωνῇ.
1111 1590 1135 1616 ‹‹
1163 1571 1365 1639 ’Ἄφετε
1411 1565 1599 1634 αὑτὸν,
1639 1565 1764 1619 ’ὅσον
1814 1561 1966 1619 οὔπω

2066 605 2235 644 suam
2268 594 2547 647 Petraaam
2582 597 2976 662 accepturum.
3011 611 3040 640 »
3102 590 3325 656 Quibus
3382 590 3575 648 verbis
3617 608 3720 664 per

2065 681 2339 747 ambages
2372 680 2653 737 innuebat
2683 696 2800 752 quo
2833 680 3038 736 mortis
3058 696 3266 752 genere
3298 681 3589 752 periturus
3619 698 3717 738 es-

2065 774 2168 824 set.
2205 775 2290 823 An
2319 785 2451 825 vero
2517 768 2885 842 imperatoris
2943 770 3151 840 conjux
3200 770 3272 825 ob
3328 775 3500 826 istam
3534 772 3718 841 patris

2067 861 2516 914 exsecrationem
2553 875 2743 915 mares
2799 875 2914 913 non
2973 858 3281 929 pepererit,
3318 860 3449 929 ,Deo
3483 876 3716 917 servum

2068 961 2243 1001 suum
2268 946 2587 1002 bonorante
2613 951 2789 1018 atque
2819 946 3104 1002 efﬁciente
3132 952 3198 1001 ut
3222 946 3321 1002 illa
3353 961 3453 1019 per
3483 966 3719 1005 omnem

2068 1040 2297 1091 aetatem
2334 1042 2559 1091 tantum
2619 1035 2843 1107 puellas
2900 1036 3239 1104 eniteretur,
3298 1037 3570 1108 equidem
3606 1055 3721 1093 non

2070 1124 2213 1180 satis
2251 1125 2390 1181 scio.
2451 1125 2774 1196 Imperator
2831 1132 3023 1181 autem
3084 1131 3239 1182 recte
3288 1128 3505 1183 sentire
3534 1128 3725 1195 visus,

2071 1229 2201 1269 cum
2235 1230 2269 1269 a
2301 1230 2405 1269 sua
2436 1214 2792 1271 conscientia
2817 1223 3178 1285 argueretur,
3213 1219 3286 1270 ob
3336 1216 3525 1272 virum
3567 1218 3722 1272 100

2064 1303 2317 1374 justum,
2353 1303 2694 1375 religiosum
2734 1308 2791 1359 et
2820 1304 3085 1361 criminis
3141 1310 3433 1374 eXpertem
3493 1307 3723 1378 istaque

2074 1392 2396 1463 ignominia
2429 1393 2667 1447 minime
2697 1394 2941 1465 dignum
2975 1393 3117 1449 solio
3149 1393 3547 1463 deturbatum,
3574 1395 3725 1451 banc

2075 1487 2130 1534 et
2161 1496 2273 1534 non
2309 1479 2485 1535 aliam
2516 1498 2753 1537 causam
2775 1497 2901 1538 esse
2934 1482 3163 1538 censuit
3188 1499 3291 1538 cur
3341 1482 3532 1540 nullos
3575 1483 3728 1542 ﬁlios

2079 1584 2310 1638 procrea
2320 1577 2423 1633 rel,

302 1660 405 1729 τήν
465 1655 670 1712 οἰκείαν
712 1654 969 1728 πετραίαν
1031 1652 1367 1727 ληψόμενον,
1428 1677 1457 1704 ››
1515 1653 1606 1708 τὸν
1663 1652 1869 1708 ἐκείνου
1932 1653 2103 1728 μόρον
2163 1652 2273 1727 ὅτῳ
2329 1650 2564 1727 ξυμϐαίη
2621 1655 2809 1730 τρόπῳ
2851 1654 3209 1734 γριφολογῶν
3242 1655 3349 1713 ὦδε
3414 1660 3501 1714 καὶ
3556 1660 3727 1715 αἰνιτ-

302 1751 368 1806 τὸ
379 1768 539 1822 μενος
550 1790 563 1802 .
598 1745 664 1801 Εἰ
696 1741 753 1799 δὲ

300 1839 480 1913 ῥενος,
503 1839 603 1890 τοῦ
652 1837 787 1888 Θεοῦ
818 1836 1089 1905 τιμῶντος

306 1930 523 2003 βίοτον,
586 1925 748 1986 αὐτὸς
827 1924 921 1996 μὲν

851 1744 1009 1812 καὶὴ
1056 1741 1272 1805 Βασιλὶς
1335 1742 1422 1797 διὰ
1466 1745 1691 1813 ταυτηνὶ
1767 1744 1870 1811 τήν
1945 1741 2259 1816 ἐπιτίμησιν
2335 1747 2432 1798 τοῦ
2508 1745 2709 1819 πατρὸς
2783 1744 2881 1799 οὐκ
2953 1742 3154 1815 ἤκουσε
3184 1745 3378 1809 παιδὸς
3414 1750 3599 1823 μήτηρ
3632 1747 3729 1826 ἄῤ-

1189 1831 1281 1886 τὸν
1356 1832 1518 1887 αὑτοῦ
1593 1831 1893 1904 θεράποντα
1964 1831 2054 1886 καὶ
2131 1830 2532 1901 θηλυτεκοῦσαν
2611 1831 2956 1897 ἐκτελοῦντος
3010 1835 3122 1888 καί
3155 1834 3284 1890 ὅλον
3358 1837 3450 1889 τὸν
3525 1839 3738 1911 ταύτης

1017 1926 1200 2000 σαφῶς
1253 1921 1353 1977 οὐκ
1427 1922 1607 1994 ἴσημι’
1685 1922 1781 1998 ὅγε
1814 1924 1922 1995 μὴν
1985 1920 2239 1997 βασιλεὺς
2313 1924 2688 2000 εὐγνωμενῶν,
2767 1925 2848 1979 ὡσ
2919 1920 3105 1996 ἔδειξε,
3138 1927 3229 1981 καὶ
3301 1926 3382 2001 τῷ
3455 1924 3607 1984 ἔνδον
3638 1932 3732 1987 καὶ

306 2019 499 2093 οἰκείῳ
575 2017 848 2092 κριτηρίῳ
920 2013 1329 2087 πληττόμένος,
1406 2014 1495 2078 οἶς
1567 2010 1735 2088 ἄνδρα
1812 2010 2023 2068 δίκαιον
2098 2011 2317 2085 θεεσεϐῆ
2347 2018 2522 2071 τεκαὶ
2554 2016 2841 2090 ἄμεμπτον
2881 2018 2972 2073 καὶ
3005 2017 3174 2091 μηδὲν
3245 2041 3298 2074 τι
3371 2021 3733 2095 καθαιρέσεως

562 2103 994 2179 διαπραξάμενον

304 2108 453 2179 ἄξιον

304 2198 583 2273 στέρησιν.

372 2289 444 2344 Δ’.
483 2285 753 2347 Πεσόντος
787 2280 867 2347 δὲ,
899 2283 975 2344 ὡς
1004 2277 1230 2359 ἔφημεν,
1257 2287 1355 2336 τοῦ
1409 2281 1878 2362 Κοντοστειράνου,
1929 2284 1957 2338 6
1990 2308 2035 2374 Β

308 2378 476 2452 μέγας
535 2371 860 2444 δομὲστικος
919 2371 1174 2442 Ἰωάννης
1227 2374 1325 2439 τῆς
1390 2373 1753 2446 τριηραρχίας
1838 2369 1960 2426 ἐπι-

305 2461 672 2537 λαμὸάνεται,
702 2460 813 2535 οὐχ
843 2459 982 2515 ὣστε
1008 2459 1098 2515 καὶ
1151 2460 1322 2534 μέγας
1382 2457 1510 2530 δοὺξ
1578 2460 1964 2533 ὀνομάζεσθαι,

313 2553 441 2608 ἀλλ’
500 2551 624 2607 ὅσον
674 2555 773 2606 τοῦ
803 2547 1006 2605 στόλου
1046 2549 1357 2625 ἐξηγεῖσθαι
1394 2550 1484 2603 καὶ
1513 2555 1631 2611 τοῖς
1656 2548 1965 2622 γινομένοις

323 2640 622 2696 ἐπιστατεῖν
677 2641 752 2702 ὡς
814 2638 1113 2712 στρατηγίᾳ
1167 2637 1479 2713 διαπρέπων
1509 2638 1645 2713 ἀνὴρ
1704 2638 1967 2693 καὶκατὰ

332 2734 500 2806 χεῖρα
521 2735 751 2802 γενναῖος
811 2728 903 2783 καὶ
950 2732 1074 2782 νοῦν
1133 2726 1433 2802 ἡγεμονίας
1499 2725 1755 2782 πλουτῶν
1807 2726 1970 2799 ἀξιώ-

330 2840 518 2875 τατον.
572 2820 632 2875 Ὀ
685 2817 740 2874 δὲ
821 2818 1080 2893 βασιλεὺς
1144 2812 1487 2891 κατατρίϐειν
1568 2815 1819 2879 ἐπιεικῶς
1876 2816 1968 2871 τὸν

330 2909 528 2984 καιρὸν
562 2908 674 2980 εἰκῇ
705 2907 754 2962 ἐν
786 2906 946 2980 δεινῷ
992 2908 1301 2979 τιθάμενος,
1334 2905 1424 2961 καὶ
1472 2905 1570 2969 τές
1633 2908 1843 2981 ἡμερας
1899 2905 1975 2969 εἰς

328 2994 491 3053 οὐδὲν
557 2996 856 3052 ἀναλίσκειν
927 2994 1119 3051 οὔκουν
1177 2996 1540 3071 βουλόμενος,
1601 2994 1675 3056 ὡς
1733 2995 1760 3049 6
1796 3000 1975 3058 Κεφα-

326 3086 526 3157 λῆνων
589 3086 844 3161 βασιλεὺς
924 3081 1213 3147 Ὀδυσσεὺς
1296 3084 1391 3145 τὰς
1466 3083 1633 3153 ἡλίου
1716 3082 1976 3158 πρότερον

314 3176 477 3253 βοῦς,
540 3176 616 3237 εἷς
674 3183 781 3245 νῆα
839 3171 995 3243 ἐνέϐη
1052 3176 1150 3244 τὴν
1203 3170 1559 3248 στρατηγίδα,
1612 3173 1701 3227 καὶ
1787 3171 1978 3246 κύκλῳ

312 3269 424 3335 τήν
483 3264 833 3339 Κερκυραίων
899 3269 1070 3318 πᾶσαν
1124 3261 1544 3329 κατωπτευκὼς,
1602 3256 1980 3336 ᾖπροσϐαλοι

318 3351 610 3427 ἐπιμελῷς
668 3352 1076 3408 κατεσκέπτετο.
1136 3353 1226 3413 Ἐς
1284 3351 1386 3427 γὰο
1468 3357 1640 3424 μῆνας
1713 3354 1858 3425 τρεῖς
1944 3351 1979 3417 ἡ

325 3442 625 3518 πολιορκία
661 3440 1089 3517 παρεξετείνετο,
1142 3442 1225 3495 ὅτι
1269 3438 1398 3513 μηδ’
1459 3439 1577 3514 εἶχε
1631 3439 1731 3507 τὴν
1783 3439 1980 3495 Ὄσσαν

322 3530 624 3603 ἀνασπᾷν
681 3534 773 3586 τὸν
831 3531 1018 3595 Ἄθων
1061 3525 1449 3599 ἐπικυλίνδειν,
1519 3528 1611 3583 καὶ
1676 3526 1986 3590 ἀνατιθέναι

319 3622 390 3675 τὰ
449 3621 553 3696 ὄρη
624 3618 940 3688 ἐπάλληλα,
1000 3622 1091 3672 καὶ
1128 3619 1227 3685 τὴν
1271 3616 1435 3685 ἄκραν
1465 3612 1609 3671 οὕτω
1637 3620 1812 3671 ποιεῖν
1845 3614 1988 3670 ἁλώ-

330 3731 508 3781 σιμον.
571 3712 753 3766 Ταῦτα
783 3708 890 3782 γὰρ
945 3705 1320 3783 μεγαλουργία
1348 3708 1549 3778 μυθική
1581 3705 1673 3759 καὶ
1704 3703 1988 3765 ἀπίθανος.

334 3796 433 3853 Ὠσ
484 3797 541 3855 δὲ
590 3800 856 3854 πάντοθεν
904 3795 968 3871 ᾖν
1019 3794 1420 3868 ἀπορούμενος,
1472 3791 1619 3867 ἔδοξε
1684 3795 1821 3848 κατά
1871 3814 1991 3847 τινα

333 3887 581 3965 φάραγγα
634 3884 866 3963 εὐέφιιδα
931 3886 1021 3940 καὶ
1079 3885 1312 3958 προσιτά
1366 3888 1601 3947 τιθεῖσαν
1659 3883 1725 3938 τὰ
1783 3879 1990 3938 ἔνδοθεν

330 3975 601 4053 βαλέσθαι
648 3976 872 4047 ξυλίνην
928 3973 1195 4047 κλίμακα,
1255 3972 1308 4035 ἐς
1368 3980 1562 4050 σχῆμα
1619 3973 1832 4049 πύργου
1906 3992 1988 4026 τει

323 4068 684 4135 κτονηθεῖσαν
753 4062 1039 4121 κυκλόθεν.
1103 4063 1475 4135 Ἥρμόττλντο
1555 4060 1649 4117 οὖν
1711 4061 1990 4137 ναυπηγή-

325 4177 469 4223 σιμα
498 4154 653 4229 ξύλα,
705 4154 798 4209 καὶ
856 4152 995 4207 ἱστοὶ
1052 4149 1309 4226 μεγάλων
1370 4155 1504 4205 νεῶν
1561 4153 1990 4224 συνεπήγνυντο,

322 4245 420 4300 καὶ
457 4245 510 4299 οἱ
547 4246 623 4316 μὴ
666 4242 1027 4313 ἐξικνούμενα
1060 4245 1156 4296 τοῦ
1204 4238 1374 4314 ὕψους
1432 4237 1649 4314 βλῆτρα
1706 4237 1986 4314 ἐδέχοντο.

323 4335 419 4395 Ὠς
480 4330 538 4389 δὲ
591 4329 699 4387 ἔδει
760 4330 894 4386 ποτὶ
941 4330 1172 4405 ἀρθῆναι
1243 4328 1334 4384 καὶ
1419 4330 1565 4401 παρὰ
1646 4330 1745 4397 τήν
1824 4325 1989 4399 ἄκραν

320 4424 547 4491 τεθῆναι
606 4425 707 4488 τὴν
768 4416 1071 4494 πυργοειδῆ
1134 4416 1334 4485 ταύτην
1407 4413 1672 4489 κλίμακα,
1761 4417 1796 4485 ἡ
1900 4416 1994 4487 μὲν

326 4512 549 4587 κορυφή
599 4510 774 4577 αὐτῆς
836 4505 1006 4585 ῥαχίᾳ
1062 4506 1260 4577 πέτρας
1314 4504 1402 4561 καἱ
1434 4504 1595 4579 πάγῳ
1626 4505 1995 4578 προσ-ἤγγιζεν

328 4599 626 4673 ὀκριόεντι,
653 4600 773 4653 ὅθεν
827 4597 854 4650 6
905 4598 1005 4658 τῆς
1059 4592 1275 4655 πόλεως
1333 4593 1627 4672 τειχισμὸς
1684 4590 1995 4668 ἀρχόμενος

333 4689 494 4764 βάσιν
542 4685 790 4742 ἒνεδίδου
848 4690 964 4744 τοῖς
1032 4678 1346 4737 ἀποϐαίνειν
1427 4683 1487 4737 ἐκ
1556 4688 1655 4750 τῆς
1721 4679 1994 4752 κλίμακο>

335 4776 610 4852 μέλλουσι
642 4773 736 4830 καὶ
783 4771 921 4845 πρὸς
962 4769 1094 4833 τοὺς
1153 4769 1241 4825 ἐπὶ
1285 4775 1382 4825 τοῦ
1440 4770 1663 4844 τείχους
1718 4767 1994 4841 ἀντιφέρε-

330 4879 478 4936 σθαι,
514 4869 550 4937 ἡ
585 4865 631 4923 δ’
660 4860 946 4935 ὑποϐάθρα
996 4861 1218 4924 πλοίοις
1276 4859 1588 4916 ἐπανὲκειτο
1647 4856 1703 4914 εὖ
1760 4858 1997 4932 ἀραρυῖα

328 4959 424 5013 καὶ
483 4960 770 5033 πεπηγυῖα
828 4951 966 5026 πρὸς
1006 4952 1067 5006 τὸ
1145 4947 1381 5022 ἔμπεδον
1466 4949 1556 5004 καὶ
1640 4944 1990 5024 ἀκράδαντον.

1095 2103 1368 2179 παρέλυσε
1395 2107 1515 2172 τῆς,
1594 2103 1770 2178 ἀρχῆς
1847 2101 2024 2157 αἰνίαν
2086 2103 2313 2177 ταύτην,
2373 2104 2473 2161 οὐκ
2543 2105 2726 2182 ἒτὲραν
2771 2108 2870 2177 τήν
2916 2114 3016 2178 τῆς
3092 2107 3365 2172 υὶοτοκίας
3444 2108 3732 2168 διετείνετο

2137 2286 2226 2344 IV.
2258 2288 2366 2342 Sed
2395 2287 2889 2359 Contostepbano,
2921 2291 2986 2344 ut
3041 2289 3322 2362 diximus,
3354 2291 3548 2349 occiso
3607 2308 3730 2349 ma-

2071 2392 2224 2448 gnus
2255 2376 2612 2433 domesticus
2642 2376 2900 2434 Joannes
2926 2382 3323 2449 praefecturam
3365 2379 3574 2437 classis
3606 2382 3733 2438 sine

2074 2471 2267 2519 tamen
2300 2463 2497 2535 magni
2558 2464 2725 2519 ducis
2781 2473 3192 2536 cognomento,
3238 2468 3511 2540 suscipit,
3553 2476 3733 2541 atque

2075 2552 2273 2608 omnia
2292 2552 2668 2607 administrat
2698 2559 2758 2607 ut
2787 2552 2962 2607 homo
2996 2555 3075 2608 rei
3130 2554 3398 2612 militaris
3439 2558 3734 2628 peritissi-

2080 2656 2231 2708 mus,
2262 2646 2319 2695 et
2352 2655 2523 2694 manu
2553 2648 2862 2711 promptus
2893 2652 2949 2694 ei
2979 2641 3215 2711 ingenio
3245 2646 3311 2697 ad
3344 2644 3732 2716 principatum

2079 2728 2404 2799 aptissimo.
2438 2730 2756 2799 Imperator
2787 2745 2919 2785 vero
2954 2733 3174 2787 frustra
3189 2747 3250 2787 se
3280 2735 3513 2803 tempus
3544 2737 3731 2788 terere

2081 2832 2231 2888 aegre
2278 2816 2490 2886 ferens,
2547 2822 2607 2872 et
2662 2817 2805 2881 dies,
2862 2822 2926 2873 ut
2981 2817 3119 2874 olim
3177 2818 3568 2890 Cephallenum
3628 2837 3731 2876 rex

2084 2906 2319 2978 Ulysses
2364 2906 2507 2961 solis
2567 2905 2766 2976 boves,
2827 2907 3044 2962 frustra
3101 2924 3443 2965 consumere
3503 2908 3731 2977 nolens,

2088 2997 2213 3051 navi
2246 3012 2563 3051 conscensa
2595 3000 2652 3051 et
2682 2998 2928 3069 Corcyra
2966 2996 3225 3069 undique
3268 2997 3620 3070 perlustrata
3647 2999 3740 3054 di-

2087 3085 2331 3158 ligenter
2369 3085 2704 3140 considerat
2756 3100 2867 3156 qua
2924 3090 3090 3157 parte
3145 3086 3468 3158 oppugnari
3519 3089 3739 3158 posset.

2088 3174 2232 3230 Nam
2265 3172 2489 3230 obsidio
2519 3173 2760 3229 tertium
2797 3190 3052 3230 mensem
3079 3176 3205 3245 jam
3237 3175 3504 3232 durabat.
3539 3175 3743 3248 Neque

2092 3264 2246 3320 enim
2271 3267 2477 3319 Ossam
2500 3261 2775 3318 revellere
2797 3268 2898 3318 aut
2919 3263 3112 3320 Atbon
3135 3264 3438 3321 advolvere
3487 3269 3545 3319 et
3575 3280 3742 3319 mon-

2092 3358 2179 3408 tes
2211 3354 2511 3409 monlibus
2541 3353 2842 3422 imponere
2872 3357 3117 3422 poterat,
3149 3370 3262 3426 quo
3294 3369 3485 3410 arcem
3519 3353 3749 3410 facilius

2095 3446 2475 3514 expugnaret,
2509 3449 2569 3498 ut
2600 3442 2824 3513 poetica
2876 3434 3379 3515 magniloquentia
3431 3443 3742 3499 fabulatur.

2098 3535 2170 3588 Ut
2198 3547 2331 3586 vero
2357 3530 2517 3585 omni
2551 3531 2796 3585 consilio
2819 3530 3263 3600 deslituebatur,
3296 3533 3488 3588 visum
3549 3536 3640 3587 est
3685 3532 3746 3586 in

2098 3618 2265 3683 valle,
2299 3636 2416 3690 qua
2466 3622 2534 3674 ad
2595 3620 2868 3675 interiora
2927 3620 3113 3677 facilis
3157 3621 3391 3691 patebat
3428 3620 3644 3685 aditus,
3680 3620 3748 3674 li-

2099 3723 2309 3780 gneam
2346 3707 2561 3763 scalam
2597 3708 2776 3762 turris
2812 3708 2994 3763 forma
3028 3708 3086 3763 in
3118 3708 3317 3763 orbein
3368 3709 3750 3764 fabr-electam

2100 3796 2389 3852 mmnibus
2435 3799 2765 3852 admovere.
2825 3796 3074 3853 Proinde
3140 3798 3336 3851 trabes
3392 3796 3639 3852 nauticas
3696 3802 3754 3851 et

2066 3884 2295 3962 'magni
2331 3883 2467 3939 mali
2498 3890 3089 3956 coagmentantur;et
3123 3886 3224 3956 qui
3249 3889 3420 3939 tantae
3453 3884 3757 3939 altitudini

2096 3972 2252 4028 110
2282 3976 2448 4027 erant
2479 3987 2755 4042 impares,
2807 3972 3211 4027 commissuris
3255 3971 3499 4028 aliorum
3563 3973 3754 4041 ligno-

2099 4077 2223 4116 rum
2254 4066 2563 4133 a-quantur
2584 4060 2826 4116 caeteris.
2851 4060 2926 4116 Ea
2954 4061 3109 4115 scala
3142 4077 3273 4117 cum
3306 4060 3545 4116 tandem
3582 4059 3756 4116 attol-

2098 4150 2316 4206 leretur
2344 4155 2400 4205 et
2430 4149 2501 4205 ad
2543 4165 2735 4204 arcem
2791 4148 3199 4221 applicaretur,
3262 4151 3564 4222 fastigium
3623 4151 3757 4220 ejus

2100 4255 2363 4310 asperam
2395 4245 2624 4294 cautem
2678 4240 3015 4308 attingebat,
3078 4239 3136 4295 in
3187 4258 3303 4312 qua
3338 4241 3552 4295 mcenia
3586 4240 3746 4295 urbis

2098 4329 2441 4399 incipientia
2467 4328 2692 4382 aditum
2735 4345 2764 4383 e
2795 4329 2952 4383 scala
2978 4329 3358 4387 descensuris
3396 4331 3752 4402 praebebant,

2103 4418 2200 4472 ubi
2236 4417 2479 4488 vestigia
2510 4416 2684 4487 figere
2712 4422 2771 4471 et
2801 4416 2998 4473 hostes
3031 4419 3269 4490 aggredi
3303 4423 3560 4490 possent.
3590 4419 3764 4474 Basis

2098 4522 2233 4561 vero
2256 4505 2423 4560 scalae
2449 4505 2625 4576 probe
2647 4506 3176 4578 compacta,itaque
3197 4508 3387 4562 deﬁxa
3413 4511 3477 4560 ut
3514 4506 3758 4562 minime

2101 4594 2693 4666 agitareturmavigiis
2725 4594 3117 4650 incumbebat.
3153 4594 3498 4667 Deliguntur
3546 4595 3753 4649 fortis-

2102 4683 2233 4737 simi
2260 4682 2475 4753 quique
2496 4686 2553 4736 et
2573 4681 2745 4738 bellis
2766 4682 3129 4739 celeberrimi
3155 4700 3168 4750 ;
3203 4688 3259 4738 et
3290 4684 3415 4753 ipse
3439 4683 3759 4753 imperator

2103 4770 2423 4843 proclamat
2453 4786 2466 4823 :
2500 4791 2527 4819 ‹‹
2562 4771 2667 4834 Qui
2700 4772 3107 4838 imperatorem
3137 4772 3333 4844 diligit
3391 4774 3449 4827 et
3496 4769 3761 4842 pericula

2104 4877 2217 4915 non
2252 4860 2615 4925 reformidat,
2640 4860 2938 4916 ascendat.
2975 4883 3002 4910 »
3037 4861 3152 4916 Nec
3185 4868 3375 4917 tamen
3408 4878 3475 4916 eo
3537 4877 3757 4933 prisco-

2104 4949 2201 5004 nio
2233 4950 2544 5019 quisquam
2588 4947 3061 5012 evocabatur,’sed
3092 4950 3330 5022 periculi
3359 4950 3763 5024 magnitudine

334 5010 677 5123 Ἐπιλέγδην
710 5042 806 5097 οὗν
840 5010 893 5095 ei
937 5040 1019 5095 ἐπ’
1072 5010 1243 5107 dﬁcit}:
1300 5010 1720 5112 ἀναϐησόμενοι.
1775 5036 1979 5113 ἔπεκρί-

2106 5037 2285 5093 territi
2322 5052 2628 5092 ascensum
2663 5036 3059 5093 detrectabant
3093 5056 3320 5109 omnes,
3374 5040 3558 5097 donec
3617 5056 3767 5111 qua-

335 5158 512 5202 νοντο,
572 5138 661 5191 καὶ
727 5134 781 5188 οἱ
840 5132 1089 5185 ἁπάντων
1146 5127 1330 5203 ἔξοχοι
1384 5126 1573 5183 ἄλλων
1624 5126 1714 5182 καὶ
1764 5125 1995 5198 ἄλκιμοι

333 5228 469 5281 κατᾶ
518 5225 793 5295 πόλεμον,
856 5219 940 5274 ὅτι
991 5218 1104 5283 καὶ,
1135 5242 1163 5270 ‹‹
1196 5218 1258 5273 Ὀ
1288 5224 1377 5272 τὸν
1426 5215 1653 5290 βασιλέα
1702 5215 1878 5295 φιλῶν
1907 5214 1996 5270 καὶ

1278 5304 1293 5336 L

334 5314 630 5394 φιλότιμος
663 5312 717 5370 ἐν
774 5307 974 5367 δεινοῖς
1043 5300 1402 5371 ἀναϐαινέτω,
1451 5332 1472 5359 ι
1523 5303 1778 5380 βασιλεὺς
1842 5303 2001 5364 αὐτὸς

1511 5395 1849 5470 συνηγηόχει
1938 5395 2002 5449 τὸ

332 5500 581 5551 τοιοῗιτον
646 5486 1086 5560 διακηρύκευμα,
1121 5481 1266 5537 ἀλλὰ
1323 5483 1517 5544 πάντες
1577 5481 1816 5538 ἀνένευον
1865 5482 2002 5558 πρὸς

329 5588 425 5657 τήν
447 5582 679 5649 ἄνοδον,
713 5577 780 5632 τὸ
840 5577 939 5627 τοῦ
986 5567 1240 5626 κινδύνου
1304 5570 1530 5649 μέγεθος
1585 5566 2004 5645 εὐλαϐούμενοι,

334 5412 771 5480 προεκήρυττεν.
857 5394 1066 5454 Οὐδένα
1144 5396 1238 5467 μὶν
1326 5395 1416 5449 οὗν

2107 5130 2241 5181 tuor
2282 5128 2479 5181 fratres
2502 5123 2867 5197 Petralipbaa,
2900 5143 2967 5181 ex
2992 5127 3266 5184 Francica
3291 5133 3465 5199 gente
3500 5127 3758 5198 oriundi,

2110 5215 2210 5289 qui
2278 5213 2691 5285 Didymotcechi
2747 5214 3117 5280 habitabant,
3169 5218 3324 5273 dicto
3384 5216 3756 5289 imperatoris

2111 5304 2417 5360 audientes
2452 5302 2623 5373 primi
2683 5303 2895 5360 scalam
2959 5308 3444 5361 censcenderunt.
3495 5306 3757 5369 Quorum

2113 5393 2356 5448 audacia
2388 5391 2613 5447 incitati
2632 5390 2728 5447 alii
2751 5410 2863 5449 non
2894 5396 3167 5464 pauci,ac
3195 5399 3329 5450 ante
3350 5409 3447 5449 eos
3478 5393 3760 5463 Pupaces,

2116 5482 2315 5553 magni
2346 5480 2651 5534 domestici
2702 5479 2957 5548 satelles,
3007 5482 3176 5555 quasi
3234 5481 3473 5538 numine
3532 5481 3761 5535 afﬂatus

2116 5568 2451 5642 prosiliens.
2478 5571 2775 5625 consecuti
2804 5575 2962 5625 sunt.
2995 5570 3211 5634 Quibus
3251 5568 3525 5625 omnibus
3572 5566 3765 5635 impe-

331 5648 430 5741 ἶιύς
491 5662 887 5749 Πιτραλεῖφαί
944 5680 1085 5722 τινες
1142 5648 1477 5738 αὐτάδελφοι
1508 5660 1785 5738 τέσσαρες,
1822 5659 1883 5717 ίκ
1909 5664 1979 5716 το³

2119 5664 2278 5725 rator
2305 5656 2378 5717 ob
2411 5656 2773 5721 alacritatem
2791 5658 3158 5725 collaudatis,
3178 5655 3527 5726 selectisque
3556 5651 3627 5707 ad
3660 5648 3765 5703 400
