4140 6290
438 411 553 470 M9

1752 395 2064 459 NICETE
2105 395 2530 462 CHONIATE

3718 400 3829 460 L0

440 557 639 600 eorum
672 555 818 612 quos
849 553 1000 609 saepe
1028 533 1086 590 in
1119 534 1242 590 acie
1271 531 1501 589 stetisse
1529 537 1582 586 et
1606 531 1760 586 viros
1791 546 1920 586 esse
1966 529 2081 585 for-

2193 533 2304 584 τῶν
2365 531 2637 607 Φράγγων
2696 529 2888 608 γένους
2946 530 3266 602 ὑρμῶμενοι
3303 528 3556 584 καὶκατὰ
3588 528 3653 584 τὸ
3686 525 3836 584 Διδυ-

441 637 532 688 tes
590 635 949 702 compertum
996 625 1265 690 habebat,
1325 639 1423 679 eos
1505 625 1816 679 ascendere
1883 622 2084 694 jussit,

443 721 664 795 prolixe
697 720 857 792 prius
878 718 1217 774 cohortatus
1249 715 1319 770 ad
1354 731 1472 769 rem
1503 714 1726 768 fortiter
1745 712 2086 785 gerendam,

439 821 494 868 et
524 812 671 867 111
705 809 846 880 ipsis
876 822 1194 876 eorumque
1247 805 1444 859 liberis
1502 801 1696 870 ampla
1753 800 1989 872 praemia
2030 804 2089 854 et

442 907 712 958 mutuam
752 895 1206 956 benevolentiam
1243 891 1534 965 pollicitus
1566 910 1580 948 :
1609 913 1632 944 ι
1655 891 1780 947 Sive
1822 891 1978 945 enim
2010 889 2088 943 vi-

439 995 560 1047 tam
598 987 852 1062 periculo
883 987 1093 1042 evitato
1117 982 1506 1049 servaveritis,
1528 980 1740 1050 inquit,
1773 977 2088 1033 certamine

441 1077 822 1135 istol‘eliciter
849 1080 1146 1146 superato.
1201 1088 1292 1128 me
1347 1087 1528 1142 supra
1586 1068 1918 1140 opinionem
1962 1082 2086 1121 ves-

440 1172 592 1224 tram
627 1183 727 1239 pro
779 1164 1018 1220 domino
1071 1167 1128 1218 et
1174 1161 1524 1233 imperatore
1555 1168 1772 1228 patrem
1816 1152 2083 1210 ﬁdelissi-

443 1271 603 1310 mum
635 1253 919 1310 habebitis
953 1269 965 1306 :
995 1251 1115 1306 sive
1144 1267 1246 1322 pro
1282 1248 1470 1319 patrias
1513 1247 1732 1303 honore
1779 1249 2085 1312 vestraque

441 1345 626 1417 gloria
657 1348 902 1398 mortem
962 1339 1340 1412 oppetieritis,
1393 1338 1562 1392 etiam
1622 1337 1705 1392 sic
1761 1351 1830 1390 ea
1857 1349 1987 1406 quas
2013 1329 2086 1387 ad

439 1433 771 1490 ornandum
803 1432 1032 1486 obitum
1073 1433 1334 1484 vestrum
1393 1425 1768 1498 pertinebunt
1827 1439 1940 1479 non
1985 1437 2084 1477 ne-

440 1523 679 1595 gligam,
713 1522 813 1578 sed
839 1525 1040 1575 vestra;
1077 1516 1327 1586 familia,
1369 1531 1617 1571 uxorum
1663 1518 1720 1570 et
1770 1513 2086 1568 liberorum

439 1627 570 1668 eam
627 1611 910 1667 rationem
976 1607 1223 1674 habebo,
1282 1609 1347 1661 ut
1401 1604 1550 1660 beati
1608 1613 1662 1659 et
1717 1601 1912 1658 felices
1968 1600 2089 1656 sint

433 1700 764 1771 judicandi,
795 1702 852 1754 et
881 1697 996 1770 ipsi
1043 1711 1320 1768 magnum
1383 1693 1512 1749 sitis
1567 1691 1770 1748 mortis
1809 1691 2085 1746 solatium

443 1789 718 1857 habituri,
751 1787 800 1844 si
831 1788 964 1859 quis
995 1787 1168 1842 modo
1194 1801 1400 1840 sensus
1449 1782 1740 1838 defunctis
1795 1782 2084 1852 superest,

2199 619 2465 696 μότοιχον
2494 622 2593 691 τήν
2627 619 2840 692 οἴκησιν
2875 615 3114 695 ἔχοντες,
3155 613 3426 690 ἐπέϐησαν
3474 623 3688 693 πρῶτοι
3743 625 3837 687 τῆς

2193 707 2489 784 κλίμακος,
2518 715 2598 784 τῷ
2641 709 2861 786 βασιλεῖ
2915 711 3406 785 πειθαρχήσαντες.
3461 708 3682 764 Τούτων
3737 709 3840 783 γὰρ

2195 795 2718 877 ἀποτεθαρρηκότων
2777 799 3012 875 πρώτως
3067 799 3166 867 τήν
3220 796 3434 866 ἄνοδον,
3497 796 3736 872 μάλιστα
3787 795 3841 852 δὲ

2193 890 2300 964 πρὸ
2330 891 2506 946 αὐτῶν
2563 895 2662 946 τοῦ
2716 891 3002 962 Πουπάκη,
3069 888 3130 951 ὅς
3183 885 3501 965 δορυφορῶν
3544 891 3638 943 τὸν
3676 890 3838 964 μέγαν

2195 975 2516 1052 δομέστικον
2576 978 2708 1044 όλος
2762 981 2828 1049 ἧν
2889 977 3152 1050 ἐνθεάζων
3209 978 3346 1053 πρὸς
3404 977 3466 1032 τὸ
3523 972 3681 1052 ἔργον
3721 978 3845 1032 τότε

2192 1068 2282 1122 καὶ
2314 1066 2756 1143 προαλλόμενος,
2787 1067 2878 1124 καὶ
2903 1065 3079 1142 ’έτεροι
3139 1068 3242 1122 οὐκ
3275 1065 3457 1142 ὀλίγοι
3501 1067 3639 1121 κατὰ
3674 1065 3842 1136 ζῆλον

2193 1155 2667 1229 ἐπηκολούθησαν.
2735 1163 2947 1222 Παντας
3012 1157 3106 1230 μὶν
3167 1157 3258 1212 οὗν
3317 1155 3588 1230 ἀγάμενος
3615 1155 3683 1224 ἦν
3741 1161 3845 1224 τῆς

2191 1246 2502 1320 προθυμίας
2561 1247 2650 1302 καὶ
2703 1251 2800 1302 τοῦ
2858 1245 3056 1322 ταχὲος
3123 1246 3449 1320 ὁρμήματος
3505 1245 3532 1298 ὁ
3605 1248 3845 1318 κρατῶν,

2195 1334 2456 1410 ἂφορίσας
2479 1331 2538 1390 δὲ
2569 1334 2662 1399 οὕς
2692 1331 2813 1410 ᾔδει
2837 1337 2964 1410 παρ’
3020 1333 3223 1390 ἀσπίδα
3271 1331 3548 1394 πολλάκις
3613 1330 3844 1406 ἐνιδρω-

2193 1423 2358 1486 κότας
2397 1425 2486 1479 καὶ
2541 1423 2789 1500 ἄντικρυς
2839 1425 3008 1499 Ἀρεα
3065 1425 3346 1491 πνέοντας,
3407 1422 3495 1478 καί
3538 1421 3590 1484 ές
3644 1443 3847 1498 τετρα-

2193 1512 2416 1574 κοσίους
2481 1511 2832 1587 ᾐριθμηκὼς,
2917 1507 3218 1568 ἀναϐαίνειν
3316 1509 3571 1588 διαφῆκε,
3660 1509 3854 1566 πολλᾶ

2195 1600 2457 1678 πρότερον
2539 1602 2592 1663 ές
2675 1598 2898 1677 ἀνδρίαν
2972 1600 3392 1676 παρακαλοῦντα
3447 1600 3666 1662 τούτοις
3725 1597 3851 1654 δια-

2195 1688 2442 1766 λεχθεὶς,
2502 1690 2592 1746 καὶ
2650 1691 2839 1754 αὐτοῖς
2899 1692 2990 1746 καὶ
3048 1689 3256 1753 τέκνοις
3311 1689 3489 1746 αὐτῶν
3541 1686 3676 1764 ὁδρᾶ
3715 1690 3854 1765 γέρα

2195 1781 2283 1834 καὶ
2319 1776 2614 1854 ἀμοιϐαίαν
2676 1779 3141 1858 ἐπαγγειλάμενος
3174 1782 3408 1836 εὔνοιαν.
3443 1804 3471 1832 ‹‹
3505 1777 3630 1836 Εἴτε
3661 1779 3787 1856 γάρ,
3817 1803 3853 1831 ››

437 1897 544 1936 nec
573 1879 834 1936 omnium
866 1887 997 1933 ante
1025 1883 1285 1932 actarum
1319 1890 1510 1930 rerum
1571 1871 1780 1927 oblivio
1839 1869 2081 1941 obrepit,

2197 1870 2352 1946 φησὶ,
2415 1895 2440 1922 ‹‹
2507 1875 2623 1933 τοῖς
2685 1875 2817 1940 ζῶσι
2877 1871 3114 1938 σύνεστε,
3168 1869 3258 1925 τὸν
3289 1869 3556 1949 ἐφεστῶτα
3595 1865 3852 1924 κίνδυνον

437 1985 502 2024 ac
535 1967 818 2040 praeclusa
843 1971 932 2022 est
981 1981 1176 2021 rerum
1236 1965 1368 2034 post
1424 1967 1688 2017 actarum
1747 1955 2021 2029 cognitio.
2055 1976 2084 2005 »

439 2058 670 2112 Primus
701 2056 881 2127 igitur
909 2056 1192 2126 Pupaces,
1227 2057 1290 2106 ut
1319 2051 1460 2118 dixi,
1517 2065 1649 2104 cum
1711 2063 1772 2102 se
1802 2061 1972 2102 cruce
2004 2043 2086 2100 si-

438 2151 702 2218 gnasset,
735 2160 1044 2199 ascensum
1098 2142 1454 2213 auspicatur.
1516 2141 1851 2208 Sequuntur
1889 2138 2090 2189 Petra-

438 2233 614 2304 liphw
648 2234 874 2302 fratres,
910 2231 1119 2285 deinde
1149 2228 1272 2299 alii,
1331 2229 1514 2282 donec
1540 2255 1549 2263 -
1571 2225 1631 2280 in
1681 2223 1856 2280 scalis
1885 2239 2087 2279 omnes

444 2321 850 2377 constiterunt.
885 2324 1066 2374 Nemo
1118 2318 1225 2372 fuit
1265 2317 1403 2387 quin
1428 2315 1710 2370 inusitato
1733 2314 1843 2368 isto
1865 2319 1923 2368 et
1951 2311 2088 2366 hor-

444 2409 626 2465 rendo
657 2409 986 2478 spectaculo
1016 2411 1443 2472 consternatus,
1466 2403 1679 2476 ejulatu
1713 2409 1766 2457 et
1810 2401 2086 2474 lucrymis

441 2497 714 2570 oppletus
773 2512 1049 2570 percusso
1107 2500 1337 2567 pectore
1400 2493 1580 2550 Deum
1641 2491 1941 2547 invocarit.
1999 2488 2086 2544 llli

435 2586 677 2660 clypeis,
713 2603 828 2658 quo
859 2586 1103 2641 tutiores
1161 2588 1379 2649 essent,
1431 2599 1612 2652 supra
1669 2579 1856 2650 capita
1916 2578 2086 2634 elatis

434 2675 774 2747 strictisque
799 2673 1170 2748 gladiis,cum
1188 2673 1259 2728 ad
1279 2673 1476 2727 hostes
1489 2671 2081 2742 apprOpinquassent,

435 2764 644 2820 acriter
675 2763 976 2820 dimicant.
1010 2763 1117 2827 Qui
1150 2760 1413 2834 quamvis
1457 2759 1644 2816 oumis
1696 2759 1921 2829 generis
1953 2756 2084 2812 telis

438 2857 497 2908 et
525 2853 849 2924 grandibus
880 2853 1038 2908 saxis
1063 2869 1160 2908 eos
1186 2856 1465 2924 peterent,
1490 2847 1636 2904 nihil
1657 2847 2031 2920 proﬁciebant
2066 2863 2080 2915 ;

437 2959 572 2998 nam
603 2959 735 2998 cum
771 2947 834 2997 ut
865 2941 1106 2998 incudes
1137 2941 1382 3009 malleis,
1416 2940 1498 2994 ita
1527 2937 1640 3008 ipsi
1681 2937 1897 2993 crebris
1928 2937 2082 2992 “2

436 3031 564 3086 telis
597 3031 1237 3097 ferirentur,indefessi,
1271 3028 1600 3084 immobiles
1630 3030 1683 3081 et
1718 3025 1775 3080 in
1809 3025 2083 3098 periculis

431 3117 813 3190 imperterriti
871 3118 1339 3188 perseverabant.
1417 3119 1604 3186 Atque
1670 3117 1728 3170 in
1787 3119 2080 3171 certamen

431 3208 652 3262 exitum
688 3205 1145 3276 pulcherrimum
1181 3204 1484 3260 habuisset
1535 3219 1924 3274 magnamque
1973 3202 2081 3257 Ro-

435 3295 629 3350 manis
655 3294 898 3366 gloriam
928 3293 1270 3364 peperisset,
1301 3293 1413 3348 nisi
1433 3309 1602 3348 casus
1636 3293 1876 3364 quidam
1911 3293 2077 3346 inau-

433 3383 698 3454 spicatus
728 3381 998 3437 etnimiis
1054 3380 1422 3436 successibus
1481 3380 1748 3435 invidens
1793 3380 2076 3451 optimum

433 3469 793 3542 principium
825 3477 877 3526 et
908 3486 1067 3541 spem
1101 3469 1263 3525 initio
1295 3471 1504 3525 bonam
1529 3467 1742 3525 infelici
1775 3472 1928 3524 exitu
1963 3475 2076 3524 ter-

437 3559 743 3616 minasset.
778 3559 921 3618 Nam
955 3575 1084 3614 cum
1120 3559 1375 3631 Pupaces
1399 3559 1524 3630 jam
1559 3558 1628 3614 de
1660 3559 1818 3614 scala
1847 3559 2080 3614 descen-

433 3647 616 3704 disset
642 3657 696 3704 et
724 3648 909 3720 gradu
941 3647 999 3703 in
1033 3665 1178 3720 rupe
1197 3647 1428 3703 ﬁrmato
1461 3664 1592 3703 cum
1623 3646 2073 3703 bostibusdimi-

432 3738 776 3807 caret,scala
801 3738 1094 3794 confracta
1116 3738 1306 3792 caeteri
1331 3735 1742 3793 miserabiliter
1774 3737 1830 3792 in
1864 3735 2077 3792 ﬂuctus

431 3847 572 3886 saxa
601 3835 658 3886 et
693 3833 925 3886 navium
955 3829 1214 3886 tabulata
1231 3829 1594 3902 praecipitati,
1627 3846 1878 3902 superne
1901 3829 2074 3885 etiam

431 3919 590 3976 saxis
619 3919 810 3976 obruti
844 3919 1104 3992 plerique
1135 3919 1447 3990 perierunt,
1479 3935 1545 3974 ac
1579 3919 1746 3991 pauci
1775 3935 1842 3974 ex
1873 3919 2075 3975 multis

433 4008 552 4064 illis
577 4014 879 4065 evaserunt
908 4011 1253 4065 incolumes.
1285 4010 1357 4064 At
1387 4013 1646 4080 Pupaces
1705 4025 1836 4064 cum
1877 4009 2075 4064 hostes

435 4098 726 4154 mmnibus
779 4097 1102 4170 pepulisset
1157 4114 1220 4152 ac
1281 4113 1504 4168 parvam
1553 4103 1775 4168 portam
1817 4107 2072 4169 apertam

435 4187 768 4255 reperisset,
802 4201 902 4252 per
931 4202 1057 4240 eam
1089 4186 1147 4239 in
1171 4195 1359 4240 castra
1390 4185 1595 4251 rediit;
1627 4203 1751 4256 qum
1811 4201 1902 4240 res
1958 4201 2071 4241 non

433 4273 711 4329 Romanis
740 4277 964 4328 tantum
993 4278 1050 4328 et
1080 4275 1436 4342 imperatori,
1469 4275 1569 4329 sed
1601 4273 1868 4329 hostibus
1895 4276 2071 4330 etiam

433 4364 661 4436 stupori
693 4368 749 4419 et
781 4364 1151 4420 admirationi
1186 4363 1312 4421 fuit.
1341 4365 1566 4430 Quibus
1624 4381 1754 4418 cum
1797 4365 2068 4419 inhuma-

429 4453 584 4508 nitas
611 4455 766 4510 II3
792 4459 849 4509 et
905 4454 1086 4509 animi
1145 4453 1339 4510 feritas
1396 4453 1764 4524 objiceietur,
1806 4458 1954 4525 quod
2001 4455 2072 4510 de

427 4544 587 4600 scala
609 4544 867 4614 dejectos
899 4543 1054 4600 saxis
1084 4543 1416 4614 obruerent,
1479 4541 1852 4608 destiterunt,
1911 4543 2071 4598 forti-

425 4635 684 4690 tudinem
717 4650 919 4692 eorum
952 4632 1246 4688 admirati.

427 4719 690 4792 πληκτορ.
797 4723 904 4778 Καν
937 4719 1233 4777 κάλλιστον

2198 1955 2505 2031 διαδράντες
2587 1959 2676 2014 καὶ
2761 1958 3234 2036 ἀρίστωςιᾶγῶνα
3313 1960 3406 2014 τὸν
3485 1957 3851 2033 προκείμενον

2195 2045 2602 2115 ἀεθλεύσαντες,
2661 2045 2916 2122 εὑρήσετέ
2978 2068 3046 2120 με
3096 2047 3186 2103 καὶ
3247 2047 3378 2122 ὑπὲρ
3438 2044 3660 2118 δόκησιν
3722 2047 3850 2103 ἀντὶ

2196 2134 2459 2192 δεσπότου
2511 2137 2602 2192 καὶ
2664 2134 2936 2210 βασιλέως
2985 2136 3190 2212 πατέρα
3239 2133 3566 2210 κηδόμενον·
3625 2135 3734 2192 εἶ’τε
3777 2136 3853 2192 τὸ

2196 2230 2291 2298 ζῇν
2350 2224 2699 2295 καταλύσετε,
2758 2223 2980 2302 πατρίδι
3021 2219 3207 2299 ’τιμήν
3269 2227 3361 2282 καὶ
3416 2226 3574 2288 κλέος
3657 2226 3852 2288 αὐτοῖς

2193 2313 2508 2390 ἀρνύμενοι,
2567 2311 2682 2370 οὐδ’
2722 2314 2896 2379 οὕτως
2949 2319 3054 2370 τῶν
3101 2315 3176 2376 εἷς
3231 2312 3386 2388 δόξαν
3431 2316 3520 2370 καὶ
3579 2314 3854 2388 κειμένων

2197 2405 2350 2476 ὑμῶν
2410 2403 2699 2482 ἀφέξομαι,
2756 2402 2885 2460 ἀλλ’
2941 2405 3119 2467 οὕτως
3176 2403 3234 2460 εὖ
3268 2403 3698 2477 διαθήσομαιτᾶ
3727 2405 3854 2460 κατ’

2195 2493 2346 2548 οἶγον
2375 2492 2465 2547 καὶ
2497 2493 2653 2548 τέκνα
2712 2495 2801 2547 καὶ
2861 2493 3235 2568 ὁμολέκτρους
3290 2493 3366 2556 ὡς
3421 2492 3674 2564 ζηλωτέα
3725 2500 3854 2558 τοῖς

2195 2577 2271 2636 ἔτι
2303 2585 2550 2656 περιοῦσι
2591 2581 2682 2636 καὶ
2740 2584 3072 2658 μακαριστέα
3131 2580 3333 2654 δοκεῖν,
3391 2583 3478 2638 καὶ
3539 2584 3730 2647 αὐτοῖς
3787 2579 3851 2638 δὲ

2198 2672 2326 2742 ὑμῖν
2386 2670 2684 2726 ὑπαπιοῦσι
2741 2671 2862 2734 καθ’
2918 2669 3052 2743 ᾅδην
3105 2671 3357 2741 ἀσπάσιοι,
3420 2671 3472 2726 εἶ’
3536 2693 3622 2733 τις
3705 2673 3848 2735 τέως

2191 2758 2284 2814 καὶ
2339 2759 2391 2813 έν
2449 2764 2658 2834 νεκροῖς
2712 2755 2983 2830 αἶ’σθησις,
3047 2757 3188 2833 μηδὲ
3243 2762 3426 2830 τὸτῆς
3461 2757 3642 2832 λήθης
3671 2763 3846 2817 ποτὸν

2192 2847 2523 2923 ἐγχεόμενον
2558 2848 2620 2902 οὐ
2655 2849 2823 2921 μόνον
2861 2850 2964 2918 τὴν
2995 2853 3102 2904 τῶν
3156 2845 3545 2923 προλαϐόντων
3601 2849 3842 2907 ἀπαλεί-

2191 2958 2276 3017 φει
2315 2938 2564 3010 μνήμην,
2595 2935 2742 2992 ἀλλᾶ
2770 2936 2860 2992 καὶ
2890 2937 2956 2992 τὰ
2986 2939 3121 2993 κατὰ
3171 2939 3261 2994 τὸν
3312 2939 3430 3014 βίον
3488 2938 3838 3014 ἐπιγινόμενα

2192 3025 2384 3082 οὔκουν
2420 3027 2472 3089 ἐς
2516 3023 2653 3099 ᾇδου
2713 3027 3000 3100 ἑπεισρέειν
3074 3027 3318 3106 ἀφίησιν,
3361 3031 3514 3092 ὅπως
3568 3036 3688 3092 τοίς
3743 3043 3830 3096 θα-

2189 3121 2374 3171 νοῦσιν
2437 3115 2624 3186 ε’ἰησαν
2665 3116 2934 3193 γνώριμα.
3004 3121 3286 3191 »Πρῶτος
3334 3117 3424 3172 οὗν
3457 3119 3485 3173 ὁ
3520 3119 3813 3188 Πουπάκης,

2191 3204 2264 3266 ὡς
2317 3199 2474 3285 ἔφην,
2532 3205 2595 3260 τὸ
2661 3209 2888 3278 σημεῖον
2948 3210 3046 3260 τοῦ
3107 3211 3338 3282 σταυροῦ
3391 3205 3736 3273 διατυπώσας
3771 3206 3818 3262 ἒν

2189 3295 2362 3366 ἑαυτῷ
2407 3301 2506 3364 τῆς
2562 3288 2867 3354 ἀναϐάσεως
2924 3293 3174 3370 ἄρχεται,
3232 3295 3322 3351 καὶ
3385 3299 3499 3370 μετ’
3553 3297 3718 3353 αὐτὸν
3775 3295 3832 3351 οἲ

2186 3381 2549 3460 Πετραλεῖφαι
2612 3384 2954 3460 κασίγνητοι,
3024 3384 3114 3438 καὶ
3169 3385 3417 3456 καθεξῆς,
3477 3383 3666 3462 ἕτεροι,
3725 3383 3833 3448 ἔως

2183 3472 2386 3536 πάντας
2439 3474 2474 3542 ἡ
2533 3471 2734 3545 κλίμαξ
2782 3469 3017 3542 ἐδέξατο.
3051 3469 3244 3537 Οὐδεὶς
3299 3475 3390 3530 οὗν
3447 3480 3555 3530 τῶν
3611 3475 3835 3550 θεωμέ-

2182 3568 2290 3618 νῖυν
2355 3567 2418 3633 ἦν
2490 3563 2550 3626 ὅς
2607 3561 2694 3618 ἐπὶ
2748 3567 2826 3636 τῷ
2881 3565 3242 3640 πραττομένῳ
3297 3565 3476 3638 τούτῳ
3533 3561 3680 3641 ἔργῳ
3735 3565 3836 3622 οὐκ

2184 3651 2525 3722 ἀνωλόλυξεν
2582 3651 2658 3714 ὡς
2723 3650 2810 3706 ἐπὶ
2877 3657 3049 3726 καινῷ
3131 3650 3504 3728 καρδιαλήσας
3577 3655 3835 3727 θεάματι,

2183 3741 2311 3797 οὐδέ
2345 3739 2589 3816 δακρύων
2634 3740 3012 3811 ὑποπλησθεὶς
3053 3743 3142 3797 καὶ
3207 3747 3443 3814 πατάξας
3499 3743 3561 3799 τό
3629 3751 3836 3810 στῆθος

2183 3830 2564 3903 έθεοκλύτησε”
2601 3830 2699 3888 Καὶ
2737 3831 2806 3900 ἦν
2836 3831 2938 3905 γὰρ
2982 3829 3208 3902 ἀληθῶς
3273 3831 3335 3886 τὸ
3394 3834 3673 3908 ὁρώμενον
3731 3855 3838 3888 κα-

2176 3919 2488 3990 ταπλῆττον
2536 3919 2626 3974 τὸν
2685 3921 2878 3990 θεατὴν
2936 3919 3244 3998 ὀφθαλμόν.
3279 3921 3346 3978 Οἱ
3407 3922 3503 3994 μὲν
3551 3923 3654 4000 γὰρ
3702 3921 3840 3988 τοὺς

2179 4010 2402 4084 θυρεοὺς
2463 4009 2594 4083 ὑπὲρ
2662 4006 2905 4088 κεφαλῆς
2955 4008 3008 4072 ἐς
3060 4009 3123 4065 τὸ
3181 4009 3417 4088 ἀσφαλὲς
3465 4011 3842 4074 ἀνατείναντες

2178 4097 2270 4152 καὶ
2321 4097 2388 4152 τὰ
2443 4097 2570 4170 ξίφη
2628 4097 2974 4170 σπασέμενοι,
3048 4103 3166 4161 τοῖς
3268 4098 3329 4154 ἐκ
3391 4105 3490 4155 τοῦ
3563 4101 3841 4176 φρουρίου

2179 4185 2618 4264 προσηγγικότες
2649 4184 2904 4260 ἐκθύμως
2937 4183 3340 4260 διημιλλῶντο⁶
3402 4189 3456 4244 οἱ
3521 4187 3578 4244 δὲ
3634 4190 3840 4254 πάσαις

2178 4278 2298 4332 κατ’
2329 4277 2504 4332 αὐτῶν
2537 4273 2783 4354 ἐχρῶντο
2842 4273 3036 4351 βολαῖς
3065 4275 3154 4332 καὶ
3222 4275 3408 4342 λίθους
3463 4278 3841 4356 ἀπερρίπτουν

2175 4367 2594 4442 χειροπληθεῖς.
2663 4363 2821 4422 Ἀλλ’
2883 4363 3042 4420 οὐδὲν
3097 4365 3318 4436 ἤνυτον·
3378 4368 3536 4422 οὗτοι
3573 4370 3702 4444 γὰρ,
3738 4369 3846 4424 ὅσα

2175 4457 2266 4511 καὶ
2321 4454 2558 4528 ἄκμονες
2609 4455 2918 4530 ῥαϊστῆρσι,
2965 4455 3247 4520 παντοίοις
3283 4455 3618 4530 τυπτόμενοι
3691 4457 3842 4534 βλή-

2183 4565 2344 4619 μασιν
2400 4545 2708 4617 ἀκάμαντες
2767 4545 2902 4613 ἦσαν
2944 4547 3034 4598 καὶ
3096 4544 3483 4620 ἀπερίτρεπτοι
3565 4545 3657 4602 καὶ
3742 4549 3847 4616 τήν

2109 4621 2342 4709 Πῖσχὺν
2374 4629 2640 4689 ἀνένδοτοι
2689 4631 2821 4686 κάπὶ
2877 4637 2998 4695 τοῖς
3075 4637 3308 4709 παροῦσι
3369 4631 3568 4698 δεινοῖς
3627 4636 3846 4692 ἀκατά-

1335 4717 1550 4797 εἷλήιρει
1581 4717 1741 4782 τέλος
1817 4719 1884 4776 τὰ
1911 4724 2008 4775 τοῦ
2081 4721 2288 4800 ἀγῶνος
2335 4720 2514 4794 τοῦδε,
2571 4723 2660 4778 καὶ
2690 4721 2983 4795 Ῥωμαίοις
3012 4721 3246 4798 ἐγεγόνει
3277 4724 3453 4796 πάντη
3529 4721 3844 4781 κυδαντικά·

425 4809 516 4864 νῦν
579 4807 620 4863 δ’
652 4807 776 4864 ἀλλ’
817 4813 852 4879 ὴ
927 4816 1047 4872 ταῖς
1119 4815 1228 4865 τῶν
1304 4808 1547 4884 πράξεων
1624 4807 1904 4884 μεγίσταις
1977 4809 2410 4891 έπεισερχομένη
2488 4811 2714 4887 ἀγεννὴς
2787 4811 3121 4886 περίπτωσις

3219 4813 3312 4868 καὶ
3383 4815 3445 4869 τὸ
3548 4812 3684 4892 ἄγαν
3762 4814 3848 4870 ἀεί

427 4917 544 4958 πως
619 4895 1095 4972 παροκολούουσα,
1175 4898 1356 4974 ἀρχὴν
1430 4897 1654 4973 ἀρίστην
1729 4896 1988 4962 ὒποθεῖσα
2063 4905 2140 4973 τῷ
2215 4899 2360 4978 ἔργῳ
2434 4901 2622 4967 καὶτῆ
2653 4901 2908 4975 προθέσει
2981 4901 3119 4957 κατὰ
3196 4902 3374 4979 βραχύ
3448 4924 3567 4966 πως
3599 4903 3852 4969 ὑποθάλ-

425 5007 626 5053 πουσα,
680 4987 804 5062 περὶ
862 4989 924 5042 τὸ
983 4987 1150 5062 πέρας
1225 4990 1586 5066 ἠγνωμόνησε
1660 4990 1723 5044 τὸ
1799 4989 2109 5064 ἐπέραστον.
2144 4989 2287 5062 Ἷιδη
2365 4993 2471 5068 γὰρ
2503 4995 2602 5046 τοῦ
2644 4991 2937 5046 Πουπάκου
3009 4999 3110 5061 τῆς
3183 4993 3460 5068 κλίμακος
3538 4993 3849 5057 ἀποϐάντος

429 5076 517 5130 καὶ
589 5073 670 5130 τὼ
745 5072 880 5131 πόδε
952 5082 1070 5138 ταῖς
1145 5076 1368 5151 πέτραις
1443 5076 1830 5152 ένερείσαντος,
1909 5079 2032 5142 ὅθεν
2071 5081 2163 5135 καὶ
2237 5087 2356 5144 τοῖς
2387 5079 2582 5136 ἐκτῶν
2659 5085 2830 5154 ειχῶν
2863 5077 3462 5160 διεφέρετο,ἡκλίμαξ
3539 5083 3850 5140 ἀποκαυλί-

431 5167 599 5232 ζεται.
679 5164 783 5219 Καὶ
863 5165 914 5218 οἱ
951 5165 1044 5238 μὲν
1123 5162 1288 5220 ἄλλοι
1365 5167 1554 5229 πάντες
1626 5162 1911 5242 κύμϐαχοι
1948 5166 2037 5222 ἐπὶ
2117 5170 2362 5245 βρεχμόν
2433 5191 2492 5225 τε
2563 5170 2654 5225 καὶ
2731 5165 2916 5242 ὤμους
2949 5167 3179 5226 ἐλεεινὸν
3222 5170 3638 5248 ἐπανετρέπεντο
3673 5176 3848 5247 θέαμα

428 5253 520 5306 καὶ
553 5253 780 5315 ἄπιστος
833 5251 958 5328 ὄψις
1025 5253 1362 5329 οἷκτίρμοσιν
1423 5253 1756 5334 ἅφθαλμοῖς,
1815 5255 2115 5320 καῖκτκῶς
2174 5256 2616 5334 παραπώλλυντο
2670 5261 2786 5319 τοῖς
2843 5263 2952 5313 τῶν
2994 5260 3251 5334 κυμάτων
3303 5260 3551 5326 διαύλοις
3608 5264 3848 5344 φερόμε-

434 5361 520 5394 νοι
624 5342 714 5396 καὶ
791 5344 1014 5416 πέτραις
1089 5342 1178 5396 καὶ
1209 5347 1338 5398 νεῶν
1377 5347 1886 5420 ,προσαραττόμενοι
1959 5349 2406 5420 καταστρώμασι,
2466 5347 2571 5402 κάκ
2621 5351 2728 5403 τῶν
2786 5345 2986 5421 ὑψόλεν
3091 5348 3264 5413 λίθοις
3339 5342 3849 5432 καταχωννύμενοι,

411 5429 506 5518 ’ᾡς
574 5431 800 5518 βραχεῖς
857 5431 950 5487 ἀπ’
1007 5430 1226 5486 ἐκείνων
1281 5429 1348 5500 δὴ
1415 5437 1522 5486 τῶν
1582 5432 1808 5488 πολλῶν
1867 5434 1960 5490 τὸν
1991 5435 2239 5492 κίνδυνον
2301 5437 2627 5514 διεκφυγεῖν·
2688 5433 2806 5492 δδέ
2835 5457 2896 5512 γε
2926 5439 3221 5510 Πουπάκης
3263 5441 3390 5504 τοὺς
3421 5429 3846 5518 ἐνγτοῖςτείχεσι

433 5513 767 5591 διασοϐήσας
825 5523 910 5578 καὶ
972 5518 1177 5577 πυλίδα
1234 5522 1689 5595 ἀναπεπταμένην
1742 5524 1912 5599 εὑρὼν
1947 5523 2017 5580 δι’
2058 5527 2226 5598 αὐτῆς
2281 5513 2516 5601 ἐξέθορεν
2569 5526 2645 5589 εἷς
2696 5526 2762 5582 τὸ
2819 5529 3146 5604 στράτευμα.
3227 5531 3330 5587 Καὶ
3387 5529 3452 5600 ἣν
3545 5513 3843 5588 τοῦτο’-οὒ

426 5609 721 5682 Ρωμαίοις
789 5613 954 5686 μόνον
1009 5609 1102 5666 καὶ
1153 5609 1374 5686 βασιλεῖ
1431 5608 1498 5666 δι’
1561 5610 1898 5684 ἐκπλήξεως,
1957 5613 2105 5672 ἀλλὰ
2155 5616 2246 5676 καὶ
2305 5623 2421 5682 τοῖς
2491 5617 2832 5679 ὑπεναντίοις
2864 5615 3052 5680 αὐτοῖς
3093 5615 3182 5674 διὰ
3237 5621 3542 5693 θαύματος,
3576 5621 3634 5676 o'l
3667 5618 3844 5677 καὶτὸ

427 5707 798 5782 ἀπάνθρωπον
859 5707 1244 5776 ὀνειδισθέντες
1299 5709 1388 5766 καὶ
1441 5709 1502 5766 τὸ
1546 5715 1647 5781 τῆς
1676 5709 1907 5786 γνώμης
1965 5712 2239 5791 ἀνήμερον
2297 5713 2718 5792 ὶπεγκληθέντες
2788 5715 2875 5781 οἷς
2932 5713 3350 5782 καταλιθοῢντες
3438 5718 3641 5788 ἄνωθεν
3712 5722 3846 5792 ἦσαν
