4140 6290
241 398 364 455 421

1313 385 1418 444 DE
1464 382 1840 447 MANUELE
1882 380 2258 445 COMNENO
2298 384 2450 445 LIB.
2499 383 2577 444 ΙΙ.

3562 386 3684 447 422

258 527 394 587 τοῖος
426 520 832 599 ἂνατραπέντας
865 518 925 574 ἐκ
968 523 1067 588 τῆς
1121 516 1418 591 κλίμακος,
1472 516 1781 593 ἀπέσχοντο
1847 515 1945 573 τοῖ’)
2001 514 2131 593 δρᾷν
2186 518 2409 589 οὖτωσὶ,
2468 518 2596 579 τοὺς
2656 512 2853 590 ἀνδρας
2914 513 3242 581 αἰδεσθέντες
3298 524 3398 588 τῆς
3448 520 3692 594 γενναιό-

273 637 464 683 τητος.

359 706 429 761 E'.
467 703 622 759 Ἀλλ’
656 700 814 756 οῧπω
874 694 1112 775 ἀκριϐῶς
1164 698 1225 754 τὸ
1276 698 1540 773 ἀτύχημα
1584 701 1745 754 τοῦτο
1792 698 1968 771 Ῥω-⁴

2119 701 2180 755 ν.
2216 700 2350 770 Ejus
2380 699 2565 755 cladis
2590 699 2750 755 luctu
2777 700 3009 755 vixdum
3031 698 3196 756 ﬁnito
3219 705 3277 755 et
3324 702 3697 773 imperatoris

295 794 465 870 μαίοις
512 790 852 866 διεθρηνιςθη
894 790 983 844 καὶ
1028 791 1126 858 τήν
1179 788 1260 842 ἐπ’
1315 787 1461 857 αὐτῷ
1510 792 1608 842 τοῦ
1661 785 1931 861 βασιλέως

204 916 217 935 ρ
291 884 461 953 λίπην
493 883 522 936 ὁ
556 874 731 935 πάντα
767 877 1038 953 μαραίνων
1104 877 1305 952 χρόνος
1346 874 1679 953 διαφορήσας
1726 876 1930 946 ἐλέανε,

284 972 373 1027 καὶ
404 968 583 1040 ὰλλην
643 989 728 1029 τις
763 965 1229 1041 έπισυμπλέκεται
1287 966 1540 1042 συμφορὰ
1587 967 1788 1040 χείρων
1836 968 1935 1032 τῆς

283 1059 510 1135 πρώτης
614 1057 707 1111 καὶ
797 1056 960 1110 κακὸν
1061 1054 1457 1127 ἐπεισκιομάζει
1551 1054 1938 1123 ἀξιοπένθητον

285 1148 496 1224 ἕτερον.
577 1145 1060 1212 Διαστασιάζονται
1133 1144 1400 1215 Ῥωμαῖοι
1476 1141 1566 1195 καὶ
1660 1144 1937 1197 Βενέτικοι

284 1237 427 1291 κατὰ
456 1237 624 1308 μέσην
655 1236 760 1303 τήν
789 1233 1015 1307 ἀγοράν,
1075 1234 1162 1286 καὶ
1189 1234 1223 1301 ἡ
1258 1231 1437 1292 στάσις
1480 1232 1583 1285 οὐκ
1629 1228 1940 1309 έρεσχελίαι

288 1326 421 1399 παρ’
487 1324 754 1397 ἑκατέρων
824 1322 1118 1375 πίπτουσαι
1186 1324 1293 1374 τῶν
1361 1324 1549 1393 γενῶν,
1633 1317 1747 1373 οὐδ’
1814 1314 1941 1381 ἔπος

293 1413 551 1487 αἰσχρὸν,
619 1414 811 1466 ὁποῖον
882 1408 1097 1485 ἐρρέθη,
1193 1409 1446 1462 τοιοῦτον
1520 1406 1942 1480 ἐπακουόμενον,

295 1501 416 1559 οὐδ’
449 1497 944 1575 ὲόωμολοχεύοντο
1002 1506 1136 1572 πρὸς
1190 1496 1475 1567 ἀλλήλους
1504 1500 1539 1569 ἢ
1570 1498 1861 1572 κερτόμοις
1894 1497 1945 1550 oi

598 1590 614 1609 \
703 1589 716 1606 ο
1218 1586 1240 1623 Ἰ
1540 1584 1613 1608 ,δ’
1708 1580 1766 1604 ’Ῐρ

298 1609 615 1646 στασιασται
691 1592 932 1663 ρήμασιν
1009 1587 1395 1660 ἐκομψελοντο,
1500 1602 1594 1641 ουο
1707 1583 1944 1640 εοαλλον

296 1676 489 1755 ὕϐρεσι
564 1679 656 1733 καὶ
734 1676 1034 1732 ἐπλῦνοντο
1111 1677 1457 1750 σκώμμασιν,
1501 1674 1627 1731 ἀλλ’
1667 1674 1721 1729 αἱ
1762 1678 1949 1749 χεῖρες

296 1773 458 1845 εἶχον
497 1770 565 1824 τὰ
621 1766 769 1823 ’ὀπλα
833 1768 921 1821 καὶ
954 1769 988 1836 ἡ
1026 1767 1179 1841 μάχη
1239 1767 1587 1843 ἀγχώμαλος
1636 1764 1945 1830 ἐκορθῦετο.

298 1859 508 1936 Συχνσὶ
543 1860 634 1912 οὖν
686 1858 737 1911 οἱ
783 1857 918 1911 κατά
967 1858 1157 1932 φήμην
1216 1860 1312 1911 τοῦ
1352 1859 1521 1910 κακοῦ
1581 1856 1699 1928 μεθ’
1758 1852 1950 1908 ’ὀπλων

297 1948 632 2022 ἑκατέρωθεν
682 1942 1046 2019 ἐπεισρέοντες
1092 1944 1182 1999 καὶ
1263 1950 1380 2005 τοῖς
1431 1943 1743 2021 ὁμογενέσιν
1815 1941 1950 2015 ἀρή-

303 2059 520 2115 γοντες,
552 2034 760 2092 πολλοὶ
793 2033 851 2089 δέ
892 2034 980 2089 καὶ
1024 2034 1078 2088 οἲ
1130 2034 1301 2088 ἐκεῖσε
1362 2034 1437 2107 μή
1500 2030 1955 2092 ὁπλενδυτοῦντες

301 2123 705 2202 παρενέϐαλον,
747 2126 889 2199 γένει
925 2121 1188 2198 βασιλείῳ
1221 2121 1531 2196 διαπρεπεῖς
1573 2122 1664 2175 καὶ
1710 2118 1957 2195 λαμπροὶ

302 2221 429 2274 κατ’
485 2216 725 2286 ἀξίωσιν.
789 2214 886 2267 Καὶ
944 2218 1049 2267 τῶν
1112 2220 1401 2268 Βενετικων
1460 2208 1516 2267 δὲ
1591 2212 1845 2286 ἀφίκοντο
1907 2211 1957 2264 o't.

307 2308 626 2383 γεραίτατοι
659 2304 736 2365 ὡς
771 2299 1048 2364 σϐέσοντες
1079 2304 1140 2357 τὸ
1198 2303 1362 2356 κακὸν
1412 2303 1502 2356 καί
1558 2298 1959 2373 διαλλακτῆρες

306 2396 583 2468 ἐσόμενοι.
634 2391 796 2449 Ἀλλ’
846 2391 947 2446 οὐκ
999 2392 1064 2459 ἦν
1112 2394 1220 2444 τῶν
1272 2389 1581 2466 λεγομένων
1631 2387 1960 2463 ἐπιστροφὴ,

310 2483 444 2540 οὐδέ
496 2505 580 2545 τις
639 2481 815 2554 εἰσῄει
865 2480 1091 2542 τούτους
1144 2477 1312 2541 αἰδὼς
1365 2482 1472 2533 τῶν
1529 2476 1960 2550 συνειλεγμένων

323 2573 586 2647 μεγίστων
620 2570 853 2646 ἀνδρῶν’
908 2570 935 2623 ὁ
967 2570 1069 2646 γάρ
1122 2569 1300 2643 Ἀρης
1346 2565 1638 2645 ἐκπάγλως
1690 2565 1962 2639 ἐμαίνετο,

326 2662 422 2715 καὶ
485 2662 799 2735 προχῦσεως
860 2659 1106 2731 αἱμάτων
1160 2658 1294 2732 ὲρῶν
1353 2657 1664 2723 ἐπισυνίστη
1725 2653 1965 2727 μάλιστα

328 2746 461 2808 τοὺς
498 2746 736 2814 ὁπλίτας,
774 2746 863 2801 καῖ
920 2744 1145 2806 το·5τους
1204 2744 1264 2798 ἐκ
1327 2748 1425 2798 τοῦ
1492 2748 1602 2797 τῶν
1672 2740 1967 2797 Βενετίκων

331 2833 508 2889 πλέον
566 2835 1095 2912 στρατολογήματος,
1155 2834 1245 2888 καὶ
1303 2839 1555 2906 κατεῖχεν
1632 2828 1786 2885 οὐδὲν
1847 2828 1965 2886 οὐδ’

327 2922 670 3003 ἐπέστρεφεν.
746 2927 906 2982 Ὅσον
965 2925 1068 3001 γὰρ
1136 2924 1164 2977 ὁ
1233 2922 1397 2997 μέγας
1454 2920 1774 2993 δομέστικος
1840 2921 1967 2981 τοὺς

327 3014 637 3085 Ῥωμαίους
694 3015 956 3069 ἀνέκοπτε
1018 3016 1119 3077 τῆς
1187 3014 1367 3086 ὁρμῆς
1430 3011 1520 3065 καὶ
1584 3010 1679 3070 τάς
1755 3010 1965 3065 τούτων

317 3100 724 3176 ἐπισυνδρομάς
798 3101 1125 3176 ἐπετείχιζε,
1226 3106 1485 3156 τοσοῦτον
1587 3096 1968 3174 ἐϐαρυμηνίων

316 3193 591 3252 Βενέτικοι
636 3198 717 3265 τῷ
758 3197 920 3265 θυμῷ
978 3190 1338 3269 σφαδάζοντες
1388 3197 1490 3246 κάκ
1536 3197 1643 3247 τῶν
1702 3187 1971 3265 τριηρέων

311 3282 623 3357 ἐξεχέοντο.
695 3280 853 3339 Ἰδὼν
909 3280 1090 3334 τοίνυν
1151 3282 1178 3335 ὁ
1232 3280 1368 3354 ἀνὴρ
1428 3281 1504 3342 ὡς
1562 3279 1716 3335 οὐδέν
1773 3277 1977 3355 ὠφελεῖ

317 3371 630 3447 διαλλαγὰς
704 3370 906 3443 μετιὼν
957 3370 1046 3424 καὶ
1106 3371 1181 3431 ὡς
1240 3370 1359 3444 ἂγει
1419 3369 1679 3445 ἀναγκαία
1744 3369 1854 3441 (73)
1910 3366 1977 3420 τὰ

2044 788 2537 861 doloretemporis
2558 789 2750 860 spatio
2806 802 3009 845 cuncta
3067 792 3468 846 consumentis
3493 801 3697 847 utcun-

2047 893 2158 948 que
2187 876 2387 941 lenito,
2420 880 2534 932 alia
2566 877 2875 933 calamitas
2905 878 3129 949 ingruit
3159 880 3454 950 superiore
3509 884 3695 951 pejor,

2048 972 2103 1019 et
2136 966 2353 1021 malum
2389 968 2683 1022 funestum
2718 970 3035 1022 suboritur.
3101 969 3253 1024 Inter
3297 969 3587 1025 Romanos
3637 976 3696 1026 et

2045 1052 2296 1109 Venetos
2327 1056 2384 1110 in
2419 1056 2611 1111 medio
2647 1058 2766 1111 l'oro
2793 1058 2996 1111 seditio
3026 1057 3233 1127 oritur,
3277 1073 3383 1113 nec
3439 1058 3699 1115 dicteriis

2049 1148 2105 1197 et
2130 1143 2407 1199 conviciis
2437 1150 2712 1213 certatur,
2747 1146 2847 1200 sed
2883 1147 3151 1201 manibus
3207 1151 3266 1201 et
3325 1150 3526 1203 armis.
3560 1148 3701 1203 Con-

2052 1231 2263 1295 ﬂuunt,
2294 1247 2361 1287 ea
2391 1233 2613 1301 audita,
2672 1234 2942 1304 utrinque
3002 1234 3208 1289 armati
3265 1236 3336 1290 ad
3371 1253 3540 1308 Opem
3575 1236 3701 1293 suis

2052 1320 2432 1391 popularibus
2463 1323 2757 1377 ferendam
2792 1339 2806 1391 ;
2843 1340 3137 1379 accessere
3169 1326 3306 1380 item
3340 1325 3512 1381 multi
3544 1327 3701 1382 iner-

2056 1424 2198 1471 mes,
2227 1413 2384 1480 regio
2414 1425 2621 1479 genere
2678 1409 2819 1465 clari
2870 1418 2921 1466 et
2975 1411 3361 1483 dignitatibus
3422 1412 3703 1470 illustres.

2055 1497 2427 1552 Advenerunt
2455 1503 2511 1551 et
2540 1496 2891 1553 Venetorum
2924 1501 3207 1571 primores
3265 1504 3488 1558 motum
3539 1501 3708 1558 illum

2057 1585 2307 1641 settaturi
2335 1594 2387 1641 et
2416 1602 2613 1657 pacem
2639 1587 3023 1643 conciliaturi.
3058 1588 3167 1645 Sed
3192 1591 3387 1647 verbis
3417 1590 3490 1646 iis
3522 1608 3708 1647 move-

2059 1675 2235 1730 batur
2262 1690 2469 1730 nemo:
2515 1690 2684 1730 nemo
2742 1676 3056 1731 concilium
3116 1678 3259 1734 illud
3319 1680 3710 1735 maximorum

2057 1762 2314 1818 virorum
2344 1764 2603 1818 curabat.
2638 1764 2789 1819 Mars
2847 1765 3003 1820 enim
3058 1765 3332 1821 atrociter
3361 1772 3603 1823 saaviens
3652 1771 3712 1823 et

2063 1853 2365 1926 sanguinis
2395 1852 2731 1908 etfundendi
2770 1854 3019 1926 cupidus
3051 1857 3241 1926 gravis
3259 1864 3566 1911 armaturas
3598 1857 3711 1911 mi-

2062 1941 2213 2011 lites,
2272 1957 2489 2014 eosque
2545 1941 2915 2013 potissimum
2992 1946 3221 1999 Venetae
3281 1944 3571 2013 factionis,
3630 1946 3711 2000 ita

2067 2035 2397 2090 concitabat
2427 2042 2490 2089 ut
2517 2034 2677 2089 nulla
2710 2050 2767 2089 rs
2797 2036 3045 2091 coerceri
3104 2042 3360 2107 possent.
3420 2037 3565 2092 Nam
3601 2053 3714 2108 quo

2068 2127 2255 2197 magis
2290 2142 2536 2195 magnus
2567 2127 2923 2182 domesticus
2978 2127 3373 2184 Romanorum
3431 2129 3715 2199 impetum

2069 2215 2444 2286 reprimebat,
2476 2231 2542 2271 eo
2575 2216 2763 2285 magis
2796 2217 2999 2272 Veneti
3032 2216 3117 2271 ira
3150 2218 3353 2289 perciti
3401 2234 3430 2272 e
3463 2217 3720 2274 triremi-

2069 2304 2180 2358 bus
2212 2303 2616 2371 erumpebant.
2650 2306 2806 2359 114
2835 2303 2977 2359 Cum
3011 2304 3191 2377 igitur
3220 2306 3438 2362 videret
3468 2323 3530 2363 se
3560 2307 3717 2378 paci-

2070 2392 2294 2447 ﬁcando
2318 2392 2461 2446 nihil
2489 2394 2834 2463 prolicereet
2855 2393 3101 2463 populos
3143 2394 3341 2466 praelio
3380 2395 3578 2450 dirimi
3609 2411 3717 2451 ne-

2071 2497 2234 2537 cesse
2263 2496 2413 2545 esse,
2446 2496 2588 2535 suos
2619 2479 2899 2536 satellites
2947 2482 3212 2551 accersit,
3249 2501 3499 2554 quorum
3559 2483 3720 2540 ﬁdeli

2071 2586 2245 2641 Opera
2277 2570 2336 2623 in
2369 2569 2490 2623 acie
2523 2569 2807 2637 utebatur,
2840 2585 3053 2640 eosque
3092 2570 3152 2625 in
3194 2572 3437 2627 Venetos
3496 2573 3716 2627 immit-

2077 2657 2380 2714 tit.Educit
2409 2662 2465 2711 et
2490 2658 2784 2726 c0piarum
2811 2662 3057 2729 partem.
3095 2660 3180 2713 Illi
3205 2658 3382 2728 igitur
3398 2676 3528 2716 cum
3563 2677 3718 2731 pau-

2073 2747 2253 2818 lisper
2283 2744 2659 2807 restitissent.
2700 2751 2930 2817 arrepta
2988 2748 3123 2813 fuga
3181 2747 3347 2802 inviti
3395 2748 3611 2819 jaculis
3665 2753 3724 2804 et

2076 2835 2331 2890 caedibus
2360 2834 2420 2888 in
2454 2850 2627 2889 naves
2658 2833 3110 2905 compelluntur.
3143 2835 3358 2892 Verum
3384 2855 3453 2893 ne
3476 2838 3560 2893 sic
3590 2839 3724 2910 qui-

2076 2927 2205 2979 dem
2266 2924 2479 2978 ferocia
2529 2922 2816 2993 mitigata,
2870 2940 3034 2979 arma
3086 2941 3191 2980 nec
3246 2935 3371 2998 post
3424 2934 3723 2998 acceptam

2080 3011 2303 3069 cladem
2337 3016 2681 3083 posunrunt,
2705 3013 2807 3067 sed
2839 3013 3022 3068 instar
3051 3013 3378 3070 helluarum
3427 3033 3577 3087 {egre
3609 3033 3729 3072 mo-

2080 3101 2353 3159 rientium
2385 3100 2713 3156 insilientes
2735 3105 2793 3156 et
2849 3101 3217 3173 prosilientes
3272 3103 3559 3178 indignati
3591 3109 3730 3162 sunt

2082 3208 2144 3247 se
2175 3190 2320 3263 ipsis
2351 3189 2627 3245 Romanis
2691 3206 2807 3246 non
2866 3191 3044 3247 luisse
3096 3194 3445 3265 superiores.
3482 3194 3550 3251 Et
3592 3212 3728 3251 cum

2085 3298 2200 3337 non
2234 3279 2486 3352 amplius
2514 3283 2668 3334 terra
2702 3295 2957 3352 pugnare
2988 3288 3251 3353 possent,
3291 3282 3352 3338 in
3410 3285 3728 3355 quamdam

2086 3370 2340 3425 insulam
2374 3368 2650 3440 provecti,
2683 3368 3007 3425 Asteridem
3049 3372 3275 3441 opinor,
3308 3389 3485 3444 quam
3512 3377 3733 3429 veteres

323 3461 452 3535 γένη
490 3462 650 3540 μάχῃ
714 3457 1084 3533 διακριθῆναι,
1144 3460 1271 3521 τοὺς
1332 3456 1502 3519 ἰδίους
1566 3457 1968 3532 μεταπέμπεται

2088 3462 2240 3516 inter
2261 3458 2517 3515 Ithacam
2537 3464 2596 3513 et
2617 3457 3010 3528 Cephalenum
3049 3460 3380 3531 tetrapolim
3404 3462 3571 3519 sitam
3604 3480 3733 3520 esse

321 3550 692 3631 δορυφόρευς,
735 3549 828 3611 οὕς
861 3548 949 3603 ἐπὶ
1007 3551 1197 3622 καιρὸν
1249 3549 1437 3623 μάχης
1492 3549 1614 3623 εἶχε
1666 3545 1976 3622 χρησίμους

317 3642 496 3707 ἐαυτῷ
526 3637 620 3691 καὶ
653 3635 910 3697 ὁπλίταις
970 3636 1196 3709 ἀγαθοῖς
1237 3635 1527 3710 ἐκέχρητο,
1582 3635 1671 3689 καὶ
1731 3633 1978 3714 διαφίησι

328 3737 441 3789 τοῖς
476 3725 807 3787 Βενετίκοις.
843 3726 1050 3800 Ἐξάγει
1110 3722 1167 3779 δὲ
1213 3726 1302 3779 καί
1346 3722 1509 3797 μέρος
1561 3731 1661 3794 τῆς
1702 3731 1976 3799 στρατιᾶς.

333 3816 445 3869 Ἐπ’
476 3815 674 3891 ὀλίγον
710 3815 808 3868 οὗν
873 3813 1020 3868 οὗτοι
1083 3814 1460 3888 ἀντισχόντες,
1500 3813 1567 3867 τά
1617 3818 1759 3868 νῶτα
1817 3833 1980 3885 μετα-

329 3899 593 3966 ϐαλόντες
661 3900 1053 3979 προτροπάδην
1124 3903 1376 3980 φεύγουσι
1444 3902 1535 3957 καὶ
1618 3908 1738 3967 ταῖς
1801 3901 1982 3956 ναυσὶν

323 3993 547 4057 ἃκοντες
611 3995 1000 4058 συνωθοῦνται,
1064 3990 1400 4067 βαλλόμενοί
1458 4012 1515 4046 τε
1588 3993 1676 4045 καὶ
1736 3992 1988 4059 ἀναιρού-

327 4105 504 4158 μενοι.
544 4082 697 4150 Πλὴν
745 4079 858 4137 οὐδ’
915 4082 1058 4136 οὕτω
1104 4084 1206 4146 τῆς
1254 4077 1530 4156 βαρϐάρου
1579 4082 1803 4157 γνώμης
1856 4079 1987 4153 ἠρέ-

328 4195 513 4249 μησαν
542 4171 580 4241 ἤ
612 4174 680 4227 τά
727 4171 876 4226 ὅπλα
930 4172 1063 4243 μετά
1101 4174 1202 4239 τὴν
1252 4172 1416 4240 ἧτταν
1470 4172 1778 4238 κατέθεντο,
1840 4168 1987 4225 ἀλλὰ

320 4264 468 4318 κατᾶ
494 4264 562 4317 τά
611 4260 916 4316 δυσθάνατα
967 4266 1071 4314 τῶν
1120 4261 1324 4331 θηρίων
1374 4258 1743 4338 ἒςραλλόμενοί
1792 4281 1849 4314 τε
1898 4260 1988 4313 καὶ

322 4351 748 4429 προαλλόμενοι
801 4350 856 4404 ἐν
918 4348 1073 4421 δεινῷ
1128 4350 1363 4403 τίθενται
1422 4349 1504 4403 δτι
1570 4351 1643 4422 μὴ
1702 4348 1987 4421 Ῥωμαίων

324 4442 507 4497 αὐτῶν
544 4440 940 4514 ὑπερίσχυσαν.
1007 4436 1227 4509 Ἀμέλει
1277 4439 1367 4493 καὶ
1426 4438 1561 4492 κατὰ
1619 4439 1819 4514 χέρσον
1880 4459 1992 4509 μη-

324 4534 446 4586 κέτι
482 4528 775 4603 δυνάμενοι
810 4528 1083 4601 μάχεσθαι
1118 4527 1522 4582 ἀποσαλεύουσι
1579 4528 1673 4588 τὰς
1723 4533 1857 4595 νῆας
1903 4527 1989 4582 καὶ

323 4622 628 4692 ὶξόρμους,
678 4619 907 4681 τιθέασι’
941 4616 1033 4671 καὶ
1088 4617 1223 4671 κατά
1278 4635 1399 4671 τινα
1450 4622 1617 4684 νῆσον
1672 4613 1993 4689 ἀναχθέντες

328 4708 677 4786 ἀμφίρῥυτον
713 4709 771 4781 (ἦ
808 4708 1055 4781 ’Δστερίς
1113 4705 1245 4776 αὕτη
1291 4704 1448 4777 οίμαί
1500 4703 1661 4771 ἰστιν,
1716 4704 1784 4773 ἢν
1836 4726 1994 4781 φασιν

2083 3549 2347 3612 tradunt,
2376 3546 2650 3602 hostilem
2684 3548 2741 3601 in
2779 3549 3015 3603 modum
3048 3548 3344 3606 Romanas
3375 3567 3547 3607 naves
3598 3552 3733 3609 illac

2084 3642 2455 3692 transeuntes
2486 3636 2790 3690 invadunt.
2820 3638 2892 3691 Ac
2925 3636 3076 3692 male
3108 3642 3349 3694 tractata
3382 3638 3589 3707 classe,
3619 3640 3731 3694 Eu-

2085 3726 2253 3780 hoica
2274 3725 2618 3796 praesertim.
2649 3724 2908 3795 denique
2931 3725 3089 3795 ipsas
3111 3743 3282 3781 naves
3302 3731 3728 3784 cremaverunt.

2086 3813 2278 3883 Neque
2309 3813 2418 3866 hoc
2452 3811 2604 3866 malo
2629 3813 2883 3868 contenti
2904 3812 3060 3867 aliud
3087 3814 3324 3884 gravius
3356 3817 3687 3888 adjungunt
3718 3833 3732 3872 :

2087 3902 2524 3973 imperatoriam
2542 3916 2743 3955 navem
2762 3901 3318 3974 suti’urati,primum
3332 3904 3741 3961 conclaviaim-

2091 3991 2381 4064 peratoria
2402 3992 2441 4044 1
2457 3991 2552 4046 I5
2591 3990 2775 4060 peplis
2791 3994 3010 4047 auratis
3029 3998 3085 4047 et
3117 3995 3426 4065 purpureis
3443 3995 3739 4066 tapetibus

2091 4083 2390 4148 exornant,
2424 4079 2632 4134 deinde
2658 4079 3109 4136 homuncionem
3155 4082 3464 4154 perditum,
3504 4084 3736 4158 nigrum

2093 4170 2405 4241 quemdam
2429 4167 2779 4239 Ethiopem,
2801 4169 2859 4223 in
2881 4186 3003 4225 eam
3040 4173 3437 4229 introductum
3461 4184 3515 4229 et
3545 4173 3738 4246 splen-

2094 4259 2234 4314 dida
2258 4274 2470 4313 corona
2499 4263 2841 4313 exornatum
2877 4263 2942 4313 ut
2981 4258 3374 4317 Romanorum
3428 4263 3741 4335 imperato-

2095 4365 2216 4403 rem
2247 4363 2379 4403 cum
2416 4346 2716 4415 magnifico
2748 4347 3025 4402 comitatu
3062 4365 3165 4419 per
3220 4350 3539 4406 ludibrium
3594 4352 3744 4408 cele-

2096 4435 2668 4502 brarunt,deridendi
2704 4435 2988 4492 Manuelis
3020 4453 3218 4504 causa,
3253 4441 3353 4510 qui
3388 4457 3503 4494 non
3538 4444 3743 4497 ﬂavam

2099 4543 2325 4583 comam
2362 4526 2599 4581 haberet
2629 4531 2692 4581 ut
2722 4530 2966 4581 matura:
2996 4534 3243 4598 segetes,
3277 4528 3374 4584 sed
3420 4529 3625 4587 fuscus
3654 4547 3746 4587 es-

2101 4628 2187 4673 set
2216 4619 2402 4673 instar
2424 4633 2651 4687 sponsae
2675 4616 2834 4673 illius
2862 4618 2918 4671 in
2946 4618 3215 4683 Canticis,
3259 4636 3388 4691 qua
3413 4637 3476 4677 se
3520 4623 3747 4694 nigram

2102 4707 2205 4762 sed
2236 4708 2541 4761 formosam
2576 4720 2705 4760 esse
2737 4705 2837 4770 ait,
2864 4712 2927 4760 ut
2955 4725 2987 4761 a
3018 4706 3138 4763 sole
3160 4708 3427 4764 nonnihil
3456 4710 3746 4766 adustam.

332 4801 386 4854 οἱ
417 4797 596 4852 πάλαι
627 4798 839 4852 κεῖσθαι
888 4794 1050 4869 μέσον
1102 4795 1318 4863 Ἱθὶκης
1358 4794 1448 4848 καὶ
1496 4800 1595 4861 τῆς
1645 4799 1753 4848 τῶν
1812 4800 1963 4871 Iit-2oz

2104 4795 2381 4859 Quamvis
2411 4802 2601 4848 autem
2634 4791 2948 4864 imperator
3009 4794 3291 4852 Barbaros
3344 4798 3541 4853 statim
3597 4801 3750 4871 justo

333 4890 523 4958 λήνων
593 4884 1004 4960 τετραπόλεως)
1054 4882 1383 4938 ἐπιτίθενται
1443 4884 1517 4944 ὡς
1564 4882 1828 4957 πολέμιοι
1880 4888 1995 4946 τοῖς

332 4977 509 5033 ἐκεῖσε
554 4976 605 5051 ἐξ
664 4972 906 5036 Εὖϐοίας
968 4979 1295 5048 παρορμῶσι
1363 4970 1583 5033 πλοίοις
1641 4973 1998 5044 Ῥωμαϊκοις,

332 5069 428 5121 καὶ
483 5068 547 5122 τὸ
597 5068 852 5123 ναυτικὸν
910 5069 1092 5125 κακῶς
1158 5060 1489 5136 διαθέμενοι,
1549 5061 1579 5115 ὅ
1632 5060 2001 5135 συνεπλήρουν

333 5157 390 5209 οἱ
426 5154 651 5217 Εὐϐοεῖς
712 5153 975 5227 μάλιστα,
1022 5151 1181 5212 τέλος
1228 5151 1318 5205 καὶ
1364 5149 1499 5203 αὖτᾶ
1550 5151 1615 5204 τὰ
1665 5151 1839 5223 σκάςαη
1894 5154 1999 5223 πῦρ

334 5242 674 5318 ἐμϐαλόντες
737 5243 1059 5317 ﬁlii/mum.
1119 5243 1211 5310 Τῷ
1268 5242 1422 5309 κακῷ
1472 5236 1528 5292 δὲ
1584 5239 1761 5312 τούτῳ
1818 5236 2000 5312 ἕτερον

333 5336 685 5410 ἀτοπώτερον
722 5332 1069 5403 ἐπιφέροντες
1114 5331 1215 5395 την
1267 5324 1523 5401 βασιλίδα
1571 5333 1674 5395 νῆα
1718 5325 2002 5405 30.012090-

338 5430 508 5500 Posm,
559 5424 658 5479 καὶ
724 5421 856 5492 παρ’
913 5417 1125 5479 ἑαυτοῖς
1196 5414 1411 5487 θέμενοι
1467 5419 1658 5489 πρῶτα
1721 5417 1813 5490 μὲν

1907 5418 2003 5477 τας

2107 4882 2393 4955 supplicio
2417 4883 2643 4936 allicere
2672 4888 2883 4952 posset,
2914 4891 3104 4939 tamen
3131 4888 3345 4942 veritus
3372 4905 3442 4944 ne
3471 4887 3751 4946 intestino

2111 4973 2261 5027 bello
2284 4977 2570 5026 commoto
2593 4968 2756 5040 plura
2783 4970 3153 5030 incommoda
3178 4982 3579 5047 sequerentur,
3605 4981 3752 5036 mis-

2110 5062 2188 5114 sis
2209 5078 2239 5117 e
2260 5076 2368 5115 sua
2392 5059 2601 5114 familia
2628 5060 2979 5128 quihusdam
3003 5062 3237 5121 Venetis
3259 5065 3611 5137 iniuriarum
3634 5073 3755 5126 tam

2111 5151 2220 5205 sibi
2275 5164 2453 5220 quam
2514 5147 2789 5204 Romanis
2838 5148 3130 5207 hostiliter
3178 5154 3469 5212 illatarum
3528 5160 3757 5214 veniam

2111 5238 2436 5309 pollicetur,
2470 5253 2603 5291 cum
2641 5237 2946 5309 ultionem,
2979 5240 3109 5297 aliis
3170 5244 3339 5298 rebus
3390 5246 3757 5316 urgentibus,

2111 5325 2579 5393 intempestivam
2649 5341 2776 5381 esse
2855 5337 3135 5385 cerneret.
3220 5332 3614 5389 Nihilominus
3670 5335 3758 5389 ira

2114 5416 2333 5479 animo,
2356 5420 2633 5484 tanquam
2664 5414 2795 5485 igne
2827 5418 2936 5474 sub
2968 5418 3285 5485 oineribus,
3330 5438 3530 5492 pressa
3581 5430 3757 5491 atque

1683 5541 1870 5609 Hier.
1922 5541 2160 5609 Wolfii
2202 5547 2403 5607 notaa.

402 5688 519 5766 (73)
548 5691 708 5746 Puto
742 5676 1011 5753 ἀναγκαία
1039 5695 1145 5751 pro
1175 5674 1385 5751 ἀνάγκη
1418 5691 1546 5735 esse
1575 5677 1859 5750 positum,
1891 5682 1955 5734 ut

2078 5673 2321 5734 ιλιόπεια
2353 5688 2457 5748 pro
2487 5669 2803 5747 Καλλιόπη.
