4140 6290
456 360 574 422 423
1776 342 2086 408 ΝΙΟΕΤΛΕ
2127 345 2546 408 ΟΗΟΝΙΑΤΒ
3744 353 3856 414 424

459 500 636 567 atque
671 493 730 549 in
791 489 1097 564 prasentia
1153 485 1546 554 dissimulata,
1607 490 1729 540 tum
1785 501 1884 540 eos
1943 482 2098 538 ultus

2217 477 2270 533 ἐν
2337 477 2474 553 αὑτῇ
2547 480 2834 554 βασιλικὰς
2916 479 3215 552 διαιτήσεις
3300 486 3568 554 κοσμοῦσι
3635 482 3863 548 πέπλοις

459 565 558 640 est
602 599 737 638 cum
797 598 888 637 res
933 579 1319 651 patiebantur,
1379 583 1445 632 ut
1500 593 1603 632 suo
1668 574 1794 631 loco
1852 587 2098 644 expone-

2217 567 2548 644 χρυσοῦφέσι
2588 569 2678 624 καὶ
2735 569 3034 645 ἆλουργοῖς
3081 570 3338 640 τάπησιν,
3395 565 3580 626 ἔπειτα
3628 569 3674 626 δ’
3729 573 3864 647 αὐτῇ

459 691 612 730 mus.
2217 651 2607 730 ἐμϐιϐάσαντες
2673 657 2958 736 ἀνδράριον
3045 659 3380 736 ἐπίτριπτον,
3447 660 3867 738 κελαινοχρῶτά

457 783 575 816 τινα
644 761 908 828 Αἰθίοπα,
966 759 1249 832 εὐφήμουν
1314 756 1390 819 ὡς
1449 752 1678 830 βασιλέα
1729 749 2040 823 Ῥωμαίων,
2115 747 2463 822 περιάγοντες
2543 748 2679 820 μετά
2733 747 2994 823 λαμπρᾶς
3065 749 3498 827 στεφανηφορίας
3570 752 3661 804 καὶ
3743 773 3875 826 προ·

450 851 706 924 πομπῆς,
735 851 802 904 τὰ
845 855 947 916 τῆς
1015 845 1297 922 βασιλείας
1357 842 1523 916 σεμνὰ
1581 838 1978 908 δεαπαίζοντες,
2044 833 2135 889 καὶ
2193 834 2667 907 καταμωκώμενοι
2722 839 2820 889 τοῦ
2875 833 3105 898 ἄνακτος
3165 833 3434 905 Μανουὴλ
3485 839 3558 899 ὡς
3610 840 3688 910 μὴ
3747 840 3869 909 ξαν-

450 923 694 1009 θίζοντος
751 940 851 1007 τήν
903 938 1085 1010 κόμην
1145 935 1220 996 ὡς
1278 932 1455 1008 θέρος,
1514 929 1643 985 ἀλλ’
1703 923 2214 999 ὑπομελαινομένου
2271 924 2372 989 τὴν
2429 924 2644 1000 μορφήν
2699 925 2834 978 κατᾶ
2885 925 2985 993 τήν
3039 929 3138 979 τοῦ
3196 925 3436 998 ᾄσματος
3494 927 3714 1002 νύμφην
3771 931 3870 998 τήν

450 1008 740 1103 λέγουσαν·
779 1051 806 1079 ιι
841 1008 1089 1084 Μέλαινά
1122 1025 1239 1097 εἰμι
1293 1024 1385 1077 καὶ
1443 1019 1610 1089 καλὴ,
1663 1017 1752 1072 ὅτι
1796 1009 2108 1088 παρέῦλεψέ
2147 1032 2233 1103 Δμε
2272 1011 2300 1064 ὁ
2339 1008 2526 1103 ἥλιος.
2558 1034 2588 1063 ›ι
2619 1009 2800 1103 ,Ἀλλ’
2851 1014 2971 1103 είχε
3021 1016 3114 1086 μὶν
3177 1015 3325 1084 ἀξίαν
3385 1016 3649 1079 ἐπιθεῖναι
3712 1015 3872 1089 δίκην

446 1097 563 1180 τοῖς
623 1114 920 1194 βαρϐάροις
1000 1116 1058 1172 ἐκ
1138 1120 1237 1170 τοῦ
1323 1111 1628 1188 παραυτίκα
1685 1111 1712 1164 ὁ
1773 1103 2050 1194 βασιλεύς’
2142 1098 2321 1194 δείσας
2413 1097 2497 1194 δὲ-
2560 1102 2638 1194 pf;
2724 1101 3019 1194 ἐμφυλίου-
3084 1106 3396 1175 κινηθέντος
3475 1105 3730 1180 πολέμου
3799 1109 3876 1170 εἰς

449 1185 640 1263 πλεῖον
671 1185 1032 1285 προχωρήσει
1060 1205 1126 1260 τὰ
1157 1201 1352 1273 ἄτοπα,
1385 1185 1604 1275 πέμψας
1633 1203 1738 1254 τῶν
1781 1197 1832 1268 ἐξ
1890 1191 2096 1249 οἰκείου
2144 1185 2337 1266 γένους
2385 1189 2538 1250 τινας
2587 1189 2893 1262 ἀμνησνίαν
2942 1189 3132 1246 δίδωσι
3165 1199 3278 1254 τοῖς
3330 1195 3634 1256 Βενετίκοις
3687 1195 3764 1250 ὧν
3814 1217 3874 1252 τε

449 1296 527 1358 εἷς
583 1276 744 1351 αὺτὸζ,
785 1276 1120 1368 ’ἦνδμῆκασι
1172 1293 1264 1348 καὶ
1325 1291 1400 1346 ὧν
1461 1291 1536 1352 εἰς
1594 1286 1903 1360 Ῥωμαίους
1963 1283 2037 1342 ὡς
2093 1276 2372 1351 δυσμενεῖς
2431 1277 2862 1354 ἐκακούργησαν,
2939 1279 3056 1336 ἐπεὶ
3137 1282 3204 1336 τὰ
3257 1290 3360 1352 τῆς
3435 1285 3648 1357 ἀμύνης
3727 1287 3875 1360 ἐώρα

448 1406 566 1448 πως
627 1383 728 1440 οὒκ
783 1365 1058 1450 ἀκίνδυνα,
1119 1382 1257 1457 πρὸς
1315 1377 1460 1435 ἄλλα
1509 1382 1608 1434 τοῦ
1660 1378 1852 1450 καιροῦ
1911 1370 2090 1446 ῥέπειν
2149 1365 2479 1440 ἐπείγοντος.
2539 1366 2693 1435 Πλὴν
2752 1367 2802 1422 εἴ
2855 1369 2946 1424 καὶ
3009 1371 3103 1424 τὸν
3164 1367 3334 1445 χόλον
3390 1373 3648 1446 αὐτῆμαρ
3713 1373 3876 1428 κατέ-

448 1477 636 1547 πεψεν,
695 1472 824 1528 ἀλλ’
882 1473 958 1535 ὡς
1017 1471 1069 1526 ἐν
1121 1453 1320 1539 σποδιᾷ
1374 1463 1615 1541 ἔναυσμα
1671 1466 1761 1520 τὸν
1814 1463 1974 1518 κότον
2035 1453 2292 1512 ἐνέθαλπε
2379 1459 2448 1528 τῇ
2523 1454 2678 1530 ψυχῇ
2753 1453 2860 1519 ἕως
2945 1461 3052 1513 τῶν
3130 1461 3465 1535 πραγμάτων
3542 1459 3872 1519 ὶνδιδόντων

449 1563 614 1619 αὐτὸν
643 1561 1037 1636 ἐξεπύρσευσεν,
1069 1561 1142 1623 ὡς
1172 1560 1308 1616 κατὰ
1336 1558 1523 1632 καιρὸν
1555 1557 1648 1612 τὸν
1682 1554 1880 1610 οἰκεῖον
1917 1549 2232 1626 ῥηθήσεται.

522 1629 892 1708 Tum-autem
907 1651 1294 1708 reconciliatis
1307 1629 1654 1704 exercitibus
1688 1646 1759 1701 ad
1795 1656 2090 1713 oppugna-

2277 1632 2416 1688 Τότε
2473 1629 2520 1686 δ’
2578 1632 2670 1686 οὗν
2730 1631 3101 1711 φιλιωθέντων
3154 1635 3310 1702 αὖθις
3363 1638 3689 1714 ἀμφοτέρων
3749 1646 3872 1696 τῶν

451 1743 668 1798 tionem
703 1741 898 1798 educit
925 1740 1178 1812 legiones
1212 1757 1227 1807 ;
1260 1743 1318 1794 et
1349 1738 1510 1803 urbe,
1571 1751 1688 1807 qua
1733 1749 1825 1788 res
1858 1731 2100 1797 ferebat,

454 1830 602 1886 mari
628 1831 1037 1896 circumsessa,
1059 1829 1201 1885 nihil
1229 1829 1584 1883 intentatum
1606 1822 1904 1894 relinquit,
1936 1817 2100 1890 quasi

451 1936 652 1976 secum
675 1920 799 1990 ipse
818 1926 1070 1988 certans,
1113 1936 1182 1974 an
1204 1933 1332 1974 eam
1356 1916 1441 1970 vel
1463 1915 1537 1971 ad
1561 1914 1914 1968 deditionem
1946 1911 1986 1964 1
2003 1907 2100 1962 Ιϐ

450 2007 798 2080 compellere
831 2007 918 2064 vel
951 2024 1053 2079 per
1081 2007 1194 2061 vim
1251 2005 1590 2062 exscindere
1649 2009 1865 2073 posset.
1919 1999 2105 2068 Igitur

452 2113 524 2152 ex
553 2097 842 2152 machinis
863 2097 1108 2169 grandia
1138 2112 1278 2151 saxa
1314 2094 1516 2149 crebro
1574 2090 2018 2161 torquebantur,
2048 2088 2106 2140 et

454 2185 733 2256 sagittarii
765 2201 996 2242 summa
1016 2185 1390 2240 contentione
1419 2183 1666 2253 sagittas
1720 2177 1980 2232 hibernis
2012 2175 2103 2231 ni-

455 2276 624 2331 vibus
657 2276 979 2332 crebriores
1010 2275 1067 2330 in
1115 2273 1332 2329 mcenia
1391 2270 1800 2342 conjiciebant.
1861 2265 2103 2329 Quidam

453 2361 624 2418 etiam
657 2362 717 2417 in
751 2361 950 2418 multis
979 2360 1322 2417 munitionis
1354 2357 1613 2430 partibus
1649 2372 1746 2428 per
1801 2353 1978 2408 Valles
2016 2351 2104 2406 in-

461 2459 582 2506 star
610 2467 948 2522 caprearum
1009 2455 1398 2522 arrepserant.
1455 2449 1560 2504 Sed
1603 2447 1659 2502 id
1713 2460 1893 2500 unum
1929 2441 2104 2512 profi-

461 2541 742 2608 ciebatur,
777 2557 846 2594 ne
879 2544 1122 2611 ignavus
1172 2541 1324 2595 esset
1379 2537 1689 2592 exercitus.
1709 2534 1851 2589 Nam
1881 2529 2108 2589 obsessi

457 2635 515 2686 et
548 2630 657 2702 ipsi
689 2630 915 2686 fortiter
951 2646 1013 2685 se
1044 2628 1431 2684 defendebant
1459 2642 1473 2681 :
1507 2631 1567 2681 at
1597 2625 1655 2680 in
1688 2639 1958 2694 campum
2007 2622 2110 2678 de-

453 2718 851 2774 scendendum
886 2724 943 2774 et
971 2717 1236 2773 cominus
1252 2733 1384 2773 cum
1411 2714 1686 2771 Romanis
1723 2714 2104 2783 pugnandum

454 2808 696 2863 minime
717 2809 1057 2873 censebant,
1091 2807 1190 2864 sed
1227 2807 1297 2862 de
1340 2805 1635 2862 manibus
1661 2803 1774 2856 vim
1809 2803 2110 2873 propulsa-

457 2894 614 2963 bant,
674 2905 726 2950 et
787 2897 942 2950 saxis
999 2897 1277 2967 omnique
1335 2895 1584 2950 telorum
1645 2907 1855 2962 genere
1913 2891 2106 2944 hostes

454 2982 873 3039 obruebant.Ut
897 2984 1074 3056 igitur
1107 2982 1522 3038 animadvertit
1569 2997 1636 3035 ea
1671 2995 1730 3034 se
1749 2981 1944 3034 conari
1975 2991 2106 3048 qua:
2145 2999 2188 3065 α

456 3071 527 3125 ad
556 3069 772 3125 exitum
809 3073 1122 3140 perducere
1155 3087 1268 3124 non
1304 3075 1518 3141 posset,
1572 3067 1709 3122 inde
1752 3066 2018 3121 recedere
2049 3069 2106 3119 et

457 3157 821 3213 obsidionem
861 3158 1131 3214 atiectam
1168 3157 1499 3228 relinquere
1522 3155 1728 3216 noluit,
1763 3153 2105 3219 ignominio-

449 3261 578 3300 sum
607 3245 719 3302 sibi
761 3247 880 3301 fore
946 3253 1130 3312 ratus,
1191 3245 1240 3300 si
1301 3252 1430 3316 post
1479 3244 1694 3298 multos
1727 3241 1970 3306 labores,
1998 3255 2102 3295 nec

450 3335 657 3406 paucis
686 3334 1021 3390 cohortibus
1053 3334 1310 3400 amissis,
1337 3349 1518 3388 unum
1569 3333 1895 3397 castellum,
1923 3329 2102 3401 idque

451 3439 568 3478 non
615 3423 692 3477 ita
753 3423 970 3494 pridem
1025 3423 1306 3480 Romanis
1365 3423 1700 3488 obnoxium,
1770 3434 2104 3489 expugnare

454 3528 570 3567 non
605 3519 820 3582 posset,
855 3518 1024 3584 atque
1091 3513 1146 3567 in
1213 3529 1318 3568 sua
1357 3511 1576 3567 ditione
1611 3507 1769 3564 mille
1803 3511 2102 3580 praedones

452 3599 912 3670 aleret,Corcyra
943 3601 1165 3665 relicta,
1201 3617 1330 3670 quae
1387 3598 1600 3654 Siculis
1632 3595 1970 3652 triremibus
1999 3612 2100 3651 na-

453 3689 578 3746 vale
635 3706 700 3745 ac
749 3696 1044 3762 receptum
1108 3691 1406 3761 praeberet.
1467 3687 1843 3744 Obsidioncm
1901 3687 2100 3761 igitur,

449 3780 727 3850 quoniam
760 3780 922 3834 nulla
975 3797 1111 3852 spes
1171 3779 1376 3834 melior
1403 3777 1743 3848 afi'ulgebat,
1778 3778 2100 3834 ducendam

449 3883 579 3923 esse
605 3868 830 3937 statuit,
874 3877 933 3926 et
963 3869 1344 3924 diuturnitate
1399 3867 1680 3937 temporis
1713 3866 2101 3938 praesidiarios

448 3957 517 4010 ad
557 3957 907 4012 deditionem
935 3957 1390 4029 compellendos.
1421 3957 1534 4012 Nec
1558 3973 1689 4012 eum
1744 3955 1943 4011 fefellit
1973 3955 2101 4019 haec

447 4045 862 4118 Opinio,neque
885 4064 1018 4116 spes
1043 4048 1317 4102 frustrata
1339 4052 1447 4102 est.
1482 4045 1689 4101 Hostes
1727 4047 1905 4109 enim,
1938 4047 1979 4100 I
1997 4045 2028 4096 Ι
2049 4045 2088 4098 7

446 4133 670 4205 aliquot
701 4135 908 4190 diebus
964 4141 1110 4206 post,
1172 4151 1270 4205 per
1330 4135 1551 4206 legatos
1583 4140 1788 4204 petunt
1835 4135 2090 4205 spatium

445 4221 556 4276 sibi
589 4222 712 4276 dari
748 4238 880 4276 cum
916 4223 1096 4277 armis
1127 4224 1464 4292 cmterisque
1497 4222 1672 4276 rebus
1729 4223 1854 4276 suis
1902 4222 2090 4277 disce-

441 4309 642 4363 dendi.
671 4310 739 4366 Ut
769 4312 921 4366 enim
959 4311 1230 4368 videbant
1285 4328 1347 4368 se
1407 4329 1508 4384 per
1550 4309 1958 4381 imperatorem
2021 4309 2100 4365 ibi

2205 1722 2620 1794 στρατευμάτων
2671 1721 2747 1784 είς
2805 1721 3134 1799 πολιορκίαν
3175 1724 3348 1802 ἐξάγει
3399 1729 3494 1790 τὰς
3545 1727 3868 1806 φάλαγγας,

2206 1809 2296 1864 καὶ
2353 1811 2488 1865 κατὰ
2541 1809 2830 1881 Θάλασσαν,
2889 1812 2942 1868 ἐν
2999 1815 3081 1876 οἷς
3145 1817 3420 1889 παρείκοι,
3478 1819 3541 1873 τὸ
3607 1817 3875 1894 πόλισμα

2206 1897 2632 1973 κυκλωσάμενος
2663 1907 2919 1964 παντοῖος
2975 1901 3206 1978 ἐγίνετο,
3254 1906 3436 1981 ὥσπερ
3485 1909 3624 1982 πρὸς
3673 1909 3873 1966 ἑαυτὸν

2208 1985 2600 2075 ἁμιλλώμενος
2641 1991 2981 2066 ἐνεργότερος
3035 1991 3356 2066 δείκννσθαι,
3413 1993 3467 2051 εἴ
3511 2018 3630 2060 πως
3685 2019 3876 2075 παροι-

2211 2077 2506 2145 στήσασθαι
2537 2074 2794 2148 δυνηθείη
2852 2084 3017 2134 τοῦτο
3074 2081 3164 2136 καὶ
3222 2081 3445 2155 ἐξελεῖν.
3507 2088 3610 2142 Ἕκ
3665 2107 3726 2142 τε
3769 2074 3874 2143 οὗν

2207 2169 2316 2219 τῶν
2349 2161 2703 2238 πετροϐόλων
2735 2168 2973 2244 ὀργάνων
3007 2171 3073 2225 τὰ
3107 2171 3246 2246 βάρη
3287 2177 3395 2227 τῶν
3446 2171 3612 2238 λίθων
3664 2176 3872 2251 ἠφίετο

2211 2253 2593 2328 συνεχέστερα,
2625 2258 2716 2311 καὶ
2749 2257 2801 2312 oi.
2850 2258 3066 2328 τοξόται
3118 2260 3262 2337 παρὰ
3323 2263 3490 2335 μαζὸν
3545 2263 3630 2318 ἀεὶ
3685 2263 3873 2320 πελά-

2215 2346 2399 2411 ζοντες
2428 2343 2523 2405 τάς
2555 2346 2743 2419 νευρὰς
2797 2346 2891 2401 καὶ
2937 2345 3044 2410 ἕως
3097 2354 3206 2405 τῶν
3266 2347 3549 2428 γλυφίδων
3603 2352 3876 2418 ἓλκοντες

2211 2429 2518 2508 νιφάδεσσιν
2584 2435 2802 2490 ἐοικότα
2882 2437 3200 2514 χειμερίῃσι
3268 2441 3402 2496 κατὰ
3459 2446 3566 2496 τῶν
3629 2443 3717 2499 ἐπὶ
3773 2451 3878 2501 τοῦ

2215 2520 2437 2598 τείχους
2485 2524 2552 2578 τὰ
2614 2523 2748 2595 βέλη
2809 2519 3075 2598 ἔπεμπον.
3146 2531 3316 2586 Ἦσαν
3374 2528 3431 2586 δὲ
3485 2535 3624 2588 κατᾶ
3681 2533 3880 2592 πολλὰ

2219 2611 2358 2702 μέρη
2425 2615 2524 2702 τοῦ
2565 2613 2859 2702 ,ἐρύματος
2924 2617 3014 2671 καί
3085 2618 3137 2702 οἳ
3231 2617 3320 2674 διὰ
3393 2626 3500 2675 τῶν
3566 2625 3872 2702 φαράγγων

2217 2698 2376 2769 δίκην
2445 2700 2764 2778 αἷγάγγρων
2834 2701 3299 2778 ἐκρημνοϐάτουν.
3397 2698 3780 2770 Ἐπεραίνετοί
3815 2711 3872 2770 δέ

2215 2787 2396 2858 οὐδὲν,
2430 2787 2559 2845 ἀλλ’
2585 2787 2622 2858 ἤ
2655 2791 2780 2846 ὅσον
2816 2794 2892 2866 μή
2933 2793 3124 2869 ἀεργὸν
3181 2797 3404 2870 ὁρᾶσθαι
3442 2800 3542 2866 τήν
3586 2803 3868 2876 στρατιάν.

2217 2881 2280 2935 Οἱ
2334 2882 2436 2954 γὰρ
2491 2877 2646 2935 ’ἑνδον
2713 2883 2803 2937 καὶ
2898 2883 3052 2940 αὐτοὶ
3141 2887 3404 2960 γενναίως
3485 2888 3864 2972 ἀπεμάχοντο,

2222 2968 2570 3024 ὑποκατιέναι
2632 2971 2726 3042 μὶν
2786 2972 2874 3026 καὶ
2934 2972 3203 3046 συστάδην
3265 2968 3862 3040 ἀντιπλὲκεσθαιὛῬω.

2222 3058 2402 3131 μαίοις
2433 3057 2696 3132 οὐμενοῦν
2749 3059 3008 3135 οὐδαμῶς
3055 3060 3464 3138 δοκιμάζοντες,
3507 3069 3618 3124 ἆπὸ
3648 3069 3702 3125 δὲ
3752 3077 3850 3126 τῶν

2211 3153 2414 3222 τειχῶν
2453 3147 2813 3212 παντοδαπῶς
2863 3152 3221 3227 ἀμυνόμενοι,
3259 3155 3352 3210 καὶ
3407 3155 3598 3231 βέλεσι
3640 3159 3726 3215 καὶ
3769 3157 3848 3214 λί-

2213 3238 2322 3291 θων
2382 3234 2598 3314 ἀφέσεσι
2656 3241 2940 3301 παντοίοις
2997 3247 3286 3300 κακοῦντες
3339 3245 3403 3300 τὸ
3465 3247 3859 3320 ἀνθιστάμενον.

2207 3329 2294 3386 Ὡς
2353 3320 2490 3398 ἔγνω
2547 3325 2728 3382 τοίνυν
2786 3329 2814 3382 ὁ
2877 3327 3130 3404 βασιλεὺς
3187 3328 3473 3396 ἀδυνάτοις
3543 3334 3862 3413 ἐπιχειρῶν,

2213 3419 2629 3487 μεταναστεῦσαι
2730 3416 2824 3489 μέν
2893 3417 3090 3474 ἐκεῖθεν
3175 3420 3264 3475 καὶ
3354 3424 3454 3492 τὴν
3541 3422 3863 3498 πολιερκίαν

2209 3502 2483 3580 ἀφεικέναι
2537 3501 2822 3561 ἀτέλεστον
2887 3506 2986 3562 οὐκ
3041 3505 3220 3582 ἐκρινε
3282 3507 3412 3578 δεῖν,
3469 3511 3560 3566 καὶ
3643 3510 3867 3584 ἀδοξίας

2206 3589 2394 3652 ἄλλως
2425 3592 2602 3662 ἐαυτῷ
2633 3594 2922 3670 παραίτιον
2957 3595 3308 3668 ὑπετόπαζεν,
3341 3597 3392 3652 εί
3430 3597 3618 3654 πολλὰ
3664 3601 3861 3674 καμὼν

2207 3680 2296 3738 καὶ
2355 3681 2458 3736 οὐκ
2539 3680 2734 3757 ὀλίγας
2818 3683 3192 3746 ἀπολωλεκὼς
3277 3685 3671 3762 στρατιώτιδας
3756 3692 3868 3766 οὐχ

2206 3773 2309 3846 ἔξει
2375 3773 2637 3851 φρούριον
2711 3769 2768 3827 ἓν
2836 3771 3054 3844 ἐξελεῖν,
3142 3773 3228 3830 καί
3331 3781 3494 3833 τοῦτο
3589 3780 3864 3856 πρότριτα

2204 3864 2498 3939 Ῥωμαίοις
2529 3861 2834 3938 ὖπόφορον,
2871 3862 3060 3938 βόσκοι
3091 3860 3149 3919 δέ
3201 3865 3292 3920 καὶ
3354 3865 3442 3920 ἐπὶ
3497 3875 3599 3936 τῆς
3649 3869 3863 3932 οἰκείας

2209 3955 2432 4030 χιλίους
2489 3952 2716 4026 λῃστὰς,
2777 3953 3117 4027 ὁρμητήριον
3175 3955 3364 4030 παρεὶς
3415 3956 3506 4010 καὶ
3562 3959 3867 4015 νεώσοικον

2210 4047 2330 4106 ταῖς
2415 4040 2766 4096 Σικελιώτισι
2856 4044 3106 4116 τριήρεσι
3199 4045 3335 4100 κατὰ
3420 4047 3712 4118 Ῥωμαίων
3798 4049 3870 4105 τὰ

2210 4131 2452 4207 Κέρκυρα
2501 4132 2637 4202 (74).
2695 4123 3030 4186 Ἑπεόάλετο
3080 4132 3258 4186 τοίνυν
3318 4131 3702 4208 χρονοτριϐεῖν
3758 4136 3870 4194 ἅλ-

2213 4221 2284 4292 λη
2307 4221 2412 4296 γὰρ
2436 4214 2666 4291 οὐδεμία
2719 4237 2803 4280 τις
2851 4216 3008 4281 ἐλπὶς
3071 4218 3390 4276 ὑπελείπετο
3446 4229 3564 4286 τοῖς
3613 4243 3871 4299 χρηστο-

2207 4311 2387 4384 τέροις
2417 4307 2576 4362 αὐτὸν
2637 4305 3022 4380 ὗποσαίνουσα,
3081 4305 3170 4363 διὰ
3227 4307 3284 4364 δὲ
3339 4317 3437 4381 τῆς
3491 4311 3865 4390 πολυημέρου

440 4414 678 4456 manere
711 4416 824 4456 non
856 4417 1028 4472 posse
1057 4407 1227 4471 atque
1287 4400 1446 4455 inani
1490 4415 1593 4472 spe
1641 4398 1892 4454 subsidii
1950 4399 2092 4470 regii

2207 4370 2531 4484 προσεδρίας
2583 4395 2898 4467 συμπείσειν
2941 4393 3168 4460 ἄκοντας
3227 4396 3364 4470 ᾤετο
3423 4401 3551 4458 τοὺς
3609 4370 3700 4458 ἐπί
3755 4370 3863 4473 τῆς

433 4486 842 4552 Ιαοῑοτὶ,⁴”αωὶε
863 4490 1183 4561 praesertim
1213 4488 1468 4561 periculo
1493 4487 1772 4560 paulatim
1815 4487 2088 4559 instante,

431 4574 491 4632 id
523 4577 751 4634 consilii
806 4589 1108 4650 ceperunt,
1167 4576 1452 4633 Theodori
1509 4574 1804 4648 Capellani
1857 4577 2094 4649 potissi-

432 4679 596 4720 mum
629 4665 917 4737 impulsu,
950 4665 1203 4738 praesidii
1235 4664 1509 4737 praefecti,
1543 4665 1645 4718 viri
1682 4680 1795 4719 non
1854 4667 2094 4736 sangui-

437 4753 608 4822 narii,
643 4755 742 4808 sed
776 4771 880 4826 pro
909 4771 1083 4828 grege
1115 4755 1326 4810 Christi
1384 4752 1658 4822 solliciti;
1709 4755 1800 4809 cui
1834 4771 1944 4824 pax
1972 4756 2090 4811 dis-

439 4841 706 4897 sensione
767 4844 1065 4914 antiquior
1118 4851 1174 4899 et
1233 4842 1475 4899 Romani
1559 4841 1716 4899 chari
1788 4851 1976 4910 erant,
2034 4847 2096 4900 ut

436 4936 640 5000 postea
671 4929 1103 4986 demonstravit.
1139 4935 1460 5004 Imperator
1497 4933 1677 5004 igitur
1729 4934 1968 4987 arrectis
1999 4950 2096 4988 au-

436 5019 602 5074 ribus
633 5034 698 5073 eo
734 5026 938 5074 nuntio
997 5021 1196 5075 audito
1265 5023 1457 5077 statim
1517 5022 1690 5078 etiam
1753 5021 1838 5077 rei
1869 5023 2087 5077 exitum

433 5106 632 5162 videre
655 5108 962 5178 cupiebat:
988 5111 1088 5165 sed
1115 5111 1458 5182 priusquam
1489 5112 1688 5166 laetum
1735 5127 2082 5182 responsum

431 5196 992 5266 daret,asperitatem
1016 5199 1252 5254 simulat
1281 5205 1339 5254 et
1396 5201 1586 5256 nescio
1608 5200 1746 5272 quid
1804 5201 2082 5270 minatur,

438 5283 552 5338 nisi
587 5301 654 5340 ea
685 5285 942 5341 tacerent
965 5304 1090 5357 quae
1114 5287 1288 5357 legati
1321 5289 1752 5359 pollicerentur.
1786 5287 1860 5344 Ut
1917 5289 2096 5346 igitur

438 5373 680 5430 tandem
707 5375 1076 5445 accedebant,
1109 5392 1173 5431 ac
1213 5393 1285 5432 ne
1341 5383 1465 5433 tum
1516 5378 1752 5448 quidem
1815 5379 2092 5450 universi,

2201 4482 2438 4569 φρουρᾶς
2494 4482 2928 4560 καταπροδοῦναι
2985 4487 3037 4541 οἱ
3114 4488 3176 4542 τὸ
3233 4489 3494 4566 φρούριον
3559 4494 3649 4547 καὶ
3714 4499 3860 4572 σφᾶς

2195 4577 2626 4655 προσαναθήσειν
2679 4574 2850 4647 αὐτῷ’
2911 4575 3029 4638 ὃθεν
3115 4574 3240 4632 οὐδὲ
3321 4582 3418 4634 τοῦ
3501 4578 3677 4637 καλοῦ
3753 4591 3865 4655 τῆς

2197 4662 2524 4742 προσδοκίας
2562 4662 2764 4733 ταύτης
2821 4661 3186 4735 ἐκπέπτωκεν,
3244 4663 3369 4722 οὐδὲ
3415 4669 3522 4742 μὴν
3580 4667 3866 4748 διήμαρτε

2194 4761 2292 4811 τοῦ
2353 4755 2582 4810 σκοποῦ.
2639 4749 2876 4826 Ἡμέρας
2933 4754 3036 4830 γὰρ
3121 4751 3470 4821 διαλιπόντες
3521 4759 3676 4822 τινὰς
3737 4758 3866 4818 δια-

2196 4839 2583 4920 πρεσϐεύονται
2619 4842 2670 4896 οἱ
2700 4839 2988 4914 πολέμιοι,
3019 4844 3110 4898 καὶ
3169 4842 3378 4901 δέονται
3427 4849 3614 4921 καιρὸν
3662 4851 3863 4914 αὐτοῖς

2204 4933 2616 5010 ὑποχωρήσεως
2659 4926 2964 5002 ἔνδοθῆναι,
3007 4931 3081 4996 ὡς
3117 4931 3307 4988 ὃπλων
3357 4935 3444 4990 καὶ
3502 4941 3612 4991 τῶν
3663 4937 3862 4994 ἄλλων

2195 5022 2334 5092 ἦσαν
2367 5015 2611 5094 ἔχοντες.
2669 5019 2756 5079 Ὠς
2805 5018 2910 5095 γὰρ
2963 5019 3148 5096 ἑώρων
3209 5021 3438 5097 βασιλέα
3493 5027 3588 5098 μὲν
3641 5026 3744 5082 οὐκ
3789 5025 3860 5084 ἄν

2197 5109 2394 5170 αὐτοὺς
2423 5107 2514 5164 ἐπὶ
2570 5107 2760 5186 χώρας
2815 5107 2992 5180 μένειν
3041 5111 3322 5181 άνήσοντα,
3383 5112 3479 5178 τὰς
3527 5111 3574 5168 δ’
3621 5113 3862 5180 ἐλπίδας

2199 5197 2510 5278 σχαζούσας
2566 5195 2644 5258 είς
2701 5197 2852 5252 κενὸν
2911 5200 3001 5261 αῖς
3057 5194 3451 5258 ἐϐουκολοῦντο
3526 5205 3650 5259 καθ’
3704 5203 3857 5280 ὥραν

2197 5291 2298 5358 τήν
2327 5288 2436 5342 ἀπὸ
2483 5282 2580 5341 τοῦ
2631 5284 2802 5361 ῥηγὸς
2857 5285 3168 5363 ἐπικουρίαν
3216 5286 3681 5365 προσδεχόμενοι,
3733 5293 3857 5366 ἃμα

2199 5373 2256 5432 δὲ
2287 5377 2377 5432 καὶ
2450 5375 2542 5430 τὸν
2619 5371 2784 5448 λιμὸν
2858 5375 3056 5440 αὑτοὺς
3132 5380 3312 5454 ἡρέμα
3388 5374 3848 5457 ἐπιϐοσκόμενον,

1765 5500 1953 5570 Hier.
1995 5501 2258 5570 Wolfiii
2297 5509 2500 5568 notaa.

503 5625 622 5703 (74)
655 5625 738 5685 Τὰ
770 5624 1046 5702 Κέρκυρα.
1079 5629 1346 5686 Fortasse
1361 5624 1582 5683 librarii
1611 5641 1770 5683 error
1792 5634 1878 5686 est
1907 5644 2011 5700 pro
2041 5626 2098 5683 τί

2207 5624 2472 5704 ζέρκυραν.
