4140 6290
263 357 386 419 425

276 494 384 563 τὴν
460 487 764 565 εἰρημένην
842 486 1160 562 έτραποντο,

284 586 535 636 τοιοῦτον
573 577 821 652 μάλιστα
870 572 1026 654 ἔργον
1074 578 1101 632 6
1149 576 1515 640 καστελλάνος
1553 572 1857 652 Θεόδωρος,
1890 578 1948 642 ὅς

293 678 395 740 τῆς
425 668 803 747 φρουραρχίας
854 665 1176 744 προΐστατο,
1225 666 1330 722 οὐκ
1378 667 1450 723 ὧν
1499 668 1745 741 αἱμάτων
1787 669 1946 741 ἀνὴρ,

301 757 441 813 ἀλλά
498 764 608 827 τῆς
656 756 870 832 ἀγέλης
925 754 1093 811 πλέον
1152 759 1420 833 Χριστοῦ,
1498 757 1588 811 καὶ
1672 756 1947 832 προτιθεὶς

292 849 504 919 είρήνην
579 853 682 917 τῆς
761 843 1113 917 διαστάσεως,
1217 848 1309 901 καὶ
1386 844 1791 923 φιλορώμαιος,
1871 846 1946 910 ὡς

282 935 473 1011 ἔδειξεν
553 937 802 1013 ὕστερον.
881 937 1141 1002 Βασιλεὺς
1213 938 1393 993 τοίνυν

277 1027 516 1089 ἀκούσας
555 1029 656 1098 την
714 1027 996 1105 ἀγγελίαν,
1055 1025 1234 1097 ἐζήτει
1292 1028 1578 1092 θεάσασθαι
1635 1027 1726 1083 καὶ
1777 1028 1945 1101 πέρας

280 1116 482 1171 αὐτίκα
556 1117 621 1171 τὸ
695 1114 909 1194 ἑφετόν.
987 1116 1099 1186 Πρὸ
1158 1112 1214 1170 δὲ
1285 1120 1383 1170 τοῦ
1455 1117 1550 1177 τὰς
1625 1115 1940 1190 ἀποκρίσεις

281 1204 478 1281 ἱλαρὰς
535 1202 832 1260 ἀποδοῦναι
886 1204 1067 1260 ἑαυτὸν
1146 1201 1496 1260 εἰδωλοποίει
1552 1204 1783 1279 τραχὺν,
1850 1205 1940 1260 καὶ

280 1295 599 1370 ὑπερορίοις
657 1291 914 1356 ἀπειλαῖς
967 1291 1260 1369 ἐκέχρητο,
1321 1293 1369 1348 εἴ
1429 1294 1504 1366 μὴ
1565 1291 1732 1368 δρῷεν
1775 1292 1938 1364 ὅσαή

274 1376 540 1458 πρεσϐεία
569 1380 1093 1456 κατεπαγγέλλεται.
1150 1386 1237 1443 Ὠς
1296 1381 1389 1435 οὗν
1445 1380 1545 1455 ὀψὲ
1601 1380 1937 1457 προσερῥύη-

277 1492 401 1540 σαν,
428 1467 558 1526 οὐδὶ
585 1471 711 1525 τότε
744 1471 890 1543 ὁμοῦ
920 1470 1139 1537 πάντες,
1179 1467 1326 1524 ἀλλά
1374 1470 1508 1525 κατὰ
1559 1470 1815 1545 βραχεῖς,
1845 1471 1938 1525 καὶ

1498 938 1626 994 ὠσὶν
1718 940 1942 994 ἑστῶσιν

1362 356 1465 417 DE
1509 354 1882 417 MANUELE
1925 353 2305 417 COMNENO
2348 354 2495 416 LIB.
2546 356 2622 415 ΙΙ.

1264 490 1457 566 Ἐνῆγε
1545 486 1601 544 δὲ
1674 487 1811 564 πρὸς
1884 488 1927 542 τὲ

2061 490 2164 547 sed
2195 489 2365 564 pauci
2404 489 2711 562 principio,
2768 489 2840 546 iis
2899 489 3066 547 etiam
3127 490 3225 564 qui
3278 498 3702 561 remanserant,

3581 363 3705 423 436

2057 580 2869 651 ostendebantimperatorem
2905 597 3019 636 non
3050 580 3372 653 superbum
3430 598 3578 651 esse,
3615 598 3710 639 ne-

2058 682 2171 739 que
2202 668 2521 741 quidquam
2556 668 2789 740 gravius
2818 669 2877 725 in
2910 668 3207 725 dedititios
3248 669 3570 740 consulere,
3602 672 3708 727 sed

2058 771 2156 811 eos
2188 756 2525 813 humaniter
2580 758 2861 829 excipere,
2921 761 3233 830 postquam
3292 774 3391 816 eos
3442 767 3709 831 porrecta

2057 843 2290 901 dextera
2320 844 2605 902 salutatos
2652 847 2797 903 satis
2844 847 2941 902 diu
2991 847 3234 904 comiter
3256 851 3553 915 tractarat,
3577 849 3706 906 hor-

2053 937 2211 991 tatur
2240 937 2305 990 ut
2333 934 2391 990 id
2432 936 2864 1008 amplectantur
2896 936 3053 1009 quod
3112 952 3141 993 e
3193 954 3252 993 re
3297 954 3405 994 sua
3432 954 3558 996 esse
3590 956 3700 1007 pu-

2050 1028 2179 1080 tent
2212 1042 2226 1079 :
2261 1025 2352 1081 sui
2376 1027 2531 1082 enim
2590 1027 2773 1083 moris
2830 1045 2945 1084 non
3005 1043 3157 1097 esse,
3190 1034 3364 1101 atque
3421 1030 3565 1086 adeo
3599 1046 3703 1086 nec

2050 1113 2246 1186 regale
2298 1130 2404 1171 nec
2458 1114 2695 1173 liberale
2748 1117 2951 1187 videri,
3009 1118 3095 1172 vel
3155 1135 3390 1174 manere
3444 1118 3703 1176 volentes

2051 1203 2352 1274 repellere,
2383 1205 2469 1260 vel
2504 1205 2799 1262 discedere
2835 1207 3205 1278 cupientibus
3249 1207 3404 1264 118
3451 1210 3696 1266 obsiste-

2051 1309 2130 1350 re.
2159 1292 2321 1350 Multi
2352 1293 2531 1365 igitur
2561 1295 3141 1367 apudimperatorem
3201 1306 3563 1368 manserunt,
3615 1303 3698 1355 at-

2051 1398 2166 1454 que
2193 1382 2253 1438 in
2281 1381 2485 1455 primis
2513 1384 2850 1441 Theodorus
2881 1385 3226 1457 Capellanus
3249 1387 3473 1455 ;csoteri
3506 1388 3562 1443 in
3594 1405 3696 1460 pa-

2046 1473 2222 1528 triam
2254 1473 2509 1530 Siciliam
2543 1474 2861 1530 redierunt.
3684 1486 3685 1489 ‘

275 1565 471 1636 πεῖραν
503 1564 624 1622 τοῖς
655 1558 1001 1633 ἐπιμένουσιν
1037 1559 1087 1613 οἱ
1119 1557 1348 1628 ἐξιόντες
1383 1555 1619 1622 διδόντες
1672 1560 1745 1621 ὡς
1803 1558 1912 1635 οὐχ
1969 1559 2279 1635 ὑπερόπτης
2333 1561 2361 1614 6
2423 1559 2678 1636 βασιλεὺς
2738 1559 2860 1615 οὐδέ
2888 1583 2941 1617 τι
2980 1568 3086 1618 τῶν
3119 1563 3369 1620 ἀέλπτων
3400 1563 3695 1636 ἐπιτελῶν,

280 1648 411 1707 ἀλλ’
471 1650 712 1723 εὐμενῶς
771 1648 968 1711 αὐτοὺς
1028 1648 1404 1723 προσιέμενος,
1468 1649 1603 1722 μετᾶ
1656 1647 2063 1727 φιλοφροσύνην
2143 1651 2233 1706 καὶ⁵
2310 1648 2552 1721 δεξίωσιν
2610 1653 2794 1722 ἱκανὴν
2873 1653 3072 1718 αὐτοὺς
3130 1652 3348 1719 ἑλέσθαι
3401 1657 3464 1711 τὸ
3520 1678 3692 1726 ποιη-

275 1741 400 1795 τέον
468 1740 560 1794 καὶ
628 1740 691 1794 τὸ
754 1736 945 1793 δοκοῦν
1011 1736 1292 1815 ὠφέλιμον
1360 1736 1719 1812 ἐγκελεύεται·
1798 1739 1959 1809 ἑαυτᾷ
2021 1740 2121 1813 γὰρ
2188 1741 2265 1814 μὴ
2337 1740 2475 1795 εἶναι
2532 1742 2667 1816 πρὸς
2730 1743 2959 1815 τρόπου,
3031 1740 3161 1814 μηδ’
3226 1742 3416 1806 ἄλλως
3486 1746 3691 1820 κρίνειν

275 1829 568 1905 βασιλικόν
595 1851 656 1884 τε
683 1829 774 1883 καὶ
806 1826 1133 1903 ἐλευθέριον,
1183 1829 1218 1899 ἢ
1280 1826 1454 1900 μένειν
1509 1827 1794 1889 ἐθέλοντας
1845 1827 2167 1884 ἀπελαύνειν
2224 1827 2261 1899 ἤ
2311 1830 2521 1886 ἀπιέναι
2615 1830 2978 1907 βουλομένοις
3025 1832 3433 1907 προσίστασθαι.
3475 1834 3692 1900 Πολλοὶ

278 1920 372 1992 μὲν
413 1917 509 1974 οὖν
541 1916 985 1994 συμπαρέμειναν
1023 1915 1258 1993 βασιλεῖ,
1318 1917 1410 1972 καὶ
1468 1917 1573 1992 πρὸ
1631 1918 1846 1973 πάντων
1907 1919 1934 1973 6
1993 1916 2359 1980 καστελλᾶνος
2416 1918 2719 1996 Θεόδωρος·
2753 1923 2804 1976 οἱ
2856 1918 2913 1976 δὲ
2943 1919 3132 1976 λοιποὶ
3164 1922 3300 1997 πρὸς
3328 1923 3427 1992 τήν
3460 1920 3693 1999 πατρίδα

272 2006 527 2064 Σικελίαν
556 2007 777 2083 ἀνήχθη
786 2028 902 2065 σαν.

343 2099 408 2161 ς’.
444 2096 714 2158 Βασιλεὺς
745 2094 823 2169 δὲ,
856 2096 1068 2170 παριὼν
1115 2094 1245 2151 ε’ἰσω
1289 2101 1389 2165 τῆς
1438 2092 1680 2164 πόλεως,
1709 2094 1798 2150 καὶ
1829 2096 1927 2165 τήν

2106 2100 2158 2155 6.
2194 2104 2515 2173 Imperator
2543 2118 2674 2158 vero
2701 2102 2901 2159 urbem
2928 2102 3254 2174 ingressus,
3286 2107 3343 2158 et
3377 2102 3685 2159 castellum

271 2188 438 2263 ἄκραν
485 2186 865 2263 καταπλαγεὶς
910 2187 986 2250 ὡς
1035 2184 1233 2250 ὅπλοις
1281 2182 1394 2240 οὐδ’
1444 2184 1592 2248 ὅλως
1624 2184 1928 2260 ἁλώσιμον,

267 2280 359 2333 καὶ
419 2280 661 2356 ιρρουράν
720 2277 1015 2347 ἐπιστήσας
1075 2274 1482 2352 ἀσφαλεστάτην
1524 2273 1584 2329 ἐκ
1613 2279 1925 2349 Γερμανῶν,

268 2363 401 2441 ἄρας
459 2365 661 2422 ἐκεῖθεν
722 2365 859 2439 μετά
911 2366 997 2439 [Ρ.
1031 2366 1121 2439 60]
1175 2364 1355 2435 πάσης
1386 2364 1461 2426 ὡς
1494 2365 1615 2439 εἶχε
1641 2366 1739 2433 τῆς
1767 2384 1925 2438 στρα-

266 2460 386 2517 τιᾶς
419 2455 495 2517 εἷς
544 2455 636 2510 τὸν
684 2453 921 2511 Αὐλῶνα
972 2457 1320 2526 μετασκηνοῖ,
1355 2446 1474 2507 ἔνθα
1506 2451 1686 2513 ἱκανάς
1718 2450 1927 2527 ἡμέρας

276 2541 697 2617 ἒναυλισάμενος
753 2543 855 2611 τὴν
928 2542 1002 2596 εἰς
1082 2540 1332 2596 Σικελίαν
1394 2546 1553 2617 κυροῖ
1610 2540 1925 2616 περαίωσιν,

277 2632 639 2706 γνωματεύων
667 2631 878 2707 ἤρεμον
911 2634 1044 2686 εἶναι
1082 2629 1174 2686 τὸν
1227 2631 1542 2707 μαχόμενον
1574 2629 1669 2684 καὶ
1703 2628 1926 2704 εἰρήνης

278 2721 377 2776 τὸν
442 2719 678 2794 πόλεμον
739 2719 1022 2797 πρύτανιν,
1090 2719 1338 2780 κάκείνας
1407 2717 1748 2792 εὐδαιμονεῖν
1816 2722 1925 2772 τῶν

277 2810 503 2866 πόλεων
536 2808 654 2863 ὅσαι
687 2812 757 2882 μὴ
786 2814 906 2870 τοῖς
937 2809 1167 2885 τείχεσι,
1208 2814 1325 2871 τοῖς
1361 2805 1407 2862 δ’
1438 2804 1624 2886 ἔγχεσι
1654 2805 1927 2884 φράγνυν-

269 2920 392 2970 ται,
426 2898 505 2960 ὠς
535 2899 656 2962 τούς
680 2920 735 2975 γε
779 2898 847 2955 δι’
898 2899 1117 2976 εἰρήνην
1166 2898 1258 2954 τὸν
1311 2895 1558 2972 πόλεμον
1591 2896 1927 2965 ἀλυσκάζον-

269 3010 372 3046 ταν
403 2984 683 3056 λεληθέναι
710 2986 961 3062 ἄντικρυς
1019 2982 1242 3064 ἔφασκεν
1302 2986 1523 3046 ἑαυτοὺς
1555 2986 1637 3039 ὅτι
1674 2982 1923 3047 πλείονες

266 3082 516 3143 ἒντεῦθεν
548 3078 620 3139 ὡς
649 3076 707 3134 ἐκ
736 3075 1029 3152 πολύχοος
1076 3074 1274 3153 γηδίου
1306 3076 1527 3153 φύονται
1560 3075 1613 3129 οἱ
1645 3071 1921 3153 διάφοροι,

252 3171 324 3240 ἤν
404 3164 630 3244 ἔχουσιν
710 3167 893 3243 ἀρχὴν
969 3165 1383 3241 περικόπτοντες
1485 3164 1577 3219 καὶ
1669 3165 1925 3238 σταθερᾶς

253 3260 487 3335 εἰρήνης
509 3255 774 3331 οὐδαμῶς
803 3253 1203 3319 ἀπολαύοντες.
1242 3253 1435 3312 Ἀλλὰ.
1472 3278 1499 3307 ‹‹
1534 3252 1733 3322 δειλοὶ,
1767 3277 1795 3303 ››
1824 3274 1925 3330 φη-

250 3349 332 3403 σὶν
361 3350 390 3403 ὁ
426 3346 732 3421 Σολομὼν,
777 3369 806 3398 ‹‹
849 3346 901 3400 o't
949 3349 1054 3400 τῶν
1090 3344 1391 3419 ἀνθρώπων
1424 3343 1528 3398 εἶσὶ
1569 3339 1923 3416 διαλογισμοὶ

2034 2188 2360 2245 admiratus
2389 2193 2455 2245 ut
2476 2190 2656 2245 armis
2687 2207 2928 2262 prorsus
2961 2190 3434 2264 inexpugnabile,
3468 2192 3685 2248 ﬁrmis-

2034 2278 2184 2334 simo
2216 2278 2637 2336 Germanorum
2668 2280 2938 2351 praesidio
2995 2281 3294 2353 imposito,
3338 2297 3467 2338 cum
3524 2281 3687 2338 omni

2031 2366 2285 2422 exercitu
2316 2365 2599 2423 Aulonem
2632 2369 2862 2439 transit,
2894 2368 3091 2440 ibique
3123 2386 3224 2442 per
3281 2368 3511 2442 aliquot
3559 2368 3683 2425 dies

2035 2458 2429 2511 commoratus
2482 2455 2913 2528 navigationem
2973 2458 3033 2512 in
3090 2458 3346 2514 Siciliam
3404 2458 3684 2526 decernit,

2032 2545 2186 2615 quod
2210 2559 2343 2599 eum
2370 2545 2604 2609 demum
2639 2544 3021 2615 tranquillum
3054 2546 3293 2616 putabat
3316 2548 3416 2618 qui
3467 2563 3689 2618 pugna-

2031 2636 2213 2700 ret,et
2242 2633 2462 2689 bellum
2492 2633 2652 2705 pacis
2685 2637 3079 2705 sequestrum,
3128 2639 3303 2706 atque
3354 2651 3452 2689 eas
3507 2635 3683 2690 urbes

2032 2720 2579 2791 felicesjudieabat,
2614 2739 2744 2794 quae
2796 2740 2909 2779 non
2946 2722 3260 2793 mmnibus,
3292 2723 3393 2779 sed
3436 2723 3680 2787 ensibus

2032 2809 2403 2864 munirentur
2431 2826 2444 2863 :
2471 2826 2601 2864 nam
2633 2809 2734 2880 qui
2769 2808 2989 2865 bellum
3041 2810 3198 2880 pacis
3228 2826 3426 2866 amore
3458 2810 3683 2881 fugiant

2031 2912 2130 2952 eos
2162 2913 2275 2952 non
2314 2898 2772 2954 animadvertere
2804 2897 3002 2970 plures
3035 2898 3147 2954 sibi
3202 2901 3263 2954 ut
3320 2899 3615 2970 pulverem
3646 2915 3678 2955 θ

2032 2992 2186 3044 terra
2210 2987 2645 3044 friabilihostes
2663 2988 2964 3054 exsistere,
2997 2988 3091 3059 qui
3146 2993 3203 3044 et
3232 2987 3543 3060 imperium
3575 3005 3674 3044 eo-

2030 3093 2160 3133 rum
2181 3077 2468 3145 accidant,
2498 3092 2601 3133 nec
2622 3077 2821 3134 stabili
2852 3094 2989 3147 pace
3010 3077 3169 3150 ipsos
3193 3076 3306 3133 frui
3347 3078 3670 3150 patiantur.

2029 3168 2402 3239 Caeterum,ut
2433 3167 2703 3225 Salomon
2738 3167 3051 3235 afﬁrmat‘,
3104 3168 3269 3225 irrita
3326 3173 3465 3225 sunt
3494 3167 3679 3226 homi-

2029 3274 2172 3313 num
2204 3256 2446 3314 consilia
2476 3261 2532 3314 et
2586 3257 2823 3313 lubrice
2881 3258 3304 3331 cogitationes:
3339 3262 3395 3315 at
3443 3259 3674 3315 Domini

2029 3346 2392 3419 propositum
2424 3347 2663 3403 ﬁrmum
2695 3351 2785 3404 est
2814 3352 2987 3419 atque
3042 3347 3429 3416 immutabile,
3485 3365 3673 3418 neque

256 3441 344 3495 καὶ
395 3435 721 3514 ἐπισφαλεῖς
783 3435 838 3490 αἱ
895 3434 1103 3490 τούτων
1165 3432 1420 3502 ἐπίνοιαι,
1450 3434 1486 3502 ἡ
1521 3428 1578 3486 δὲ
1611 3431 1917 3506 βουλῆτοῦ

2035 3436 2345 3508 quisquam
2378 3437 2642 3492 omnium
2677 3438 3040 3509 propositum
3072 3437 3129 3492 id
3186 3440 3399 3493 evitare
3456 3442 3628 3508 queat
3666 3455 3679 3494 :

254 3527 462 3602 Κυρίου
500 3521 696 3602 βεϐαία
725 3522 816 3579 καὶ
867 3522 1279 3597 ἀμετάπτωτος,
1313 3519 1429 3577 οὐδ’
1460 3518 1602 3576 ἔστιν
1636 3520 1784 3584 ὅστις
1810 3524 1918 3575 τῶν

257 3618 514 3673 ἁπάντων
577 3614 749 3683 αὐτὴν
806 3613 1262 3690 παρακρούσεται.
1306 3636 1335 3664 ››
1404 3611 1540 3666 Τότε
1594 3610 1772 3666 τοίνυν
1829 3611 1920 3666 τὸν

262 3705 531 3775 Μανουήλ
560 3704 890 3779 στηρίξαντα
935 3704 1035 3772 τὴν
1080 3701 1156 3763 εἷς
1215 3699 1465 3756 Σικελίαν
1520 3698 1801 3769 κέλευθον,
1832 3700 1922 3754 καὶ

270 3796 405 3868 πρὸς
443 3797 540 3865 τὴν
584 3801 754 3865 νῆσον
804 3792 1111 3867 κατάραντα
1160 3790 1283 3860 ἥτις
1339 3790 1709 3864 Ἀειρονήσιον
1740 3786 1923 3843 έπικέ-

263 3881 487 3956 κληται,
517 3888 617 3940 τοῦ
675 3882 1088 3959 ἐγχειρήματος
1155 3878 1390 3954 ἐπέσχον
1437 3874 1829 3948 διακυκήσασαι
1860 3876 1922 3931 τὸ

257 3974 503 4051 πέλαγος
563 3970 835 4033 Λαίλαπες
904 3971 992 4025 καὶ
1052 3967 1516 4024 καταποντιστικά
1571 3970 1736 4021 τοῦτο
1765 3966 1923 4040 ταρά-

258 4064 422 4135 ξαντα
478 4063 783 4136 πνεύματα,
864 4060 1104 4134 βροντῶν
1159 4078 1218 4113 τε
1278 4058 1576 4131 μυκήματα
1651 4053 1920 4128 ἐξαισίων,

256 4155 350 4210 καὶ
410 4153 701 4227 ἀστραπῶν
761 4146 1208 4223 ἐκπυρηνίσματα
1263 4142 1544 4221 τερατώδη
1604 4143 1693 4199 καὶ
1750 4144 1921 4217 ἀνάμ-

263 4264 408 4318 ματα
452 4237 835 4320 ιροϐερώτατα.
896 4238 998 4294 Καὶ
1059 4237 1214 4302 αὗθις
1273 4233 1320 4290 δ’
1377 4228 1801 4308 ἐπιϐαλλομένῳ
1832 4232 1921 4288 καὶ

256 4336 362 4404 τὴν
423 4331 725 4408 πέραίωσιν
783 4324 1168 4383 ἐπισπεύδοντι
1229 4324 1340 4399 οὐχ
1397 4322 1663 4394 ὑπέθηκεν
1727 4322 1921 4390 ἑαυτὴν

256 4426 295 4495 ἠ
328 4404 578 4478 θάλασσα
632 4424 752 4481 ταῖς
810 4437 1018 4486 ναυσιν,
1075 4412 1203 4471 ἀλλ’
1251 4409 1495 4483 ἀνεπήδα
1542 4411 1632 4465 καὶ
1663 4404 1922 4484 ἀνεϐράσ-

256 4534 386 4569 σετο
451 4512 713 4568 κάτωθεν.
769 4514 856 4568 Ὠς
913 4506 1002 4561 οὗν
1082 4504 1407 4573 ἀντέστησαν
1476 4502 1531 4556 αἱ
1596 4500 1921 4569 ἀντίπνοιαι,

261 4601 591 4659 διαλύσασαι
650 4601 716 4656 τὰ
773 4596 950 4675 σκάφη
1015 4596 1200 4674 γνόφῳ
1249 4596 1426 4669 βαθεῖ,
1489 4590 1651 4665 μόλις
1713 4590 1806 4663 μὲν
1856 4592 1924 4663 τῇ

259 4694 450 4769 χέρσῳ
525 4711 648 4748 τινα
716 4687 927 4743 τούτων
999 4681 1402 4760 προσώκειλαν,
1460 4682 1549 4736 καὶ
1622 4678 1784 4741 αὐτὸς
1855 4675 1922 4748 δὴ

261 4763 523 4859 βασιλεὺς
582 4776 928 4848 διεξέπλευσε
988 4770 1231 4849 βραδέως
1286 4771 1381 4826 τὸν
1437 4766 1704 4859 κίνδυνον,
1750 4763 1927 4859 τάᾲδὶ

2029 3524 2110 3580 ita
2126 3525 2301 3581 etiam
2322 3524 2602 3581 Manuelis
2634 3524 2989 3590 institutum,
3023 3541 3156 3580 cum
3182 3524 3241 3580 in
3274 3524 3534 3581 Siciliam
3568 3526 3680 3581 iter

2028 3613 2379 3669 intendisset
2409 3621 2459 3669 et
2492 3614 2563 3669 ad
2620 3614 2978 3670 lEronesiam
3039 3612 3293 3669 insulam
3328 3613 3674 3685 appulisset,

2029 3701 2293 3773 procella:
2324 3706 2619 3757 ventorum
2655 3719 2814 3758 mare
2845 3702 3205 3774 exagitantes
3265 3702 3678 3772 horrendaque

2029 3790 2283 3847 tonitrua
2313 3795 2368 3845 et
2396 3791 2681 3846 terribilia
2739 3791 3189 3864 prodigiosaque
3245 3789 3493 3844 fulmina
3551 3795 3673 3847 toto

2028 3880 2171 3936 caelo
2197 3879 2547 3935 collucentia
2563 3880 2779 3935 interru
2790 3884 3019 3951 perunt.
3054 3882 3095 3934 1
3109 3880 3205 3934 l9
3219 3878 3482 3934 Secundo
3508 3878 3673 3949 traji-

2028 3986 2157 4026 cere
2179 3984 2492 4040 aggressus
2517 3968 2966 4040 tempestatibus
2990 3986 3114 4040 qua
3163 3967 3433 4039 repulsus
3483 3970 3590 4036 est,
3618 3970 3681 4022 et

2028 4059 2215 4116 classe
2240 4058 2483 4129 disjeeta
2516 4056 2837 4129 multisque
2896 4057 3143 4113 navibus
3187 4057 3491 4126 demersis,
3525 4072 3675 4128 aegre

2028 4149 2254 4221 aliquot
2285 4148 2344 4204 in
2375 4149 2553 4204 densa
2583 4148 2830 4220 caligine
2862 4152 3076 4204 terram
3108 4152 3444 4215 tenuerunt,
3500 4152 3674 4219 atque

2028 4238 2153 4310 ipse
2183 4238 2501 4309 imperator
2530 4254 2657 4294 sero
2690 4236 3012 4309 perieulum
3044 4237 3245 4294 evasit.
3280 4237 3513 4294 Omissa
3561 4236 3679 4308 igi-

2026 4330 2125 4383 tur
2153 4343 2221 4383 ea
2250 4325 2617 4399 navigatione
2648 4343 2825 4398 quam
2856 4326 2981 4382 suis
3012 4325 3291 4398 auspiciis
3313 4342 3522 4398 parum
3554 4342 3685 4382 suc-

2028 4416 2233 4474 cedere
2260 4416 2512 4484 videbat,
2569 4432 2638 4471 ex
2691 4414 2914 4471 Aulone
2970 4431 3102 4470 eum
3160 4413 3436 4470 omnibus
3494 4413 3682 4484 copiis

2030 4503 2301 4573 discedit,
2334 4521 2400 4560 ac
2430 4502 2756 4576 Pelagoniae
2788 4502 2963 4558 rebus
2996 4519 3061 4557 ex
3094 4501 3386 4557 sententia
3446 4500 3682 4556 ordina-

2030 4592 2361 4665 tis,Servios
2394 4592 2662 4648 invadere
2684 4590 2908 4659 statuit,
2947 4589 3045 4662 qui
3078 4587 3397 4660 tranquillo
3447 4587 3680 4660 imperii

2031 4686 2183 4739 statu
2216 4680 2533 4739 amicitiam
2566 4680 2938 4747 simulantes,
2971 4683 3028 4734 et
3057 4677 3215 4734 aliud
3248 4677 3450 4749 lingua
3479 4693 3679 4749 promo

2031 4776 2199 4842 ptum
2231 4769 2386 4826 aliud
2419 4769 2615 4826 animo
2647 4769 2908 4825 abditum
2943 4767 3245 4835 habentes,
3291 4771 3681 4838 posteaquam

259 4844 431 4929 λοιπά
472 4844 741 4944 διεσπάρη
795 4862 943 4920 ἄλλα
988 4844 1187 4926 ἀλλοθι
1237 4859 1326 4915 καὶ
1368 4859 1639 4934 πάρεργον
1689 4856 1926 4933 ἐγεγόνει

2035 4876 2102 4916 ea
2131 4876 2258 4932 quas
2291 4859 2535 4915 breviter
2557 4858 2789 4930 exposui
2814 4863 2969 4913 terra
3021 4856 3282 4927 marique
3326 4856 3680 4923 acciderant,

257 4962 568 5022 κλύδωνος.
626 4962 719 5029 Τῷ
774 4975 861 5009 τοι
917 4953 1018 5022 τὴν
1091 4948 1162 5006 δι’
1219 4950 1413 5005 ἑαυτοῦ
1470 4949 1605 5024 πρὸς
1660 4945 1913 5002 Σικελίαν

257 5053 562 5129 περαίωσιν
652 5047 730 5110 ὡς
810 5042 1125 5117 ἀσύμφορον
1214 5040 1630 5114 παρωσάμενος,
1698 5035 1916 5111 ἀπαίρει

261 5124 357 5217 μὲν
387 5142 447 5198 ἐκ
470 5144 570 5195 τοῦ
603 5136 865 5195 Αὐλῶνος
897 5134 971 5193 ὡς
1010 5125 1158 5205 ἔχων
1215 5131 1280 5198 ἦν
1337 5133 1445 5182 τῶν
1504 5124 1808 5199 δυνάμεων,
1843 5126 1918 5187 εἱς

257 5214 315 5289 δὲ
370 5227 713 5307 Πελαγονίαν
771 5220 1094 5301 ἀφιγμένος,
1150 5217 1241 5274 καὶ
1310 5216 1801 5307 καταστησάμενος
1849 5214 1922 5276 ὡς

260 5321 505 5393 ξυνοῖσόν
540 5300 620 5373 ,οἱ
661 5300 840 5371 ἐδόκει
896 5311 963 5365 τὰ
1017 5307 1337 5385 πράγματα,
1367 5306 1502 5361 κατὰ
1528 5300 1747 5393 Σέρϐιον
1777 5301 1923 5393 έγνω

266 5390 585 5486 μεταθέσθαι
644 5405 709 5459 τὸ
766 5400 1074 5478 πρόθυμον.
1130 5397 1295 5486 Οὗτοι
1348 5395 1474 5486 γάρ,
1540 5390 1803 5486 ’έωςᾳμὶν
1858 5392 1926 5447 τά

262 5478 361 5572 τῆς
387 5503 575 5578 ἀρχῆς
603 5493 805 5568 ἠρέμει
834 5494 915 5561 τῷ
946 5484 1330 5561 αὐτοκράτορι,
1379 5480 1562 5538 εὔνουν
1596 5478 1923 5537 ἰπλάττοντο

331 5680 349 5717 ί
378 5680 554 5738 Prov.
589 5689 715 5741 xix,
744 5671 840 5729 21.

587 5775 858 5836 ΡΑτιιοι..
906 5768 1018 5829 Gs.
1065 5758 1379 5824 CXXXIX.

2027 4953 2332 5022 resumpta
2363 4965 2463 5019 per
2486 4946 2846 5004 occasionem
2865 4946 3079 5001 tiducia
3105 4944 3403 5016 armisque
3420 4945 3676 5017 sumptis

2029 5038 2312 5094 finitimas
2343 5038 2453 5094 sibi
2483 5038 2878 5093 Romanarum
2914 5036 3238 5104 provincias
3273 5035 3419 5090 male
3460 5039 3676 5090 tracta-

2029 5126 2370 5199 rant.Igitur
2393 5125 2912 5181 instructissimam
2960 5129 3178 5194 partem
3199 5122 3509 5187 exercitus,
3542 5137 3676 5177 eum

2030 5214 2472 5285 impedimentis
2505 5230 2680 5286 quam
2715 5213 2998 5280 minimis,
3034 5213 3091 5267 in
3151 5211 3412 5268 Serviam
3475 5210 3634 5265 ducit
3668 5227 3685 5280 ;

2034 5306 2205 5375 cujus
2235 5313 2528 5376 satrapam
2556 5303 2931 5374 imperatoria
2961 5302 3251 5374 expeditio
3310 5299 3689 5371 quantumvis

2039 5392 2408 5449 dissimulata
2440 5410 2550 5449 non
2588 5392 2809 5449 fefellit.
2846 5394 2900 5448 Is
2932 5392 3069 5464 quia
3126 5391 3285 5462 quod
3316 5393 3525 5446 faceret
3573 5402 3689 5441 non

2036 5482 2311 5552 habebat,
2343 5499 2521 5554 seque
2552 5482 2828 5540 Romanis
2875 5480 3205 5553 legionibus
3249 5495 3373 5536 esse
3403 5478 3688 5547 imparem

3300 5754 3377 5811 l4
