4140 6290
253 370 376 430 429

1357 367 1456 426 DE
1502 363 1897 428 MANUELE
1941 361 2329 427 COMNENO
2374 362 2514 423 LIB.
2563 362 2638 423 II.

3586 372 3706 432 430

269 502 507 579 πληγὰς
538 499 665 563 τοὺς
707 497 1010 563 δακτύλους
1037 504 1146 556 τῶν
1196 505 1400 576 χειρῶν
1430 495 1757 569 ἆπεϐάλετο,
1789 498 1927 556 πολ-

2059 499 2360 568 amitteret,
2392 518 2427 558 a
2456 500 2785 557 Serviorum
2815 501 3190 560 multitudine
3242 503 3702 567 circumventus.

280 589 397 647 λῶν
434 585 835 664 ἐπιϐρισάντων
892 588 1077 663 ἐκείνῳ
1142 585 1383 665 Σέρϐιον,
1434 591 1536 647 Καὶ
1596 587 1851 665 βασιλεὺς
1890 587 1947 644 δὲ

290 680 449 741 αὐτὸς
500 680 640 735 κατὰ
700 679 1054 757 μονομαχίαν
1108 683 1190 751 τῷ
1248 677 1635 753 ἀρχιζουπάνῳ
1685 676 1945 752 Βακχίνῳ

292 768 630 844 προσέμιξεν,
683 769 928 844 ἡρωϊκὸν
980 767 1339 845 προφαίνοντι
1398 772 1558 840 σῶμα
1589 768 1679 823 καὶ
1711 768 1948 840 αὐτουρ-

284 859 409 933 γοὺς
443 863 637 934 χεῖρας
671 857 724 928 ἐξ
757 855 926 931 ὣμων
955 858 1164 937 φύοντιο
1216 858 1308 912 καὶ
1358 859 1386 912 6
1443 859 1536 930 μὶν
1569 858 1705 912 κατὰ
1736 859 1819 931 [Ρ.
1853 859 1942 929 62]

280 954 387 1003 τῶν
417 948 735 1022 προσώπων
766 947 999 1018 πλήττει
1040 947 1133 1003 τὸν
1172 945 1399 1022 βασιλέα
1442 948 1534 1001 καὶ
1566 944 1764 1017 διαθλᾷ
1792 946 1854 1001 τὸ
1888 944 1949 1001 ἐκ

273 1041 371 1092 τοῦ
401 1037 640 1113 κράνους
672 1035 1115 1112 κατακεχυμένον
1163 1041 1272 1092 τῶν
1326 1034 1503 1109 ὄψεων
1544 1035 1752 1091 ἐκείνου
1786 1032 1947 1106 σιδήο

276 1148 396 1200 ρεον
429 1126 855 1201 παραπέτασμα⁶
908 1127 936 1180 6
996 1123 1052 1181 δὲ
1107 1127 1209 1195 τήν
1275 1130 1436 1201 χεῖρα
1463 1126 1661 1180 τούτου
1696 1130 1776 1197 τῷ
1812 1124 1951 1203 ξίφει

274 1217 514 1290 διήλασε
560 1218 652 1273 καὶ
703 1218 991 1291 ἀπόλεμον
1041 1215 1211 1289 ’ἐδειξε
1263 1218 1355 1272 καὶ
1408 1218 1646 1293 ζωγρίαν
1704 1217 1763 1272 ἐκ
1792 1214 1955 1273 τοῦδε

273 1308 626 1387 συνείληφεν.
675 1308 765 1371 Ὠς
811 1304 869 1362 δὲ
896 1308 983 1363 καὶ
1037 1305 1180 1363 οὕτω
1220 1305 1525 1380 Ῥωμαίοις
1576 1307 1766 1382 αἲθρία
1795 1307 1916 1378 νίκη

274 1398 592 1471 ἐπέλαμψε,
644 1401 755 1453 τῶν
815 1391 1106 1473 βαρϐάρων
1164 1394 1525 1452 διάλυθέντων
1560 1394 1714 1467 δίκην
1744 1402 1920 1475 νεφῶν

272 1488 380 1544 κάκ
408 1492 521 1543 τῶν
566 1486 936 1561 ὲπαριστερῶν
987 1486 1176 1562 ἀρχῶν
1227 1486 1302 1548 εἷς
1356 1485 1517 1549 τέλος
1568 1485 1879 1558 ἀπήντησεν
1925 1496 1953 1549 ὁ

275 1575 534 1650 πόλεμος
586 1573 936 1648 δεξιώτατον,
994 1576 1131 1631 κατᾶ
1183 1581 1291 1631 τῶν
1351 1576 1613 1653 Οὕγγρων
1665 1575 1725 1630 ἐκ
1761 1577 1956 1631 τούτου

273 1670 444 1741 ὁρμᾷ,
485 1668 658 1739 μήπω
688 1665 789 1733 τὴν
837 1672 938 1733 τῆς
991 1686 1181 1744 μαχης
1222 1664 1373 1721 κόνιν
1400 1668 1464 1720 εκ
1491 1669 1599 1720 τῶν
1635 1667 1952 1740 προσώπων

268 1756 760 1831 ἀπομορξάμενος,
794 1752 920 1808 ἀλλ’
946 1752 1024 1809 ἔτι
1080 1759 1309 1831 θερμοῖς
1363 1753 1558 1829 ἱδρῶσι
1590 1754 1949 1829 σταζόμενος,

1926 1366 1952 1408 ς

2054 592 2184 662 Ipse
2215 608 2446 664 quoque
2477 592 2794 664 imperator
2822 609 2957 650 eum
2989 595 3396 669 Arcblzupano
3448 601 3703 658 Bachino

2052 682 2338 753 singulari
2368 683 2683 739 certamine
2714 686 3114 755 congreditur,
3148 687 3273 743 viro
3323 688 3552 746 heroica
3583 696 3703 749 sta-

2052 775 2186 827 tura
2216 780 2270 827 et
2325 772 2657 842 lacertoso;
2716 774 2818 845 qui
2875 791 3009 830 cum
3069 775 3276 832 faciem
3336 778 3705 851 imperatoris

2055 860 2429 933 percussisset
2459 866 2515 917 et
2545 862 2795 919 ferreum
2828 864 2956 933 ejus
2993 864 3258 921 velamen
3289 884 3319 923 e
3348 866 3514 940 galea
3543 871 3705 942 deje-

2054 948 2378 1020 cisset,ipse
2407 950 2662 1006 vicissim
2697 967 2875 1007 manu
2900 968 3035 1009 ense
3074 955 3316 1023 trajecta
3373 957 3704 1016 debilitatus

2053 1039 2214 1094 vivus
2244 1038 2303 1094 in
2335 1039 2703 1109 imperatoris
2733 1046 3082 1112 potestatem
3119 1043 3290 1100 venit.
3319 1045 3704 1118 Posteaquam

2054 1127 2136 1183 ibi
2183 1143 2410 1198 quoque
2462 1128 2734 1186 Romanis
2793 1132 3045 1187 victorias
3122 1135 3404 1191 serenitas
3458 1136 3703 1208 affulsit,

2056 1216 2320 1271 Barbaris
2351 1217 2533 1273 instar
2564 1219 2805 1275 nubium
2837 1220 3151 1292 dissipatis,
3212 1227 3268 1278 et
3326 1225 3543 1280 malum
3606 1242 3708 1298 pu-

2056 1320 2181 1376 gues
2214 1304 2566 1378 principium
2600 1306 2732 1363 finis
2765 1309 3277 1380 auspicatissimus
3313 1317 3401 1368 est
3447 1323 3703 1372 secutus.

2060 1394 2349 1464 Hungaris
2378 1396 2553 1450 missa
2584 1395 2794 1453 Serviis
2827 1398 3047 1453 auxilia
3106 1406 3399 1469 causatus,
3433 1403 3701 1474 superio-

2058 1482 2162 1539 riis
2182 1482 2363 1553 praelii
2388 1483 2623 1555 pulvere
2647 1485 2902 1541 nondum
2926 1490 3176 1557 deterso,
3195 1490 3294 1546 sed
3312 1491 3500 1548 calido
3514 1492 3707 1548 adhuc

2060 1573 2268 1629 sudore
2301 1589 2566 1642 manans,
2590 1577 2819 1645 captata
2846 1576 3161 1635 defensoris
3196 1581 3457 1637 absentia
3481 1582 3704 1639 bellum

2060 1661 2669 1735 infert.Hungarorum
2698 1664 2850 1720 enim
2885 1682 2980 1721 rex
3034 1683 3268 1738 peregre
3321 1670 3537 1740 aberat,
3571 1689 3704 1728 eum

2062 1750 2325 1806 ﬁnitimis
2350 1750 2550 1806 Roseis
2570 1753 2924 1822 depugtrans.
2951 1757 3151 1827 Itaque
3166 1757 3312 1814 Savo
3330 1758 3502 1816 ﬂuvio
3532 1777 3709 1832 supe-

273 1843 563 1918 ἐπὶκλημα
622 1842 805 1922 φέρων
862 1844 960 1913 τήν
1017 1847 1125 1899 τῶν
1192 1839 1411 1920 Σέρϐων
1464 1843 1805 1919 ἐπικουρίαν,
1859 1835 1946 1899 καῖ

2063 1847 2183 1896 rato
2199 1839 2463 1912 factaque
2477 1841 2533 1897 in
2548 1842 3030 1900 Francochorium
3046 1845 3426 1917 impressione
3466 1849 3555 1919 (ea
3586 1865 3704 1906 non

270 1938 370 2005 τὴν
433 1932 701 1989 ἀπουσίαν
740 1932 998 2008 ἁρπάζων
1054 1938 1153 1988 τοῦ
1210 1931 1599 2009 ἔπαρηξοντος·
1636 1935 1663 1988 ὁ
1694 1933 1799 2009 γὰρ
1842 1938 1948 1988 τῶν

273 2024 534 2100 Οῧγγρων
754 2022 857 2078 οὐκ
898 2025 965 2092 ἦν
1039 2025 1174 2077 κατά
1228 2024 1440 2102 χώραν,
1500 2028 1617 2085 τοῖς
1672 2027 1949 2098 γειτνιῶσι

274 2115 416 2177 Ῥὼς
466 2111 949 2186 συμπλεκόμενος.
1008 2111 1114 2167 Καὶ
1179 2109 1245 2181 δὴ
1308 2112 1400 2166 τὸν
1452 2107 1704 2167 Σάουίῗον
1757 2109 1947 2174 διαϐὰς

282 2203 534 2276 ποταμὸν
563 2201 654 2256 καὶ
683 2205 766 2273 τῷ
800 2200 1231 2277 Φραγγοχωρίῳ
1278 2195 1536 2274 ἐμϐαλὼν
1570 2195 1703 2275 (ἔστι
1737 2199 1795 2257 δὲ
1818 2198 1945 2257 τόδε

280 2300 480 2366 τμῆμα
525 2298 628 2361 τῆς
688 2289 970 2366 Οὐγγρίας
1018 2288 1080 2343 οὐ
1128 2289 1192 2344 τὸ
1233 2287 1549 2369 ἐλάχιστον,
1583 2288 1712 2346 ἀλλ’
1742 2293 1943 2351 ἱκανῶς

285 2380 752 2456 πολυάνθρωπον,
817 2378 1011 2451 μεταξὺ
1069 2378 1283 2452 Ἴστρου
1352 2379 1442 2433 καὶ
1505 2374 1759 2434 Σαούϐου
1832 2384 1940 2435 τῶν

288 2475 552 2543 ποταμῶν
585 2466 1056 2541 ἀναπεπταμένον,
1115 2468 1233 2522 καθ’
1298 2468 1327 2522 6'
1374 2468 1463 2523 καὶ
1516 2468 1776 2544 φρούριον
1815 2468 1940 2543 ἐρυθ

299 2559 556 2629 μνότατον
612 2553 873 2626 ἔκτισται,
936 2554 966 2611 6'
1022 2555 1320 2633 Ζεόγμινον
1374 2554 1752 2630 ἐπικέκληται,
1809 2559 1943 2632 ὅπερ

294 2649 386 2700 νῦν
442 2646 647 2721 λέγεται
703 2648 960 2722 Σίρμιον)
1047 2646 1337 2722 χειρίστως
1408 2648 1474 2702 τὰ
1540 2645 1651 2701 ἐκεῖ
1709 2645 1937 2706 διέθετο.

292 2735 439 2793 Τότε
488 2737 576 2789 καί
627 2758 707 2798 τις
761 2734 945 2794 Παίων
1006 2735 1219 2812 μεγέθει
1286 2737 1541 2813 μέγιστος
1572 2738 1662 2791 καὶ
1694 2734 1940 2810 ἀνδρεῖον

292 2823 613 2902 προφαίνων
666 2828 841 2900 ψυχῆς
902 2827 1256 2901 παράστημα,
1304 2830 1413 2881 τῶν
1466 2824 1654 2881 ἄλλων
1713 2824 1938 2881 ἀποδια-

294 2915 449 2980 στᾶς,
517 2911 569 2975 ἐς
623 2911 772 2969 αὐτὸν
829 2915 925 2969 τὸν
988 2912 1216 2989 βασιλέα
1273 2918 1431 2986 θυμῷ
1479 2912 1715 2993 φέρεται.
1778 2915 1839 2972 Ὀ
1884 2912 1940 2970 δὲ

280 3004 483 3056 τοῦτον
518 3000 742 3063 ὑποστάς
793 3000 849 3065 ἐς
892 3000 956 3055 τὸ
1019 3001 1183 3073 μέσον
1214 3005 1330 3056 τῶκ
1359 2999 1657 3079 ὀφθαλμῶν
1693 3001 1756 3057 τὸ
1786 3000 1937 3080 ξίφος

274 3087 439 3147 διελᾶ
486 3089 576 3144 καὶ
626 3089 890 3165 ἀφίστησι
941 3096 1045 3159 τῆς
1107 3094 1274 3161 ζωῆς.
1331 3087 1582 3152 Πολλοὺς
1610 3089 1789 3145 τοίνυν
1825 3094 1935 3159 ζω-

2066 1930 2309 1986 minirz'a
2338 1931 2647 2002 IIungarite
2680 1948 2813 2002 pars
2845 1936 2947 1997 est,
2984 1935 3079 1989 sed
3107 1934 3534 1993 habitatoribus
3594 1938 3706 1995 fre-

2060 2035 2265 2091 quens,
2300 2018 2451 2075 inter
2482 2020 2691 2075 Istrum
2734 2024 2790 2075 et
2846 2020 3059 2076 Savum
3123 2021 3328 2079 ﬂuvios
3378 2031 3604 2097 patens,
3647 2026 3707 2083 in

2057 2127 2175 2181 qua
2222 2108 2519 2165 castellum
2569 2109 3031 2166 munitissimum
3085 2113 3493 2184 Zeugminum,
3554 2116 3708 2188 quod

2056 2215 2209 2254 nunc
2239 2199 2514 2254 Sirmium
2546 2204 2774 2266 vocant,
2807 2200 2984 2256 situm
3018 2203 3126 2273 est)
3160 2204 3314 2259 I23
3354 2205 3708 2276 provinciam

2052 2287 2207 2343 illam
2243 2289 2494 2360 pessime
2525 2296 2744 2343 tractat.
2777 2292 2921 2345 Tum
2955 2295 3121 2347 Paeon
3185 2293 3425 2363 quidam
3478 2292 3703 2365 ingenti

2050 2380 2371 2447 corpore,et
2394 2376 2653 2431 animum
2678 2378 3056 2434 fortissimum
3080 2397 3193 2451 prae
3239 2397 3302 2436 se
3360 2382 3572 2449 ferens,
3608 2399 3698 2438 re-

2048 2464 2197 2520 lictis
2221 2465 3164 2536 cteterisinipsumimperatorem
3213 2469 3435 2541 impetu
3487 2471 3692 2527 fertur.

2049 2555 2103 2611 Is
2124 2571 2257 2611 vero
2283 2555 2477 2627 gladio
2504 2557 2651 2611 inter
2676 2563 2987 2628 utrumque
3012 2559 3245 2614 oculum
3279 2561 3515 2629 trajecta
3563 2562 3698 2616 bar-

2049 2644 2246 2700 barum
2278 2645 2534 2712 occidit;
2596 2644 2908 2715 multisque
2960 2647 3163 2716 captis,
3223 2652 3282 2702 et
3339 2650 3546 2719 opibus
3578 2666 3696 2704 non

2048 2733 2243 2805 paucis
2268 2733 2504 2804 potitus,
2538 2733 2595 2787 in
2622 2733 2823 2788 urbem
2849 2732 3274 2804 impcratricem
3323 2737 3649 2808 regreditur
3679 2757 3694 2807 ;

2045 2838 2110 2878 ac
2127 2821 2417 2893 triumpho
2433 2837 2598 2892 quam
2621 2821 2863 2877 maxime
2894 2828 3120 2879 extento
3160 2824 3694 2896 splendidissimam

2046 2926 2318 2983 pompam
2339 2925 2441 2980 per
2455 2909 2612 2965 urbis
2634 2908 2914 2966 circuitus
2936 2912 3121 2982 duxit,
3157 2913 3325 2983 cujus
3345 2914 3694 2985 elegantiam

2045 3000 2448 3071 Hungarorum
2473 3004 2529 3055 et
2556 2999 2882 3055 Serviorum
2932 3001 3142 3073 captivi
3189 3001 3575 3073 illustrarunt,
3608 3021 3698 3060 ve-

2042 3088 2227 3144 stibus
2259 3087 2755 3160 splendidioribus
2818 3105 2989 3160 quam
3049 3106 3155 3161 pro
3211 3108 3314 3147 sua
3363 3093 3697 3150 conditione

269 3179 439 3255 γρίας
472 3173 659 3233 λαϐὼν
710 3180 803 3233 καὶ
852 3177 1185 3253 πραγμάτων
1243 3177 1343 3233 οὐκ
1402 3177 1609 3252 ὀλίγων
1651 3178 1940 3256 γενόμενος

2059 3178 2125 3232 ab
2157 3179 2284 3249 ipso
2315 3176 2596 3244 exornati,
2629 3181 2692 3232 ut
2746 3194 2810 3233 ea
2841 3195 3070 3250 quoque
3125 3195 3185 3236 re
3224 3180 3464 3237 victoria
3493 3182 3702 3254 glorio-

269 3269 548 3344 ἒγγρατής
575 3268 713 3342 πρὸς
764 3267 866 3336 τὴν
915 3264 1176 3342 βασιλίδα
1230 3266 1395 3323 πόλιν
1451 3266 1741 3326 ἐπάνεισιν.
1773 3269 1863 3329 Ἐς
1896 3265 1939 3322 δ’

272 3360 401 3414 ὅσον
462 3354 725 3413 πλεῖστον
784 3354 1141 3430 ἆπομηκύνας
1194 3357 1286 3412 τὸν
1344 3354 1635 3433 θρίαμϐον,
1683 3356 1938 3431 λαμπρό-

273 3468 409 3502 τατα
440 3447 516 3511 ὡς
573 3444 700 3516 ἐνῆν
763 3442 857 3500 διὰ
901 3449 1005 3500 τῶν
1062 3445 1162 3516 τῆς
1217 3443 1436 3507 πόλεως
1466 3443 1730 3523 ἆμφόδων
1765 3445 1938 3519 ἐπόμ-

274 3558 495 3596 πευσεν.
554 3536 914 3611 Ὑπερεξῆραν
971 3531 1029 3589 δέ
1084 3535 1186 3604 τήν
1241 3534 1540 3606 τηνικαῦτα
1613 3534 1941 3609 κομψότητα

276 3635 374 3697 τῆς
407 3633 639 3701 πομπῆς
670 3631 782 3681 τῶν
815 3622 1082 3701 Οῧγγρων
1119 3625 1171 3679 οἱ
1222 3622 1431 3687 νεαλεῖς
1459 3624 1546 3679 καὶ
1579 3629 1685 3679 τῶν
1723 3620 1940 3699 Σέρϐων

285 3716 338 3770 οἱ
410 3713 785 3791 δορυάλωτοι,
864 3712 1066 3777 στολὰς
1123 3711 1487 3787 ἐνησθημὲνοι
1538 3712 1795 3787 λαμπρὰς
1847 3715 1939 3769 καὶ

287 3804 418 3881 ὑπὲρ
468 3806 647 3884 τύχην
703 3801 984 3877 ὁρωμένας
1037 3802 1424 3881 αἰχμάλωτον,
1480 3801 1747 3877 βασιλέως
1777 3802 1940 3867 αὐτὰς

2053 3270 2171 3324 sior
2200 3275 2254 3324 et
2284 3267 2508 3324 civibus
2565 3272 2738 3340 atque
2804 3269 3012 3326 exteris
3071 3272 3469 3329 admirabilior
3527 3278 3705 3345 esset,

2049 3360 2258 3431 quippe
2278 3358 2464 3430 captis
2497 3358 2633 3425 viris
2664 3374 2728 3415 eo
2761 3358 2911 3415 bello
2970 3359 3268 3419 nobilibus
3325 3368 3382 3419 et
3439 3368 3703 3435 spectata

2050 3448 2418 3521 dignis.lllud
2444 3448 2615 3503 etiam
2641 3464 2865 3521 pompm
2881 3451 3007 3520 ejus
3029 3451 3473 3508 admirationem
3518 3453 3697 3524 auxit,

2049 3538 2197 3608 quod
2235 3536 2443 3608 captivi
2476 3553 2591 3593 non
2622 3553 2828 3593 omnes
2861 3553 2975 3592 una
3001 3537 3184 3604 ibant,
3238 3542 3335 3595 sed
3384 3542 3443 3596 in
3487 3541 3702 3598 classes

2050 3625 2348 3681 distributi
2381 3628 2554 3695 atque
2586 3624 2905 3681 intervallis
2959 3627 3245 3694 distincti,
3303 3636 3366 3684 ut
3422 3634 3698 3701 spectan-

2053 3715 2193 3773 tium
2226 3713 2377 3770 oeuli
2410 3714 2627 3784 decepti
2671 3715 2951 3785 majorem
3001 3732 3126 3773 esse
3181 3733 3487 3774 numerum
3544 3719 3699 3775 arbi-

2049 3810 2362 3861 trarentur.

282 3893 736 3970 παρασχομένου,
810 3892 887 3954 ὡς
946 3891 1005 3946 ἂν
1072 3890 1155 3963 ε’ἲη
1214 3892 1302 3947 καὶ
1368 3890 1606 3947 ἐντεῦθεν
1667 3897 1702 3961 ὴ
1762 3894 1888 3963 νίκη
1948 3891 2229 3966 περίδοξος
2287 3887 2378 3944 καὶ
2427 3893 2544 3951 τοῖς
2594 3889 2849 3952 πολίταις
2897 3891 3083 3953 αὐτοῖς
3146 3890 3233 3946 διὰ
3296 3892 3571 3968 θαύματος
3617 3895 3708 3951 γαὶ

284 3985 405 4040 ὅσοι
442 3986 520 4058 μὴ
547 3980 793 4049 ἐνδαποὶ,
828 3981 903 4043 ὡς
936 3979 1144 4058 ἀνδρῶν
1172 3979 1593 4057 κεχειρωμένων
1624 3981 1762 4037 κατᾶ
1790 3982 1881 4037 τὸν
1912 3980 2164 4054 πόλεμον
2203 3984 2311 4035 τῶν
2360 3978 2419 4032 ἐκ
2466 3977 2655 4054 γένους
2704 3978 2981 4052 ἐπισήμου
3011 3981 3099 4035 καὶ
3131 3980 3292 4055 ἀξίων
3325 3988 3422 4038 τοῦ
3444 3980 3710 4059 περιϐλέ-

277 4086 502 4139 πεσθαι.
559 4073 890 4146 Θαυμαστὴν
938 4068 981 4125 δ’
1031 4070 1206 4126 ἐποίει
1243 4072 1343 4140 τήν
1391 4071 1516 4125 τότε
1561 4071 1844 4144 πομπαίαν
1899 4073 2195 4147 πανήγυριν
2247 4068 2338 4124 καὶ
2387 4069 2449 4123 τὸ
2484 4071 2559 4142 μὴ
2591 4068 2839 4143 παριέναι
2870 4069 3100 4143 ἀθρόους
3128 4072 3253 4133 τοὺς
3283 4071 3681 4148 αῗχμαλώτους

280 4163 432 4219 ἀλλὰ
459 4163 598 4219 κατᾶ
622 4160 935 4236 συμμορίας
964 4162 1057 4215 καὶ
1084 4159 1143 4215 ἐκ
1172 4157 1589 4234 διαλειμμάτων
1631 4161 1938 4238 ἀφεστῶτας
1989 4159 2278 4233 ἀλλήλων,
2323 4159 2398 4225 ώς
2443 4158 2768 4215 κλέπτεσθαι
2796 4160 2895 4229 τήν
2926 4157 3051 4233 δψιν
3081 4158 3318 4226 ἐντεῦθεν
3347 4166 3454 4218 τῶν
3487 4165 3699 4238 θεωμέ⁸

278 4275 387 4309 νων
412 4256 506 4308 καί
539 4253 673 4328 ὑπὶρ
701 4252 829 4313 τοὺς
861 4246 1019 4313 ὄντας
1048 4248 1183 4313 τοὺς
1208 4250 1502 4325 παριόντας
1532 4248 1905 4329 φαντάζεσθαι.

350 4346 445 4401 Ἐν
477 4342 661 4415 τούτῳ
707 4339 765 4396 δὲ
812 4340 901 4396 καὶ
957 4342 1177 4396 Σκυθῶν
1216 4341 1309 4396 τὸν
1359 4341 1568 4415 Ἴστρον
1620 4337 1945 4414 διαπεραιω-

275 4432 531 4508 σαμένων
577 4430 672 4487 καί
722 4432 790 4486 τὰ
839 4430 964 4505 περὶ
1012 4431 1104 4485 τὸν
1145 4430 1392 4504 ποταμὸν
1426 4434 1618 4485 τοῦτον
1666 4429 1943 4503 ληϊζομέ-

273 4546 385 4579 νων
439 4522 735 4596 Ῥωμαϊκᾶ
782 4512 1037 4599 φρούρια,
1098 4518 1384 4576 στέλλεται
1440 4522 1558 4575 κατ’
1619 4518 1794 4575 αὐτῶν
1834 4522 1949 4575 Κα-

2125 4344 2351 4400 Interea
2377 4341 2601 4413 Scythis
2618 4341 2825 4396 Istrum
2842 4343 3213 4414 transgressis
3233 4349 3286 4399 et
3307 4348 3702 4403 Romanorum

2054 4432 2295 4489 castella
2324 4430 2577 4504 ripensia
2610 4428 3048 4502 populantibus.
3080 4431 3429 4488 Celamanus
3461 4434 3703 4505 quidam

2058 4529 2260 4578 contra
2285 4538 2384 4577 eos
2426 4520 2659 4588 missus,
2696 4535 2826 4575 cum
2873 4519 3087 4574 bellum
3145 4520 3546 4592 imprudenter
3601 4525 3705 4578 ad-

275 4610 530 4685 λαμάνος
559 4631 665 4672 τις.
716 4597 876 4665 Ἀλλ’
909 4608 1088 4677 οὗτος,
1135 4608 1210 4681 μὴ
1264 4605 1450 4681 δεξιῶς
1481 4605 1946 4683 διαστρατηγήσας

2059 4611 2429 4678 ministraret,
2463 4607 2585 4665 acie
2612 4607 2831 4676 vietus,
2891 4606 3210 4678 multisque
3262 4608 3405 4663 viris
3467 4608 3713 4666 fortibus

274 4702 375 4757 τὸν
404 4700 545 4755 κατᾶ
582 4699 810 4755 Σκυθῶν
850 4696 1123 4772 πόλεμον,
1153 4698 1368 4767 ἡττήθη
1402 4717 1459 4752 τε
1492 4699 1580 4752 ὑπ’
1613 4696 1790 4751 αὐτῶν
1821 4694 1958 4750 κατὰ

277 4790 513 4866 κράτος,
574 4789 655 4851 ὡς
715 4788 771 4842 αἱ
829 4786 1002 4857 τάξεις
1059 4785 1387 4861 ἐρῥώγεσαν,
1447 4786 1534 4841 καὶ
1591 4782 1789 4862 ἄνδρας
1825 4784 1962 4859 ἀγα-

280 4878 413 4941 θοὺς
450 4872 788 4946 ἄπεϐαλετο,
843 4874 935 4930 καὶ
985 4875 1145 4936 αὐτὸς
1199 4871 1257 4929 δὲ
1299 4875 1512 4949 καιρίας
1581 4874 1634 4938 ἐς
1690 4874 1752 4928 τὸ
1802 4879 1961 4947 σῶμα

286 4966 583 5043 δεξάμενος
640 4969 704 5022 τὸ
763 4968 864 5039 ζῇν
930 4962 1291 5039 μετήλλαξεν.
1349 4965 1416 5022 Οἱ
1449 4962 1507 5019 δὲ
1565 4964 1768 5029 Σκύθαι
1825 4963 1963 5019 κατὰ

286 5059 384 5114 τὸν
417 5059 606 5121 αὐτοῖς
659 5053 895 5111 εἰωθότα
956 5053 1161 5129 τρόπον
1222 5051 1371 5109 λείαν
1402 5052 1469 5108 τὰ
1498 5052 1552 5108 ἐν
1584 5055 1712 5109 ποσὶ
1744 5053 1961 5126 θέμενοι

286 5148 378 5204 καὶ
449 5145 777 5219 ἀναθέμενοι
832 5147 950 5204 τοῖς
990 5141 1184 5205 ἳπποις
1250 5143 1316 5197 τὰ
1383 5142 1598 5220 λάφυρα
1660 5143 1854 5198 νόστου
1905 5140 1959 5197 ἐ-

296 5240 593 5312 μνήσαντο.
643 5233 821 5304 Ῥᾲων
859 5229 917 5286 δὲ
948 5231 1135 5292 αὐτοῖς
1186 5233 1221 5301 ἡ
1271 5235 1368 5287 τοῦ
1397 5234 1613 5307 Ἴστρου
1646 5230 1960 5308 περαίωσις,

294 5324 656 5405 εὐχερεστέρα
705 5319 767 5376 δὲ
805 5320 897 5375 καὶ
940 5323 975 5390 ἡ
1016 5320 1152 5375 κατὰ
1218 5323 1505 5395 προνομὴν
1556 5320 1853 5389 ἔπέλευσις,
1902 5320 1964 5376 οὐ

283 5416 520 5491 κοπηρά
578 5433 642 5469 τε
689 5412 782 5465 καὶ
844 5406 1091 5484 ἐργώδης
1143 5411 1178 5479 ἡ
1231 5409 1608 5488 ἀναχώρησις.
1657 5408 1965 5483 Ὁπλισμὸς

277 5506 385 5582 γὰρ
417 5505 613 5564 αὐτοῖς
667 5497 919 5577 γωρυτὸς
962 5496 1049 5552 ἐπὶ
1078 5504 1179 5567 τῆς
1232 5497 1373 5570 ἰεύος
1424 5496 1792 5573 ἐξηρτημένος
1824 5497 1970 5553 πλά..

278 5616 409 5672 γιος
437 5592 532 5650 καὶ
584 5584 862 5662 καμπύλα
908 5585 1035 5656 τόξα
1080 5584 1172 5672 καὶ
1232 5584 1512 5658 ἄτρακτοι.
1550 5586 1671 5643 Εἰσὶ
1715 5582 1762 5640 δ’
1796 5585 1967 5641 οἱκαὶ

279 5671 520 5766 δοράτια
567 5674 932 5756 κραδαίνουσι
978 5671 1382 5752 περιελίσσουσί
1429 5695 1489 5731 τε
1533 5674 1671 5732 κατὰ
1727 5674 1818 5730 τὸν
1866 5674 1968 5730 πό-

2068 4698 2324 4768 smissis,
2358 4699 2514 4754 I24
2545 4697 2672 4769 ipse
2703 4712 2932 4767 quoque
2960 4713 3027 4751 ex
3058 4696 3397 4753 vulneribus
3445 4697 3712 4754 decessit.

2067 4786 2291 4857 Scythae
2321 4802 2452 4842 vero
2484 4786 2555 4841 de
2588 4801 2743 4840 more
2791 4800 2895 4839 suo
2950 4784 3117 4840 obvia
3163 4801 3405 4857 quaeque
3453 4787 3711 4859 pra‘dati,

2069 4883 2125 4931 et
2155 4874 2357 4947 spoliis
2414 4874 2471 4929 in
2526 4890 2704 4945 equos
2763 4873 3052 4944 impositis
3108 4874 3342 4931 domum
3396 4876 3714 4933 redierunt.

2069 4964 2259 5021 Facile
2286 4968 2475 5020 autem
2505 4964 2719 5018 Istrum
2750 4962 3054 5032 trajiciunt
3080 4980 3184 5019 nec
3214 4964 3524 5021 difﬁculter
3573 4983 3719 5038 prae-

2069 5054 2269 5110 datum
2323 5056 2551 5120 exeunt,
2610 5052 2872 5123 citraque
2929 5051 3188 5109 laborem
3255 5058 3313 5109 et
3395 5055 3723 5112 molestiam

2071 5144 2309 5199 domum
2344 5145 2726 5199 revertuntur.
2762 5146 2938 5196 Arma
2968 5141 3050 5197 eis
3078 5146 3214 5198 sunt
3244 5142 3516 5214 pharetra
3546 5145 3725 5216 sagit-

2071 5234 2147 5289 tis
2173 5232 2341 5306 plena
2371 5234 2442 5287 de
2475 5229 2731 5286 humeris
2788 5247 3069 5303 suspensa
3128 5236 3184 5289 et
3243 5249 3411 5289 arcus
3445 5252 3459 5301 ;
3501 5239 3641 5292 sunt
3673 5238 3732 5291 et

2074 5322 2169 5392 qui
2204 5320 2440 5377 hastilia
2469 5319 2695 5375 vibrent
2720 5323 2776 5375 et
2808 5320 2865 5375 in
2899 5337 3094 5391 pugna
3123 5321 3540 5393 circumagent.
3566 5322 3725 5379 Idem

2073 5426 2209 5465 vero
2228 5425 2413 5481 equus
2432 5408 2704 5485 Scytham
2731 5411 2787 5464 et
2817 5407 2875 5462 in
2909 5409 3123 5464 bellum
3154 5410 3259 5464 fert
3284 5415 3340 5465 et
3374 5418 3528 5466 secta
3582 5425 3728 5466 vena

2078 5498 2182 5556 alit
2213 5503 2289 5567 et,
2323 5503 2386 5553 ut
2415 5497 2597 5563 aiunt,
2628 5498 2673 5553 si
2734 5497 3000 5553 feminini
3058 5513 3233 5553 sexus
3263 5501 3371 5566 est,
3406 5496 3723 5555 belluinam

2075 5589 2200 5659 ejus
2224 5586 2520 5642 libidinem
2553 5585 2762 5659 explet.
2827 5584 3067 5642 Flumen
3098 5590 3408 5642 transeunt
3434 5585 3587 5641 corio
3626 5603 3727 5643 su-

2079 5677 2213 5735 bere
2233 5675 2679 5748 explelo,itaque
2700 5678 3005 5746 compacto
3054 5677 3116 5729 ut
3157 5687 3264 5729 nec
3311 5671 3547 5727 minima
3605 5680 3730 5741 gut-
