4140 6290
462 346 579 405 431

1776 337 2085 401 NICETJE
2127 338 2552 402 (ΞΗΟΝΙΑΤᾸΞ

3703 350 3803 410 432

466 481 592 539 tula
617 482 896 554 penetret.
956 482 1078 546 Quo
1133 477 1347 551 Scytha
1401 492 1734 548 conscenso,
1784 475 2091 548 equinaqui

2227 473 2414 548 λεμον.
2448 476 2510 534 Ὁ
2569 472 2614 532 δ’
2654 476 2818 540 αὐτὸς
2859 475 3033 542 ⁴ἵππος
3082 478 3173 534 καὶ
3229 477 3318 534 τὸν
3347 478 3549 550 Σκύθην
3580 479 3708 556 ὀχεῖ,
3737 477 3811 536 διὰ

468 572 654 631 cauda
683 570 990 644 prehensa,
1022 572 1080 625 et
1135 567 1278 625 sella
1325 569 1661 640 creterisque
1718 566 1854 623 belli
1896 567 2112 622 instru-

469 661 683 718 mentis
716 657 1025 731 impositis,
1057 673 1204 729 equo
1261 673 1364 729 pro
1420 657 1565 727 velo,
1621 659 1779 714 corio
1836 672 1936 727 pro
1972 671 2114 712 nave

467 755 636 806 utens
663 747 1084 820 facilotrajicit,
1130 748 1376 820 Istrique
1430 751 1660 804 vastum
1718 745 1952 819 pelagus
2007 753 2114 802 tra-

463 849 584 897 nat.

2217 561 2467 638 πολέμου
2510 565 2686 646 φέρων
2739 570 2836 622 τοῦ
2880 566 3210 637 πολυάϊκος,
3258 567 3345 624 καὶ
3385 571 3580 646 τροφὴν
3611 575 3812 644 χορηγεῖ

2225 654 2570 733 σχαζομὲνης
2603 663 2702 727 τῆς
2744 653 2968 737 φλεϐὸς,
3026 659 3103 721 ὡς
3162 655 3220 714 δέ
3275 679 3418 738 φασι,
3446 657 3531 712 καὶ
3582 657 3812 732 ὀχευόμε-

2221 765 2338 816 νου,
2367 745 2412 800 εἰ
2471 743 2610 801 ἔστιν
2645 747 2672 802 ὁ
2701 747 2870 810 ἳππος
2928 747 3191 820 θηλυκὸς,
3238 749 3336 817 τήν
3387 744 3582 821 ἄλογον
3616 744 3816 820 ἀφροδί-

2221 855 2320 904 την
2360 839 2457 890 τοῦ
2505 830 2783 910 βαρϐάρου
2832 837 3106 892 ἀποκενοῖ.
3160 834 3442 916 Σχεδιάζει
3486 833 3540 890 δὲ
3566 839 3672 900 τοῖς
3699 834 3819 890 Σκύ-

464 929 582 990 θαις
613 931 708 982 τοῦ
760 928 1014 998 ποταμοῦ
1068 926 1168 995 τήν
1228 920 1476 980 διάϐασιν
1538 925 1750 1004 κάρφης
1803 921 2031 998 πλήρης
2090 919 2333 1002 διφθέρα,
2385 921 2506 979 λίαν
2560 922 2614 988 ἐς
2668 927 2730 980 τὸ
2787 921 3008 1000 ἀκριϐὲς
3039 925 3364 997 σύσπαστος,
3399 926 3471 986 ὡς
3512 923 3642 1000 μηδὲ
3664 924 3816 1000 βραχῦ

461 1011 714 1074 λιϐάδιον
747 1015 1037 1090 ἐπεισρέειν
1067 1013 1286 1079 ἔσωθεν.
1342 1015 1551 1072 Οὐκοῦν
1594 1015 1800 1084 ταύτην
1849 1007 2075 1087 περιϐὰς
2124 1012 2152 1066 6
2202 1011 2416 1084 Σκύθης
2464 1014 2686 1078 ἱππείας
2736 1013 3043 1088 ἐξημμένην
3097 1014 3282 1092 οὐράς,
3313 1015 3400 1070 καὶ
3446 1015 3540 1084 τὴν
3584 1009 3818 1088 ἀστράϐην

464 1105 746 1170 ἐπαναθεὶς
772 1106 860 1160 καὶ
907 1103 1006 1160 ὅσα
1053 1109 1151 1160 τοῦ
1206 1103 1457 1178 πολέμου
1510 1105 1732 1180 ὃργσινα,
1778 1101 1904 1175 ῥᾷον
1952 1097 2364 1172 διαπλωὶζεται,
2397 1101 2486 1157 οἶα
2516 1103 2717 1182 σκάφος
2750 1101 2933 1183 λαίφει
2954 1109 3033 1178 τῷ
3057 1103 3216 1178 ’ίππῳ
3245 1105 3529 1182 χρώμενος
3557 1101 3639 1158 καὶ
3665 1103 3720 1157 τὸ
3739 1104 3820 1156 τοῦ

463 1197 678 1272 Ἴστρου
709 1191 1112 1269 διανηχόμενος
1143 1193 1408 1270 πέλαγος.

536 1289 762 1344 Interea
792 1285 1158 1356 Palaeologus,
1218 1285 1314 1342 cui
1345 1283 1643 1356 ingenium
1698 1281 2022 1354 inquietum
2055 1289 2111 1338 et

461 1375 699 1433 inutiles
729 1373 983 1446 pecunias
1018 1373 1382 1444 profusiones
1413 1372 1643 1428 crimini
1665 1371 1974 1442 dabantur,
2009 1371 2109 1427 ubi

465 1463 720 1536 primum
769 1461 1090 1520 Calabriam
1151 1463 1361 1534 attigit,
1430 1462 1581 1520 I25
1643 1461 1888 1532 imperio
1943 1460 2104 1516 abire

457 1552 1056 1623 jubetur,successore
1079 1550 1254 1609 misso
1277 1551 1470 1608 Alexio
1489 1555 1803 1622 Comneno,
1836 1548 2108 1623 Bryennii

465 1641 708 1698 Caesaris
739 1641 881 1710 ﬁlio,
911 1641 1258 1698 consobrino
1319 1640 1631 1708 Manuelis,
1689 1638 1886 1713 magni
1942 1639 2107 1696 ducis

467 1730 686 1787 honore
715 1746 896 1802 nuper
915 1736 1118 1800 aucto;
1169 1747 1284 1787 una
1332 1747 1466 1786 cum
1515 1747 1581 1787 eo
1602 1732 1778 1786 etiam
1804 1734 1985 1785 Ducas
2014 1726 2106 1784 Jo-

2289 1279 2388 1338 Καί
2419 1279 2527 1337 ὧδε
2560 1282 2656 1355 μὶν
2685 1282 2801 1358 εἶχε
2828 1282 3001 1338 ταυτί·
3068 1285 3096 1338 6
3163 1281 3222 1340 δέ
3246 1305 3306 1361 γε
3336 1280 3718 1358 Παλαιολὸγος,
3745 1279 3820 1336 τὸν

2218 1367 2658 1444 Φιλοπράγμονα
2687 1371 2862 1428 αἰτίαν
2910 1371 3233 1450 ἀπειληφὼς
3279 1375 3372 1428 καὶ
3414 1373 3501 1428 τὸν
3553 1367 3822 1443 δαπανηρὸν

2215 1459 2509 1533 Ῥωμαίοις
2571 1460 2899 1532 ἀξυντελῶς,
2957 1461 3008 1536 ἐξ
3076 1464 3205 1519 ὅτου
3279 1457 3590 1531 Καλαϐρίας
3660 1453 3824 1526 ἐπέϐη.

2214 1555 2316 1618 τῆς
2361 1549 2694 1628 στρατηγίας
2752 1550 3112 1626 παραλύεται,
3164 1549 3447 1608 στέλλεται
3480 1547 3526 1605 δ’
3555 1548 3660 1605 ἀντ’
3687 1547 3828 1602 αὐτοῦ

2217 1636 2246 1691 6
2286 1637 2569 1710 Κομνηνὸς
2618 1641 2730 1712 (75)
2780 1637 3048 1710 ’Δλέξίος,
3105 1641 3134 1696 6
3182 1644 3284 1696 τοῦ
3343 1639 3628 1715 Βρυεννίου
3657 1633 3828 1694 Καίσα-

2219 1743 2310 1798 Ρος
2342 1725 2458 1789 υίὸς
2491 1724 2783 1806 ἐξάδελφος
2841 1723 2914 1782 ὧν
2970 1732 3048 1800 τῷ
3110 1727 3328 1803 βασιλεῖ
3369 1728 3505 1803 πρὸς
3538 1725 3729 1801 μητρὸς
3754 1720 3830 1777 καὶ

467 1837 636 1876 annes
671 1821 941 1891 mittitur,
973 1820 1058 1876 vir
1099 1825 1156 1877 et
1197 1821 1480 1878 martialis
1501 1825 1558 1877 et
1587 1818 1984 1876 mercurialis:
2017 1833 2091 1891 qu

2218 1815 2319 1883 τήν
2347 1819 2442 1869 τοῦ
2477 1815 2721 1892 μεγάλου
2753 1814 2946 1880 δουκὸς
2993 1819 3161 1892 τιμὴν
3207 1819 3328 1896 ἄρτι
3368 1818 3598 1894 πρώτως
3628 1819 3830 1890 περιζω-

463 1907 730 1966 liberales
743 1908 1080 1980 disciplinas
1095 1927 1206 1966 non
1227 1909 1586 1982 primoribus
1601 1908 1779 1965 labris
1826 1909 2116 1980 attigerat,

463 1998 644 2057 nobili
665 2003 827 2056 ortus
841 2016 1049 2071 genere
1065 2006 1124 2056 et
1143 1999 1469 2072 discipline
1492 1998 1760 2055 militaris
1799 2016 1915 2054 non
1945 1999 2114 2071 igna-

465 2104 580 2144 rus.
613 2087 682 2142 Hi
711 2087 887 2160 igitur
941 2089 1001 2144 in
1061 2087 1318 2146 Siciliam
1377 2104 1505 2144 cum
1565 2088 1876 2157 venissent,
1921 2087 2114 2159 c0pias

464 2176 617 2250 regis
637 2177 820 2232 adorti
851 2175 1101 2232 classem
1133 2177 1261 2248 ejus
1283 2193 1431 2248 saepe
1455 2177 1812 2247 devicerunt,
1861 2177 2004 2233 adeo
2049 2179 2116 2232 ut

463 2283 638 2323 naves
669 2265 1066 2322 dilaberentur
1095 2275 1148 2322 et
1186 2265 1378 2337 ipsum
1414 2282 1560 2338 pene
1590 2265 1966 2322 Brundisium
2008 2266 2110 2322 ob-

461 2356 896 2413 sideretur.Sed
921 2356 1148 2410 fortuna
1171 2353 1494 2411 illustribus
1529 2355 1943 2411 certaminibus
1992 2371 2110 2412 non

459 2444 629 2516 plane
660 2445 798 2502 favit
828 2465 843 2514 ;
879 2461 1062 2514 neque
1083 2443 1937 2516 imperatorpulcborrimorum
1961 2460 2107 2500 nun-

2222 1902 2476 1976 σάμενος.
2508 1904 2951 1980 Συνεκπὲμπεται
2983 1904 3040 1962 δέ
3087 1907 3139 1962 οἱ
3167 1907 3258 1962 καὶ
3289 1908 3318 1962 6
3353 1906 3556 1966 Δούκας
3587 1903 3829 1972 Ἰωάννης,

2219 1992 2354 2066 ἇνήρ
2410 1993 2668 2068 ἑρμαϊκὸς
2721 1997 2861 2069 ὁμοῦ
2917 1996 3006 2051 καὶ
3067 1997 3306 2073 ἀρεϊκὸς,
3359 1998 3454 2052 οἶα
3482 1990 3828 2066 παιδευμάτων

2219 2077 2542 2158 ἐλευθερίων
2591 2083 2692 2139 οὐκ
2746 2081 2896 2158 ἄκρῳ
2952 2084 3170 2160 λιχανῷ
3199 2085 3531 2162 γεγευμένος
3559 2083 3644 2140 καὶ
3673 2079 3829 2158 γένους

2217 2167 2272 2224 εὖ
2305 2168 2447 2245 ἔχων
2480 2172 2568 2228 καὶ
2615 2171 2858 2246 μεθόδων
2917 2171 3062 2250 ’ἰόρις
3119 2179 3525 2252 στρατηγικῶν.
3577 2167 3829 2230 Οὗτοιοῦν

2215 2256 2268 2320 ἐς
2298 2259 2550 2315 Σικελίαν
2591 2263 2685 2317 τὸν
2734 2260 2909 2319 πλοῦν
2970 2263 3186 2337 θέμενοι
3245 2263 3530 2338 συνέμιξαν
3561 2265 3672 2324 ταῖς
3699 2255 3828 2313 δυνά-

2216 2350 2466 2420 μεσιτοῦ
2510 2351 2678 2426 ῥηγὸς
2728 2353 2818 2407 καὶ
2880 2352 3147 2430 μεγάλαις
3206 2353 3546 2430 ναυμαχίαις
3597 2347 3833 2406 πολλάκις

2211 2435 2371 2493 αὐτὸν
2402 2438 2824 2512 κατεπάλαισαν,
2883 2443 2956 2504 ὡς
3011 2443 3108 2505 τάς
3153 2463 3212 2497 τε
3266 2449 3412 2513 νῆας
3470 2443 3656 2496 τούτου
3709 2432 3834 2510 διαρο

455 2534 682 2591 tiorum'
709 2551 841 2591 cum
871 2549 1038 2606 quem
1072 2535 1372 2606 oportebat
1415 2535 1666 2590 fructum
1723 2533 1899 2605 cepit.
1959 2529 2091 2588 Nam

2209 2525 2426 2602 ῥυῆναι,
2459 2526 2620 2605 ἐγγὺς
2652 2527 2710 2584 δὲ
2765 2531 3094 2606 πολιορκίας
3152 2532 3243 2587 καὶ
3301 2533 3446 2589 αὐτὸ
3497 2527 3750 2608 γεγονέναι
3784 2522 3833 2579 τὸ

458 2641 554 2682 rex
571 2624 892 2695 majoribus
916 2623 1094 2695 copiis
1113 2623 1329 2680 coactis
1351 2623 1757 2694 conductoque
1797 2622 2100 2696 peregrino

450 2714 639 2770 milite
661 2714 1006 2770 detrimenta
1025 2721 1256 2784 accepta
1280 2712 1558 2770 resarcire
1589 2711 1840 2781 studuit;
1886 2727 2102 2784 eosque

453 2805 691 2861 adortus
723 2803 922 2872 vincit,
980 2803 1155 2874 capit,
1213 2803 1272 2859 in
1333 2802 1562 2860 vincula
1615 2801 1872 2874 conjicit,
1927 2801 2099 2873 paulo

449 2900 744 2950 momento
773 2892 988 2949 eversis
1012 2892 1084 2948 iis
1106 2888 1533 2964 omnibus'quae
1556 2892 1801 2948 Romani
1822 2891 2097 2947 maximis

445 2983 745 3040 laboribus
775 2987 833 3039 et
863 2981 1146 3054 impensis
1201 2982 1496 3039 consecuti
1557 2983 1804 3039 fuerant.
1865 2979 2096 3038 Manuel

441 3089 577 3128 vero
599 3071 672 3128 iis
696 3071 850 3127 126
875 3071 1207 3126 rumoribus
1225 3075 1283 3125 et
1306 3071 1526 3126 nuntiis
1558 3087 1798 3126 excussa
1846 3069 2096 3141 pristina

2207 2619 2553 2691 Βρεντήσιον.
2601 2617 2758 2678 Ἀλλ’
2791 2617 2945 2675 οὔπω
2975 2623 3010 2691 ἡ
3042 2621 3188 2696 τύχη
3218 2626 3343 2685 τοῖς
3380 2621 3657 2696 λαμπροῖς
3680 2609 3830 2672 τοῖσδε

2204 2709 2454 2782 καθαρῶς
2529 2707 2901 2782 ἐπεμειδίασεν
2977 2710 3378 2786 ἀγωνίσμασιν,
3458 2709 3581 2768 οὔτε
3651 2709 3745 2782 μὴν
3803 2703 3824 2758 δ

2207 2793 2463 2868 βασιλεὺς
2513 2798 2588 2860 ὡς
2637 2791 2746 2853 ἔδει
2791 2805 2910 2861 ταῖς
2953 2799 3276 2864 καλλίσταις
3325 2799 3653 2877 ἒνεώρτασεν
3683 2798 3818 2870 ἀγγε-

2203 2882 2368 2950 λίαις·
2427 2888 2514 2943 καὶ
2567 2889 2596 2944 6
2655 2891 2753 2963 ῥήξ
2811 2889 3032 2964 μείζονα
3073 2890 3335 2968 ἀθροίσας
3400 2890 3628 2967 δύναμιν
3657 2887 3819 2954 καῖξε·

2197 2977 2348 3032 νικὸν
2416 2976 2839 3052 ἐπαμησάμενος
2894 2980 2954 3036 οὐ
3013 2980 3193 3057 βραχὺ
3260 2983 3369 3052 τήν
3427 2983 3596 3052 ἧτταν
3625 2976 3810 3046 ἐπῆλθεν

2199 3063 2676 3141 ἀναμαχούμενος,
2735 3069 2822 3124 καὶ
2885 3065 3183 3142 συμϐαλὼν
3233 3071 3583 3147 περιγίνεται
3628 3072 3710 3124 τῶν
3729 3064 3803 3116 ἆν-

439 3158 642 3214 letitia
672 3165 728 3214 et
755 3158 814 3212 in
849 3172 1153 3213 mmrorem
1179 3173 1478 3225 conversa,
1515 3158 1624 3214 etsi
1669 3173 1871 3214 casum
1919 3155 2088 3211 illum

2203 3150 2368 3226 δρῶν,
2399 3155 2490 3210 καὶ
2523 3153 2816 3216 συλλαϐὼν
2849 3155 3130 3232 δεσμώτας
3183 3158 3462 3236 εἵργνυσιν
3497 3154 3798 3235 ἀμφοτέρους,

439 3262 560 3303 non
591 3261 729 3301 sane
747 3243 943 3300 leviter
967 3261 1033 3300 ac
1065 3247 1362 3302 moderate
1393 3247 1542 3316 tulit,
1585 3248 1685 3303 sed
1735 3244 1922 3302 luctui
1971 3261 2087 3301 non

442 3351 650 3407 parum
681 3333 1174 3402 indulsit;tamen
1208 3338 1270 3389 ut
1288 3335 1461 3391 homo
1479 3338 1777 3405 constans,
1826 3334 1926 3404 qui
1983 3351 2089 3390 nec

441 3423 700 3480 adversm
729 3423 970 3479 fortuna:
993 3422 1222 3479 cederet
1249 3440 1355 3480 nec
1385 3422 1556 3480 rebus
1599 3422 1888 3496 prosperis
1939 3421 2088 3479 lacti-

438 3513 521 3570 tia
553 3511 872 3582 efferretur,
905 3513 1068 3585 quasi
1101 3529 1232 3568 cum
1283 3513 1381 3568 illa
1436 3513 1768 3570 calamitate
1825 3529 2088 3586 pugnare

429 3603 668 3672 institit,
701 3603 928 3674 aliaque
949 3603 1134 3660 classe
1184 3608 1524 3676 comparata
1570 3605 1778 3660 ducem
1827 3604 2087 3676 designat

425 3694 543 3750 Con
558 3693 878 3750 stantinum
893 3692 1184 3766 Angelum
1211 3691 1919 3765 Philadelphiensem.0ui
1952 3710 2082 3750 eum

424 3799 642 3858 genere
675 3801 787 3840 nou
821 3785 1132 3842 admonum
1173 3783 1352 3840 nobili
1384 3790 1541 3841 esset
1596 3789 1782 3852 ortus,
1815 3786 1914 3840 sed
1949 3801 2084 3856 pro-

426 3889 562 3931 cera
582 3881 804 3932 statura
833 3878 892 3930 et
924 3873 1145 3946 insigni
1177 3874 1363 3931 forma
1399 3873 2084 3946 prteditus,'l‘beodorum

433 3962 619 4018 Alexii
650 3962 740 4018 avi
765 3962 1054 4018 Manuelis
1093 3961 1272 4019 liiiam
1334 3961 1766 4034 pulchritudine
1821 3963 2084 4034 pronuba

433 4066 670 4108 uxorem
704 4051 968 4107 duxerat.
1001 4051 1148 4116 Quia
1175 4067 1310 4108 vero
1345 4051 1681 4123 potentibus
1728 4053 1844 4108 fere
1901 4053 2084 4108 omni-

429 4139 544 4194 bus
574 4143 700 4194 tum
731 4147 948 4196 nostra;
975 4144 1097 4194 tum
1129 4140 1443 4210 superioris
1463 4141 1651 4196 aetatis
1684 4139 1962 4212 placitum
1995 4145 2083 4197 est

431 4227 730 4284 stellarum
778 4227 1212 4299 progressiones
1263 4233 1320 4284 et
1369 4229 1818 4286 retrocessiones
1870 4235 2082 4287 certos-

429 4332 541 4388 que
579 4317 830 4388 positus,
891 4316 1401 4388 conﬁguraliones,
1456 4333 1743 4385 accessus,
1793 4335 2081 4390 recessus,

429 4414 750 4476 castamque
778 4421 906 4477 quas
949 4410 1256 4476 nugatores
1289 4395 1397 4461 isti
1419 4406 1481 4462 in
1541 4405 1746 4462 divinae
1779 4407 2080 4478 providen-

422 4495 513 4551 tiae
547 4493 808 4552 fraudem
863 4494 1191 4564 afﬁrmant,
1250 4511 1318 4550 ac
1377 4488 1814 4551 dissimulanter
1847 4495 2075 4552 fatalem

422 4587 681 4642 omnium
715 4601 910 4641 rerum
945 4583 1354 4641 necessitatem
1388 4586 1676 4654 statuunt,
1708 4585 1774 4638 ad
1828 4584 2071 4640 fclicita-

420 4679 539 4730 tem
574 4674 980 4746 humanosque
1039 4689 1206 4729 casus
1260 4669 1509 4728 multum
1567 4671 1779 4743 valere,
1839 4673 2070 4730 Munuel

423 4762 696 4818 idoneum
719 4762 965 4817 exeundi
996 4767 1230 4834 tempus
1266 4761 1532 4832 inquirit,
1567 4759 1738 4832 idque
1785 4762 2070 4819 Constan-

423 4850 548 4904 tino
578 4850 1014 4916 denuntiat,8ed
1049 4851 1187 4922 quid
1223 4851 1284 4905 fit
1307 4849 1334 4904 ?
1363 4850 1631 4906 Nondum
1674 4851 1745 4906 ad
1804 4867 2068 4909 occasum

425 4936 671 5006 urgebat
702 4935 788 4992 sol
820 4954 833 4991 :
869 4937 1155 4994 Manuclis
1207 4940 1377 5009 jussu
1439 4941 1610 4995 homo
1667 4945 1966 4994 revocatur
1995 4941 2068 4996 ob

424 5029 574 5084 127
612 5028 1049 5085 incommodum
1081 5031 1297 5086 exitum
1325 5031 1522 5087 minus
1568 5033 1763 5088 fausto
1809 5031 2067 5089 siderum

424 5117 639 5189 positu,
671 5134 776 5174 nec
807 5117 1102 5174 subtiliter
1132 5123 1186 5176 et
1215 5127 1475 5177 accurate
1533 5119 1875 5192 perquisito.
1919 5121 2068 5178 Rur-

2199 3239 2252 3296 ἐν
2313 3241 2505 3318 ἀκαρεῖ
2557 3251 2750 3323 καιροῦ
2803 3247 3103 3323 ἀνατρέψας
3157 3246 3256 3304 ὅσα
3311 3251 3479 3325 πόνῳ
3535 3249 3619 3306 καὶ
3670 3239 3810 3300 δαπά-

2195 3351 2308 3394 ναις
2371 3331 2652 3410 μεγίσταις
2713 3335 2816 3391 ὑπὸ
2874 3336 3163 3410 Ῥωμαίων
3223 3335 3664 3413 εὒημερηθησαν.
3707 3333 3815 3388 Τοι-

2195 3420 2376 3485 ούτοις
2436 3423 2526 3478 οῦν
2603 3424 2631 3478 6
2701 3425 2964 3494 Μανουὴλ
3021 3425 3328 3500 ἀκούσμασι
3397 3429 3494 3486 καὶ
3549 3419 3821 3502 ἂγγέλμισι

2191 3511 2292 3579 τὴν
2323 3513 2590 3588 πρότριτα
2633 3511 2903 3588 θυμηδίαν
2951 3515 3433 3590 ἀποκλυσάμενος,
3468 3518 3568 3575 ὅσα
3592 3535 3646 3570 τε
3685 3511 3823 3584 ἀψιν-

2191 3597 2410 3656 θιώδεσι
2491 3604 2822 3678 κεράσμασιν
2883 3603 3263 3681 ἕμπικρανθεὶς
3330 3611 3437 3680 τήν
3503 3605 3704 3684 ψυχὴν,
3762 3597 3824 3657 ὡς

2191 3689 2334 3754 εἰκὸς
2367 3693 2462 3766 μὲν
2497 3692 2596 3747 ούκ
2623 3693 2814 3768 ἤνεγκε
2860 3694 2922 3750 τὸ
2973 3696 3198 3770 γεγονὸς
3243 3703 3534 3772 φορητῶς,
3575 3692 3698 3750 ἀλλ’
3721 3691 3827 3743 ἰκα-

2189 3785 2295 3844 νῶς
2327 3780 2655 3852 ἐπαθηνατο.
2691 3783 2808 3840 Οὐκ
2868 3781 2940 3839 ὢν
2995 3781 3053 3838 δὲ
3109 3781 3419 3864 ψοφοδεὴς,
3478 3783 3606 3860 μηδ’
3657 3774 3826 3836 ἀναπί-

2189 3892 2340 3926 πτων
2394 3869 2448 3926 ἐν
2504 3877 2624 3932 τοῖς
2683 3869 2881 3934 δεινοῖς
2941 3875 3368 3948 συναντήμασιν,
3433 3874 3563 3931 οὔτε
3620 3871 3722 3946 μὴν
3761 3869 3828 3937 τῖιι

2190 3957 2337 4034 οὔρῳ
2367 3963 2476 4016 τῶν
2507 3963 2842 4034 πραγμάτων
2873 3964 2999 4038 παρ’
3057 3963 3087 4018 ὃ
3145 3960 3228 4020 δεῖ
3272 3970 3700 4043 κουφιζομενος,
3729 3951 3828 4012 οὐδ’

2189 4047 2255 4103 αὖ
2286 4047 2452 4104 πάλιν
2515 4051 2746 4124 ἀγεννῶς
2800 4055 2920 4114 ταῖς
2975 4053 3188 4108 τούτων
3249 4055 3572 4132 καταιγίσιν
3625 4045 3832 4106 ὑποκλι-

2185 4136 2438 4211 νὸμενος,
2497 4137 2572 4201 ὡς
2625 4139 2763 4212 πρὸς
2819 4141 2922 4210 τήν
2990 4140 3112 4196 τότε
3177 4143 3358 4218 τύχην
3419 4141 3833 4218 ἀγνωμονοῦσαν

2187 4227 2556 4302 ἀντιπράττων
2617 4225 2980 4301 διημιλλᾶτο.
3076 4232 3266 4288 Ἔνθεν
3349 4253 3442 4287 τοι
3501 4231 3594 4288 καὶ
3673 4226 3835 4302 ἑτέραν

2186 4315 2474 4391 ἐξαρτύσας
2549 4318 2808 4387 ναυτικὴν
2905 4315 3133 4394 δύναμιν
3237 4319 3534 4400 ἐφίστησιν
3614 4315 3837 4393 ἡγεμόνα

2183 4407 2386 4478 ταύτης
2417 4413 2824 4464 Κωνσταντῖνον
2873 4409 2964 4464 τὸν
2995 4409 3280 4486 Ἄγγελον,
3315 4411 3375 4473 ὅς
3421 4410 3488 4466 ὲκ
3546 4412 3646 4486 μὶν
3676 4405 3841 4464 Φιλα-

2185 4493 2406 4576 δελφίας
2435 4494 2666 4572 ὥρμητο
2717 4495 2808 4553 καί
2856 4497 3044 4572 γένους
3095 4499 3162 4569 ἦν
3190 4499 3310 4556 Ὅῦκ
3352 4501 3683 4575 εὐπαρύφου
3711 4495 3837 4550 πάνυ

2181 4585 2269 4640 καὶ
2303 4585 2578 4662 εὐγενοῦς,
2609 4587 2664 4642 εὖ
2711 4584 2756 4642 δ’
2815 4583 2962 4662 ἔχων
3019 4596 3122 4658 τῆς
3183 4597 3514 4662 σωματικῆς
3551 4591 3693 4667 φυῆς
3720 4580 3840 4642 καπὶ

2177 4679 2273 4730 τοῦ
2321 4677 2618 4750 προσώπου
2669 4677 2913 4750 λειμωνα
2962 4677 3204 4740 κάλλους
3269 4679 3538 4750 κὴπεύων
3593 4681 3692 4749 τήν
3722 4682 3840 4730 θεο-

2183 4761 2358 4836 δώραν
2388 4765 2522 4840 πρὸς
2553 4767 2730 4840 γάμον
2789 4765 3049 4842 ἠγάγετο,
3103 4765 3168 4837 ἤν
3229 4767 3487 4839 ’Δλέξιος
3523 4771 3552 4824 ὁ
3591 4759 3837 4844 βασιλεὺς

2181 4855 2208 4907 ὁ
2241 4853 2538 4929 προπάτωρ
2565 4859 2644 4926 τῷ
2673 4859 2752 4927 τῷ
2784 4855 3048 4926 Μανουήλ
3077 4855 3338 4933 ἐγείνατο,
3358 4857 3427 4912 τὸ
3452 4856 3674 4918 κάλλος
3703 4853 3840 4908 εὐτυ-

2179 4945 2356 5018 χήσας
2409 4945 2844 5018 προμνήστριαν.
2909 4943 3058 5002 Ἐπεὶ
3118 4945 3163 5000 6'
3231 4945 3396 5001 ἅπασι
3474 4948 3596 5020 (76)
3655 4937 3840 5019 σχεδὸν

2179 5028 2328 5088 δοκεῖ
2379 5039 2498 5094 τοῖς
2551 5033 2720 5088 πάλαι
2761 5033 2853 5088 καὶ
2911 5037 3152 5109 σήμερον
3216 5032 3354 5110 μέγα
3407 5031 3748 5108 δυναμένοις
3777 5029 3843 5088 ὡς

2176 5121 2312 5196 πρὸς
2367 5121 2462 5184 τὰς
2519 5123 2696 5200 τύχας
2755 5122 3086 5198 συναίρονται
3143 5123 3233 5179 καὶ
3289 5125 3354 5179 τὰ
3413 5125 3562 5179 κατά
3620 5123 3715 5180 τὸν
3758 5117 3840 5173 ἀν·

1751 5297 1944 5366 Hier.
1996 5298 2216 5368 Wolﬁi
2278 5304 2490 5370 notae.

640 5434 1062 5512 Proltopvnvbc
1095 5435 1338 5492 fortasse
1395 5435 1701 5507 legendum
1750 5435 2060 5512 Βρυέννιος,

421 5507 534 5583 nisi
568 5507 713 5566 forte
730 5507 900 5583 ﬁlius
929 5523 1250 5583 cognomen
1282 5525 1316 5562 a
1351 5512 1536 5562 matre
1566 5507 2071 5583 prOpter'imperaL

419 5580 908 5670 τοεὲειρειίτρξεη
931 5579 1234 5670 imperi};

493 5652 606 5733 (76)
637 5647 797 5709 Ἐπεῖ
827 5647 884 5707 δὲ
928 5647 1116 5708 suae}.
1174 5650 1332 5708 Alter
1390 5649 1568 5708 codex
1624 5650 1854 5708 brevius
1910 5669 2070 5710 eam-

2171 5441 2303 5518 dem
2336 5443 3146 5518 sententiamAcomplectitur,
3175 5445 3266 5504 bis
3283 5445 3520 5518 verbis:
3555 5447 3627 5504 Οἱ
3647 5446 3843 5518 310590-

2179 5511 2374 5592 λεσχαε
2425 5511 3078 5592 seclv._’1‘3_m91605sas
3133 5511 3215 5589 λεῷ
3268 5514 3588 5592 avem
3624 5511 3838 5592 aqua

2181 5583 2376 5729 ἓῦς⁷ὀὶ
2429 5583 2537 5642 τῶν
2596 5583 2842 5663 ἀστέρων
2894 5587 3082 5665 ἀγαθοὶ
3139 5583 3537 5665 «inusitata—oi
3577 5583 3840 5644 ”ἐνὲδίδα-

2211 5677 2294 5714 αν.
