  <div class='ocr_page' id='page_1' title='image "/cluster/home/n/w/nwhite01/storage/ocr_20150623/139/mdp.39015078384214/224.png"; bbox 0 0 4140 6290; ppageno 0'>
   <div class='ocr_carea' id='block_1_1' title="bbox 310 373 431 434">
    <p class='ocr_par' dir='ltr' id='par_1_1' title="bbox 310 373 431 434">
     <span class='ocr_line' id='line_1_1' title="bbox 310 373 431 434; baseline 0.017 -2"><span class='ocrx_word' id='word_1_1' title='bbox 310 373 431 434; x_wconf 61' lang='grc'>433</span> 
     </span>
    </p>
   </div>
   <div class='ocr_carea' id='block_1_2' title="bbox 1406 364 2680 429">
    <p class='ocr_par' dir='ltr' id='par_1_2' title="bbox 1406 364 2680 429">
     <span class='ocr_line' id='line_1_2' title="bbox 1406 364 2680 429; baseline 0.002 -4"><span class='ocrx_word' id='word_1_2' title='bbox 1406 365 1506 426; x_wconf 87' lang='lat' dir='ltr'>DE</span> <span class='ocrx_word' id='word_1_3' title='bbox 1548 364 1943 428; x_wconf 85' lang='lat' dir='ltr'>MANUELE</span> <span class='ocrx_word' id='word_1_4' title='bbox 1985 364 2375 428; x_wconf 78' lang='lat' dir='ltr'>COMNENO</span> <span class='ocrx_word' id='word_1_5' title='bbox 2422 366 2562 428; x_wconf 86' lang='lat' dir='ltr'>LIB.</span> <span class='ocrx_word' id='word_1_6' title='bbox 2610 366 2680 429; x_wconf 90' lang='lat' dir='ltr'><strong>ll.</strong></span> 
     </span>
    </p>
   </div>
   <div class='ocr_carea' id='block_1_3' title="bbox 3620 372 3739 432">
    <p class='ocr_par' dir='ltr' id='par_1_3' title="bbox 3620 372 3739 432">
     <span class='ocr_line' id='line_1_3' title="bbox 3620 372 3739 432; baseline 0.008 -1"><span class='ocrx_word' id='word_1_7' title='bbox 3620 372 3739 432; x_wconf 71' lang='grc'>434</span> 
     </span>
    </p>
   </div>
   <div class='ocr_carea' id='block_1_4' title="bbox 323 495 1950 578">
    <p class='ocr_par' dir='ltr' id='par_1_4' title="bbox 323 495 1947 578">
     <span class='ocr_line' id='line_1_4' title="bbox 323 495 1947 578; baseline -0.005 -20"><span class='ocrx_word' id='word_1_8' title='bbox 323 500 594 578; x_wconf 84' lang='grc' dir='ltr'>θρώπινον</span> <span class='ocrx_word' id='word_1_9' title='bbox 628 499 821 575; x_wconf 83' lang='grc' dir='ltr'>βίοτον</span> <span class='ocrx_word' id='word_1_10' title='bbox 859 496 1240 572; x_wconf 85' lang='grc' dir='ltr'>συναντήματα</span> <span class='ocrx_word' id='word_1_11' title='bbox 1285 497 1336 553; x_wconf 76' lang='grc' dir='ltr'>οἱ</span> <span class='ocrx_word' id='word_1_12' title='bbox 1391 501 1499 553; x_wconf 89' lang='grc' dir='ltr'>τῶν</span> <span class='ocrx_word' id='word_1_13' title='bbox 1550 496 1789 573; x_wconf 83' lang='grc' dir='ltr'>ἀστέρων</span> <span class='ocrx_word' id='word_1_14' title='bbox 1848 495 1947 551; x_wconf 86' lang='grc' dir='ltr'>ἀνα</span> 
     </span>
    </p>
   </div>
   <div class='ocr_carea' id='block_1_5' title="bbox 2059 495 3732 578">
    <p class='ocr_par' dir='ltr' id='par_1_5' title="bbox 2085 497 3732 572">
     <span class='ocr_line' id='line_1_5' title="bbox 2085 497 3732 572; baseline 0.005 -20"><span class='ocrx_word' id='word_1_15' title='bbox 2085 514 2189 553; x_wconf 88' lang='lat' dir='ltr'><strong>sus</strong></span> <span class='ocrx_word' id='word_1_16' title='bbox 2219 497 2404 571; x_wconf 83' lang='lat' dir='ltr'>igitur</span> <span class='ocrx_word' id='word_1_17' title='bbox 2431 498 2632 556; x_wconf 87' lang='lat' dir='ltr'><strong>thema</strong></span> <span class='ocrx_word' id='word_1_18' title='bbox 2662 498 3064 568; x_wconf 88' lang='lat' dir='ltr'><strong>constituitur,</strong></span> <span class='ocrx_word' id='word_1_19' title='bbox 3080 500 3291 572; x_wconf 76' lang='lat' dir='ltr'><strong>regulae</strong></span> <span class='ocrx_word' id='word_1_20' title='bbox 3321 501 3732 560; x_wconf 83' lang='lat' dir='ltr'>consuluntur.</span> 
     </span>
    </p>
   </div>
   <div class='ocr_carea' id='block_1_6' title="bbox 330 586 1974 665">
    <p class='ocr_par' dir='ltr' id='par_1_6' title="bbox 330 586 1974 665">
     <span class='ocr_line' id='line_1_6' title="bbox 330 586 1974 665; baseline -0.005 -16"><span class='ocrx_word' id='word_1_21' title='bbox 330 590 584 665; x_wconf 80' lang='grc' dir='ltr'>ποδισμοί</span> <span class='ocrx_word' id='word_1_22' title='bbox 641 590 732 645; x_wconf 78' lang='grc' dir='ltr'>καὶ</span> <span class='ocrx_word' id='word_1_23' title='bbox 798 587 1179 662; x_wconf 86' lang='grc' dir='ltr'>προποδισμοὶ</span> <span class='ocrx_word' id='word_1_24' title='bbox 1236 588 1324 643; x_wconf 84' lang='grc' dir='ltr'>καὶ</span> <span class='ocrx_word' id='word_1_25' title='bbox 1386 588 1443 642; x_wconf 73' lang='grc' dir='ltr'>αἱ</span> <span class='ocrx_word' id='word_1_26' title='bbox 1490 586 1660 649; x_wconf 89' lang='grc' dir='ltr'>θέσεις</span> <span class='ocrx_word' id='word_1_27' title='bbox 1702 588 1855 641; x_wconf 78' lang='grc' dir='ltr'>αὗται</span> <span class='ocrx_word' id='word_1_28' title='bbox 1885 588 1974 642; x_wconf 82' lang='grc' dir='ltr'>καὶ</span> 
     </span>
    </p>
   </div>
   <div class='ocr_carea' id='block_1_7' title="bbox 331 675 1974 752">
    <p class='ocr_par' dir='ltr' id='par_1_7' title="bbox 331 675 1974 752">
     <span class='ocr_line' id='line_1_7' title="bbox 331 675 1974 752; baseline -0.005 -14"><span class='ocrx_word' id='word_1_29' title='bbox 331 684 398 738; x_wconf 78' lang='grc' dir='ltr'>τὰ</span> <span class='ocrx_word' id='word_1_30' title='bbox 442 677 619 736; x_wconf 74' lang='grc' dir='ltr'>τοιάδε</span> <span class='ocrx_word' id='word_1_31' title='bbox 700 680 813 733; x_wconf 88' lang='grc' dir='ltr'>τῶν</span> <span class='ocrx_word' id='word_1_32' title='bbox 859 677 1153 748; x_wconf 84' lang='grc' dir='ltr'>πλανήτων</span> <span class='ocrx_word' id='word_1_33' title='bbox 1210 680 1494 752; x_wconf 88' lang='grc' dir='ltr'>σχήματα,</span> <span class='ocrx_word' id='word_1_34' title='bbox 1544 678 1595 731; x_wconf 83' lang='lat' dir='ltr'><strong>o&#39;t</strong></span> <span class='ocrx_word' id='word_1_35' title='bbox 1630 675 1974 749; x_wconf 80' lang='grc' dir='ltr'>πλησιασμοὶ</span> 
     </span>
    </p>
   </div>
   <div class='ocr_carea' id='block_1_8' title="bbox 330 763 1975 841">
    <p class='ocr_par' dir='ltr' id='par_1_8' title="bbox 330 763 1975 841">
     <span class='ocr_line' id='line_1_8' title="bbox 330 763 1975 841; baseline -0.004 -15"><span class='ocrx_word' id='word_1_36' title='bbox 330 792 386 826; x_wconf 86' lang='grc' dir='ltr'>τε</span> <span class='ocrx_word' id='word_1_37' title='bbox 415 772 500 825; x_wconf 69' lang='grc' dir='ltr'>καὶ</span> <span class='ocrx_word' id='word_1_38' title='bbox 525 769 850 829; x_wconf 75' lang='grc' dir='ltr'>ἀποστάσεις</span> <span class='ocrx_word' id='word_1_39' title='bbox 889 767 980 821; x_wconf 79' lang='grc' dir='ltr'>καὶ</span> <span class='ocrx_word' id='word_1_40' title='bbox 1028 766 1095 821; x_wconf 84' lang='grc' dir='ltr'>τὰ</span> <span class='ocrx_word' id='word_1_41' title='bbox 1124 765 1293 821; x_wconf 81' lang='grc' dir='ltr'>λοιπᾶ</span> <span class='ocrx_word' id='word_1_42' title='bbox 1348 763 1447 821; x_wconf 77' lang='grc' dir='ltr'>ὅσα</span> <span class='ocrx_word' id='word_1_43' title='bbox 1497 767 1547 821; x_wconf 76' lang='grc' dir='ltr'>οἱ</span> <span class='ocrx_word' id='word_1_44' title='bbox 1608 765 1975 841; x_wconf 80' lang='grc' dir='ltr'>ἀστρολέσχαι</span> 
     </span>
    </p>
   </div>
   <div class='ocr_carea' id='block_1_9' title="bbox 321 852 1973 938">
    <p class='ocr_par' dir='ltr' id='par_1_9' title="bbox 321 852 1973 938">
     <span class='ocr_line' id='line_1_9' title="bbox 321 852 1973 938; baseline -0.002 -24"><span class='ocrx_word' id='word_1_45' title='bbox 321 859 574 938; x_wconf 71' lang='grc' dir='ltr'>φασὲτῆς</span> <span class='ocrx_word' id='word_1_46' title='bbox 621 858 772 919; x_wconf 87' lang='grc' dir='ltr'>θείας</span> <span class='ocrx_word' id='word_1_47' title='bbox 825 856 1091 931; x_wconf 86' lang='grc' dir='ltr'>προνοίας</span> <span class='ocrx_word' id='word_1_48' title='bbox 1145 852 1611 929; x_wconf 77' lang='grc' dir='ltr'>καταψευδόμενοι</span> <span class='ocrx_word' id='word_1_49' title='bbox 1668 854 1758 910; x_wconf 83' lang='grc' dir='ltr'>καὶ</span> <span class='ocrx_word' id='word_1_50' title='bbox 1803 854 1973 925; x_wconf 87' lang='grc' dir='ltr'>λελη-</span> 
     </span>
    </p>
   </div>
   <div class='ocr_carea' id='block_1_10' title="bbox 316 941 1973 1021">
    <p class='ocr_par' dir='ltr' id='par_1_10' title="bbox 316 941 1973 1021">
     <span class='ocr_line' id='line_1_10' title="bbox 316 941 1973 1021; baseline -0.003 -17"><span class='ocrx_word' id='word_1_51' title='bbox 316 950 491 1015; x_wconf 86' lang='grc' dir='ltr'>θότως</span> <span class='ocrx_word' id='word_1_52' title='bbox 512 947 575 1002; x_wconf 85' lang='grc' dir='ltr'>τὸ</span> <span class='ocrx_word' id='word_1_53' title='bbox 605 944 835 1021; x_wconf 75' lang='grc' dir='ltr'>ε’ἷμαρτο</span> <span class='ocrx_word' id='word_1_54' title='bbox 865 945 955 1000; x_wconf 85' lang='grc' dir='ltr'>καὶ</span> <span class='ocrx_word' id='word_1_55' title='bbox 986 944 1053 1000; x_wconf 73' lang='grc' dir='ltr'>τὰ</span> <span class='ocrx_word' id='word_1_56' title='bbox 1083 941 1380 1021; x_wconf 87' lang='grc' dir='ltr'>δεδογμένα</span> <span class='ocrx_word' id='word_1_57' title='bbox 1427 949 1496 1018; x_wconf 82' lang='grc' dir='ltr'>τῇ</span> <span class='ocrx_word' id='word_1_58' title='bbox 1545 944 1745 1020; x_wconf 74' lang='grc' dir='ltr'>ἀνάγκῃ</span> <span class='ocrx_word' id='word_1_59' title='bbox 1805 944 1973 999; x_wconf 82' lang='grc' dir='ltr'>ἀναλ-</span> 
     </span>
    </p>
   </div>
   <div class='ocr_carea' id='block_1_11' title="bbox 315 1032 1969 1109">
    <p class='ocr_par' dir='ltr' id='par_1_11' title="bbox 315 1032 1969 1109">
     <span class='ocr_line' id='line_1_11' title="bbox 315 1032 1969 1109; baseline -0.004 -15"><span class='ocrx_word' id='word_1_60' title='bbox 315 1037 526 1094; x_wconf 80' lang='grc' dir='ltr'>λοίωτά</span> <span class='ocrx_word' id='word_1_61' title='bbox 562 1058 623 1092; x_wconf 90' lang='grc' dir='ltr'>τε</span> <span class='ocrx_word' id='word_1_62' title='bbox 680 1036 767 1091; x_wconf 79' lang='grc' dir='ltr'>καὶ</span> <span class='ocrx_word' id='word_1_63' title='bbox 832 1032 1210 1090; x_wconf 84' lang='grc' dir='ltr'>ἀνεπίκλωστα</span> <span class='ocrx_word' id='word_1_64' title='bbox 1265 1034 1706 1109; x_wconf 79' lang='grc' dir='ltr'>παρεισάγοντες,</span> <span class='ocrx_word' id='word_1_65' title='bbox 1768 1033 1969 1108; x_wconf 87' lang='grc' dir='ltr'>ὡραίαν</span> 
     </span>
    </p>
   </div>
   <div class='ocr_carea' id='block_1_12' title="bbox 310 1117 1971 1201">
    <p class='ocr_par' dir='ltr' id='par_1_12' title="bbox 310 1117 1971 1201">
     <span class='ocr_line' id='line_1_12' title="bbox 310 1117 1971 1201; baseline -0.003 -18"><span class='ocrx_word' id='word_1_66' title='bbox 310 1123 680 1201; x_wconf 74' lang='grc' dir='ltr'>τῷἊγγέλῳ</span> <span class='ocrx_word' id='word_1_67' title='bbox 710 1124 810 1192; x_wconf 82' lang='grc' dir='ltr'>τήν</span> <span class='ocrx_word' id='word_1_68' title='bbox 828 1118 1010 1194; x_wconf 80' lang='grc' dir='ltr'>ἔξοδον</span> <span class='ocrx_word' id='word_1_69' title='bbox 1055 1117 1370 1196; x_wconf 86' lang='grc' dir='ltr'>ἀπακριϐοῖ.</span> <span class='ocrx_word' id='word_1_70' title='bbox 1431 1125 1538 1179; x_wconf 87' lang='grc' dir='ltr'>Καῖ</span> <span class='ocrx_word' id='word_1_71' title='bbox 1590 1122 1709 1197; x_wconf 84' lang='grc' dir='ltr'>εἶχε</span> <span class='ocrx_word' id='word_1_72' title='bbox 1753 1122 1846 1196; x_wconf 71' lang='grc' dir='ltr'>μὲν</span> <span class='ocrx_word' id='word_1_73' title='bbox 1893 1127 1971 1195; x_wconf 79' lang='grc' dir='ltr'>τῷ</span> 
     </span>
    </p>
   </div>
   <div class='ocr_carea' id='block_1_13' title="bbox 312 1208 1969 1292">
    <p class='ocr_par' dir='ltr' id='par_1_13' title="bbox 312 1208 1969 1292">
     <span class='ocr_line' id='line_1_13' title="bbox 312 1208 1969 1292; baseline -0.005 -19"><span class='ocrx_word' id='word_1_74' title='bbox 312 1213 570 1292; x_wconf 83' lang='grc' dir='ltr'>’Λγγέλῳ</span> <span class='ocrx_word' id='word_1_75' title='bbox 598 1214 668 1269; x_wconf 74' lang='grc' dir='ltr'>τὰ</span> <span class='ocrx_word' id='word_1_76' title='bbox 707 1212 952 1287; x_wconf 78' lang='grc' dir='ltr'>ἐξιτήρια</span> <span class='ocrx_word' id='word_1_77' title='bbox 1006 1213 1416 1285; x_wconf 72' lang='grc' dir='ltr'>συνταξάμενος·</span> <span class='ocrx_word' id='word_1_78' title='bbox 1478 1209 1623 1266; x_wconf 84' lang='grc' dir='ltr'>ἀλλᾶ</span> <span class='ocrx_word' id='word_1_79' title='bbox 1649 1211 1699 1266; x_wconf 86' lang='grc' dir='ltr'>τί</span> <span class='ocrx_word' id='word_1_80' title='bbox 1737 1234 1751 1281; x_wconf 89' lang='lat'><strong>;</strong></span> <span class='ocrx_word' id='word_1_81' title='bbox 1815 1208 1969 1266; x_wconf 72' lang='grc' dir='ltr'>οὔπω</span> 
     </span>
    </p>
   </div>
   <div class='ocr_carea' id='block_1_14' title="bbox 313 1297 1969 1377">
    <p class='ocr_par' dir='ltr' id='par_1_14' title="bbox 313 1297 1969 1377">
     <span class='ocr_line' id='line_1_14' title="bbox 313 1297 1969 1377; baseline -0.004 -17"><span class='ocrx_word' id='word_1_82' title='bbox 313 1305 390 1367; x_wconf 81' lang='grc' dir='ltr'>είς</span> <span class='ocrx_word' id='word_1_83' title='bbox 442 1303 600 1377; x_wconf 75' lang='grc' dir='ltr'>ὀψίαν</span> <span class='ocrx_word' id='word_1_84' title='bbox 639 1301 938 1371; x_wconf 77' lang='grc' dir='ltr'>ἐνειστήκει</span> <span class='ocrx_word' id='word_1_85' title='bbox 997 1301 1025 1355; x_wconf 99' lang='lat'>6</span> <span class='ocrx_word' id='word_1_86' title='bbox 1086 1297 1272 1370; x_wconf 73' lang='grc' dir='ltr'>ἥλιος,</span> <span class='ocrx_word' id='word_1_87' title='bbox 1332 1300 1422 1355; x_wconf 83' lang='grc' dir='ltr'>καὶ</span> <span class='ocrx_word' id='word_1_88' title='bbox 1474 1298 1794 1373; x_wconf 88' lang='grc' dir='ltr'>παλίμπους</span> <span class='ocrx_word' id='word_1_89' title='bbox 1850 1298 1969 1354; x_wconf 81' lang='grc' dir='ltr'>ἐπι-</span> 
     </span>
    </p>
   </div>
   <div class='ocr_carea' id='block_1_15' title="bbox 307 1384 1968 1465">
    <p class='ocr_par' dir='ltr' id='par_1_15' title="bbox 307 1384 1968 1465">
     <span class='ocr_line' id='line_1_15' title="bbox 307 1384 1968 1465; baseline -0.005 -15"><span class='ocrx_word' id='word_1_90' title='bbox 307 1394 608 1455; x_wconf 74' lang='grc' dir='ltr'>τάσσοντος</span> <span class='ocrx_word' id='word_1_91' title='bbox 640 1388 912 1465; x_wconf 82' lang='grc' dir='ltr'>βασιλέως</span> <span class='ocrx_word' id='word_1_92' title='bbox 946 1390 974 1443; x_wconf 90' lang='lat'>6</span> <span class='ocrx_word' id='word_1_93' title='bbox 1016 1391 1418 1449; x_wconf 86' lang='grc' dir='ltr'>Κωνσταντῖνος</span> <span class='ocrx_word' id='word_1_94' title='bbox 1473 1387 1736 1462; x_wconf 86' lang='grc' dir='ltr'>γίγνεται.</span> <span class='ocrx_word' id='word_1_95' title='bbox 1792 1388 1860 1442; x_wconf 82' lang='grc' dir='ltr'>Τὸ</span> <span class='ocrx_word' id='word_1_96' title='bbox 1920 1384 1968 1441; x_wconf 83' lang='grc' dir='ltr'>δ’</span> 
     </span>
    </p>
   </div>
   <div class='ocr_carea' id='block_1_16' title="bbox 310 1474 1969 1552">
    <p class='ocr_par' dir='ltr' id='par_1_16' title="bbox 310 1474 1969 1552">
     <span class='ocr_line' id='line_1_16' title="bbox 310 1474 1969 1552; baseline -0.004 -14"><span class='ocrx_word' id='word_1_97' title='bbox 310 1481 486 1538; x_wconf 77' lang='grc' dir='ltr'>α’ίτιον</span> <span class='ocrx_word' id='word_1_98' title='bbox 551 1483 586 1549; x_wconf 80' lang='grc' dir='ltr'>ἡ</span> <span class='ocrx_word' id='word_1_99' title='bbox 644 1486 746 1548; x_wconf 82' lang='grc' dir='ltr'>τῆς</span> <span class='ocrx_word' id='word_1_100' title='bbox 798 1474 982 1548; x_wconf 78' lang='grc' dir='ltr'>ἐξόδου</span> <span class='ocrx_word' id='word_1_101' title='bbox 1042 1477 1280 1552; x_wconf 86' lang='grc' dir='ltr'>ἀκαιρία,</span> <span class='ocrx_word' id='word_1_102' title='bbox 1337 1477 1429 1532; x_wconf 76' lang='grc' dir='ltr'>καὶ</span> <span class='ocrx_word' id='word_1_103' title='bbox 1477 1477 1539 1531; x_wconf 88' lang='grc' dir='ltr'>τὸ</span> <span class='ocrx_word' id='word_1_104' title='bbox 1583 1478 1683 1546; x_wconf 77' lang='grc' dir='ltr'>τῆς</span> <span class='ocrx_word' id='word_1_105' title='bbox 1717 1474 1847 1531; x_wconf 88' lang='grc' dir='ltr'>ὁδοῦ</span> <span class='ocrx_word' id='word_1_106' title='bbox 1878 1479 1969 1532; x_wconf 87' lang='grc' dir='ltr'>τὸν</span> 
     </span>
    </p>
   </div>
   <div class='ocr_carea' id='block_1_17' title="bbox 2090 587 3738 666">
    <p class='ocr_par' dir='ltr' id='par_1_17' title="bbox 2090 587 3738 666">
     <span class='ocr_line' id='line_1_17' title="bbox 2090 587 3738 666; baseline 0.005 -23"><span class='ocrx_word' id='word_1_107' title='bbox 2090 587 2224 644; x_wconf 88' lang='lat' dir='ltr'><strong>Post</strong></span> <span class='ocrx_word' id='word_1_108' title='bbox 2257 589 2489 662; x_wconf 81' lang='lat' dir='ltr'>longam</span> <span class='ocrx_word' id='word_1_109' title='bbox 2511 596 2804 646; x_wconf 88' lang='lat' dir='ltr'><strong>astrorum</strong></span> <span class='ocrx_word' id='word_1_110' title='bbox 2839 590 3270 663; x_wconf 85' lang='lat' dir='ltr'><strong>indagationem</strong></span> <span class='ocrx_word' id='word_1_111' title='bbox 3293 596 3351 648; x_wconf 89' lang='lat' dir='ltr'>et</span> <span class='ocrx_word' id='word_1_112' title='bbox 3382 596 3738 666; x_wconf 86' lang='lat' dir='ltr'><strong>contempta-</strong></span> 
     </span>
    </p>
   </div>
   <div class='ocr_carea' id='block_1_18' title="bbox 2088 677 3734 751">
    <p class='ocr_par' dir='ltr' id='par_1_18' title="bbox 2088 677 3734 751">
     <span class='ocr_line' id='line_1_18' title="bbox 2088 677 3734 751; baseline 0.007 -20"><span class='ocrx_word' id='word_1_113' title='bbox 2088 677 2301 733; x_wconf 90' lang='lat' dir='ltr'><strong>tionem</strong></span> <span class='ocrx_word' id='word_1_114' title='bbox 2334 679 2589 751; x_wconf 85' lang='lat' dir='ltr'>Angelus</span> <span class='ocrx_word' id='word_1_115' title='bbox 2657 681 2774 735; x_wconf 81' lang='lat' dir='ltr'><strong>exit</strong></span> <span class='ocrx_word' id='word_1_116' title='bbox 2831 697 2963 736; x_wconf 90' lang='lat' dir='ltr'>cum</span> <span class='ocrx_word' id='word_1_117' title='bbox 3024 680 3416 738; x_wconf 81' lang='lat' dir='ltr'><strong>beneficorum</strong></span> <span class='ocrx_word' id='word_1_118' title='bbox 3477 683 3734 742; x_wconf 81' lang='lat' dir='ltr'>siderum</span> 
     </span>
    </p>
   </div>
   <div class='ocr_carea' id='block_1_19' title="bbox 2087 765 3739 830">
    <p class='ocr_par' dir='ltr' id='par_1_19' title="bbox 2087 765 3739 830">
     <span class='ocr_line' id='line_1_19' title="bbox 2087 765 3739 830; baseline 0.007 -11"><span class='ocrx_word' id='word_1_119' title='bbox 2087 765 2388 822; x_wconf 90' lang='lat' dir='ltr'><strong>comitatu.</strong></span> <span class='ocrx_word' id='word_1_120' title='bbox 2423 768 2534 823; x_wconf 88' lang='lat' dir='ltr'>Sed</span> <span class='ocrx_word' id='word_1_121' title='bbox 2566 768 2665 824; x_wconf 89' lang='lat' dir='ltr'><strong>illa</strong></span> <span class='ocrx_word' id='word_1_122' title='bbox 2695 769 2848 824; x_wconf 73' lang='lat' dir='ltr'><strong>horae</strong></span> <span class='ocrx_word' id='word_1_123' title='bbox 2882 770 3206 826; x_wconf 82' lang='lat' dir='ltr'>observatio</span> <span class='ocrx_word' id='word_1_124' title='bbox 3238 775 3465 826; x_wconf 88' lang='lat' dir='ltr'><strong>tantum</strong></span> <span class='ocrx_word' id='word_1_125' title='bbox 3522 772 3739 830; x_wconf 83' lang='lat' dir='ltr'><strong>Roma-</strong></span> 
     </span>
    </p>
   </div>
   <div class='ocr_carea' id='block_1_20' title="bbox 2086 854 3738 930">
    <p class='ocr_par' dir='ltr' id='par_1_20' title="bbox 2086 854 3738 930">
     <span class='ocr_line' id='line_1_20' title="bbox 2086 854 3738 930; baseline 0.005 -21"><span class='ocrx_word' id='word_1_126' title='bbox 2086 854 2179 910; x_wconf 90' lang='lat' dir='ltr'><strong>nis</strong></span> <span class='ocrx_word' id='word_1_127' title='bbox 2211 856 2449 925; x_wconf 78' lang='lat' dir='ltr'>profuit,</span> <span class='ocrx_word' id='word_1_128' title='bbox 2492 857 2869 930; x_wconf 86' lang='lat' dir='ltr'><strong>priorumque</strong></span> <span class='ocrx_word' id='word_1_129' title='bbox 2901 859 3115 914; x_wconf 90' lang='lat' dir='ltr'><strong>ducum</strong></span> <span class='ocrx_word' id='word_1_130' title='bbox 3150 863 3345 916; x_wconf 90' lang='lat' dir='ltr'><strong>errata</strong></span> <span class='ocrx_word' id='word_1_131' title='bbox 3383 860 3463 917; x_wconf 88' lang='lat' dir='ltr'>ita</span> <span class='ocrx_word' id='word_1_132' title='bbox 3492 863 3738 919; x_wconf 79' lang='lat' dir='ltr'><strong>correxit</strong></span> 
     </span>
    </p>
   </div>
   <div class='ocr_carea' id='block_1_21' title="bbox 2085 945 3734 1017">
    <p class='ocr_par' dir='ltr' id='par_1_21' title="bbox 2085 945 3734 1017">
     <span class='ocr_line' id='line_1_21' title="bbox 2085 945 3734 1017; baseline 0.007 -19"><span class='ocrx_word' id='word_1_133' title='bbox 2085 947 2139 998; x_wconf 87' lang='lat' dir='ltr'>et</span> <span class='ocrx_word' id='word_1_134' title='bbox 2172 951 2407 1017; x_wconf 88' lang='lat' dir='ltr'><strong>accepta</strong></span> <span class='ocrx_word' id='word_1_135' title='bbox 2461 945 2815 1003; x_wconf 88' lang='lat' dir='ltr'><strong>detrimenta</strong></span> <span class='ocrx_word' id='word_1_136' title='bbox 2870 948 3137 1014; x_wconf 89' lang='lat' dir='ltr'><strong>resarsit,</strong></span> <span class='ocrx_word' id='word_1_137' title='bbox 3197 953 3262 1004; x_wconf 89' lang='lat' dir='ltr'><strong>ut</strong></span> <span class='ocrx_word' id='word_1_138' title='bbox 3315 949 3734 1009; x_wconf 82' lang='lat' dir='ltr'><strong>Constantinus</strong></span> 
     </span>
    </p>
   </div>
   <div class='ocr_carea' id='block_1_22' title="bbox 2083 1033 3729 1109">
    <p class='ocr_par' dir='ltr' id='par_1_22' title="bbox 2083 1033 3729 1109">
     <span class='ocr_line' id='line_1_22' title="bbox 2083 1033 3729 1109; baseline 0.006 -23"><span class='ocrx_word' id='word_1_139' title='bbox 2083 1033 2282 1088; x_wconf 80' lang='lat' dir='ltr'>statim</span> <span class='ocrx_word' id='word_1_140' title='bbox 2318 1033 2572 1090; x_wconf 87' lang='lat' dir='ltr'><strong>hostium</strong></span> <span class='ocrx_word' id='word_1_141' title='bbox 2634 1035 2907 1093; x_wconf 90' lang='lat' dir='ltr'><strong>manibus</strong></span> <span class='ocrx_word' id='word_1_142' title='bbox 2946 1042 3269 1109; x_wconf 82' lang='lat' dir='ltr'>caperetur.</span> <span class='ocrx_word' id='word_1_143' title='bbox 3302 1038 3447 1094; x_wconf 87' lang='lat' dir='ltr'><strong>Nam</strong></span> <span class='ocrx_word' id='word_1_144' title='bbox 3480 1056 3608 1095; x_wconf 93' lang='lat' dir='ltr'>cum</span> <span class='ocrx_word' id='word_1_145' title='bbox 3638 1043 3729 1096; x_wconf 88' lang='lat' dir='ltr'><strong>in-</strong></span> 
     </span>
    </p>
   </div>
   <div class='ocr_carea' id='block_1_23' title="bbox 2082 1122 3729 1203">
    <p class='ocr_par' dir='ltr' id='par_1_23' title="bbox 2082 1122 3729 1203">
     <span class='ocr_line' id='line_1_23' title="bbox 2082 1122 3729 1203; baseline 0.005 -24"><span class='ocrx_word' id='word_1_146' title='bbox 2082 1122 2506 1197; x_wconf 77' lang='lat' dir='ltr'><strong>circumSpecte</strong></span> <span class='ocrx_word' id='word_1_147' title='bbox 2537 1127 2849 1198; x_wconf 87' lang='lat' dir='ltr'><strong>navigaret,</strong></span> <span class='ocrx_word' id='word_1_148' title='bbox 2881 1144 2912 1183; x_wconf 90' lang='lat' dir='ltr'>a</span> <span class='ocrx_word' id='word_1_149' title='bbox 2939 1127 3150 1183; x_wconf 87' lang='lat' dir='ltr'>Siculis</span> <span class='ocrx_word' id='word_1_150' title='bbox 3206 1129 3570 1200; x_wconf 81' lang='lat' dir='ltr'>triremibus,</span> <span class='ocrx_word' id='word_1_151' title='bbox 3598 1148 3729 1203; x_wconf 70' lang='lat' dir='ltr'>qum</span> 
     </span>
    </p>
   </div>
   <div class='ocr_carea' id='block_1_24' title="bbox 2081 1216 3727 1293">
    <p class='ocr_par' dir='ltr' id='par_1_24' title="bbox 2081 1216 3727 1293">
     <span class='ocr_line' id='line_1_24' title="bbox 2081 1216 3727 1293; baseline 0.005 -25"><span class='ocrx_word' id='word_1_152' title='bbox 2081 1228 2241 1269; x_wconf 89' lang='lat' dir='ltr'><strong>mare</strong></span> <span class='ocrx_word' id='word_1_153' title='bbox 2264 1216 2601 1284; x_wconf 87' lang='lat' dir='ltr'><strong>tuebantur,</strong></span> <span class='ocrx_word' id='word_1_154' title='bbox 2634 1217 3097 1289; x_wconf 88' lang='lat' dir='ltr'><strong>comprehensus</strong></span> <span class='ocrx_word' id='word_1_155' title='bbox 3155 1219 3226 1273; x_wconf 92' lang='lat' dir='ltr'>ad</span> <span class='ocrx_word' id='word_1_156' title='bbox 3293 1236 3486 1292; x_wconf 81' lang='lat' dir='ltr'><strong>regem</strong></span> <span class='ocrx_word' id='word_1_157' title='bbox 3513 1222 3727 1293; x_wconf 85' lang='lat' dir='ltr'><strong>perdu-</strong></span> 
     </span>
    </p>
   </div>
   <div class='ocr_carea' id='block_1_25' title="bbox 2080 1303 3726 1381">
    <p class='ocr_par' dir='ltr' id='par_1_25' title="bbox 2080 1303 3726 1381">
     <span class='ocr_line' id='line_1_25' title="bbox 2080 1303 3726 1381; baseline 0.005 -24"><span class='ocrx_word' id='word_1_158' title='bbox 2080 1303 2268 1371; x_wconf 90' lang='lat' dir='ltr'><strong>citur;</strong></span> <span class='ocrx_word' id='word_1_159' title='bbox 2294 1305 2393 1375; x_wconf 90' lang='lat' dir='ltr'>qui</span> <span class='ocrx_word' id='word_1_160' title='bbox 2423 1322 2491 1361; x_wconf 91' lang='lat' dir='ltr'>ea</span> <span class='ocrx_word' id='word_1_161' title='bbox 2520 1304 2917 1376; x_wconf 89' lang='lat' dir='ltr'><strong>pulcherrima</strong></span> <span class='ocrx_word' id='word_1_162' title='bbox 2975 1308 3171 1381; x_wconf 75' lang='lat' dir='ltr'><strong>praeda</strong></span> <span class='ocrx_word' id='word_1_163' title='bbox 3229 1307 3569 1380; x_wconf 82' lang='lat' dir='ltr'>delectatus,</span> <span class='ocrx_word' id='word_1_164' title='bbox 3603 1317 3726 1367; x_wconf 81' lang='lat' dir='ltr'><strong>suis</strong></span> 
     </span>
    </p>
   </div>
   <div class='ocr_carea' id='block_1_26' title="bbox 2079 1391 3722 1467">
    <p class='ocr_par' dir='ltr' id='par_1_26' title="bbox 2079 1391 3722 1467">
     <span class='ocr_line' id='line_1_26' title="bbox 2079 1391 3722 1467; baseline 0.005 -20"><span class='ocrx_word' id='word_1_165' title='bbox 2079 1391 2442 1462; x_wconf 84' lang='lat' dir='ltr'><strong>collaudatis,</strong></span> <span class='ocrx_word' id='word_1_166' title='bbox 2492 1408 2625 1448; x_wconf 92' lang='lat' dir='ltr'>eum</span> <span class='ocrx_word' id='word_1_167' title='bbox 2677 1411 2909 1467; x_wconf 87' lang='lat' dir='ltr'><strong>quoque</strong></span> <span class='ocrx_word' id='word_1_168' title='bbox 2966 1396 3221 1453; x_wconf 89' lang='lat' dir='ltr'><strong>vinctum</strong></span> <span class='ocrx_word' id='word_1_169' title='bbox 3282 1398 3343 1453; x_wconf 90' lang='lat' dir='ltr'><strong>in</strong></span> <span class='ocrx_word' id='word_1_170' title='bbox 3396 1399 3722 1455; x_wconf 85' lang='lat' dir='ltr'><strong>custodiam</strong></span> 
     </span>
    </p>
   </div>
   <div class='ocr_carea' id='block_1_27' title="bbox 2078 1481 2256 1537">
    <p class='ocr_par' dir='ltr' id='par_1_27' title="bbox 2078 1481 2256 1537">
     <span class='ocr_line' id='line_1_27' title="bbox 2078 1481 2256 1537; baseline 0 -2"><span class='ocrx_word' id='word_1_171' title='bbox 2078 1481 2256 1537; x_wconf 88' lang='lat' dir='ltr'><strong>dedit.</strong></span> 
     </span>
    </p>
   </div>
   <div class='ocr_carea' id='block_1_28' title="bbox 307 1566 3724 1652">
    <p class='ocr_par' dir='ltr' id='par_1_28' title="bbox 307 1566 3724 1652">
     <span class='ocr_line' id='line_1_28' title="bbox 307 1566 3724 1652; baseline 0.002 -29"><span class='ocrx_word' id='word_1_172' title='bbox 307 1568 593 1648; x_wconf 65' lang='grc' dir='ltr'>’Ἄγγελον</span> <span class='ocrx_word' id='word_1_173' title='bbox 653 1569 888 1643; x_wconf 69' lang='grc' dir='ltr'>ἅψασθαι</span> <span class='ocrx_word' id='word_1_174' title='bbox 946 1567 1052 1643; x_wconf 78' lang='grc' dir='ltr'>οὐχ</span> <span class='ocrx_word' id='word_1_175' title='bbox 1109 1568 1182 1629; x_wconf 86' lang='grc' dir='ltr'>ὡς</span> <span class='ocrx_word' id='word_1_176' title='bbox 1236 1566 1427 1641; x_wconf 78' lang='grc' dir='ltr'>ἀγαθοὶ</span> <span class='ocrx_word' id='word_1_177' title='bbox 1481 1566 1865 1641; x_wconf 78' lang='grc' dir='ltr'>σχηματισμοὶ</span> <span class='ocrx_word' id='word_1_178' title='bbox 1921 1569 2029 1621; x_wconf 88' lang='grc' dir='ltr'>τῶν</span> <span class='ocrx_word' id='word_1_179' title='bbox 2100 1569 2335 1642; x_wconf 88' lang='grc' dir='ltr'>ἀστέρων</span> <span class='ocrx_word' id='word_1_180' title='bbox 2392 1567 2641 1625; x_wconf 80' lang='grc' dir='ltr'>ἐκέλευον</span> <span class='ocrx_word' id='word_1_181' title='bbox 2699 1568 2736 1641; x_wconf 75' lang='grc' dir='ltr'>ἤ</span> <span class='ocrx_word' id='word_1_182' title='bbox 2785 1577 2913 1648; x_wconf 91' lang='grc' dir='ltr'>γοῦν</span> <span class='ocrx_word' id='word_1_183' title='bbox 2969 1574 3003 1643; x_wconf 81' lang='grc' dir='ltr'>ἡ</span> <span class='ocrx_word' id='word_1_184' title='bbox 3064 1569 3313 1648; x_wconf 88' lang='grc' dir='ltr'>ἀκρίϐεια</span> <span class='ocrx_word' id='word_1_185' title='bbox 3343 1582 3575 1652; x_wconf 84' lang='grc' dir='ltr'>παρεῖχε</span> <span class='ocrx_word' id='word_1_186' title='bbox 3613 1582 3724 1631; x_wconf 88' lang='grc' dir='ltr'>τῶν</span> 
     </span>
    </p>
   </div>
   <div class='ocr_carea' id='block_1_29' title="bbox 306 1653 3718 1740">
    <p class='ocr_par' dir='ltr' id='par_1_29' title="bbox 306 1653 3718 1740">
     <span class='ocr_line' id='line_1_29' title="bbox 306 1653 3718 1740; baseline 0.002 -25"><span class='ocrx_word' id='word_1_187' title='bbox 306 1669 409 1732; x_wconf 79' lang='grc' dir='ltr'>τῆς</span> <span class='ocrx_word' id='word_1_188' title='bbox 443 1657 976 1735; x_wconf 73' lang='grc' dir='ltr'>ἁστρονομουμένης</span> <span class='ocrx_word' id='word_1_189' title='bbox 1025 1657 1255 1732; x_wconf 84' lang='grc' dir='ltr'>σφαίρας</span> <span class='ocrx_word' id='word_1_190' title='bbox 1312 1655 1575 1726; x_wconf 82' lang='grc' dir='ltr'>κανόνων,</span> <span class='ocrx_word' id='word_1_191' title='bbox 1620 1653 1748 1712; x_wconf 81' lang='grc' dir='ltr'>ἀλλ’</span> <span class='ocrx_word' id='word_1_192' title='bbox 1805 1656 1879 1716; x_wconf 86' lang='grc' dir='ltr'>ὡς</span> <span class='ocrx_word' id='word_1_193' title='bbox 1939 1656 1990 1710; x_wconf 76' lang='grc' dir='ltr'>οἱ</span> <span class='ocrx_word' id='word_1_194' title='bbox 2043 1654 2323 1735; x_wconf 74' lang='grc' dir='ltr'>φλήναφοι</span> <span class='ocrx_word' id='word_1_195' title='bbox 2383 1656 2705 1727; x_wconf 77' lang='grc' dir='ltr'>ἐνεδίδοσαν,</span> <span class='ocrx_word' id='word_1_196' title='bbox 2765 1666 2945 1724; x_wconf 88' lang='grc' dir='ltr'>κακῶς</span> <span class='ocrx_word' id='word_1_197' title='bbox 3004 1662 3298 1739; x_wconf 80' lang='grc' dir='ltr'>φάσκοντες</span> <span class='ocrx_word' id='word_1_198' title='bbox 3350 1665 3436 1719; x_wconf 84' lang='grc' dir='ltr'>καὶ</span> <span class='ocrx_word' id='word_1_199' title='bbox 3495 1665 3718 1740; x_wconf 83' lang='grc' dir='ltr'>παχέως</span> 
     </span>
    </p>
   </div>
   <div class='ocr_carea' id='block_1_30' title="bbox 304 1742 3720 1826">
    <p class='ocr_par' dir='ltr' id='par_1_30' title="bbox 304 1742 3720 1826">
     <span class='ocr_line' id='line_1_30' title="bbox 304 1742 3720 1826; baseline 0.001 -20"><span class='ocrx_word' id='word_1_200' title='bbox 304 1757 424 1815; x_wconf 89' lang='grc' dir='ltr'>τοῖς</span> <span class='ocrx_word' id='word_1_201' title='bbox 455 1749 682 1811; x_wconf 86' lang='grc' dir='ltr'>λεπτοῖς</span> <span class='ocrx_word' id='word_1_202' title='bbox 733 1742 1149 1815; x_wconf 72' lang='grc' dir='ltr'>ἐπιϐάλλοντες,</span> <span class='ocrx_word' id='word_1_203' title='bbox 1186 1746 1472 1809; x_wconf 75' lang='grc' dir='ltr'>κάντεῦθεν</span> <span class='ocrx_word' id='word_1_204' title='bbox 1549 1744 1672 1819; x_wconf 80' lang='grc' dir='ltr'>περὶ</span> <span class='ocrx_word' id='word_1_205' title='bbox 1712 1746 1812 1815; x_wconf 71' lang='grc' dir='ltr'>τὴν</span> <span class='ocrx_word' id='word_1_206' title='bbox 1837 1751 1937 1813; x_wconf 84' lang='grc' dir='ltr'>τῆς</span> <span class='ocrx_word' id='word_1_207' title='bbox 2015 1744 2219 1818; x_wconf 85' lang='grc' dir='ltr'>ὡραίας</span> <span class='ocrx_word' id='word_1_208' title='bbox 2296 1746 2439 1821; x_wconf 82' lang='grc' dir='ltr'>ὥρας</span> <span class='ocrx_word' id='word_1_209' title='bbox 2472 1746 2851 1826; x_wconf 69' lang='grc' dir='ltr'>σφαλλόμενοι</span> <span class='ocrx_word' id='word_1_210' title='bbox 2927 1750 3149 1826; x_wconf 74' lang='grc' dir='ltr'>εὕρεσιν.</span> <span class='ocrx_word' id='word_1_211' title='bbox 3200 1751 3374 1808; x_wconf 82' lang='grc' dir='ltr'>Πάλιν</span> <span class='ocrx_word' id='word_1_212' title='bbox 3405 1753 3589 1808; x_wconf 86' lang='grc' dir='ltr'>τοίνυν</span> <span class='ocrx_word' id='word_1_213' title='bbox 3629 1757 3720 1809; x_wconf 87' lang='grc' dir='ltr'>θε-</span> 
     </span>
    </p>
   </div>
   <div class='ocr_carea' id='block_1_31' title="bbox 306 1829 3719 1917">
    <p class='ocr_par' dir='ltr' id='par_1_31' title="bbox 306 1829 3719 1917">
     <span class='ocr_line' id='line_1_31' title="bbox 306 1829 3719 1917; baseline 0.001 -22"><span class='ocrx_word' id='word_1_214' title='bbox 306 1843 504 1915; x_wconf 77' lang='grc' dir='ltr'>ματιον</span> <span class='ocrx_word' id='word_1_215' title='bbox 540 1837 803 1893; x_wconf 78' lang='grc' dir='ltr'>διετίθετο</span> <span class='ocrx_word' id='word_1_216' title='bbox 878 1836 967 1891; x_wconf 84' lang='grc' dir='ltr'>καὶ</span> <span class='ocrx_word' id='word_1_217' title='bbox 1040 1836 1261 1897; x_wconf 88' lang='grc' dir='ltr'>κανόνες</span> <span class='ocrx_word' id='word_1_218' title='bbox 1336 1829 1763 1911; x_wconf 83' lang='grc' dir='ltr'>ἀπηκριϐοῦντο.</span> <span class='ocrx_word' id='word_1_219' title='bbox 1845 1835 1947 1890; x_wconf 85' lang='grc' dir='ltr'>Καὶ</span> <span class='ocrx_word' id='word_1_220' title='bbox 2021 1832 2165 1890; x_wconf 78' lang='grc' dir='ltr'>οὕτω</span> <span class='ocrx_word' id='word_1_221' title='bbox 2201 1836 2332 1909; x_wconf 84' lang='grc' dir='ltr'>μετᾶ</span> <span class='ocrx_word' id='word_1_222' title='bbox 2407 1835 2625 1907; x_wconf 73' lang='grc' dir='ltr'>πολλὴν</span> <span class='ocrx_word' id='word_1_223' title='bbox 2698 1843 2804 1893; x_wconf 88' lang='grc' dir='ltr'>τῶν</span> <span class='ocrx_word' id='word_1_224' title='bbox 2878 1839 3089 1916; x_wconf 83' lang='grc' dir='ltr'>ἄστρων</span> <span class='ocrx_word' id='word_1_225' title='bbox 3162 1839 3379 1916; x_wconf 84' lang='grc' dir='ltr'>’ἐρευναν</span> <span class='ocrx_word' id='word_1_226' title='bbox 3412 1841 3501 1897; x_wconf 83' lang='grc' dir='ltr'>καὶ</span> <span class='ocrx_word' id='word_1_227' title='bbox 3531 1844 3719 1917; x_wconf 76' lang='grc' dir='ltr'>σκέψιν</span> 
     </span>
    </p>
   </div>
   <div class='ocr_carea' id='block_1_32' title="bbox 302 1918 3722 2006">
    <p class='ocr_par' dir='ltr' id='par_1_32' title="bbox 302 1918 3722 2006">
     <span class='ocr_line' id='line_1_32' title="bbox 302 1918 3722 2006; baseline 0 -20"><span class='ocrx_word' id='word_1_228' title='bbox 302 1932 389 1986; x_wconf 80' lang='grc' dir='ltr'>καὶ</span> <span class='ocrx_word' id='word_1_229' title='bbox 447 1928 850 2005; x_wconf 79' lang='grc' dir='ltr'>περισκόπησιν</span> <span class='ocrx_word' id='word_1_230' title='bbox 930 1927 959 1980; x_wconf 91' lang='lat'>6</span> <span class='ocrx_word' id='word_1_231' title='bbox 1032 1923 1296 2000; x_wconf 72' lang='grc' dir='ltr'>Ἀγγελος</span> <span class='ocrx_word' id='word_1_232' title='bbox 1368 1918 1553 1995; x_wconf 74' lang='grc' dir='ltr'>ἔξεισι,</span> <span class='ocrx_word' id='word_1_233' title='bbox 1628 1928 1747 1984; x_wconf 90' lang='grc' dir='ltr'>ταῖς</span> <span class='ocrx_word' id='word_1_234' title='bbox 1822 1926 1929 1978; x_wconf 90' lang='grc' dir='ltr'>τῶν</span> <span class='ocrx_word' id='word_1_235' title='bbox 2001 1922 2345 2000; x_wconf 81' lang='grc' dir='ltr'>ἀγαθοποιῶν</span> <span class='ocrx_word' id='word_1_236' title='bbox 2426 1926 2671 2005; x_wconf 83' lang='grc' dir='ltr'>ἀστὲρῶν</span> <span class='ocrx_word' id='word_1_237' title='bbox 2748 1931 3176 2006; x_wconf 79' lang='grc' dir='ltr'>συνεξωρμηκὼς</span> <span class='ocrx_word' id='word_1_238' title='bbox 3252 1933 3547 2002; x_wconf 75' lang='grc' dir='ltr'>κινήσεσιν.</span> <span class='ocrx_word' id='word_1_239' title='bbox 3627 1934 3722 1997; x_wconf 90' lang='grc' dir='ltr'>Ἐς</span> 
     </span>
    </p>
   </div>
   <div class='ocr_carea' id='block_1_33' title="bbox 299 2010 3720 2100">
    <p class='ocr_par' dir='ltr' id='par_1_33' title="bbox 299 2010 3720 2100">
     <span class='ocr_line' id='line_1_33' title="bbox 299 2010 3720 2100; baseline -0 -22"><span class='ocrx_word' id='word_1_240' title='bbox 299 2025 564 2079; x_wconf 87' lang='grc' dir='ltr'>τοσοῦτον</span> <span class='ocrx_word' id='word_1_241' title='bbox 628 2016 687 2073; x_wconf 73' lang='grc' dir='ltr'>δὲ</span> <span class='ocrx_word' id='word_1_242' title='bbox 743 2014 851 2092; x_wconf 73' lang='grc' dir='ltr'>ἄρα</span> <span class='ocrx_word' id='word_1_243' title='bbox 910 2016 977 2071; x_wconf 73' lang='grc' dir='ltr'>τὰ</span> <span class='ocrx_word' id='word_1_244' title='bbox 1031 2019 1139 2070; x_wconf 89' lang='grc' dir='ltr'>τῶν</span> <span class='ocrx_word' id='word_1_245' title='bbox 1195 2014 1487 2088; x_wconf 83' lang='grc' dir='ltr'>Ῥωμαίων</span> <span class='ocrx_word' id='word_1_246' title='bbox 1543 2010 1722 2085; x_wconf 83' lang='grc' dir='ltr'>ὤνησε</span> <span class='ocrx_word' id='word_1_247' title='bbox 1779 2014 2076 2089; x_wconf 76' lang='grc' dir='ltr'>πράγματα</span> <span class='ocrx_word' id='word_1_248' title='bbox 2129 2017 2165 2084; x_wconf 81' lang='grc' dir='ltr'><strong>ἡ</strong></span> <span class='ocrx_word' id='word_1_249' title='bbox 2230 2022 2331 2085; x_wconf 71' lang='grc' dir='ltr'>τῆς</span> <span class='ocrx_word' id='word_1_250' title='bbox 2398 2015 2541 2092; x_wconf 87' lang='grc' dir='ltr'>ὣρας</span> <span class='ocrx_word' id='word_1_251' title='bbox 2597 2016 2884 2097; x_wconf 75' lang='grc' dir='ltr'>ἀσφάλεια,</span> <span class='ocrx_word' id='word_1_252' title='bbox 2934 2019 3066 2090; x_wconf 73' lang='grc' dir='ltr'><strong>ἢτᾶ</strong></span> <span class='ocrx_word' id='word_1_253' title='bbox 3094 2025 3201 2076; x_wconf 90' lang='grc' dir='ltr'>τῶν</span> <span class='ocrx_word' id='word_1_254' title='bbox 3232 2022 3424 2097; x_wconf 82' lang='grc' dir='ltr'>πρώην</span> <span class='ocrx_word' id='word_1_255' title='bbox 3455 2022 3720 2100; x_wconf 74' lang='grc' dir='ltr'>ἄρχηγῶν</span> 
     </span>
    </p>
   </div>
   <div class='ocr_carea' id='block_1_34' title="bbox 302 2097 3721 2187">
    <p class='ocr_par' dir='ltr' id='par_1_34' title="bbox 302 2097 3721 2187">
     <span class='ocr_line' id='line_1_34' title="bbox 302 2097 3721 2187; baseline -0.002 -20"><span class='ocrx_word' id='word_1_256' title='bbox 302 2112 603 2187; x_wconf 79' lang='grc' dir='ltr'>ἆνώρθωσε</span> <span class='ocrx_word' id='word_1_257' title='bbox 648 2107 966 2179; x_wconf 83' lang='grc' dir='ltr'>πταίσματα</span> <span class='ocrx_word' id='word_1_258' title='bbox 1005 2103 1094 2159; x_wconf 85' lang='grc' dir='ltr'>καὶ</span> <span class='ocrx_word' id='word_1_259' title='bbox 1153 2102 1207 2159; x_wconf 83' lang='grc' dir='ltr'>εἷ’</span> <span class='ocrx_word' id='word_1_260' title='bbox 1244 2103 1295 2159; x_wconf 91' lang='grc' dir='ltr'>τί</span> <span class='ocrx_word' id='word_1_261' title='bbox 1355 2103 1599 2177; x_wconf 81' lang='grc' dir='ltr'>ἀντίξουν</span> <span class='ocrx_word' id='word_1_262' title='bbox 1665 2097 1978 2175; x_wconf 79' lang='grc' dir='ltr'>συμϐέϐηκε</span> <span class='ocrx_word' id='word_1_263' title='bbox 2055 2105 2457 2176; x_wconf 75' lang='grc' dir='ltr'>μετεσκεύασεν,</span> <span class='ocrx_word' id='word_1_264' title='bbox 2520 2108 2593 2170; x_wconf 87' lang='grc' dir='ltr'>ὡς</span> <span class='ocrx_word' id='word_1_265' title='bbox 2643 2106 2703 2163; x_wconf 77' lang='grc' dir='ltr'>ἐκ</span> <span class='ocrx_word' id='word_1_266' title='bbox 2753 2113 2850 2165; x_wconf 89' lang='grc' dir='ltr'>τοῦ</span> <span class='ocrx_word' id='word_1_267' title='bbox 2907 2111 3206 2184; x_wconf 83' lang='grc' dir='ltr'>ηαραυτίκα</span> <span class='ocrx_word' id='word_1_268' title='bbox 3254 2112 3443 2186; x_wconf 79' lang='grc' dir='ltr'>χερσὶν</span> <span class='ocrx_word' id='word_1_269' title='bbox 3507 2110 3721 2167; x_wconf 77' lang='grc' dir='ltr'>ἁλῶναι</span> 
     </span>
    </p>
   </div>
   <div class='ocr_carea' id='block_1_35' title="bbox 300 2192 3714 2282">
    <p class='ocr_par' dir='ltr' id='par_1_35' title="bbox 300 2192 3714 2282">
     <span class='ocr_line' id='line_1_35' title="bbox 300 2192 3714 2282; baseline -0.001 -24"><span class='ocrx_word' id='word_1_270' title='bbox 300 2207 409 2259; x_wconf 87' lang='grc' dir='ltr'>τῶν</span> <span class='ocrx_word' id='word_1_271' title='bbox 483 2196 773 2271; x_wconf 81' lang='grc' dir='ltr'>πολεμίων</span> <span class='ocrx_word' id='word_1_272' title='bbox 846 2196 935 2250; x_wconf 85' lang='grc' dir='ltr'>τὸν</span> <span class='ocrx_word' id='word_1_273' title='bbox 1015 2198 1441 2252; x_wconf 83' lang='grc' dir='ltr'>Κωνσταντῖνον.</span> <span class='ocrx_word' id='word_1_274' title='bbox 1511 2192 1952 2268; x_wconf 79' lang='grc' dir='ltr'>Ἀπερισκέπτως</span> <span class='ocrx_word' id='word_1_275' title='bbox 2007 2193 2109 2270; x_wconf 87' lang='grc' dir='ltr'>γὰρ</span> <span class='ocrx_word' id='word_1_276' title='bbox 2188 2194 2263 2257; x_wconf 86' lang='grc' dir='ltr'>είς</span> <span class='ocrx_word' id='word_1_277' title='bbox 2318 2194 2575 2252; x_wconf 88' lang='grc' dir='ltr'>Σικελίαν</span> <span class='ocrx_word' id='word_1_278' title='bbox 2632 2198 2724 2253; x_wconf 88' lang='grc' dir='ltr'>τὸν</span> <span class='ocrx_word' id='word_1_279' title='bbox 2780 2196 2954 2254; x_wconf 81' lang='grc' dir='ltr'>πλοῦν</span> <span class='ocrx_word' id='word_1_280' title='bbox 2998 2201 3327 2273; x_wconf 90' lang='grc' dir='ltr'>ποιούμενος</span> <span class='ocrx_word' id='word_1_281' title='bbox 3404 2200 3714 2282; x_wconf 73' lang='grc' dir='ltr'>συνελήφθη</span> 
     </span>
    </p>
   </div>
   <div class='ocr_carea' id='block_1_36' title="bbox 302 2278 3719 2367">
    <p class='ocr_par' dir='ltr' id='par_1_36' title="bbox 302 2278 3719 2367">
     <span class='ocr_line' id='line_1_36' title="bbox 302 2278 3719 2367; baseline -0.01 -21"><span class='ocrx_word' id='word_1_282' title='bbox 302 2295 422 2352; x_wconf 88' lang='grc' dir='ltr'>ταῖς</span> <span class='ocrx_word' id='word_1_283' title='bbox 454 2283 1077 2367; x_wconf 77' lang='grc' dir='ltr'>θαλασσοουλακούσαις</span> <span class='ocrx_word' id='word_1_284' title='bbox 1134 2280 1450 2345; x_wconf 85' lang='grc' dir='ltr'>Σικελικαῖς</span> <span class='ocrx_word' id='word_1_285' title='bbox 1508 2283 1754 2356; x_wconf 78' lang='grc' dir='ltr'>τριήρεσι</span> <span class='ocrx_word' id='word_1_286' title='bbox 1794 2281 1885 2336; x_wconf 83' lang='grc' dir='ltr'>καὶ</span> <span class='ocrx_word' id='word_1_287' title='bbox 1934 2278 2087 2359; x_wconf 71' lang='grc' dir='ltr'>ἤχθη</span> <span class='ocrx_word' id='word_1_288' title='bbox 2143 2283 2287 2358; x_wconf 79' lang='grc' dir='ltr'>παρὰ</span> <span class='ocrx_word' id='word_1_289' title='bbox 2341 2289 2432 2339; x_wconf 74' lang='grc' dir='ltr'>τὸν</span> <span class='ocrx_word' id='word_1_290' title='bbox 2491 2286 2631 2360; x_wconf 71' lang='grc' dir='ltr'>ῥῆγα</span> <span class='ocrx_word' id='word_1_291' title='bbox 2682 2286 3071 2367; x_wconf 36' lang='grc' dir='ltr'>αἰχμάλωτος.</span> <span class='ocrx_word' id='word_1_292' title='bbox 3139 2290 3201 2347; x_wconf 74' lang='grc' dir='ltr'>Ὀ</span> <span class='ocrx_word' id='word_1_293' title='bbox 3260 2287 3338 2360; x_wconf 56' lang='grc' dir='ltr'>δὲ,</span> <span class='ocrx_word' id='word_1_294' title='bbox 3404 2296 3504 2360; x_wconf 60' lang='grc' dir='ltr'>τῆς</span> <span class='ocrx_word' id='word_1_295' title='bbox 3551 2278 3719 2366; x_wconf 36' lang='lat' dir='ltr'>hinc</span> 
     </span>
    </p>
   </div>
   <div class='ocr_carea' id='block_1_37' title="bbox 303 2366 3311 2453">
    <p class='ocr_par' dir='ltr' id='par_1_37' title="bbox 303 2366 3311 2453">
     <span class='ocr_line' id='line_1_37' title="bbox 303 2366 3311 2453; baseline -0.002 -18"><span class='ocrx_word' id='word_1_296' title='bbox 303 2374 595 2438; x_wconf 64' lang='grc' dir='ltr'>ἐπαινέσας</span> <span class='ocrx_word' id='word_1_297' title='bbox 650 2373 776 2434; x_wconf 83' lang='grc' dir='ltr'>τούς</span> <span class='ocrx_word' id='word_1_298' title='bbox 830 2366 1228 2439; x_wconf 79' lang='grc' dir='ltr'>συλλαϐόντας,</span> <span class='ocrx_word' id='word_1_299' title='bbox 1293 2371 1380 2424; x_wconf 75' lang='grc' dir='ltr'>καὶ</span> <span class='ocrx_word' id='word_1_300' title='bbox 1439 2370 1512 2433; x_wconf 87' lang='grc' dir='ltr'>ὡς</span> <span class='ocrx_word' id='word_1_301' title='bbox 1569 2367 1753 2424; x_wconf 87' lang='grc' dir='ltr'>καλῶν</span> <span class='ocrx_word' id='word_1_302' title='bbox 1796 2367 2095 2427; x_wconf 79' lang='grc' dir='ltr'>κάλλιστον</span> <span class='ocrx_word' id='word_1_303' title='bbox 2134 2370 2301 2427; x_wconf 79' lang='grc' dir='ltr'>εἰπὼν</span> <span class='ocrx_word' id='word_1_304' title='bbox 2356 2374 2418 2429; x_wconf 88' lang='grc' dir='ltr'>τὸ</span> <span class='ocrx_word' id='word_1_305' title='bbox 2466 2375 2708 2452; x_wconf 85' lang='grc' dir='ltr'>θήραμα,</span> <span class='ocrx_word' id='word_1_306' title='bbox 2769 2366 2889 2453; x_wconf 83' lang='grc' dir='ltr'>εἶχε</span> <span class='ocrx_word' id='word_1_307' title='bbox 2954 2378 3043 2433; x_wconf 82' lang='grc' dir='ltr'>καὶ</span> <span class='ocrx_word' id='word_1_308' title='bbox 3119 2382 3311 2435; x_wconf 80' lang='grc' dir='ltr'>τοῦτον</span> 
     </span>
    </p>
   </div>
   <div class='ocr_carea' id='block_1_38' title="bbox 304 2466 635 2544">
    <p class='ocr_par' dir='ltr' id='par_1_38' title="bbox 304 2466 635 2544">
     <span class='ocr_line' id='line_1_38' title="bbox 304 2466 635 2544; baseline -0.018 -19"><span class='ocrx_word' id='word_1_309' title='bbox 304 2466 414 2544; x_wconf 51' lang='lat' dir='ltr'><strong>ipsa</strong></span> <span class='ocrx_word' id='word_1_310' title='bbox 424 2485 635 2543; x_wconf 90' lang='grc' dir='ltr'>ρουρον.</span> 
     </span>
    </p>
   </div>
   <div class='ocr_carea' id='block_1_39' title="bbox 3425 2377 3718 2454">
    <p class='ocr_par' dir='ltr' id='par_1_39' title="bbox 3425 2377 3718 2454">
     <span class='ocr_line' id='line_1_39' title="bbox 3425 2377 3718 2454; baseline -0.01 -19"><span class='ocrx_word' id='word_1_311' title='bbox 3425 2377 3678 2454; x_wconf 84' lang='grc' dir='ltr'>δεσμώτη</span> <span class='ocrx_word' id='word_1_312' title='bbox 3691 2411 3718 2446; x_wconf 79' lang='grc' dir='ltr'>ν</span> 
     </span>
    </p>
   </div>
   <div class='ocr_carea' id='block_1_40' title="bbox 390 2637 1950 2723">
    <p class='ocr_par' dir='ltr' id='par_1_40' title="bbox 390 2637 1950 2715">
     <span class='ocr_line' id='line_1_40' title="bbox 390 2637 1950 2715; baseline -0.007 -13"><span class='ocrx_word' id='word_1_313' title='bbox 390 2646 463 2715; x_wconf 71' lang='grc' dir='ltr'>η’.</span> <span class='ocrx_word' id='word_1_314' title='bbox 490 2641 817 2706; x_wconf 72' lang='grc' dir='ltr'>Βασιλεὺςδέ</span> <span class='ocrx_word' id='word_1_315' title='bbox 846 2640 937 2696; x_wconf 76' lang='grc' dir='ltr'>καί</span> <span class='ocrx_word' id='word_1_316' title='bbox 970 2642 1104 2715; x_wconf 83' lang='grc' dir='ltr'>μετὰ</span> <span class='ocrx_word' id='word_1_317' title='bbox 1165 2638 1415 2714; x_wconf 87' lang='grc' dir='ltr'>δευτέραν</span> <span class='ocrx_word' id='word_1_318' title='bbox 1474 2640 1676 2709; x_wconf 80' lang='grc' dir='ltr'>ταύτην</span> <span class='ocrx_word' id='word_1_319' title='bbox 1734 2637 1950 2713; x_wconf 87' lang='grc' dir='ltr'>πληγήν</span> 
     </span>
    </p>
   </div>
   <div class='ocr_carea' id='block_1_41' title="bbox 2059 2637 3715 2723">
    <p class='ocr_par' dir='ltr' id='par_1_41' title="bbox 2134 2640 3715 2723">
     <span class='ocr_line' id='line_1_41' title="bbox 2134 2640 3715 2723; baseline 0.009 -30"><span class='ocrx_word' id='word_1_320' title='bbox 2134 2640 2192 2694; x_wconf 92' lang='grc'>8.</span> <span class='ocrx_word' id='word_1_321' title='bbox 2223 2642 2544 2714; x_wconf 90' lang='lat' dir='ltr'><strong>Imperator</strong></span> <span class='ocrx_word' id='word_1_322' title='bbox 2599 2660 2733 2701; x_wconf 90' lang='lat' dir='ltr'><strong>vero</strong></span> <span class='ocrx_word' id='word_1_323' title='bbox 2794 2645 2900 2701; x_wconf 88' lang='lat' dir='ltr'><strong>hac</strong></span> <span class='ocrx_word' id='word_1_324' title='bbox 2958 2663 3189 2718; x_wconf 89' lang='lat' dir='ltr'><strong>quoque</strong></span> <span class='ocrx_word' id='word_1_325' title='bbox 3246 2649 3419 2721; x_wconf 84' lang='lat' dir='ltr'><strong>plaga</strong></span> <span class='ocrx_word' id='word_1_326' title='bbox 3453 2655 3715 2723; x_wconf 85' lang='lat' dir='ltr'><strong>accepta,</strong></span> 
     </span>
    </p>
   </div>
   <div class='ocr_carea' id='block_1_42' title="bbox 316 2724 1953 2809">
    <p class='ocr_par' dir='ltr' id='par_1_42' title="bbox 316 2724 1953 2809">
     <span class='ocr_line' id='line_1_42' title="bbox 316 2724 1953 2809; baseline -0.005 -20"><span class='ocrx_word' id='word_1_327' title='bbox 316 2731 636 2809; x_wconf 76' lang='grc' dir='ltr'>διηρευνᾶτο</span> <span class='ocrx_word' id='word_1_328' title='bbox 682 2735 749 2790; x_wconf 76' lang='grc' dir='ltr'>τὰ</span> <span class='ocrx_word' id='word_1_329' title='bbox 799 2739 900 2803; x_wconf 81' lang='grc' dir='ltr'>τῆς</span> <span class='ocrx_word' id='word_1_330' title='bbox 962 2728 1213 2805; x_wconf 87' lang='grc' dir='ltr'>ἁμίλλης</span> <span class='ocrx_word' id='word_1_331' title='bbox 1264 2728 1526 2805; x_wconf 81' lang='grc' dir='ltr'>ἀνάλογα.</span> <span class='ocrx_word' id='word_1_332' title='bbox 1565 2729 1738 2803; x_wconf 83' lang='grc' dir='ltr'>Ὁρῶν</span> <span class='ocrx_word' id='word_1_333' title='bbox 1774 2724 1831 2783; x_wconf 73' lang='grc' dir='ltr'>δὲ</span> <span class='ocrx_word' id='word_1_334' title='bbox 1858 2726 1953 2781; x_wconf 85' lang='grc' dir='ltr'>τὸν</span> 
     </span>
    </p>
   </div>
   <div class='ocr_carea' id='block_1_43' title="bbox 315 2815 1952 2895">
    <p class='ocr_par' dir='ltr' id='par_1_43' title="bbox 315 2815 1952 2895">
     <span class='ocr_line' id='line_1_43' title="bbox 315 2815 1952 2895; baseline -0.007 -15"><span class='ocrx_word' id='word_1_335' title='bbox 315 2822 411 2880; x_wconf 69' lang='grc' dir='ltr'>διὰ</span> <span class='ocrx_word' id='word_1_336' title='bbox 439 2822 697 2895; x_wconf 85' lang='grc' dir='ltr'>πολέμων</span> <span class='ocrx_word' id='word_1_337' title='bbox 722 2823 867 2885; x_wconf 77' lang='grc' dir='ltr'>αὖθις</span> <span class='ocrx_word' id='word_1_338' title='bbox 898 2821 1105 2895; x_wconf 84' lang='grc' dir='ltr'>τρόπον</span> <span class='ocrx_word' id='word_1_339' title='bbox 1153 2817 1407 2894; x_wconf 86' lang='grc' dir='ltr'>δύσεργόν</span> <span class='ocrx_word' id='word_1_340' title='bbox 1456 2839 1515 2873; x_wconf 89' lang='grc' dir='ltr'>τε</span> <span class='ocrx_word' id='word_1_341' title='bbox 1569 2816 1658 2872; x_wconf 77' lang='grc' dir='ltr'>καὶ</span> <span class='ocrx_word' id='word_1_342' title='bbox 1703 2815 1952 2894; x_wconf 78' lang='grc' dir='ltr'>ἀξύμφο-</span> 
     </span>
    </p>
   </div>
   <div class='ocr_carea' id='block_1_44' title="bbox 305 2903 1954 2989">
    <p class='ocr_par' dir='ltr' id='par_1_44' title="bbox 305 2903 1954 2989">
     <span class='ocr_line' id='line_1_44' title="bbox 305 2903 1954 2989; baseline -0.006 -20"><span class='ocrx_word' id='word_1_343' title='bbox 305 2934 431 2989; x_wconf 90' lang='grc' dir='ltr'>ρον,</span> <span class='ocrx_word' id='word_1_344' title='bbox 465 2912 553 2966; x_wconf 79' lang='grc' dir='ltr'>καί</span> <span class='ocrx_word' id='word_1_345' title='bbox 582 2912 641 2967; x_wconf 86' lang='grc' dir='ltr'>τὸ</span> <span class='ocrx_word' id='word_1_346' title='bbox 676 2917 777 2968; x_wconf 89' lang='grc' dir='ltr'>τῶν</span> <span class='ocrx_word' id='word_1_347' title='bbox 825 2910 1208 2983; x_wconf 80' lang='grc' dir='ltr'>ἆταλωμάτων</span> <span class='ocrx_word' id='word_1_348' title='bbox 1268 2906 1429 2984; x_wconf 79' lang='grc' dir='ltr'>ἁδρὸν</span> <span class='ocrx_word' id='word_1_349' title='bbox 1486 2908 1577 2962; x_wconf 80' lang='grc' dir='ltr'>καὶ</span> <span class='ocrx_word' id='word_1_350' title='bbox 1635 2903 1954 2974; x_wconf 80' lang='grc' dir='ltr'>ἐπάλληλον</span> 
     </span>
    </p>
   </div>
   <div class='ocr_carea' id='block_1_45' title="bbox 297 2994 1957 3076">
    <p class='ocr_par' dir='ltr' id='par_1_45' title="bbox 297 2994 1957 3076">
     <span class='ocr_line' id='line_1_45' title="bbox 297 2994 1957 3076; baseline -0.008 -16"><span class='ocrx_word' id='word_1_351' title='bbox 297 2998 660 3075; x_wconf 84' lang='grc' dir='ltr'>ὀπειδόμενος</span> <span class='ocrx_word' id='word_1_352' title='bbox 692 3001 777 3056; x_wconf 76' lang='grc' dir='ltr'>οἷά</span> <span class='ocrx_word' id='word_1_353' title='bbox 807 3021 928 3056; x_wconf 90' lang='grc' dir='ltr'>τινα</span> <span class='ocrx_word' id='word_1_354' title='bbox 978 2999 1135 3054; x_wconf 86' lang='grc' dir='ltr'>νόσου</span> <span class='ocrx_word' id='word_1_355' title='bbox 1193 3000 1519 3076; x_wconf 76' lang='grc' dir='ltr'>γάγγραιναν</span> <span class='ocrx_word' id='word_1_356' title='bbox 1575 2994 1640 3051; x_wconf 90' lang='grc' dir='ltr'>τά</span> <span class='ocrx_word' id='word_1_357' title='bbox 1692 2999 1799 3050; x_wconf 91' lang='grc' dir='ltr'>τῶν</span> <span class='ocrx_word' id='word_1_358' title='bbox 1860 2995 1957 3063; x_wconf 89' lang='grc' dir='ltr'>θη-</span> 
     </span>
    </p>
   </div>
   <div class='ocr_carea' id='block_1_46' title="bbox 294 3082 1952 3168">
    <p class='ocr_par' dir='ltr' id='par_1_46' title="bbox 294 3082 1952 3168">
     <span class='ocr_line' id='line_1_46' title="bbox 294 3082 1952 3168; baseline -0.007 -20"><span class='ocrx_word' id='word_1_359' title='bbox 294 3097 520 3168; x_wconf 82' lang='grc' dir='ltr'>σαυρῶν</span> <span class='ocrx_word' id='word_1_360' title='bbox 559 3091 693 3147; x_wconf 82' lang='grc' dir='ltr'>κατᾶ</span> <span class='ocrx_word' id='word_1_361' title='bbox 725 3090 909 3166; x_wconf 82' lang='grc' dir='ltr'>βραχὺ</span> <span class='ocrx_word' id='word_1_362' title='bbox 966 3093 1189 3163; x_wconf 86' lang='grc' dir='ltr'>ταμιεῖα</span> <span class='ocrx_word' id='word_1_363' title='bbox 1248 3088 1549 3161; x_wconf 88' lang='grc' dir='ltr'>νεμόμενον</span> <span class='ocrx_word' id='word_1_364' title='bbox 1607 3084 1788 3160; x_wconf 77' lang='grc' dir='ltr'>(ἐγγὺς</span> <span class='ocrx_word' id='word_1_365' title='bbox 1845 3082 1952 3158; x_wconf 72' lang='grc' dir='ltr'>γὰρ</span> 
     </span>
    </p>
   </div>
   <div class='ocr_carea' id='block_1_47' title="bbox 280 3173 1952 3256">
    <p class='ocr_par' dir='ltr' id='par_1_47' title="bbox 280 3173 1952 3256">
     <span class='ocr_line' id='line_1_47' title="bbox 280 3173 1952 3256; baseline -0.009 -17"><span class='ocrx_word' id='word_1_366' title='bbox 280 3205 394 3239; x_wconf 88' lang='grc' dir='ltr'>που</span> <span class='ocrx_word' id='word_1_367' title='bbox 428 3181 801 3256; x_wconf 85' lang='grc' dir='ltr'>κεντηναρίων</span> <span class='ocrx_word' id='word_1_368' title='bbox 839 3177 1163 3253; x_wconf 84' lang='grc' dir='ltr'>τριακοσίων</span> <span class='ocrx_word' id='word_1_369' title='bbox 1214 3176 1446 3251; x_wconf 84' lang='grc' dir='ltr'>χρυσίου</span> <span class='ocrx_word' id='word_1_370' title='bbox 1505 3173 1749 3230; x_wconf 77' lang='grc' dir='ltr'>ἀνάλωκε</span> <span class='ocrx_word' id='word_1_371' title='bbox 1804 3175 1952 3248; x_wconf 83' lang='grc' dir='ltr'>χρή-</span> 
     </span>
    </p>
   </div>
   <div class='ocr_carea' id='block_1_48' title="bbox 285 3263 1951 3348">
    <p class='ocr_par' dir='ltr' id='par_1_48' title="bbox 285 3263 1951 3348">
     <span class='ocr_line' id='line_1_48' title="bbox 285 3263 1951 3348; baseline -0.008 -18"><span class='ocrx_word' id='word_1_372' title='bbox 285 3276 480 3348; x_wconf 81' lang='grc' dir='ltr'>ματα),</span> <span class='ocrx_word' id='word_1_373' title='bbox 514 3268 635 3326; x_wconf 82' lang='grc' dir='ltr'>δέον</span> <span class='ocrx_word' id='word_1_374' title='bbox 668 3273 804 3326; x_wconf 79' lang='grc' dir='ltr'>εἶναι</span> <span class='ocrx_word' id='word_1_375' title='bbox 840 3267 1093 3340; x_wconf 83' lang='grc' dir='ltr'>διενοήθη</span> <span class='ocrx_word' id='word_1_376' title='bbox 1128 3267 1441 3327; x_wconf 86' lang='grc' dir='ltr'>σπείσαςθαι</span> <span class='ocrx_word' id='word_1_377' title='bbox 1500 3269 1580 3337; x_wconf 79' lang='grc' dir='ltr'>τῷ</span> <span class='ocrx_word' id='word_1_378' title='bbox 1638 3264 1787 3340; x_wconf 82' lang='grc' dir='ltr'>ῥηγί.</span> <span class='ocrx_word' id='word_1_379' title='bbox 1836 3263 1951 3320; x_wconf 85' lang='grc' dir='ltr'>Ούκ</span> 
     </span>
    </p>
   </div>
   <div class='ocr_carea' id='block_1_49' title="bbox 285 3354 1949 3433">
    <p class='ocr_par' dir='ltr' id='par_1_49' title="bbox 285 3354 1949 3433">
     <span class='ocr_line' id='line_1_49' title="bbox 285 3354 1949 3433; baseline -0.006 -15"><span class='ocrx_word' id='word_1_380' title='bbox 285 3360 480 3433; x_wconf 81' lang='grc' dir='ltr'>ἀηδῶς</span> <span class='ocrx_word' id='word_1_381' title='bbox 546 3360 755 3432; x_wconf 88' lang='grc' dir='ltr'>τοίνυν,</span> <span class='ocrx_word' id='word_1_382' title='bbox 811 3357 940 3415; x_wconf 85' lang='grc' dir='ltr'>ἀλλ’</span> <span class='ocrx_word' id='word_1_383' title='bbox 1006 3357 1248 3431; x_wconf 76' lang='grc' dir='ltr'>ἀσμένως</span> <span class='ocrx_word' id='word_1_384' title='bbox 1301 3354 1588 3430; x_wconf 77' lang='grc' dir='ltr'>δεξάμενος</span> <span class='ocrx_word' id='word_1_385' title='bbox 1643 3355 1741 3423; x_wconf 72' lang='grc' dir='ltr'>τὴν</span> <span class='ocrx_word' id='word_1_386' title='bbox 1785 3359 1949 3409; x_wconf 89' lang='grc' dir='ltr'>τοῦτο</span> 
     </span>
    </p>
   </div>
   <div class='ocr_carea' id='block_1_50' title="bbox 292 3438 1949 3524">
    <p class='ocr_par' dir='ltr' id='par_1_50' title="bbox 292 3438 1949 3524">
     <span class='ocr_line' id='line_1_50' title="bbox 292 3438 1949 3524; baseline -0.006 -18"><span class='ocrx_word' id='word_1_387' title='bbox 292 3452 737 3521; x_wconf 74' lang='grc' dir='ltr'>ἑπισκήπτουσαν</span> <span class='ocrx_word' id='word_1_388' title='bbox 763 3443 1051 3524; x_wconf 87' lang='grc' dir='ltr'>πρεσϐείαν</span> <span class='ocrx_word' id='word_1_389' title='bbox 1102 3449 1198 3501; x_wconf 91' lang='grc' dir='ltr'>τοῦ</span> <span class='ocrx_word' id='word_1_390' title='bbox 1243 3445 1344 3515; x_wconf 77' lang='grc' dir='ltr'>τῆς</span> <span class='ocrx_word' id='word_1_391' title='bbox 1401 3438 1762 3517; x_wconf 82' lang='grc' dir='ltr'>πρεσϐυτέρος</span> <span class='ocrx_word' id='word_1_392' title='bbox 1810 3441 1949 3499; x_wconf 86' lang='grc' dir='ltr'>Ῥώ-</span> 
     </span>
    </p>
   </div>
   <div class='ocr_carea' id='block_1_51' title="bbox 295 3529 1952 3616">
    <p class='ocr_par' dir='ltr' id='par_1_51' title="bbox 295 3529 1952 3616">
     <span class='ocr_line' id='line_1_51' title="bbox 295 3529 1952 3616; baseline -0.005 -20"><span class='ocrx_word' id='word_1_393' title='bbox 295 3563 405 3616; x_wconf 85' lang='grc' dir='ltr'>μης</span> <span class='ocrx_word' id='word_1_394' title='bbox 446 3537 744 3616; x_wconf 87' lang='grc' dir='ltr'>προέδρου,</span> <span class='ocrx_word' id='word_1_395' title='bbox 804 3538 895 3593; x_wconf 81' lang='grc' dir='ltr'>καὶ</span> <span class='ocrx_word' id='word_1_396' title='bbox 955 3538 1028 3598; x_wconf 86' lang='grc' dir='ltr'>ὡς</span> <span class='ocrx_word' id='word_1_397' title='bbox 1094 3534 1323 3612; x_wconf 78' lang='grc' dir='ltr'>ἄγγελον</span> <span class='ocrx_word' id='word_1_398' title='bbox 1382 3529 1717 3607; x_wconf 78' lang='grc' dir='ltr'>εὐξύμϐολον</span> <span class='ocrx_word' id='word_1_399' title='bbox 1786 3532 1952 3588; x_wconf 86' lang='grc' dir='ltr'>ἀσπα-</span> 
     </span>
    </p>
   </div>
   <div class='ocr_carea' id='block_1_52' title="bbox 290 3621 1946 3703">
    <p class='ocr_par' dir='ltr' id='par_1_52' title="bbox 290 3621 1946 3703">
     <span class='ocr_line' id='line_1_52' title="bbox 290 3621 1946 3703; baseline -0.006 -17"><span class='ocrx_word' id='word_1_400' title='bbox 290 3631 546 3703; x_wconf 79' lang='grc' dir='ltr'>σάμενος,</span> <span class='ocrx_word' id='word_1_401' title='bbox 580 3628 801 3685; x_wconf 78' lang='grc' dir='ltr'>στέλλει</span> <span class='ocrx_word' id='word_1_402' title='bbox 835 3626 972 3681; x_wconf 68' lang='grc' dir='ltr'>κατιὶ⁸</span> <span class='ocrx_word' id='word_1_403' title='bbox 1018 3626 1380 3703; x_wconf 84' lang='grc' dir='ltr'>τὸνἈγκῶνα</span> <span class='ocrx_word' id='word_1_404' title='bbox 1443 3624 1535 3678; x_wconf 89' lang='grc' dir='ltr'>τὸν</span> <span class='ocrx_word' id='word_1_405' title='bbox 1594 3621 1946 3699; x_wconf 71' lang='grc' dir='ltr'>πρωτοστρά-</span> 
     </span>
    </p>
   </div>
   <div class='ocr_carea' id='block_1_53' title="bbox 297 3709 1947 3792">
    <p class='ocr_par' dir='ltr' id='par_1_53' title="bbox 297 3709 1947 3792">
     <span class='ocr_line' id='line_1_53' title="bbox 297 3709 1947 3792; baseline -0.004 -20"><span class='ocrx_word' id='word_1_406' title='bbox 297 3716 716 3792; x_wconf 81' lang='grc' dir='ltr'>τοραἈλέξιον,</span> <span class='ocrx_word' id='word_1_407' title='bbox 759 3716 819 3778; x_wconf 78' lang='grc' dir='ltr'>ὅς</span> <span class='ocrx_word' id='word_1_408' title='bbox 849 3715 915 3785; x_wconf 78' lang='grc' dir='ltr'>ἦν</span> <span class='ocrx_word' id='word_1_409' title='bbox 950 3709 1314 3789; x_wconf 84' lang='grc' dir='ltr'>πρεσϐύτερος</span> <span class='ocrx_word' id='word_1_410' title='bbox 1343 3717 1450 3769; x_wconf 87' lang='grc' dir='ltr'>τῶν</span> <span class='ocrx_word' id='word_1_411' title='bbox 1492 3712 1650 3766; x_wconf 74' lang='grc' dir='ltr'>υἱέων</span> <span class='ocrx_word' id='word_1_412' title='bbox 1691 3714 1789 3767; x_wconf 86' lang='grc' dir='ltr'>τοῦ</span> <span class='ocrx_word' id='word_1_413' title='bbox 1849 3732 1947 3784; x_wconf 83' lang='grc' dir='ltr'>με·</span> 
     </span>
    </p>
   </div>
   <div class='ocr_carea' id='block_1_54' title="bbox 300 3800 1946 3882">
    <p class='ocr_par' dir='ltr' id='par_1_54' title="bbox 300 3800 1946 3882">
     <span class='ocr_line' id='line_1_54' title="bbox 300 3800 1946 3882; baseline -0.004 -21"><span class='ocrx_word' id='word_1_414' title='bbox 300 3806 475 3882; x_wconf 80' lang='grc' dir='ltr'>γάλου</span> <span class='ocrx_word' id='word_1_415' title='bbox 529 3805 884 3880; x_wconf 86' lang='grc' dir='ltr'>δομεστίκου,</span> <span class='ocrx_word' id='word_1_416' title='bbox 970 3803 1108 3879; x_wconf 83' lang='grc' dir='ltr'>πρὸς</span> <span class='ocrx_word' id='word_1_417' title='bbox 1203 3801 1482 3880; x_wconf 74' lang='grc' dir='ltr'>ἀμφότερα</span> <span class='ocrx_word' id='word_1_418' title='bbox 1589 3800 1812 3875; x_wconf 85' lang='grc' dir='ltr'>μερίσας</span> <span class='ocrx_word' id='word_1_419' title='bbox 1885 3802 1946 3855; x_wconf 87' lang='grc' dir='ltr'>τὸ</span> 
     </span>
    </p>
   </div>
   <div class='ocr_carea' id='block_1_55' title="bbox 291 3887 1948 3970">
    <p class='ocr_par' dir='ltr' id='par_1_55' title="bbox 291 3887 1948 3970">
     <span class='ocr_line' id='line_1_55' title="bbox 291 3887 1948 3970; baseline -0.006 -18"><span class='ocrx_word' id='word_1_420' title='bbox 291 3896 511 3970; x_wconf 70' lang='grc' dir='ltr'>σκέμμα</span> <span class='ocrx_word' id='word_1_421' title='bbox 532 3916 591 3952; x_wconf 89' lang='grc' dir='ltr'>τε</span> <span class='ocrx_word' id='word_1_422' title='bbox 619 3896 710 3950; x_wconf 80' lang='grc' dir='ltr'>καὶ</span> <span class='ocrx_word' id='word_1_423' title='bbox 740 3895 805 3949; x_wconf 84' lang='grc' dir='ltr'>τὸ</span> <span class='ocrx_word' id='word_1_424' title='bbox 840 3890 1144 3968; x_wconf 86' lang='grc' dir='ltr'>βούλευμα,</span> <span class='ocrx_word' id='word_1_425' title='bbox 1205 3887 1419 3962; x_wconf 82' lang='grc' dir='ltr'>δηλαδή</span> <span class='ocrx_word' id='word_1_426' title='bbox 1478 3889 1568 3944; x_wconf 81' lang='grc' dir='ltr'>καὶ</span> <span class='ocrx_word' id='word_1_427' title='bbox 1624 3888 1758 3963; x_wconf 86' lang='grc' dir='ltr'>πρὸς</span> <span class='ocrx_word' id='word_1_428' title='bbox 1803 3888 1948 3943; x_wconf 71' lang='grc' dir='ltr'>ἑτοι-</span> 
     </span>
    </p>
   </div>
   <div class='ocr_carea' id='block_1_56' title="bbox 2066 2730 3709 2804">
    <p class='ocr_par' dir='ltr' id='par_1_56' title="bbox 2066 2730 3709 2804">
     <span class='ocr_line' id='line_1_56' title="bbox 2066 2730 3709 2804; baseline 0.007 -20"><span class='ocrx_word' id='word_1_429' title='bbox 2066 2745 2197 2784; x_wconf 90' lang='lat' dir='ltr'>cum</span> <span class='ocrx_word' id='word_1_430' title='bbox 2223 2730 2359 2801; x_wconf 89' lang='lat' dir='ltr'><strong>quid</strong></span> <span class='ocrx_word' id='word_1_431' title='bbox 2395 2731 2545 2787; x_wconf 84' lang='lat' dir='ltr'><strong>facto</strong></span> <span class='ocrx_word' id='word_1_432' title='bbox 2576 2738 2727 2789; x_wconf 88' lang='lat' dir='ltr'><strong>esset</strong></span> <span class='ocrx_word' id='word_1_433' title='bbox 2748 2750 2893 2804; x_wconf 90' lang='lat' dir='ltr'><strong>epus</strong></span> <span class='ocrx_word' id='word_1_434' title='bbox 2916 2734 3246 2792; x_wconf 85' lang='lat' dir='ltr'><strong>deliberans</strong></span> <span class='ocrx_word' id='word_1_435' title='bbox 3277 2754 3311 2793; x_wconf 89' lang='lat' dir='ltr'>a</span> <span class='ocrx_word' id='word_1_436' title='bbox 3340 2737 3490 2794; x_wconf 90' lang='lat' dir='ltr'><strong>bello</strong></span> <span class='ocrx_word' id='word_1_437' title='bbox 3543 2739 3709 2794; x_wconf 78' lang='lat' dir='ltr'><strong>difﬁ-</strong></span> 
     </span>
    </p>
   </div>
   <div class='ocr_carea' id='block_1_57' title="bbox 2063 2814 3710 2893">
    <p class='ocr_par' dir='ltr' id='par_1_57' title="bbox 2063 2814 3710 2893">
     <span class='ocr_line' id='line_1_57' title="bbox 2063 2814 3710 2893; baseline 0.007 -25"><span class='ocrx_word' id='word_1_438' title='bbox 2063 2814 2159 2869; x_wconf 89' lang='lat' dir='ltr'><strong>cili</strong></span> <span class='ocrx_word' id='word_1_439' title='bbox 2193 2818 2368 2887; x_wconf 88' lang='lat' dir='ltr'><strong>atque</strong></span> <span class='ocrx_word' id='word_1_440' title='bbox 2399 2817 2592 2873; x_wconf 91' lang='lat' dir='ltr'><strong>inutili</strong></span> <span class='ocrx_word' id='word_1_441' title='bbox 2646 2819 3049 2891; x_wconf 89' lang='lat' dir='ltr'><strong>magnitudine</strong></span> <span class='ocrx_word' id='word_1_442' title='bbox 3097 2825 3508 2893; x_wconf 86' lang='lat' dir='ltr'><strong>perpetuorum</strong></span> <span class='ocrx_word' id='word_1_443' title='bbox 3550 2840 3710 2879; x_wconf 88' lang='lat' dir='ltr'><strong>sum-</strong></span> 
     </span>
    </p>
   </div>
   <div class='ocr_carea' id='block_1_58' title="bbox 2061 2905 3704 2983">
    <p class='ocr_par' dir='ltr' id='par_1_58' title="bbox 2061 2905 3704 2983">
     <span class='ocr_line' id='line_1_58' title="bbox 2061 2905 3704 2983; baseline 0.006 -25"><span class='ocrx_word' id='word_1_444' title='bbox 2061 2906 2270 2975; x_wconf 84' lang='lat' dir='ltr'><strong>ptuum</strong></span> <span class='ocrx_word' id='word_1_445' title='bbox 2305 2905 2705 2975; x_wconf 88' lang='lat' dir='ltr'><strong>deterreretur,</strong></span> <span class='ocrx_word' id='word_1_446' title='bbox 2741 2908 2945 2963; x_wconf 83' lang='lat' dir='ltr'><strong>fiscnm</strong></span> <span class='ocrx_word' id='word_1_447' title='bbox 2980 2909 3167 2965; x_wconf 88' lang='lat' dir='ltr'><strong>instar</strong></span> <span class='ocrx_word' id='word_1_448' title='bbox 3197 2910 3390 2965; x_wconf 88' lang='lat' dir='ltr'><strong>cancri</strong></span> <span class='ocrx_word' id='word_1_449' title='bbox 3421 2911 3704 2983; x_wconf 86' lang='lat' dir='ltr'><strong>paulatim</strong></span> 
     </span>
    </p>
   </div>
   <div class='ocr_carea' id='block_1_59' title="bbox 2061 2993 3702 3073">
    <p class='ocr_par' dir='ltr' id='par_1_59' title="bbox 2061 2993 3702 3073">
     <span class='ocr_line' id='line_1_59' title="bbox 2061 2993 3702 3073; baseline 0.005 -25"><span class='ocrx_word' id='word_1_450' title='bbox 2061 2993 2499 3065; x_wconf 90' lang='lat' dir='ltr'><strong>depascentium</strong></span> <span class='ocrx_word' id='word_1_451' title='bbox 2522 2996 2678 3067; x_wconf 87' lang='lat' dir='ltr'><strong>(nam</strong></span> <span class='ocrx_word' id='word_1_452' title='bbox 2708 2997 2780 3053; x_wconf 85' lang='lat' dir='ltr'>ad</span> <span class='ocrx_word' id='word_1_453' title='bbox 2802 3013 2900 3054; x_wconf 89' lang='lat' dir='ltr'>ccc</span> <span class='ocrx_word' id='word_1_454' title='bbox 2924 2999 3045 3053; x_wconf 89' lang='lat' dir='ltr'><strong>auri</strong></span> <span class='ocrx_word' id='word_1_455' title='bbox 3070 3000 3432 3056; x_wconf 83' lang='lat' dir='ltr'><strong>centenarios</strong></span> <span class='ocrx_word' id='word_1_456' title='bbox 3478 3001 3702 3073; x_wconf 88' lang='lat' dir='ltr'><strong>impen-</strong></span> 
     </span>
    </p>
   </div>
   <div class='ocr_carea' id='block_1_60' title="bbox 2063 3087 3703 3164">
    <p class='ocr_par' dir='ltr' id='par_1_60' title="bbox 2063 3087 3703 3164">
     <span class='ocr_line' id='line_1_60' title="bbox 2063 3087 3703 3164; baseline 0.009 -25"><span class='ocrx_word' id='word_1_457' title='bbox 2063 3087 2265 3159; x_wconf 83' lang='lat' dir='ltr'><strong>derat),</strong></span> <span class='ocrx_word' id='word_1_458' title='bbox 2299 3104 2499 3160; x_wconf 90' lang='lat' dir='ltr'><strong>pacem</strong></span> <span class='ocrx_word' id='word_1_459' title='bbox 2534 3105 2667 3146; x_wconf 91' lang='lat' dir='ltr'>cum</span> <span class='ocrx_word' id='word_1_460' title='bbox 2733 3106 2866 3164; x_wconf 88' lang='lat' dir='ltr'><strong>rege</strong></span> <span class='ocrx_word' id='word_1_461' title='bbox 2919 3091 3243 3148; x_wconf 83' lang='lat' dir='ltr'><strong>faciendam</strong></span> <span class='ocrx_word' id='word_1_462' title='bbox 3301 3108 3430 3150; x_wconf 89' lang='lat' dir='ltr'><strong>esse</strong></span> <span class='ocrx_word' id='word_1_463' title='bbox 3472 3096 3703 3154; x_wconf 77' lang='lat' dir='ltr'><strong>statuit.</strong></span> 
     </span>
    </p>
   </div>
   <div class='ocr_carea' id='block_1_61' title="bbox 2062 3177 3705 3254">
    <p class='ocr_par' dir='ltr' id='par_1_61' title="bbox 2062 3177 3705 3254">
     <span class='ocr_line' id='line_1_61' title="bbox 2062 3177 3705 3254; baseline 0.006 -23"><span class='ocrx_word' id='word_1_464' title='bbox 2062 3178 2265 3250; x_wconf 85' lang='lat' dir='ltr'><strong>Itaque</strong></span> <span class='ocrx_word' id='word_1_465' title='bbox 2295 3177 2517 3251; x_wconf 84' lang='lat' dir='ltr'><strong>legatos</strong></span> <span class='ocrx_word' id='word_1_466' title='bbox 2548 3181 2753 3236; x_wconf 88' lang='lat' dir='ltr'><strong>veteris</strong></span> <span class='ocrx_word' id='word_1_467' title='bbox 2785 3181 2979 3238; x_wconf 69' lang='lat' dir='ltr'><strong>Romae</strong></span> <span class='ocrx_word' id='word_1_468' title='bbox 3011 3181 3301 3254; x_wconf 85' lang='lat' dir='ltr'><strong>pontiﬁcis</strong></span> <span class='ocrx_word' id='word_1_469' title='bbox 3351 3184 3505 3241; x_wconf 74' lang='lat' dir='ltr'>I28</span> <span class='ocrx_word' id='word_1_470' title='bbox 3538 3200 3605 3241; x_wconf 88' lang='lat' dir='ltr'>ea</span> <span class='ocrx_word' id='word_1_471' title='bbox 3633 3185 3705 3241; x_wconf 89' lang='lat' dir='ltr'>de</span> 
     </span>
    </p>
   </div>
   <div class='ocr_carea' id='block_1_62' title="bbox 2059 3268 3708 3345">
    <p class='ocr_par' dir='ltr' id='par_1_62' title="bbox 2059 3268 3708 3345">
     <span class='ocr_line' id='line_1_62' title="bbox 2059 3268 3708 3345; baseline 0.005 -23"><span class='ocrx_word' id='word_1_472' title='bbox 2059 3283 2234 3323; x_wconf 89' lang='lat' dir='ltr'><strong>causa</strong></span> <span class='ocrx_word' id='word_1_473' title='bbox 2268 3269 2479 3324; x_wconf 88' lang='lat' dir='ltr'><strong>missos</strong></span> <span class='ocrx_word' id='word_1_474' title='bbox 2508 3268 2660 3325; x_wconf 85' lang='lat' dir='ltr'><strong>haud</strong></span> <span class='ocrx_word' id='word_1_475' title='bbox 2694 3270 2912 3326; x_wconf 90' lang='lat' dir='ltr'><strong>invitus</strong></span> <span class='ocrx_word' id='word_1_476' title='bbox 2944 3287 3009 3327; x_wconf 92' lang='lat' dir='ltr'>ac</span> <span class='ocrx_word' id='word_1_477' title='bbox 3043 3273 3237 3343; x_wconf 87' lang='lat' dir='ltr'><strong>potius</strong></span> <span class='ocrx_word' id='word_1_478' title='bbox 3267 3273 3475 3345; x_wconf 87' lang='lat' dir='ltr'><strong>cupide</strong></span> <span class='ocrx_word' id='word_1_479' title='bbox 3514 3288 3708 3331; x_wconf 88' lang='lat' dir='ltr'><strong>susce-</strong></span> 
     </span>
    </p>
   </div>
   <div class='ocr_carea' id='block_1_63' title="bbox 2058 3356 3699 3433">
    <p class='ocr_par' dir='ltr' id='par_1_63' title="bbox 2058 3356 3699 3433">
     <span class='ocr_line' id='line_1_63' title="bbox 2058 3356 3699 3433; baseline 0.005 -22"><span class='ocrx_word' id='word_1_480' title='bbox 2058 3356 2579 3429; x_wconf 89' lang='lat' dir='ltr'><strong>pit;etutnuntios</strong></span> <span class='ocrx_word' id='word_1_481' title='bbox 2595 3359 2922 3416; x_wconf 84' lang='lat' dir='ltr'><strong>rectissime</strong></span> <span class='ocrx_word' id='word_1_482' title='bbox 2962 3360 3334 3417; x_wconf 80' lang='lat' dir='ltr'><strong>consulentes</strong></span> <span class='ocrx_word' id='word_1_483' title='bbox 3376 3361 3699 3433; x_wconf 82' lang='lat' dir='ltr'><strong>amplexus,</strong></span> 
     </span>
    </p>
   </div>
   <div class='ocr_carea' id='block_1_64' title="bbox 2058 3448 3699 3524">
    <p class='ocr_par' dir='ltr' id='par_1_64' title="bbox 2058 3448 3699 3524">
     <span class='ocr_line' id='line_1_64' title="bbox 2058 3448 3699 3524; baseline 0.004 -21"><span class='ocrx_word' id='word_1_484' title='bbox 2058 3452 2531 3521; x_wconf 85' lang='lat' dir='ltr'><strong>protostratorem</strong></span> <span class='ocrx_word' id='word_1_485' title='bbox 2588 3448 2849 3506; x_wconf 86' lang='lat' dir='ltr'><strong>Alexium</strong></span> <span class='ocrx_word' id='word_1_486' title='bbox 2903 3450 2973 3521; x_wconf 90' lang='lat' dir='ltr'><strong>(is</strong></span> <span class='ocrx_word' id='word_1_487' title='bbox 3005 3455 3129 3506; x_wconf 89' lang='lat' dir='ltr'><strong>erat</strong></span> <span class='ocrx_word' id='word_1_488' title='bbox 3168 3452 3366 3524; x_wconf 86' lang='lat' dir='ltr'><strong>magni</strong></span> <span class='ocrx_word' id='word_1_489' title='bbox 3398 3454 3699 3510; x_wconf 88' lang='lat' dir='ltr'><strong>domestici</strong></span> 
     </span>
    </p>
   </div>
   <div class='ocr_carea' id='block_1_65' title="bbox 2059 3535 3696 3610">
    <p class='ocr_par' dir='ltr' id='par_1_65' title="bbox 2059 3535 3696 3610">
     <span class='ocr_line' id='line_1_65' title="bbox 2059 3535 3696 3610; baseline 0.004 -19"><span class='ocrx_word' id='word_1_490' title='bbox 2059 3535 2214 3592; x_wconf 77' lang='lat' dir='ltr'><strong>filius</strong></span> <span class='ocrx_word' id='word_1_491' title='bbox 2267 3542 2408 3592; x_wconf 89' lang='lat' dir='ltr'><strong>natu</strong></span> <span class='ocrx_word' id='word_1_492' title='bbox 2484 3538 2790 3610; x_wconf 83' lang='lat' dir='ltr'><strong>maximus)</strong></span> <span class='ocrx_word' id='word_1_493' title='bbox 2846 3540 3143 3594; x_wconf 88' lang='lat' dir='ltr'><strong>Anconam</strong></span> <span class='ocrx_word' id='word_1_494' title='bbox 3204 3540 3367 3595; x_wconf 88' lang='lat' dir='ltr'><strong>misit</strong></span> <span class='ocrx_word' id='word_1_495' title='bbox 3426 3541 3696 3598; x_wconf 79' lang='lat' dir='ltr'><strong>bifariam</strong></span> 
     </span>
    </p>
   </div>
   <div class='ocr_carea' id='block_1_66' title="bbox 2057 3625 3702 3698">
    <p class='ocr_par' dir='ltr' id='par_1_66' title="bbox 2057 3625 3702 3698">
     <span class='ocr_line' id='line_1_66' title="bbox 2057 3625 3702 3698; baseline 0.002 -15"><span class='ocrx_word' id='word_1_496' title='bbox 2057 3642 2229 3683; x_wconf 86' lang='lat' dir='ltr'><strong>suum</strong></span> <span class='ocrx_word' id='word_1_497' title='bbox 2263 3625 2575 3682; x_wconf 91' lang='lat' dir='ltr'><strong>consilium</strong></span> <span class='ocrx_word' id='word_1_498' title='bbox 2604 3627 2872 3698; x_wconf 86' lang='lat' dir='ltr'><strong>partitus,</strong></span> <span class='ocrx_word' id='word_1_499' title='bbox 2908 3627 3178 3684; x_wconf 88' lang='lat' dir='ltr'><strong>videlicet</strong></span> <span class='ocrx_word' id='word_1_500' title='bbox 3209 3630 3279 3683; x_wconf 88' lang='lat' dir='ltr'>ad</span> <span class='ocrx_word' id='word_1_501' title='bbox 3312 3645 3474 3684; x_wconf 86' lang='lat' dir='ltr'><strong>arma</strong></span> <span class='ocrx_word' id='word_1_502' title='bbox 3502 3635 3559 3685; x_wconf 88' lang='lat' dir='ltr'>et</span> <span class='ocrx_word' id='word_1_503' title='bbox 3588 3632 3702 3686; x_wconf 91' lang='lat' dir='ltr'>mi—</span> 
     </span>
    </p>
   </div>
   <div class='ocr_carea' id='block_1_67' title="bbox 2054 3714 3699 3788">
    <p class='ocr_par' dir='ltr' id='par_1_67' title="bbox 2054 3714 3699 3788">
     <span class='ocr_line' id='line_1_67' title="bbox 2054 3714 3699 3788; baseline 0.003 -19"><span class='ocrx_word' id='word_1_504' title='bbox 2054 3714 2216 3770; x_wconf 89' lang='lat' dir='ltr'><strong>litem</strong></span> <span class='ocrx_word' id='word_1_505' title='bbox 2249 3714 2672 3771; x_wconf 89' lang='lat' dir='ltr'><strong>conductitium</strong></span> <span class='ocrx_word' id='word_1_506' title='bbox 2706 3716 2763 3771; x_wconf 90' lang='lat' dir='ltr'><strong>in</strong></span> <span class='ocrx_word' id='word_1_507' title='bbox 2797 3716 3105 3772; x_wconf 88' lang='lat' dir='ltr'><strong>Occidente</strong></span> <span class='ocrx_word' id='word_1_508' title='bbox 3138 3717 3488 3788; x_wconf 89' lang='lat' dir='ltr'><strong>parandum,</strong></span> <span class='ocrx_word' id='word_1_509' title='bbox 3521 3719 3570 3774; x_wconf 89' lang='lat' dir='ltr'>si</span> <span class='ocrx_word' id='word_1_510' title='bbox 3606 3733 3699 3774; x_wconf 85' lang='lat' dir='ltr'>res</span> 
     </span>
    </p>
   </div>
   <div class='ocr_carea' id='block_1_68' title="bbox 2056 3804 3697 3877">
    <p class='ocr_par' dir='ltr' id='par_1_68' title="bbox 2056 3804 3697 3877">
     <span class='ocr_line' id='line_1_68' title="bbox 2056 3804 3697 3877; baseline 0.002 -18"><span class='ocrx_word' id='word_1_511' title='bbox 2056 3808 2345 3875; x_wconf 89' lang='lat' dir='ltr'><strong>posceret,</strong></span> <span class='ocrx_word' id='word_1_512' title='bbox 2368 3808 2426 3860; x_wconf 88' lang='lat' dir='ltr'>et</span> <span class='ocrx_word' id='word_1_513' title='bbox 2456 3805 2526 3859; x_wconf 89' lang='lat' dir='ltr'>ad</span> <span class='ocrx_word' id='word_1_514' title='bbox 2551 3804 2874 3860; x_wconf 87' lang='lat' dir='ltr'><strong>amicitiam</strong></span> <span class='ocrx_word' id='word_1_515' title='bbox 2911 3806 3082 3876; x_wconf 89' lang='lat' dir='ltr'><strong>regis,</strong></span> <span class='ocrx_word' id='word_1_516' title='bbox 3117 3807 3164 3862; x_wconf 89' lang='lat' dir='ltr'>si</span> <span class='ocrx_word' id='word_1_517' title='bbox 3197 3804 3525 3877; x_wconf 79' lang='lat' dir='ltr'><strong>pacificatio</strong></span> <span class='ocrx_word' id='word_1_518' title='bbox 3565 3823 3697 3862; x_wconf 85' lang='lat' dir='ltr'><strong>suc-</strong></span> 
     </span>
    </p>
   </div>
   <div class='ocr_carea' id='block_1_69' title="bbox 2057 3892 3698 3967">
    <p class='ocr_par' dir='ltr' id='par_1_69' title="bbox 2057 3892 3698 3967">
     <span class='ocr_line' id='line_1_69' title="bbox 2057 3892 3698 3967; baseline 0.001 -18"><span class='ocrx_word' id='word_1_519' title='bbox 2057 3892 2799 3962; x_wconf 89' lang='lat' dir='ltr'><strong>cessisset,conciliandam.</strong></span> <span class='ocrx_word' id='word_1_520' title='bbox 2833 3894 3070 3950; x_wconf 84' lang='lat' dir='ltr'><strong>Alexius</strong></span> <span class='ocrx_word' id='word_1_521' title='bbox 3091 3910 3156 3950; x_wconf 90' lang='lat' dir='ltr'>eo</span> <span class='ocrx_word' id='word_1_522' title='bbox 3175 3895 3490 3967; x_wconf 82' lang='lat' dir='ltr'><strong>profectus,</strong></span> <span class='ocrx_word' id='word_1_523' title='bbox 3521 3895 3698 3951; x_wconf 90' lang='lat' dir='ltr'><strong>homo</strong></span> 
     </span>
    </p>
   </div>
   <div class='ocr_carea' id='block_1_70' title="bbox 287 3976 1950 4063">
    <p class='ocr_par' dir='ltr' id='par_1_70' title="bbox 287 3976 1941 4062">
     <span class='ocr_line' id='line_1_70' title="bbox 287 3976 1941 4062; baseline -0.006 -20"><span class='ocrx_word' id='word_1_524' title='bbox 287 3988 490 4062; x_wconf 88' lang='grc' dir='ltr'>μασίαν</span> <span class='ocrx_word' id='word_1_525' title='bbox 546 3984 734 4040; x_wconf 81' lang='grc' dir='ltr'>ὅπλων</span> <span class='ocrx_word' id='word_1_526' title='bbox 798 3982 889 4038; x_wconf 81' lang='grc' dir='ltr'>καὶ</span> <span class='ocrx_word' id='word_1_527' title='bbox 946 3984 1154 4055; x_wconf 77' lang='grc' dir='ltr'>ξενικοῦ</span> <span class='ocrx_word' id='word_1_528' title='bbox 1214 3978 1611 4054; x_wconf 85' lang='grc' dir='ltr'>στρατεύματος</span> <span class='ocrx_word' id='word_1_529' title='bbox 1659 3976 1941 4053; x_wconf 78' lang='grc' dir='ltr'>συλλογὴν</span> 
     </span>
    </p>
   </div>
   <div class='ocr_carea' id='block_1_71' title="bbox 2059 3976 3699 4063">
    <p class='ocr_par' dir='ltr' id='par_1_71' title="bbox 2059 3982 3699 4055">
     <span class='ocr_line' id='line_1_71' title="bbox 2059 3982 3699 4055; baseline -0.001 -13"><span class='ocrx_word' id='word_1_530' title='bbox 2059 4001 2191 4042; x_wconf 89' lang='lat' dir='ltr'><strong>acer</strong></span> <span class='ocrx_word' id='word_1_531' title='bbox 2215 3991 2268 4041; x_wconf 92' lang='lat' dir='ltr'>et</span> <span class='ocrx_word' id='word_1_532' title='bbox 2295 3984 2351 4038; x_wconf 88' lang='lat' dir='ltr'>in</span> <span class='ocrx_word' id='word_1_533' title='bbox 2405 3998 2466 4038; x_wconf 89' lang='lat' dir='ltr'>re</span> <span class='ocrx_word' id='word_1_534' title='bbox 2521 3982 2734 4039; x_wconf 88' lang='lat' dir='ltr'><strong>bellica</strong></span> <span class='ocrx_word' id='word_1_535' title='bbox 2787 3982 3323 4051; x_wconf 85' lang='lat' dir='ltr'><strong>exercitatissimus,</strong></span> <span class='ocrx_word' id='word_1_536' title='bbox 3385 3988 3442 4039; x_wconf 88' lang='lat' dir='ltr'>et</span> <span class='ocrx_word' id='word_1_537' title='bbox 3496 3984 3699 4055; x_wconf 81' lang='lat' dir='ltr'><strong>lingua</strong></span> 
     </span>
    </p>
   </div>
   <div class='ocr_carea' id='block_1_72' title="bbox 282 4068 1940 4151">
    <p class='ocr_par' dir='ltr' id='par_1_72' title="bbox 282 4068 1940 4151">
     <span class='ocr_line' id='line_1_72' title="bbox 282 4068 1940 4151; baseline -0.005 -18"><span class='ocrx_word' id='word_1_538' title='bbox 282 4076 393 4134; x_wconf 79' lang='grc' dir='ltr'>ἄπὸ</span> <span class='ocrx_word' id='word_1_539' title='bbox 454 4082 563 4132; x_wconf 88' lang='grc' dir='ltr'>τῶν</span> <span class='ocrx_word' id='word_1_540' title='bbox 621 4074 886 4151; x_wconf 75' lang='grc' dir='ltr'>ἑσπερίων</span> <span class='ocrx_word' id='word_1_541' title='bbox 935 4076 1139 4148; x_wconf 90' lang='grc' dir='ltr'>μερῶν,</span> <span class='ocrx_word' id='word_1_542' title='bbox 1200 4071 1245 4127; x_wconf 72' lang='grc' dir='ltr'>εἴ</span> <span class='ocrx_word' id='word_1_543' title='bbox 1300 4071 1497 4127; x_wconf 84' lang='grc' dir='ltr'>τούτου</span> <span class='ocrx_word' id='word_1_544' title='bbox 1566 4068 1795 4141; x_wconf 85' lang='grc' dir='ltr'>δεήσειε,</span> <span class='ocrx_word' id='word_1_545' title='bbox 1850 4071 1940 4125; x_wconf 85' lang='grc' dir='ltr'>καὶ</span> 
     </span>
    </p>
   </div>
   <div class='ocr_carea' id='block_1_73' title="bbox 283 4159 1940 4242">
    <p class='ocr_par' dir='ltr' id='par_1_73' title="bbox 283 4159 1940 4242">
     <span class='ocr_line' id='line_1_73' title="bbox 283 4159 1940 4242; baseline -0.006 -19"><span class='ocrx_word' id='word_1_546' title='bbox 283 4168 428 4242; x_wconf 82' lang='grc' dir='ltr'>πρὸς</span> <span class='ocrx_word' id='word_1_547' title='bbox 479 4168 579 4236; x_wconf 76' lang='grc' dir='ltr'>τὴν</span> <span class='ocrx_word' id='word_1_548' title='bbox 636 4168 735 4220; x_wconf 89' lang='grc' dir='ltr'>τοῦ</span> <span class='ocrx_word' id='word_1_549' title='bbox 800 4163 970 4238; x_wconf 80' lang='grc' dir='ltr'>ῥηγὸς</span> <span class='ocrx_word' id='word_1_550' title='bbox 1021 4160 1231 4241; x_wconf 72' lang='grc' dir='ltr'>φιλίαν,</span> <span class='ocrx_word' id='word_1_551' title='bbox 1264 4160 1309 4216; x_wconf 85' lang='grc' dir='ltr'>εἰ</span> <span class='ocrx_word' id='word_1_552' title='bbox 1340 4162 1746 4235; x_wconf 86' lang='grc' dir='ltr'>πμοχωροῦσαν</span> <span class='ocrx_word' id='word_1_553' title='bbox 1789 4159 1940 4236; x_wconf 80' lang='grc' dir='ltr'>ὁρῴη</span> 
     </span>
    </p>
   </div>
   <div class='ocr_carea' id='block_1_74' title="bbox 281 4247 1945 4329">
    <p class='ocr_par' dir='ltr' id='par_1_74' title="bbox 281 4247 1945 4329">
     <span class='ocr_line' id='line_1_74' title="bbox 281 4247 1945 4329; baseline -0.005 -17"><span class='ocrx_word' id='word_1_554' title='bbox 281 4258 386 4327; x_wconf 80' lang='grc' dir='ltr'>τήν</span> <span class='ocrx_word' id='word_1_555' title='bbox 467 4249 759 4329; x_wconf 81' lang='grc' dir='ltr'>ξύμϐασιν,</span> <span class='ocrx_word' id='word_1_556' title='bbox 839 4254 1027 4309; x_wconf 88' lang='grc' dir='ltr'>Ἔνθεν</span> <span class='ocrx_word' id='word_1_557' title='bbox 1104 4271 1190 4305; x_wconf 90' lang='grc' dir='ltr'>τοι</span> <span class='ocrx_word' id='word_1_558' title='bbox 1246 4248 1336 4305; x_wconf 84' lang='grc' dir='ltr'>καὶ</span> <span class='ocrx_word' id='word_1_559' title='bbox 1395 4250 1423 4303; x_wconf 92' lang='lat'>6</span> <span class='ocrx_word' id='word_1_560' title='bbox 1474 4247 1720 4318; x_wconf 77' lang='grc' dir='ltr'>Ἀλέειυς</span> <span class='ocrx_word' id='word_1_561' title='bbox 1773 4247 1945 4303; x_wconf 78' lang='grc' dir='ltr'>ἐκεῖσε</span> 
     </span>
    </p>
   </div>
   <div class='ocr_carea' id='block_1_75' title="bbox 283 4336 1939 4425">
    <p class='ocr_par' dir='ltr' id='par_1_75' title="bbox 283 4336 1939 4425">
     <span class='ocr_line' id='line_1_75' title="bbox 283 4336 1939 4425; baseline -0.007 -24"><span class='ocrx_word' id='word_1_562' title='bbox 283 4344 607 4425; x_wconf 79' lang='grc' dir='ltr'>γενόμενος,</span> <span class='ocrx_word' id='word_1_563' title='bbox 687 4340 1017 4416; x_wconf 86' lang='grc' dir='ltr'>δραστήριος</span> <span class='ocrx_word' id='word_1_564' title='bbox 1094 4341 1383 4416; x_wconf 82' lang='grc' dir='ltr'>ἂνθρωποσ</span> <span class='ocrx_word' id='word_1_565' title='bbox 1448 4336 1532 4425; x_wconf 10' lang='grc' dir='ltr'>,ὢν</span> <span class='ocrx_word' id='word_1_566' title='bbox 1603 4337 1693 4392; x_wconf 87' lang='grc' dir='ltr'>καὶ</span> <span class='ocrx_word' id='word_1_567' title='bbox 1768 4342 1939 4425; x_wconf 82' lang='grc' dir='ltr'>πᾶσαν</span> 
     </span>
    </p>
   </div>
   <div class='ocr_carea' id='block_1_76' title="bbox 285 4423 1939 4507">
    <p class='ocr_par' dir='ltr' id='par_1_76' title="bbox 285 4423 1939 4507">
     <span class='ocr_line' id='line_1_76' title="bbox 285 4423 1939 4507; baseline -0.007 -16"><span class='ocrx_word' id='word_1_568' title='bbox 285 4423 610 4507; x_wconf 68' lang='grc' dir='ltr'>ἔξησκηκὼς</span> <span class='ocrx_word' id='word_1_569' title='bbox 643 4430 970 4504; x_wconf 80' lang='grc' dir='ltr'>αὐτουργίαν</span> <span class='ocrx_word' id='word_1_570' title='bbox 1003 4428 1338 4501; x_wconf 68' lang='grc' dir='ltr'>πολεμικὴν,</span> <span class='ocrx_word' id='word_1_571' title='bbox 1369 4424 1456 4481; x_wconf 75' lang='grc' dir='ltr'>νοΐ</span> <span class='ocrx_word' id='word_1_572' title='bbox 1492 4446 1550 4481; x_wconf 89' lang='grc' dir='ltr'>τε</span> <span class='ocrx_word' id='word_1_573' title='bbox 1599 4427 1699 4496; x_wconf 75' lang='grc' dir='ltr'>τὴν</span> <span class='ocrx_word' id='word_1_574' title='bbox 1754 4423 1939 4501; x_wconf 86' lang='grc' dir='ltr'>γλῶτ-</span> 
     </span>
    </p>
   </div>
   <div class='ocr_carea' id='block_1_77' title="bbox 280 4514 1940 4602">
    <p class='ocr_par' dir='ltr' id='par_1_77' title="bbox 280 4514 1940 4602">
     <span class='ocr_line' id='line_1_77' title="bbox 280 4514 1940 4602; baseline -0.007 -22"><span class='ocrx_word' id='word_1_575' title='bbox 280 4545 379 4579; x_wconf 84' lang='grc' dir='ltr'>ταν</span> <span class='ocrx_word' id='word_1_576' title='bbox 412 4518 562 4602; x_wconf 68' lang='grc' dir='ltr'>ἔχων</span> <span class='ocrx_word' id='word_1_577' title='bbox 592 4517 938 4592; x_wconf 77' lang='grc' dir='ltr'>ἀνθάμιλλον</span> <span class='ocrx_word' id='word_1_578' title='bbox 996 4518 1086 4572; x_wconf 84' lang='grc' dir='ltr'>καὶ</span> <span class='ocrx_word' id='word_1_579' title='bbox 1148 4521 1341 4592; x_wconf 86' lang='grc' dir='ltr'>χεῖρας</span> <span class='ocrx_word' id='word_1_580' title='bbox 1386 4514 1766 4590; x_wconf 84' lang='grc' dir='ltr'>ἀντεριζούσας</span> <span class='ocrx_word' id='word_1_581' title='bbox 1820 4519 1940 4576; x_wconf 78' lang='grc' dir='ltr'>ταῖς</span> 
     </span>
    </p>
   </div>
   <div class='ocr_carea' id='block_1_78' title="bbox 283 4605 1939 4693">
    <p class='ocr_par' dir='ltr' id='par_1_78' title="bbox 283 4605 1939 4693">
     <span class='ocr_line' id='line_1_78' title="bbox 283 4605 1939 4693; baseline -0.008 -20"><span class='ocrx_word' id='word_1_582' title='bbox 283 4617 547 4693; x_wconf 81' lang='grc' dir='ltr'>ἀρχικαῖς</span> <span class='ocrx_word' id='word_1_583' title='bbox 583 4611 955 4689; x_wconf 84' lang='grc' dir='ltr'>μεθοδεύσεσι,</span> <span class='ocrx_word' id='word_1_584' title='bbox 1013 4609 1102 4665; x_wconf 87' lang='grc' dir='ltr'>καὶ</span> <span class='ocrx_word' id='word_1_585' title='bbox 1158 4609 1220 4664; x_wconf 86' lang='grc' dir='ltr'>τὸ</span> <span class='ocrx_word' id='word_1_586' title='bbox 1278 4605 1419 4672; x_wconf 75' lang='grc' dir='ltr'>εἶδος</span> <span class='ocrx_word' id='word_1_587' title='bbox 1478 4608 1666 4682; x_wconf 79' lang='grc' dir='ltr'>αὐχῶν</span> <span class='ocrx_word' id='word_1_588' title='bbox 1724 4606 1939 4680; x_wconf 83' lang='grc' dir='ltr'>σεμνὸν,</span> 
     </span>
    </p>
   </div>
   <div class='ocr_carea' id='block_1_79' title="bbox 282 4695 1940 4783">
    <p class='ocr_par' dir='ltr' id='par_1_79' title="bbox 282 4695 1940 4783">
     <span class='ocr_line' id='line_1_79' title="bbox 282 4695 1940 4783; baseline -0.008 -21"><span class='ocrx_word' id='word_1_589' title='bbox 282 4707 681 4783; x_wconf 84' lang='grc' dir='ltr'>στρατολογεῖν</span> <span class='ocrx_word' id='word_1_590' title='bbox 716 4700 875 4766; x_wconf 77' lang='grc' dir='ltr'>εὗθὺς</span> <span class='ocrx_word' id='word_1_591' title='bbox 908 4695 1223 4769; x_wconf 80' lang='grc' dir='ltr'>ἐπεϐάλετο,</span> <span class='ocrx_word' id='word_1_592' title='bbox 1275 4702 1588 4754; x_wconf 88' lang='grc' dir='ltr'>κατασεῖσαι</span> <span class='ocrx_word' id='word_1_593' title='bbox 1634 4698 1732 4765; x_wconf 71' lang='grc' dir='ltr'>τὴν</span> <span class='ocrx_word' id='word_1_594' title='bbox 1795 4697 1940 4770; x_wconf 86' lang='grc' dir='ltr'>γνώ-</span> 
     </span>
    </p>
   </div>
   <div class='ocr_carea' id='block_1_80' title="bbox 284 4784 1941 4871">
    <p class='ocr_par' dir='ltr' id='par_1_80' title="bbox 284 4784 1941 4871">
     <span class='ocr_line' id='line_1_80' title="bbox 284 4784 1941 4871; baseline -0.007 -19"><span class='ocrx_word' id='word_1_595' title='bbox 284 4819 397 4871; x_wconf 81' lang='grc' dir='ltr'>μην</span> <span class='ocrx_word' id='word_1_596' title='bbox 431 4801 502 4870; x_wconf 79' lang='grc' dir='ltr'>τῇ</span> <span class='ocrx_word' id='word_1_597' title='bbox 534 4794 676 4867; x_wconf 79' lang='grc' dir='ltr'>ἀκοῇ</span> <span class='ocrx_word' id='word_1_598' title='bbox 713 4788 1048 4866; x_wconf 72' lang='grc' dir='ltr'>βουλόμεΛος</span> <span class='ocrx_word' id='word_1_599' title='bbox 1078 4791 1174 4843; x_wconf 88' lang='grc' dir='ltr'>τοῦ</span> <span class='ocrx_word' id='word_1_600' title='bbox 1198 4789 1383 4863; x_wconf 83' lang='grc' dir='ltr'>ῥηγὸς,</span> <span class='ocrx_word' id='word_1_601' title='bbox 1414 4786 1504 4842; x_wconf 81' lang='grc' dir='ltr'>καὶ</span> <span class='ocrx_word' id='word_1_602' title='bbox 1554 4786 1762 4865; x_wconf 69' lang='grc' dir='ltr'>συχνὴν</span> <span class='ocrx_word' id='word_1_603' title='bbox 1804 4784 1941 4854; x_wconf 79' lang='grc' dir='ltr'>ξυνέ-</span> 
     </span>
    </p>
   </div>
   <div class='ocr_carea' id='block_1_81' title="bbox 277 4871 1938 4962">
    <p class='ocr_par' dir='ltr' id='par_1_81' title="bbox 277 4871 1938 4962">
     <span class='ocr_line' id='line_1_81' title="bbox 277 4871 1938 4962; baseline -0.01 -18"><span class='ocrx_word' id='word_1_604' title='bbox 277 4887 437 4962; x_wconf 84' lang='grc' dir='ltr'>λεγεν</span> <span class='ocrx_word' id='word_1_605' title='bbox 465 4888 550 4960; x_wconf 84' lang='grc' dir='ltr'>[Ρ.</span> <span class='ocrx_word' id='word_1_606' title='bbox 586 4886 680 4956; x_wconf 74' lang='lat'>65]</span> <span class='ocrx_word' id='word_1_607' title='bbox 709 4879 883 4936; x_wconf 65' lang='grc' dir='ltr'>ἵππον</span> <span class='ocrx_word' id='word_1_608' title='bbox 918 4879 993 4941; x_wconf 86' lang='grc' dir='ltr'>ὡς</span> <span class='ocrx_word' id='word_1_609' title='bbox 1024 4876 1076 4940; x_wconf 81' lang='grc' dir='ltr'>ἐς</span> <span class='ocrx_word' id='word_1_610' title='bbox 1110 4871 1422 4953; x_wconf 83' lang='grc' dir='ltr'>Καλαϐρίαν</span> <span class='ocrx_word' id='word_1_611' title='bbox 1460 4873 1680 4962; x_wconf 80' lang='grc' dir='ltr'>μέλλων</span> <span class='ocrx_word' id='word_1_612' title='bbox 1727 4894 1938 4948; x_wconf 86' lang='grc' dir='ltr'>παρεμ-</span> 
     </span>
    </p>
   </div>
   <div class='ocr_carea' id='block_1_82' title="bbox 271 4961 1936 5043">
    <p class='ocr_par' dir='ltr' id='par_1_82' title="bbox 271 4961 1936 5043">
     <span class='ocr_line' id='line_1_82' title="bbox 271 4961 1936 5043; baseline -0.007 -12"><span class='ocrx_word' id='word_1_613' title='bbox 271 4961 493 5032; x_wconf 83' lang='grc' dir='ltr'>ϐαλεῖν.</span> <span class='ocrx_word' id='word_1_614' title='bbox 530 4976 617 5031; x_wconf 79' lang='grc' dir='ltr'>Ἑν</span> <span class='ocrx_word' id='word_1_615' title='bbox 653 4969 713 5027; x_wconf 75' lang='grc' dir='ltr'>δὲ</span> <span class='ocrx_word' id='word_1_616' title='bbox 741 4972 823 5041; x_wconf 82' lang='grc' dir='ltr'>τῷ</span> <span class='ocrx_word' id='word_1_617' title='bbox 860 4967 1008 5043; x_wconf 82' lang='grc' dir='ltr'>μέρει</span> <span class='ocrx_word' id='word_1_618' title='bbox 1038 4966 1128 5022; x_wconf 84' lang='grc' dir='ltr'>καί</span> <span class='ocrx_word' id='word_1_619' title='bbox 1158 4970 1254 5021; x_wconf 90' lang='grc' dir='ltr'>τοῦ</span> <span class='ocrx_word' id='word_1_620' title='bbox 1282 4968 1389 5021; x_wconf 90' lang='grc' dir='ltr'>τῶν</span> <span class='ocrx_word' id='word_1_621' title='bbox 1434 4961 1678 5019; x_wconf 87' lang='grc' dir='ltr'>σπονδῶν</span> <span class='ocrx_word' id='word_1_622' title='bbox 1738 4962 1936 5037; x_wconf 83' lang='grc' dir='ltr'>ἐπεμε-</span> 
     </span>
    </p>
   </div>
   <div class='ocr_carea' id='block_1_83' title="bbox 270 5053 1936 5133">
    <p class='ocr_par' dir='ltr' id='par_1_83' title="bbox 270 5053 1936 5133">
     <span class='ocr_line' id='line_1_83' title="bbox 270 5053 1936 5133; baseline -0.009 -11"><span class='ocrx_word' id='word_1_623' title='bbox 270 5065 429 5122; x_wconf 85' lang='grc' dir='ltr'>λεῖτο</span> <span class='ocrx_word' id='word_1_624' title='bbox 472 5064 838 5133; x_wconf 79' lang='grc' dir='ltr'>καθήκοντος,</span> <span class='ocrx_word' id='word_1_625' title='bbox 868 5056 957 5111; x_wconf 76' lang='grc' dir='ltr'>καὶ</span> <span class='ocrx_word' id='word_1_626' title='bbox 990 5057 1063 5117; x_wconf 85' lang='grc' dir='ltr'>ὡς</span> <span class='ocrx_word' id='word_1_627' title='bbox 1097 5053 1331 5125; x_wconf 70' lang='grc' dir='ltr'>ἃλλῆοιε</span> <span class='ocrx_word' id='word_1_628' title='bbox 1366 5053 1593 5125; x_wconf 80' lang='grc' dir='ltr'>λήξουσι</span> <span class='ocrx_word' id='word_1_629' title='bbox 1627 5053 1936 5127; x_wconf 84' lang='grc' dir='ltr'>πολεμοῦν-</span> 
     </span>
    </p>
   </div>
   <div class='ocr_carea' id='block_1_84' title="bbox 267 5144 1937 5228">
    <p class='ocr_par' dir='ltr' id='par_1_84' title="bbox 267 5144 1937 5228">
     <span class='ocr_line' id='line_1_84' title="bbox 267 5144 1937 5228; baseline -0.009 -16"><span class='ocrx_word' id='word_1_630' title='bbox 267 5177 355 5219; x_wconf 87' lang='grc' dir='ltr'>τες</span> <span class='ocrx_word' id='word_1_631' title='bbox 388 5156 496 5210; x_wconf 80' lang='grc' dir='ltr'>ὅτε</span> <span class='ocrx_word' id='word_1_632' title='bbox 528 5148 798 5228; x_wconf 83' lang='grc' dir='ltr'>βασιλεὺς</span> <span class='ocrx_word' id='word_1_633' title='bbox 856 5145 944 5200; x_wconf 80' lang='grc' dir='ltr'>καὶ</span> <span class='ocrx_word' id='word_1_634' title='bbox 977 5146 1004 5199; x_wconf 87' lang='grc' dir='ltr'>ό</span> <span class='ocrx_word' id='word_1_635' title='bbox 1065 5144 1187 5219; x_wconf 72' lang='grc' dir='ltr'>ῥήξ,</span> <span class='ocrx_word' id='word_1_636' title='bbox 1244 5145 1542 5217; x_wconf 66' lang='grc' dir='ltr'>γράμματα</span> <span class='ocrx_word' id='word_1_637' title='bbox 1592 5163 1649 5199; x_wconf 89' lang='grc' dir='ltr'>τε</span> <span class='ocrx_word' id='word_1_638' title='bbox 1707 5144 1937 5217; x_wconf 81' lang='grc' dir='ltr'>πέμπων</span> 
     </span>
    </p>
   </div>
   <div class='ocr_carea' id='block_1_85' title="bbox 266 5230 1935 5310">
    <p class='ocr_par' dir='ltr' id='par_1_85' title="bbox 266 5230 1935 5310">
     <span class='ocr_line' id='line_1_85' title="bbox 266 5230 1935 5310; baseline -0.008 -11"><span class='ocrx_word' id='word_1_639' title='bbox 266 5245 323 5310; x_wconf 75' lang='grc' dir='ltr'>ές</span> <span class='ocrx_word' id='word_1_640' title='bbox 353 5244 533 5304; x_wconf 71' lang='grc' dir='ltr'>Μαῖαν</span> <span class='ocrx_word' id='word_1_641' title='bbox 563 5239 656 5296; x_wconf 75' lang='grc' dir='ltr'>καὶ</span> <span class='ocrx_word' id='word_1_642' title='bbox 695 5232 1018 5310; x_wconf 84' lang='grc' dir='ltr'>δεχόμενος,</span> <span class='ocrx_word' id='word_1_643' title='bbox 1053 5231 1110 5295; x_wconf 76' lang='grc' dir='ltr'>ὃς</span> <span class='ocrx_word' id='word_1_644' title='bbox 1143 5230 1431 5307; x_wconf 75' lang='grc' dir='ltr'>ἐναυάρχει</span> <span class='ocrx_word' id='word_1_645' title='bbox 1475 5231 1599 5289; x_wconf 87' lang='grc' dir='ltr'>τότε</span> <span class='ocrx_word' id='word_1_646' title='bbox 1655 5236 1753 5287; x_wconf 88' lang='grc' dir='ltr'>τοῦ</span> <span class='ocrx_word' id='word_1_647' title='bbox 1810 5231 1935 5287; x_wconf 92' lang='grc' dir='ltr'>στό-</span> 
     </span>
    </p>
   </div>
   <div class='ocr_carea' id='block_1_86' title="bbox 2056 4071 3698 4145">
    <p class='ocr_par' dir='ltr' id='par_1_86' title="bbox 2056 4071 3698 4145">
     <span class='ocr_line' id='line_1_86' title="bbox 2056 4071 3698 4145; baseline 0 -15"><span class='ocrx_word' id='word_1_648' title='bbox 2056 4074 2268 4132; x_wconf 89' lang='lat' dir='ltr'><strong>mentis</strong></span> <span class='ocrx_word' id='word_1_649' title='bbox 2290 4071 2643 4129; x_wconf 71' lang='lat' dir='ltr'><strong>mmulatrice</strong></span> <span class='ocrx_word' id='word_1_650' title='bbox 2702 4073 3000 4143; x_wconf 75' lang='lat' dir='ltr'><strong>praeditus,</strong></span> <span class='ocrx_word' id='word_1_651' title='bbox 3057 4076 3115 4129; x_wconf 92' lang='lat' dir='ltr'>et</span> <span class='ocrx_word' id='word_1_652' title='bbox 3174 4072 3456 4145; x_wconf 87' lang='lat' dir='ltr'><strong>dignitate</strong></span> <span class='ocrx_word' id='word_1_653' title='bbox 3496 4074 3698 4130; x_wconf 66' lang='lat' dir='ltr'><strong>forma</strong></span> 
     </span>
    </p>
   </div>
   <div class='ocr_carea' id='block_1_87' title="bbox 2047 4161 3695 4235">
    <p class='ocr_par' dir='ltr' id='par_1_87' title="bbox 2047 4161 3695 4235">
     <span class='ocr_line' id='line_1_87' title="bbox 2047 4161 3695 4235; baseline -0.001 -14"><span class='ocrx_word' id='word_1_654' title='bbox 2047 4163 2422 4235; x_wconf 84' lang='lat' dir='ltr'><strong>conspicuus,</strong></span> <span class='ocrx_word' id='word_1_655' title='bbox 2447 4162 2507 4217; x_wconf 92' lang='lat' dir='ltr'>in</span> <span class='ocrx_word' id='word_1_656' title='bbox 2565 4161 2954 4233; x_wconf 82' lang='lat' dir='ltr'><strong>exsequendis</strong></span> <span class='ocrx_word' id='word_1_657' title='bbox 3018 4161 3383 4235; x_wconf 88' lang='lat' dir='ltr'><strong>imperatoris</strong></span> <span class='ocrx_word' id='word_1_658' title='bbox 3432 4162 3695 4220; x_wconf 88' lang='lat' dir='ltr'><strong>consiliis</strong></span> 
     </span>
    </p>
   </div>
   <div class='ocr_carea' id='block_1_88' title="bbox 2047 4249 3697 4323">
    <p class='ocr_par' dir='ltr' id='par_1_88' title="bbox 2047 4249 3697 4323">
     <span class='ocr_line' id='line_1_88' title="bbox 2047 4249 3697 4323; baseline 0 -14"><span class='ocrx_word' id='word_1_659' title='bbox 2047 4252 2205 4309; x_wconf 89' lang='lat' dir='ltr'><strong>haud</strong></span> <span class='ocrx_word' id='word_1_660' title='bbox 2228 4251 2446 4323; x_wconf 88' lang='lat' dir='ltr'><strong>segnis,</strong></span> <span class='ocrx_word' id='word_1_661' title='bbox 2479 4250 2678 4307; x_wconf 88' lang='lat' dir='ltr'><strong>statim</strong></span> <span class='ocrx_word' id='word_1_662' title='bbox 2712 4249 2964 4307; x_wconf 87' lang='lat' dir='ltr'><strong>scribere</strong></span> <span class='ocrx_word' id='word_1_663' title='bbox 2987 4250 3204 4307; x_wconf 90' lang='lat' dir='ltr'><strong>milites</strong></span> <span class='ocrx_word' id='word_1_664' title='bbox 3233 4251 3511 4321; x_wconf 90' lang='lat' dir='ltr'><strong>instituit,</strong></span> <span class='ocrx_word' id='word_1_665' title='bbox 3534 4256 3598 4308; x_wconf 91' lang='lat' dir='ltr'><strong>ut</strong></span> <span class='ocrx_word' id='word_1_666' title='bbox 3627 4268 3697 4309; x_wconf 85' lang='lat' dir='ltr'>ea</span> 
     </span>
    </p>
   </div>
   <div class='ocr_carea' id='block_1_89' title="bbox 2048 4338 3695 4413">
    <p class='ocr_par' dir='ltr' id='par_1_89' title="bbox 2048 4338 3695 4413">
     <span class='ocr_line' id='line_1_89' title="bbox 2048 4338 3695 4413; baseline 0 -17"><span class='ocrx_word' id='word_1_667' title='bbox 2048 4340 2201 4396; x_wconf 85' lang='lat' dir='ltr'><strong>fama</strong></span> <span class='ocrx_word' id='word_1_668' title='bbox 2231 4340 2383 4413; x_wconf 89' lang='lat' dir='ltr'><strong>regis</strong></span> <span class='ocrx_word' id='word_1_669' title='bbox 2416 4340 2680 4395; x_wconf 90' lang='lat' dir='ltr'><strong>animum</strong></span> <span class='ocrx_word' id='word_1_670' title='bbox 2713 4338 3086 4411; x_wconf 87' lang='lat' dir='ltr'><strong>percelleret;</strong></span> <span class='ocrx_word' id='word_1_671' title='bbox 3118 4356 3182 4395; x_wconf 92' lang='lat' dir='ltr'>ac</span> <span class='ocrx_word' id='word_1_672' title='bbox 3216 4356 3495 4412; x_wconf 88' lang='lat' dir='ltr'><strong>magnum</strong></span> <span class='ocrx_word' id='word_1_673' title='bbox 3528 4341 3695 4412; x_wconf 89' lang='lat' dir='ltr'><strong>equi-</strong></span> 
     </span>
    </p>
   </div>
   <div class='ocr_carea' id='block_1_90' title="bbox 2047 4427 3690 4501">
    <p class='ocr_par' dir='ltr' id='par_1_90' title="bbox 2047 4427 3690 4501">
     <span class='ocr_line' id='line_1_90' title="bbox 2047 4427 3690 4501; baseline 0.001 -17"><span class='ocrx_word' id='word_1_674' title='bbox 2047 4433 2236 4485; x_wconf 87' lang='lat' dir='ltr'><strong>tatum</strong></span> <span class='ocrx_word' id='word_1_675' title='bbox 2287 4429 2474 4501; x_wconf 87' lang='lat' dir='ltr'><strong>coegit</strong></span> <span class='ocrx_word' id='word_1_676' title='bbox 2531 4427 2697 4500; x_wconf 90' lang='lat' dir='ltr'><strong>quasi</strong></span> <span class='ocrx_word' id='word_1_677' title='bbox 2744 4428 2804 4484; x_wconf 92' lang='lat' dir='ltr'><strong>in</strong></span> <span class='ocrx_word' id='word_1_678' title='bbox 2858 4427 3183 4483; x_wconf 83' lang='lat' dir='ltr'><strong>Calabriam</strong></span> <span class='ocrx_word' id='word_1_679' title='bbox 3241 4428 3690 4500; x_wconf 87' lang='lat' dir='ltr'><strong>impressionem</strong></span> 
     </span>
    </p>
   </div>
   <div class='ocr_carea' id='block_1_91' title="bbox 2048 4517 3688 4589">
    <p class='ocr_par' dir='ltr' id='par_1_91' title="bbox 2048 4517 3688 4589">
     <span class='ocr_line' id='line_1_91' title="bbox 2048 4517 3688 4589; baseline 0 -16"><span class='ocrx_word' id='word_1_680' title='bbox 2048 4517 2328 4575; x_wconf 84' lang='lat' dir='ltr'><strong>facturus.</strong></span> <span class='ocrx_word' id='word_1_681' title='bbox 2366 4517 2601 4574; x_wconf 85' lang='lat' dir='ltr'><strong>Interim</strong></span> <span class='ocrx_word' id='word_1_682' title='bbox 2635 4524 2825 4572; x_wconf 88' lang='lat' dir='ltr'><strong>tamen</strong></span> <span class='ocrx_word' id='word_1_683' title='bbox 2874 4533 2942 4572; x_wconf 91' lang='lat' dir='ltr'><strong>ea</strong></span> <span class='ocrx_word' id='word_1_684' title='bbox 3000 4531 3232 4589; x_wconf 89' lang='lat' dir='ltr'><strong>quoque</strong></span> <span class='ocrx_word' id='word_1_685' title='bbox 3280 4517 3526 4585; x_wconf 86' lang='lat' dir='ltr'><strong>curavit,</strong></span> <span class='ocrx_word' id='word_1_686' title='bbox 3561 4534 3688 4588; x_wconf 64' lang='lat' dir='ltr'><strong>qua</strong></span> 
     </span>
    </p>
   </div>
   <div class='ocr_carea' id='block_1_92' title="bbox 2047 4606 3689 4681">
    <p class='ocr_par' dir='ltr' id='par_1_92' title="bbox 2047 4606 3689 4681">
     <span class='ocr_line' id='line_1_92' title="bbox 2047 4606 3689 4681; baseline 0.001 -19"><span class='ocrx_word' id='word_1_687' title='bbox 2047 4608 2118 4663; x_wconf 90' lang='lat' dir='ltr'>ad</span> <span class='ocrx_word' id='word_1_688' title='bbox 2151 4607 2283 4664; x_wconf 89' lang='lat' dir='ltr'><strong>belli</strong></span> <span class='ocrx_word' id='word_1_689' title='bbox 2317 4607 2796 4681; x_wconf 87' lang='lat' dir='ltr'><strong>compositionem</strong></span> <span class='ocrx_word' id='word_1_690' title='bbox 2832 4612 2891 4663; x_wconf 90' lang='lat' dir='ltr'>et</span> <span class='ocrx_word' id='word_1_691' title='bbox 2939 4622 3141 4679; x_wconf 92' lang='lat' dir='ltr'><strong>pacem</strong></span> <span class='ocrx_word' id='word_1_692' title='bbox 3181 4606 3334 4662; x_wconf 90' lang='lat' dir='ltr'><strong>inter</strong></span> <span class='ocrx_word' id='word_1_693' title='bbox 3371 4606 3689 4679; x_wconf 90' lang='lat' dir='ltr'><strong>imperato-</strong></span> 
     </span>
    </p>
   </div>
   <div class='ocr_carea' id='block_1_93' title="bbox 2045 4695 3687 4769">
    <p class='ocr_par' dir='ltr' id='par_1_93' title="bbox 2045 4695 3687 4769">
     <span class='ocr_line' id='line_1_93' title="bbox 2045 4695 3687 4769; baseline 0.001 -17"><span class='ocrx_word' id='word_1_694' title='bbox 2045 4712 2166 4753; x_wconf 86' lang='lat' dir='ltr'>rem</span> <span class='ocrx_word' id='word_1_695' title='bbox 2199 4701 2256 4754; x_wconf 89' lang='lat' dir='ltr'>et</span> <span class='ocrx_word' id='word_1_696' title='bbox 2312 4713 2505 4769; x_wconf 90' lang='lat' dir='ltr'><strong>regem</strong></span> <span class='ocrx_word' id='word_1_697' title='bbox 2565 4695 3032 4753; x_wconf 86' lang='lat' dir='ltr'><strong>constituendam</strong></span> <span class='ocrx_word' id='word_1_698' title='bbox 3091 4695 3481 4767; x_wconf 85' lang='lat' dir='ltr'><strong>pertinebant,</strong></span> <span class='ocrx_word' id='word_1_699' title='bbox 3533 4695 3687 4754; x_wconf 89' lang='lat' dir='ltr'><strong>ultro</strong></span> 
     </span>
    </p>
   </div>
   <div class='ocr_carea' id='block_1_94' title="bbox 2043 4784 3687 4858">
    <p class='ocr_par' dir='ltr' id='par_1_94' title="bbox 2043 4784 3687 4858">
     <span class='ocr_line' id='line_1_94' title="bbox 2043 4784 3687 4858; baseline -0.001 -15"><span class='ocrx_word' id='word_1_700' title='bbox 2043 4787 2306 4858; x_wconf 89' lang='lat' dir='ltr'><strong>citroque</strong></span> <span class='ocrx_word' id='word_1_701' title='bbox 2325 4787 2392 4842; x_wconf 89' lang='lat' dir='ltr'>ad</span> <span class='ocrx_word' id='word_1_702' title='bbox 2414 4785 2628 4841; x_wconf 87' lang='lat' dir='ltr'><strong>Maium</strong></span> <span class='ocrx_word' id='word_1_703' title='bbox 2649 4785 2856 4841; x_wconf 88' lang='lat' dir='ltr'><strong>classis</strong></span> <span class='ocrx_word' id='word_1_704' title='bbox 2879 4784 3046 4856; x_wconf 65' lang='lat' dir='ltr'><strong>regiae</strong></span> <span class='ocrx_word' id='word_1_705' title='bbox 3070 4785 3401 4857; x_wconf 73' lang='lat' dir='ltr'><strong>praefectum</strong></span> <span class='ocrx_word' id='word_1_706' title='bbox 3447 4785 3687 4843; x_wconf 85' lang='lat' dir='ltr'><strong>mitten-</strong></span> 
     </span>
    </p>
   </div>
   <div class='ocr_carea' id='block_1_95' title="bbox 2046 4875 3689 4950">
    <p class='ocr_par' dir='ltr' id='par_1_95' title="bbox 2046 4875 3689 4950">
     <span class='ocr_line' id='line_1_95' title="bbox 2046 4875 3689 4950; baseline 0.001 -17"><span class='ocrx_word' id='word_1_707' title='bbox 2046 4878 2137 4934; x_wconf 91' lang='lat' dir='ltr'>dis</span> <span class='ocrx_word' id='word_1_708' title='bbox 2168 4876 2631 4950; x_wconf 86' lang='lat' dir='ltr'><strong>recipiendisque</strong></span> <span class='ocrx_word' id='word_1_709' title='bbox 2662 4876 2889 4932; x_wconf 88' lang='lat' dir='ltr'><strong>litteris.</strong></span> <span class='ocrx_word' id='word_1_710' title='bbox 2924 4875 3165 4947; x_wconf 87' lang='lat' dir='ltr'><strong>Legatos</strong></span> <span class='ocrx_word' id='word_1_711' title='bbox 3197 4876 3376 4947; x_wconf 86' lang='lat' dir='ltr'><strong>igitur</strong></span> <span class='ocrx_word' id='word_1_712' title='bbox 3404 4893 3473 4933; x_wconf 83' lang='lat' dir='ltr'><strong>ex</strong></span> <span class='ocrx_word' id='word_1_713' title='bbox 3490 4878 3689 4935; x_wconf 90' lang='lat' dir='ltr'><strong>Sicilia</strong></span> 
     </span>
    </p>
   </div>
   <div class='ocr_carea' id='block_1_96' title="bbox 2045 4965 3688 5041">
    <p class='ocr_par' dir='ltr' id='par_1_96' title="bbox 2045 4965 3688 5041">
     <span class='ocr_line' id='line_1_96' title="bbox 2045 4965 3688 5041; baseline 0.002 -20"><span class='ocrx_word' id='word_1_714' title='bbox 2045 4968 2116 5022; x_wconf 90' lang='lat' dir='ltr'>ad</span> <span class='ocrx_word' id='word_1_715' title='bbox 2148 4984 2210 5022; x_wconf 88' lang='lat' dir='ltr'>se</span> <span class='ocrx_word' id='word_1_716' title='bbox 2241 4966 2451 5022; x_wconf 89' lang='lat' dir='ltr'><strong>missos</strong></span> <span class='ocrx_word' id='word_1_717' title='bbox 2489 4967 2560 5021; x_wconf 89' lang='lat' dir='ltr'>ad</span> <span class='ocrx_word' id='word_1_718' title='bbox 2620 4965 3031 5037; x_wconf 86' lang='lat' dir='ltr'><strong>imperatorem</strong></span> <span class='ocrx_word' id='word_1_719' title='bbox 3068 4965 3148 5020; x_wconf 88' lang='lat' dir='ltr'>ire</span> <span class='ocrx_word' id='word_1_720' title='bbox 3180 4965 3371 5037; x_wconf 90' lang='lat' dir='ltr'><strong>jubet,</strong></span> <span class='ocrx_word' id='word_1_721' title='bbox 3426 4968 3688 5041; x_wconf 74' lang='lat' dir='ltr'><strong>petitque</strong></span> 
     </span>
    </p>
   </div>
   <div class='ocr_carea' id='block_1_97' title="bbox 2045 5053 3685 5129">
    <p class='ocr_par' dir='ltr' id='par_1_97' title="bbox 2045 5053 3685 5129">
     <span class='ocr_line' id='line_1_97' title="bbox 2045 5053 3685 5129; baseline 0.001 -18"><span class='ocrx_word' id='word_1_722' title='bbox 2045 5062 2108 5111; x_wconf 89' lang='lat' dir='ltr'>ut</span> <span class='ocrx_word' id='word_1_723' title='bbox 2137 5071 2335 5112; x_wconf 85' lang='lat' dir='ltr'><strong>eorum</strong></span> <span class='ocrx_word' id='word_1_724' title='bbox 2370 5055 2692 5111; x_wconf 79' lang='lat' dir='ltr'><strong>orationem</strong></span> <span class='ocrx_word' id='word_1_725' title='bbox 2754 5053 2952 5111; x_wconf 86' lang='lat' dir='ltr'><strong>audiat</strong></span> <span class='ocrx_word' id='word_1_726' title='bbox 3002 5054 3122 5125; x_wconf 90' lang='lat' dir='ltr'><strong>(eos</strong></span> <span class='ocrx_word' id='word_1_727' title='bbox 3180 5053 3360 5124; x_wconf 90' lang='lat' dir='ltr'><strong>enim,</strong></span> <span class='ocrx_word' id='word_1_728' title='bbox 3395 5062 3685 5129; x_wconf 86' lang='lat' dir='ltr'><strong>quantum</strong></span> 
     </span>
    </p>
   </div>
   <div class='ocr_carea' id='block_1_98' title="bbox 2043 5143 3687 5217">
    <p class='ocr_par' dir='ltr' id='par_1_98' title="bbox 2043 5143 3687 5217">
     <span class='ocr_line' id='line_1_98' title="bbox 2043 5143 3687 5217; baseline 0.002 -19"><span class='ocrx_word' id='word_1_729' title='bbox 2043 5143 2412 5210; x_wconf 84' lang='lat' dir='ltr'><strong>intellexerit,</strong></span> <span class='ocrx_word' id='word_1_730' title='bbox 2445 5143 2589 5199; x_wconf 88' lang='lat' dir='ltr'><strong>nihil</strong></span> <span class='ocrx_word' id='word_1_731' title='bbox 2622 5143 2892 5215; x_wconf 90' lang='lat' dir='ltr'><strong>iniquum</strong></span> <span class='ocrx_word' id='word_1_732' title='bbox 2925 5147 3026 5198; x_wconf 91' lang='lat' dir='ltr'>aut</span> <span class='ocrx_word' id='word_1_733' title='bbox 3056 5143 3429 5201; x_wconf 84' lang='lat' dir='ltr'><strong>immcdicum</strong></span> <span class='ocrx_word' id='word_1_734' title='bbox 3481 5151 3687 5217; x_wconf 85' lang='lat' dir='ltr'><strong>postu-</strong></span> 
     </span>
    </p>
   </div>
   <div class='ocr_carea' id='block_1_99' title="bbox 2042 5232 3685 5307">
    <p class='ocr_par' dir='ltr' id='par_1_99' title="bbox 2042 5232 3685 5307">
     <span class='ocr_line' id='line_1_99' title="bbox 2042 5232 3685 5307; baseline 0.001 -18"><span class='ocrx_word' id='word_1_735' title='bbox 2042 5232 2207 5306; x_wconf 90' lang='lat' dir='ltr'><strong>lare),</strong></span> <span class='ocrx_word' id='word_1_736' title='bbox 2239 5237 2295 5289; x_wconf 91' lang='lat' dir='ltr'>et</span> <span class='ocrx_word' id='word_1_737' title='bbox 2325 5233 2375 5289; x_wconf 89' lang='lat' dir='ltr'>si</span> <span class='ocrx_word' id='word_1_738' title='bbox 2406 5232 2726 5304; x_wconf 83' lang='lat' dir='ltr'><strong>pacificatio</strong></span> <span class='ocrx_word' id='word_1_739' title='bbox 2786 5235 3155 5303; x_wconf 87' lang='lat' dir='ltr'><strong>successerit,</strong></span> <span class='ocrx_word' id='word_1_740' title='bbox 3215 5233 3271 5287; x_wconf 90' lang='lat' dir='ltr'>id</span> <span class='ocrx_word' id='word_1_741' title='bbox 3317 5234 3449 5304; x_wconf 84' lang='lat' dir='ltr'><strong>sibi,</strong></span> <span class='ocrx_word' id='word_1_742' title='bbox 3490 5235 3685 5307; x_wconf 87' lang='lat' dir='ltr'><strong>prius-</strong></span> 
     </span>
    </p>
   </div>
   <div class='ocr_carea' id='block_1_100' title="bbox 268 5316 1950 5413">
    <p class='ocr_par' dir='ltr' id='par_1_100' title="bbox 268 5316 1933 5398">
     <span class='ocr_line' id='line_1_100' title="bbox 268 5316 1933 5398; baseline -0.004 -15"><span class='ocrx_word' id='word_1_743' title='bbox 268 5333 368 5391; x_wconf 76' lang='grc' dir='ltr'>λου</span> <span class='ocrx_word' id='word_1_744' title='bbox 422 5339 536 5390; x_wconf 80' lang='grc' dir='ltr'>τῶν</span> <span class='ocrx_word' id='word_1_745' title='bbox 601 5324 873 5385; x_wconf 84' lang='grc' dir='ltr'>Σικελῶν.</span> <span class='ocrx_word' id='word_1_746' title='bbox 923 5316 1213 5398; x_wconf 76' lang='grc' dir='ltr'>Ιίρεσϐείαν</span> <span class='ocrx_word' id='word_1_747' title='bbox 1271 5321 1360 5375; x_wconf 82' lang='grc' dir='ltr'>οὗν</span> <span class='ocrx_word' id='word_1_748' title='bbox 1422 5320 1482 5376; x_wconf 82' lang='grc' dir='ltr'>ἐκ</span> <span class='ocrx_word' id='word_1_749' title='bbox 1536 5320 1791 5383; x_wconf 76' lang='grc' dir='ltr'>Σικελίας</span> <span class='ocrx_word' id='word_1_750' title='bbox 1822 5321 1933 5377; x_wconf 75' lang='grc' dir='ltr'>ἐπιο</span> 
     </span>
    </p>
   </div>
   <div class='ocr_carea' id='block_1_101' title="bbox 2059 5316 3689 5413">
    <p class='ocr_par' dir='ltr' id='par_1_101' title="bbox 2059 5321 3689 5394">
     <span class='ocr_line' id='line_1_101' title="bbox 2059 5321 3689 5394; baseline 0.001 -17"><span class='ocrx_word' id='word_1_751' title='bbox 2059 5338 2219 5393; x_wconf 67' lang='grc' dir='ltr'>ιυαω</span> <span class='ocrx_word' id='word_1_752' title='bbox 2251 5321 2422 5394; x_wconf 91' lang='lat' dir='ltr'><strong>vulgo</strong></span> <span class='ocrx_word' id='word_1_753' title='bbox 2474 5321 2628 5377; x_wconf 75' lang='lat' dir='ltr'>I29</span> <span class='ocrx_word' id='word_1_754' title='bbox 2673 5321 3018 5389; x_wconf 89' lang='lat' dir='ltr'><strong>innotescat,</strong></span> <span class='ocrx_word' id='word_1_755' title='bbox 3082 5326 3144 5377; x_wconf 90' lang='lat' dir='ltr'>ut</span> <span class='ocrx_word' id='word_1_756' title='bbox 3202 5322 3438 5393; x_wconf 89' lang='lat' dir='ltr'><strong>iudicet,</strong></span> <span class='ocrx_word' id='word_1_757' title='bbox 3489 5339 3559 5378; x_wconf 89' lang='lat' dir='ltr'>ne</span> <span class='ocrx_word' id='word_1_758' title='bbox 3585 5339 3689 5394; x_wconf 91' lang='lat' dir='ltr'>per</span> 
     </span>
    </p>
   </div>
   <div class='ocr_carea' id='block_1_102' title="bbox 271 5406 1930 5499">
    <p class='ocr_par' dir='ltr' id='par_1_102' title="bbox 271 5406 1930 5499">
     <span class='ocr_line' id='line_1_102' title="bbox 271 5406 1930 5499; baseline -0.013 -16"><span class='ocrx_word' id='word_1_759' title='bbox 271 5426 625 5499; x_wconf 76' lang='grc' dir='ltr'>σπασάμενος</span> <span class='ocrx_word' id='word_1_760' title='bbox 685 5412 987 5484; x_wconf 75' lang='grc' dir='ltr'>ἀναπέμπει</span> <span class='ocrx_word' id='word_1_761' title='bbox 1042 5411 1243 5479; x_wconf 85' lang='grc' dir='ltr'>ταύτην</span> <span class='ocrx_word' id='word_1_762' title='bbox 1274 5414 1353 5482; x_wconf 80' lang='grc' dir='ltr'>τῷ</span> <span class='ocrx_word' id='word_1_763' title='bbox 1414 5409 1653 5486; x_wconf 86' lang='grc' dir='ltr'>βασιλεῖ,</span> <span class='ocrx_word' id='word_1_764' title='bbox 1702 5409 1791 5464; x_wconf 85' lang='grc' dir='ltr'>καὶ</span> <span class='ocrx_word' id='word_1_765' title='bbox 1824 5406 1930 5463; x_wconf 82' lang='grc' dir='ltr'>δεῖ·</span> 
     </span>
    </p>
   </div>
   <div class='ocr_carea' id='block_1_103' title="bbox 264 5494 1927 5589">
    <p class='ocr_par' dir='ltr' id='par_1_103' title="bbox 264 5494 1927 5589">
     <span class='ocr_line' id='line_1_103' title="bbox 264 5494 1927 5589; baseline -0.016 -19"><span class='ocrx_word' id='word_1_766' title='bbox 264 5539 351 5573; x_wconf 81' lang='grc' dir='ltr'>ται</span> <span class='ocrx_word' id='word_1_767' title='bbox 410 5494 732 5589; x_wconf 77' lang='grc' dir='ltr'>προσσχεῖν</span> <span class='ocrx_word' id='word_1_768' title='bbox 792 5503 874 5556; x_wconf 82' lang='grc' dir='ltr'>οἷς</span> <span class='ocrx_word' id='word_1_769' title='bbox 934 5499 1112 5575; x_wconf 78' lang='grc' dir='ltr'>λέγειν</span> <span class='ocrx_word' id='word_1_770' title='bbox 1160 5499 1212 5552; x_wconf 76' lang='grc' dir='ltr'>οἱ</span> <span class='ocrx_word' id='word_1_771' title='bbox 1259 5494 1508 5573; x_wconf 84' lang='grc' dir='ltr'>πρέσϐεις</span> <span class='ocrx_word' id='word_1_772' title='bbox 1567 5497 1787 5575; x_wconf 79' lang='grc' dir='ltr'>ἔχουσιν</span> <span class='ocrx_word' id='word_1_773' title='bbox 1821 5497 1927 5589; x_wconf 49' lang='grc' dir='ltr'>(οιίἶ</span> 
     </span>
    </p>
   </div>
   <div class='ocr_carea' id='block_1_104' title="bbox 261 5585 1931 5665">
    <p class='ocr_par' dir='ltr' id='par_1_104' title="bbox 261 5585 1931 5665">
     <span class='ocr_line' id='line_1_104' title="bbox 261 5585 1931 5665; baseline -0.015 0"><span class='ocrx_word' id='word_1_774' title='bbox 261 5585 485 5665; x_wconf 80' lang='grc' dir='ltr'>τοῦνται</span> <span class='ocrx_word' id='word_1_775' title='bbox 576 5595 661 5663; x_wconf 75' lang='grc' dir='ltr'>δὲ,</span> <span class='ocrx_word' id='word_1_776' title='bbox 755 5592 832 5651; x_wconf 80' lang='grc' dir='ltr'>ὡς</span> <span class='ocrx_word' id='word_1_777' title='bbox 910 5589 1247 5657; x_wconf 82' lang='grc' dir='ltr'>πυνθάνεται,</span> <span class='ocrx_word' id='word_1_778' title='bbox 1327 5589 1437 5663; x_wconf 78' lang='grc' dir='ltr'>οὐχ</span> <span class='ocrx_word' id='word_1_779' title='bbox 1500 5588 1763 5664; x_wconf 81' lang='grc' dir='ltr'>ὑπερόρια</span> <span class='ocrx_word' id='word_1_780' title='bbox 1816 5585 1931 5641; x_wconf 78' lang='grc' dir='ltr'>οὐδ’</span> 
     </span>
    </p>
   </div>
   <div class='ocr_carea' id='block_1_105' title="bbox 260 5672 1926 5773">
    <p class='ocr_par' dir='ltr' id='par_1_105' title="bbox 260 5672 1926 5773">
     <span class='ocr_line' id='line_1_105' title="bbox 260 5672 1926 5773; baseline -0.016 -17"><span class='ocrx_word' id='word_1_781' title='bbox 260 5694 578 5773; x_wconf 74' lang='grc' dir='ltr'>ὑπέρογκα)</span> <span class='ocrx_word' id='word_1_782' title='bbox 668 5672 766 5738; x_wconf 71' lang='grc' dir='ltr'>καὶ</span> <span class='ocrx_word' id='word_1_783' title='bbox 822 5679 970 5735; x_wconf 71' lang='grc' dir='ltr'>αὐτῶ</span> <span class='ocrx_word' id='word_1_784' title='bbox 1024 5678 1406 5755; x_wconf 85' lang='grc' dir='ltr'>παραστήσειν,</span> <span class='ocrx_word' id='word_1_785' title='bbox 1466 5678 1510 5733; x_wconf 80' lang='grc' dir='ltr'>εἰ</span> <span class='ocrx_word' id='word_1_786' title='bbox 1570 5674 1926 5756; x_wconf 85' lang='grc' dir='ltr'>προϐαίνουσι</span> 
     </span>
    </p>
   </div>
   <div class='ocr_carea' id='block_1_106' title="bbox 2040 5409 3682 5483">
    <p class='ocr_par' dir='ltr' id='par_1_106' title="bbox 2040 5409 3682 5483">
     <span class='ocr_line' id='line_1_106' title="bbox 2040 5409 3682 5483; baseline 0.001 -17"><span class='ocrx_word' id='word_1_787' title='bbox 2040 5409 2502 5483; x_wconf 88' lang='lat' dir='ltr'><strong>imprudentiam</strong></span> <span class='ocrx_word' id='word_1_788' title='bbox 2554 5410 2774 5482; x_wconf 86' lang='lat' dir='ltr'><strong>aliquid</strong></span> <span class='ocrx_word' id='word_1_789' title='bbox 2830 5427 3131 5483; x_wconf 88' lang='lat' dir='ltr'><strong>perperam</strong></span> <span class='ocrx_word' id='word_1_790' title='bbox 3192 5416 3345 5483; x_wconf 91' lang='lat' dir='ltr'><strong>agat,</strong></span> <span class='ocrx_word' id='word_1_791' title='bbox 3378 5412 3479 5483; x_wconf 90' lang='lat' dir='ltr'>qui</span> <span class='ocrx_word' id='word_1_792' title='bbox 3530 5414 3682 5482; x_wconf 87' lang='lat' dir='ltr'><strong>apud</strong></span> 
     </span>
    </p>
   </div>
   <div class='ocr_carea' id='block_1_107' title="bbox 2039 5498 3681 5571">
    <p class='ocr_par' dir='ltr' id='par_1_107' title="bbox 2039 5498 3681 5571">
     <span class='ocr_line' id='line_1_107' title="bbox 2039 5498 3681 5571; baseline -0.001 -16"><span class='ocrx_word' id='word_1_793' title='bbox 2039 5500 2192 5556; x_wconf 89' lang='lat' dir='ltr'><strong>viros</strong></span> <span class='ocrx_word' id='word_1_794' title='bbox 2218 5499 2296 5556; x_wconf 88' lang='lat' dir='ltr'>sit</span> <span class='ocrx_word' id='word_1_795' title='bbox 2318 5515 2465 5570; x_wconf 89' lang='lat' dir='ltr'><strong>quos</strong></span> <span class='ocrx_word' id='word_1_796' title='bbox 2487 5499 2611 5571; x_wconf 88' lang='lat' dir='ltr'><strong>ipse</strong></span> <span class='ocrx_word' id='word_1_797' title='bbox 2632 5516 2701 5556; x_wconf 84' lang='lat' dir='ltr'><strong>ex</strong></span> <span class='ocrx_word' id='word_1_798' title='bbox 2718 5498 3028 5571; x_wconf 88' lang='lat' dir='ltr'><strong>provinciis</strong></span> <span class='ocrx_word' id='word_1_799' title='bbox 3052 5499 3172 5569; x_wconf 90' lang='lat' dir='ltr'><strong>regi</strong></span> <span class='ocrx_word' id='word_1_800' title='bbox 3221 5498 3681 5554; x_wconf 86' lang='lat' dir='ltr'><strong>Alemannorum</strong></span> 
     </span>
    </p>
   </div>
   <div class='ocr_carea' id='block_1_108' title="bbox 2040 5587 3679 5659">
    <p class='ocr_par' dir='ltr' id='par_1_108' title="bbox 2040 5587 3679 5659">
     <span class='ocr_line' id='line_1_108' title="bbox 2040 5587 3679 5659; baseline -0.003 -13"><span class='ocrx_word' id='word_1_801' title='bbox 2040 5590 2213 5646; x_wconf 80' lang='lat' dir='ltr'><strong>sociis</strong></span> <span class='ocrx_word' id='word_1_802' title='bbox 2246 5604 2348 5659; x_wconf 89' lang='lat' dir='ltr'>spe</span> <span class='ocrx_word' id='word_1_803' title='bbox 2377 5588 2531 5643; x_wconf 91' lang='lat' dir='ltr'><strong>bona</strong></span> <span class='ocrx_word' id='word_1_804' title='bbox 2561 5588 2725 5659; x_wconf 54' lang='lat' dir='ltr'><strong>quasi</strong></span> <span class='ocrx_word' id='word_1_805' title='bbox 2756 5588 2908 5642; x_wconf 79' lang='lat' dir='ltr'><strong>furto</strong></span> <span class='ocrx_word' id='word_1_806' title='bbox 2939 5587 3192 5656; x_wconf 89' lang='lat' dir='ltr'><strong>quodam</strong></span> <span class='ocrx_word' id='word_1_807' title='bbox 3227 5587 3299 5640; x_wconf 85' lang='lat' dir='ltr'>ad</span> <span class='ocrx_word' id='word_1_808' title='bbox 3329 5602 3392 5640; x_wconf 88' lang='lat' dir='ltr'><strong>se</strong></span> <span class='ocrx_word' id='word_1_809' title='bbox 3440 5590 3679 5641; x_wconf 79' lang='lat' dir='ltr'><strong>attraxe-</strong></span> 
     </span>
    </p>
   </div>
   <div class='ocr_carea' id='block_1_109' title="bbox 2038 5671 3675 5751">
    <p class='ocr_par' dir='ltr' id='par_1_109' title="bbox 2038 5671 3675 5751">
     <span class='ocr_line' id='line_1_109' title="bbox 2038 5671 3675 5751; baseline -0.005 -15"><span class='ocrx_word' id='word_1_810' title='bbox 2038 5680 2133 5751; x_wconf 85' lang='lat' dir='ltr'><strong>rit,</strong></span> <span class='ocrx_word' id='word_1_811' title='bbox 2167 5693 2536 5751; x_wconf 87' lang='lat' dir='ltr'><strong>quorumque</strong></span> <span class='ocrx_word' id='word_1_812' title='bbox 2561 5677 2790 5732; x_wconf 90' lang='lat' dir='ltr'><strong>animos</strong></span> <span class='ocrx_word' id='word_1_813' title='bbox 2810 5674 2947 5731; x_wconf 90' lang='lat' dir='ltr'><strong>olim</strong></span> <span class='ocrx_word' id='word_1_814' title='bbox 2970 5672 3243 5727; x_wconf 85' lang='lat' dir='ltr'><strong>Romanis</strong></span> <span class='ocrx_word' id='word_1_815' title='bbox 3266 5671 3675 5727; x_wconf 81' lang='lat' dir='ltr'><strong>infestissimos</strong></span> 
     </span>
    </p>
   </div>
  </div>
