4140 6290
418 338 535 400 435

424 569 620 618 autem
653 561 893 634 quidam
957 560 1029 614 ab
1072 559 1424 630 imperatore
1475 562 1544 616 ad
1605 562 1864 618 Alcxium
1897 561 2079 629 venit,

425 652 528 723 qui
563 651 991 724 pacificationis
1023 650 1297 705 nuntium
1333 651 1633 722 afferebat,
1667 653 1815 708 clam
1859 652 2086 708 civibus

424 739 674 813 pecunia
705 755 808 811 per
839 737 1160 793 ﬁdissimos
1189 737 1305 794 alio
1333 738 1619 795 translata
1641 757 1847 810 capsas
1879 741 2084 796 inanes

425 829 764 900 obsignatas
791 843 1097 897 procerum
1122 827 1253 882 ﬁdei
1290 830 1552 892 mandat,
1577 830 1864 900 jubctque
1895 814 2084 884 caveri

425 935 497 975 ne
531 918 826 990 quidinde
857 917 1178 986 auferatur,
1214 934 1352 972 neve
1383 922 1680 988 quaeratur
1723 919 1864 990 quid
1920 918 1980 973 in
2010 918 2082 974 iis

427 1008 526 1077 sit,
551 1015 649 1063 aut
681 1007 848 1079 signa
905 1011 1040 1061 ante
1097 1022 1272 1061 suum
1325 1009 1397 1062 ab
1450 1008 1798 1078 imperatore
1831 1008 2084 1063 reditum

428 1095 985 1169 aperiantur.Alexio
1008 1096 1077 1149 ad
1104 1097 1262 1150 hunc
1285 1097 1518 1152 modum
1543 1098 1779 1153 Ancona
1819 1097 2083 1168 digresso

433 1190 503 1240 et
537 1187 694 1240 inter
745 1185 1158 1256 imperatorem
1223 1201 1288 1239 ac
1344 1201 1531 1256 regem
1594 1201 1732 1257 pace
1764 1202 1830 1242 ac
1873 1185 2086 1241 foedere

426 1277 748 1332 constituto
779 1277 1163 1347 (quanquam,
1199 1275 1246 1330 si
1275 1291 1413 1330 vera
1473 1275 1723 1330 dicenda
1773 1279 1934 1344 sunt,
1967 1291 2082 1330 non

422 1382 557 1422 vera
581 1365 679 1420 illa
700 1365 1009 1420 concordia
1025 1363 1152 1432 fuit,
1177 1365 1276 1419 sed
1303 1365 1582 1437 temporis
1599 1353 2086 1420 causaduntaxat

423 1453 742 1526 simulata),
765 1454 1016 1509 fructum
1039 1452 2084 1524 illiusqualiscunquepaciﬁcationis

425 1543 695 1600 tulerunt
724 1542 938 1614 captivi
970 1541 1149 1614 gratis
1182 1541 1384 1610 soluti,
1417 1559 1525 1598 non
1585 1547 1812 1598 tantum
1857 1542 2082 1600 nobiles

427 1633 659 1704 etregia
689 1631 872 1704 stirpe
893 1631 1022 1700 orti,
1049 1632 1148 1688 sed
1175 1633 1348 1688 etiam
1391 1633 1645 1704 gregarii
1703 1633 1940 1702 milites,
1981 1637 2088 1690 CO'

429 1724 648 1782 rinthis
673 1728 900 1780 tantum
921 1727 977 1779 et
995 1723 1285 1779 Thebanis
1314 1723 1765 1796 ignobilioribus
1805 1724 2084 1796 exceptis’

433 1819 490 1870 et
512 1814 581 1869 iis
611 1813 712 1885 qui
743 1811 1022 1869 subtilem
1045 1811 1219 1868 telam
1251 1812 1540 1881 texebant,
1583 1813 1740 1868 180
1781 1812 2083 1869 formosis-

433 1919 546 1975 que
577 1908 634 1959 et
691 1901 1078 1973 locupletibus
1136 1901 1485 1957 mulieribus
1536 1901 1804 1970 ejusdem
1854 1901 2083 1957 artificii

433 1992 658 2066 peritis.
690 1997 771 2048 Ac
799 1989 965 2046 hodie
993 2006 1226 2063 quoque
1282 1989 1590 2046 Thebanos
1647 1994 1704 2046 et
1751 1990 2083 2046 Corinthios

431 2083 492 2138 in
526 2081 727 2138 Sicilia
761 2081 1022 2138 texendis
1057 2080 1330 2152 pretiosis
1361 2079 1701 2152 auratisque
1746 2079 2085 2136 incumbere

431 2173 648 2242 videas,
682 2170 1179 2242 quomadmodum
1213 2169 1570 2226 Eretrienses
1601 2169 1738 2226 olim
1773 2169 1925 2242 apud
1952 2168 2088 2224 Per-

347 2260 350 2264 ’
442 2261 722 2334 sas,quod
747 2259 1045 2332 principes
1071 2259 1234 2316 Daris
1259 2259 1382 2332 regi
1427 2257 1656 2314 Graeciaa
1697 2257 1916 2315 bellum
1947 2259 2086 2314 infe-

443 2350 590 2407 renti
627 2349 1005 2405 restitissent.

1733 340 1916 402 NICE
1930 340 2047 400 ΓΔΕ
2085 334 2503 400 ΟΗΟΝΙΑΤᾸΞ

423 478 624 528 contra
655 469 866 528 Siciliae
915 485 1131 543 regem,
1165 474 1230 526 ut
1288 471 1560 542 potuerit,
1623 473 1950 529 concitarit.
2005 474 2075 528 Ut

2189 467 2280 524 καὶ
2339 470 2700 542 περατοῦνται
2748 467 2815 523 τὰ
2869 471 2970 536 τῆς
3026 463 3406 545 καταλλαγῆς,
3465 467 3573 546 πρὸ
3619 472 3718 526 τοῦ
3771 469 3818 524 εἱ

3720 338 3841 401 436

3819 457 3845 500 ς

2189 554 2302 612 ὦτα
2342 551 2596 626 διαϐῆναι
2627 555 2854 612 πολλῶν
2881 553 2975 610 ’ίνα
3008 557 3083 628 μή
3139 552 3304 626 ἀηδὲς
3364 557 3518 629 αύτῷ
3569 579 3622 612 τι
3685 559 3849 622 λάθοι

2189 646 2645 723 διαπραξάμενος,
2677 647 2792 702 δντι
2822 647 2948 721 παρ’
2981 642 3230 722 ἀνδράσιν
3278 645 3368 709 oti:
3411 647 3572 710 αὐτὸς
3622 647 3684 703 ἐκ
3737 653 3848 704 τῶν

2189 738 2366 813 φίλων
2400 741 2604 813 χωρῶν
2633 740 2712 806 τῷ
2746 733 2874 810 ρηγὶ
2897 738 3006 790 τῶν
3037 733 3369 808 Ἀλαμανῶν
3426 742 3699 814 χρησταῖς
3749 736 3843 793 έλ-

2187 830 2334 882 πίσιν
2366 821 2828 902 ἠνδραποδίσατο,
2859 823 2948 879 καὶ
2981 825 3053 878 ὧν
3082 825 3182 892 τὴν
3235 825 3463 900 γνώμην
3519 826 3657 882 κατὰ
3702 827 3847 884 Ῥω-

2194 919 2370 992 μαίων
2393 916 2622 972 πλεῖστα
2662 914 2834 972 πάλαι
2893 914 3334 996 φλεγμαίνουσαν
3401 916 3542 972 κατά
3585 921 3685 972 τοῦ
3742 925 3842 973 Σι·

2187 1005 2378 1068 κελίας
2415 1006 2612 1081 ῥηγὸς,
2645 1005 2720 1068 ὡς
2752 1006 2897 1079 εἶχε,
2932 1005 3199 1077 μετέθετο.
3255 1007 3317 1059 Ὢ
3375 1005 3468 1060 οὗν
3513 1003 3712 1078 ἐπέστη
3763 1027 3848 1069 τις

2191 1095 2250 1151 ἐκ
2319 1093 2590 1170 βασιλέως
2642 1094 2741 1163 τήν
2801 1091 3059 1169 ἀγγελίαν
3120 1091 3348 1166 Ἀλεξίῳ
3413 1098 3521 1149 τῶν
3595 1092 3844 1151 σπονδῶν

2191 1180 2484 1263 διαφέρων,
2520 1180 2698 1255 λάθρα
2725 1186 2834 1236 τῶν
2889 1180 3002 1237 ἐκεῖ
3052 1180 3120 1237 τεὶ
3167 1184 3435 1258 χρήματα
3485 1183 3850 1257 μετατίηθησι

2187 1275 2278 1329 καὶ
2336 1270 2700 1344 συνεκπέμπει
2733 1275 2904 1326 ταῦτα
2961 1275 3078 1335 τοῖς
3117 1272 3468 1335 πιστοτάτοις
3527 1273 3706 1346 ἐαυτῷ
3753 1275 3850 1328 ἀν-

2191 1359 2367 1438 δράσι·
2404 1362 2471 1417 οά
2500 1358 2558 1415 δὲ
2583 1356 2820 1415 κιϐώτια
2849 1359 3170 1416 καταλείπει
3209 1359 3418 1417 τούτων
3472 1363 3622 1432 κενὰ,
3679 1383 3852 1440 σφρα-

2187 1449 2343 1528 γῖδάς
2373 1471 2433 1505 τε
2467 1449 2687 1512 τούτοις
2747 1444 3026 1504 ἐπιϐαλὼν
3085 1454 3203 1512 τοῖς
3266 1451 3403 1506 κατά
3461 1452 3651 1526 χώραν
3708 1450 3848 1528 μέγα

2192 1537 2510 1612 δυναμένοις
2579 1540 2867 1614 παρέθετο,
2937 1537 3246 1614 ἐπισκήψας
3310 1539 3534 1596 ἀσυλίαν
3586 1540 3676 1596 ἐπὶ
3723 1541 3848 1596 τού-

2190 1651 2308 1692 τοις
2341 1625 2552 1684 ἀπασαν
2590 1629 2748 1697 εἶναι,
2803 1627 2892 1683 καὶ
2946 1625 3154 1702 μηδένα
3215 1626 3488 1702 μεταλλᾷν
3545 1630 3612 1686 τὰ
3675 1626 3844 1700 ἔνδον,

2195 1721 2336 1792 μήτε
2363 1720 2470 1792 μὴν
2502 1715 2692 1781 ἄλλως
2725 1714 2977 1772 διαλῦσαι
3006 1719 3074 1772 τὰ
3096 1723 3322 1792 σημεῖα,
3355 1717 3402 1773 εί
3436 1720 3513 1790 μή
3565 1739 3630 1794 γε
3683 1719 3847 1781 αὐτὸς

2194 1809 2246 1870 ἐς
2306 1807 2534 1884 βασιλέα
2624 1808 2876 1880 ἱκόμενος
2933 1805 3132 1872 ἒκεῖθεν
3223 1806 3657 1866 έπανελεύσεται.
3747 1809 3844 1864 Καί

2196 1897 2436 1970 ’Λλέξιος
2491 1897 2585 1970 μὶν
2671 1895 2843 1958 οὖτῶς
2902 1895 2962 1951 έκ
3011 1899 3110 1952 τοῦ
3161 1897 3434 1971 Ἀγκῶνος
3489 1899 3845 1969 ἀπενόστησε,

2199 1985 2474 2064 βασιλέως
2529 1984 2586 2042 δὲ
2636 1986 2728 2041 καὶ
2782 1986 2956 2062 ῥηγὸς
3013 1985 3259 2062 εἰρηνικὰ
3307 1988 3693 2066 φρονησάντων
3754 1987 3846 2042 καὶ

2198 2075 2517 2150 βλεψάντων
2552 2075 2690 2150 πρὸς
2715 2075 2812 2142 τὰς
2843 2073 3078 2138 σπονδάς
3143 2073 3204 2145 ἤ,
3252 2075 3486 2147 τάληθὲς
3535 2075 3730 2148 είπεῖν,
3783 2075 3844 2132 ού

2195 2172 2444 2242 καθαρῶς
2495 2167 2935 2241 ὀμονοησάντῶν,
2993 2165 3318 2246 λυκοφιλίαν
3384 2165 3441 2222 δὲ
3497 2186 3844 2244 σχηματισα-

2201 2256 2398 2332 μένων,
2449 2255 2652 2312 ὢνσντο
2711 2263 2814 2326 τῆς
2865 2257 3072 2312 τούτων
3133 2257 3427 2312 ὁποιασοῦν
3481 2258 3730 2321 ἑνώσεως
3795 2259 3848 2312 oi.

2197 2345 2557 2422 αἰχμάλωτοι
2585 2345 2841 2418 λμθέντες
2873 2345 3179 2418 ἀνάποινοι,
3231 2345 3292 2401 ού
3353 2345 3519 2420 μόνον
3585 2347 3639 2401 oi
3702 2346 3846 2419 λαμ.-

449 2439 577 2513 προὶ
608 2438 669 2492 τὸ
700 2438 855 2514 γένος
881 2437 969 2492 καὶ
1025 2435 1290 2510 βασιλείῳ
1347 2439 1630 2512 τιμήεντες
1683 2435 1896 2508 αἳματι,
1957 2433 2102 2491 ἀλλὰ
2156 2437 2248 2492 καὶ
2306 2433 2361 2489 ο¹ί
2418 2441 2535 2490 τοῖς
2605 2439 3020 2512 στρατιωτικοῖς
3077 2433 3407 2512 καταλόγοις
3471 2435 3843 2506 ἐνετάττοντο,

447 2529 593 2597 πλήν
661 2533 767 2582 τῶν
811 2526 870 2582 ἐκ
915 2527 1185 2602 Κορίνθου
1243 2529 1332 2583 καὶ
1379 2523 1628 2599 Θήϐηθεν
1671 2527 2031 2603 ἀρμωμένων,
2092 2527 2182 2582 καὶ

2283 2525 2492 2580 τούτων
2582 2527 2699 2580 ὅσοι
2745 2525 2808 2580 τὸ
2865 2530 3022 2601 γένος
3099 2526 3318 2603 ἀφανεῖς
3373 2525 3462 2581 καὶ
3497 2523 3552 2580 οἵ
3583 2527 3681 2588 τὰς
3721 2526 3848 2596 εὐη-

443 2620 628 2695 τρίους
687 2617 876 2681 ὀθόνας
930 2619 1168 2698 ὑφαίνειν
1229 2615 1458 2694 ἔλαχον,
1525 2619 1614 2674 καὶ
1661 2622 1774 2672 τῶγ
1831 2621 2100 2694 γυναικῶν
2151 2619 2204 2672 αἱ
2251 2615 2418 2673 καλαὶ
2471 2616 2558 2670 καὶ
2611 2615 3026 2690 βαθύζωνοικαὶ
3057 2619 3156 2686 τὴν
3191 2615 3356 2686 αὐτὴν
3390 2614 3614 2692 ἀνδράσι
3643 2615 3848 2692 τέχνην

435 2707 895 2783 ἑκμελετήσασαι.
937 2707 1037 2764 Καὶ
1085 2711 1180 2762 νῦν
1229 2703 1426 2778 ἔξεστιν
1469 2705 1602 2763 ἲδεῖν
1651 2706 1780 2770 τοὺς
1831 2705 1882 2763 έν
1947 2705 2171 2778 Σικελίᾳ
2227 2707 2582 2780 καταίροντας
2639 2701 2894 2774 Θηϐαίων
2953 2703 3152 2768 παῖδας
3203 2705 3292 2760 καὶ
3355 2705 3658 2779 Κορινθίων
3711 2707 3848 2779 ἱστῷ

437 2797 876 2876 προσανέχοντας
906 2800 1014 2852 τῶν
1043 2795 1308 2873 έξαμίτων
1336 2797 1426 2853 καὶ
1449 2798 1844 2874 χρυσοπάστων
1874 2795 2108 2868 στολῶν,
2160 2796 2233 2858 ὡς
2265 2797 2555 2872 Ἐρετριεῖς
2587 2795 2759 2849 πάλαι
2807 2795 2954 2868 παρὰ
3022 2796 3248 2870 Πέρσαις
3305 2791 3694 2862 δουλεύοντας,
3763 2797 3849 2851 δτι

437 2886 701 2961 πολέμων
733 2887 901 2961 ἦρξαν
935 2885 1143 2962 Δαρείῳ
1175 2887 1454 2961 στρατείαν
1483 2888 1602 2941 καθ’
1629 2883 1896 2950 Ἐλλάδος
1928 2884 2203 2944 ἐλάσαντι.

508 2979 787 3035 Caeterum
821 2993 933 3032 non
969 2977 1218 3033 multum
1252 2977 1534 3049 temporis
1566 2977 1920 3044 intercessit,
1949 2993 2082 3034 cum

435 3068 607 3124 ambo
639 3082 846 3121 rursus
878 3081 1088 3136 magno
1121 3066 1337 3138 impetu
1397 3067 1614 3123 bellum
1665 3067 2079 3138 repetiverunt.

430 3157 582 3215 Nam
617 3156 925 3224 imperator
955 3153 1190 3225 regulos
1224 3155 1506 3211 ﬁnitimos
1533 3154 1888 3227 potentiores
1911 3153 2082 3225 polli-

429 3242 705 3299 citatione
737 3241 991 3310 pecuniae
1030 3241 1312 3313 impulsos
1361 3259 1492 3298 cum
1551 3259 1684 3315 rcgc
1741 3242 2078 3298 committit.

430 3331 553 3386 Rex
581 3345 712 3384 vero
745 3327 958 3384 Malum
992 3329 1287 3398 comitem,
1333 3330 1541 3386 classis
1598 3331 1954 3402 praefectum,
2010 3347 2083 3386 xc

431 3433 608 3476 naves
639 3417 854 3473 celeres
885 3417 944 3472 in
978 3435 1140 3474 mare
1197 3418 1508 3490 deducere,
1559 3419 1750 3491 iisque
1808 3435 1952 3475 nova
1987 3437 2076 3475 ra-

429 3508 586 3563 tione
619 3507 930 3563 constratis
955 3505 1178 3580 Cpolim
1212 3506 1530 3580 appellere,
1578 3512 1751 3578 atque
1808 3509 2078 3564 audiente

426 3597 652 3652 urbana
675 3595 1054 3654 multitudine
1076 3613 1138 3653 se
1162 3597 1524 3668 proclamare
1546 3597 1780 3666 Siciliae,
1799 3597 2074 3670 Aquileia

425 3685 666 3758 (Apuliae
685 3685 994 3757 ?),Capua3,
1017 3685 1304 3742 Calabriae
1329 3690 1502 3758 atque
1523 3703 1723 3743 earum
1769 3687 2071 3759 regionum

424 3774 864 3847 insularumque
897 3791 1024 3846 quas
1057 3775 1405 3846 interjacent
1435 3775 1739 3832 dominum
1771 3781 1828 3830 et
1853 3792 2069 3848 regem,

419 3865 816 3920 Romanorum
849 3880 985 3920 vero
1010 3865 1417 3937 imperatorem
1461 3870 1856 3934 contemnere,
1905 3866 2070 3936 eique

422 3955 522 4010 ubi
552 3954 915 4010 maledixerit
947 3954 1152 4010 reverti
1187 3955 1383 4025 iussit.
1413 3954 1600 4011 Maius
1656 3954 1835 4026 igitur
1888 3955 2071 4012 Malea

420 4045 715 4102 declinata
743 4045 1050 4117 .I’Egaeoque
1080 4045 1213 4101 sinu
1251 4047 1538 4117 praeterito
1569 4063 1668 4120 per
1714 4045 2066 4119 Hellespon-

416 4139 542 4189 tum
578 4135 649 4188 ad
683 4135 883 4188 urbem
917 4133 1368 4202 imperatricem,
1405 4135 1486 4190 uti
1512 4136 1720 4206 jussus
1750 4139 1892 4195 erat.
1925 4152 2062 4192 con-

417 4221 629 4288 tendit,
665 4221 998 4292 fretumque
1045 4237 1318 4278 emensus
1376 4224 1445 4278 ad
1495 4223 1713 4294 regiam
1748 4225 1891 4279 I31
1940 4223 2066 4280 Bla-

419 4307 718 4364 cherniam
752 4309 982 4382 appulit
1013 4327 1026 4377 ;
1086 4309 1456 4382 sagittisque,
1516 4327 1756 4382 quarum
1791 4313 2063 4385 cuspides

417 4402 706 4471 argentea:
737 4404 905 4455 erant
967 4403 1322 4472 auratasque,
1381 4401 1438 4456 in
1501 4417 1625 4457 eam
1672 4402 1970 4474 conjectis,
2003 4404 2060 4459 in

411 4489 631 4561 reditu,
663 4505 694 4545 e
725 4489 960 4561 regione
994 4490 1185 4562 magni
1217 4489 1417 4562 palatii
1451 4491 1626 4546 remis
1661 4489 1949 4560 inhibitis,
1970 4508 2060 4548 re-

2261 2973 2420 3033 Ἀλλ’
2451 2973 2604 3029 οὕπω
2638 2974 2842 3049 μακρὸς
2867 2970 3211 3029 διαλελοίπει
3259 2973 3470 3049 καιρὸς,
3530 2973 3624 3029 καὶ
3685 2975 3842 3039 αὖθις

2192 3066 2434 3140 ἑκάτεροι
2497 3065 2570 3127 ὡς
2657 3065 2880 3140 ἀχανεῖς
2977 3062 3292 3138 ἀμπώτιδες
3360 3065 3452 3120 καὶ
3505 3064 3731 3142 σύρτεις,
3779 3063 3837 3119 αἵ

2192 3157 2342 3228 κῦμα
2380 3155 2536 3228 ὀρθὸν
2567 3153 2962 3231 έπαιγίζουσιν,
3004 3153 3058 3216 ἐς
3111 3155 3204 3216 τάς
3269 3153 3450 3228 μάχας
3505 3153 3825 3229 έπωγκοῦντο

2195 3245 2284 3298 καὶ
2315 3243 2669 3320 ώροθύνοντο.
2703 3247 2808 3302 Καὶ
2857 3243 3112 3321 βασιλεὺς
3172 3245 3266 3318 μὲν
3321 3244 3526 3302 ἀνέσειε
3573 3251 3654 3319 τῶ
3717 3245 3840 3321 pm“.

2191 3331 2320 3396 τοὺς
2391 3331 2532 3410 μέγα
2611 3330 2942 3408 δυναμένους
3025 3331 3410 3410 ἀστυγείτονας
3492 3333 3683 3405 ἐκείνῳ
3757 3330 3847 3388 δυο

2189 3423 2408 3493 νέα-τας,
2443 3420 2747 3497 χρημάτων
2808 3420 3044 3496 έπαῖρωδ
3112 3419 3311 3485 αὐτοὺς
3369 3422 3744 3498 ὑποσχέσεσιν
3819 3423 3850 3476 ὁ

2185 3513 2285 3586 ῥὴξ
2343 3509 2399 3566 δὲ
2435 3516 2514 3585 τῷ
2571 3510 2778 3586 κόμητι
2834 3515 2932 3566 τοῦ
2979 3509 3178 3566 στόλου
3245 3513 3410 3584 Maia;
3471 3509 3848 3568 διακελεύεται

2181 3607 2316 3672 νῆας
2386 3601 2780 3672 τεσσαράκοντα
2865 3598 3302 3675 ταχυναυτούσας
3388 3601 3564 3664 πάσας
3645 3598 3847 3655 καθελ-

2179 3690 2338 3746 κύσαι
2368 3693 2476 3744 τῶν
2506 3688 2772 3765 νεωρίων,
2829 3689 2920 3744 καὶ
2979 3689 3316 3766 φραξάμενον
3369 3689 3687 3762 καινότερον
3739 3689 3843 3756 τήν

2181 3777 2586 3834 Κωνσταντίνου
2643 3772 2996 3846 καταλαϐεῖν,
3050 3777 3142 3832 καὶ
3187 3776 3348 3832 αὐτὸν
3387 3777 3480 3851 μὲν
3515 3776 3600 3832 ἐπ’
3635 3776 3844 3851 ἀκροά-

2179 3889 2256 3925 σει
2285 3873 2393 3924 τῶν
2427 3867 2754 3924 ἀστυπόλων
2787 3867 3142 3944 ἀναγορεῦσαι
3206 3866 3460 3930 Σικελίας
3509 3867 3602 3922 καὶ
3672 3869 3846 3924 Ἀκυ-

2175 3955 2300 4020 λίας
2325 3957 2552 4028 Καπύης
2585 3977 2643 4012 τε
2671 3957 2763 4012 καὶ
2795 3953 3110 4032 Καλαϐρίας
3141 3957 3230 4012 καὶ
3295 3961 3404 4012 τῶν
3449 3957 3650 4031 μεταξὺ
3701 3958 3845 4014 τού-

2173 4068 2282 4102 των
2307 4051 2509 4122 χωρῶν
2539 4045 2630 4100 καὶ
2661 4047 2841 4116 νήσων
2875 4045 3022 4102 ὅλων
3063 4044 3252 4118 κύριόν
3312 4065 3372 4101 τε
3425 4045 3518 4102 καὶ
3588 4044 3844 4121 βασιλέα.

2175 4127 2260 4199 [Ρ.
2295 4137 2385 4208 66]
2419 4133 2651 4211 βασιλέα
2675 4133 2721 4189 δ’
2769 4133 3091 4212 έκεραυλίσαι
3149 4135 3463 4206 Ῥωμαίων,
3521 4133 3612 4188 καί
3659 4139 3847 4196 κακῶς

2172 4223 2393 4279 εἰπόντα
2419 4221 2750 4280 ἐπανελθεῖν.
2787 4221 3014 4298 ’Λμέλει
3058 4244 3144 4278 τοι
3201 4223 3292 4278 καὶ
3338 4225 3405 4278 τά
3471 4221 3847 4296 ἐντεταλμένα

2169 4313 2400 4389 πληρῶν
2433 4315 2635 4383 Μάϊος,
2663 4310 2890 4370 Μαλέαν
2941 4311 3258 4388 ἐπικάμψας
3310 4311 3402 4367 καὶ
3458 4313 3551 4367 τὸν
3605 4312 3841 4388 Αἰγαῖον

2167 4403 2376 4459 κόλπον
2435 4400 2796 4477 παραλλάξας
2833 4401 2924 4457 καὶ
2989 4401 3376 4480 παρημειςὼς*
3436 4401 3847 4474 Ελλήσποντον

2165 4495 2236 4566 τῇ
2300 4488 2544 4566 βασιλίδι
2601 4491 2763 4548 πόλει
2819 4489 3182 4566 προσώκειλε.
3227 4489 3325 4546 Καὶ
3383 4495 3575 4566 πρῶτα
3619 4493 3717 4565 μὲν
3745 4492 3843 4548 τὸν

411 4596 542 4652 gem
575 4595 750 4634 suum
783 4577 1060 4634 laudibus
1091 4578 1303 4644 evehit,
1325 4579 1628 4635 navalibus
1655 4578 1830 4634 sociis
1862 4596 2075 4653 magna

2187 4564 2444 4656 ἐσέχοντα
2474 4580 2720 4656 πορθμὸν
2763 4564 3113 4646 διαπλεύσας,
3159 4579 3248 4635 καὶ
3302 4564 3436 4644 τοῖς
3475 4579 3528 4634 έν
3588 4564 3845 4657 βλαχέρ-

412 4685 551 4725 voce
586 4685 920 4740 magnoque
949 4685 1084 4723 cum
1146 4667 1400 4723 tumultu
1462 4667 1944 4726 acclamantibus.
1990 4671 2072 4726 Ita

413 4757 779 4828 vavigatione
812 4771 1048 4811 summa
1077 4755 1372 4812 celeritate
1405 4755 1666 4812 confecta
1691 4773 1794 4829 per
1831 4757 1983 4814 Sesti
2011 4749 2070 4814 ει

410 4845 592 4914 Abydi
628 4845 929 4914 angustias
987 4847 1189 4901 evasit.
1250 4846 1313 4901 In
1374 4845 1518 4902 urbe
1575 4850 1792 4915 autem,
1851 4847 2068 4920 quippe

415 4931 767 5001 imperatore
788 4931 1300 5002 absente,magnus
1319 4933 1608 4990 tumultus
1629 4939 1717 4989 cst
1737 4937 2026 4992 excitatus
2045 4941 2058 4992 ἶ

408 5034 594 5089 eaque
618 5033 678 5072 re
707 5017 914 5072 Siciliae
945 5035 1041 5073 rex
1068 5036 1182 5076 non
1209 5037 1414 5092 parum
1441 5024 1728 5096 gloriatus
1784 5041 2064 5098 magnum

408 5124 470 5164 se
502 5106 867 5176 triumphum
899 5123 1027 5162 esse
1057 5110 1331 5181 adeptum
1361 5113 1609 5183 putavit.
1641 5114 1876 5170 Manuel
1927 5130 2060 5171 vero

407 5195 466 5250 id
503 5197 719 5250 factum
750 5193 956 5249 ludum
985 5201 1041 5251 et
1067 5197 1265 5265 jocum
1301 5198 1741 5272 interpretatus,
1774 5203 1929 5276 quod
1964 5219 2062 5260 rex

407 5284 559 5340 tales
597 5283 848 5340 honores
905 5290 1334 5342 consectaretur
1383 5305 1449 5344 ac
1507 5291 1699 5362 potius
1760 5291 2061 5349 latrocinio

408 5372 664 5444 quodam
696 5375 1164 5438 venaretur,eum
1193 5373 1431 5444 gloriari
1452 5375 1706 5434 inaniter
1744 5383 1799 5436 et
1836 5379 2056 5436 nullius

406 5460 694 5517 momenti
727 5476 1063 5516 successum
1097 5461 1315 5530 jactare
1346 5480 1557 5534 passus
1587 5471 1696 5523 est.

2179 4689 2296 4732 ναις
2349 4667 2648 4746 βασιλείοις
2719 4667 3157 4741 κατακολπίσας,
3246 4668 3382 4744 βέλη
3459 4670 3576 4724 κατ’
3651 4671 3838 4726 αὐτῶν

2177 4758 2378 4836 ἀφῆκεν
2417 4759 2712 4834 ἀργυρέους
2765 4752 2966 4834 ἔχοντα
3019 4757 3146 4820 τοὺς
3213 4759 3512 4833 ἀτράκτους
3573 4757 3838 4834 ἀληλιμ-

2179 4849 2371 4920 μένους
2403 4847 2456 4910 ές
2477 4848 2643 4924 βάθος
2675 4852 2886 4922 χρυσῷ,
2917 4845 2970 4902 ἔν
3021 4843 3078 4904 δὲ
3131 4853 3210 4922 τῷ
3269 4845 3468 4904 ἐκεῖθεν
3521 4848 3613 4904 τὸν
3662 4849 3833 4905 αὐτὸν

2174 4937 2559 5012 ἐπαναμετρεῖν
2588 4934 2762 4992 πλοῦν
2794 4937 3042 4992 ἀπέναντι
3093 4940 3190 4992 τοῦ
3253 4936 3494 5014 μεγάλου
3553 4936 3834 4995 παλατίου

2171 5026 2266 5090 τὰς
2293 5028 2483 5092 κώπας
2511 5027 2718 5104 σχάσας
2755 5026 2848 5082 τὸν
2903 5025 3104 5082 οἰκεῖον
3154 5027 3295 5104 ῥῆγα
3341 5034 3460 5091 ταῖς
3528 5027 3834 5108 εὐφημίαις

2173 5115 2475 5190 διατρανοῖ,
2507 5119 2954 5191 συνεπηχοῦντος
2981 5119 3079 5172 τοῦ
3125 5119 3380 5172 ναυτικοῦ
3439 5116 3832 5192 πληρώματος

2168 5205 2260 5260 καὶ
2281 5199 2570 5280 θορυϐώδη
2597 5201 2888 5266 τελοῦντος
2913 5204 3018 5274 τὴν
3075 5204 3412 5280 ἄνακήρυξιν.
3469 5204 3575 5262 Καὶ
3638 5207 3667 5261 ὁ
3702 5208 3828 5280 μὲν,

2169 5291 2310 5348 οὕτω
2338 5293 2430 5348 τὸν
2455 5291 2629 5348 πλοῦν
2661 5291 2997 5372 ἐπιταχύνας
3025 5295 3124 5362 τῆς
3162 5291 3334 5348 πάλαι
3366 5291 3640 5368 ᾀδομένης
3702 5297 3828 5371 Ἀρ-

2164 5385 2293 5457 γοῦς
2349 5382 2706 5456 πτηνότερον,
2764 5384 2981 5450 Σηστοῦ
3038 5381 3129 5436 καὶ
3185 5377 3418 5438 Ἀϐύδου
3472 5383 3548 5445 ὡς
3630 5381 3824 5440 ἂλλων

2169 5468 2594 5548 Συμπληγάδων
2626 5468 2854 5546 ἐξέθορε,
2883 5468 3058 5525 πολὺς
3087 5467 3143 5525 δὲ
3174 5471 3268 5525 ἀνὰ
3315 5473 3418 5542 τὴν
3467 5471 3634 5528 πόλιν
3696 5473 3824 5528 ἐπε-

405 5547 632 5622 κόμαινε
661 5549 922 5624 τάραχος,
958 5546 1228 5624 βασιλέως
1262 5551 1336 5624 μή
1369 5552 1636 5627 παρόντος
1685 5555 1852 5619 ἐντός
1903 5557 1992 5612 καὶ
2041 5558 2106 5627 ἦν
2156 5555 2215 5614 δὲ
2271 5546 2438 5616 τοῦτο.
2482 5561 2750 5635 καύχημα
2799 5564 2878 5632 τῷ
2932 5558 3184 5622 Σιγελίας
3235 5559 3384 5636 ῥηγὶ,
3432 5561 3522 5615 καὶ
3578 5561 3657 5624 εἷς
3719 5564 3823 5636 μέο

407 5659 593 5717 γιστον
643 5637 972 5716 ἀνεγράφετο
1028 5641 1482 5718 τροπαιούχημα.
1544 5644 1605 5701 Ὀ
1659 5641 1716 5700 δὲ
1743 5647 2003 5716 Μανουὴλ
2057 5648 2134 5716 εἷς
2161 5651 2412 5727 παίγνιον
2467 5651 2530 5708 τὸ
2589 5649 2810 5729 γεγονὸς
2883 5650 2972 5706 καὶ
3052 5649 3268 5729 γέλωτα
3341 5649 3645 5730 ἀναιρέρων,
3721 5652 3816 5707 τὸν
