4140 6290
317 322 438 384 437

1409 326 1511 387 DE
1552 326 1935 389 MANUELE
1978 325 2353 391 COMNENO
2400 328 2544 391 LlB.
2590 329 2697 391 III.

3633 334 3754 395 438

335 457 593 518 τοιαύτας
620 456 806 530 ἑαυτῷ
838 456 1001 531 τιμὰς
1029 459 1468 534 μνηστευόμενον
1501 459 1649 537 ῥῆγα
1680 459 1746 530 ἢ,
1774 461 1837 517 τό
1862 480 1925 535 γε
1954 458 2320 538 ἀληθέστερον
2351 461 2539 532 εἰπεῖν,
2563 460 2899 538 λῃστεύοντα
2929 461 3175 536 διακενῆς
3199 465 3374 543 ἀφῆκε
3408 466 3751 543 βρενθύεσθαι

338 548 433 607 καὶ
471 551 633 626 φυσᾷν
663 547 753 602 ἐπ’
777 544 950 604 οὐδενί
985 552 1213 626 χρηστῷ
1231 549 1641 626 κατορθώματι.

1558 837 1985 935 ΤΟΜΟΣ
2068 840 2522 938 ΤΡΙΤΟΣ

1270 1027 1415 1084 ΤΗΣ
1448 1027 1830 1084 ΒΑΣΙΛΕΙΑΣ
1863 1027 2203 1086 ΜΑΝΟΥΗΔ
2232 1029 2370 1086 ΤΟΥ
2400 1030 2815 1089 ΚΟΜΝΗΝΟΥ.

1556 1319 1926 1415 LIBER
1993 1319 2517 1417 TERTIUS

1280 1527 1525 1584 RERUM
1569 1529 1618 1584 A
1655 1526 1990 1584 MANUELE
2028 1528 2361 1585 COMNENO
2402 1529 2800 1590 GESTABUM.

393 1799 465 1855 α’.
522 1800 801 1855 Τοιοῦτον
862 1797 956 1870 μὲν
985 1797 1078 1852 οὗν
1125 1796 1342 1870 εἰλήφει
1372 1795 1536 1874 πέρας
1582 1795 1648 1852 τδ.
1676 1798 1811 1853 κατᾶ
1841 1805 1988 1853 Σικε·

2180 1800 2230 1855 1.
2259 1799 2363 1855 Ηίο
2391 1799 2778 1856 certaminum
2812 1799 3101 1859 Manuelis
3155 1803 3214 1858 in
3270 1802 3464 1859 Sicilia
3493 1806 3551 1859 et
3583 1802 3754 1859 Cala'

321 1888 453 1945 λίαν
486 1910 547 1944 τε
576 1888 669 1943 καὶ
712 1882 1032 1963 Καλαϐρίαν
1071 1892 1168 1943 τοῦ
1225 1885 1495 1964 βασιλέως
1550 1888 1812 1958 Μανουὴλ
1848 1889 1995 1965 ἀγω-

328 1978 595 2052 νίσματα,
626 1979 713 2051 [Ρ.
745 1979 839 2050 67]
879 1973 1106 2051 λαμπρὰ
1139 1978 1232 2052 μὶν
1265 1976 1355 2032 καὶ
1386 1975 1616 2033 πλεῖστα
1636 1983 1743 2033 τῶν
1767 1974 1993 2053 χρημά-

326 2090 444 2124 των
477 2068 655 2122 ἐκεῖσε
688 2065 1082 2142 μετηγγικότα,
1117 2066 1193 2129 είς
1234 2063 1386 2121 οὐδὲν
1405 2063 1462 2120 δὲ
1491 2063 1651 2129 τέλος
1684 2065 1990 2145 εὔχρηστον

318 2158 633 2230 Ῥωμαίοις
672 2156 1057 2226 κατηντηκὸτα
1101 2153 1138 2225 ἤ
1210 2153 1606 2211 εύσπούδαστον
1663 2162 1779 2219 τοῖς
1840 2154 1994 2211 ὕστε-

320 2267 418 2322 ρον
450 2244 915 2319 αὐτοκράτορσιν.
966 2243 1145 2301 ’Λλλᾶ
1208 2244 1259 2299 τί
1311 2240 1433 2321 ἔχοι
1500 2265 1583 2307 τις
1644 2245 1813 2301 εἰπεῖν
1856 2243 1992 2321 πρὸς

322 2334 615 2409 ἄνθρωπον
675 2332 825 2390 οὕτω
884 2334 1185 2409 προθύμως
1266 2334 1674 2411 ἀγωνισάμενον
1734 2334 1872 2407 πρὸς
1928 2334 1993 2390 τὸ

320 2425 395 2482 τὰ
448 2432 550 2493 τῆς
610 2422 893 2498 βασιλείας
960 2424 1037 2485 εἰς
1102 2423 1165 2478 τὸ
1234 2428 1479 2500 κρεῖττον
1549 2422 1991 2489 ἀποκαταστῆσαι

335 2514 630 2589 πράγματα
655 2513 748 2568 καὶ
816 2513 877 2567 τὸ
915 2507 1233 2590 ἀλλόφυλον
1268 2512 1547 2586 ὑποτάξαι,
1584 2514 1660 2586 μὴ
1703 2510 1995 2584 δυνηθέντα

346 2599 408 2654 δέ
438 2620 455 2669 ;
486 2600 640 2657 Ἀλλ’
678 2599 839 2665 οὗτος
867 2599 1019 2664 αὖθις
1050 2601 1188 2657 κατὰ
1244 2602 1511 2672 Παιόνων,
1565 2601 1656 2665 οὕς
1715 2599 1992 2677 Οὕγγρους

341 2689 439 2744 καὶ
480 2688 700 2752 Οὖννους
726 2691 876 2770 φασὶ,
909 2690 1190 2767 στρατείαν
1232 2690 1480 2767 ἐκήρυξε,
1546 2691 1636 2746 καὶ
1691 2696 1808 2753 τοῖς
1859 2691 1994 2746 κατὰ

343 2778 565 2853 δυσμήν
603 2778 780 2855 ἔχουσι
807 2782 905 2845 τὰς
948 2782 1191 2853 οἰκήσεις
1231 2781 1485 2844 ὁπλίταις
1546 2781 1749 2855 ἁμάξας
1802 2780 1989 2838 ἐπέτα-

344 2870 434 2942 ξεν
467 2868 609 2946 ἃγειν
634 2871 707 2934 εἰς
735 2872 793 2927 τὸ
836 2869 1223 2947 στρατόπεδον,
1252 2870 1324 2927 δι’
1389 2872 1462 2927 ὧν
1518 2870 1609 2926 καὶ
1669 2869 1819 2926 οὗτοι
1871 2869 1994 2946 ἐφο-

340 2957 704 3016 διὰσονταιτά
737 2961 1006 3035 βιώσιμα,
1048 2961 1139 3015 καὶ
1194 2965 1273 3034 τῷ
1338 2959 1520 3033 λοιπῷ
1552 2958 1610 3016 δὲ
1649 2958 1793 3016 οὕτω
1837 2981 1993 3016 συνα-

320 3053 552 3125 ροῦνται
614 3049 1005 3127 στρατεύματι,
1054 3050 1173 3105 ὅσοι
1256 3048 1521 3106 τοιούτων
1560 3050 1995 3127 σκευαγωγημά-

2099 1888 2225 1946 bria
2256 1889 2366 1945 fuit
2388 1888 2575 1946 exitus
2608 1906 2622 1959 ;
2655 1905 2782 1962 quas
2814 1890 3084 1963 quamvis
3151 1892 3461 1964 splendida
3506 1896 3564 1948 et
3592 1908 3748 1949 sum-

2100 1982 2331 2051 ptuosa,
2359 1982 2553 2035 tamen
2612 1977 2758 2035 nihil
2814 1980 3036 2036 fructus
3094 1981 3374 2037 Romanis
3431 1981 3584 2038 182
3640 1985 3742 2037 aut

2100 2068 2388 2125 secuturis
2410 2067 2862 2140 imperatoribus
2883 2068 3111 2126 imitatu
3136 2070 3380 2143 dignum
3396 2070 3743 2127 attulerunt.

2098 2159 2209 2215 Sed
2238 2157 2376 2230 quid
2400 2158 2665 2215 dicamus
2696 2158 2765 2214 de
2796 2159 2915 2215 viro
2948 2159 3048 2231 qui
3102 2164 3266 2216 tanta
3287 2161 3501 2229 studio,
3534 2177 3742 2234 quam-

2099 2248 2186 2306 vis
2215 2246 2434 2303 infelici
2463 2252 2691 2318 conatu,
2725 2248 2784 2304 in
2816 2248 3129 2321 imperium
3166 2249 3225 2306 in
3253 2254 3547 2323 integrum
3580 2251 3747 2307 resti-

2099 2337 2384 2393 tuendum
2415 2340 2473 2392 et
2503 2336 2790 2393 Barbaros
2823 2337 3181 2410 subigendos
3234 2338 3553 2395 incubuit?
3603 2339 3746 2397 Inde

2099 2425 2463 2498 expeditione
2484 2430 2685 2482 contra
2707 2426 2958 2495 Paaones,
2982 2427 3085 2499 qui
3107 2432 3163 2483 et
3187 2428 3436 2499 liungari
3464 2435 3518 2484 et
3550 2428 3747 2485 Hunni

2097 2514 2486 2586 appellantur,
2516 2513 2755 2582 indicta,
2797 2514 3197 2572 Occidentales
3238 2516 3495 2589 legiones
3538 2534 3746 2573 currus

2100 2602 2159 2657 in
2191 2606 2383 2657 castra
2413 2604 2701 2658 adducere
2723 2603 2915 2674 jubet,
2939 2604 3152 2675 quibus
3178 2608 3237 2660 et
3279 2605 3386 2660 sibi
3412 2605 3558 2675 ipsis
3588 2622 3743 2661 com-

2100 2696 2355 2747 meatum
2384 2691 2736 2747 adveherent
2764 2696 2821 2747 et.
2850 2692 3095 2759 caeteris,
3128 2694 3227 2764 qui
3262 2693 3548 2750 vehiculis
3578 2709 3745 2751 care-

2099 2784 2248 2849 rent,
2281 2781 2743 2854 suppeditarent.
2774 2782 2920 2837 Cum
2949 2782 3238 2839 exercitus
3304 2782 3740 2851 convenissent,

2097 2869 2224 2942 ipse
2256 2886 2488 2942 quoque
2518 2870 2966 2941 Sardicam,quae
2997 2887 3154 2927 nunc
3183 2871 3450 2928 Triadiza
3475 2876 3738 2940 vocatur,

2098 2960 2273 3017 venit.
2308 2958 2412 3016 Ubi
2435 2976 2549 3016 non
2581 2959 2683 3015 diu
2713 2963 3127 3029 commoratus,
3161 2976 3297 3016 cum
3350 2961 3581 3016 Paeones
3639 2976 3743 3032 per

2097 3047 2320 3122 legatos
2375 3063 2576 3120 pacem
2623 3049 2915 3119 fecissent,
2977 3050 3085 3106 iter
3156 3054 3359 3106 contra
3411 3049 3740 3107 Serviorum

323 3160 442 3195 των
476 3138 748 3210 σπανίζειν
781 3137 1054 3212 ἤμελλον.
1087 3140 1178 3201 Ὠς
1246 3139 1339 3194 οὗν
1391 3138 1467 3201 εἷς
1515 3135 1569 3194 ἓν
1630 3140 1988 3213 συνήθροιστο

2100 3144 2394 3212 satrapam
2427 3138 2728 3196 convertit.
2760 3139 2884 3204 Quo
2915 3139 3105 3196 obiter
3134 3141 3336 3196 territo
3367 3144 3425 3196 et
3461 3156 3739 3212 persuaso

313 3229 388 3285 τὰ
431 3228 837 3303 στρατεύματα,
872 3229 996 3302 εἶχε
1054 3228 1145 3282 καὶ
1204 3227 1364 3283 αὐτὸν
1420 3230 1657 3303 παρόντα
1711 3229 1801 3283 τὸν
1836 3230 1988 3303 βασι-

318 3317 421 3374 λέα
450 3316 619 3379 πόλις
671 3321 708 3388 ἠ
772 3314 1042 3392 Σαρδική,
1091 3317 1126 3386 ἢ
1185 3321 1274 3372 νῦν
1324 3315 1613 3393 Τριάδιτζα
1643 3318 1985 3391 ὀνομάζεται.

318 3408 526 3482 Καιρὸν
561 3404 609 3461 δ’
640 3406 770 3485 οὐχὶ
807 3404 984 3461 πολὺν
1016 3403 1188 3461 ἒκεῖσε
1243 3406 1600 3482 προσμείνας,
1659 3405 1775 3462 ἐπεὶ
1841 3406 1987 3462 ’ἰκετο

315 3492 585 3570 πρεσϐεία
631 3493 693 3551 ἐκ
758 3498 869 3549 τῶν
932 3493 1179 3550 Παιόνων
1247 3495 1337 3549 καὶ
1415 3492 1576 3571 λόγοι
1636 3490 1985 3568 συμϐατικοὶ,

318 3586 505 3661 ἑτέραν
538 3582 883 3657 τραπόμενος
922 3585 1060 3657 πρὸς
1127 3583 1219 3638 τὸν
1278 3587 1386 3638 τῶν
1443 3578 1659 3659 Σέρϐων
1726 3578 1986 3657 μεταϐαίη

2101 3236 2166 3287 ut
2194 3229 2412 3286 omisso
2467 3230 2675 3286 {cedere
2732 3228 2998 3287 Hunnico
3080 3229 3272 3286 solum
3334 3229 3740 3302 imperatorem

2099 3323 2440 3393 agnosceret
2469 3323 2526 3375 et
2557 3319 2916 3388 formidaret,
2948 3335 3163 3393 magna
3220 3317 3518 3391 copiarum
3580 3322 3741 3391 parte

2099 3408 2342 3465 dimissa
2362 3410 2418 3464 in
2440 3408 2797 3482 provinciam
2820 3408 3182 3465 Thessaliam
3206 3409 3524 3482 profectus,
3541 3408 3743 3481 ibique

2099 3497 2359 3571 quandiu
2390 3502 2786 3570 opportunum
2818 3497 3120 3553 videbatur
3136 3498 3744 3571 commoratus,impe—

2099 3587 2365 3643 ratricem
2400 3587 2605 3643 urbem
2638 3587 2983 3661 ingreditur.

322 3696 407 3729 νει
433 3678 731 3751 σατράπην·
764 3673 857 3728 καὶ
888 3670 1215 3747 διαθροήσας
1245 3676 1435 3728 τοῦτον
1488 3669 1618 3728 ὁδοῦ
1646 3672 1938 3748 πάρεργον,
1977 3674 2069 3729 καὶ
2107 3675 2294 3737 πείσας
2352 3675 2517 3730 αὐτὸν
2585 3674 2753 3746 μόνον
2812 3672 3009 3730 εἰδέναι
3067 3671 3295 3749 βασιλέα
3352 3674 3442 3728 καὶ
3476 3669 3739 3746 δεδιέναι,

337 3768 445 3818 τῶν
473 3761 531 3819 δὲ
580 3765 722 3837 μετα
767 3767 876 3817 τῶν
936 3758 1155 3820 Οὕννων
1211 3761 1505 3840 ἀφεστάναι
1572 3758 1849 3829 σπονδῶν,
1902 3765 2040 3837 πρὸς
2101 3765 2194 3837 μὲν
2261 3764 2328 3818 τὰ
2385 3763 2560 3819 οἰκεῖα
2612 3762 2721 3835 ἤθη
2751 3765 2814 3819 τὸ
2871 3760 3017 3818 πολὺ
3046 3770 3144 3833 τῆς
3176 3766 3427 3834 στρατιᾶς
3452 3759 3738 3838 διαφῆκεν,

324 3853 485 3917 αὐτὸς
519 3851 576 3909 δὶ
604 3855 706 3923 τὴν
740 3850 1026 3909 Θετταλῶν
1060 3848 1388 3908 καταλαϐὼν
1432 3852 1725 3931 ἐπαρχίαν,
1757 3854 1912 3909 κάκεῖ
1939 3851 2369 3930 προσδιατρίψας
2396 3850 2477 3931 ἔφ’
2508 3852 2633 3909 ὅσον
2661 3852 2808 3926 αύτῷ
2839 3850 3014 3908 ἔδόκει
3053 3853 3290 3929 καίριον,
3319 3852 3421 3921 τήν
3481 3848 3739 3928 βασιλίδα

319 3942 547 4000 εἷ’σεισιν
580 3942 767 4001 πόλιν.

393 4031 594 4091 Ἠλίου
649 4031 699 4088 δ’
754 4032 877 4106 ἄρτι
934 4032 1031 4095 τὰς
1092 4033 1411 4108 χειμερινὰς
1475 4034 1681 4110 τροπὰς
1709 4030 1987 4107 παρελαύ-

2170 4033 2321 4090 188
2345 4032 2478 4089 Post
2508 4032 2827 4089 solstitium
2867 4032 3181 4088 hibernum
3242 4048 3447 4091 rursus
3486 4032 3738 4107 Pelago-

317 4144 511 4187 νοντος
570 4121 649 4185 εἷς
709 4117 1040 4196 Πελαγονίαν
1118 4116 1307 4191 ἔξεισιν
1396 4122 1572 4194 αὖθις,
1645 4122 1987 4197 ὁρμητήριον

321 4212 495 4282 αὐτὴν
553 4208 754 4287 κρίνων
816 4209 996 4265 ἱκανὸν
1082 4206 1432 4281 ὑποδέξασθαι
1490 4207 1850 4285 στρατόπεδον
1910 4209 1987 4272 εἰς

318 4298 483 4357 πεδία
534 4298 828 4370 ἱππήλατα
882 4299 1268 4369 ὁπτιάζουσαν,
1310 4300 1399 4354 καὶ
1459 4300 1595 4373 πρὸς
1650 4301 1746 4363 τὰς
1775 4298 1989 4360 πεύσεις

317 4392 380 4447 εὗ
415 4385 568 4466 ἔχειν
600 4390 693 4445 καὶ
724 4390 827 4458 τήν
881 4392 992 4443 τῶν
1051 4385 1342 4464 δρωμένων
1371 4387 1681 4463 κατάληψιν
1721 4389 1823 4444 ὑπὸ
1877 4392 1984 4443 τῶν

318 4480 489 4536 ἐθνῶν
526 4480 646 4553 μεθ’
695 4477 774 4532 ὦν
834 4474 1257 4551 διντεπαλαμᾶτο
1300 4482 1390 4532 καί
1423 4474 1715 4554 διεφέρετο·
1748 4473 1827 4532 ἔτι
1882 4476 1987 4552 γὰρ

318 4570 459 4626 κατὰ
520 4566 784 4625 Σικελίαν
848 4563 1135 4639 μεθεῖλκον
1184 4565 1342 4621 αὐτὸν
1377 4565 1468 4621 καὶ
1501 4566 1854 4641 ὑπέθραττον,
1920 4565 1988 4621 τὰ

324 4662 499 4734 μήπω
560 4654 1028 4733 κατασιγασθέντα
1083 4653 1292 4724 τέλεον,
1355 4656 1443 4710 καὶ
1520 4656 1549 4710 ὁ
1604 4658 1710 4710 τῶν
1772 4654 1986 4712 Οὒννων

320 4752 421 4819 τήν
450 4748 635 4824 ἀρχὴν
668 4744 983 4819 ἐζωσμένος
1037 4745 1174 4817 πρὸς
1230 4741 1551 4821 ξιφουλκίαν
1599 4739 1849 4815 ἔϐλεπεν,
1912 4746 1986 4806 ὡς

320 4834 516 4909 ἔδειξεν
564 4836 616 4910 ἐξ
676 4834 753 4889 ὦν
795 4830 1036 4909 ἔδρασεν.
1106 4830 1327 4903 Ἐπειδὴ
1385 4834 1490 4908 γὰρ
1547 4832 1827 4909 παρελύθη
1886 4840 1984 4904 τῆς

323 4926 590 4995 δουκικῆς
663 4924 850 4998 ἀρχῆς
909 4916 1280 4995 Βρανιτζόϐης
1361 4922 1450 4977 καὶ
1536 4919 1886 4998 Βελεγρσὶδων
1956 4923 1985 4978 ὁ

323 5016 611 5089 Κομνηνὸς
672 5008 1040 5086 Ἀνδρόνικος,
1104 5011 1132 5065 ὁ
1190 5011 1279 5065 καὶ
1356 5010 1576 5087 ὕστερον
1636 5011 1983 5086 τυραννεύσας

323 5105 634 5179 Ῥωμαίων,
695 5102 784 5156 οἷα
840 5094 1051 5175 κρύϐδη
1111 5102 1247 5155 κατὰ
1297 5101 1612 5173 Ῥωμαίων,
1670 5101 1745 5164 ὡς
1797 5098 1983 5176 ᾔδετο,

322 5200 439 5255 τοῖς
473 5192 672 5249 Παίοσι
727 5189 1104 5261 συντιθέμενος
1158 5189 1250 5243 καὶ
1333 5190 1458 5264 περὶ
1513 5194 1610 5245 τοῦ
1662 5188 1982 5264 παραλυθῆ-

321 5305 408 5339 ναι
442 5284 539 5358 μὲν
578 5283 676 5337 τὸν
710 5274 974 5346 Μανουὴλ
1006 5285 1104 5346 τῆς
1137 5277 1340 5356 αρχῆς,
1381 5278 1543 5333 αὐτὸν
1579 5276 1625 5334 δ’
1682 5276 1986 5355 ἐπιϐήτορα

322 5373 524 5443 ταύτης
544 5368 796 5448 γενέσθαι
827 5370 909 5438 τῷ
934 5366 1140 5420 τούτων
1181 5365 1687 5443 κοινολογούμενος
1727 5368 1980 5447 ἄρχοντι,
2014 5392 2059 5456 D

322 5464 414 5518 καὶ
476 5460 876 5535 μετάπεμπτον
927 5458 1118 5509 τοῦτον
1171 5455 1319 5529 εἶχεν
1385 5456 1545 5520 εὐθὺς
1582 5460 1617 5527 ἡ
1650 5458 1978 5534 Πελαγονία,

326 5551 501 5608 ὁπόσα
535 5549 617 5621 μὴ
651 5543 811 5609 εὐθὺν
839 5541 1038 5598 ἐκεῖνον
1097 5543 1171 5605 εἰς
1234 5544 1325 5598 τὸν
1359 5542 1647 5623 ἐξάδελφον
1675 5548 1762 5602 καὶ
1826 5548 1983 5623 βασι-

323 5640 423 5699 λέα
496 5636 836 5711 διήλεγχον,
893 5631 1131 5698 κάκεῖθεν
1191 5635 1226 5705 ἡ
1284 5631 1447 5698 πόλις
1530 5633 1984 5713 ἀναπεμπόμενον

2097 4122 2254 4179 niam
2284 4122 2422 4188 exit,
2464 4139 2591 4193 quae
2648 4122 2803 4193 quod
2856 4126 3120 4195 patentes
3178 4139 3417 4195 campos
3474 4123 3737 4193 haberet,

2097 4215 2232 4284 apta
2260 4211 2312 4268 ei
2340 4210 2645 4268 videbatur
2673 4216 2732 4267 et
2785 4212 2856 4268 ad
2916 4212 3234 4269 exercitum
3292 4215 3643 4287 capiendum
3684 4219 3743 4272 et

2095 4303 2167 4358 ad
2200 4302 2440 4359 nuntios
2472 4317 2665 4358 rerum
2698 4318 2825 4374 qua:
2859 4319 2893 4358 a
2920 4303 3217 4375 gentibus,
3250 4304 3605 4376 quibuscum
3637 4322 3742 4378 pu-

2094 4391 2336 4464 gnabat,
2362 4397 2641 4463 gerentur
2696 4392 3086 4463 accipiendos.
3147 4396 3292 4448 Nam
3340 4392 3528 4450 Siculo
3586 4393 3736 4450 bello

2094 4479 2285 4536 adhuc
2317 4479 2707 4536 distinebatur
2737 4497 2853 4536 non
2884 4479 3056 4552 plane
3078 4481 3263 4551 sopito
3290 4501 3305 4550 ;
3339 4486 3395 4536 et
3426 4481 3738 4552 Hungaro-

2093 4586 2223 4625 rum
2240 4570 2603 4641 princeps,ut
2617 4570 2765 4625 facta
2775 4570 2905 4641 ejus
2918 4568 3525 4638 declararunt,bellum
3541 4570 3740 4627 molie-

2094 4659 2283 4715 batur.
2317 4659 2631 4731 Postquam
2664 4659 2819 4715 enim
2850 4658 3214 4714 Andronicus
3261 4662 3601 4729 Comnenus,
3632 4660 3735 4733 qui

2094 4751 2225 4819 post
2254 4746 2648 4803 Romanorum
2676 4747 3040 4817 tyrannidem
3077 4748 3310 4818 invasit,
3335 4748 3552 4805 ducatu
3591 4753 3735 4806 Bra-

2094 4835 2312 4891 nizobaa
2342 4840 2399 4891 et
2427 4835 2740 4907 Belligradi
2771 4836 3067 4908 adempto,
3101 4836 3255 4907 quod
3314 4853 3446 4892 cum
3504 4839 3735 4896 Hunnis

2091 4929 2298 4981 contra
2323 4925 2613 4980 Romanos
2644 4924 3016 4997 conspirasse
3044 4931 3101 4981 et
3124 4925 3436 4998 imperium
3476 4929 3739 4986 Manuele

2093 5015 2314 5085 dejecto
2346 5014 2560 5071 auxilio
2587 5013 2868 5087 principis
2902 5015 3241 5070 Hunnorum
3283 5015 3397 5073 sibi
3442 5016 3740 5076 vindicare

2090 5103 2237 5160 velle
2266 5103 2579 5172 ferebatur,
2608 5101 2978 5175 Pelagoniam
3030 5104 3368 5171 accersitus,
3397 5110 3455 5161 et
3500 5106 3742 5165 insidia-

2093 5209 2219 5249 rum
2254 5210 2396 5265 quss
2426 5191 2764 5265 imperatori
2816 5196 2875 5249 et
2930 5193 3279 5250 consobrino
3339 5211 3446 5250 suo
3489 5198 3741 5252 strueret

2092 5282 2417 5351 convictus,
2449 5286 2507 5337 ct
2535 5282 2594 5338 in
2626 5282 2954 5338 custodiam
2988 5283 3281 5353 quandam
3309 5283 3505 5354 magni
3529 5283 3732 5355 palatii

2094 5372 2265 5427 datus
2299 5370 2779 5436 fuit,llunnorum
2813 5371 3082 5442 princeps
3131 5370 3283 5425 bello
3310 5371 3591 5426 Romanis
3620 5376 3737 5428 sta-

2091 5462 2195 5518 tim
2232 5459 2391 5516 illato
2408 5460 2788 5516 Branizoham
2810 5461 3058 5525 obsidet,
3092 5463 3149 5515 et
3169 5459 3285 5515 late
3318 5461 3517 5515 omnia
3544 5459 3739 5516 incur-

2094 5548 2351 5606 sionibus
2385 5565 2487 5619 pro
2520 5566 2629 5605 sua
2657 5549 2899 5605 libidine
2925 5552 3129 5605 vastat.
3188 5550 3372 5613 Quare
3418 5546 3737 5618 imperator

2094 5632 2536 5708 chartularium,
2568 5637 2845 5695 Basilium
2880 5635 3245 5699 Zinzilucem,
3280 5634 3486 5688 ducem
3526 5637 3731 5689 contra
