4140 6290
405 300 522 360 439

1720 293 2026 355 ΝΙΟΕΤιΕ
2067 294 2486 358 ΟΗΟΝῙΑΊἘ

3691 291 3807 352 H0

409 431 566 488 184
595 445 694 488 eos
724 427 920 484 mittit.
955 431 1010 484 Is
1043 425 1223 482 milite
1253 426 1312 482 in
1335 425 1601 483 cohortes
1647 430 1706 482 et
1729 426 2050 500 phalanges
2079 429 2132 496 Α

2166 423 2390 500 δέσμιον
2419 426 2509 484 καὶ
2541 425 2593 483 ἐν
2630 431 2729 502 μιᾷ
2781 431 2890 484 τῶν
2923 429 3018 482 τοῦ
3055 423 3297 500 μεγάλου
3336 422 3614 480 παλατίω
3645 442 3817 502 φρου-

410 521 722 592 descripto,
754 533 888 574 cum
931 534 993 572 se
1023 516 1301 571 invictum
1335 516 1652 572 exercitum
1695 516 1909 572 habere
1939 533 2050 588 pu-

405 615 576 674 taret,
604 613 912 678 Hungaros
944 606 1206 670 adortus,
1230 604 1532 660 victoriam
1566 621 1681 660 non
1713 605 2052 662 diuturnam

406 701 496 754 est
524 698 771 768 adeptus
805 711 818 748 :
854 711 987 749 nam
1020 693 1216 749 hostes
1247 694 1304 748 in
1340 694 1630 750 Romanos
1661 697 1879 750 temere
1924 710 2053 766 per-

406 793 718 857 sequentes
775 783 1036 840 conversi
1099 787 1394 856 acceptam
1451 784 1676 839 cladem
1735 782 2054 839 illustriore

403 875 646 931 victoria
674 877 1018 946 pensarunt.
1053 873 1174 936 Quo
1211 873 1528 939 imperator
1556 873 1754 927 audito
1809 871 1919 927 iter
1946 889 2050 928 eo-

407 967 536 1022 dem
570 965 841 1032 intendit,
878 969 939 1019 ut
967 964 1201 1018 Paeones
1230 980 1336 1018 suo
1396 963 1646 1018 adventu
1697 963 1880 1018 territi
1916 979 2050 1034 pro-

406 1055 616 1111 vinciis
648 1053 763 1110 illis
794 1055 1084 1109 cederent.
1119 1052 1279 1115 Quod
1322 1068 1455 1107 cum
1491 1052 1782 1118 iecissent,
1817 1051 1889 1106 iis
1919 1068 2052 1106 con-

408 1144 729 1201 ditionibus
759 1141 912 1199 bello
945 1142 1266 1214 composito
1325 1157 1472 1213 quas
1529 1149 1758 1213 tempus
1808 1141 2050 1210 ferebat,

406 1233 740 1290 Branizobae
769 1237 826 1289 et
856 1231 1172 1304 Belligradi
1204 1232 1380 1287 rebus
1420 1230 1756 1287 constitutis
1810 1231 2049 1287 domum

406 1324 574 1379 redit.

2163 521 2273 592 ρῶν
2324 517 2777 592 καθειργνύμενον
2845 518 2936 572 τὸν
3008 515 3146 571 κατὰ
3201 514 3488 588 Ῥωμαίων
3575 511 3736 574 εὐθὺς
3789 512 3817 566 ὁ

2160 604 2486 680 Οὗννάρχης
2514 604 2721 681 ἐξέφερε
2753 604 3021 677 πόλεμον,
3052 602 3144 658 καὶ
3199 603 3266 672 ἦν
3307 598 3628 677 πολιορκῶν
3675 603 3818 676 Βρα-

2161 688 2411 762 νίτζοόαν
2443 693 2534 748 καὶ
2574 693 2927 770 κατατρέχων
2990 691 3058 746 τὰ
3113 689 3225 746 ἐκεῖ
3277 689 3468 760 πάντα,
3527 687 3818 760 λεηλατῶν

2159 803 2218 838 τε
2245 783 2336 838 καίὶ
2365 779 2514 860 ἄγων
2544 783 2619 846 ὦς
2649 779 2848 857 ᾕρητο.
2899 779 3194 838 Στέλλεται
3251 784 3379 855 γοῦν
3449 779 3596 854 παρὰ
3655 780 3813 854 βασις

2163 869 2304 934 λέως
2337 872 2634 948 στρατηγὸς
2675 873 2792 927 κατ’
2822 873 2988 926 αὐτοῦ
3019 872 3048 926 ὁ
3089 868 3498 949 χαρτουλάριος
3529 867 3815 930 Βασίλειος

2161 963 2190 1017 ὁ
2256 961 2702 1032 Τζιντζιλούκης.
2763 961 2862 1016 Καὶ
2949 962 3010 1023 ’ὸς
3082 961 3177 1022 τὰς
3245 958 3662 1034 συνειλεγμένας
3721 955 3816 1012 δυ-

2159 1051 2348 1123 νάμεις
2408 1046 2740 1126 παραλαϐὼν
2795 1053 2885 1105 καὶ
2944 1049 3022 1112 εἷς
3078 1050 3255 1120 τέξεις
3328 1049 3668 1118 καταστήσας
3723 1047 3812 1102 καὶ

2160 1137 2463 1219 φάλαγγας,
2491 1141 2582 1196 καὶ
2622 1137 2776 1211 δόξας
2809 1138 2954 1210 ἄξιον
3007 1139 3164 1210 νίκης
3221 1136 3368 1214 ἔχειν
3407 1136 3656 1211 στρατὸν,
3694 1140 3811 1198 τοῖς

2159 1228 2432 1307 Οῧγγροις
2464 1229 2852 1304 συμπλέκεται.
2917 1231 3012 1285 Καὶ
3071 1229 3207 1304 πρὸς
3263 1229 3444 1304 βραχὺ
3489 1228 3583 1300 μὶν
3640 1247 3813 1298 κατη-

2157 1319 2424 1394 γωνίσατο
2454 1319 2518 1374 τὸ
2583 1318 2874 1393 πολέμιον·
2943 1317 3337 1396 ἒπαναστραφὶν
3394 1316 3451 1372 δὲ
3506 1317 3583 1378 ὠς
3650 1317 3810 1372 ἀσυν-

403 1412 613 1472 τάκτως
647 1409 751 1466 ὑπὸ
778 1410 1069 1482 Ῥωμαίων
1096 1405 1572 1481 καταδιωκόμενον
1607 1411 1690 1480 [Ρ.
1724 1411 1838 1481 68],
1872 1408 1900 1462 ὅ
1930 1409 2192 1472 πέπονθεν
2220 1404 2414 1484 ἔδρασε
2445 1409 2831 1485 γενναιότερον.
2864 1407 3128 1471 Βασιλεὺς
3185 1408 3386 1478 τοίνυν,
3420 1405 3814 1479 ἐνωτισάμενος

404 1505 594 1570 ταῦτα,
624 1501 723 1568 τὴν
755 1499 925 1552 ἐκεῖσε
954 1499 1176 1572 πορείαν
1210 1497 1492 1568 ἐπέτεινεν,
1553 1497 1600 1552 εἲ
1651 1519 1770 1561 πως
1826 1498 1878 1552 οἱ
1933 1498 2162 1563 Παίονες
2212 1500 2348 1574 πρὸς
2403 1501 2503 1570 τήν
2574 1501 2740 1555 αὐτοῦ
2799 1496 3248 1574 διαταραχθέντες
3282 1497 3455 1576 ἄφιξιν
3515 1500 3621 1552 τῶν
3651 1496 3812 1551 ἐκεῖθι

409 1596 610 1667 χωρῶν
638 1591 1014 1645 ἀπανασταῖενσ
1049 1587 1079 1644 ὅ
1107 1587 1196 1644 καὶ
1229 1588 1364 1657 ἦσαν
1397 1586 1842 1662 διαπραξάμενοι,
1886 1583 2342 1661 συμϐιϐασθέντες
2381 1588 2516 1661 μετᾶ
2544 1593 2643 1643 τοῦ
2677 1584 2970 1665 βασιλέως,
3007 1588 3081 1650 ὡς
3126 1589 3154 1642 ὁ
3213 1588 3403 1661 καιρὸς
3433 1587 3556 1640 τότε
3585 1578 3808 1644 ἔδωκεν.

405 1682 586 1744 Αὐτὸς
628 1679 706 1749 δὲ,
741 1683 816 1742 ὡς
848 1682 974 1754 εἶχε
1002 1679 1069 1735 τὰ
1097 1681 1232 1735 κατὰ
1262 1675 1626 1754 Βρανίτζοϐαν
1691 1676 1780 1734 καὶ
1838 1676 2122 1754 Βέλγραδα
2175 1678 2654 1753 καταστησάμενος
2708 1677 3027 1753 πράγματα,
3081 1677 3160 1738 εἷς
3223 1678 3324 1748 τὴν
3361 1671 3624 1752 βασιλίδα
3653 1673 3813 1729 πόλιν

409 1777 756 1848 μετασκηνοῖ.

476 1864 620 1920 Cum
656 1863 850 1920 hoster
889 1860 1184 1934 paulisper
1239 1859 1654 1932 conquiesseut
1711 1874 1816 1915 nec
1872 1856 2051 1914 ullius
2083 1865 2131 1929 Β

2231 1857 2440 1916 Οὐκοῦν
2498 1858 2588 1913 καὶ
2642 1863 2748 1912 τῶν
2812 1855 3092 1932 δυσμικῶν
3148 1855 3363 1930 ἐχθρῶν
3417 1853 3816 1929 ἠρεμησάντων

409 1969 542 2023 opes
571 1954 632 2008 in
664 1952 977 2008 Occidente
1037 1949 1366 2005 metuendae
1413 1948 1768 2015 viderentur,
1824 1946 2055 2020 expedi-

405 2042 624 2098 tionem
659 2041 718 2096 in
741 2039 1078 2095 Armeniam
1137 2038 1409 2094 decernit.
1470 2036 1720 2092 Tarsum
1778 2035 1958 2109 igitur
2005 2040 2060 2092 et

408 2131 672 2186 Adanam
705 2130 1020 2200 profectus,
1057 2131 1111 2184 et
1142 2126 1426 2196 ﬁnitimis,
1455 2125 1745 2181 inferioris
1771 2126 2060 2182 Armeniae

406 2218 572 2288 locis,
607 2235 734 2289 quae
763 2221 1015 2273 'l‘oruses
1049 2215 1352 2283 aiﬂixerat,
1387 2213 1720 2270 refocillatis
1765 2231 1832 2271 ac
1862 2215 2060 2271 ﬁrma-

410 2308 508 2371 tis,
544 2311 599 2362 et
630 2305 925 2376 Armenio,
956 2305 1080 2361 viro
1111 2321 1225 2360 non
1277 2303 1549 2375 simplici,
1613 2304 1712 2359 sed
1767 2303 1975 2360 occulti
2005 2309 2060 2360 et

408 2394 681 2451 insidiosi
712 2394 932 2466 ingenii
987 2393 1246 2462 homine,
1307 2410 1413 2449 sua
1471 2393 1778 2464 praesentia
1833 2392 2056 2460 territo,

414 2501 532 2540 non
562 2483 801 2540 ulterius
836 2482 1224 2555 progreditur,
1259 2499 1383 2550 nec,
1437 2486 1502 2537 ut
1554 2489 1716 2552 pater
1758 2482 1945 2552 ipsius
1975 2481 2057 2538 fe-

411 2579 588 2642 cerat,
622 2577 802 2628 totam
865 2573 1014 2629 135
1078 2571 1414 2627 Armeniam
1477 2570 1590 2626 sibi
1649 2569 1926 2636 vindicat,
1951 2587 2056 2626 nec

411 2668 603 2720 castra
633 2665 690 2718 et
721 2660 1048 2734 provincias
1079 2661 1298 2734 pridem
1332 2660 1403 2716 ab
1435 2659 1532 2715 illo
1563 2664 1872 2730 occupatas
1904 2659 2057 2716 velu-

413 2755 457 2808 ti
488 2769 518 2808 e
545 2751 668 2826 lupi
702 2751 971 2806 faucibus
999 2749 1169 2822 eripit
1202 2765 1214 2804 :
1251 2751 1349 2805 sed
1384 2748 1624 2806 Torusis
1657 2747 1846 2804 fallaci
1887 2747 2055 2804 blan-

414 2841 778 2914 diloquentia
806 2843 1078 2913 deceptus
1102 2846 1158 2896 et
1188 2839 1419 2896 fcederis
1448 2839 1738 2895 illecebris
1769 2839 2050 2907 irretitus,

417 2932 715 2989 conversis
749 2930 941 2985 {taenis
971 2928 1338 2984 Antiochiam
1399 2929 1580 2984 totius
1629 2927 1802 3000 Syriae
1837 2927 2055 2996 princi-

413 3037 546 3092 pem
579 3024 637 3075 et
667 3018 1119 3088 pulcherrimam
1151 3017 1351 3072 urbem
1385 3017 1734 3090 ingreditur.

2173 1946 2261 2002 ἐπὶ
2295 1946 2476 2022 βραχὺ
2509 1945 2578 2002 δι’
2619 1945 2926 2023 ὁμολογίας
2963 1947 3054 2002 καὶ
3112 1945 3448 2023 φιλιώσεως,
3495 1942 3586 1998 καὶ
3622 1939 3822 2014 μηδένα

2171 2033 2316 2114 ἔχων
2373 2040 2453 2108 τῷ
2518 2036 2654 2098 τέως
2721 2035 3050 2092 ἀνθέλκοντα
3124 2033 3176 2106 ἐξ
3233 2031 3460 2108 ἑσπέρας
3517 2031 3818 2104 άντίμαχον

2170 2123 2494 2200 ἀξιόμαχον,
2524 2129 2685 2200 κυροῖ
2710 2126 2810 2194 τήν
2868 2124 2942 2188 εἰς
2996 2123 3282 2198 Ἀρμενίαν
3343 2116 3624 2178 ἀνάϐασιν.
3657 2120 3821 2176 Ἀπά·

2169 2234 2263 2286 ρας
2321 2214 2412 2268 οὗν
2463 2213 2516 2276 ἐς
2568 2214 2780 2289 Ταρσὸν
2838 2215 2928 2268 καὶ
2985 2209 3288 2291 ἀφιγμένος
3335 2211 3412 2273 εὶς
3439 2207 3671 2266 ’Λδαναν
3727 2207 3818 2263 καὶ

2167 2305 2267 2359 ὃσα
2322 2309 2390 2379 τῇ
2446 2303 2594 2358 κάτω
2645 2303 2900 2379 Ἀρμενίᾳ
2930 2303 3255 2378 πρόσχωρα,
3305 2299 3594 2358 καὶταῦτα
3659 2318 3820 2354 κακο-

2169 2389 2534 2466 δαιμονοῦντα
2564 2392 2666 2447 ὑπὸ
2692 2397 2789 2448 τοῦ
2857 2391 3104 2462 Τοροῦση
3141 2387 3443 2463 διαθάλψας
3502 2386 3597 2442 καὶ
3655 2387 3827 2465 ἀσφα-

2169 2479 2321 2544 λείας
2351 2487 2448 2551 τῆς
2483 2478 2710 2552 δεούσης
2740 2481 3014 2552 ἠξιωκὼς,
3047 2479 3138 2535 καὶ
3170 2477 3522 2548 καταπλήξας
3548 2479 3630 2546 τῷ
3686 2494 3828 2550 παρ-

2171 2571 2325 2642 ουσίᾳ
2361 2571 2451 2625 τὸν
2483 2572 2592 2646 οὐχ
2622 2569 2829 2626 ἁπλοῢν
2860 2571 2958 2640 τὴν
3013 2570 3267 2646 γνώμην,
3321 2565 3467 2622 ἀλλὰ
3523 2566 3820 2640 κρυψίνουν

2166 2661 2255 2714 καὶ
2311 2659 2516 2738 ὕφαλον
2577 2659 2888 2734 Ἀρμένιον,
2955 2659 3148 2732 σχάζει
3215 2657 3278 2712 τὸ
3341 2654 3650 2730 πρόθυμον,
3701 2651 3825 2708 οὐδὲ

2165 2749 2413 2824 περὶτῆς
2470 2747 2609 2819 ’ὀλης
2667 2749 2962 2823 ’Δρμενίας
3019 2743 3416 2823 διαγωνίζεται,
3463 2743 3554 2800 τὸν
3617 2742 3817 2798 οἰκεῖον

2164 2837 2368 2914 πατέρα
2426 2837 2744 2909 ἐζηλωκὼς,
2801 2837 2836 2906 ἦ
2890 2841 3020 2910 γοῦν
3081 2835 3180 2890 ὅσα
3245 2833 3450 2894 ἐκεῖνος
3505 2833 3818 2912 ὑπηγάγετο

2165 2928 2397 3007 φρούρια
2452 2925 2738 3001 πολεμῶν,
2796 2930 2965 2982 ταῦτα
3029 2925 3104 2988 ὠς
3166 2925 3224 2980 ἐκ
3303 2924 3587 3004 φάρυγγος
3646 2922 3811 2979 λύκου

2165 3018 2376 3090 ποιμὴν
2407 3013 2573 3073 λοϐὸν
2606 3017 2816 3087 ἥπατος
2845 3018 3233 3090 προσαπαιτῶν
3293 3014 3384 3068 καὶ
3435 3009 3718 3087 λαμϐάνων
3744 3011 3802 3064 ἐκ

415 3111 511 3163 τοῦ
539 3110 650 3161 τῶν
687 3103 986 3178 ’Δρμενίων
1016 3105 1410 3178 κατάρχοντος⁶
1446 3101 1590 3160 ἀλλᾶ
1619 3107 1688 3176 τῇ
1721 3100 1925 3178 διπλόη
1954 3105 2045 3158 καὶ
2081 3104 2258 3180 ἀπάτῃ
2299 3111 2408 3161 τῶν
2443 3107 2627 3183 λόγων
2660 3107 2756 3162 τοῦ
2784 3105 3038 3181 Τορούση
3073 3102 3413 3182 φενακισθεὶς
3445 3101 3538 3158 καὶ
3567 3099 3804 3174 τῇαἱμυ-

411 3195 508 3267 λίᾳ
533 3197 643 3250 τῶν
675 3197 952 3263 συνθηκῶν
985 3191 1312 3255 άπαλυνθεῖς
1335 3195 1434 3262 τήν
1470 3191 1735 3263 διάνοιαν,
1765 3193 1835 3248 τὰ
1864 3193 2071 3269 χαλινὰ
2102 3195 2470 3270 μεταστρέψας
2503 3194 2582 3258 είς
2608 3192 2955 3270 Ἀντιόχειαν
2986 3193 3364 3269 παραγίνεται,
3411 3193 3512 3262 τὴν
3543 3197 3646 3260 τῆς
3677 3189 3812 3244 ἁπά-

409 3305 510 3355 σης
541 3282 742 3358 Συρίας
772 3280 1198 3356 προκαθημένην
1237 3279 1596 3338 καλλίπολιν.

475 3373 532 3428 2.
565 3373 708 3428 Dum
745 3387 874 3428 vero
913 3371 1074 3428 Tarsi
1127 3372 1351 3443 agebat,
1406 3370 1721 3426 Andronici
1773 3371 2054 3442 patruelis
2083 3377 2126 3446 α

404 3464 546 3534 fuga
575 3475 604 3517 e
637 3476 864 3518 carcere
894 3460 978 3517 illi
1028 3460 1368 3528 nuntiatur;
1421 3460 1594 3531 cujus
1623 3458 1709 3515 illi
1748 3477 1926 3517 causa
1963 3460 2056 3516 fu-

403 3555 573 3609 erant
603 3567 670 3607 ea
701 3568 826 3624 quas
859 3566 1039 3623 supra
1059 3551 1340 3617 diximus,
1373 3549 1473 3606 sed
1535 3553 1730 3607 tamen
1773 3549 1875 3606 illa
1905 3567 2054 3623 quo-

401 3658 516 3715 que
547 3640 1081 3706 incommodet-unt,
1109 3639 1266 3712 quod
1297 3638 1355 3694 in
1390 3639 1636 3696 dicendo
1665 3639 1810 3696 liber
1837 3644 1896 3696 et
1927 3639 2055 3696 viri-

401 3733 512 3789 bus
542 3735 827 3804 praastans
884 3734 941 3786 et
997 3729 1184 3786 forma
1241 3728 1422 3801 digna
1477 3729 1723 3802 imperio
1775 3731 2053 3802 przeditus

400 3836 702 3893 nunquam
737 3819 1002 3876 animum
1033 3818 1464 3875 submittebat:
1509 3835 1638 3891 quae
1696 3835 1789 3876 res
1847 3836 2054 3876 omnes

399 3908 852 3980 imperatoribus
884 3907 1044 3978 regni
1101 3907 1408 3962 amittendi
1466 3912 1620 3964 metu
1669 3916 1952 3981 suspectae
1995 3912 2054 3965 et

402 3998 660 4054 molesta
686 4013 814 4054 esse
839 4001 1285 4052 consueverunt.
1336 3997 1574 4068 Propter
1613 3999 1736 4054 haec
1784 3997 1960 4067 igitur
1999 4003 2056 4056 et

401 4085 669 4142 bellicam
706 4087 980 4141 virtutem
1015 4093 1064 4140 et
1099 4086 1328 4157 generis
1359 4085 1720 4141 nobilitatem
1776 4085 1935 4158 (nam
1965 4103 2056 4144 eo-

403 4177 536 4230 dem
568 4181 727 4245 patre
762 4173 960 4229 Alexio
988 4173 1246 4228 Joannes
1304 4173 1591 4230 Manueiis
1649 4181 1706 4230 et
1737 4176 2056 4234 Andronici

404 4267 571 4336 pater
616 4261 871 4319 lsaacius
917 4261 1346 4318 sebastoorator
1389 4263 1509 4318 nati
1563 4263 1748 4336 erant)
1809 4267 2058 4324 maxime

404 4351 824 4411 observabatur
853 4355 912 4408 et
943 4359 1250 4422 suspectus
1280 4351 1626 4410 habebatur.
1659 4355 1916 4411 Accessit
1946 4356 2059 4414 alia

402 4456 630 4515 quoque
664 4457 844 4498 causa
872 4456 977 4495 cur
999 4455 1032 4495 a
1058 4439 1320 4496 Manuele
1345 4439 1400 4494 in
1436 4441 1697 4496 custodia
1727 4441 2060 4499 haberetur.

405 4529 746 4604 Imperatori
778 4529 917 4586 huic
941 4534 1058 4586 tres
1084 4529 1244 4584 fuere
1273 4528 1502 4598 fratres,
1537 4529 1774 4586 Alexius
1831 4533 2056 4590 Andro-

403 4624 568 4680 nicus
598 4627 656 4678 et
687 4623 734 4677 is
764 4623 932 4692 cujus
963 4636 1112 4692 saepe
1171 4619 1323 4675 facta
1379 4625 1467 4673 est
1508 4620 1742 4686 mentio,
1778 4619 2056 4683 Isaacius.

406 4727 651 4782 quorum
711 4713 823 4766 duo
881 4709 1146 4765 obierunt
1199 4711 1363 4780 patre
1449 4707 1640 4763 adhuc
1725 4713 2058 4780 superstite.

407 4799 642 4854 Alexius
674 4815 852 4854 unam
886 4797 1120 4870 reliquit
1149 4797 1355 4868 tiliam,
1417 4797 1568 4852 I30
1628 4814 1805 4869 quam
1854 4800 2056 4856 matri-

409 4886 602 4942 monio
637 4887 968 4956 sibijunxit
1017 4886 1214 4957 magni
1262 4885 1560 4942 domestici
1620 4888 1858 4943 Joannis
1897 4889 2053 4946 ﬁlius

331 4971 335 4976 ’
413 4975 662 5043 Alexius,
693 4975 763 5030 de
791 4974 1004 5046 quibus
1043 4977 1222 5032 etiam
1269 4991 1444 5048 supra
1494 4975 1768 5033 diximus.
1833 4978 2052 5034 Andro-

411 5063 574 5120 nicus
605 5063 752 5118 ﬁlias
783 5055 898 5118 tres
928 5065 1203 5134 suscepit,
1263 5063 1523 5136 Mariam,
1577 5065 1941 5122 Theodoram
1995 5075 2050 5124 et

2237 3373 2309 3448 β’.
2341 3373 2498 3429 ’Όντι
2549 3369 2606 3428 δὲ
2660 3371 2796 3428 κατὰ
2825 3371 3036 3446 Ταρσὸν
3071 3375 3150 3443 τῷ
3185 3366 3404 3448 βασιλεῖ
3460 3369 3724 3438 Μανουήλ
3785 3368 3820 3437 ἡ

2165 3464 2264 3517 τοῦ
2318 3459 2612 3541 ἐξαδέλφου
2669 3457 3011 3536 ’Λνδρονίκου
3067 3459 3126 3515 ἐκ
3196 3465 3298 3528 τῆς
3359 3457 3616 3538 φυλακῆς
3676 3457 3822 3534 φυγὴ

2163 3549 2616 3627 καταγγέλλεται,
2672 3551 2741 3620 ἧς
2793 3551 2856 3605 τὸ
2915 3549 3090 3605 αἶ’τιον
3148 3549 3236 3603 καὶ
3326 3548 3424 3602 ὅσα
3486 3547 3584 3620 μὲν
3629 3545 3822 3620 ἐρῥέθη

2163 3637 2385 3710 ἄνωθεν,
2418 3638 2569 3696 οὐδὲν
2633 3638 2688 3695 δὲ
2717 3640 2880 3709 ἦττον
2939 3639 3000 3694 τὸ
3041 3637 3520 3714 ἑλευθεροστομεῖν
3585 3635 3668 3690 ἀεὶ
3729 3637 3822 3690 καὶ

2161 3731 2224 3787 τὸ
2253 3734 2320 3806 τῇ
2363 3731 2525 3806 ῥώμῃ
2555 3735 2664 3786 τῶν
2696 3729 2928 3786 πολλῶν
2990 3727 3263 3808 διαφέρειν
3321 3727 3407 3784 καὶ
3433 3729 3467 3797 ἡ
3500 3726 3558 3782 εὗ
3607 3719 3820 3802 ἔχουσα

2163 3817 2362 3878 πλάσις
2387 3823 2483 3874 τοῦ
2515 3817 2766 3892 σώματος
2815 3817 2934 3888 ἀξία
2965 3817 3100 3873 οὖσα
3152 3821 3424 3891 τυραννεῖν
3479 3815 3570 3870 καὶ
3621 3815 3687 3870 τὸ
3715 3818 3817 3870 τοῦ

2164 3909 2514 3986 φρονήματος
2545 3905 2936 3975 ἀταπείνωτον,
2995 3905 3030 3962 ἅ
3084 3903 3151 3977 δὴ
3214 3907 3388 3962 πάντα
3431 3903 3734 3982 πεφύκασιν
3771 3905 3822 3959 οἱ

2163 4001 2482 4074 κρατοῦντες
2540 3991 2868 4051 ὑποϐλέπειν
2925 3996 3018 4051 καὶ
3091 3995 3276 4066 κνίζον
3357 3991 3504 4070 ἔχειν
3565 3993 3657 4049 καὶ
3711 3989 3822 4056 ἕως

2164 4085 2386 4160 καρδίας
2425 4085 2592 4155 αὐτῆς
2625 4085 2906 4161 βάλλοντα
2955 4083 3043 4140 διὰ
3098 4086 3160 4140 τὸ
3223 4085 3344 4160 περὶ
3397 4085 3499 4153 τὴν
3534 4081 3822 4158 βασιλείαν

2165 4173 2430 4254 περιδεὲς.
2465 4177 2561 4232 Διὰ
2588 4181 2758 4232 ταῦτα
2786 4176 2990 4247 τοίνυν,
3024 4175 3169 4232 ἀλλᾶ
3227 4173 3292 4244 δὴ
3339 4174 3428 4229 καὶ
3481 4173 3544 4228 τὸ
3593 4171 3647 4228 ἐν
3711 4171 3823 4247 μά-

2166 4287 2296 4344 χαις
2337 4264 2566 4336 ἐνδέξιον
2617 4265 2706 4321 καὶ
2762 4267 2824 4321 τὸ
2875 4271 2971 4320 τοῦ
3027 4265 3213 4342 γένους
3268 4262 3535 4338 ἐπίσημον
3581 4261 3664 4336 (ἐκ
3713 4263 3820 4337 γάρ

2167 4360 2265 4412 τοῖ’)
2331 4357 2495 4412 αὑτοῦ
2545 4355 2750 4431 πατρὸς
2803 4358 2915 4430 (77)
2972 4353 3220 4428 Ἀλεξίου
3285 4357 3382 4409 τοῦ
3429 4357 3510 4424 τῷ
3551 4351 3822 4420 Μανουὴλ

2168 4445 2514 4520 προπάτορος
2546 4444 2576 4500 ὅ
2631 4466 2690 4500 τε
2753 4443 2950 4500 τούτου
2980 4445 3161 4518 πατὴρ
3195 4443 3222 4496 ὁ
3285 4437 3538 4518 βασιλεὺς
3563 4440 3824 4510 Ἰωάννης

2169 4533 2258 4588 καὶ
2315 4535 2343 4588 ὁ
2396 4537 2492 4590 τοῦ
2551 4531 2898 4606 Ἀνδρονίκου
2974 4535 3194 4609 γενέτης
3255 4533 3282 4587 ὁ
3365 4525 3818 4604 σεϐαστοκράτωρ

2169 4621 2515 4699 προήλθοσαν
2572 4623 2858 4696 ’Ῑσαάκιος)
2917 4616 3516 4698 ὀφθαλμοϐολοῦμενος
3598 4618 3668 4687 ἦν
3726 4617 3819 4672 καὶ

2168 4709 2411 4776 ὕποπτος
2443 4709 2704 4784 μάλιστα.
2747 4705 2954 4780 Συνέϐη
2989 4707 3046 4765 δέ
3081 4731 3134 4766 τι
3173 4709 3263 4764 καὶ
3291 4705 3472 4784 ἕτερον
3507 4704 3579 4762 δι’
3608 4705 3640 4762 ὅ
3687 4709 3824 4762 τοῦ·

2163 4821 2257 4856 τον
2285 4801 2335 4855 ἐν
2369 4804 2578 4878 φρουρᾷ
2607 4805 2852 4874 συνεῖχεν
2885 4799 2914 4854 ὁ
2955 4796 3245 4868 Μανουήλ,
3277 4801 3366 4871 Τῷ
3423 4795 3643 4872 βασιλεῖ
3695 4793 3826 4850 τοῦ-

2159 4911 2237 4962 τῳ
2263 4895 2410 4966 τρεῖς
2441 4890 2577 4959 ἦσαν
2608 4889 2930 4963 ὁμαίμονες,
2990 4887 3254 4959 Ἀλέξιος,
3323 4882 3662 4962 Ἀνδρόνικος
3726 4885 3817 4940 καῖ

2159 4981 2188 5035 ὁ
2220 4977 2498 5042 πολλάκις
2531 4977 2717 5054 ῥηθεὶς
2751 4978 3036 5041 Ἰσαάκιος.
3066 4975 3289 5035 Τούτων
3351 4976 3402 5030 o't
3461 4975 3557 5048 μὶν
3616 4972 3715 5028 δύο
3753 4973 3816 5028 τὸ

2159 5071 2256 5142 ζῇν
2321 5065 2666 5141 μετήλλαξαν
2721 5063 2798 5122 ἔτι
2855 5071 2974 5130 τοῖς
3034 5070 3164 5136 ζῶσι
3235 5061 3659 5139 κατειλεγμένου
3713 5067 3814 5119 τοῦ

1810 5185 1978 5248 Hier.
2026 5189 2240 5250 Wolfii
2268 5195 2456 5252 notae.

481 5294 594 5366 (77)
625 5291 719 5348 Ἐκ
748 5291 852 5365 γὰρ
883 5291 980 5343 τοῦ
1011 5287 1175 5342 αὐτοῦ
1205 5289 1427 5362 πατρός.
1460 5289 1715 5347 Eudocia
1744 5293 1914 5348 tertio
1943 5295 2120 5365 gradu

2166 5295 2345 5366 attigit
2379 5295 2794 5360 Andronicum,
2825 5294 2936 5352 hoc
2967 5295 3138 5351 modo
3166 5310 3180 5350 :

1327 5390 1830 5443 καί
1988 5394 2234 5450 Alexius
2395 5398 2890 5450 ω

1331 5461 1598 5542 Joannes
2007 5469 2209 5542 fratres
2533 5539 2540 5542 Α
2627 5467 2892 5542 _Isaa_cius

1333 5531 1710 5615 Andronicus
1965 5531 2246 5607 patrueles
2514 5538 2889 5615 Andronicus

1331 5602 1587 5662 Eudocia
1607 5602 2664 5655 ————-——-—--—-———-—~—~—-———-
2697 5609 2892 5666 incesti
