4140 6290
278 384 383 446 ιιι

1361 381 1462 442 DE
1511 378 1886 444 MANUELE
1932 378 2308 447 COMNENO
2344 383 2497 447 LIB.
2543 386 2650 447 III.

3587 346 3703 447 44s

293 518 493 593 πατρὸς
524 514 714 580 αὐτοῖς
745 514 836 571 καὶ
897 512 1167 592 βασιλέως
1198 512 1452 573 Ἰωάννου
1504 519 1600 569 τοῦ
1637 515 1942 587 Κομνηνοῦ,

2060 516 2373 575 Eudociam
2410 538 2425 584 ς
2456 523 2513 576 et
2571 520 2723 579 ﬁlios
2773 523 2943 594 duos,
2998 522 3280 578 Joannem
3328 525 3384 579 et
3422 522 3704 582 Alexium.

305 607 523 664 ἐσάλευε
560 604 617 661 δὲ
647 605 750 668 τὰς
788 611 887 661 τοῦ
936 605 1125 681 γένους
1184 602 1448 684 διαδοχὰς
1498 605 1524 658 ὁ
1556 604 1652 677 μὲν
1708 601 1955 671 ’Δλέξιος

311 697 396 753 ἐπὶ
430 701 519 770 μιᾷ
558 695 811 770 θυγατρὶ,
846 695 912 765 ἣν
958 696 1048 749 καὶ
1108 693 1183 756 εἷς
1222 695 1464 769 γαμετὴν
1493 697 1721 769 γυναῖκα
1775 691 1959 765 ἡρμό-

311 807 433 841 σατο
462 787 489 840 ὁ
517 782 614 840 τοῦ
652 784 894 860 μεγάλου
955 782 1280 857 δομεστίκου
1340 782 1590 838 Ἰωάννου
1623 781 1739 841 υἱὸς
1798 778 1955 835 Ἀλέ-

307 876 438 946 ξιος,
469 876 544 928 ὧν
585 874 711 948 πέρι
742 874 830 927 καὶ
866 872 1104 934 εἰπόντες
1142 869 1402 949 ἔφθημεν·
1464 875 1543 943 τῷ
1573 868 1620 924 δ’
1678 867 1956 943 Ἀνδρονί-

295 985 373 1036 κῳ
430 963 715 1037 θυγατέρες
791 961 1131 1038 ἐγεγόνεισαν
1184 966 1351 1037 τρεῖς,
1438 958 1645 1033 Μαρία,
1704 955 1956 1032 Θεοδώρα

289 1053 377 1107 καὶ
411 1051 673 1117 Εὐδοκία,
707 1051 798 1105 καὶ
830 1052 937 1105 υἱοὶ
995 1048 1114 1119 δύο,
1177 1050 1425 1120 Ἰωάννης
1454 1070 1511 1104 τε
1564 1045 1654 1101 καὶ
1687 1045 1954 1120 Ἀλέξιος,

285 1145 409 1200 Τῶν
459 1141 703 1212 θηλειῶν
763 1140 946 1196 τοίνυν
1000 1142 1034 1210 ἡ
1095 1137 1327 1197 Εῦδοκία
1380 1142 1472 1195 τὸν
1530 1136 1592 1191 ἐκ
1660 1142 1953 1214 παρθενίας

290 1230 590 1307 ὀμευνέτην
648 1224 1007 1285 ἀποϐαλοῦσα
1059 1230 1272 1302 θανάτῳ
1330 1230 1563 1293 ἀνοσίως
1616 1227 1954 1305 Ἀνδρονίκῳ

288 1322 623 1397 συνήρχετο,
666 1318 729 1373 οὗ
762 1313 1027 1393 κρύϐδην,
1058 1316 1189 1373 ἀλλ’
1220 1316 1432 1390 ἀνέδην.
1470 1320 1566 1376 Καὶ
1596 1326 1712 1383 τοῖς
1769 1322 1949 1375 ἐπιτι-

291 1416 470 1486 μῶσιν
529 1406 857 1482 Ἀνδρονίκῳ
909 1404 998 1462 διὰ
1050 1408 1112 1462 τὸ
1197 1410 1295 1476 τῆς
1352 1409 1639 1471 συνουσίας
1692 1406 1952 1481 ἀθέμιτον

286 1503 372 1576 [Ρ.
407 1502 501 1574 69]
553 1501 588 1569 ἡ
639 1499 728 1575 ἀφ’
777 1498 954 1558 ἑστίας
997 1497 1231 1571 μίμησις
1272 1498 1570 1574 πρόχειρος
1637 1499 1712 1560 εἷς
1742 1498 1953 1553 ἀπόλο-

295 1611 395 1666 γον
433 1589 520 1658 ἦν,
582 1588 668 1642 καὶ
729 1588 1210 1664 χαριεντιζόμενος
1259 1586 1614 1664 ἀνθυπέφερεν
1666 1589 1741 1648 ὡς
1793 1585 1949 1666 φιλεῖ

288 1679 351 1734 τὸ
384 1677 700 1753 ἀρχόμενον
729 1675 1105 1747 ἐξομοιοῦσθαι
1164 1681 1244 1747 τῷ
1292 1675 1517 1752 ἅργοντι
1571 1677 1658 1731 καὶ
1729 1678 1794 1732 τὰ
1850 1682 1950 1744 τῆς

287 1768 462 1836 αὐτῆς
524 1767 861 1839 ὁμοστοιχεῖ
916 1765 1007 1818 καὶ
1063 1761 1275 1835 συνᾴδει
1333 1786 1450 1826 πως
1506 1766 1820 1841 κεραμείας,
1873 1764 1948 1825 εἷς

2064 605 2340 674 Eudocia,
2402 609 2672 665 defuncto
2728 611 2955 679 marito,
3006 610 3227 667 nefaria
3281 613 3705 669 consuetudine

2063 695 2379 752 Andronici
2404 714 2516 753 non
2550 698 2693 754 clam
2720 700 2816 754 sed
2834 699 3025 770 palam
3060 716 3165 755 usa
3199 707 3304 755 est.
3337 701 3706 757 Andronicus

2062 800 2195 840 vero
2223 786 2453 856 quoties
2485 789 2556 843 ob
2602 789 2889 844 incestum
2949 789 3503 861 reprehendebatur,
3553 792 3705 848 hanc

2064 876 2463 933 defensionem
2486 895 2587 949 per
2609 880 2808 949 jocum
2844 879 2900 934 in
2935 884 3205 951 promptu
3239 879 3705 949 habebat,solere

2063 964 2331 1021 subditos
2365 967 2697 1039 principum
2759 985 2950 1023 mores
3002 968 3242 1036 imitari,
3276 975 3331 1024 et
3382 986 3593 1042 aquam
3636 989 3705 1027 ex

2061 1054 2259 1108 eodem
2304 1055 2461 1111 fonte
2513 1057 2750 1127 petitam
2812 1059 3083 1113 eumdem
3141 1074 3404 1129 saporem
3466 1060 3702 1116 referre.

2060 1141 2282 1205 Quibus
2308 1144 2496 1199 verbis
2527 1144 2932 1216 imperatorem
2968 1145 3293 1201 Manuelem
3354 1148 3706 1219 perstringe-

2060 1229 2156 1285 ιγιῐ
2186 1236 2251 1285 ut
2308 1232 2517 1287 iisdem
2576 1239 2676 1288 aut
2734 1235 2905 1290 etiam
2960 1234 3346 1290 deterioribus
3398 1236 3703 1292 affectibus

2061 1322 2400 1391 obnoxium,
2433 1324 2532 1394 qui
2564 1341 2694 1378 cum
2729 1325 2925 1380 fratris
2960 1324 3075 1379 ﬁlia
3107 1341 3226 1380 rem
3278 1324 3536 1393 haberet,
3569 1342 3701 1380 cum

2058 1409 2183 1481 ipse
2214 1410 2493 1482 patruelis
2525 1412 2803 1469 duntaxat
2855 1413 3033 1469 filiam
3095 1414 3595 1485 complecteretur.
3654 1414 3699 1469 li

2059 1499 2210 1553 sales
2246 1516 2348 1554 nec
2382 1502 2629 1556 Manueli
2664 1503 2967 1573 placebant
3002 1507 3057 1557 et
3098 1502 3359 1557 mulieris
3419 1508 3696 1573 cognatos

2059 1587 2251 1643 furore
2282 1590 2536 1660 quodam
2590 1597 2792 1646 contra
2848 1591 3241 1646 Andronicum
3287 1592 3699 1660 incendebant,

2056 1675 2342 1733 Joannem
2371 1679 2425 1732 in
2462 1679 2667 1748 primis
2699 1679 2963 1735 Eudocire
3014 1681 3273 1747 fratrem,
3307 1680 3406 1751 qui
3442 1686 3700 1750 protose-

2059 1765 2207 1821 basti
2238 1773 2294 1821 et
2325 1768 2749 1839 protovestiarii
2782 1769 3124 1841 dignitatem
3171 1769 3486 1823 obtinebat.
3520 1770 3700 1824 Joan-

286 1859 380 1914 τὸν
431 1854 728 1933 ἐξάδελφον
783 1853 1164 1910 ἀποσκώπτων
1220 1859 1388 1910 ταῦτα
1445 1855 1534 1910 καὶ
1577 1855 1805 1931 βασιλέα
1853 1856 1946 1911 τὸν

2060 1871 2189 1910 nem
2220 1859 2357 1911 item
2391 1860 2879 1924 Cantacuzenum,
2914 1859 3014 1928 qui
3073 1873 3329 1912 sororem
3383 1856 3541 1912 illius
3574 1863 3700 1914 Ma-

287 1945 554 2015 Μανουὴλ
615 1946 691 2007 ὡς
755 1943 1145 2018 ὁμοιοπαθέσιν
1207 1944 1591 2001 ὑποκόπτοντα
1634 1948 1853 2001 πάθεσιν
1911 1945 1947 2015 ἢ

2060 1947 2204 2001 riam
2239 1946 2297 2002 in
2332 1947 2701 2003 matrimonio
2729 1947 2999 2003 habebat.
3053 1946 3257 2018 Itaque
3311 1952 3509 2018 aperta
3564 1947 3619 2002 vi
3646 1952 3703 2003 et

284 2040 407 2112 γοῦν
442 2036 535 2090 καὶ
571 2034 821 2110 χείροσιν
856 2033 1242 2107 ἁλισκόμενον,
1279 2034 1431 2110 ε’ἰπερ
1490 2037 1518 2090 ὁ
1562 2035 1658 2107 μὲν
1718 2032 1951 2110 ἀδελφοῦ

2060 2036 2302 2092 occultis
2342 2037 2570 2093 insidiis
2605 2038 2973 2093 Andronicus
3028 2038 3229 2092 crebro
3272 2036 3701 2108 appetebatur;

284 2126 506 2203 θυγατρὶ
538 2123 908 2194 συνουσίαζεν,
952 2124 979 2177 ὁ
1014 2121 1058 2178 δ’
1101 2121 1445 2197 Ἀνδρόνικος
1473 2121 1770 2203 ἐξαδέλφου
1798 2122 1951 2192 παιδὶ

2061 2142 2206 2197 quas
2237 2131 2301 2181 ut
2330 2143 2548 2183 araneae
2578 2126 2730 2196 telas.
2757 2135 2805 2182 et
2839 2143 3151 2199 puerorum
3184 2126 3409 2182 ludicra
3436 2125 3494 2180 in
3528 2142 3705 2182 arena

283 2216 687 2292 συγκατέκειτα
750 2214 828 2271 Τὸ
878 2217 1011 2288 γοῦν
1059 2216 1311 2267 τοιοῦτον
1371 2208 1493 2268 οὔτε
1550 2214 1629 2285 τῷ
1690 2211 1951 2282 Μανουῆλ

2060 2215 2226 2272 facile
2257 2216 2602 2289 dissipabat,
2635 2233 2766 2272 cum
2796 2215 3135 2272 fortitudine
3165 2232 3273 2271 sua
3304 2216 3509 2285 fretus,
3545 2217 3696 2272 131

285 2303 480 2374 ἥνδανε
510 2304 601 2357 καὶ
662 2300 793 2363 τοὺς
846 2301 906 2356 ἐκ
961 2302 1145 2377 γένους
1203 2308 1303 2371 τῆς
1362 2302 1621 2377 γυναικὸς
1680 2302 1951 2376 μαίνεσθαι

2061 2310 2182 2361 tum
2215 2306 2445 2375 ingenio
2474 2306 2645 2379 longe
2672 2306 2937 2378 superior
2967 2304 3336 2373 adversariis,
3364 2308 3429 2361 ut
3461 2322 3575 2377 pres
3607 2304 3705 2363 illo

287 2392 456 2449 ἐποίει
496 2393 612 2447 κατ’
649 2389 1005 2465 Ἀνδρονίκου
1038 2389 1127 2444 καὶ
1180 2387 1519 2463 διαπρίεσθαι
1574 2390 1840 2470 ἀτεχνῶς,
1901 2390 1951 2444 ἐν

2062 2395 2245 2450 bruta;
2279 2395 2531 2466 pecudes
2561 2395 2761 2451 haberi
2796 2399 3033 2466 possent
3066 2412 3080 2463 ;
3140 2411 3356 2467 eosque
3387 2411 3539 2467 saepe
3586 2395 3703 2451 vim

291 2480 385 2536 τοῦ
426 2480 686 2541 πλείονος
718 2476 775 2533 δὲ
807 2479 900 2533 τὸν
968 2485 1067 2548 τῆς
1116 2475 1386 2540 Εὐδοκίας
1445 2479 1723 2553 ὁμαίμονα
1777 2480 1951 2534 Ἰωάν.

2060 2483 2375 2539 inferentes
2395 2485 2794 2555 propulsabat,
2820 2483 3079 2555 pericula
3101 2482 3200 2537 illa
3222 2483 3486 2539 Eudociae
3510 2500 3710 2541 amore

295 2591 420 2637 νην,
450 2571 509 2631 ὃς
543 2572 611 2641 τῇ
658 2572 762 2623 τοῦ
821 2562 1280 2641 πρωτοσεϐαστοῦ
1339 2567 1425 2621 καὶ
1459 2563 1951 2642 πρωτοϐεστιαρίοι

2063 2573 2290 2627 abunde
2321 2576 2559 2643 pensata
2592 2578 2770 2628 ratus.
2832 2572 3053 2628 Accidit
3103 2577 3299 2627 autem
3358 2578 3423 2626 ut
3471 2589 3603 2627 cum
3637 2574 3710 2629 ad

306 2653 607 2730 ἓκυδροῦτο
636 2660 797 2730 τιμῇ,
834 2656 923 2710 καὶ
952 2657 1047 2711 τὸν
1106 2655 1190 2710 ἐπ’
1222 2654 1433 2735 ἀδελφῇ
1465 2655 1533 2730 τῇ
1569 2656 1754 2731 Μαρίᾳ
1785 2655 1951 2709 ὡσαύ·

2065 2659 2437 2730 Pelagoniam
2473 2660 2529 2714 in
2560 2660 2854 2716 taberculo
2886 2659 3149 2715 mulieris
3206 2659 3570 2728 amplexibus
3629 2661 3712 2715 in-

305 2763 424 2805 τως
466 2740 707 2818 γαμϐρὸν
758 2746 849 2800 τὸν
912 2746 1357 2815 Καντακουζηνὸν
1414 2745 1696 2813 Ἰωάννην.
1742 2743 1938 2801 Πολλα

2063 2748 2347 2820 dulgeret,
2399 2748 2662 2803 Eudociae
2714 2749 2944 2819 cognati
3003 2763 3137 2803 cum
3200 2746 3402 2801 multis
3469 2749 3711 2802 armatis

2061 2837 2189 2906 ejus
2220 2836 2434 2892 exitum
2464 2837 2841 2892 observarent
2873 2837 2941 2891 ad
2975 2836 3186 2890 caedem
3221 2835 3407 2906 parati
3442 2852 3454 2889 :
3507 2836 3606 2891 sed
3641 2851 3710 2891 ea.

2062 2942 2152 2981 res
2173 2926 2485 2981 Eudociam
2512 2942 2625 2981 non
2651 2924 2853 2981 fefellit
2878 2941 3208 2997 quanquam
3240 2923 3369 2978 aliis
3402 2925 3706 2995 cogitatio-

2064 3015 2237 3071 nibus
2269 3016 2574 3083 intentam,
2608 3015 2728 3070 sive
2758 3032 2790 3070 a
2820 3020 3199 3086 cognatorum
3232 3014 3428 3085 aliquo
3466 3015 3709 3086 monita,

2063 3104 2183 3160 sive
2213 3104 2325 3160 alia
2355 3106 2580 3160 ratione
2615 3105 2862 3160 insidias
2893 3105 3132 3160 odorata
3166 3104 3356 3170 fuerit,
3406 3104 3623 3176 quippe
3654 3112 3710 3159 et

2063 3195 2190 3266 ipsa
2224 3194 2342 3250 acri
2369 3194 2602 3265 ingenio
2626 3197 2681 3249 et
2713 3193 2846 3266 plus
2879 3209 3053 3265 quam
3087 3193 3359 3249 muliebri
3399 3193 3713 3264 prudentia

322 2834 425 2907 μὲν
460 2832 577 2901 οῦν,
618 2832 688 2896 ὡς
716 2834 873 2905 εἰκὸς,
925 2829 1217 2890 ἐπιϐουλαὶ
1275 2835 1411 2890 κατά
1458 2838 1556 2888 τοῦ
1613 2831 1964 2910 ’Δνδρονίκου

312 2923 374 2978 αἱ
427 2922 528 2994 μὲν
588 2919 870 2999 ἐνδόμυχοι
927 2923 1065 2992 ἦσαν
1114 2922 1206 2977 καὶ
1247 2924 1455 2978 σκότιοι
1485 2923 1867 2998 τυρευόμεναι,
1907 2930 1962 2983 αἱ

298 3010 359 3068 δὲ
388 3014 477 3067 καί
527 3009 818 3086 προδήλως
874 3010 1327 3085 τολυπευόμεναι·
1374 3011 1520 3067 ἀλλὰ
1589 3010 1771 3067 διέλυε
1827 3011 1963 3065 ταῦ·

279 3123 384 3167 τας
416 3103 495 3163 ὡς
531 3101 675 3157 ἰστὸν
706 3102 960 3177 ἀράχνης
1013 3097 1395 3175 Ἀνδρόνικος,
1463 3102 1553 3155 καὶ
1612 3102 1687 3163 ὡς
1724 3097 1965 3156 παιδίων

277 3194 367 3249 ἐπὶ
435 3192 673 3266 ψάμμου
729 3192 1018 3266 ἀθύρματα
1075 3188 1431 3261 διεσκέδαζεν,
1514 3188 1701 3263 ἀνδρίᾳ
1752 3210 1809 3243 τε
1875 3190 1947 3261 τῇ

277 3282 513 3361 σφετέρᾳ
541 3279 769 3341 πίσυνος
799 3278 874 3334 ὤν
918 3280 1007 3333 καὶ
1067 3280 1207 3334 κατὰ
1263 3279 1472 3334 σύνεσιν
1538 3283 1646 3334 τῶν
1691 3278 1943 3333 ἐναντίων

281 3371 605 3447 ὑπερφέρων
646 3367 794 3423 πολὺ
823 3369 915 3422 καὶ
967 3368 1092 3423 ’ὀσον
1153 3369 1208 3422 αἱ
1266 3367 1460 3443 ἂλογοι
1495 3369 1681 3445 φύσεις
1710 3374 1820 3424 τῶν
1853 3366 1945 3422 λο-

281 3465 454 3536 γικῶν
509 3462 796 3529 ἣττηνται,
858 3454 997 3512 ὥστε
1051 3457 1141 3512 καὶ
1201 3453 1413 3532 συμϐὰν
1472 3457 1615 3513 οὕτω
1670 3456 1942 3519 πολλάκις

282 3548 657 3625 προπλακείς
690 3546 954 3621 ἐτρέψατο
981 3546 1236 3615 τούτους,
1287 3548 1356 3601 τὰ
1411 3546 1609 3624 φίλτρα
1664 3550 1762 3616 τῆς
1836 3545 1944 3603 Εὖ-

291 3637 476 3701 δοκῖας
505 3638 667 3715 γέρας
714 3637 1031 3712 ἀρνύμενος.
1099 3638 1198 3693 Ἠν
1255 3632 1300 3691 δ’
1342 3636 1432 3691 ὅτε
1483 3636 1573 3691 καὶ
1621 3637 1785 3697 αὐτὸς
1848 3636 1943 3708 μὶν

296 3726 386 3782 ἐπὶ
418 3735 618 3799 σκηνῆς
649 3731 721 3801 τῇ
754 3726 971 3800 γυναικὶ
1027 3725 1162 3780 κατὰ
1228 3725 1563 3803 Πελαγονίαν
1627 3726 1944 3780 συνεπλέκε-

2060 3284 2350 3339 instructa
2374 3304 2388 3354 ;
2409 3283 2657 3339 insidias
2680 3283 2862 3355 igitur
2880 3283 3186 3339 accubanti
3214 3283 3541 3339 Andronico
3567 3282 3716 3337 indi-

2055 3372 2228 3428 dicat.
2261 3374 2383 3437 Quo
2430 3373 2605 3428 verbo
2663 3371 2760 3426 ille
2820 3372 3104 3427 excitatus
3156 3388 3187 3426 e
3232 3371 3379 3427 lecto
3406 3370 3621 3441 exsilit,
3657 3375 3715 3427 et

2055 3462 2347 3533 praelongo
2371 3461 2666 3517 accinctus
2700 3461 2896 3533 gladio
2919 3461 3055 3532 quid
3105 3462 3396 3532 agendum
3432 3465 3586 3516 esset
3616 3461 3721 3516 de-

2055 3536 2288 3620 liberat.
2322 3551 2532 3606 Mulier
2557 3567 2689 3605 vero
2731 3550 2896 3604 illum
2929 3553 3213 3604 monetut
3260 3549 3532 3604 muliebri
3558 3556 3716 3605 veste

2053 3626 2319 3710 lndutus,
2353 3641 2532 3696 simul
2558 3656 2625 3696 ac
2655 3640 2785 3711 ipsa
2818 3638 3241 3695 cubicularium
3277 3639 3433 3693 clara
3456 3654 3615 3706 voce,
3651 3644 3717 3695 ut

2055 3730 2128 3784 ab
2158 3729 2604 3785 insidiatoribus
2637 3729 2811 3784 etiam
2841 3730 3136 3796 audiatur,
3168 3727 3468 3782 lucernam
3500 3728 3714 3783 inferre

296 3838 379 3885 το,
414 3817 463 3871 οἱ
489 3814 545 3872 δὲ
574 3816 698 3880 καθ’
730 3816 875 3888 αἷμα
926 3819 998 3888 τῇ
1057 3811 1294 3886 Εὐδοκίᾳ
1344 3817 1733 3890 προσήκοντες,
1789 3835 1946 3890 περι-

2060 3805 2317 3887 Iusserit,
2352 3818 2548 3873 statim
2584 3817 2732 3872 clam
2768 3817 3120 3889 egrediatur.
3153 3816 3262 3872 Sed
3297 3817 3351 3871 id
3399 3815 3712 3872 consilium

291 3912 506 3969 στάντες
550 3907 654 3975 τὴν
682 3906 891 3975 σκηνὴν
922 3903 998 3965 ὡς
1055 3908 1218 3958 τοῦτο
1277 3901 1530 3978 ἔγνωσαν,
1566 3905 1699 3979 μετὰ
1731 3910 1943 3979 συχνῶν

283 3994 621 4075 ὁπλοφόρων
655 3993 888 4068 ἐτήρουν
919 3994 1020 4062 τὴν
1054 3990 1236 4062 ἔξοδον
1271 3994 1345 4056 ὡς
1377 3993 1573 4049 αὐτίκα
1622 3993 1770 4066 μάλα
1824 3997 1947 4047 τοῦ-

282 4106 378 4141 τον
411 4081 903 4159 διαχειρισόμενοι.
942 4080 1098 4138 Ἀλλ’
1146 4082 1247 4136 οὐκ
1276 4079 1433 4137 ἔλαθε
1458 4087 1625 4137 ταῦτα
1670 4084 1770 4152 τὴν
1839 4085 1946 4139 Εῦο

283 4172 502 4240 δοκίαν,
566 4172 762 4245 καίπερ
822 4169 905 4248 ἐφ’
957 4168 1160 4245 ἑτέροις
1215 4171 1306 4225 τὸν
1364 4175 1485 4226 νοῦν
1532 4165 1784 4246 ἔχουσαν,
1842 4169 1949 4225 εἴτε

286 4260 679 4339 διαγγελθέντα
737 4258 884 4333 παρά
927 4278 1024 4313 του
1088 4264 1196 4313 τῶν
1255 4257 1315 4313 ἐκ
1371 4263 1469 4314 τοῦ
1515 4260 1702 4334 γένους
1751 4259 1947 4333 ἐκείνῃ,

283 4352 389 4417 εἴθ’
430 4352 628 4425 ἑτέρως
658 4349 754 4404 τὸν
785 4348 923 4402 κατὰ
951 4352 1050 4403 τοῦ
1090 4347 1332 4424 φθορέως
1384 4348 1552 4417 αὐτῆς
1609 4347 1781 4422 λόχον
1813 4368 1949 4423 γνω-

284 4442 507 4518 ρίσασα·
541 4441 607 4507 ἦν
636 4437 743 4513 γὰρ
801 4435 1020 4510 κάκείνῃ
1084 4433 1408 4512 δραστήριον
1459 4437 1521 4492 τὸ
1569 4443 1807 4515 φρονεῖν,
1864 4436 1952 4491 οὐ-

286 4534 490 4605 μενοῦν
529 4528 669 4583 κατά
710 4529 969 4602 γυναῖκας
1008 4523 1321 4600 πλουτοόοῃ
1375 4526 1473 4594 τήν
1534 4526 1762 4582 σύνεσιν.
1825 4536 1949 4581 Δια-

2055 3911 2179 3965 viro
2209 3910 2339 3964 forti
2365 3925 2478 3964 non
2503 3908 2783 3980 placebat,
2822 3923 2893 3962 ne
2944 3912 3150 3979 captus
3190 3906 3531 3962 deformiter
3556 3907 3711 3961 133

2059 4001 2127 4055 ad
2172 4001 2577 4071 imperatorem
2636 3995 2845 4067 capillo
2894 3995 3225 4050 traheretur
3302 3996 3606 4060 metuenti,
3655 4000 3714 4051 et

2062 4090 2403 4145 muliebrem
2437 4104 2503 4141 ac
2536 4096 2761 4156 turpem
2788 4091 3033 4141 mortem
3060 4084 3712 4157 reformidanti.1taque

2059 4178 2351 4251 praelongo
2379 4191 2518 4230 ense
2543 4178 2790 4246 arrepto.
2817 4180 2872 4229 et
2896 4175 3275 4230 tabernaculo
3307 4173 3544 4246 obliquo
3589 4174 3709 4230 ictu

2066 4268 2559 4337 dissecto,szepem
2596 4281 2722 4336 quae
2756 4264 2897 4319 forte
2928 4267 3060 4318 ante
3094 4264 3147 4318 id
3197 4269 3340 4332 erat,
3373 4279 3545 4319 omne
3574 4280 3712 4337 spa-

2050 4346 2201 4413 tiium
2229 4357 2381 4429 quod
2413 4359 2604 4410 vectes
2637 4358 2695 4408 et
2727 4355 2893 4407 funes
2926 4354 3314 4424 occupabant,
3335 4369 3459 4407 uno
3493 4353 3715 4425 ingenti

2059 4447 2208 4502 saltu
2240 4444 2523 4510 transilit;
2550 4459 2664 4514 quo
2708 4442 3082 4497 insidiatores
3139 4440 3525 4512 obstupefacti
3558 4441 3714 4497 illius

2068 4535 2341 4607 effugium
2367 4530 2936 4588 admirabanturllis
2960 4530 3134 4584 rebus
3163 4529 3389 4584 Manuel
3419 4531 3708 4585 turbatus.

280 4625 449 4697 σαφεῖ
498 4617 680 4673 τοίνυν
761 4619 844 4686 τῷ
925 4611 1261 4688 Ἀνδρονίκῳ
1321 4617 1794 4692 συγκατακειμένῳ
1858 4623 1951 4714 τῆἻ

2069 4627 2125 4678 et
2151 4606 2369 4678 crebris
2400 4619 2712 4676 calumniis
2744 4620 2814 4674 ab
2858 4635 3054 4673 amore
3115 4616 3419 4672 Andronici
3470 4632 3708 4672 aversus

276 4703 612 4777 ἐπιϐουλήν,
644 4706 709 4763 Ὀ
771 4701 830 4759 δὶ
858 4700 1206 4776 διαθροηθείς
1265 4702 1352 4759 ἐπὶ
1412 4702 1554 4776 τῷδε
1610 4708 1690 4777 τῷ
1747 4700 1951 4787 ῥήματς

2073 4712 2351 4785 paulatim
2383 4710 2624 4765 erimina
2685 4708 2783 4764 illa
2841 4723 2971 4764 vera
3023 4706 3462 4763 arbitrabatur:
3524 4721 3709 4775 neque

276 4792 569 4871 ἐξανέθορέ
626 4814 687 4850 τε
757 4792 950 4847 αὐτίκα
1007 4799 1108 4862 τῆς
1160 4791 1375 4865 κλίνης,
1407 4795 1496 4849 καὶ
1554 4796 1655 4864 τὴν
1708 4793 1951 4874 ἐπιμήκη

2072 4800 2229 4855 enim
2263 4801 2477 4854 famam
2500 4799 2740 4854 omnino
2770 4813 2898 4852 esse
2929 4795 3310 4868 irritam,quae
3342 4794 3478 4850 talia
3507 4795 3576 4850 de
3608 4794 3709 4850 illo

282 4887 705 4960 διαζωσάμενος
743 4884 1030 4958 μάχαιραν
1064 4880 1405 4939 διεσκοπεῖτο
1460 4885 1525 4939 τὸ
1580 4885 1865 4955 ποιητέον.
1898 4886 1951 4940 ἹΙ

2072 4892 2388 4960 spargeret.
2424 4891 2509 4941 Ita
2540 4886 2685 4940 nihil
2719 4886 2890 4941 habet
2922 4890 3128 4940 natura
3187 4885 3447 4939 humana
3476 4883 3712 4940 calum-

287 4980 392 5054 μὶν
426 4978 523 5032 οὖν
577 4972 827 5030 ὑπετίθει
873 4975 952 5043 τῷ
1018 4971 1276 5046 ἐρωμένῳ
1326 4974 1634 5049 γυναικείαν
1699 4971 1951 5029 ὑποδῦνα¹

2072 4977 2312 5032 niatrice
2333 4974 2535 5047 lingua
2552 4975 2807 5031 deterius
2824 4994 2839 5043 ;
2856 4990 3028 5047 quam
3050 4972 3539 5046 Psalmograpbus
3554 4972 3713 5029 haud

281 5065 521 5137 στολὴν,
551 5063 651 5118 κάν
679 5065 762 5133 τῷ
817 5058 1064 5130 ἐπιτάξαι
1120 5060 1290 5131 αὐτήν
1325 5082 1429 5117 τινι
1487 5066 1595 5117 τῶν
1652 5061 1951 5138 προκοίτων

2071 5065 2363 5122 immerito
2394 5064 2598 5120 multis
2627 5064 2683 5117 in
2717 5063 2857 5119 locis
2912 5064 3253 5128 detestatur,
3311 5064 3382 5117 ab
3432 5077 3612 5133 eaque
3653 5079 3715 5118 se

277 5157 382 5212 καὶ
459 5152 899 5225 κατευναστριῶν
955 5153 1225 5225 γυναιγῶν
1285 5147 1589 5225 λαμπτῆρα
1646 5150 1951 5225 εἷ’σενεγκεῖν

2071 5155 2300 5210 liberari
2332 5158 2511 5225 Optat.
2543 5152 2772 5208 Manuel
2813 5151 2990 5224 igitur
3048 5157 3426 5224 cognatorum
3470 5150 3740 5205 vocibus-

280 5251 358 5320 τῇ
416 5244 619 5315 σκηνῇ,
675 5238 815 5313 πρὸς
864 5233 1045 5311 ὄνομα
1101 5237 1423 5309 καλέσασαν,
1510 5241 1599 5295 καὶ
1658 5239 1831 5303 οὕτως
1886 5240 1951 5304 εἴς

2071 5251 2346 5315 tanquam
2375 5240 2641 5297 cassibus
2663 5240 2947 5305 irretitus,
2984 5239 3186 5295 nolens
3201 5240 3399 5296 volens
3420 5239 3714 5293 Androni-

277 5334 612 5406 ἐξάκουστον
644 5328 723 5388 ὡς
753 5331 871 5387 τοῖς
903 5324 1186 5401 ἐλλοχῶσι
1216 5328 1315 5395 τήν
1357 5330 1560 5401 ταύτης
1614 5327 1951 5403 ἐνηχηθῆναε

2068 5348 2201 5388 cum
2234 5333 2292 5388 in
2323 5331 2647 5386 custodiam
2681 5330 2780 5384 dat
2811 5329 3003 5384 feireis
3028 5329 3410 5402 compelibus
3440 5327 3715 5383 firmissi-

282 5425 494 5502 φωνήν,
529 5416 737 5477 εὒθέως
767 5412 998 5502 ἐξελθεῖν
1030 5415 1120 5469 καὶ
1161 5415 1368 5473 λαϐεῖν.
1421 5418 1514 5489 Τῷ
1582 5414 1638 5472 δὲ
1685 5418 1787 5472 οὐκ
1835 5417 1961 5491 ἤρε’

285 5500 411 5571 σκεν
446 5514 482 5582 ἠ
514 5505 882 5583 παραίφασις,
914 5500 1291 5577 ἒκτρεπομένῳ
1340 5504 1433 5578 μὶν
1488 5506 1577 5560 γαὶ
1629 5507 1690 5561 τὸ
1751 5503 1959 5561 ἁλῶναι

279 5604 425 5661 κάπὶ
479 5601 578 5655 τὸν
634 5590 872 5670 βασιλέα
922 5589 1300 5664 ἐπισπώμενον
1355 5600 1458 5663 τῆς
1503 5593 1682 5668 κόμης
1740 5590 1958 5669 ἇίγεσθαι

282 5695 554 5771 ἀγεννῶς,
588 5682 686 5740 καὶ
722 5680 948 5745 θάνατον
979 5677 1037 5735 δὶ
1061 5677 1168 5755 οὔχ
1196 5683 1358 5751 ἧττον
1392 5684 1729 5762 ὑφορωμένῳ
1749 5682 1841 5739 τὸν
1862 5705 1955 5762 γυ.

2069 5421 2182 5476 mis
2208 5422 2464 5476 vinctum
2500 5435 2514 5487 ;
2548 5418 2604 5473 in
2667 5434 2784 5490 qua
2839 5434 2968 5473 cum
3031 5416 3201 5488 longo
3268 5422 3525 5487 tempore
3559 5415 3711 5471 male

2069 5513 2437 5573 tractaretur,
2468 5506 2642 5562 homo
2676 5508 2867 5562 audax
2923 5509 2981 5562 et
3037 5505 3097 5560 in
3141 5505 3313 5560 rebus
3345 5500 3709 5559 difﬁcillimis

2069 5598 2405 5666 ingeniosus
2430 5595 2843 5649 animadvertit
2886 5594 2942 5647 in
3003 5593 3145 5646 turri
3209 5592 3355 5646 I39
3389 5590 3487 5644 illa
3516 5587 3708 5641 lateri-

2066 5686 2177 5754 cia,
2224 5687 2314 5744 cui
2375 5683 2639 5741 inclusus
2694 5688 2836 5756 erat,
2891 5688 3141 5737 meatum
3201 5677 3700 5750 antiquissimum,
