4140 6290
443 352 562 416 M3

1738 343 2052 406 NICETE
2096 343 2397 405 CHONIA
2408 342 2533 404 ΤιΕ

3737 345 3846 406 444

446 505 701 562 eumque
733 487 892 544 subit
923 484 1193 542 manibus
1229 499 1328 556 pro
1358 481 1654 554 ligonibus
1687 496 1854 550 usus,
1886 480 1958 536 ad
2006 480 2094 535 in-

2201 475 2444 548 ναικώδη
2504 476 2594 532 καὶ
2634 475 2824 536 ἀκλεᾶ.
2879 477 3093 537 Οὐκοῦν
3126 477 3188 533 τὸ
3235 476 3387 556 ξίφος
3419 477 3716 555 γυμνώσας
3767 480 3852 535 καὶ

445 597 710 656 gressum
743 583 801 634 et
829 577 1048 633 exitum
1087 573 1414 647 parandum
1473 576 1531 628 et
1575 570 2094 639 dissimulandum,

450 671 627 728 rebus
681 665 1032 739 quibusdam
1093 667 1227 720 ante
1285 662 1544 718 foramen
1603 659 1916 717 collocatis.
1971 657 2097 716 Sub

442 759 672 834 praddii
705 761 936 827 tempus
995 753 1244 809 carceris
1304 752 1456 807 fores
1513 769 1545 806 a
1594 749 1936 808 custodibus
1968 765 2102 821 ape-

439 847 691 917 riuntur,
723 842 907 916 epulas
967 843 1310 908 afferuntur,
1362 839 1462 895 sed
1525 838 1759 895 conviva
1801 853 2094 910 nusquam

440 938 706 1008 apparet.
766 932 1134 989 Perlustrant
1179 929 1267 984 illi
1342 929 1576 997 turrim,
1628 943 1700 984 ne
1751 943 1819 984 ea
1878 926 2097 984 alicubi

443 1025 680 1084 etl‘racta
711 1026 813 1078 aut
869 1022 1130 1093 perfossa
1185 1018 1362 1074 homo
1421 1015 1672 1075 callidus
1729 1018 1806 1072 sit
1833 1015 2092 1088 elapsus.

445 1113 559 1173 Sed
593 1129 723 1169 cum
765 1126 1006 1184 prorsus
1063 1107 1211 1164 nihil
1263 1105 1468 1162 lassum
1509 1109 1685 1174 esset,
1734 1121 1846 1161 non
1897 1105 2092 1174 cardo,

443 1219 560 1260 non
589 1200 797 1274 postis,
829 1216 944 1255 non
975 1198 1180 1264 limen,
1213 1213 1328 1252 non
1351 1200 1592 1264 tectum,
1625 1211 1740 1251 non
1783 1195 2094 1266 posticum,

443 1309 560 1350 non
594 1292 744 1347 ferro
777 1288 1006 1346 munita
1033 1287 1317 1356 fenestra,
1376 1301 1492 1341 non
1559 1283 1876 1357 quidquam
1912 1281 2094 1352 aliud,

442 1397 576 1438 cum
609 1395 824 1452 magno
853 1376 1074 1449 ejulatu
1135 1375 1343 1431 faciem
1406 1372 1701 1444 unguibus
1748 1371 2092 1439 lacerantes,

442 1471 614 1544 quasi
644 1469 864 1526 amisso
897 1484 964 1524 eo
996 1481 1169 1538 quem
1205 1463 1636 1532 custodiebant,
1695 1467 1753 1520 et
1799 1462 1990 1518 locum
2039 1467 2096 1520 et

445 1561 687 1618 modum
719 1577 836 1632 quo
863 1559 1165 1631 effugisset
1197 1557 1555 1630 ignorantes,
1589 1573 1706 1612 rem
1741 1553 2096 1628 imperatrici

445 1655 503 1707 et
560 1649 1002 1720 magistratibus
1057 1647 1316 1717 aulaaque
1399 1645 1739 1718 proceribus
1797 1645 2092 1702 nuntiant.

443 1738 609 1796 Alius
638 1739 818 1812 igitur
845 1738 914 1792 ad
951 1735 1208 1792 marinas
1239 1739 1434 1808 portas
1469 1734 1739 1805 mittitur,
1772 1732 1923 1790 alius
1978 1737 2096 1788 ter-

447 1836 658 1884 restres
683 1831 881 1900 portas
898 1825 1190 1882 custodire
1215 1824 1478 1898 jubetur,
1510 1822 1664 1880 alius
1685 1827 1888 1896 portus
1927 1839 2096 1879 scru-

442 1922 616 1988 tatur,
651 1916 803 1974 alius
838 1916 953 1972 alia
1009 1922 1170 1988 parte
1229 1913 1394 1970 urbis
1451 1915 1732 1983 occupata
1787 1911 2096 1984 fugitivum

441 2007 847 2064 Andronicum
885 2005 1175 2077 quaeritat.
1240 2002 1671 2075 Perquiruntur
1727 2005 1785 2057 et
1843 2001 1996 2056 bivia
2047 2004 2105 2056 et

441 2096 654 2163 trivia;
691 2103 743 2151 et
803 2094 1017 2150 crebrae
1075 2091 1454 2164 imperatorias
1525 2090 1730 2146 litterae
1790 2091 1847 2146 in
1898 2105 2103 2146 omnes

445 2183 775 2256 provincias
802 2183 1138 2248 mittuntur,
1172 2181 1384 2252 quibus
1421 2179 1700 2248 fugitivus
1734 2178 2104 2256 Andronicus

450 2252 817 2328 continenter
873 2269 1088 2341 inquiri
1150 2275 1206 2324 et
1263 2273 1468 2340 captus
1524 2267 1582 2322 in
1643 2267 1843 2323 urbem
1885 2252 2102 2322 remitti

447 2359 964 2430 140jubebatur.
999 2358 1218 2414 Deinde
1252 2374 1396 2413 uxor
1434 2356 1562 2427 ejus
1595 2361 1657 2411 ut
1689 2357 1836 2428 fuge:
1869 2355 2104 2412 conscia

439 2448 866 2519 comprehensa
896 2447 953 2502 in
982 2447 1253 2502 eumdem
1319 2461 1626 2514 carcerem,
1689 2445 1746 2500 in
1806 2460 1919 2516 quo
1979 2448 2102 2500 erat

446 2540 846 2609 Andronicus,
881 2539 1207 2610 conjicitur,
1242 2542 1307 2594 ut
1338 2538 1417 2593 ibi
1452 2538 1690 2610 pietatis
1713 2536 1772 2592 in
1821 2535 2097 2592 maritum

447 2637 505 2688 et
535 2630 766 2688 consilii
797 2631 866 2686 de
921 2631 1054 2700 fuga
1111 2645 1310 2702 pmnas
1367 2629 1547 2685 daret.
1609 2625 1958 2682 Nesciebant
2013 2613 2098 2681 illi

443 2722 725 2778 nimirum
759 2736 821 2778 se
853 2721 1251 2776 Andronicum
1285 2719 1498 2775 habere
1533 2721 1593 2773 ut
1625 2716 1807 2789 prius,
1839 2721 1896 2772 et
1917 2715 2097 2772 bilem

441 2829 612 2869 suam
647 2812 866 2867 frustra
895 2812 951 2866 in
1020 2809 1291 2866 miseram
1351 2806 1628 2864 feminam
1679 2805 1994 2874 ell'undere,
2040 2809 2100 2860 et

448 2917 571 2958 rem
602 2904 828 2973 gratam
871 2898 1060 2956 facere
1092 2897 1440 2966 Andronico,
1471 2895 1734 2967 quicum
1780 2909 1811 2950 e
1859 2910 2100 2950 caverna

446 2989 784 3047 emersisset
815 2992 873 3044 et
904 2987 1211 3044 mulierem
1243 2985 1544 3057 inopinato
1569 2985 1881 3056 conspectu
1929 2983 2096 3039 terri-

440 3088 563 3141 tam
624 3079 915 3136 allocutus
965 3094 1068 3149 pro
1125 3079 1356 3148 spectro
1407 3075 1740 3143 haberetur,
1797 3073 2095 3146 amplexus

443 3188 571 3230 eam
605 3165 1051 3237 illacrymatille
1081 3165 1340 3236 quidem,
1375 3165 1475 3220 sed
1501 3181 1614 3220 non
1633 3167 1864 3219 tantum
1897 3179 2086 3235 quan-

439 3265 568 3316 tum
600 3256 837 3312 illarum
870 3269 1264 3311 aerumnarum
1298 3253 1584 3310 acerbitas
1632 3251 1983 3325 postulabat,
2014 3270 2087 3310 ne

441 3345 717 3404 custodes
775 3341 1060 3413 ejulatum
1121 3341 1410 3397 audirent.
1463 3341 1524 3396 ln
1579 3357 1646 3396 ea
1693 3339 1960 3397 custodia
1989 3341 2084 3396 diu

439 3433 866 3494 consuetudine
891 3432 1086 3489 uxoris
1117 3447 1284 3500 usus,
1343 3447 1374 3487 e
1427 3447 1542 3502 quo
1583 3445 1900 3502 congressu
1930 3430 2088 3488 filius

443 3524 496 3582 ei
525 3524 784 3581 Joannes
811 3527 1011 3594 postea
1042 3523 1215 3576 natus
1246 3523 1353 3590 est,
1386 3521 1479 3576 eui
1521 3534 1731 3574 nomen
1780 3519 2089 3592 imperato-

437 3615 622 3678 rium,
649 3618 842 3669 utsuo
873 3611 998 3669 loeo
1042 3609 1398 3680 narrabitur,
1431 3608 1740 3682 impertiit,
1789 3609 2026 3666 tandem
2058 3626 2089 3666 e

441 3719 671 3762 carcere
701 3701 969 3770 elabitur,
1002 3700 1344 3757 custodibus
1368 3709 1601 3772 propter
1658 3698 1962 3756 mulierem
1995 3716 2090 3756 ne-

438 3794 887 3869 gligentioribus
920 3793 1108 3850 factis.
1144 3791 1254 3848 Sed
1311 3792 1459 3846 141
1522 3806 1654 3846 cum
1695 3790 1766 3846 ad
1801 3789 2090 3864 Molangia

437 3882 712 3951 venisset,
743 3898 775 3936 a
809 3879 994 3936 milite
1019 3880 1276 3952 quodam
1307 3877 1495 3932 Nicaea
1550 3880 1758 3950 captus
1807 3877 1998 3933 denuo
2027 3877 2087 3932 in

440 3973 764 4031 custodiam
797 3973 987 4044 priore
1019 3971 1297 4042 majorem
1356 3973 1413 4025 et
1459 3969 1815 4026 acerbiorem
1848 3968 2088 4040 conjici-

439 4061 902 4133 tur,duplioibur
930 4058 1128 4116 ferreis
1169 4057 1550 4128 compedibus
1607 4062 1900 4114 oneratus.
1954 4059 2089 4124 Quae

440 4165 576 4207 cum
610 4148 862 4205 Manueli
920 4147 979 4202 in
1045 4146 1325 4204 Armenia
1377 4145 1572 4202 adhuc
1624 4150 1816 4202 castra
1849 4144 2091 4202 habenti

443 4237 1132 4305 nnntiarentur,Josnnes
1163 4235 1502 4290 Camaterus
1557 4233 1747 4290 dromi
1796 4232 2092 4307 logotheta

440 4323 714 4396 mittitur,
747 4323 848 4396 qui
899 4322 1310 4394 imperatorem
1369 4321 1720 4394 propediem‘
1765 4321 2090 4377 rediturum

435 4413 743 4481 indicaret,
775 4421 834 4471 et
863 4413 999 4485 quid
1042 4415 1236 4468 actum
1266 4415 1420 4467 esset
1451 4409 1791 4482 diligentius
1827 4409 2090 4483 explora-

436 4511 565 4564 tum
597 4503 980 4562 renuntiaret.

2128 3213 2170 3282 C
2203 3213 2248 3237 ⁸⁷

2200 3254 2248 3282 J!

2207 563 2333 622 δοὺς
2407 571 2570 624 τοῦτο
2619 572 2688 642 τῇ
2729 565 2876 640 δεξιᾷ
2929 565 3259 646 ἀφάλλεται,
3296 568 3395 638 τὴν
3429 569 3638 638 σκηνὴν
3679 567 3857 646 ἐγκαρο

2204 658 2336 718 σίως
2368 653 2666 731 διατεμὼν,
2697 657 2787 712 καὶ
2844 655 2900 713 ἐν
2940 656 3018 713 ἐνὶ
3077 654 3368 731 πηδήματι
3423 657 3680 731 Θετταλῷ
3712 657 3858 715 ἄντι·

2201 765 2334 821 κρυς
2366 742 2676 822 ὑπερϐαίνει
2722 747 2815 802 τόν
2868 767 2928 802 τε
2979 746 3328 824 ξυγκείμενον
3379 751 3448 820 τῇ
3480 751 3658 822 σκηνῇ
3688 749 3856 825 τυχὸν

2203 834 2346 891 οὕτω
2379 837 2619 912 θριγγὸν,
2649 835 2740 892 καὶ
2798 835 2923 892 ὅσον
2964 837 3190 913 ἐπεῖχον
3249 837 3300 892 οἱ
3349 835 3622 892 πάσσαλοι
3661 839 3752 893 καὶ
3809 839 3860 893 ol

2203 931 2421 1000 σχοῖνοι
2456 932 2668 1004 χῶρον,
2700 927 2775 989 ὡς
2815 927 3035 1002 ἀχανεῖς
3092 926 3340 1002 γενέσθαι
3395 927 3523 990 τοὺς
3553 925 3864 1005 ἐνεδρεύον-

2199 1037 2296 1081 τας
2348 1019 2438 1072 καὶ
2494 1019 2558 1074 τὸ
2611 1015 2892 1094 διαδρᾶναι
2942 1024 3074 1094 σφᾶς
3128 1020 3192 1074 τὸ
3250 1021 3474 1094 θήραμα
3529 1020 3715 1093 θαῦμα
3772 1013 3864 1075 καὶ

2203 1105 2377 1181 θέαμα
2428 1109 2674 1183 ἡγεῖσθαι
2740 1108 2946 1164 καινόν.
3003 1112 3186 1164 Ταῦτα
3243 1109 3337 1182 μὲν
3404 1109 3496 1164 οὗν
3555 1108 3866 1182 ἀκουόμενα

2198 1196 2292 1251 τὸν
2319 1196 2696 1271 αὐτοκράτορα
2728 1193 3022 1272 ὑπὲθραττε
3051 1196 3343 1270 Μανουήλ,
3373 1197 3467 1252 καὶ
3521 1197 3574 1252 αἱ
3606 1193 3867 1254 διαϐολαὶ

2203 1290 2290 1364 [Ρ.
2324 1289 2414 1360 70]
2438 1284 2494 1342 δὲ
2522 1288 2620 1342 ὅσα
2645 1289 2733 1342 καὶ
2764 1283 2974 1362 ῥανίδες
3004 1283 3311 1364 ἐνδελεχεῖς
3327 1285 3634 1343 ἐκοίλαινον
3656 1287 3708 1350 ἐς
3734 1287 3872 1344 ὑπο-

2202 1375 2379 1453 δοχὴν
2402 1380 2513 1432 τῶν
2545 1376 2680 1432 κατά
2699 1381 2797 1432 τοῦ
2828 1371 3336 1450 ἐνδιαϐαλλυμὲνου
3361 1375 3742 1452 ἐπιχεομένων
3765 1379 3869 1446 τὴν

2197 1472 2297 1524 τοῦ
2329 1465 2706 1541 ἐνηχουμὲνου
2727 1467 2934 1540 ψυχὴν,
2967 1465 3054 1520 καὶ
3087 1466 3294 1542 ἀπῆγον
3328 1465 3465 1521 κατά
3496 1464 3680 1542 βραχὺ
3705 1464 3768 1520 οὗ
3789 1469 3875 1522 εἷ-

2203 1574 2299 1630 χεν
2333 1551 2492 1616 οὗτος
2533 1552 2610 1618 εἰς
2637 1555 2728 1608 τὸν
2749 1550 2917 1628 ἄνδρα
2948 1553 3201 1628 ζωπύρου
3233 1550 3443 1628 φιλίας,
3469 1553 3562 1608 καὶ
3581 1553 3656 1614 ὡς
3678 1551 3870 1624 ἀληθῆ

2201 1643 2392 1718 ἐνῆγον
2456 1643 2522 1696 τὰ
2581 1641 2852 1718 λεγόμενα
2890 1639 3315 1718 παραδέχεσθαι·
3355 1639 3500 1716 μηδὲ
3555 1642 3662 1718 γὰρ
3703 1643 3867 1715 πάμ-

2199 1752 2304 1788 παν
2334 1733 2434 1801 τῆν
2470 1733 2664 1806 φήμην
2709 1728 3081 1802 ἀπόλλυσθαι,
3144 1728 3287 1804 μηδέ
3344 1731 3466 1796 είκῆ
3501 1729 3745 1786 λύουσαν
3805 1731 3875 1786 τὸ

2201 1819 2398 1877 πτίλον
2470 1820 3030 1897 ἀμφιπεριτροχάζειν
3089 1816 3296 1892 αὐθάδη
3350 1819 3440 1875 καὶ
3503 1818 3878 1895 βασιλειῶντα

2209 1911 2301 1966 τὸν
2334 1906 2702 1984 ’Λνδρόνικον.
2734 1909 2823 1970 Ὠς
2865 1907 2968 1984 ἄρα
2997 1905 3150 1964 οὐδέν
3199 1930 3252 1965 τι
3294 1903 3557 1964 διαϐόλου
3614 1907 3880 1984 γλώττης

2213 1999 2486 2076 χείριστον
2517 1999 2670 2072 ἐνέφυ
2699 2003 2814 2060 τοὶς
2853 1997 3164 2073 ἀνθρώποις
3217 1995 3398 2073 ἓτερον
3451 1997 3643 2054 κακόν.
3707 1997 3880 2054 Εἰκό-

2209 2110 2318 2152 τως
2349 2087 2438 2143 οὗν
2470 2086 2559 2142 καὶ
2594 2083 2760 2143 Δαεὶδ
2793 2089 2819 2142 6
2861 2084 3109 2164 φιλῳδὸς
3138 2089 3228 2143 καὶ
3259 2086 3619 2162 φιλόψαλμος
3643 2085 3694 2142 ἐν
3712 2085 3882 2143 πλεί-

2211 2198 2358 2238 στοις
2390 2183 2494 2232 τῶν
2539 2175 2702 2232 αὑτοῦ
2741 2175 3058 2240 θεοπλόκων
3089 2178 3182 2231 καὶ
3213 2173 3541 2254 ἡδυφραόὦν
3574 2173 3880 2232 cmonium

2211 2263 2451 2342 διασύρει
2482 2267 2683 2336 ταύτην
2720 2264 2810 2321 καὶ
2839 2263 3126 2340 κωμῳδεῖ,
3171 2263 3568 2342 στηλογραφῶν
3624 2267 3879 2342 ἀτεχνῶς

2207 2358 2306 2426 τὴν
2337 2355 2385 2426 ἐξ
2427 2356 2636 2432 ἐρήμου
2667 2355 2868 2427 ταύτης
2903 2357 3087 2431 ἰσχὺν,
3115 2356 3207 2411 καὶ
3267 2357 3525 2431 ῥυσθῆναι
3592 2361 3702 2412 τῶν
3751 2355 3876 2412 ἐλί-

2206 2469 2318 2503 κων
2344 2446 2512 2516 αὐτῆς
2547 2447 2942 2526 ἐπευχόμενος.
2975 2450 3070 2519 Τῷ
3095 2469 3183 2504 τοι.
3239 2448 3330 2502 καὶ
3385 2448 3412 2503 6
3465 2446 3737 2517 Μανουήλ
3799 2449 3874 2510 ὡς

2208 2536 2397 2612 ἄρκυσι
2431 2535 2662 2616 ληφθεὶς
2722 2539 2808 2601 οἷς
2864 2538 2998 2607 ἦσαν
3039 2542 3136 2593 τοῦ
3201 2535 3548 2612 Ἀνδρονίκου
3587 2536 3872 2600 πολλάκις

2208 2627 2259 2682 οἱ
2316 2627 2453 2701 πρὸς
2511 2626 2700 2702 γένους
2758 2626 2908 2698 αὐτῷ
2965 2624 3375 2698 κατεπᾴδοντες,
3457 2627 3594 2682 ἐκὼν
3651 2627 3872 2683 ἀέκοντί

2203 2737 2265 2790 γε
2313 2718 2471 2789 θυμῷ
2526 2717 2742 2786 τίθησιν
2785 2716 2947 2772 αὐτὸν
2979 2715 3031 2772 ἐν
3088 2721 3322 2794 φρουρᾷ,
3380 2715 3470 2770 καὶ
3528 2713 3868 2780 ποδοκάκαις

2204 2802 2455 2880 σιδηραῖς
2512 2802 2865 2882 ἀσφαλίζεται
2906 2804 3205 2881 ἀρρήκτοις
3267 2806 3342 2868 ὡς
3388 2804 3512 2874 ἐνῆν
3569 2804 3662 2859 καὶ
3733 2804 3870 2861 ἀλύ-

2202 2917 2340 2958 τοις.
2373 2898 2600 2969 Ἔμενεν
2635 2894 2724 2948 οὗν
2759 2892 2842 2968 ἐφ’
2879 2895 3056 2949 ἱκανὸν
3093 2895 3294 2970 χρόνον
3351 2898 3422 2967 τῇ
3481 2893 3707 2974 φυλακῇ
3770 2917 3865 2952 κα-

2200 2985 2603 3060 κουχούμενος.
2637 2983 2984 3060 Θερμουργὸς
3035 2981 3094 3039 δέ
3145 2981 3218 3038 ὢν
3271 2984 3360 3038 καὶ
3413 2983 3716 3060 ἀνθρώπων
3766 3006 3859 3041 πο-

2201 3071 2624 3150 λυτροπώτατος
2653 3073 2748 3128 κάν
2784 3078 2901 3134 τοῖς
2958 3071 3188 3148 ἀπόροις
3243 3075 3561 3149 ποριστικὸς
3623 3074 3706 3129 καί
3759 3075 3848 3130 εὑ-

2203 3161 2453 3237 μιθοδος,
2495 3161 2830 3219 παλαίτατον
2889 3165 3227 3234 κατανοήσας
3285 3162 3566 3238 ὑπόνομον
3617 3164 3727 3218 καθ’
3777 3159 3834 3218 ὅν

2199 3254 2452 3332 ε’ίργνυτο
2483 3255 2726 3310 οἰκίσκον
2756 3255 2987 3329 (πύργος
3045 3251 3102 3310 δέ
3151 3252 3308 3318 οὗτος
3374 3255 3446 3325 ἦτ
3504 3255 3564 3311 ἐκ
3619 3253 3838 3319 πλίνθου

2193 3344 2330 3406 ’ἀπας
2366 3344 2564 3415 ὀπτῆς)
2594 3345 2773 3398 ὕπεισι
2804 3348 3022 3412 τοῦτον,
3076 3349 3198 3406 ταῖς
3254 3343 3412 3419 χερσὶ
3445 3343 3713 3420 πρότερον
3779 3343 3854 3405 ὥς

2195 3431 2435 3508 ἀμᾶλαις
2463 3433 2498 3503 ἢ
2534 3432 2751 3488 σκαλίσι
2784 3430 3195 3506 διαμησάμενος
3259 3435 3327 3488 τὰ
3364 3433 3501 3509 πρὸς
3542 3435 3644 3501 τήν
3704 3431 3859 3488 εἷ’σο-

2195 3519 2285 3578 δον
2339 3524 2429 3578 καὶ
2512 3525 2610 3593 τὴν
2699 3517 2902 3592 ἔξοδον,
2957 3523 3032 3584 ὡς
3093 3524 3200 3580 εἷεν
3279 3521 3582 3594 ἀνύποπτα,
3639 3524 3733 3578 καί
3803 3543 3858 3578 τι

2193 3611 2598 3688 προεκπετάσας
2629 3609 2884 3668 ἕπιπλον.
2942 3612 3237 3680 Ἐνστάσης
3273 3612 3452 3666 τοίνυν
3513 3610 3661 3686 ὥρας
3729 3611 3852 3685 ἀρί·

2195 3722 2324 3758 στου
2384 3703 2436 3756 αὶ
2497 3703 2655 3773 θύραι
2706 3705 2804 3755 τοῦ
2868 3697 3252 3774 δεσμωτηρίου
3284 3702 3562 3776 πειρατῶν
3595 3705 3856 3778 φρουρῶν

2195 3791 2494 3866 ἀνεῴγεσαν
2528 3791 2619 3845 καὶ
2675 3790 2738 3845 τὸ
2805 3787 3020 3845 δεῖπνον
3061 3789 3309 3865 εὑτρεπὲς
3340 3791 3728 3866 παρεισήγετο,
3764 3791 3862 3846 οὖα

2197 3878 2375 3952 δαμοῦ
2409 3878 2465 3934 δέ
2517 3877 2846 3956 φαινόμενος
2899 3879 2964 3948 ἦν
3027 3880 3055 3934 6
3118 3877 3418 3953 δαιτυμὼν.
3455 3874 3863 3955 Περιεελέπετο

2195 3973 2324 4046 γοῦν
2354 3972 2471 4028 τοῖς
2503 3965 2730 4044 φύλαξιν
2769 3969 2797 4036 ἡ
2830 3967 3058 4047 φρουρὰ,
3096 3969 3172 4042 μή
3204 3969 3310 4024 πού
3339 3990 3392 4024 τι
3442 3967 3646 4040 ταύτης
3707 3969 3864 4025 ἀπο-

2199 4057 2430 4132 θραύσας
2461 4052 2497 4126 ἤ
2539 4053 2868 4130 διατορήσας
2910 4059 2938 4112 ὁ
3004 4057 3322 4132 πολύμητις
3379 4055 3730 4134 Ἀνδρόνικος
3788 4059 3870 4116 οῖ-

2201 4166 2384 4223 χοιτο.
2420 4149 2506 4206 Ὠς
2539 4141 2584 4200 δ’
2617 4141 2771 4200 οὐδὲν
2804 4146 2951 4208 ’ὀΛως
2995 4146 3062 4216 ἦν
3117 4143 3378 4221 οὐδαμῶς
3435 4143 3729 4220 λυμανθὲν,
3793 4151 3864 4205 οὔ

2199 4236 2408 4312 θαιρὸς,
2441 4234 2503 4290 οὐ
2543 4233 2698 4312 φλιά,
2743 4231 2866 4292 οὔτε
2933 4237 3042 4309 μὴν
3091 4234 3252 4301 οὐδὸς
3311 4241 3419 4294 τῶν
3489 4234 3709 4310 πυλῶν,
3764 4242 3868 4298 οὑκ

2200 4323 2425 4405 ὄροφος.
2457 4326 2557 4382 οὑκ
2601 4324 2992 4400 ὀπισθόδομος,
3025 4325 3140 4383 οὐδ’
3171 4330 3207 4399 ἡ
3256 4325 3608 4404 σιδηρόδετος
3638 4330 3870 4410 ἀναφω-

2195 4415 2304 4486 τῖς,
2337 4415 2436 4472 οὐκ
2466 4414 2606 4472 ἄλλο
2635 4437 2687 4471 τι
2715 4419 2824 4472 τῶν
2875 4415 3126 4472 ἁπάντων
3159 4415 3334 4486 οὐθὲν,
3363 4417 3666 4491 ἀνῴμωζον
3729 4417 3869 4478 διω-

2203 4505 2540 4583 λύγιον,τήν
2574 4503 2696 4579 ὄψιν
2727 4499 2902 4578 ὄνυξιν
2959 4501 3246 4580 ἔδρυπτον,
3297 4505 3375 4569 ὠς
3435 4505 3494 4563 6'v
3553 4506 3868 4586 ἐφρούρουν

443 4595 544 4651 οὐκ
605 4595 845 4669 ἔχοντες,
916 4589 1059 4666 μηδέ
1113 4592 1209 4646 τὸν
1264 4589 1468 4666 τρόπον
1516 4585 1552 4658 ἥ
1611 4587 1701 4643 τὸν
1733 4589 1899 4644 τόπον
1957 4599 2342 4660 κατανοοῦντες
2392 4596 2509 4650 καθ’
2563 4595 2620 4650 ὅν
2691 4593 2834 4650 ἐστιν
2885 4592 3150 4670 ἀποδράς.
3213 4593 3366 4665 Δῆλα
3420 4601 3589 4652 ταῦτα
3639 4605 3874 4656 ποιοῦσι

442 4691 512 4761 τῇ
567 4683 855 4760 βασιλίσσῃ
911 4684 1000 4738 καὶ
1067 4687 1186 4744 τοῖς
1247 4679 1302 4736 ἐν
1355 4679 1503 4735 τέλει
1554 4677 1644 4735 καί
1703 4679 1822 4735 ὅσοι
1860 4683 1958 4752 τὴν
2019 4681 2314 4758 βασιλικὴν
2343 4685 2761 4764 ἀμφεπονοῢντο
2819 4683 3017 4756 αὐλήν.
3079 4681 3287 4742 Οὓκοῦν
3322 4686 3350 4740 6
3382 4686 3479 4758 μὲν
3507 4685 3583 4750 ὡς
3605 4686 3876 4765 φυλάξων

451 4777 550 4838 τὰς
581 4771 950 4851 αἰγιαλίτιδας
1014 4771 1193 4836 πύλας
1251 4768 1560 4841 ἐστέλλετο,
1617 4773 1697 4842 τῷ
1745 4766 1801 4826 δὲ
1857 4772 1892 4842 ἡ
1970 4777 2080 4829 τῶν
2163 4776 2438 4852 χερσαίων
2498 4773 2856 4851 ἐπετέτραπτο
2915 4773 3159 4852 φυλακὴ,
3213 4773 3384 4838 ἄλλος
3447 4775 3574 4840 τοὺς
3633 4777 3870 4853 λιμένας

450 4860 794 4938 διηρευνᾶτο,
851 4859 1033 4938 ἕτερος
1089 4861 1232 4918 ἀλλο
1289 4881 1343 4916 τι
1392 4863 1491 4926 τῆς
1549 4861 1769 4922 πόλεως
1831 4860 1996 4936 μέρος
2051 4860 2349 4920 ἀπολαϐὼν
2409 4862 2593 4920 ἃνετον
2653 4863 2831 4935 ἐζήτει
2877 4864 2968 4919 τὸν
3008 4861 3278 4938 δραπέτην
3312 4864 3688 4940 Ἀνδρόνικον.
3721 4866 3873 4926 Οὖδὶ

445 4951 500 5006 αἱ
550 4948 790 5027 ἄμφοδοι
850 4954 984 5020 ἦσαν
1045 4949 1466 5022 ἀδιασκὸπητοι,
1525 4948 1639 5006 οὐδ’
1697 4948 2001 5028 ἀφύλακτοι
2059 4954 2114 5008 αἱ
2162 4951 2396 5029 τρίοδοι.
2457 4951 2652 5028 Κυχνά
2708 4951 2766 5010 δὲ
2820 4953 2910 5008 καὶ
2969 4955 3107 5009 κατά
3167 4958 3340 5008 πᾶσαν
3398 4955 3684 5030 χώραντά
3715 4957 3871 5034 βασί-

447 5038 572 5096 λεια
628 5037 877 5096 διίπτατο
907 5043 1225 5116 γράμματα,
1275 5040 1507 5120 ἄφαντον
1563 5039 1987 5117 ἀπαγγέλλοντα
2045 5044 2138 5098 τὸν
2207 5040 2552 5118 Ἀνδρόνικον
2606 5043 2696 5098 καὶ
2755 5041 2968 5118 σχολήν
2997 5039 3254 5116 ἐπίμονον
3287 5041 3668 5116 ἐπιτάττοντα,
3709 5046 3869 5108 ὅπως

445 5127 614 5194 ἁλοὺς
668 5129 1089 5208 ἐπαναπεμφοῇ.
1150 5129 1272 5186 Ἐπὶ
1331 5129 1398 5200 δη
1457 5131 1676 5195 τούτοις
1729 5131 1821 5185 καὶ
1876 5133 1911 5201 ἡ
1976 5130 2174 5188 τούτου
2229 5131 2607 5211 συλληφθεῖσα
2655 5133 2789 5208 γυνή
2850 5132 2926 5194 ὡς
2988 5138 3087 5202 τῆς
3177 5138 3352 5206 φυγῆς
3437 5133 3708 5209 συνίστωρ
3781 5139 3870 5207 τῷ

453 5217 816 5295 δεσμωτηρίῳ
867 5217 1316 5294 παραρῥιπτεῖται
1376 5218 1428 5272 ἐν
1491 5221 1640 5296 ᾧπερ
1697 5224 1986 5294 καθεῖρκτο
2065 5217 2436 5296 Ἀνδρόνικος,
2498 5219 2573 5282 ὠς
2657 5218 2830 5275 ἐκεῖσε
2911 5219 3030 5295 τίνῃ
3109 5215 3260 5282 δίκας
3353 5225 3452 5290 τῆς
3535 5219 3867 5299 φιλανδρίας

450 5307 577 5373 ἔνθα
629 5310 656 5364 6
713 5307 912 5380 ταύτης
969 5307 1300 5378 συνείληπτο
1357 5307 1604 5384 σύζυγος,
1661 5311 1707 5382 ᾧ
1769 5308 1992 5366 ὑπέθετο
2048 5311 2148 5380 τήν
2208 5307 2577 5384 δραπέτευσιν.
2649 5309 2969 5366 Ἐλάνθανον
3019 5307 3076 5366 δὲ
3142 5306 3241 5384 ἄρα
3267 5309 3357 5364 καὶ
3391 5307 3738 5384 Ἀνδρόνικον
3762 5333 3868 5367 πι-

455 5395 626 5470 δήτην
690 5397 764 5461 ὠς
830 5395 1092 5472 πρότερον
1155 5392 1374 5472 ἔχοντες
1435 5398 1524 5451 καὶ
1580 5399 1755 5472 μάτην
1822 5399 1898 5464 εἰς
1952 5405 2183 5474 γυναῖκα
2228 5396 2580 5474 ταλαίπωρον
2610 5398 2702 5456 τὸν
2753 5398 2923 5474 χόλον
2957 5397 3238 5475 ἐκχέοντες
3286 5398 3470 5455 καὶτά
3527 5401 3665 5476 πρὸς
3696 5401 3868 5476 χάριν

453 5483 787 5562 Ἀνδρονίκῳ
842 5489 1142 5548 ποιοῦντεςο
1205 5481 1459 5557 ἐξαναδυς
1525 5485 1629 5562 γὰρ
1687 5485 1845 5550 οὗτος
1901 5491 1999 5543 τοῦ
2058 5487 2225 5553 θόλου
2283 5488 2374 5544 καὶ
2431 5488 2525 5544 τὸν
2577 5487 2850 5562 ὑπόνομον
2899 5485 3240 5551 ἐκλελοιπὼς
3297 5491 3366 5563 τῇ
3425 5489 3643 5563 γυναικὶ
3673 5490 3876 5564 ἐντυγ-

461 5575 639 5652 χάνει,
701 5572 856 5648 δόξας
907 5573 1004 5632 ὅσα
1070 5575 1160 5630 καὶ
1228 5569 1440 5646 δαίμων
1495 5573 1562 5627 τά
1607 5578 1799 5648 πρῶτα
1856 5575 2251 5654 ὑποταρτάριος
2302 5579 2336 5648 ἢ
2407 5578 2612 5635 νεκύων
2695 5578 2962 5653 ἀμενηνὸν
3033 5575 3289 5652 ίὲιδαλμα,
3358 5577 3449 5634 καὶ
3535 5577 3866 5657 διαταράξας

464 5670 543 5743 τῷ
597 5663 818 5743 ἀέλπτῳ
886 5672 986 5741 τῆς
1043 5666 1162 5731 θέας
1214 5665 1316 5739 τήν
1375 5663 1675 5740 ἄνθρωπον.
1746 5665 1833 5738 [Ρ.
1893 5667 1984 5741 71]
2041 5667 2150 5724 Καὶ
2228 5665 2598 5747 προσπλακεὶς
2654 5664 2912 5748 ἐδάκρυσε
2972 5667 3262 5746 μὲν,πλήν
3326 5667 3436 5744 οὑχ
3486 5667 3611 5726 ὅσον
3657 5666 3872 5743 ἤθελον
