4140 6290
280 362 406 423 445

1355 364 1455 424 DE
1502 360 1884 426 MANUELE
1928 359 2307 424 COMNENO
2351 360 2501 421 LIB.
2549 357 2655 420 III.

282 495 340 551 αἱ
401 490 684 571 συμφοραί
758 491 846 548 καὶ
903 492 968 548 τὰ
1042 494 1166 551 τότε
1240 491 1484 571 δυστυχῆ
1536 496 1941 568 συναντήματα,
2018 491 2199 571 φειδοῖ
2253 497 2351 548 τοῦ
2413 494 2487 567 μὴ
2563 490 2655 547 τόν

3590 367 3709 429 M6

2759 492 2952 567 θρῆνον
3003 489 3271 565 ἀναϐῆναι
3303 494 3379 560 είς
3427 497 3540 554 ὦτα
3586 505 3707 563 τοῖς

286 582 697 663 δεσμοφύλαξι.
733 584 833 637 Καὶ
866 580 932 652 δὴ
966 583 1047 661 ἐφ’
1083 585 1266 639 ἱκανὸν
1318 584 1661 662 συγγεγονὼς
1715 590 1784 659 τῇ
1846 583 2073 639 εὐνέτιδι
2148 582 2286 638 κατᾶ
2358 583 2457 650 τὴν
2535 583 2799 658 φρουρὰν,
2867 583 2956 637 καὶ
3033 583 3309 658 ἐγκύμονα
3363 587 3566 659 ταύτην
3644 588 3706 646 ἐκ

284 680 354 744 τῆ
434 674 562 728 τότε
639 671 923 734 συνουσίας
952 673 1422 749 ἀπεργασάμενος,
1459 676 1510 745 ἐξ
1585 675 1651 744 ἦς
1692 674 1781 730 καὶ
1822 671 2018 736 παιδὸς
2092 671 2317 750 ἄρρενος
2374 671 2595 727 ἀκούσοι
2647 672 2852 748 πατὴρ,
2884 673 2974 727 τὸν
3016 675 3272 746 Ἰωάννην
3321 676 3488 754 λέγω,
3520 679 3565 750 ᾠ
3618 678 3710 734 καὶ

288 762 590 842 βασιλείας
651 759 995 836 Ἀνδρόνικος
1056 762 1354 837 μετέδωκεν
1402 760 1607 834 ἔπειτα,
1666 766 1739 826 ὡς
1800 764 1827 818 ὁ
1885 764 2052 838 λόγος
2105 762 2231 837 ε’ἰπῃ
2306 762 2442 817 κατά
2513 762 2721 835 καιρὸν,

2808 761 3003 818 ἐκεῖθεν
3078 765 3376 840 ἀναχωρεῖ,
3456 770 3547 824 οἷα
3602 773 3711 824 τῶν

294 853 554 931 φυλάκων
592 852 793 923 μηκέτι
819 851 947 907 κάπὶ
981 855 1048 925 τῇ
1071 854 1287 926 γυναικὶ
1326 854 1442 908 οἳαν
1472 853 1560 909 καὶ
1602 853 1683 909 ἐπ’
1709 853 1856 925 αὐτῷ
1876 855 1973 922 τῆς
1995 856 2232 931 φρουρᾶς
2258 853 2652 927 παρεχομένων
2672 850 3058 926 ἀκρεχομένων
3090 850 3386 928 ἀκρίϐειαν.
3414 857 3711 930 Γενόμενος

299 941 353 998 δέ
380 941 519 997 κατᾶ
547 940 617 995 τὰ
674 938 973 1016 μελάγγεια
1012 938 1452 1014 συλλαμϐάνεται
1509 944 1656 1018 παρᾶ
1692 963 1789 998 του
1850 943 2205 1017 στρατιώτου,
2266 941 2376 1013 ὅτῳ
2423 941 2490 1010 ἦν
2554 941 2783 1003 Νικαίας
2836 941 3147 1012 ἐπίκλησις
3208 945 3298 999 καὶ
3360 946 3482 1025 εἶχε
3539 948 3706 1002 πάλιν

302 1031 458 1086 αὐτὸν
522 1028 836 1085 κουστωδία
897 1030 1098 1103 μείζων
1149 1031 1239 1086 καὶ
1285 1031 1490 1111 χείρων
1540 1035 1639 1102 τῆς
1697 1030 1962 1107 προτέρας
2023 1033 2231 1108 φρουρά
2284 1029 2375 1085 καὶ
2441 1028 2746 1086 ποδοπέδαι
2801 1028 3026 1107 σιδηραῖ
3075 1029 3287 1090 διπλαῖ.
3350 1037 3536 1091 Ταῦτα
3610 1037 3707 1090 οὖν

305 1122 377 1185 ὡς
446 1119 693 1196 ἠγγέλθη
744 1123 824 1191 τῷ
881 1120 1143 1188 Μανουήλ
1182 1123 1299 1175 κατ’
1356 1122 1641 1197 Ἀρμενίαν
1694 1116 1770 1176 ἔτι
1857 1119 2356 1196 στρατοπεδεύοντι,

2443 1117 2724 1176 στέλλεται
2819 1122 2846 1175 6
2925 1121 3225 1198 λογοθέτης
3308 1129 3406 1179 τοῦ
3496 1122 3709 1200 δρόμου

304 1209 562 1280 Ἰωάννης
626 1209 655 1263 6
743 1210 1086 1283 καματηρὸς,
1144 1210 1235 1264 καὶ
1305 1211 1403 1281 τήν
1459 1208 1843 1274 τοῦνᾶνακτος
1912 1211 1995 1285 ρεν
2055 1211 2177 1265 ὅσον
2261 1208 2479 1268 οὐδέπω
2528 1210 2826 1286 παρουσίαν
2886 1211 3399 1287 εὐαγγελισόμενος,
3473 1215 3563 1269 καὶ
3638 1214 3705 1269 τὰ

296 1293 584 1372 συμϐάντα
615 1294 673 1352 δὲ
710 1296 1033 1373 κρειττόνως
1061 1296 1489 1374 διασκεῲόμενος
1521 1299 1610 1354 καὶ
1642 1298 2063 1375 παραδηλώσων
2099 1299 2319 1374 βασιλεῖ
2340 1298 2686 1375 σαφέστερον.

368 1389 438 1461 γ’.
469 1388 535 1443 Οἱ
576 1383 622 1441 δ’
675 1388 978 1461 Ἀντιοχεῖς
1023 1390 1126 1457 τὴν
1192 1386 1369 1462 ἄφιξιν
1413 1394 1511 1444 τοῦ
1561 1386 1832 1461 βασιλέως
1879 1389 1946 1444 τὰ

2131 1392 2185 1445 3.
2218 1392 2289 1445 At
2320 1390 2668 1446 Antiocheni
2699 1391 2985 1463 principio
3042 1392 3409 1464 imperatoris
3451 1394 3705 1451 adventu

297 1481 495 1551 πρῶτα
529 1476 622 1549 μὲν
644 1476 945 1551 ἀγαπητῶς
998 1476 1095 1532 οὐκ
1151 1476 1431 1554 ἐδέχοντο,
1489 1476 1635 1535 ἀλλὰ
1691 1479 1781 1533 καὶ
1835 1476 1957 1532 λίαν

297 1564 514 1642 βαρέως
545 1561 736 1640 ἔφερον
778 1565 868 1619 καὶ
921 1563 1071 1628 ὅπως
1130 1564 1446 1622 ἐσκέπτοντο
1513 1566 1954 1641 ἀποπέμψαιντο.

296 1656 375 1720 ὡς
407 1653 464 1710 δὲ
493 1653 728 1711 κωλύειν
763 1654 863 1709 οὐκ
893 1655 960 1723 ἦν
994 1652 1108 1710 οὐδ’
1129 1655 1375 1712 ἀναλύειν
1422 1655 1569 1719 ὅλως
1625 1658 1692 1711 τὰ
1766 1653 1954 1732 δεδογ-

298 1744 434 1819 μένα
467 1744 682 1817 ἐκείνῳ,
720 1744 781 1799 οὗ
816 1745 985 1818 μόνον
1020 1750 1126 1801 τῶν
1159 1744 1349 1801 πυλῶν
1406 1744 1781 1822 διεκχυθέντες
1822 1747 1955 1819 μετὰ

296 1834 564 1891 δουλικοῦ
640 1837 934 1909 σχήματος
1017 1836 1108 1890 καὶ
1180 1839 1532 1912 φρονήματος
1609 1836 1955 1910 ὑπηντίαζον,

294 1924 445 1981 ἀλλά
476 1924 569 1979 καὶ
598 1923 699 1991 τὴν
728 1920 941 1977 εἷ’σοδον
966 1923 1113 1996 αὐτῷ
1162 1923 1213 1986 ἐς
1251 1926 1312 1979 τὸ
1365 1926 1787 2002 πομπικώτερον
1845 1922 1955 1980 διε-

302 2014 591 2083 σκεύασαν,
649 2014 748 2075 τὰς
796 2033 854 2067 τε
898 2012 1087 2088 ἀγυιὰς
1142 2014 1232 2069 καὶ
1266 2012 1548 2091 ἀμφόδους
1579 2014 1833 2078 ἐπίπλοις
1864 2015 1956 2070 καὶ

302 2122 511 2174 ταπησι
557 2100 905 2175 διεκόσμουν,
955 2103 1042 2157 καὶ
1092 2099 1327 2177 δένδρων
1379 2101 1726 2178 νεοδρέπτοις
1780 2101 1956 2159 κλωσὶ

301 2190 710 2266 κατηγλάῖζον,
740 2191 839 2253 τὰς
868 2195 976 2245 τῶν
1005 2192 1297 2264 λειμώνιον
1331 2193 1420 2247 καὶ
1468 2192 1667 2249 ἀνθέων
1729 2194 1959 2270 χάριτας

305 2279 359 2342 ἐς
394 2281 459 2335 τὸ
490 2279 625 2335 ἄστυ
661 2281 827 2352 μέσον
861 2277 1297 2353 διακηπεόοντες,
1328 2282 1417 2336 καὶ
1472 2280 1768 2358 φιλότιμον
1816 2281 1960 2354 αὐτῷ

303 2371 404 2439 τήν
436 2366 676 2445 πρόοδον
701 2366 1099 2444 σχεδιάζοντες,
1133 2370 1244 2445 οὐχ
1270 2371 1297 2426 6
1332 2371 1447 2445 μὲν,
1504 2371 1532 2425 6
1592 2369 1637 2425 δ’
1695 2369 1778 2439 οὕ,
1832 2369 1959 2427 ἀλλ’

301 2459 546 2534 οἷκήτῶρ
598 2459 740 2520 ἂπας
801 2458 1152 2531 ἁπαξαπλῶς,
1218 2462 1292 2521 ὡς
1351 2465 1598 2536 παρεῖναι
1649 2462 1737 2515 καὶ
1788 2460 1959 2535 Σύρον

312 2548 588 2623 ὀψοφάγον
622 2548 713 2603 καὶ
755 2546 965 2623 λῃστὴν
1015 2549 1251 2623 Ἰςαυρὸν
1306 2548 1395 2604 καὶ
1439 2550 1700 2624 πειρατὴν
1760 2550 1962 2607 Κίλικα

317 2635 408 2688 καὶ
438 2635 672 2708 ἱππότην
706 2639 818 2709 (78)
875 2639 1204 2716 κοντοφόρον
1261 2637 1580 2709 Ἰταλιώτην
1642 2640 1805 2712 δμοῢ,
1871 2638 1961 2693 καὶ

2061 1479 2302 1534 minime
2350 1478 2463 1533 laeti
2517 1479 2702 1559 deque
2760 1496 2826 1535 eo
2881 1482 3199 1537 amovendo
3248 1481 3511 1552 solliciti,
3571 1499 3706 1539 cum

2058 1567 2364 1641 prohibere
2395 1585 2460 1623 ac
2491 1568 2774 1624 voluntati
2795 1570 2916 1639 ejus
2968 1571 3239 1627 resistere
3280 1588 3394 1628 non
3445 1579 3706 1644 possent,

2060 1674 2175 1713 non
2211 1657 2383 1712 modo
2415 1657 2726 1713 servilibus
2755 1659 3016 1730 gestibus
3059 1664 3234 1732 atque
3286 1661 3502 1718 animis
3535 1663 3704 1719 eﬂ'usi

2061 1747 2241 1819 portis
2273 1745 2501 1801 obviam
2534 1752 2963 1818 processerunt,
3023 1749 3124 1804 sed
3174 1754 3232 1804 et
3287 1749 3621 1821 ingressum
3653 1751 3706 1805 ei

2064 1836 2436 1908 magnificum
2472 1838 2854 1904 adornarunt,
2907 1838 3049 1895 vicis
3106 1842 3163 1894 et
3209 1838 3382 1895 biviis
3414 1840 3706 1910 tapetibus

2061 1933 2233 1997 atque
2255 1923 2389 1980 aliis
2421 1926 2597 1981 rebus
2624 1925 2941 1994 adornatis,
2975 1943 3039 1982 ac
3071 1927 3157 1983 via
3188 1943 3298 1999 qua
3350 1927 3706 1984 transiturus

2060 2021 2185 2071 erat
2215 2016 2550 2072 recentibus
2581 2017 2852 2071 arborum
2883 2015 3188 2072 frondibus
3234 2021 3292 2072 et
3324 2016 3579 2072 odoratis
3612 2017 3710 2073 ﬂo-

2062 2103 2217 2159 ribus
2239 2108 2551 2160 constrata.
2595 2104 2711 2160 Nec
2761 2104 3075 2175 quisquam
3134 2105 3206 2161 ab
3249 2103 3349 2161 illo
3392 2105 3710 2163 honoriﬁco

2062 2208 2305 2249 occursu
2331 2194 2552 2259 aberat,
2586 2193 2683 2248 sed
2716 2209 2916 2248 omnes
2963 2193 3233 2264 inquilini
3287 2194 3707 2250 conﬂuxerant.

2061 2280 2280 2336 Aderat
2309 2281 2486 2353 Syrus
2525 2280 2793 2353 gulosus,
2826 2284 3026 2337 aderat
3043 2280 3190 2337 latro
3230 2281 3485 2352 Isaurus,
3512 2284 3711 2338 aderat

2066 2369 2251 2442 pirata
2272 2370 2420 2426 Cilix
2445 2388 2458 2426 :
2487 2387 2669 2443 eques
2690 2371 3020 2427 lancearios
3047 2371 3289 2429 Italicus
3309 2372 3510 2429 relicto
3537 2372 3713 2430 feroci

2062 2473 2211 2530 equo
2245 2463 2543 2531 positaque
2575 2460 2754 2515 animi
2787 2459 3036 2517 elatione
3069 2462 3316 2532 pedibus
3343 2462 3710 2535 triumphum

2064 2548 2469 2604 comitabatur.
2494 2549 2630 2604 Cum
2653 2550 3012 2606 autem142
3040 2550 3300 2605 Italicum
3342 2551 3585 2606 militem
3617 2551 3715 2606 ha-

2066 2639 2168 2690 staa
2201 2637 2397 2691 solerti
2429 2638 2772 2692 tractatione
2804 2637 3105 2707 superbire
3153 2637 3389 2705 videret,
3421 2637 3712 2695 ludicrum

311 2720 483 2777 ’ίππον
537 2726 803 2800 ὑψαύχενα
866 2727 954 2780 καὶ
1015 2726 1321 2803 ὑπέραυχον
1383 2727 1641 2805 φρόνημα
1701 2726 1959 2801 παρωσά-

2067 2728 2360 2780 certamen
2395 2725 2696 2780 hastarum
2721 2728 2848 2781 sine
2872 2728 3019 2783 ferro
3064 2725 3343 2783 instituit.
3378 2725 3519 2781 Cum
3552 2726 3719 2781 ludo-

326 2836 499 2889 μενοτ
528 2817 615 2870 καὶ
638 2815 802 2891 βάδην
843 2819 1104 2893 παριόντα
1160 2820 1251 2875 τὸν
1309 2814 1600 2895 θρίαμϐον.
1662 2820 1834 2892 Ὁρῶν
1905 2819 1962 2875 δὲ

313 2906 494 2961 καὶτὸ
523 2904 581 2960 ἐκ
615 2910 717 2960 τῶν
742 2907 983 2963 Λατίνων
1033 2906 1204 2964 ἐκεῖσε
1262 2910 1651 2984 στρατιωτικὸν
1699 2907 1834 2982 μέγα
1882 2912 1961 2980 τῷ

311 2992 502 3068 δόρατι
536 2993 961 3074 ἄγκαυχώμενον
989 2997 1081 3052 καὶ
1110 3002 1189 3069 τῷ
1244 2997 1444 3053 τούτου
1501 2994 1717 3071 ἐνδεξίῳ
1774 3001 1956 3075 φυσῶν

300 3084 666 3160 ἀγωνίσματι,
735 3083 955 3149 παιδιᾶς
1055 3086 1264 3162 ἡμέραν
1354 3086 1808 3160 συνθηματίζεται
1889 3083 1959 3140 δι’

292 3172 583 3250 ἂσιδήρων
623 3175 991 3249 δσρατισμῶν.
1021 3176 1111 3238 Ὠς
1143 3176 1233 3230 οὖν
1262 3178 1297 3246 ἡ
1356 3177 1666 3251 προθεσμία
1718 3175 1956 3247 ἐνειστή-

289 3287 399 3337 κει,
454 3263 774 3340 ἀριστίνδην
861 3269 969 3321 τῶν
1020 3267 1340 3339 Ῥωμαϊκῶν
1402 3265 1577 3343 ἐξάγει
1632 3265 1954 3342 καταλόγων

290 3356 426 3418 τοὺς
474 3354 602 3428 περὶ
673 3355 737 3410 τὸ
798 3351 1101 3429 κραδαίνειν
1162 3352 1363 3431 δόρατα
1422 3352 1635 3433 εὒφυεῖς
1691 3357 1782 3411 καὶ
1841 3357 1959 3411 ὅσοι

294 3445 432 3519 πρὸς
458 3444 710 3499 αὗτὸντὸ
748 3444 899 3519 γένος
943 3443 1213 3518 ἀνέθερον.
1275 3444 1476 3514 Ἔξεισι
1530 3443 1587 3499 δὲ
1651 3445 1743 3499 καὶ
1800 3444 1960 3511 αὐτὸς

294 3532 662 3607 ὖποσεσηρὼς
723 3533 909 3608 βραχὺ
977 3534 1065 3587 καὶ
1125 3532 1262 3606 πρὸς
1311 3534 1373 3589 τὸ
1427 3534 1650 3604 σύνηθες
1695 3531 1957 3607 μειδίαμα

296 3622 715 3698 ὑγραινόμενος,
767 3619 822 3682 ἒς
879 3618 1066 3676 πεδίον
1148 3620 1405 3691 ὁπτιάζον
1451 3622 1540 3676 καὶ
1589 3623 1770 3678 ἱκανὸν
1818 3624 1959 3678 ἀντι-

298 3712 449 3781 τάξαι
479 3710 757 3786 δισχιθεῖς
782 3707 1073 3772 ἱππότιδας
1104 3710 1409 3788 φάλαγγας,
1449 3712 1512 3766 τὸ
1570 3709 1701 3786 δόρυ
1755 3733 1953 3784 μετεω·

303 3801 483 3874 ρίζων,
516 3797 792 3877 χλαμύδα
822 3798 1133 3872 ᾐσθημένος
1176 3801 1516 3874 ἀστειοτέραν
1557 3800 1678 3873 περὶ
1723 3801 1815 3856 τὸν
1867 3798 1956 3856 δε-

294 3890 407 3962 ξιὸν
449 3890 607 3964 ὦμον
642 3889 1053 3961 περονουμένην
1082 3890 1174 3944 καὶ
1233 3890 1480 3968 ἀφιεῖσαν
1534 3888 1817 3964 ἐλευθέραν
1853 3893 1952 3960 τήν

290 3988 460 4057 χεῖρα
482 3982 623 4037 κατὰ
652 3980 718 4035 τὸ
748 3981 1042 4055 πόρπημα.
1067 3983 1214 4057 Ὢγει
1248 3977 1306 4035 δὲ
1362 3981 1521 4036 αὐτὸν
1569 3979 1739 4042 ’ίππος
1786 3981 1952 4038 πολε·

2067 2830 2197 2868 rum
2221 2814 2339 2869 dies
2372 2815 2622 2881 adesset,
2654 2814 2877 2871 delectu
2909 2820 3034 2872 acto
3063 2833 3095 2872 e
3134 2815 3410 2871 Romanis
3468 2814 3709 2885 legioni-

2064 2901 2174 2957 bus
2204 2903 2582 2973 cognatisque
2611 2903 2736 2959 suis
2762 2904 3054 2959 vibrandm
3099 2905 3278 2960 hastae
3320 2903 3711 2976 peritissimos
3764 2898 3769 2901 6

2066 2991 2354 3063 producit.
2413 2991 2603 3048 Prodit
2656 2996 2714 3048 et
2769 2992 2914 3065 ipse,
2975 3010 3077 3065 pro
3130 2992 3551 3050 consuetudine
3579 3010 3708 3065 sua,

2065 3091 2389 3147 subridenti
2416 3092 2601 3163 vultu,
2633 3092 2689 3147 in
2752 3092 3071 3165 spatiosam
3128 3092 3431 3164 planitiem
3488 3093 3548 3148 in
3593 3108 3712 3164 qua

2064 3186 2362 3251 equestres
2419 3183 2626 3237 turmae
2682 3182 2984 3238 commode
3045 3198 3392 3239 concurrere
3448 3185 3706 3254 possent,

2064 3268 2238 3326 hasta
2268 3270 2327 3325 in
2359 3268 2544 3326 altum
2574 3270 3057 3344 elata,chlamyde
3077 3271 3391 3343 insigniore
3444 3271 3710 3339 indutus,

2065 3373 2189 3428 quae
2220 3357 2278 3415 in
2312 3360 2510 3416 dextro
2541 3361 2785 3416 humero
2814 3360 3235 3417 inﬁbulabatur
3293 3366 3357 3416 ut
3405 3360 3709 3417 brachium

2063 3454 2216 3504 esset
2244 3448 2518 3515 liberum,
2550 3466 2700 3522 equo
2733 3449 2939 3506 bellico
2971 3450 3234 3506 insidens
3276 3451 3502 3522 pulchri
3555 3449 3709 3506 colo-

2064 3537 2143 3592 ris
2164 3541 2221 3593 et
2249 3540 2441 3595 aureis
2474 3539 2729 3611 phaleris
2762 3539 3096 3612 conspicuo,
3131 3541 3228 3612 qui
3249 3541 3470 3596 cervice
3502 3540 3712 3596 leniter

2063 3637 2287 3684 arrecta
2317 3634 2374 3683 et
2404 3629 2648 3684 humum
2679 3628 2921 3701 pedibus
2945 3629 3183 3701 pulsans
3225 3645 3433 3684 cursus
3482 3627 3710 3699 cupidi-

2060 3720 2238 3772 tatem
2270 3734 2385 3788 praa
2418 3733 2480 3773 se
2538 3718 2759 3773 ferebat
2816 3727 2866 3774 et
2926 3735 3058 3773 cum
3118 3717 3429 3790 splendore
3461 3717 3706 3773 sessoris

2059 3804 2234 3861 veluti
2266 3807 2541 3862 certabat.
2565 3806 2751 3863 Jussit
2781 3810 2836 3862 et
2866 3811 3144 3878 cognatos
3176 3822 3313 3865 suos
3360 3811 3417 3861 et
3472 3810 3709 3863 caeteros

2060 3895 2161 3967 qui
2194 3912 2325 3951 cum
2360 3894 2522 3952 Italis
2552 3896 2823 3951 certaturi
2879 3906 3091 3967 essent,
3126 3912 3306 3968 quam
3361 3895 3710 3969 splendidis-

2058 3984 2235 4040 simas
2267 3992 2454 4040 vestes
2514 3985 2776 4042 induere.
2838 3986 3122 4057 Egressus
3178 3989 3270 4041 est
3325 3992 3378 4041 et
3437 3983 3707 4057 princeps

295 4072 595 4145 μιστήριος
654 4067 947 4143 καλλίθριξ
999 4071 1088 4124 καί
1143 4069 1586 4147 χρυσοφάκαρος,
1645 4072 1704 4132 ὅς
1769 4072 1954 4146 ἠρέμα

2065 4074 2417 4143 Gerhardus,
2451 4090 2596 4146 equo
2646 4075 2774 4130 nive
2832 4074 3155 4131 candidiori
3206 4074 3489 4142 insidens,
3511 4073 3712 4130 tunica

294 4162 593 4237 ὑπογυρῶν
626 4160 722 4215 τὸν
744 4158 951 4235 αὐχένα
998 4161 1087 4215 καὶ
1137 4160 1481 4237 ὑποσκαίρων
1538 4161 1616 4216 τὼ
1667 4159 1821 4229 πόδε,
1881 4164 1957 4228 ὡς

290 4247 519 4325 δρόμων
562 4249 834 4325 έρωτιῶν,
868 4250 992 4303 οἷον
1025 4247 1407 4322 ἀνθημιλλᾶτο
1435 4254 1505 4324 τῇ
1534 4254 1632 4305 τοῦ
1688 4246 1957 4306 ἀναϐάτου

284 4337 670 4414 λαμπρότητι.
706 4336 813 4395 Καὶ
845 4336 1055 4411 ἑκάστῳ
1095 4336 1151 4392 δὲ
1182 4342 1288 4394 τῶν
1340 4344 1638 4415 συγγενῶν,
1696 4341 1781 4395 καὶ
1843 4339 1965 4395 ὅσοι

289 4424 725 4501 διαγωνίζεσθαι
809 4424 976 4481 ἄλλοι
1062 4431 1182 4488 τοῖς
1267 4425 1499 4491 Ἰταλοῖς
1577 4428 1962 4504 ἐπεκρίθησανν

284 4514 719 4593 λαμπροφορεῖν
754 4513 1003 4587 ἐπέταξεν
1052 4515 1128 4578 ὡς
1186 4513 1333 4585 ἐνῆν.
1385 4516 1617 4590 Ἐξῆλθε
1674 4515 1731 4573 δὲ
1785 4518 1876 4573 καὶ
1935 4521 1963 4574 6

285 4604 524 4681 πρίγκιψ
565 4601 838 4680 Γεράρδος
896 4601 1207 4678 λευκοτέρῳ
1266 4606 1457 4680 χιόνος
1515 4604 1722 4680 ἔποχος
1784 4606 1958 4679 ἵππῳ.

287 4694 720 4771 ἀμπισχόμενος
755 4697 963 4767 χιτῶνα
995 4691 1314 4772 διάσχιστον
1346 4692 1652 4766 ποδηνεκῆ,
1676 4696 1766 4749 καὶ
1798 4690 1963 4751 πῖλον

287 4782 440 4860 ἔχων
498 4783 589 4839 ἐπὶ
658 4780 912 4856 κεφαλῆς
971 4783 1107 4837 κατά
1174 4783 1363 4857 τιάραν
1424 4783 1703 4854 ἐπικλινῆ,
1770 4790 1962 4859 χρύσῷ

280 4874 653 4930 κατάπαστον.
691 4869 972 4944 Συνεξίασι
1020 4871 1079 4926 δὲ
1133 4872 1225 4927 καὶ
1280 4873 1330 4927 οἱ
1390 4872 1527 4951 ἀμφ’
1577 4873 1738 4928 αὐτὸν
1786 4873 1961 4929 ἱππό-

281 4983 397 5034 ται,
438 4962 629 5025 πάντες
666 4958 881 5037 ἁρεϊκοὶ
938 4961 1038 5029 τήν
1102 4959 1283 5037 ἰσχὺν,
1337 4962 1599 5035 εὐμήκεις
1643 4963 1710 5018 τὰ
1768 4964 1960 5037 σώμα·

282 5076 376 5111 τα’
408 5056 494 5119 Ὦς
539 5052 587 5110 δ’
619 5048 840 5127 ἔφριξεν
867 5048 1141 5127 ἐγχείῃσιν
1166 5054 1201 5122 ἡ
1239 5052 1420 5132 μάχη,
1481 5051 1737 5130 ἄγευστος
1792 5054 1961 5128 αἵμα-

282 5165 401 5214 τος,
430 5141 836 5200 συνεπλέκοντο
871 5138 1121 5213 ἐκθύμως
1182 5139 1231 5213 ἐξ
1293 5142 1496 5221 ἀμφυῖν
1551 5143 1724 5198 ἱκανοὶ
1774 5141 1956 5213 ἀλλή-

277 5232 415 5298 λους
448 5227 936 5308 διαδορατίζοντες
966 5227 1058 5283 καὶ
1106 5227 1235 5290 τοὺς
1291 5231 1405 5284 κατ’
1459 5230 1633 5286 αὐτῶν
1702 5230 1953 5286 ἀκοντισ-

281 5327 417 5398 μοὺς
510 5315 969 5385 ὓπεκκλίνοντες,
1064 5314 1154 5372 ὅτε
1201 5319 1291 5372 καὶ
1341 5318 1408 5388 ἦν
1471 5316 1600 5374 ἰδεῖν
1657 5320 1792 5375 κατὰ
1851 5321 1944 5376 τὸν

2068 4179 2169 4219 acu
2196 4164 2350 4235 picta
2371 4180 2556 4236 usque
2579 4164 2650 4219 ad
2670 4163 2813 4220 talos
2831 4164 3086 4220 demissa
3107 4162 3595 4237 indutus,pileum
3614 4180 3715 4219 au-

2070 4258 2261 4309 ratum
2284 4253 2343 4308 in
2369 4253 2559 4324 capite
2578 4258 2838 4326 gestans,
2869 4254 3195 4310 tiarae148
3216 4253 3713 4322 instarinﬂexum,

2075 4360 2207 4398 cum
2239 4342 2503 4400 omnium
2534 4343 2796 4413 equitum
2830 4359 3070 4398 suorum
3121 4344 3425 4409 comitatu,
3470 4343 3716 4415 proceri-

2075 4437 2193 4489 tate
2223 4448 2526 4502 corporum
2563 4436 2619 4486 et
2667 4431 2873 4487 bellico
2935 4433 3266 4489 animorum
3324 4432 3519 4504 vigore
3571 4432 3713 4487 insi-

2074 4523 2296 4593 gnium.
2331 4520 2777 4576 Utludicrailla
2808 4536 3000 4592 pugna
3054 4521 3325 4576 inchoata
3381 4524 3486 4588 est,
3535 4520 3715 4575 utrin-

2075 4625 2188 4679 que
2246 4608 2577 4681 complures
2640 4625 2848 4680 magno
2912 4608 3134 4682 impetu
3194 4613 3333 4663 sunt
3394 4610 3716 4679 congressi,

2077 4698 2376 4755 hastarum
2408 4698 2559 4754 ictus
2579 4699 2639 4754 in
2670 4700 2852 4755 vicem
2884 4697 3214 4771 ingerentes
3244 4703 3300 4754 et
3328 4698 3710 4754 declinantes.

2077 4788 2156 4843 lbi
2190 4788 2385 4843 videre
2420 4792 2544 4844 erat
2573 4789 2717 4845 alios
2753 4788 3061 4861 resupinos
3120 4788 3365 4859 pedibus
3422 4788 3483 4843 in
3534 4787 3716 4845 altum

2073 4876 2239 4933 elatis
2268 4878 2473 4948 sterni,
2527 4878 2670 4935 alios
2756 4894 2968 4949 pronos
3043 4878 3259 4949 jacere,
3349 4876 3497 4934 alios
3571 4877 3718 4936 sella

2072 4966 2326 5037 equestri
2356 4966 2753 5037 devolvi,alios
2781 4968 3022 5024 obverso
3078 4972 3239 5040 tergo
3280 4967 3456 5023 effuse
3494 4968 3714 5040 iugere,

2072 5054 2216 5112 alios
2246 5055 2459 5127 pallere
2491 5073 2605 5127 prae
2629 5057 2964 5127 jaculorum
2996 5061 3154 5113 metu
3188 5061 3245 5113 et
3279 5057 3428 5113 intra
3449 5056 3717 5129 clypeum

2071 5162 2199 5200 sese
2252 5144 2485 5215 abdere,
2543 5145 2690 5201 alios
2748 5147 2979 5215 rubere,
3038 5147 3139 5218 qui
3192 5147 3556 5203 adversarios
3610 5157 3719 5202 tre-

2069 5234 2268 5303 pidare
2334 5242 2654 5289 cernerent.
2744 5237 2854 5289 Aer
2935 5250 3071 5290 vero
3149 5236 3361 5305 impetu
3430 5251 3713 5305 equorum

2067 5324 2405 5381 verberatus
2436 5323 2637 5380 vexilla
2663 5340 2797 5380 cum
2851 5325 3023 5381 sibilo
3084 5325 3383 5398 agitabat:
3449 5329 3512 5380 ut
3558 5324 3719 5380 haud

1666 5528 1843 5593 Hier.
1892 5529 2099 5595 Wolﬂi
2136 5534 2336 5595 notae.

330 5686 451 5762 (78)
502 5670 805 5740 Ἱππότην.
839 5667 989 5726 Μετά
1012 5668 1309 5745 κονταρίων
1345 5669 1432 5725 καὶ
1465 5669 1687 5747 ἀλόγων
1720 5665 2019 5747 ἀραϐικῶν.
