4140 6290
471 380 590 440 447

1775 381 1822 440 Ν
1830 378 2077 440 ICETIE
2117 377 2542 440 CHONIATIE

3714 383 3813 443 MS

472 512 544 568 ab
577 528 638 568 re
666 511 782 568 dici
811 515 1007 583 posset
1036 512 1095 568 in
1127 512 1202 570 iis
1230 511 1388 568 ludis
1418 515 1700 569 Venerem
1759 527 1892 568 cum
1935 510 2112 568 Marte

2228 505 2478 587 ἀχαλκον
2511 511 2714 586 θκεῖνον
2757 505 2885 582 ἄρεα
2927 510 3004 579 πῇ
3048 507 3142 581 μὶν
3183 501 3464 582 κύμϐαχον
3485 507 3566 564 ἐπὶ
3601 511 3812 586 βρεχμόν

473 605 530 659 et
560 601 859 658 Bellonam
887 618 1019 658 cum
1051 601 1266 659 Gratiis
1298 603 1507 659 coiisse
1539 620 1552 658 :
1589 606 1754 658 tanta
1783 605 1905 658 erat
1933 601 2121 658 varie-

471 697 563 750 tas
594 701 648 749 et
679 693 993 766 elegantia.
1028 693 1235 750 Studia
1267 711 1436 766 porro
1498 695 1897 750 Romanorum
1949 701 2122 764 alque

471 782 775 840 audaciam
791 782 1084 839 aemulatio
1103 783 1440 853 Latinisque
1454 781 1821 854 precellendi
1834 782 2122 854 cupiditas

471 877 528 931 et
557 873 928 944 imperatoris
962 870 1119 927 oeuli
1143 871 1371 942 judices
1391 877 1649 928 actorum
1681 870 2076 927 incendebant
2102 887 2117 926 :

467 963 642 1018 Italos
673 978 810 1017 vero
844 976 1076 1033 semper
1107 965 1301 1017 erecta
1339 962 1528 1016 cervix
1559 965 1614 1016 et
1649 961 1884 1016 animus
1915 974 2124 1032 super-

468 1051 579 1107 bus
612 1055 785 1123 atque
815 1049 1160 1122 indignatio,
1195 1066 1268 1106 ne
1301 1049 1547 1106 Romani
1588 1049 1818 1105 hastato
1869 1047 1967 1104 illo
1999 1064 2120 1103 cer-

469 1141 689 1196 tamine
719 1140 1048 1211 superiores
1108 1145 1324 1204 essent,
1393 1139 1748 1196 excitabant.
1799 1142 2123 1209 Imperator

467 1230 594 1302 ipse
624 1230 770 1286 duos
801 1229 1029 1301 equites
1064 1230 1217 1284 144
1249 1227 1419 1284 simul
1459 1227 1793 1300 prostravit,
1825 1243 1974 1298 equo
2032 1226 2119 1282 al-

466 1324 656 1376 terum
688 1324 747 1376 et
777 1320 946 1376 hasta
976 1319 1262 1386 invectus,
1291 1319 1392 1390 qui
1446 1319 1670 1390 impetu
1715 1318 1897 1390 jaculi
1941 1317 2116 1374 etiam

468 1406 711 1464 alterum
743 1423 860 1463 una
891 1423 1089 1462 secum
1123 1407 1349 1476 dejeeit.

1161 1493 1184 1512 ἢ

466 1496 622 1569 Ἀρεῖ
675 1493 970 1564 συνελθεῖν,
1029 1499 1097 1569 τῇ
1157 1493 1203 1549 δ’

1264 1497 1442 1568 Ἐνξοῖ
1500 1494 1902 1568 συμπλέκεσθαι
1963 1493 2222 1568 Χάριταςο
2285 1491 2428 1548 οὕτω
2476 1494 2544 1548 τὰ
2601 1493 2723 1548 τότε
2790 1494 3013 1568 παίγνια
3075 1495 3251 1568 μίγμα

2225 618 2284 653 τε
2379 596 2470 653 καὶ
2565 602 2751 671 ὤμους
2830 597 3293 673 ἀνατρεπόμενον,
3376 596 3568 654 ἄλλοσε
3635 600 3821 664 ἱππείας

2227 684 2505 764 ἀστράϐης
2561 687 3066 768 ἐκσφαιριζόμενον,
3113 685 3285 743 ἄλλον
3345 697 3539 762 πρηνῆ,
3601 691 3823 760 ἒζυπτιά·

2230 784 2391 848 ζοντα
2446 778 2653 854 ἓτερον,
2713 777 2883 834 ἄλλον
2963 773 3340 851 μεταϐαλόντα
3401 779 3466 833 τὰ
3547 785 3680 836 νῶτα
3743 782 3822 836 καὶ

2228 867 2620 944 προτροπάδην
2696 869 2980 948 φεύγοντα.
3093 876 3138 925 0
3217 869 3310 942 μὲν
3387 869 3666 946 ἐχλώριζεν
3735 873 3821 926 ὑπὸ

2231 955 2403 1029 δέους,
2434 961 2523 1014 τὸν
2579 959 2933 1028 ἆκοντίζοντα
2993 956 3208 1028 δεδιὼς,
3276 959 3364 1015 καὶ
3425 965 3502 1033 τῷ
3565 959 3699 1014 σάκει
3739 966 3825 1024 πᾶς

2228 1046 2568 1104 ἑνεθάπτετψ
2653 1048 2680 1103 ὁ
2733 1045 2789 1102 δὲ
2853 1048 3086 1123 ἀνθηρὸς
3153 1049 3243 1119 ἧν,
3320 1048 3409 1105 τὸν
3464 1049 3824 1126 ἀνταγωνιστὴν

2231 1139 2614 1213 κατεπτηχότα
2646 1138 2806 1212 ὁρῶν.
2843 1139 2920 1194 Τὸ
2963 1135 3020 1192 δὲ
3048 1143 3144 1192 τοῦ
3169 1135 3326 1214 ἀέρος
3360 1139 3534 1212 ῥόθιον
3586 1143 3648 1212 τῇ
3703 1138 3828 1213 ὁρμῆ

2225 1231 2333 1280 τῶν
2397 1227 2585 1281 ἳππων
2639 1227 2974 1299 τεμνόμενον
3031 1227 3235 1300 ἡνέμου
3283 1227 3378 1289 τὰς
3451 1229 3673 1300 σημαίας
3751 1227 3824 1281 καὶ

2229 1313 2456 1389 λιγυρὸν
2519 1315 2887 1391 ὑπεσύριττεν.
2947 1313 3109 1370 Εἶπεν
3176 1313 3234 1370 ἄν
3289 1337 3372 1377 τις
3426 1315 3522 1370 οὐκ
3573 1315 3826 1388 ἀκόμψως,

2225 1403 2361 1478 πρὸς
2410 1403 2510 1472 τὴν
2569 1407 2864 1473 τηνικαῦτα
2926 1400 3176 1479 διάχυσὶν
3241 1401 3470 1476 ἀπιδὼν,
3538 1401 3830 1482 Ἀφροδίτην

3353 1492 3530 1549 ποικί)
3547 1516 3604 1548 ου
3675 1492 3822 1549 καλοῦ

467 1584 754 1659 ἐτύγχανεν
788 1579 935 1641 ὄντα.
1005 1585 1212 1640 Ἐποίει
1237 1582 1284 1639 δ’
1315 1583 1654 1658 ἁμιλλᾶσθαι
1713 1587 1801 1638 καὶ
1855 1581 2318 1660 παραλογώτερον
2373 1583 2683 1654 Ῥωμαίους
2753 1583 2847 1655 μὶν
2901 1583 2964 1637 τὸ
3023 1579 3342 1662 ὕπερφέρειν
3398 1582 3676 1659 βούλεσθαι
3735 1587 3824 1636 τῶν

467 1675 714 1730 Λατίνων
765 1673 856 1728 καὶ
914 1674 1050 1728 κα-τᾶἱ
1113 1676 1212 1742 τήν
1270 1679 1377 1729 τῶν
1436 1671 1678 1749 δοράτων
1737 1673 2058 1748 Ῑγκοῖνησιν,
2107 1671 2196 1726 καὶ
2262 1670 2532 1746 βασιλέως
2573 1672 2744 1726 αὐτοῦ
2790 1669 3067 1744 ὀφθαλμοὶ
3093 1671 3424 1747 ἀγωνοθέται
3481 1677 3584 1727 τῶν
3643 1669 3832 1748 δρωμέ-

467 1784 572 1818 νων
630 1763 927 1837 γινόμενοι,
991 1761 1229 1825 Ἰταλοὺς
1263 1759 1319 1818 δὲ
1352 1765 1379 1818 ὁ
1431 1763 1511 1818 ἀεὶ
1545 1763 1703 1836 ὀρθὸς
1738 1761 1915 1837 αὐχὴν
1969 1762 2058 1816 καὶ
2115 1759 2178 1816 τὸ
2205 1755 2424 1833 ὑϐρίζον
2459 1761 2735 1837 ορόνημα,
2768 1758 2844 1815 ἔτι
2878 1781 2936 1836 γε
2968 1763 3076 1833 μην
3127 1762 3190 1816 τὸ
3223 1759 3353 1834 μηδ’
3385 1762 3528 1824 ὅλως
3580 1761 3832 1836 ἀνέχεσθαι

464 1852 774 1927 Ῥωμαίους
830 1856 1044 1929 κρατεῖν
1113 1853 1204 1908 τὸν
1262 1851 1352 1908 διὰ
1397 1857 1600 1908 κοντῶν
1659 1851 1926 1925 πόλεμον.
1978 1847 2242 1910 Βασιλεὺς
2301 1847 2358 1904 δὲ
2433 1849 2594 1912 αὐτὸς
2653 1847 2843 1905 σύνδυο
2886 1851 3119 1912 ἱππότας
3174 1849 3522 1925 προσούδισε,
3575 1853 3690 1930 καφ⁹
3738 1851 3835 1912 ἑνὸς

507 1943 522 1960 \
677 1942 691 1960 Ι
976 1938 1002 1962 η
1276 1941 1288 1957 ε
1389 1942 1402 1960 \
1770 1935 1819 1957 λε
2085 1937 2097 1958 Ι
2267 1935 2318 1954 ἢν·

467 1961 560 2014 μεν
594 1939 791 2002 ἐλασας
849 1941 940 1996 τὸν
987 1962 1148 1998 ιππον
1202 1963 1292 1997 και
1349 1963 1411 1996 το
1471 1937 1601 2016 δόρυ
1659 1959 1928 2015 κραοανας
1988 1939 2195 1994 ἐκεινου
2265 1953 2320 1992 οε

463 2027 914 2099 διακοντίζοντος,

2267 1935 2318 1954 ευ.

2388 1935 2898 2013 συγκαταϐαλόντος
2963 1940 3052 1994 τὸν
3115 1939 3383 2016 σύνεγγυς
3447 1945 3515 2016 τῇ
3570 1940 3704 2014 ῥύμῃ
3752 1941 3834 1994 τοῦ

536 2124 856 2191 Postquam
887 2121 1280 2177 Antiochenos
1319 2118 1706 2176 admiratione
1754 2118 2112 2176 fortitudinis

2299 2114 2522 2186 Πλήσας
2558 2115 2649 2170 οὗν
2689 2114 2771 2170 ἐπ’
2803 2113 2996 2190 ἀνδρίᾳ
3024 2115 3152 2178 τοὺς
3209 2119 3522 2194 ’Λντιοχεῖς
3577 2115 3835 2189 θαύματος,

469 2207 832 2280 impleverat,
864 2225 996 2264 cum
1032 2209 1140 2280 ipsi
1166 2209 1452 2265 vidissent
1509 2225 1632 2281 quae
1665 2207 1830 2281 prius
1880 2206 2116 2263 audive-

471 2301 625 2364 rant,
658 2295 880 2369 Cpolim
915 2297 1105 2353 redire
1137 2297 1394 2354 instituit
1428 2315 1441 2353 :
1471 2307 1526 2354 et
1584 2314 1685 2369 per
1731 2297 1949 2354 amicas
1979 2313 2116 2367 pro-

468 2383 692 2441 vincias
726 2385 836 2440 iter
893 2384 1113 2440 habens
1163 2386 1480 2442 maximam
1540 2385 1832 2458 c0piarum
1891 2389 2114 2458 partem

467 2473 712 2530 dimisit.
763 2475 824 2529 In
889 2491 1004 2546 quo
1066 2474 1390 2547 prudentiae
1448 2491 1562 2531 suae
1621 2474 1840 2531 oblitus
1897 2473 2116 2530 milites

466 2561 754 2636 plurimos
786 2563 1006 2632 amisit,
1041 2569 1300 2621 extremo
1331 2565 1564 2636 agmine
1621 2565 1771 2621 male
1828 2567 2064 2620 tractato
2098 2580 2112 2618 :

467 2669 600 2709 nam
641 2651 880 2709 incitata
937 2652 1163 2710 itineris
1221 2654 1511 2725 cupiditas
1561 2659 1618 2711 et
1669 2653 1898 2711 etl‘renis
1939 2657 2115 2726 atque

465 2741 938 2799 inconsideratae
970 2742 1211 2798 domum
1248 2743 1447 2800 itionis
1478 2743 1652 2800 ardor
1699 2742 1955 2814 legiones
1997 2758 2112 2798 non

463 2848 681 2904 paucas
710 2831 770 2888 in
803 2831 900 2888 illa
958 2831 1322 2906 dispersione
1382 2833 1608 2902 afﬂixit,
1645 2832 1838 2888 subito
1892 2833 2110 2888 Turco-

464 2938 593 2977 rum
629 2921 849 2978 insultu
881 2938 1214 2995 oppressas.
1248 2922 1398 2978 Tum
1460 2938 1520 2979 re
1579 2923 1708 2994 ipsa
1746 2926 2112 2993 compertum

466 3017 556 3068 est
577 3017 868 3082 quantum
891 3012 1027 3068 boni
1051 3013 1129 3070 sit
1149 3013 1208 3068 in
1233 3012 1909 3086 providentia,quantu:n
1934 3017 2112 3068 teme-

467 3101 609 3157 ritas
639 3105 695 3156 et
729 3099 1061 3157 inconsulta
1090 3101 1330 3158 consilia
1363 3105 1675 3174 apportent
1705 3101 2107 3157 incommodo-

468 3205 600 3244 rum
633 3193 690 3244 et
720 3189 1061 3256 malorum;
1115 3206 1181 3244 ac
1239 3190 1408 3262 longe
1469 3193 1735 3260 praestare
1793 3188 2109 3245 salutarem

464 3293 684 3334 moram
714 3277 1055 3348 perniciosa:
1095 3278 1469 3346 festinationi,
1529 3280 1907 3351 quantumvis
1947 3278 2111 3335 initio

465 3383 568 3438 spe
635 3365 790 3422 bona
874 3364 1219 3423 blandienti.
1280 3368 1567 3425 Fortassis
1632 3372 1827 3424 autem
1885 3366 2114 3439 gravior

2224 2200 2381 2280 ὄψεσι
2411 2201 2824 2282 παρειληφότας
2884 2205 3018 2279 ἃπερ
3078 2206 3265 2270 ἀκοαῖς
3323 2206 3620 2284 ἔνηχοῦντο
3667 2206 3835 2282 πρότε-

2224 2315 2341 2370 ρον,
2377 2291 2515 2371 ἔγνω
2545 2292 2884 2368 παλινῳδίαν
2942 2295 3064 2366 ᾆσαι
3114 2299 3253 2372 πρὸς
3311 2299 3416 2368 τὴν
3476 2293 3837 2352 Κωνσταντίνου

2217 2382 2583 2459 τραπόμενος.
2626 2385 2812 2440 Ἔνθεν
2849 2405 2936 2440 τοι
2965 2385 3056 2440 καὶ
3108 2385 3180 2448 ὡς
3237 2383 3331 2441 διὰ
3405 2385 3588 2464 φιλίας
3655 2381 3838 2458 μέλλων

2222 2473 2355 2528 ἰέναι
2389 2471 2639 2546 διαφίησι
2697 2475 2759 2530 τὸ
2820 2472 3203 2550 στρατόπεδον,
3264 2476 3403 2531 ὅποι
3465 2475 3619 2554 φίλον
3665 2473 3838 2543 ἑκάστῳ

2223 2563 2588 2636 μεθίστασθαι.
2651 2567 2822 2620 Τοῦτο
2876 2561 2933 2618 δὲ
2994 2566 3070 2638 μὴ
3128 2567 3247 2629 καθ’
3296 2566 3553 2640 ἡγεμόνα
3583 2565 3754 2624 ὁποῖος
3777 2561 3831 2630 ἦν

2218 2652 2380 2714 αὐτὸς
2441 2651 2901 2729 βουλευσάμενος,
2950 2648 3112 2718 ἔλαθε
3162 2653 3560 2730 παραπολὲσας
3603 2653 3662 2709 τὸ
3711 2648 3830 2707 πολῦ

2218 2745 2313 2796 τοῦ
2357 2747 2584 2818 στρατοῦ
2637 2742 2725 2797 καὶ
2784 2747 2964 2806 κακῶς
3011 2741 3078 2798 τά
3131 2744 3249 2798 κατ’
3307 2743 3480 2820 ούράν
3540 2741 3832 2814 διαθέμενοβ

2217 2833 2252 2902 ἡ
2286 2831 2388 2909 γὰρ
2413 2832 2550 2905 πρὸς
2574 2831 2796 2906 πορείαν
2831 2831 2976 2902 ὀξεῖα
3022 2832 3219 2888 τούτου
3278 2833 3433 2908 ῥοπὴ
3499 2833 3588 2889 καὶ
3642 2835 3674 2900 ἡ
3722 2828 3834 2903 πρὸς

2221 2922 2289 2976 τὰ
2312 2919 2485 2976 οἰκεῖα
2518 2920 2624 2991 ἢθη
2655 2926 2762 2976 τῶν
2822 2926 3174 2998 στρατιωτῶν
3227 2921 3588 2998 ἀχαλίνωτος
3644 2920 3832 2992 ἔπαρσις

2217 3009 2306 3065 καὶ
2339 3009 2635 3086 ἀλόγιστος
2668 3011 2776 3066 οὐκ
2826 3011 2988 3086 ὀλίγα
3026 3032 3134 3066 των
3184 3012 3494 3086 ταγμέτων
3561 3008 3828 3072 διαλυθέντι

2219 3099 2672 3174 παρελυμήνατο,
2704 3103 2812 3155 τῶν
2845 3099 3103 3176 Τούρκων
3164 3099 3605 3158 ἐπεισπεσόντων
3658 3097 3820 3172 ἀθρόως

2218 3187 2424 3260 αὐτοῖς,
2455 3189 2528 3251 ὡς
2568 3188 2726 3264 πείρᾳ
2755 3193 2960 3264 γνῶναι
2993 3189 3054 3245 τὸ
3085 3189 3208 3246 τότε
3266 3188 3527 3254 πολλοὺς
3575 3189 3674 3246 οἷον
3720 3181 3818 3254 ἀγα-

2216 3279 2306 3342 θὸν
2373 3281 2407 3347 ἡ
2475 3280 2812 3352 προμήθεια,
2885 3279 2982 3348 τὴν
3039 3275 3085 3333 δ’
3156 3275 3588 3354 ὑστεροϐουλίαν
3648 3279 3827 3351 πρᾶγμα

2217 3365 2473 3438 ἀνόνητον
2506 3367 2597 3422 καὶ
2647 3367 2980 3446 ἀξύμφορον,
3048 3369 3139 3423 καὶ
3197 3369 3270 3430 ὡς
3331 3375 3590 3446 κρεῖσσον
3643 3366 3698 3422 τὸ
3739 3359 3830 3436 μεθ’

465 3454 660 3512 clades
717 3459 952 3528 accepta
1007 3459 1180 3524 esset,
1240 3457 1353 3514 nisi
1419 3458 1739 3530 imperator
1793 3473 2108 3514 conversus

2221 3455 2454 3530 ἡμέραν,
2489 3457 2534 3510 εἱ
2579 3457 2739 3526 σώζει
2797 3457 2887 3512 καὶ
2947 3454 3166 3512 δίδωσιν
3223 3455 3504 3530 εὔκλειαν,
3560 3461 3650 3514 τοῦ
3699 3471 3840 3508 κατα-

2300 3550 2328 3559 ..
2568 3545 2581 3559 ς
2635 3546 2645 3559 ι
2789 3545 2807 3559 ι
2897 3557 2904 3559 _
2937 3547 2950 3559 ι
3214 3552 3240 3559 .-
3334 3545 3349 3559 ι
3521 3548 3533 3559 ι
3804 3534 3822 3556 Ἰ

461 3544 780 3601 Turcorum
811 3543 1090 3618 impetum
1140 3547 1510 3618 repressisset
1562 3550 1736 3619 atque
1791 3546 2106 3604 exercitum

461 3651 527 3691 eo
560 3635 784 3702 ordine,
811 3652 927 3707 quo
961 3635 1121 3707 prius
1169 3635 1226 3691 id
1276 3636 1397 3692 ﬁeri
1432 3637 1726 3702 decuerat,
1761 3636 2105 3694 reduxisset.

459 3727 602 3780 Cum
633 3741 766 3780 vero
797 3725 1176 3781 cadaveribus
1217 3726 1502 3782 astitisset
1549 3730 1607 3782 et
1667 3724 2108 3782 multitudinem

458 3815 890 3872 interfectorum
925 3815 1334 3888 perspexisset,
1375 3820 1431 3870 et
1489 3815 1654 3872 labiis
1713 3815 1946 3887 agitatis
1992 3832 2108 3886 pres

462 3905 658 3961 dolore
691 3904 882 3960 femur
912 3911 1114 3961 crebro
1157 3904 1565 3978 percussisset,
1624 3920 1756 3961 cum
1802 3905 2108 3976 profundis

461 3992 734 4065 suspiriis
784 3992 1176 4064 illacrymasse
1235 3995 1437 4064 fertur,
1499 4000 1560 4050 ut
1645 3995 1704 4049 in
1762 3994 2110 4066 egritudine

463 4082 644 4137 animi
674 4087 732 4136 et
761 4084 910 4140 145
948 4082 1144 4140 dolore
1175 4083 1344 4140 solet.
1405 4083 1684 4148 Quamvis
1743 4088 1937 4138 autem
1985 4099 2109 4138 sus-

462 4173 694 4240 ceptum
724 4170 980 4226 dedecus
1004 4170 1274 4228 abolendi
1307 4171 1752 4244 cupidissimus,
1800 4188 1932 4228 cum
1965 4171 2106 4244 quid

462 4257 520 4314 in
546 4258 855 4328 praesentia
885 4264 1080 4332 ageret
1119 4277 1234 4316 non
1283 4260 1543 4327 haberet,
1603 4261 1940 4317 institutum
1999 4261 2110 4317 iter

459 4347 669 4405 tenuit.

2221 3550 2466 3608 σπῶντος
2523 3545 2716 3601 αὐτίκα
2761 3545 2836 3608 εἷς
2887 3547 3136 3616 θάνατον,
3177 3552 3272 3602 κᾶν
3325 3545 3592 3622 ὖποσαίνῃ
3639 3534 3842 3624 χρηστὸ-

2217 3655 2364 3705 τητι.
2400 3636 2558 3713 Τάχα
2599 3632 2644 3689 δ’
2676 3633 2734 3689 ἄν
2770 3636 2857 3690 καὶ
2883 3634 2958 3697 είς
2999 3635 3280 3711 χείριστον
3315 3634 3542 3712 προῦϐη
3575 3637 3638 3692 τὰ
3693 3631 3841 3688 οἴκτι-

2221 3745 2339 3793 στα,
2397 3723 2442 3778 et
2506 3725 2581 3796 μή
2647 3723 2906 3798 βασιλεὺς
2961 3722 3388 3804 ἒπαναστραςρεῖς
3449 3731 3555 3782 τῶν
3613 3725 3840 3796 Τούρκων

2218 3812 2492 3868 ἀνέστειλε
2520 3814 2620 3883 την
2649 3812 2842 3892 φορὰν,
2874 3813 2964 3867 καὶ
3021 3811 3350 3888 προύπεμψε
3410 3818 3479 3872 τὰ
3530 3805 3841 3890 στρατόπεδα

2224 3903 2339 3976 μεθ’
2372 3899 2489 3964 θ’ίας
2523 3897 2629 3956 ἔδει
2663 3901 2958 3974 συντάξεως
3007 3906 3300 3978 πρότερον,
3361 3906 3457 3961 ὅτε
3507 3905 3592 3960 καὶ
3655 3900 3843 3974 λέγεται

2219 3998 2334 4054 τοῖς
2361 3997 2470 4048 τῶν
2503 3991 2774 4047 πεσόντων
2815 3991 3107 4050 ἐπιστάντα
3135 3995 3421 4070 πτώμασι,
3469 3996 3560 4052 καὶ
3614 3995 3674 4050 τὸ
3729 3989 3853 4058 πλῆ-

2221 4093 2312 4146 θος
2379 4085 2484 4136 τῶν
2541 4079 2938 4158 διαφθαρέντων
2989 4083 3114 4138 ’ὀσον
3180 4088 3619 4157 κατανοήσαντα,
3669 4076 3852 4150 πλῆξαί

2215 4191 2274 4226 τε
2302 4175 2371 4246 τῇ
2414 4171 2560 4250 χειρὶ
2591 4170 2683 4226 τὸν
2729 4171 2903 4246 μηρὸν
2973 4171 3278 4248 ἀχθόμενον
3338 4175 3431 4230 καὶ
3495 4177 3852 4250 περιψοφῆσαι

2215 4260 2282 4317 τὰ
2312 4259 2476 4336 χείλη
2501 4261 2675 4317 πυκνὰ
2706 4261 2797 4316 καὶ
2827 4261 3128 4335 ἀνοιμῶξαι
3182 4261 3368 4338 βύθιον
3425 4265 3520 4320 καὶ
3586 4262 3850 4338 δακρὸσαι,

2216 4353 2385 4406 ταῦτα
2417 4347 2483 4418 δὴ
2513 4348 2580 4405 τά
2608 4354 2716 4406 τῶν
2770 4350 3180 4423 παθαινομένων
3242 4352 3556 4425 σημαντικά
3613 4351 3699 4408 ἐπὶ
3751 4351 3856 4408 τοῖς

463 4438 762 4513 ὁρωμένοις
803 4436 837 4508 ἢ
878 4438 966 4493 καὶ
1037 4437 1454 4512 ἰνωτιζομένοις
1511 4436 1789 4514 ἀλγεινοῖς
1851 4439 2079 4512 θεάμασι
2146 4439 2237 4495 καὶ
2303 4439 2633 4512 ἀκούσμασι,
2699 4438 2791 4494 καὶ
2847 4441 3087 4516 ὁρμῆσαι
3160 4441 3255 4513 μὶν
3320 4441 3383 4496 τὸ
3443 4441 3498 4497 ἐν
3557 4441 3856 4516 ὀφθαλμοῖς

460 4527 904 4604 ἀναμαχέσασθαι
975 4526 1206 4599 ὄνειδος,
1275 4532 1524 4602 γενναῖον
1607 4523 1664 4581 δὲ
1735 4547 1790 4581 τι
1858 4526 1907 4600 ἐξ
1967 4526 2231 4604 ὑπογυίου
2292 4525 2481 4604 δρᾶσαι
2541 4528 2618 4600 μή
2676 4523 2875 4602 ἔχοντα
2927 4525 3056 4582 ὀδοῦ
3103 4535 3204 4598 τῆς
3262 4531 3642 4604 προκειμένης
3716 4528 3852 4588 αὖθις

455 4611 695 4692 ἔχεσθαι.

527 4710 580 4764 4.
610 4707 916 4765 Enimvero
949 4709 1188 4775 invidia,
1257 4725 1380 4779 quas
1440 4723 1554 4762 non
1605 4710 1832 4764 tantum
1868 4710 2108 4781 provin-
2141 4712 2188 4777 Β

456 4797 679 4853 ciarum
729 4803 786 4853 et
865 4798 1098 4854 urbium
1189 4799 1458 4854 dominos
1540 4796 1790 4853 subinde
1873 4797 2108 4869 obliquo

459 4884 722 4938 intuetur
753 4885 916 4942 oculo
982 4891 1039 4942 et
1095 4887 1466 4944 insidiatores
1524 4886 1582 4942 in
1653 4887 1915 4959 proximo
1983 4889 2109 4956 alit,

461 4969 562 5026 sed
598 4969 915 5027 mediocres
971 4973 1146 5028 etiam
1207 4974 1550 5043 insectatur,
1585 4990 1687 5030 nec
1743 4973 2108 5047 Styppiotam

456 5058 825 5115 Theodorum
881 5062 1064 5133 gratia
1119 5064 1274 5136 apud
1327 5064 1736 5136 imperatorem
1795 5064 2107 5136 pollentem

460 5149 804 5209 inviolatum
848 5153 1144 5224 prmteriit,
1204 5171 1390 5226 neque
1448 5155 1612 5227 prius
1667 5155 2003 5211 turbinibus
2052 5157 2109 5211 et

461 5237 737 5314 procellis
775 5240 995 5312 agitare
1035 5243 1274 5310 destitit,
1317 5260 1495 5316 quam
1554 5245 1622 5300 de
1679 5244 1861 5313 gradu
1920 5244 2109 5316 dejec‘

457 5335 582 5384 tum
627 5328 866 5402 locoque
907 5336 1129 5387 motum
1187 5333 1424 5388 tandem
1485 5332 1896 5390 miserabiliter
1953 5333 2099 5390 afﬂi-

454 5417 658 5474 xisset.
700 5423 810 5490 Ego
851 5435 982 5475 vero
1020 5419 1159 5476 talia
1198 5437 1429 5493 quoque
1478 5421 1732 5477 histories
1787 5422 2001 5492 insero,
2040 5427 2105 5478 ut

453 5505 694 5563 lectores
734 5512 1092 5579 cognoscant
1147 5525 1323 5580 quam
1384 5509 1698 5579 improvisa
1753 5514 1810 5566 et
1857 5508 2099 5566 inevita-

449 5593 599 5650 biles
642 5613 734 5652 res
776 5596 855 5652 sit
894 5596 1271 5668 improbitas:
1353 5612 1481 5652 esse
1540 5597 1734 5668 igitur,
1813 5601 2096 5668 quantum

449 5683 642 5759 liceat,
682 5702 780 5745 eos
819 5684 1060 5745 aemulos
1101 5685 1514 5758 observandas,
1558 5685 1658 5758 qui
1695 5685 2099 5758 iugeniissunt

2292 4704 2378 4766 δι’.
2408 4708 2480 4765 'O
2515 4703 2570 4760 δὲ
2603 4707 2679 4779 μὴ
2713 4711 2828 4768 τοῖς
2878 4704 3118 4780 ὑψηλοῖς
3184 4707 3349 4779 μόνον
3407 4709 3503 4763 καὶ
3556 4707 3721 4774 ἐθνῶν
3777 4689 3860 4760 καἶ

2218 4796 2434 4854 πόλεων
2467 4794 2749 4858 δυνάσταις
2781 4795 2938 4866 λοξὸν
2967 4795 3050 4850 ἀεὶ
3083 4795 3282 4872 ἐνορῶν
3343 4797 3545 4876 φθόνος
3603 4798 3694 4854 καὶ
3746 4797 3862 4854 τοὺς

2222 4883 2550 4946 ἐπιϐούλους
2574 4886 2781 4960 τρέφων
2815 4885 2896 4940 ἀεὶ
2929 4885 3113 4961 ἐγγὺς,
3149 4885 3292 4942 ἀλλὰ
3321 4887 3411 4942 καὶ
3441 4893 3571 4952 τοῖς
3641 4905 3858 4961 μετριω-

2218 4975 2395 5050 τὲροις
2475 4972 2853 5052 ἒπιιρυόμενος.
2921 4974 3079 5036 οὗτος
3155 4971 3278 5030 οὐδὲ
3334 4977 3426 5032 τὸν
3481 4976 3865 5041 Στυππειώτην

2219 5062 2497 5139 Θεόδωρον
2527 5070 2626 5134 τῆς
2679 5063 2825 5138 παρᾶ
2880 5060 3098 5138 βασιλεῖ
3153 5064 3420 5141 παῤῥσίας
3486 5064 3670 5122 εἷάσεν
3736 5065 3861 5135 ἀμε-

2214 5153 2454 5222 τάθετον,
2503 5150 2652 5208 ἀλλὰ
2705 5153 2936 5214 πνεύσας
2989 5150 3382 5230 καταιγιδῶὸες
3440 5154 3540 5209 καὶ
3602 5152 3789 5232 ἄγριον
3841 5149 3865 5203 ὃ

2217 5238 2614 5302 δυσπάλαιστος
2641 5239 2915 5303 πολλάκις
2951 5240 3046 5314 μὶν
3074 5244 3172 5295 τοῦ
3230 5241 3505 5315 στασίμου
3550 5240 3862 5322 στυφελίξας

2217 5333 2536 5407 μετήνεγκε,
2587 5327 2744 5392 οὲλος
2795 5327 2850 5384 δὶ
2909 5331 3000 5384 καὶ
3065 5330 3321 5406 ἀνέτρεψε
3371 5331 3465 5386 καὶ
3531 5332 3610 5396 εἰς
3675 5333 3864 5402 πτῶμα

2210 5421 2534 5491 κατήνεγκεν
2598 5417 2890 5476 οἴκτιστον.
2937 5419 3242 5492 Παρενείρω
3301 5415 3358 5473 δε
3416 5418 3514 5473 καὶ
3561 5421 3630 5476 τὰ
3691 5413 3861 5474 τοιάδε

2209 5508 2280 5578 τῇ
2324 5506 2558 5582 ἱστορίᾳ,
2619 5503 2830 5570 δεικνὺς
2885 5511 3004 5570 τοῖς
3066 5506 3527 5582 ἀναγινώσκουσιν
3604 5509 3702 5578 ὡς,
3767 5503 3855 5560 κᾶν

2208 5593 2601 5671 ἀσυλλόγιστον
2635 5617 2689 5651 τι
2724 5601 2918 5672 χρῆμα
2945 5597 3037 5650 καὶ
3069 5593 3439 5673 δυσφύλακτον
3507 5599 3543 5666 ἡ
3608 5594 3854 5668 πονηρία,

2203 5691 2407 5760 χρῆναι
2445 5688 2572 5760 γοῦν
2605 5685 2678 5748 ὠς
2737 5685 2849 5761 ἐξὸν
2898 5679 3293 5743 ἦποϐλὲπεσθαι
3353 5687 3460 5742 τῶν
3524 5683 3857 5764 ἀντιτέχνων
