4140 6290
292 364 413 426 H9

1369 354 1473 416 DE
1516 351 1901 417 MANUELE
1945 350 2315 415 COMNENO
2361 354 2505 417 LIB.
2554 355 2659 417 III.

3584 362 3704 423 450

293 497 495 555 ὁπόσοι
524 495 616 552 τὸν
652 495 748 568 μὲν
786 492 992 566 τρόπον
1052 488 1149 545 οὐκ
1204 487 1522 564 ἐλευθέριοι,
1573 489 1638 544 τὸ
1695 485 1752 542 δὲ
1802 487 1937 557 ἦθος

2061 488 2440 546 illiberalibus
2469 494 2527 546 et
2560 491 2819 548 moribus
2850 490 3092 548 occultis
3128 490 3351 563 praediti
3383 491 3704 565 linguaque

297 583 725 658 ὑποκαθειμένοι
756 580 845 637 καὶ
886 582 986 650 τήν
1019 578 1267 654 γλῶτταν
1300 582 1369 652 τῇ
1408 574 1606 654 καρδία
1636 581 1944 633 πλουτοῦν-

289 699 381 740 τες
413 675 799 752 ἀντίφθογγον,
833 671 941 746 πρὸ
971 670 1186 724 πάντων
1219 665 1275 723 δὲ
1321 669 1524 723 τιθέναι
1579 671 1659 739 τῷ
1718 668 1947 740 στόματι

285 766 541 848 φυλακὴν
576 764 667 820 καὶ
702 765 777 836 μὴ
827 761 914 831 έᾷν
979 762 1078 829 τὴν
1122 763 1373 835 γλῶτταν
1430 763 1718 832 προπετῶς
1779 756 1952 827 ἐκπη-

286 845 379 928 δᾷν
409 860 510 911 τοῦ
548 851 750 930 ’έρκους
782 856 890 908 τῶν
962 847 1198 905 ὀδόντων
1245 848 1335 904 καὶ
1390 853 1489 903 τοῦ
1544 853 1652 903 τῶν
1712 845 1946 922 χειλέων

284 944 774 1024 ἐπιτειχίσματος,
805 941 944 1016 ’ἅπερ
977 940 1068 994 οἶα
1098 936 1326 994 διπλοῦν
1357 932 1652 1013 περίϐολον
1694 940 1728 1006 ἡ
1790 938 1948 1014 φύσις

288 1036 458 1110 ταύτῇ
500 1032 930 1108 περιεγύρωσεν.
963 1032 1028 1087 Ὀ
1057 1029 1157 1104 γὰρ
1188 1049 1275 1083 τοι
1323 1027 1447 1084 τότε
1504 1025 1804 1103 λογοθέτης
1852 1029 1948 1081 τοῦ

295 1123 501 1200 δρόμου
533 1123 649 1200 οὐχ
679 1120 795 1179 οἷός
812 1140 870 1174 τε
901 1117 973 1173 ὥν
1004 1118 1204 1194 στέγειν
1245 1118 1348 1187 τήν
1380 1116 1432 1176 ές
1471 1116 1562 1171 τὸν
1625 1115 1947 1171 Στυππειώ-

294 1236 389 1285 την
457 1220 559 1282 τῆς
614 1213 796 1286 τύχης
856 1208 1131 1282 εὐμένειαν
1190 1208 1279 1262 καὶ
1338 1208 1437 1274 τὴν
1487 1205 1789 1281 ἀκροτάτην
1850 1208 1946 1258 τοῦ

298 1300 575 1378 βασιλέως
629 1300 805 1376 ῥοπὴν
870 1299 959 1353 καὶ
1011 1297 1074 1352 τὸ
1127 1301 1205 1369 τῷ
1240 1297 1332 1369 μὲν
1363 1291 1571 1350 ἅπαντα
1617 1295 1709 1350 τὸν
1744 1294 1945 1369 χρόνον

291 1399 395 1461 τῆς
429 1392 485 1456 ἇς
510 1391 601 1446 τὸν
658 1392 959 1464 κρατοῦντα
1009 1385 1317 1462 παβρησίας
1380 1406 1439 1440 τε
1511 1385 1602 1440 καὶ
1650 1382 1947 1459 παρουσίας

291 1482 437 1537 εἶναι
468 1479 654 1557 καιρὸν
699 1479 790 1533 καὶ
839 1476 1032 1549 ἐξεῖναι
1084 1473 1339 1548 δακτύλῳ
1397 1475 1572 1530 πάντα
1631 1470 1948 1552 μεταφέρειν

292 1571 386 1627 καὶ
445 1571 693 1643 νεύματι,
754 1567 900 1623 αὐτῶ
951 1563 1007 1621 δὲ
1062 1565 1198 1621 κατὰ
1259 1565 1457 1626 τακτὰς
1510 1561 1656 1639 ὥρας
1721 1570 1821 1632 τῆν
1894 1562 1947 1624 ές

294 1658 460 1715 αὺτὸν
514 1657 802 1734 ἀνεῳγέεαι
855 1654 1108 1726 πυλαίαν,
1172 1655 1264 1710 καὶ
1312 1651 1495 1709 τᾶλλα
1561 1653 1662 1708 ὃσα
1722 1657 1800 1725 τῷ
1853 1653 1949 1719 μὲν

295 1749 664 1822 Στυππειώτῃ
698 1746 788 1801 καὶ
831 1747 995 1819 μόνον
1033 1741 1360 1819 βουληθέντι
1419 1743 1650 1816 ἀνύσιμα
1711 1743 1802 1811 ἦν,
1867 1746 1947 1815 τῷ

291 1835 349 1893 δὲ
381 1835 498 1892 οὐδ’
555 1835 689 1911 ὄναρ
750 1831 838 1889 δια
895 1837 990 1889 τοῦ
1045 1835 1398 1912 φανιαστιγοῦ
1456 1831 1793 1909 έφιπτέιμενα
1857 1833 1947 1887 καὶ

293 1925 381 1983 διᾶ
429 1930 593 1983 τοῦτο
652 1930 750 1982 τοῦ
809 1925 1012 2003 ιρθόνου
1077 1923 1340 2000 γινόμετα
1397 1921 1784 1997 ὑπεκκαύματα
1856 1924 1944 1978 καὶ

292 2017 397 2079 ἓως
426 2020 525 2071 τοῦ
564 2015 820 2087 ταμιείου
869 2013 1187 2084 πλήττοντα
1237 2021 1337 2083 τῆς
1385 2010 1630 2086 καρδίας,
1695 2018 1954 2088 σκαιωρεῖ

295 2108 438 2163 κατά
467 2110 563 2161 αοῦ
591 2101 787 2179 ἀνδρὸς
818 2103 884 2159 τὰ
914 2102 1257 2179 οἰκτρότατα.
1296 2102 1401 2161 Καὶ
1464 2100 1634 2165 δεινὸς
1694 2097 1766 2157 ὤν
1823 2123 1953 2157 κατ-

295 2201 456 2252 τῦσαι
488 2193 690 2257 δόλους
721 2193 813 2248 καὶ
846 2190 1066 2267 δικρόαν
1105 2193 1356 2268 εὐτυχών
1425 2192 1703 2267 γλῶτταν,
1764 2191 1954 2247 ὁποίαν

298 2285 430 2364 ὄφις
461 2287 489 2339 6
518 2284 752 2358 ψίθυρος
782 2281 874 2337 καὶ
907 2281 1232 2357 ἀρχέκακος,
1273 2279 1433 2360 φιλίᾳ
1483 2279 1814 2364 ὑποκλέπτει
1860 2282 1952 2336 τὸν

298 2363 491 2448 ἄνδρα,
523 2369 680 2444 καλῷ
728 2370 1017 2446 πράγματι
1066 2371 1368 2438 συσκιάζων
1425 2367 1600 2424 ἄτοπα
1662 2363 1951 2423 ὁιαὸοὐλια

296 2462 389 2516 καὶ
450 2460 796 2536 δηλητηρίου
845 2459 1043 2536 σκύφον
1085 2458 1209 2533 περὶ
1267 2457 1435 2533 χείλη
1495 2458 1705 2534 ἀγάπης
1769 2457 1950 2532 μέλιτι

215 2599 221 2603 .
308 2549 632 2625 περιχρίων.
656 2545 885 2621 Ἀμέλει
922 2568 1009 2602 τοι
1037 2548 1127 2601 καὶ
1160 2544 1304 2602 ἄλλα
1336 2545 1513 2623 λέγων
1541 2548 1629 2601 καὶ
1702 2544 1952 2601 διανοού-

322 2658 478 2710 μενος
504 2634 676 2712 ἕτερα,
708 2638 802 2693 καὶ
832 2635 1048 2712 χείλεσι
1120 2637 1214 2709 μὶν
1275 2640 1451 2710 τιμῶν
1508 2640 1577 2710 τῇ
1639 2632 1696 2691 δὲ
1751 2633 1949 2709 καρδίᾳ

311 2724 507 2799 πόρρω
555 2725 915 2801 πλαζόμενος,
973 2724 1226 2797 ἐλελήθει
1290 2726 1381 2781 τὸν
1423 2726 1559 2780 κατὰ
1586 2729 1746 2780 τοῦτο
1782 2726 1947 2797 μόνον

310 2813 548 2889 ἀρχαῖον
603 2816 690 2870 καὶ
744 2817 1012 2872 ἁπλοϊκὸν
1089 2817 1501 2885 Στυππειώτην.
1567 2810 1947 2870 Ἐνδιαϐαλλει

306 2902 495 2959 τοίνυν
528 2902 598 2966 ὡς
631 2908 993 2982 μαγγανεντὴν
1033 2910 1225 2961 τοῦτον
1291 2904 1381 2960 καὶ
1442 2902 1791 2983 δολιόφρονα,
1857 2904 1949 2959 καὶ

306 2982 570 3070 γρείφεται
602 2992 909 3071 προδοσίας,
941 2997 1006 3050 τὰ
1036 2995 1172 3050 κατᾶ
1204 2993 1456 3050 Σικελίαν
1514 2991 1691 3069 λέγων
1752 2993 1948 3048 ἀνατα-

300 3083 521 3161 ράττειν
551 3085 1248 3162 πράγματα.Ἀπαιτηθεῖς
1317 3086 1409 3139 οὗν
1467 3085 1570 3139 ὑπὸ
1635 3087 1730 3139 τοῦ
1792 3084 1949 3159 βασι-

293 3171 448 3235 λέως
488 3173 687 3238 πίστεις
757 3180 865 3231 τῶν
910 3173 1246 3251 λεγομένων,
1290 3177 1358 3249 τῇ
1407 3173 1632 3244 Κιλικίᾳ
1700 3178 1811 3246 (‘79)
1865 3169 1945 3228 ἔτι

2057 578 2276 649 pollent
2306 580 2379 635 ab
2410 581 2606 636 animo
2630 581 3036 652 dissentiente,
3058 599 3123 638 ac
3145 582 3409 639 custodia
3439 584 3706 639 munien-

2056 669 2198 724 dum
2256 686 2342 737 os,
2401 687 2507 726 nec
2564 672 2872 727 sinendam
2948 671 3207 744 linguam
3273 676 3488 729 temere
3545 678 3706 731 extra

2056 757 2321 812 dentium
2355 762 2582 831 septum
2607 763 2664 815 et
2693 759 2981 816 labiorum
3011 761 3400 817 munitionem
3451 763 3705 834 evagari,

2057 848 2271 919 quibus
2302 865 2335 904 a
2367 854 2507 905 natu
2544 867 2577 906 a
2607 851 2775 921 quasi
2834 850 3052 923 duplici
3109 850 3259 908 vallo
3319 857 3408 908 est
3452 852 3703 910 inclusa.

2054 937 2203 993 Nam
2237 940 2425 995 dromi
2459 940 2751 1013 legotbeta
2779 958 2913 998 cum
2977 943 3221 999 fortunas
3278 944 3705 1017 benignitatem

2055 1044 2191 1100 erga
2219 1031 2577 1103 Styppiotam
2595 1032 2749 1087 146
2776 1040 2829 1087 et
2855 1033 3375 1103 propensissimam
3399 1036 3707 1108 imperato-

2057 1117 2135 1173 ris
2159 1118 2514 1175 voluntatem
2540 1120 2686 1176 ferre
2709 1138 2824 1177 non
2849 1124 3137 1193 possel,ad
3164 1140 3340 1194 quem
3367 1123 3452 1179 illi
3475 1142 3708 1197 semper

2055 1210 2276 1274 pateret
2303 1206 2494 1262 aditus
2518 1214 2575 1263 et
2596 1209 2966 1281 colloquendi
2994 1217 3253 1283 potestas
3278 1214 3705 1284 daretur,adeo

2057 1298 2120 1346 ut
2176 1293 2355 1366 digito
2412 1301 2470 1351 et
2525 1305 2669 1353 nutu
2729 1299 2963 1370 quidvis
3017 1302 3345 1368 conﬁceret,
3405 1319 3538 1358 cum
3597 1304 3710 1359 sibi

2058 1383 2230 1439 certis
2281 1385 2439 1441 horis
2493 1392 2727 1444 tantum
2784 1391 3058 1447 accedere
3143 1394 3597 1464 permitteretur,
3656 1398 3715 1450 et

2057 1489 2186 1542 quis
2238 1474 2567 1547 Styppiotes
2633 1477 2756 1534 sola
2835 1479 3131 1537 voluntate
3212 1481 3575 1554 impetraret,
3646 1499 3713 1539 ea

2057 1561 2170 1615 sibi
2204 1578 2274 1617 ne
2307 1579 2408 1634 per
2427 1566 2722 1621 somnium
2756 1568 2991 1638 quidem
3026 1586 3260 1626 cernere
3305 1573 3662 1644 contingeret
3696 1590 3710 1642 ;

2032 1650 2274 1731 invidia
2304 1656 2577 1725 metuens,
2610 1672 2738 1726 quae
2787 1657 2971 1729 ipsius
3031 1660 3212 1715 animi
3263 1661 3582 1732 penetralia
3620 1662 3712 1717 in-

2059 1739 2503 1810 sederat,bomo
2533 1744 2785 1801 callidus
2816 1751 2872 1802 et
2901 1746 3088 1803 instar
3115 1749 3372 1820 pestiferi
3425 1751 3713 1822 serpentis

2061 1828 2240 1885 biﬁda
2298 1831 2491 1903 lingua
2578 1832 2926 1906 instructus,
2985 1837 3260 1893 amicitim
3338 1839 3715 1895 simulatione

2062 1917 2247 1974 virum
2281 1920 2685 1993 circumvenit,
2748 1932 2803 1979 et
2861 1924 3066 1997 scyphi
3123 1941 3343 1983 veneno
3390 1925 3546 1997 pleni
3579 1943 3713 1984 oras

2062 2008 2335 2065 amicitiae
2359 2011 2530 2067 melle
2561 2010 2816 2085 inungit,
2877 2012 3031 2070 aliud
3095 2014 3317 2082 dicens,
3350 2015 3511 2072 aliud
3554 2015 3713 2088 cogi-

2060 2099 2216 2165 tans,
2245 2102 2301 2153 et
2332 2099 2502 2156 labiis
2531 2101 2847 2171 honorans,
2876 2120 3010 2160 cum
3050 2104 3248 2161 animo
3291 2110 3446 2163 esset
3475 2106 3715 2162 alienis-

2061 2186 2231 2244 simo.
2264 2188 2368 2244 His
2426 2190 2750 2249 rationibus
2814 2193 3177 2266 Styppiotam
3236 2194 3344 2251 hac
3389 2213 3505 2251 una
3561 2195 3619 2250 in
3652 2212 3713 2252 re

2060 2277 2363 2335 incautum
2387 2287 2445 2335 et
2473 2280 2803 2353 simplicem
2830 2283 2999 2353 fallit,
3049 2301 3302 2357 eumque
3344 2287 3501 2358 apud
3526 2286 3714 2359 impe«

2061 2372 2311 2425 ratorem
2345 2378 2402 2426 ut
2428 2372 2808 2445 impostorem
2841 2380 2899 2432 et
2923 2374 3191 2433 dolosum
3242 2377 3615 2443 criminatur,
3648 2380 3707 2432 et

2061 2457 2270 2514 Siculae
2302 2461 2648 2530 proditionis
2700 2473 2981 2529 accusat;
3031 2483 3163 2522 cum
3219 2484 3352 2524 vero
3401 2468 3717 2539 imperator

2060 2548 2252 2604 adhuc
2284 2551 2340 2604 in
2377 2552 2574 2608 Cilicia
2608 2570 2788 2625 agens
2813 2556 2986 2612 ﬁdem
3023 2557 3135 2612 sibi
3189 2557 3313 2612 ﬁeri
3367 2557 3709 2628 postularet,

2059 2652 2193 2692 eum
2221 2639 2327 2695 sub
2357 2639 2484 2696 velo
2516 2646 2668 2698 stare
2713 2643 2882 2714 jubet
2921 2662 2935 2698 :
2984 2644 3111 2715 ipse
3166 2646 3550 2717 Styppiotam,
3576 2649 3706 2700 tan-

2059 2742 2233 2797 quam
2263 2730 2462 2785 arcani
2489 2729 2709 2802 aliquid
2742 2732 3027 2803 dicturus,
3060 2750 3125 2789 eo
3155 2734 3384 2790 seducit
3440 2734 3540 2789 ubi
3597 2735 3705 2789 im-

2056 2820 2290 2888 perator
2331 2818 2724 2876 occulebatur.
2779 2822 2849 2876 Et
2902 2823 2975 2877 ab
3041 2821 3175 2878 aliis
3232 2823 3405 2877 rebus
3464 2839 3705 2879 exorsus

2058 2906 2293 2961 tandem
2326 2906 2384 2962 in
2415 2908 2624 2963 Siciliae
2656 2910 3009 2967 mentionem
3044 2911 3451 2968 fraudulenter
3483 2912 3705 2968 delabi-

2056 2995 2427 3067 tur,dataque
2447 2999 2597 3054 147
2623 2997 2711 3054 illi
2742 3001 3046 3057 occasione
3069 3000 3316 3058 actailla
3338 3002 3708 3073 imperatoris

2056 3084 2519 3155 reprehendendi
2538 3086 2894 3160 colloquium
2917 3089 3161 3146 dirimit.
3185 3091 3269 3146 Ita
3293 3090 3519 3147 irritato
3549 3089 3711 3148 illius

2062 3172 2255 3229 animo
2318 3174 2566 3232 aliarum
2618 3176 3041 3235 calumniarum
3102 3179 3438 3236 occasiones
3479 3182 3712 3251 quaerit,

291 3259 762 3338 ένδιατρίϐοντος,
796 3263 957 3319 αὐτὸν
1027 3264 1119 3337 μέν
1175 3261 1428 3340 ἐφίστησι
1476 3261 1948 3338 παραπετάσματι,

2064 3263 2251 3335 magis
2274 3264 2447 3320 etiam
2474 3270 2677 3322 contra
2705 3268 3064 3339 Styppiotam
3097 3243 3519 3340 inﬂammatus,
3553 3243 3709 3341 quod

289 3354 386 3410 τὸν
424 3350 481 3408 δὲ
513 3355 908 3424 Στυππειώτην
974 3348 1269 3409 ἀπολαϐὼν
1332 3353 1404 3415 ὡς
1460 3350 1607 3428 ἒχων
1668 3374 1717 3408 τι
1790 3351 1953 3425 μόνος

300 3440 455 3518 μὸνῳ
480 3443 994 3520 προσδιαλέγεσθαι,
1026 3442 1144 3521 ἂγει
1177 3442 1315 3498 ὅπου
1346 3444 1413 3512 ἦν
1442 3442 1668 3505 ἀθέατος
1710 3443 1737 3497 6
1800 3443 1953 3518 βασι·

290 3533 423 3596 Λεὺς
461 3532 729 3605 έστηκὼς,
789 3534 880 3588 καὶ
930 3532 1126 3609 λόγους
1188 3534 1511 3603 ἀνακινήσας
1570 3531 1782 3606 ἐτέρους
1845 3533 1954 3587 εἶτα

291 3623 535 3686 καὶτοῖς
562 3624 701 3678 κατὰ
747 3620 1001 3678 Σικελίαν
1061 3619 1266 3683 δολίως
1324 3618 1564 3679 ἐνέϐαλε.
1623 3621 1714 3676 καὶ
1774 3617 1955 3683 διδοὺς

296 3712 455 3774 αὐτὸς
480 3712 738 3789 ἀφορμὰς
772 3716 870 3767 τοῦ
922 3714 1318 3787 μεμψιμσιρεῖν
1369 3714 1531 3785 μήτε
1570 3712 1676 3783 μὴν
1730 3709 1955 3778 ἀσπάζε-

300 3801 419 3854 σθαι
454 3804 545 3857 τὸν
590 3801 992 3871 Στυππειώτην
1023 3800 1124 3856 ὅσα
1153 3802 1180 3856 ὁ
1222 3799 1475 3876 βασιλεὺς
1508 3801 1649 3874 εἶχεν
1692 3796 1780 3854 έπί
1836 3805 1954 3862 τοῖς

290 3892 426 3945 κατὰ
448 3889 702 3946 Σικελίαν
734 3887 1166 3965 διαπραξάμενος
1227 3890 1567 3966 πράγμασιν,
1638 3889 1782 3944 οὓτω
1838 3886 1953 3943 δια-

286 3979 409 4035 λύει
453 3982 554 4051 τήν
614 3980 896 4055 ἐντυχίαν,
964 3980 1053 4036 καὶ
1086 3984 1337 4036 τοιοῦτον
1396 3980 1631 4053 ένθαῴας
1687 3981 1955 4055 σπινθῆρα

283 4073 354 4143 τῇ
386 4072 486 4124 τοῦ
522 4069 797 4145 βασιλέως
859 4072 1016 4143 ψ’)χῆ
1067 4070 1157 4125 καὶ
1215 4070 1350 4125 κατᾶ
1396 4074 1492 4125 τοῦ
1565 4069 1952 4125 Στυππειώτου

288 4162 448 4241 ἀφεὶς
507 4162 876 4241 ὑποτύφεσθαι
935 4160 1221 4218 ἐσκέπτετο
1282 4162 1371 4217 καὶ
1423 4166 1660 4240 φορυτοῦ
1717 4162 1954 4236 εὐπορή-

292 4272 409 4306 σειν
468 4252 666 4326 έτέρων
743 4253 1217 4330 σιεκοφαντήσεων,
1291 4249 1360 4306 δι’
1417 4252 1491 4306 ὧν
1549 4252 1953 4327 προχειροτᾶτη

288 4341 498 4396 ἐσεῖταί
530 4346 625 4396 τοῦ
658 4342 963 4415 σπινθῆρος
992 4343 1026 4410 ἡ
1059 4340 1297 4411 κίνησις.
1366 4340 1574 4399 Ούκοῦν
1631 4341 1767 4395 κατᾶ
1822 4360 1958 4415 καρ-

290 4427 415 4493 δίας
484 4430 668 4505 ἑτέραν
722 4429 950 4504 πληγὴν
1007 4430 1227 4485 ἀνταίαν
1276 4430 1522 4507 εἰληφώς
1590 4431 1617 4485 ὁ
1686 4428 1957 4501 δηλωθείς

292 4517 613 4596 λογοοέτης
661 4518 721 4575 ἐκ
758 4524 856 4575 τοῦ
905 4523 983 4592 τῷ
1045 4520 1404 4594 Στυππειώτῃ
1458 4517 1682 4587 δοθῆναι
1732 4517 1956 4593 δοχεῖον

2060 3349 2381 3424 imperator
2411 3353 2492 3410 illi
2516 3371 2691 3411 aurea
2711 3356 2872 3412 bulla
2894 3373 3026 3413 cum
3050 3357 3414 3415 radiantibus
3461 3358 3712 3431 gemmis

2063 3440 2197 3496 data
2227 3443 2535 3501 mandarat
2590 3452 2652 3502 ut
2708 3446 2766 3501 in
2827 3463 3042 3520 magna
3089 3447 3437 3505 Blacbcrnia
3465 3448 3714 3505 ecclesia

2054 3529 2431 3599 juriiurando
2464 3537 2757 3604 praeesset,
2791 3551 2906 3607 quo
2938 3536 3169 3606 imperii
3201 3537 3494 3593 successio
3519 3537 3718 3594 Alexio

2069 3618 2339 3689 llungaro
2372 3626 2429 3675 et
2460 3620 2590 3676 ﬁliae
2642 3622 2835 3679 Marias
2892 3624 3530 3696 conﬁrmaretur(quod
3584 3643 3716 3681 mu-

2062 3722 2174 3761 nus
2236 3707 2305 3761 ad
2367 3708 2677 3779 logothetm
2735 3712 2930 3781 potius
2998 3713 3259 3768 ofﬁcium
3345 3712 3718 3784 pertinebat),

2064 3797 2352 3868 scriptum
2386 3800 2849 3871 nugacissimum
2883 3804 3282 3874 composuisse
3326 3804 3526 3871 fertur,
3560 3804 3716 3874 quod

2067 3885 2286 3941 scilicet
2316 3887 2621 3960 Styppiota
2647 3889 2713 3944 ad
2743 3890 2950 3947 Siciliae
2972 3908 3165 3963 regem
3200 3892 3496 3947 missurus
3543 3898 3719 3962 esset,

2066 3990 2250 4047 eoque
2282 3977 2339 4033 in
2373 3978 2690 4051 Styppiotae
2722 3980 2949 4038 codices
2981 3986 3038 4037 et
3084 3981 3307 4038 litteras
3351 3981 3497 4039 clam
3534 3983 3721 4039 inser-

2064 4070 2146 4132 to,
2177 4065 2516 4139 imperatori
2574 4071 2890 4140 persuadet
2945 4075 3009 4127 ut
3068 4070 3284 4143 inquiri
3335 4071 3543 4143 jubeat
3583 4072 3713 4130 illas

2067 4155 2415 4227 proditionis
2444 4157 2515 4213 ad
2547 4157 2810 4214 Siculum
2845 4158 3089 4217 litteras.
3155 4162 3277 4227 Quo
3337 4162 3488 4218 facto
3536 4161 3723 4235 impea

2064 4249 2222 4300 rator
2252 4244 2519 4303 fulminis
2550 4246 2736 4302 instar
2793 4258 2993 4305 contra
3050 4250 3414 4323 Styppiotam
3475 4253 3718 4319 exarsit,

2065 4333 2234 4406 eique
2264 4334 2464 4392 oculos
2495 4334 2665 4392 eﬁodi
2712 4336 2895 4408 jussit
2950 4339 3267 4396 innocenti.
3318 4341 3361 4396 Ο
3422 4341 3719 4413 inspector

2066 4424 2328 4479 omnium
2362 4425 2527 4481 ocule
2550 4425 2794 4495 justitiaz
2826 4427 3202 4497 inevitabilis,
3235 4446 3339 4484 cur
3369 4447 3523 4501 saepe
3571 4448 3712 4485 con-

2067 4512 2225 4569 nives
2259 4514 2330 4568 ad
2362 4513 2509 4570 tales
2540 4513 2787 4586 injurias
2844 4520 2900 4572 et
2958 4516 3253 4588 graviores
3310 4517 3482 4572 etiam
3542 4534 3717 4574 casus

294 4603 663 4679 έρυθροδανου
698 4603 940 4661 διέλιθον
971 4605 1234 4680 χρύσεον,
1281 4606 1369 4660 καὶ
1427 4610 1545 4668 τοῖς
1595 4604 1780 4677 ὅρκοις
1838 4608 1951 4660 τοῦ-

2067 4602 2399 4675 hominum,
2434 4621 2621 4677 neque
2653 4607 2854 4664 statim
2886 4606 3143 4663 tonitrua
3184 4615 3239 4662 et
3294 4605 3544 4664 fulmina
3592 4625 3720 4679 pro-

290 4715 389 4750 τον
451 4693 810 4765 ἐπιστατῆσαι
869 4694 1007 4749 κατὰ
1101 4696 1190 4750 τὸν
1276 4694 1327 4749 έν
1388 4693 1721 4768 βλαχέρναις
1792 4690 1955 4768 μέγαν

286 4786 423 4839 νεών
468 4783 529 4839 οἷ’
561 4787 660 4855 τήν
688 4788 787 4839 τοῦ
846 4784 1083 4858 κράτους
1145 4780 1413 4857 διαδοχὴν
1471 4779 1751 4837 ένεπέδουν
1797 4781 1956 4838 Ἀλεο

290 4875 393 4947 ξίῳ
423 4895 484 4930 τε
541 4880 623 4947 τῷ
683 4874 967 4950 Ούγγρίας
1007 4873 1099 4927 καὶ
1158 4876 1226 4946 τῇ
1275 4871 1500 4948 θυγατρὶ
1529 4876 1626 4927 τοῦ
1686 4869 1957 4945 βασιλέως

292 4966 505 5040 Μαρίᾳ,
567 4961 600 5020 ἃ
647 4971 728 5039 τῷ
807 4967 1149 5038 λογοθετικῷ
1206 4960 1477 5039 δήπουθεν
1529 4961 1766 5039 ὸφιρικίῳ
1821 4964 1956 5031 ἦσαν

297 5053 564 5130 ἁρμόδια,
599 5056 891 5119 συνθέσθαι
924 5051 1140 5126 λέγεται
1195 5052 1407 5127 χάρτην
1467 5053 1654 5124 λήρων
1701 5045 1958 5123 ἔμπλεων

295 5146 447 5219 παρᾶ
477 5149 570 5200 τοῦ
610 5140 1013 5200 Στυππειώνου
1046 5138 1205 5211 δῆθεν
1235 5145 1315 5212 τῷ
1364 5147 1465 5209 τῆς
1523 5138 1771 5201 Σικελίας
1831 5140 1958 5214 ῥηγὶ

296 5232 734 5310 σταλησόμενον,
767 5235 864 5287 καῖ
892 5233 1089 5285 τοῦτον
1126 5228 1392 5309 ἂναφύρας
1449 5233 1564 5290 τοῖς
1619 5233 1714 5284 τοῦ
1775 5235 1959 5283 Στυπ-

293 5324 532 5380 πειώτου
588 5323 793 5397 τόμοις
849 5318 940 5374 καὶ
997 5318 1285 5394 γράμμασι
1341 5322 1524 5373 πεῖσαι
1577 5319 1667 5373 τὸν
1732 5316 1959 5393 βασιλέα

2073 4691 2199 4760 mis,
2234 4693 2338 4748 sed
2364 4693 2675 4750 vindictam
2712 4695 3108 4767 procrastinas
3130 4695 3157 4750 ?
3193 4695 3718 4768 impervestigabile

2068 4783 2238 4835 tuum
2270 4784 2359 4836 est
2382 4782 2698 4853 judicium,
2729 4787 2787 4839 et
2810 4783 3084 4839 humanis
3108 4783 3601 4841 rationibusl48
3624 4786 3717 4842 in-

2069 4885 2393 4925 accessum.
2424 4872 2504 4925 Tu
2534 4887 2670 4929 vero
2729 4873 2968 4943 sapiens
3016 4890 3076 4930 es
3130 4879 3188 4931 et
3218 4878 3528 4933 accuratus
3559 4876 3720 4932 utili-

2071 4959 2427 5030 tatisjudex,
2461 4961 2734 5032 quamvis
2764 4962 3104 5020 tenuitatem
3159 4965 3530 5036 ingeniorum
3592 4984 3721 5023 nos-

2070 5052 2289 5104 trorum
2323 5049 2637 5106 frustraris.
2673 5052 2986 5109 Draconem
3044 5053 3281 5124 quidem
3342 5062 3442 5113 aut
3488 5056 3715 5114 leonem

2070 5140 2171 5211 qui
2210 5141 2367 5196 videt
2389 5146 2491 5198 aut
2522 5143 2689 5197 audit
2719 5143 2775 5199 in
2811 5145 3134 5212 montibus,
3166 5147 3361 5203 statim
3414 5147 3665 5205 declinat
3698 5166 3712 5217 ;

2069 5228 2342 5300 lacrymis
2374 5236 2431 5287 et
2460 5232 2734 5304 precibus
2801 5234 2983 5291 etiam
3029 5234 3177 5292 latro
3237 5238 3591 5308 mitigatur:
3645 5239 3717 5293 ad

2068 5318 2259 5375 virum
2316 5335 2451 5376 vero
2509 5320 2640 5378 aliis
2697 5320 3097 5389 insidiantem,
3160 5325 3258 5397 qui
3312 5326 3470 5382 aliud
3523 5326 3724 5398 lingua

1675 5475 1842 5538 Hier.
1890 5474 2123 5536 Wolﬁii
2168 5480 2358 5536 notae.

358 5610 474 5681 (79)
502 5603 753 5681 Κιλικίᾳ.
792 5598 1075 5681 ’Δ-ρμενίᾳ.
1116 5600 1481 5681 Creberrima
1519 5604 1608 5657 est
1656 5600 1807 5681 haec.
1833 5615 1953 5681 per-

287 5670 557 5739 mutatio.
596 5670 750 5738 Nam
777 5670 1042 5730 vetustus
1096 5673 1277 5730 codex
1298 5674 1415 5730 fere
1447 5688 1679 5745 semper
1698 5670 1812 5726 ἀντὶ
1838 5670 1956 5723 Λα-

2061 5597 2226 5724 τςηὸων
2291 5597 2384 5671 μὲν
2450 5597 2754 5674 Φράγγους,
2824 5600 2941 5657 ἀντὶ
3001 5599 3057 5657 δὲ
3115 5600 3368 5662 Κιλικίας
3435 5598 3715 5674 Ἀρμενίαν

2065 5690 2117 5724 τι
2154 5689 2274 5724 ησι.

2065 5689 2274 5739 τιυησι.
