4140 6290
423 356 537 418 451
1740 352 2052 416 ΝΙΟΕΤλΕ
2095 353 2191 414 CH
2201 351 2520 416 ΟΝΙΑΤιΕ
3718 358 3830 418 452

433 497 796 563 promptum,
828 487 982 544 aliud
1019 490 1252 560 pectore
1307 485 1576 544 clausum
1630 485 1826 554 habet,
1874 503 2068 544 cavens

2210 483 2410 541 ττεῖλαι
2486 485 2614 548 τοῦς
2673 484 2808 540 κατᾶ
2858 485 3094 557 ζήτησιν
3166 488 3264 541 τοῦ
3331 484 3471 561 πρὸς
3535 487 3628 542 τὸν
3711 487 3845 565 ῥῆγα

433 581 576 635 dum
601 595 814 652 magna
844 577 1133 649 sapientia
1179 584 1267 634 est
1313 593 1460 650 opus
1517 581 1574 633 et
1623 576 1898 635 Numinis
1928 577 2060 634 auxi

2206 574 2528 651 γράμματος
2557 576 2656 644 τήν
2689 579 2788 630 τοῦ
2821 576 3210 632 Στυππειώτου
3269 577 3474 646 σκηνὴν
3530 575 3841 651 ἐρευνήσον-

428 667 526 724 lio.
2196 685 2313 727 τας.
2403 666 2465 720 οὗ
2541 665 2632 720 καὶ
2689 665 2986 740 γενομένου
3032 665 3060 720 6
3108 667 3452 741 αὖτοκρέτῳρ
3511 667 3599 721 οἷα
3646 667 3844 742 πυρσὸν

430 755 667 830 αἰθέριον
695 757 794 824 τὴν
833 755 968 809 κατὰ
1027 758 1124 809 τοῦ
1170 751 1364 826 ἀνδρὸς
1420 755 1590 830 ὀργὴν
1643 755 1917 810 ἀνέκαυσε.
1990 754 2090 808 Καὶ
2137 753 2200 808 τὸ
2267 751 2502 817 ἐντεῦθεν
2563 755 2814 819 ἐκκοπεῖς
2857 756 2953 818 τὰς
3009 755 3176 829 κόρας
3231 753 3432 820 ἀδίκως
3488 754 3696 834 τυφλός
3753 759 3840 828 ἦν,

433 848 508 921 μὴ
543 845 765 920 βλέπων
797 845 887 899 τὸν
915 843 1102 914 ἥλιον.
1135 845 1203 899 Ὠ
1223 843 1374 899 πάντ’
1427 843 1638 922 ἐφορᾶν
1693 843 1945 921 ὀφθαλμέ
1998 851 2098 913 τῆς
2159 839 2316 915 δίκης
2373 842 2634 915 ἀλάθιβέ,
2695 849 2809 914 κῶς
2852 844 3100 917 έπιμύεις
3153 842 3427 908 πολλάκις
3480 843 3569 900 ἐπὶ
3625 847 3844 917 τηλίοις

426 937 890 1010 παρανομήμασιν
958 931 994 1003 ἤ
1051 933 1142 988 καὶ
1232 934 1479 1007 μείζοσιν
1537 933 1744 1009 ἑτέροις
1803 933 2104 1006 ἀνθρώπων
2159 935 2669 1008 κακοπραγήμασιν,
2738 932 2854 990 οὐδ’
2910 934 3127 1011 ἐπάγεις
3184 935 3342 1000 εὐθὺς
3399 936 3529 998 τοὺς
3593 940 3841 1013 πρηστῆ-

431 1043 523 1100 ρας
567 1024 659 1078 καὶ
715 1024 777 1078 τὸ
830 1021 1110 1098 κεραύνιον
1158 1019 1405 1095 ἄναμμα,
1461 1020 1589 1078 ἀλλ’
1642 1019 2063 1097 ὑπερτιθέμενος
2119 1021 2335 1096 ὲπὶχεις
2401 1024 2499 1092 τὴν
2561 1023 2839 1094 κόλασιν;
2899 1023 3334 1100 Ἀνεξιχνίαστόν
3402 1045 3499 1080 σου
3544 1026 3608 1080 τὸ
3651 1026 3842 1100 κρίμα,

422 1113 512 1168 καὶ
563 1113 858 1188 ἀνθρώπων
939 1113 1226 1188 λογισμοῖς
1292 1107 1632 1167 ἀνεπίϐατοψ
1691 1109 1842 1180 ῐιλὴν
1901 1111 1950 1164 εἴ
2005 1111 2191 1190 σοφὸς,
2245 1111 2354 1181 ναὶ,
2423 1111 2514 1166 καὶ
2574 1113 2809 1188 γνώμων
2861 1109 3094 1188 ἀκριϐὴς
3151 1119 3248 1169 τοῦ
3306 1113 3673 1186 συνοίσοντος,
3743 1122 3838 1172 κᾶν

427 1204 574 1275 ἡμᾶς
631 1200 758 1262 τοὺς
815 1201 1301 1277 σμικρογνώμονας
1356 1200 1617 1270 λέληθας,
1679 1197 1820 1271 Ἤδη
1885 1201 1978 1273 μὲν
2037 1197 2128 1254 οὖν
2190 1220 2271 1262 τις
2329 1203 2581 1277 θηρητὴρ
2636 1199 2756 1280 ὅφιν
2820 1201 3073 1280 δαφοινὸν
3134 1201 3172 1272 ἤ
3233 1201 3430 1260 λέοντα
3497 1204 3838 1284 λασιαύχενα

429 1291 654 1366 εἰσορῶν
691 1290 946 1346 καὶᾶῒων
999 1289 1052 1344 ἐν
1101 1289 1278 1366 ὄρεσιν
1331 1291 1529 1354 εὐθέως
1587 1288 1876 1361 ἐξέκλινεν.
1933 1285 2114 1346 Ἀλλᾶ
2173 1287 2262 1344 καί
2326 1293 2622 1368 κακόεργος
2681 1291 2828 1355 ὅστις
2876 1289 2946 1362 δὴ
3009 1294 3349 1368 παραιτητός
3407 1291 3544 1364 ἐστι,
3615 1293 3842 1371 δάκρυσι

426 1380 517 1436 καὶ
566 1379 746 1441 λίταῖς
804 1379 1198 1456 παρυπάγεται.
1249 1377 1454 1454 ’Ἄνδρα
1514 1380 1572 1434 δὲ
1616 1379 1754 1434 κακὰ
1799 1383 1878 1451 τῷ
1917 1377 2152 1448 πλησίον
2212 1376 2688 1454 βυσσοδομεύοντα
2739 1381 2829 1436 καὶ
2887 1380 3033 1438 ἄλλα
3085 1383 3140 1438 ἒν
3202 1383 3296 1457 μέν
3335 1384 3492 1461 φρεσὶ
3557 1383 3840 1456 κεύθοντα,

426 1467 585 1544 ’ἔτερα
615 1466 672 1524 δὲ
698 1469 930 1540 βάζοντα
960 1469 1148 1546 σοφίας
1176 1466 1258 1524 δεῖ
1287 1467 1507 1539 πολλῆς
1534 1471 1836 1546 ἓκυφυγεῖν,
1871 1467 1959 1522 καὶ
1987 1467 2150 1542 χρεία
2170 1470 2272 1532 τῆς
2301 1469 2406 1523 ἀπὸ
2435 1473 2532 1525 τοῦ
2560 1469 2866 1545 κρείττονος
2898 1470 3166 1548 ἐφάψεως.

500 1561 781 1616 Caeterum
817 1559 926 1614 fuit
985 1559 1030 1614 is
1085 1559 1379 1630 logothcia
1425 1561 1511 1630 (ut
1568 1559 1822 1613 historia:
1873 1558 2083 1612 seriem

2265 1559 2366 1614 Ἦν
2399 1554 2456 1612 δὲ
2513 1559 2541 1614 ὁ
2573 1557 2870 1634 λογοθέτης
2928 1559 3108 1632 οὗτος,
3135 1557 3228 1614 ἵνα
3283 1559 3374 1615 καὶ
3404 1554 3483 1616 ἔτι
3523 1561 3718 1638 μικρὸν
3747 1583 3846 1618 πα-

430 1648 606 1723 paulo
638 1649 859 1706 diutius
918 1650 1298 1720 suspendam)
1356 1647 1489 1704 talis
1549 1649 1650 1720 qui
1707 1647 2065 1704 sublimiore:

2209 1650 2471 1718 nmvvﬁcw
2501 1655 2602 1718 τῆς
2635 1649 2876 1726 ἱστορίας
2937 1671 3032 1723 μοι
3085 1651 3177 1706 τὸν
3221 1651 3431 1724 εἱρμὸν.
3501 1653 3844 1726 μαθημᾶτων

426 1738 768 1810 disciplinas
803 1738 1157 1810 primoribus
1187 1739 1470 1794 duntaxat
1499 1737 1680 1794 labris
1721 1739 2054 1809 degustarat

2209 1736 2294 1792 κεν
2355 1736 2713 1812 ὑψηλοτέρων
2746 1737 2894 1812 ἄκρῳ
2953 1737 3164 1815 λιχανῷ
3218 1739 3538 1817 γεγευμένος
3597 1740 3689 1795 καὶ
3745 1749 3844 1811 τῆς

431 1833 819 1886 sacrosanctae
849 1827 1146 1898 sapientiae
1177 1844 1381 1900 parum
1411 1826 1664 1899 diligens
1724 1829 1950 1882 amator
1977 1838 2066 1880 net

2209 1826 2538 1900 ὕπερσέμνου
2596 1827 2928 1903 φιλοσοφίας
2983 1829 3086 1884 οὑκ
3129 1825 3360 1905 ἀκριϐὴς
3420 1829 3652 1904 ἐραστὴς
3728 1829 3844 1886 οὐδ’

431 1917 634 1974 docilis
683 1916 1031 1988 discipulus,
1102 1917 1200 1973 sed
1285 1915 1518 1989 ingenio
1597 1914 2066 1987 praestantissimi

2208 1916 2441 1990 εὐμαθὴς
2482 1913 2698 1990 όπαδις,
2731 1917 3015 1993 κράτιστος
3048 1915 3104 1974 δὲ
3133 1921 3200 1992 τῇ
3233 1923 3341 1998 φυᾷ
3371 1920 3458 1974 καὶ
3511 1920 3585 1992 te
3642 1919 3843 1994 ἂμελε-

429 2007 705 2062 dictionis
736 2005 1146 2077 extemporalis
1179 2005 1504 2073 studiosus,
1525 2003 1857 2075 eloquentia
1909 2003 2064 2058 fonti:

2205 2006 2344 2078 τήτῳ
2382 2006 2594 2081 χαίρων
2615 2013 2712 2076 τῆς
2746 2008 3013 2084 φράσεως,
3048 2009 3184 2082 ῥέων
3256 2030 3315 2064 τε
3377 2014 3456 2082 τῷ
3503 2007 3654 2086 λόγῳ
3703 2010 3840 2066 κατὰ

427 2096 618 2150 instar
639 2095 997 2150 exuberante
1027 2095 1347 2150 maximam
1376 2093 1618 2165 gloriam
1657 2093 1922 2162 adeptus.
1956 2091 2056 2146 Fui

2200 2093 2422 2168 πηγάδα
2479 2095 2860 2172 καλλίρειθρον
2921 2094 3292 2153 διεκδιδοῦσαν
3339 2103 3448 2154 τῶν
3496 2103 3715 2174 πρανῶν
3776 2098 3835 2155 ἐκ

430 2189 489 2238 et
519 2183 851 2238 mortalium
883 2183 1145 2238 omnium
1181 2182 1596 2254 gulosissimus
1645 2186 1702 2236 et
1744 2181 2065 2238 bibulorun‘.

2207 2183 2352 2240 εοῦδε
2407 2183 2568 2248 κλέος
2627 2185 2967 2260 ἀπηνέγκατο
3037 2187 3316 2264 μέγιστον.
3380 2189 3709 2264 ’Λνθρώπων
3786 2186 3842 2245 δὲ

433 2273 740 2344 princeps;
774 2287 980 2326 canere
1037 2273 1105 2326 ad
1167 2273 1348 2340 lyram
1401 2275 1458 2326 et
1505 2271 1792 2327 citharam
1831 2270 2060 2341 pulsare

2209 2273 2618 2352 ὒψοφαγώτατος
2647 2274 2721 2330 ὥν
2751 2273 2842 2330 καῖ
2886 2273 3229 2356 οἰνοφλύγων
3271 2277 3298 2331 ό
3362 2277 3650 2352 κράτιστος
3705 2279 3844 2354 πρὸς

435 2361 736 2417 cordacem
787 2359 1002 2416 saltare
1055 2367 1112 2415 et
1169 2361 1343 2432 pedes
1401 2359 1664 2415 celeriter
1721 2359 1832 2416 huc
1909 2363 2070 2430 atque

2201 2362 2387 2438 λύριον
2419 2361 2626 2438 ἔψαλλε
2663 2363 2754 2419 καὶ
2784 2365 2920 2440 πρὸς
2951 2363 3171 2440 κιθάραν
3232 2365 3695 2440 μετερῥυομίζετο
3747 2368 3836 2422 καὶ

438 2449 580 2506 illuc
635 2449 856 2521 agitare
912 2455 1242 2520 promptus.
1301 2450 1573 2513 Quamvis
1632 2454 1826 2505 autem
1889 2449 2073 2504 vinum

2203 2450 2433 2528 κόρδακα
2458 2454 2696 2530 ὡρχεῖνο
2719 2452 2807 2509 καί
2837 2453 2916 2508 τὼ
2947 2451 3081 2509 πόδε
3109 2453 3384 2518 πολλάκις
3420 2456 3838 2531 παρενεσάλευε.

437 2539 771 2598 avidissime
828 2538 1240 2611 ingurgitaret,
1301 2543 1494 2594 tamen
1556 2538 1782 2594 nullum
1822 2539 1878 2593 in
1903 2555 1970 2594 eo
2002 2537 2072 2594 si-

2206 2539 2401 2598 Χανδὸν
2458 2539 2516 2596 δὲ
2580 2547 2686 2596 τῶν
2727 2541 2887 2598 οἷ’νων
2947 2543 3380 2624 ἐμφορούμενος,
3428 2545 3519 2600 καὶ
3550 2546 3688 2600 κατᾶ
3715 2547 3841 2608 τοὺς

439 2646 622 2703 gnum
652 2629 948 2685 ebrietatis
971 2629 1288 2701 apparebat
1313 2646 1326 2696 ;
1353 2631 1468 2684 imo
1487 2645 1602 2701 quo
1618 2627 1750 2700 plus
1765 2627 2074 2696 biberat,ee

2211 2630 2518 2695 δαλαττίους
2575 2631 2714 2708 χόας
2776 2633 2865 2687 καὶ
2927 2634 3024 2696 τὰς
3097 2635 3364 2711 σπογγιάς
3439 2633 3702 2710 συχνάκις
3785 2634 3846 2689 τὸ

446 2719 788 2792 prudentius
807 2717 1262 2788 irrigationeilla
1284 2718 1402 2774 vini
1418 2718 1662 2774 excitato
1697 2719 1837 2774 149
1853 2717 2081 2789 ingenio

2210 2721 2366 2777 ποτὸν
2447 2721 2816 2795 ἀνιμώμενος,
2915 2721 2976 2777 οὐ
3033 2724 3364 2778 κατεπόντου
3430 2723 3521 2778 τὸν
3575 2728 3700 2778 νοῦν
3775 2727 3845 2798 τῇ

441 2808 811 2880 loquebatur.
869 2808 1000 2865 Jam
1059 2807 1197 2878 quia
1260 2807 1561 2880 symposia
1615 2808 2076 2874 consectabatur,

2205 2807 2403 2886 ἔιρδείᾳ,
2432 2812 2570 2883 μήτε
2600 2809 3132 2888 παρασφαλλόμενος
3163 2811 3239 2874 ὡς
3270 2812 3323 2866 οἱ
3373 2809 3748 2885 ἔξοινοι,μήτε
3780 2833 3840 2868 το

441 2918 574 2958 cum
599 2901 936 2973 imperatori
995 2901 1440 2972 acceptissimus
1499 2905 1641 2968 erat,
1682 2903 1805 2955 tum
1867 2899 2076 2970 regulis

2200 2900 2336 2973 κάρη
2391 2898 2612 2974 βάλλων
2696 2900 2924 2973 ἑτέρωσε
2999 2899 3076 2962 ὡς
3141 2900 3244 2954 ὑπο
3310 2901 3482 2974 μέθης
3539 2899 3835 2970 ὲπικλυζό-

437 2990 894 3062 provinciarum,
925 2989 1027 3060 qui
1093 2989 1548 3045 comessationes
1585 2987 1880 3056 amabant,
1913 2988 2072 3044 caris

2201 3008 2381 3062 μενος,
2401 2987 2528 3044 ἀλλ’
2559 2985 2717 3064 ἔλεγέ
2743 3009 2796 3044 τι
2827 2988 3015 3066 σοφὸν,
3041 2988 3356 3067 ἀναφλέγων
3407 3009 3464 3044 τε
3519 2989 3611 3044 καὶ
3657 2987 3833 3066 ἄρδων

439 3077 648 3134 simus.
682 3079 766 3132 Ad
801 3094 948 3147 quos
976 3093 1104 3132 cum
1167 3077 1393 3148 legatus
1453 3076 1595 3147 ibat,
1629 3077 1772 3133 alios
1831 3079 2074 3150 potanda

2198 3077 2250 3132 ἐν
2317 3081 2394 3150 τῷ
2450 3079 2622 3133 πίνειν
2700 3079 2763 3134 τὸ
2819 3076 3200 3154 λογιζόμενον,
3248 3077 3338 3133 καὶ
3395 3079 3533 3153 πρὸς
3595 3077 3824 3154 βλάστην

441 3165 751 3236 superabat
785 3180 968 3234 eoque
1010 3163 1310 3235 redigebat
1361 3169 1424 3219 ut
1469 3164 1640 3236 longo
1695 3171 1952 3237 tempore
2012 3167 2076 3222 ad

2199 3165 2384 3244 λόγων
2421 3165 2632 3240 μᾶλλον
2664 3165 3049 3242 ἐπερωννόετο,
3077 3168 3302 3223 Διώκων
3331 3165 3388 3222 δὲ
3437 3167 3506 3222 τὰ
3565 3165 3821 3240 συμπόσια

438 3251 638 3307 vinum
673 3253 1115 3306 edormiendum
1150 3256 1206 3307 et
1261 3251 1600 3308 ebrietatem
1656 3253 2073 3310 discutiendam

2202 3221 2345 3244 77.77
2421 3221 2595 3240 .7
2672 3221 2770 3242 777.
2946 3221 3114 3237 κέν*
3452 3221 3501 3222 77
3574 3221 3637 3240 κ.

2199 3256 2260 3311 οὐ
2296 3256 2514 3332 βασιλεῖ
2545 3257 2709 3330 μόνον
2734 3254 2963 3312 πλεῖστα
2992 3257 3310 3334 κεχάριστο.
3344 3254 3492 3312 ἂλλᾶ
3541 3257 3629 3312 καὶ
3675 3252 3827 3311 Bavi-

439 3346 597 3398 esset
633 3358 804 3412 opus,
847 3341 992 3396 alios
1040 3341 1328 3412 aequabat,
1383 3359 1512 3398 cum
1574 3343 1808 3414 quidem
1858 3349 2074 3400 ventre:

2207 3367 2344 3408 τταις
2376 3343 2525 3418 μάλα
2550 3345 2822 3426 πεφίλητο
2843 3349 2949 3401 τῶν
2979 3345 3168 3412 ἐθνῶν,
3197 3345 3395 3400 ὁπόσοι
3419 3345 3568 3414 τοὺς,
3617 3346 3842 3418 κώμους

439 3446 642 3486 eorum
675 3430 902 3501 integra
933 3427 1148 3485 doliola
1169 3436 1441 3500 caperent
1487 3435 1542 3486 et
1564 3432 1878 3503 amphoras
1918 3433 2069 3504 digit

2212 3433 2664 3512 τεριεσκοόδαζον.
2720 3435 2870 3492 Κατᾶ
2933 3436 3038 3510 γὰρ
3101 3431 3389 3507 πρεσϐείαν
3435 3433 3620 3496 αὐτοῖς
3674 3455 3847 3510 παρα-

437 3523 502 3574 ut
563 3518 772 3574 calices
848 3523 1166 3585 versarent,
1213 3523 1271 3574 et
1335 3517 1734 3576 Herculanum
1803 3521 2072 3594 scyphum

2207 3519 2418 3579 Ξάλλων
2463 3522 2591 3588 τοὺς
2646 3523 2739 3596 μὲν
2805 3518 3131 3598 ὑπερέϐαλεν
3201 3523 3254 3578 έν
3318 3529 3438 3586 τοῖς
3505 3523 3700 3586 πότοις
3752 3523 3842 3578 καὶ

437 3623 615 3674 omne:
647 3611 926 3679 perpetuo
959 3606 1394 3678 subjungerent.
1456 3607 1570 3663 Sid
1628 3609 1767 3679 quia
1811 3611 1988 3666 semel
2029 3609 2072 3664 ir

2202 3611 2329 3688 πρὸς
2359 3613 2459 3682 τήν
2493 3612 2590 3686 ὀψὲ
2619 3615 2943 3690 κατήνεγκεν
2973 3611 3032 3668 ἐκ
3059 3619 3160 3682 τῆς
3196 3612 3364 3686 μέθης
3432 3610 3703 3686 ἀνάνηψιν
3743 3611 3837 3667 καὶ

438 3697 620 3768 hujus
649 3697 759 3752 viri
789 3695 1144 3752 mentionem
1170 3695 1370 3764 incidi,
1397 3695 1500 3751 illa
1549 3699 1722 3754 etiam
1765 3706 2073 3756 memorati

2219 3706 2289 3756 οὗ
2319 3700 2487 3775 κάρου
2538 3701 2838 3770 ἁνάνευσιν,
2897 3708 3014 3765 τοῖς
3074 3701 3130 3757 δὲ
3173 3703 3264 3758 καὶ
3327 3701 3657 3780 ἰσοφάρισεν·
3693 3699 3854 3756 οὗτοι

433 3786 616 3858 digna
647 3785 988 3842 referantur.
1002 3784 1227 3857 Pepigit
1249 3785 1562 3857 aliquando
1586 3803 1716 3843 cum
1743 3789 2068 3861 imperatori

2213 3790 2254 3845 i‘s
2283 3791 2419 3860 ἦσαν
2453 3791 2504 3845 οἳ
2544 3793 2806 3856 πιθάκνας
2833 3791 2964 3854 ὅλας
2989 3790 3044 3854 ές
3073 3792 3173 3862 τήν
3214 3794 3445 3866 γαστέρα
3502 3791 3848 3866 μετήγγιζον

435 3874 700 3932 Manuele
731 3891 793 3931 se
842 3873 1306 3947 porphyreticam
1370 3875 1630 3948 patinam
1675 3894 1826 3948 aqua
1857 3879 2070 3949 plcnarr

2206 3879 2284 3935 καὶ
2315 3879 2592 3955 ἀμφορέας
2618 3876 2804 3958 ὤχουν
2831 3886 2950 3944 τοῖς
2983 3879 3273 3946 δακτύλοις
3329 3881 3404 3942 ὡς
3456 3879 3692 3942 κύλικας
3749 3880 3841 3935 καὶ

433 3964 879 4031 exhausturum,
915 3981 1044 4034 quae
1073 3963 1212 4019 olim
1247 3965 1305 4020 in
1339 3965 1474 4020 aula
1529 3966 1732 4022 Phocea
1781 3967 2067 4040 Nicephor

2206 3969 2284 4024 τὸν
2342 3969 2546 4044 σκύφον
2603 3971 2757 4044 εἶχον
2827 3968 2908 4024 ἀεὶ
2963 3967 3297 4026 έπιδείπνιον
3345 3969 3440 4025 τὸν
3491 3967 3841 4044 Ἡράκλειον.

433 4053 634 4109 fuitad
669 4052 1077 4110 Bucoleontem
1113 4057 1434 4125 spectante,
1485 4071 1641 4110 nunc
1688 4073 1818 4112 vero
1863 4057 1920 4111 in
1968 4074 2068 4112 mai

2215 4058 2345 4114 Επεὶ
2378 4055 2435 4112 δὲ
2493 4058 2568 4122 εἱς
2604 4057 2732 4120 τοὺς
2781 4059 2904 4133 περὶ
2960 4063 3061 4114 τοῦ
3091 4055 3283 4132 ἀνδρὸς
3311 4055 3470 4114 τοῦδε
3505 4056 3713 4133 λόγους
3745 4077 3846 4113 κα·-

431 4143 592 4198 ximo
617 4142 714 4197 illo
737 4142 1241 4209 conclavivisitur,
1275 4144 1428 4214 quod
1481 4145 1531 4199 is
1571 4145 1890 4216 imperator
1921 4147 2066 4216 cuju:

2212 4147 2370 4216 ]ἀπαξ
2425 4145 2836 4216 ἐνεπεπτώκειν,
2903 4145 3142 4212 δεδόσθω
3199 4149 3419 4202 κάκεῖνα
3473 4149 3542 4218 τῇ
3604 4146 3847 4221 ίστορίᾳ,

438 4231 744 4286 historiam
767 4229 1078 4286 scribimus
1090 4230 1481 4287 aediﬁcavitJd
1504 4232 1580 4286 im
1592 4234 1898 4304 peratorad
1911 4235 2073 4289 mira-

2221 4239 2430 4311 ινήμης
2460 4235 2591 4292 ὄντα
2621 4237 2712 4291 καὶ
2737 4234 3046 4314 διηγήσεως
3077 4236 3214 4306 ἄξια.
3263 4233 3524 4300 Συνέθετό
3580 4257 3718 4292 ποτε
3773 4239 3856 4306 τῷ

434 4323 574 4374 tus:
607 4340 634 4368 «
662 4318 890 4390 Optime
911 4333 1066 4386 sane,
1099 4318 1310 4390 inquit,
1345 4321 1498 4377 I50
1535 4319 1852 4392 logotheta.
1891 4344 1919 4372 ››
1945 4323 2012 4378 Et
2037 4339 2066 4378 e

2217 4325 2422 4382 Ξασιλεῖ
2451 4325 2708 4382 Μανουὸλ
2749 4323 2944 4388 ὕδατος
2975 4325 3309 4398 πλησθεῖσαν
3342 4323 3699 4402 διεκροφῆσσι
3747 4325 3852 4395 τὴν

438 4407 692 4466 multum
712 4407 881 4465 linea:
903 4408 1078 4464 vestis
1102 4410 1367 4481 pretiosae
1385 4415 1441 4466 et
1461 4411 1795 4482 complures
1815 4412 1938 4467 auri
1977 4413 2073 4467 mi-

2218 4417 2508 4492 πορφύρεον
2543 4412 2816 4486 λεκανίδα,
2847 4417 2912 4484 ἤν
2957 4418 3080 4490 εἶχε
3111 4416 3374 4490 πρότερον
3410 4415 3505 4487 μὲν
3537 4417 3573 4484 ἡ
3605 4415 3853 4490 αΐθριώ-

440 4515 548 4556 nas
580 4499 869 4571 promisit,
893 4499 940 4555 si
971 4499 1050 4555 ita
1075 4499 1298 4555 fecisset
1323 4501 1442 4554 :sin
1487 4499 1706 4566 minus,
1743 4502 2075 4557 tantundem

2218 4507 2300 4577 ἲης
2327 4510 2424 4560 τοῦ
2457 4510 2720 4567 κοιτῶνος
2782 4503 3000 4565 αὔλειος
3046 4509 3142 4560 τοῦ
3202 4503 3473 4579 βασιλέως
3524 4505 3853 4580 Νικηφόρον

437 4589 510 4644 ab
544 4605 610 4646 eo
633 4589 942 4661 stipulatus
965 4593 1073 4644 est.
1098 4589 1319 4653 Quibus
1342 4588 1532 4644 verbis
1549 4588 1724 4644 homo
1761 4589 2072 4646 delectatus

2219 4599 2297 4650 τοῦ
2329 4599 2519 4663 Φιυκᾶ,
2549 4596 2584 4663 ἡ
2626 4593 2822 4648 ἄνωθεν
2863 4597 2959 4648 τοῦ
3022 4592 3422 4655 Βουκολέοντος
3491 4591 3854 4662 ὑπτιάζουσα,

435 4681 695 4751 patinam
723 4697 874 4752 aqua
903 4679 1205 4752 repletam,
1238 4696 1366 4751 quae
1399 4679 1468 4734 ad
1505 4681 1654 4735 duos
1687 4680 1862 4736 choas
1894 4682 2070 4752 capie-

2220 4684 2308 4740 ιυνὶ
2341 4681 2400 4739 δὲ
2434 4684 2462 4738 6
2493 4685 2641 4756 παρὰ
2668 4687 2767 4738 τοῦ
2833 4683 2910 4744 εἷς
2965 4682 3207 4757 ἱστορίαν
3263 4681 3628 4756 προκειμένου
3690 4683 3855 4756 βασι-

435 4771 558 4837 bat,
589 4769 776 4825 instar
808 4769 971 4825 bovis
1028 4768 1347 4825 inclinatus
1403 4769 1696 4837 exhausit,
1727 4771 1908 4826 semel
1960 4777 2070 4828 tan-

2221 4775 2341 4836 κέως
2396 4769 2792 4846 οἱκοδομηθεὶς
2867 4773 3254 4851 χρυσόπαστος
3305 4771 3554 4849 μέγιστος
3614 4769 3856 4848 ἀνδρῶν.

430 4867 560 4917 tum
617 4866 846 4932 recepto
897 4861 1048 4916 inter
1101 4863 1418 4933 potandum
1467 4862 1699 4934 spiritu,
1754 4880 1821 4919 ac
1886 4866 2065 4920 statin

2224 4861 2461 4923 ιασιλεὺς
2493 4860 2544 4917 δ’
2574 4861 2626 4916 ἐν
2657 4863 2892 4935 θαύματι
2922 4863 3142 4936 θέμενος
3163 4862 3225 4918 τὸ
3292 4861 3505 4936 λεχθὲν,
3563 4861 3654 4916 καὶ
3714 4861 3859 4936 πρὸς

437 4949 730 5020 promissa
762 4951 831 5004 ab
862 4949 1216 5020 imperatore
1245 4968 1486 5008 munera
1515 4970 1582 5008 ex
1625 4958 1792 5024 pacto
1844 4955 2072 5026 accepit

2221 4954 2385 5018 ιύτὸν,
2418 4949 2731 5026 ’Υπέρευγε,
2765 4949 3033 5026 λογοθέτα
3061 4953 3319 5029 φάμενος,
3353 4949 3541 5012 ὀθόνας
3606 4949 3856 5012 εὐανθεῖς

439 5036 631 5092 Etiam
659 5037 942 5092 viridibus
1005 5037 1152 5094 tabis
1209 5039 1472 5110 impense
1531 5039 1950 5108 delectabatur,
1991 5057 2074 5097 ea-

2218 5044 2288 5098 ιαὶ
2315 5041 2546 5120 χρυσίου
2608 5041 2740 5115 μνὰς
2797 5042 2982 5104 ἱκανὰς
3043 5041 3281 5112 ξυνέθετό
3339 5041 3390 5096 οἱ
3446 5035 3853 5106 καταϐαλέσθαι

440 5141 691 5198 rumque
721 5129 844 5182 tota
875 5142 1015 5181 arva
1070 5130 1472 5185 consumebat.
1534 5129 1860 5200 Aliquando
1909 5131 2075 5202 igitur

2216 5133 2396 5205 Ξρῶντι
2431 5132 2504 5193 ὡς
2533 5128 2752 5210 ἔφησεν,
2776 5131 2811 5200 ἤ
2839 5132 2932 5204 μὲν
2962 5132 3130 5187 ταυτὰ
3159 5131 3375 5186 τουτονὶ
3407 5131 3736 5194 καταθέσθαι
3771 5131 3851 5204 μὴ

437 5215 497 5270 in
525 5214 732 5270 castris
761 5231 890 5270 cum
918 5218 1078 5270 trans
1101 5216 1324 5272 ﬂumen
1349 5217 1496 5272 {aliis
1520 5219 1810 5274 consitum
1832 5219 2072 5290 agellurr

2198 5225 2542 5296 περατοῦντα
2568 5221 2635 5274 τά
2664 5221 3008 5297 ξυγκείμενα.
3071 5221 3157 5282 Ὠς
3200 5216 3256 5276 δὲ
3310 5219 3402 5275 τὸν
3455 5217 3626 5297 λόγον
3682 5217 3829 5292 ἇσμέ

433 5304 852 5376 conspexisset,
889 5304 1087 5358 statim
1121 5305 1312 5361 exutis
1353 5308 1609 5362 vestibus
1649 5312 1903 5364 tranavit
1938 5327 1952 5378 ;
1983 5327 2068 5366 net

2226 5333 2301 5373 ως
2333 5313 2360 5365 6
2389 5311 2526 5384 ἀνὴρ
2565 5309 2894 5381 ὴνωτίσατο,
2927 5311 2962 5380 ἡ
2999 5310 3092 5382 μὲν
3131 5307 3348 5371 λεκανὶς
3381 5309 3448 5378 ἦν
3512 5307 3860 5388 ὑπερχειλής

428 5393 742 5449 maximam
793 5393 1108 5448 devorasse
1163 5399 1384 5462 partem
1444 5400 1754 5452 contentus
1806 5397 2063 5470 reliquie,

2222 5397 2419 5467 ἱδατος,
2443 5396 2712 5473 κεχαδυῖα
2739 5399 2864 5474 περὶ
2896 5400 3034 5474 χόας
3066 5395 3185 5468 aiio,
3227 5398 3254 5452 6
3286 5395 3343 5452 δὲ
3362 5399 3536 5472 κύψας
3565 5398 3631 5454 τὸ
3689 5401 3857 5476 ἄγγος

431 5485 490 5540 in
525 5483 839 5541 fasciculos
857 5483 1133 5539 collectas
1145 5491 1202 5538 et
1217 5484 1250 5538 h
1263 5483 1479 5539 umeris
1504 5484 1808 5555 impositas
1823 5488 2066 5545 abstulit

2229 5489 2459 5544 κένωσεν
2489 5489 2588 5543 ὃσα
2631 5489 2783 5563 βοῦς,
2817 5487 2953 5559 ἅπαξ
3001 5485 3277 5561 ἀνακύψας
3344 5487 3406 5542 τὸ
3476 5489 3707 5563 συνεχὲς
3759 5493 3861 5556 τῆς

431 5579 488 5632 et
517 5575 575 5630 in
610 5573 985 5632 tabernaculo
1026 5590 1132 5630 suo
1157 5573 1368 5630 sedens
1391 5572 1555 5630 fabas
1578 5575 2066 5634 suaviterabsumt

2227 5578 2438 5648 ιόσεως,
2468 5577 2559 5634 καὶ
2587 5578 2710 5633 τότε
2739 5577 2816 5640 ὡς
2846 5578 2908 5634 τὸ
2937 5581 3150 5650 πνεῦμα
3187 5573 3379 5632 πλεῖον
3414 5575 3719 5650 συλλέξειε,
3765 5573 3862 5632 καὶ

437 5665 556 5741 psit
584 5664 752 5738 quasi
794 5663 968 5736 longo
1013 5666 1274 5736 tempore
1319 5663 1664 5734 jejunasset.
1729 5665 1860 5721 Fuit
1917 5667 2072 5725 homt

2234 5668 2347 5744 [χεν
2380 5665 2536 5732 εὐθύς
2564 5667 2632 5723 τὰ
2657 5665 2718 5722 ἐκ
2757 5667 3048 5748 συμφώνου
3079 5666 3215 5744 πρὸς
3265 5664 3538 5742 βασιλέως
3597 5662 3869 5723 ἀποδιδό-
