4140 6290
384 359 412 413 -ἔ
1687 353 1998 416 ΝΙΟΕΤᾸΞ
2041 353 2474 416 ΟΗΟΝΙΑΤᾹΞ
3677 353 3795 416 456

383 497 704 554 Caesaream
733 495 789 550 et
814 489 1161 558 Sebastiam,
1210 489 1499 547 attribuit.
1533 489 1644 547 Sed
1704 505 2036 562 quousque,

2150 485 2352 560 κλῆρον
2414 489 2666 562 πατρῷον
2731 483 3020 541 κατέλιπεν
3084 478 3260 560 ἔτερα,
3297 486 3398 555 τήν
3439 483 3498 542 δέ
3527 463 3799 542 Ἰκονιὲων

390 587 655 654 Domine,
690 581 1082 639 bzereditatem
1113 585 1275 636 tuam
1311 579 1485 651 diripi
1523 596 1590 636 ac
1623 581 1824 652 praedae
1857 585 1914 635 et
1947 579 2039 634 lu-

2155 575 2502 652 μητρόπολιν
2551 575 2642 630 καὶ
2695 573 2794 629 ὅσα
2855 574 3150 650 τετάχαται
3210 576 3300 632 ὑπ’
3357 575 3528 646 ἀύτὴν
3562 579 3642 646 τῷ
3677 573 3806 632 Κλι-

394 675 580 731 dibrio
610 688 734 728 esse
791 671 1004 742 populo
1065 668 1296 724 vecordi
1356 677 1411 724 et
1469 685 1502 724 a
1556 685 1683 724 vera
1730 669 1818 723 tui
1849 667 2042 740 cogni-

2150 665 2414 735 τζασθλᾶν
2465 665 2785 738 ἂπεμερίζει
2831 665 2954 736 υἱῷ.
3015 669 3135 720 Τῶν
3179 661 3234 720 δὲ
3279 659 3543 741 γαμϐρῶν
3594 669 3675 736 τῷ
3708 667 3802 738 μὲν

391 765 548 820 tione
579 779 645 817 ac
677 759 789 815 fide
820 757 1178 815 alienissimo
1211 757 1496 829 patieris?
1529 755 1785 828 quandiu
1807 774 1840 812 a
1869 757 2039 812 nobis

2150 755 2510 832 Ἰαγουπασάν
2589 755 2882 826 Ἀμάσειαν
2958 755 3047 809 καὶ
3123 761 3396 832 ’Ἄγκυραν
3471 753 3804 830 ἐκληροῦτο,

389 856 612 909 avertes
645 849 852 905 faciem
884 853 1068 916 tuam,
1103 863 1236 902 cum
1296 847 1377 902 sis
1431 845 1744 913 humanus,
1777 851 1835 902 et
1879 861 2037 902 men-

2150 846 2235 899 καὶ
2276 845 2375 913 τὴν
2438 841 2815 901 Καπποδοκῶν
2901 840 3198 917 εὐδαίμονα
3265 845 3476 920 χώραν,
3543 845 3635 900 καὶ
3703 843 3805 900 ὅσα

391 941 644 1000 dicitatis
679 946 889 996 nostra:
921 937 1301 1006 Oblivisceris,
1351 953 1454 992 nec
1512 937 1764 1008 gemitus
1810 941 2039 992 nostros

2150 939 2262 996 ταῖς
2323 933 2516 990 πόλέσι
2571 935 2790 996 ταύταις
2857 935 3054 1008 δμορα’
3117 931 3360 1009 Δαδούνῃ
3430 931 3488 988 δέ
3553 933 3800 990 ἀπονενέ-

389 1041 442 1090 et
498 1032 759 1104 ploratus
819 1029 1044 1094 audies,
1106 1043 1229 1082 cum
1287 1027 1554 1082 celeriter
1607 1025 1838 1081 afﬂictis
1907 1042 2035 1081 suc-

2150 1044 2350 1096 μηνται
2408 1021 2598 1085 πόλεις
2640 1020 2952 1097 εὐδαίμονές.
3000 1045 3058 1080 τε
3108 1023 3199 1078 καὶ
3267 1025 3540 1098 μέγισται’
3598 1023 3802 1079 Καισά-

391 1136 621 1176 currere
677 1115 914 1172 soleas?
971 1131 1156 1186 neque
1217 1131 1418 1186 poenas
1485 1129 1708 1182 sumes,
1761 1130 1894 1169 cum
1955 1113 2037 1168 eis

2150 1131 2263 1185 ρεια
2328 1111 2416 1166 καὶ
2482 1106 2798 1168 Σεϐάστεια.
2859 1109 3020 1169 Ἀλλ’
3083 1108 3188 1175 ἓως
3256 1113 3402 1176 τίνος
3459 1113 3552 1168 τὸν
3595 1113 3796 1168 οἰκεῖον

391 1207 647 1265 vindex?
675 1205 956 1279 quamdiu
989 1204 1287 1258 durabunt
1337 1203 1460 1258 istae
1523 1203 1944 1271 absurditates,
1977 1209 2039 1257 ut

2150 1201 2379 1276 παρόψει
2440 1201 2671 1277 κλῆρον,
2738 1201 2920 1276 Κύριε,
2980 1203 3054 1265 εἷς
3122 1203 3422 1278 ἀπαγωγὴν
3487 1203 3795 1276 ἐκκείμενον

384 1295 596 1370 Agaris
630 1295 855 1351 ancillis
889 1293 1136 1366 posteris
1179 1292 1350 1347 nobis
1400 1291 1674 1364 ingenuis
1725 1291 2033 1347 dominen-

2150 1289 2233 1343 καὶ
2331 1293 2612 1365 προνομὴν
2693 1289 3008 1366 μακραίωνα
3106 1290 3196 1346 καὶ
3270 1291 3481 1362 κίνησιν
3549 1289 3796 1366 κεφαλῆς

385 1392 566 1454 tur,et
593 1389 824 1458 gentem
857 1391 1117 1440 sanctam
1168 1387 1352 1449 tuam,
1405 1399 1530 1453 quas
1591 1381 2035 1438 sanctissimum

2150 1377 2265 1450 λαῷ
2313 1384 2484 1454 μωρῷ
2539 1379 2629 1434 καὶ
2675 1379 2810 1456 οὐχὶ
2867 1385 3018 1458 σοφῷ
3059 1380 3149 1436 καὶ
3199 1380 3478 1457 πόρρωθεν
3529 1382 3801 1457 ἀπεσχοι-

387 1476 543 1534 I58
569 1490 778 1530 nomen
812 1478 977 1527 tuum
1017 1471 1274 1538 invocat,
1331 1473 1576 1542 perdent
1628 1475 1685 1526 et
1749 1471 2034 1552 occident,

2150 1464 2376 1541 νισμένῳ
2432 1475 2533 1538 τῆς
2593 1463 2846 1531 εὐσεϐοῦς
2899 1470 3023 1546 περὶ
3081 1470 3139 1524 σὶ
3196 1467 3360 1542 δόξης
3418 1471 3510 1526 καὶ
3567 1470 3802 1534 πίστεως

389 1564 728 1620 diuturnam
763 1561 1098 1617 servitutem
1123 1565 1178 1615 et
1206 1559 1518 1632 opprobria
1549 1563 1608 1614 et
1654 1558 1856 1631 alapas
1902 1575 2033 1632 per-

2150 1556 2312 1632 μέχρι
2341 1557 2486 1620 τίνος
2547 1557 2638 1635 ἀφ’
2693 1561 2854 1632 ἡμῶν
2884 1559 3242 1636 ἀποστρέφεις
3283 1560 3346 1614 τὸ
3395 1559 3596 1616 οἰκεῖον
3627 1560 3800 1635 πρόσ-

387 1653 640 1710 ditorum
675 1651 1058 1706 barbarorum
1119 1648 1554 1704 sustinentem?
1620 1649 1851 1704 Intuere
1907 1654 2032 1704 tan-

2150 1667 2317 1716 ωπον,
2351 1647 2378 1702 6
2417 1645 2828 1726 φιλάνθρωπος,
2861 1647 2949 1703 καὶ
3000 1655 3098 1719 τῆς
3131 1649 3411 1724 πτωχείας
3461 1651 3626 1722 ἡμῶν
3678 1649 3804 1704 ἐπι-

387 1744 543 1810 dem,
573 1740 1022 1797 clementissime
1052 1737 1315 1806 Domine,
1344 1737 1702 1808 captivorum
1721 1753 2034 1794 aerumnas.

2150 1733 2382 1810 λανθάνῃ
2444 1734 2558 1791 οὐδ’
2613 1736 2842 1812 ἐνωτίζῃ
2902 1736 3030 1801 τοὺς
3070 1737 3403 1812 στεναγμοὺς
3461 1739 3551 1794 καὶ
3605 1739 3674 1794 τά
3708 1736 3803 1794 δά-

384 1833 637 1905 Sanguis
672 1829 1028 1886 famulorum
1061 1833 1296 1883 tuorum
1331 1844 1485 1882 nunc
1509 1843 1762 1898 quoque,
1798 1831 1863 1882 ut
1895 1826 2030 1882 olim

2150 1826 2342 1899 κρυα,ὁ
2372 1825 2546 1901 ταχὺς
2591 1829 2698 1881 τῶν
2759 1821 3100 1899 θλιϐομένων
3143 1825 3430 1899 έπακουὸς,
3464 1824 3590 1882 οὐδὲ
3638 1825 3799 1900 δίκην

380 1923 662 1992 Abelis,te
686 1921 1119 1978 misericordem
1139 1917 1446 1974 Dominum
1499 1916 1788 1973 inclamet.
1825 1916 2030 1989 Arripe

2150 1911 2418 1984 ἕπιτίθης,
2450 1915 2478 1968 6
2517 1917 2622 1968 τῶν
2685 1911 3014 1986 έκδικήσεων
3071 1916 3309 1990 Κύριος;
3366 1915 3473 1979 ἓως
3511 1917 3644 1972 πότε
3691 1939 3798 1974 πα-

383 2030 550 2071 arma
578 2017 634 2068 et
659 2016 916 2075 scutum,
949 2024 1190 2079 exsurge
1213 2008 1282 2063 ad
1303 2023 1470 2080 opem
1491 2006 1660 2064 nobis
1686 2006 1981 2063 ferendam
2010 2023 2024 2075 ;

2150 2001 2349 2077 ραλλὰξ
2404 2000 2639 2079 ἓρποντα
2689 2001 2888 2058 έσεῖται
2946 2004 3012 2060 τὰ
3069 2003 3266 2079 ἄτοπα,
3319 2005 3406 2060 καὶ
3471 2005 3522 2059 οἳ
3563 2006 3667 2080 μὲν
3697 2013 3799 2076 τῆς

383 2102 848 2172 confirmatoque
879 2099 998 2154 viro
1031 2097 1130 2170 qui
1165 2097 1269 2152 tibi
1303 2096 1587 2168 placuerit
1636 2096 2029 2168 probatusque

2150 2089 2396 2156 Βουλίδος
2469 2095 2648 2169 Ἀγαρ
2749 2093 3016 2170 ἀπόγονοι
3105 2094 3587 2171 κατακυριεύσουσι
3689 2101 3799 2152 τῶν

383 2191 578 2261 fuerit,
609 2187 892 2260 improbis
953 2187 1158 2242 vicinis
1221 2185 1437 2241 nostris
1493 2183 1764 2257 septupla
1805 2185 2029 2240 reddito

2150 2181 2434 2255 ἐλευθέρων
2505 2185 2686 2254 ἡμῶν,
2748 2181 3017 2238 ἀπολοῦσι
3075 2203 3134 2237 τε
3189 2183 3279 2238 καὶ
3345 2183 3706 2240 ἀποκτενοῦσι
3733 2185 3800 2240 τὸ

383 2296 510 2352 quae
539 2279 600 2334 in
631 2276 1029 2333 haereditatem
1055 2278 1214 2330 tuam
1238 2275 1681 2342 commiserunt,
1711 2277 1767 2330 et
1788 2273 2028 2346 provin-

2150 2272 2229 2326 τὸν
2256 2273 2408 2348 ἅγιον
2444 2266 2616 2339 ἔθνος,
2649 2271 2679 2325 6'
2709 2270 2772 2326 τὸ
2805 2271 2936 2346 ὑπὲρ
2963 2275 3068 2326 πᾶν
3101 2269 3276 2345 ὄνομα
3303 2272 3366 2328 τὸ
3396 2271 3486 2328 σὸν
3508 2271 3806 2346 ἐπικέκλη-

384 2368 489 2424 ciis
521 2373 695 2438 atque
726 2365 971 2420 urbibus
1004 2365 1230 2419 fortiter
1260 2363 1635 2436 recuperatis,
1692 2380 1840 2434 quas
1899 2364 2030 2418 bar-

2150 2382 2228 2416 ῑαι
2303 2360 2458 2438 ’ἀγιον
2537 2357 2732 2434 ὄνομα,
2807 2364 2970 2416 τοῦτο
3067 2357 3124 2416 δὲ
3197 2362 3422 2438 χρονίαν
3501 2361 3803 2438 ὑπηρεσίαν

382 2458 509 2516 bari
540 2455 970 2528 surripuerunt,
1003 2453 1281 2510 orientem
1337 2458 1392 2508 et
1451 2453 1812 2508 occidentem
1847 2451 2030 2508 solem

2150 2451 2423 2522 ὅπομενεῖ,
2491 2451 2582 2506 καὶ
2647 2449 2775 2513 τοὺς
2853 2447 3200 2524 ὀνειδισμοὺς
3269 2450 3481 2506 ὑποίσει
3521 2453 3611 2506 καὶ
3673 2453 3807 2518 τοὺς

384 2561 584 2604 eorum
616 2545 832 2600 limites
874 2542 1120 2599 statuito
1152 2542 1251 2614 qui
1283 2559 1315 2598 a
1348 2546 1402 2597 te
1445 2548 1896 2613 cognomentum
1939 2556 2030 2597 ac-

2150 2536 2543 2612 κονδυλισμοὺς
2609 2543 2719 2593 τῶν
2778 2537 3109 2613 έπιτρίπτων
3166 2539 3374 2594 τούτων
3435 2539 3803 2616 ἀλλογενῶς;

387 2641 682 2708 ceperunt.
2145 2627 2453 2692 Εἷσελθέτω
2484 2626 2711 2682 ἐνώπιόν
2742 2649 2836 2683 σου
2870 2627 2968 2702 ὀψέ
3014 2649 3169 2702 ποτε,
3229 2627 3496 2706 φιλάγαθε
3525 2630 3800 2700 Δέσποτα,

383 2728 490 2780 τῶν
553 2722 605 2777 ἐν
687 2720 874 2783 πέδαις
943 2723 978 2790 ἡ
1055 2721 1286 2796 συνοχή.
1361 2717 1625 2787 Βοησάτω
1691 2717 1828 2794 πρὸς
1895 2717 1953 2772 σὲ
2017 2715 2107 2772 καὶ
2166 2721 2257 2772 νῦν
2317 2717 2408 2772 τὸν
2471 2715 2754 2794 φίλοικτον
2801 2717 2864 2773 τὸ
2932 2715 3262 2796 ἐκχεόμενον
3330 2719 3474 2791 αἷμα
3509 2723 3620 2775 τῶν
3693 2725 3806 2778 σῶν

388 2814 634 2884 οἰκετῶν,
689 2810 762 2874 ὠς
809 2813 870 2866 τὸ
916 2815 1012 2865 τοῦ
1065 2807 1239 2866 Ἀὄελ
1305 2809 1588 2884 πρότερον.
1669 2801 1968 2865 Ἐπιλαϐοὗ
2044 2804 2220 2862 ὅπλου
2283 2804 2374 2861 καὶ
2458 2810 2668 2882 θυρεοῦ,
2737 2806 2828 2862 καὶ
2895 2807 3160 2878 ἀνάστηθι
3229 2806 3307 2872 εἷς
3377 2809 3476 2877 τήν
3545 2809 3805 2885 βοήθειαν

385 2905 574 2976 ἡμῶν,
601 2902 688 2956 καὶ
722 2899 1059 2974 κραταιώσας
1091 2898 1146 2953 ὅν
1181 2898 1339 2960 αὐτὸς
1373 2898 1612 2973 αἰρετίσῃ
1646 2894 1810 2972 ἄνδρα
1839 2897 1929 2952 καὶ
1987 2895 2066 2970 ἐφ’
2118 2897 2175 2951 ’ὀν
2234 2893 2608 2966 εὐδοκήσειας.
2659 2893 2889 2958 ’Δπὸδος
2928 2903 3046 2959 τοῖς
3077 2901 3338 2972 πονηροῖς
3368 2899 3603 2972 γείτοσιν
3638 2902 3804 2972 ἡμῶν

390 2993 468 3056 εἷς
506 2994 568 3047 τὸ
596 2990 964 3047 ἐπταπλάσιον
997 2989 1094 3044 ὅσα
1147 2987 1576 3062 ἐπονηρεύσαντο
1607 2987 1743 3042 κατά
1793 2993 1893 3056 τῆς
1941 2985 2318 3060 κληρονομίας
2362 3006 2478 3040 σου·
2512 2987 2598 3040 καὶ
2631 2983 2822 3049 πολεις
2853 2988 2942 3042 καὶ
2975 2987 3164 3064 χώρας
3194 2986 3543 3051 έπανασώσας
3574 2992 3711 3063 ἡμῖν
3742 2992 3798 3044 ἓν

391 3079 631 3158 ἀνδρείᾳ,
667 3080 727 3144 ἂς
759 3079 1043 3158 ὑφείλοντο
1076 3079 1127 3133 οἱ
1156 3077 1492 3156 ἀλλόφυλοι,
1525 3076 1648 3153 ὅρια
1679 3080 1902 3148 στήσαις
1933 3081 2050 3139 τοῖς
2081 3073 2140 3131 ἒκ
2175 3081 2272 3131 τοῦ
2322 3080 2418 3131 eo?)
2461 3075 2821 3150 καλουμένοις
2855 3078 3124 3152 ὀνόματος
3149 3078 3479 3154 ἀνίσχοντος
3507 3080 3669 3151 ἡλίου
3697 3080 3787 3135 καί

395 3168 664 3244 δυομένου
695 3169 914 3242 πρώτας
946 3168 1036 3222 καὶ
1071 3168 1296 3230 ὑστάτας
1329 3167 1519 3241 αὐγάς.

468 3261 594 3314 Haec
627 3260 870 3314 fortasse
899 3275 1011 3312 non
1071 3258 1178 3312 abs
1229 3275 1288 3312 re
1347 3275 1534 3328 neque
1581 3263 1793 3313 temere
1835 3256 2036 3311 efl‘udi-
2075 3255 2118 3322 Ο

393 3365 548 3416 mus,
615 3364 746 3402 cum
797 3347 912 3402 Deo
973 3346 1269 3417 paulisper
1323 3346 1614 3412 collocuti,
1671 3351 1731 3402 et
1797 3363 2037 3402 maerore

390 3451 736 3510 oppressum
777 3435 1040 3490 animum
1102 3434 1365 3490 nonnihil
1423 3433 1758 3491 levavimus.
1823 3435 2036 3491 Masuti

391 3531 590 3582 autem
647 3523 818 3579 liberi
876 3522 1198 3595 praecipuos
1258 3523 1419 3596 regni
1476 3524 1698 3596 paterni
1749 3541 1815 3580 ac
1843 3525 2036 3596 potius

389 3620 785 3672 Romanorum
811 3614 958 3669 fines
983 3613 1264 3670 trifariam
1293 3613 1487 3683 partiti
1512 3630 1710 3686 pacem
1733 3618 1786 3668 et
1822 3631 2038 3686 cogna-

387 3706 565 3762 tionis
589 3705 726 3776 jura
775 3721 979 3776 parum
1037 3709 1408 3773 curaverunt,
1438 3704 1507 3758 ad
1560 3703 1710 3758 bella
1759 3705 2038 3760 intestina

388 3795 685 3868 propensi.
721 3796 863 3850 Nam
914 3794 1092 3850 Iconii
1141 3793 1421 3848 Sultanus
1443 3794 1818 3865 Cappadocia:
1843 3799 2033 3866 topar-

388 3885 594 3951 cbze,et
624 3882 718 3938 hic
749 3882 832 3936 illi
865 3881 1180 3950 vicisssim,
1212 3881 1420 3937 infesto
1445 3882 1643 3938 animo
1665 3891 1747 3938 est
1790 3883 2036 3938 insidia-

385 3973 693 4039 tus,donec
716 3971 848 4027 odia
871 3972 1025 4029 I54
1073 3971 1132 4026 in
1191 3977 1459 4044 apertum
1517 3981 1836 4044 eruperunt
1875 3974 2036 4028 etab

385 4060 1054 4134 ipsisimperatorisunt
1082 4060 1480 4131 exposita.0ui
1525 4077 1657 4116 cum
1709 4067 2032 4131 utrumque

390 4150 680 4222 perditum
715 4153 974 4220 cuperet,
1018 4151 1256 4221 optabat
1309 4154 1372 4204 ut
1423 4165 1537 4205 non
1597 4153 1825 4204 tanlum
1885 4149 2038 4204 inter

391 4252 518 4294 sese
550 4237 880 4292 rixarentur
908 4243 964 4292 et
1016 4237 1449 4305 divellerentur,
1483 4241 1578 4294 sed
1626 4240 1806 4294 armis
1859 4237 2034 4294 etiam

393 4329 700 4393 certarent,
735 4329 800 4380 ut
856 4325 980 4396 ipse
1029 4327 1250 4382 otiosus
1308 4327 1543 4382 illorum
1600 4325 1769 4382 malis
1822 4327 2037 4398 quippe

2220 3253 2398 3312 Ἀλλὰ
2451 3259 2618 3310 ταῦτα
2679 3255 2773 3330 μὲν
2831 3253 2965 3318 ἴσως
3025 3256 3123 3313 οὐκ
3178 3257 3420 3334 ἀκαίρως
3473 3255 3590 3315 οὐδὶ
3617 3257 3789 3332 μάτην

2144 3341 2574 3418 ἐξετοξεύσαμεν,
2633 3349 2750 3417 Θεῷ
2787 3367 2839 3401 τι
2903 3347 3093 3421 μικρὸν
3152 3348 3660 3422 προσλαλῆσαντες,
3707 3348 3802 3404 καὶ

2141 3434 2466 3496 κενώσαντες
2523 3441 2622 3504 τῆς
2674 3434 2852 3505 λύπης
2913 3435 3090 3512 βραχὺ
3149 3435 3198 3506 ἐξ
3263 3436 3600 3511 ὑπεράντλου
3629 3439 3802 3514 ταύτῃ

2144 3524 2349 3598 ψυχῆς.
2411 3523 2476 3579 Οἱ
2538 3520 2584 3576 δ’
2645 3521 2737 3577 οὗν
2793 3527 2890 3578 τοῦ
2929 3525 3148 3581 Macci):
3205 3533 3374 3602 τριχῆ
3410 3525 3807 3600 δασάμενοιτά

2141 3607 2493 3687 κεφαλαιώδη
2551 3617 2650 3680 τῆς
2721 3612 2900 3691 ἀρχῆς
2971 3612 3262 3688 ὁρίσματα,
3317 3612 3380 3684 ἤ,
3426 3617 3488 3670 τὸ
3539 3615 3803 3687 νητρεκὲς

2142 3699 2335 3766 εἰπεῖν,
2383 3701 2450 3754 τά
2495 3705 2602 3756 τῶν
2649 3701 2940 3774 Ῥωμαίων
2993 3703 3375 3782 σχοινίσματα,
3423 3702 3617 3768 παῖδες
3649 3707 3801 3780 παρὰ

2139 3789 2341 3863 πατρὸς
2398 3787 2451 3851 ές
2491 3789 2690 3852 αὐτοὺς
2731 3787 3036 3846 καταϐάντα
3067 3790 3462 3868 διαδεξάμενοι,
3493 3793 3664 3870 ὀλίγα
3695 3797 3795 3868 μὲν

2140 3879 2331 3954 εἰρήνῃ
2381 3877 2470 3933 καὶ
2535 3884 2652 3940 τοῖς
2709 3886 2806 3949 τῆς
2865 3881 3176 3957 συγγενείας
3231 3888 3452 3956 θεσμοῖς
3511 3883 3795 3955 ἐπέθυσαν,

2139 3968 2205 4022 τὰ
2255 3964 2312 4021 δὲ
2376 3965 2607 4022 πλεῖστα
2666 3966 2743 4030 εἷς
2813 3966 3074 4045 διαφορὰς
3151 3970 3354 4034 οἰκείας
3415 3969 3640 4028 ἀπεῖδον
3707 3973 3798 4028 καὶ

2139 4056 2446 4129 προσέσχον
2513 4060 2631 4118 ταῖς
2700 4053 3054 4114 διαστάσεσιν.
3123 4059 3330 4116 Αὐτίκα
3415 4061 3518 4136 γὰρ
3586 4063 3616 4117 6
3700 4065 3800 4117 τοῦ

2139 4142 2368 4198 Ἰκονίου
2449 4142 2680 4200 σουλτάν
2739 4145 2820 4218 τῷ
2893 4153 2996 4216 τῆς
3071 4145 3468 4212 Καππαδοκίας
3536 4150 3797 4226 τοπάρχῃ

2141 4237 2324 4290 σκαιόν
2387 4257 2442 4291 τι
2501 4236 2590 4292 καὶ
2647 4234 2834 4312 ἄγριον
2892 4237 3308 4318 έπωφθάλμισε,
3359 4243 3452 4296 καὶ
3523 4241 3684 4305 οὗτος
3733 4243 3803 4298 αὗ

2139 4323 2328 4398 ἐκείνῳ
2391 4322 2618 4400 βλέμμα
2674 4325 2926 4401 ὀλέθριον
2987 4321 3193 4403 ἕῤῥιψι.
3255 4328 3353 4386 Καὶ
3423 4332 3490 4400 ἧν
3569 4332 3639 4386 τά
3686 4333 3806 4387 κατ’

393 4416 772 4472 barbarorum
807 4421 863 4472 et
888 4415 1201 4488 impiorum
1235 4417 1580 4484 insultarat;
1615 4433 1679 4472 ac
1729 4433 1830 4488 per
1877 4416 2040 4488 lega-

2150 4413 2408 4485 άλλήλων
2472 4417 2690 4490 πονηρά
2753 4411 3044 4473 διαϐούλια
3107 4417 3214 4494 οὐχ
3273 4420 3374 4476 ὑπὸ
3443 4421 3640 4477 σκότον
3708 4423 3805 4477 καὶ

392 4511 482 4562 tos
513 4505 660 4562 clam
723 4513 1034 4579 utrumque
1091 4511 1292 4562 contra
1375 4504 1619 4562 alterum
1705 4506 2034 4563 concitavit.

2150 4506 2319 4582 κρύφα
2379 4506 2701 4581 τελούμενα,
2763 4505 2891 4562 ἀλλ’
2977 4502 3216 4566 ἔκπυστα
3275 4510 3366 4566 καὶ
3434 4509 3657 4585 βασιλεῖ
3712 4513 3808 4567 καὶ

391 4599 600 4668 Aperte
629 4612 766 4651 vero
819 4594 1170 4668 Jagupasani
1231 4594 1400 4650 donis
1458 4595 1654 4650 missis
1688 4611 1856 4666 opem
1887 4594 2035 4666 tulit,

396 4685 610 4706 A,,l14_!
651 4685 770 4706 -Jl-
839 4685 931 4706 _-_:
995 4688 1143 4706 ---λι
1203 4683 1374 4706 1..-..-
1441 4683 1666 4706 -L__-__!
1731 4700 1793 4706 _-
1861 4683 2038 4706 3-1--2

2150 4591 2348 4675 ἔκφορα
2392 4596 2479 4651 ὑπ’
2528 4595 2722 4653 αὐτῶν.
2774 4596 2834 4654 Ὁ
2893 4593 2970 4670 δὲ,
3028 4596 3379 4675 ἐπαρώμενος
3428 4599 3636 4678 ἀμφοῖν
3666 4621 3812 4656 παν-

2174 4684 2224 4706 ῘἼ
2466 4685 2480 4706 9
2544 4685 2554 4702 Ι
2614 4705 2619 4706 ,
2767 4685 2782 4703 \
2945 4685 2958 4706 Ι
3184 4687 3196 4706 Ι
3445 4689 3467 4706 ν
3547 4689 3562 4706 9
3639 4701 3655 4706 -
3708 4691 3724 4706 Ι

393 4685 614 4742 sultani
644 4685 798 4754 odio,
833 4685 934 4756 qui
991 4688 1146 4740 esset
1203 4683 1378 4739 homo
1436 4683 1668 4738 obscuri
1729 4700 1795 4740 ac
1855 4683 2041 4740 dolosi

2153 4684 2376 4758 ώλειαν,
2453 4685 2637 4761 ἠγάπα
2715 4685 2790 4758 μή
2889 4685 3054 4758 μόνον
3135 4687 3300 4764 μέχρι
3374 4689 3470 4745 τοῦ
3545 4689 3810 4764 έριθεύειν

397 4775 640 4846 ingenii,
670 4791 773 4831 nec
803 4775 1063 4845 cognatis
1121 4777 1349 4828 timum
1396 4773 1523 4828 suis
1569 4773 1883 4844 perniciem
1918 4789 2040 4830 mo-

2152 4773 2429 4830 ἀπονεύειν
2503 4771 2770 4844 ἀλλήλων
2843 4776 2936 4830 καὶ
3001 4775 3414 4852 ἀποσχίζεσθαι,
3491 4777 3638 4835 ἀλλά
3713 4781 3812 4836 καὶ

400 4863 732 4926 liretur,eed
759 4867 814 4917 et
846 4862 1239 4918 Romanorum
1262 4863 1404 4918 fines
1441 4862 1688 4918 subinde
1727 4861 2044 4918 latrociniis

2154 4861 2302 4920 ὅπλα
2362 4863 2594 4941 ἄραντας
2643 4863 2720 4926 εἷς
2772 4870 2970 4941 μοῖραν
3027 4863 3306 4938 διαστῆναι
3365 4869 3671 4940 ἀντίθετον,
3737 4872 3813 4927 ’ἶν’

400 4956 652 5006 vexaret.
710 4951 1115 5021 Jagupusanes
1174 4952 1353 5022 igitur
1430 4951 1780 5024 imperatore
1860 4952 2046 5007 fretus

404 5039 644 5095 sultano
694 5038 911 5094 bellum
976 5040 1196 5096 infert:
1258 5039 1354 5097 ille
1411 5041 1672 5098 vicissim
1747 5042 1802 5096 in
1863 5041 2044 5096 aciem

406 5127 720 5200 egreditur.
754 5127 980 5182 Crebrae
1039 5145 1246 5200 pugnae
1290 5131 1760 5186 committuntur.
1788 5130 2042 5186 Tandem

404 5221 539 5290 post
569 5215 787 5271 multas
819 5215 1088 5287 utrinque
1119 5219 1304 5273 caedes
1347 5219 1528 5275 factas
1559 5235 1738 5291 penes
1785 5219 2044 5291 Jagupa-

401 5321 605 5363 senem
637 5305 882 5362 victoria
905 5305 1032 5362 fuit.
1066 5310 1256 5378 Atque
1279 5306 1456 5362 armis
1495 5309 1561 5364 ad
1589 5313 1819 5380 tempus
1842 5310 2047 5380 positis

400 5395 497 5452 hic
527 5395 584 5451 in
617 5411 724 5452 sua
779 5395 1080 5468 provincia
1135 5396 1368 5452 mansit.
1419 5397 1700 5454 Sultanus
1756 5414 1892 5455 vero
1943 5399 2050 5455 im-

405 5488 732 5558 peratorem
765 5500 968 5541 recens
999 5501 1066 5540 ex
1095 5483 1406 5541 Occidente
1453 5501 1750 5544 reversum
1797 5488 1964 5557 adiit,
1996 5493 2052 5546 et

404 5572 745 5630 humaniter
774 5589 837 5628 ac
867 5571 1184 5630 honoriﬁce
1207 5577 1484 5646 exceptus
1513 5589 1626 5630 non
1689 5577 1887 5633 minus
1928 5577 2052 5634 Ma-

408 5663 640 5723 nuelem
699 5660 1044 5720 exbilaravit
1105 5679 1278 5735 quam
1340 5661 1466 5736 ipse
1525 5662 1884 5736 benignitate
1918 5665 2051 5725 hos-

2155 4955 2300 5029 ἅγων
2347 4952 2578 5027 ἠρεμίαν
2629 4953 2785 5016 αὐτὸς
2863 4961 2979 5017 τοῖς
3029 4955 3250 5011 ἐκείνων
3301 4955 3560 5034 ἐπιχαίρῃ
3617 4965 3814 5024 κακοῖς

2155 5043 2230 5107 ὡς
2281 5044 2422 5114 ὁμοῦ
2474 5063 2532 5098 τε
2580 5041 2916 5120 ἀλλοφύλων
2975 5045 3064 5100 καὶ
3119 5042 3348 5102 ἀσεϐῶν·
3417 5049 3507 5103 καὶ
3571 5046 3809 5124 πέμπων

2155 5131 2328 5207 λάθρα
2369 5129 2630 5206 ἀγγέλους
2673 5132 2893 5208 θάτερον
2923 5135 3130 5209 θατέρῳ
3177 5134 3366 5210 ἐνῆγεν
3417 5137 3493 5200 εἷς
3531 5138 3810 5213 πόλεμον.

2155 5223 2252 5278 Ἐκ
2291 5218 2348 5276 δὲ
2404 5225 2502 5276 τοῦ
2553 5219 2842 5297 προδήλου
2891 5227 2969 5294 τῷ
3007 5225 3398 5301 Ἱαγουπασάνῃ
3461 5227 3812 5304 προσέκειτο,

2153 5313 2242 5369 καὶ
2312 5313 2364 5368 οἱ
2416 5317 2514 5368 τοῦ
2562 5315 2758 5388 ’Λρεος
2814 5314 3182 5390 συνεθίγγανεν
3245 5320 3326 5380 οἷς
3375 5316 3660 5394 ἐδωρεῖτο,
3715 5343 3818 5395 μυ-

2157 5399 2485 5475 σαττόμενος
2531 5402 2626 5458 τὸν
2677 5401 2910 5459 σουλτὰν
2961 5403 3038 5467 ὡς
3083 5404 3517 5482 ὁποκαθειμένην
3574 5411 3656 5465 ἀεὶ
3708 5413 3814 5480 τήν

2155 5489 2384 5568 γνώμην
2435 5485 2634 5566 ἔχοντα
2684 5490 2776 5547 καὶ
2823 5491 3066 5548 ὓπουλον
3113 5496 3176 5549 τὸ
3235 5501 3449 5572 φρονεῖν
3507 5499 3600 5554 καὶ
3656 5500 3817 5576 περί-

2159 5599 2414 5659 στροφον,
2454 5580 2544 5636 καὶ
2581 5581 2658 5656 μὴ
2711 5579 2872 5654 μόνον
2913 5578 3362 5642 δολοπλογοῢντα
3387 5591 3506 5649 τοῖς
3537 5586 3598 5644 ἐκ
3625 5589 3820 5666 γένους

2159 5667 2348 5744 ἰκείνῳ
2421 5670 2512 5726 καὶ
2573 5668 2802 5747 α’ίματος
2875 5672 2942 5728 τὰ
3007 5671 3294 5749 ἀνήκεστα,
3341 5675 3487 5734 ἀλλά
3533 5678 3624 5734 καὶ
3675 5680 3825 5740 Ῥω-
