4140 6290
222 454 341 515 457

1275 446 1375 510 DE
1416 444 1805 511 MANUELE
1848 448 2236 511 COMNENO
2280 449 2430 510 LIB.
2476 447 2580 510 Ill.

3531 448 3653 509 458

232 588 419 664 μαίων
481 585 564 642 ἀεὶ
611 586 747 641 κατὰ
793 582 1052 659 λῃστείαν
1098 582 1161 638 τὸ
1217 586 1496 659 γειτονοῢν
1555 580 1890 657 ἐκτρίδοντα.

2024 584 2135 640 Jitii
2167 588 2258 640 est
2288 584 2665 640 exhilaratus.
2725 582 2871 637 Nam
2923 595 3084 653 spem
3132 581 3344 637 bonam
3398 580 3658 639 habebat

227 678 524 737 Πεποιθώς
583 674 765 730 τοίνυν
849 672 1284 749 Ἰαγουπασάνης
1363 677 1443 745 τῷ
1528 673 1892 745 αὐτοκράτορι

226 768 447 845 ἐκφέρει
483 764 621 822 κατὰ
645 768 741 820 τοῦ
763 762 997 819 σουλτὰν
1054 762 1325 835 πόλεμον,
1381 763 1470 818 xui
1530 763 1689 824 οὗτος
1742 763 1894 824 αὖθις

234 861 502 931 άντέξεισι
571 860 687 914 κατ’
755 857 945 927 αὐτοῦ,
1011 856 1102 911 καὶ
1170 855 1519 932 συρραγέντες
1622 853 1896 917 πολλάκις

241 950 553 1029 ἐμάχοντο.
605 949 738 1021 Ὀψὲ
795 947 854 1000 σε
902 946 993 1001 καὶ
1053 946 1169 1018 μεθ’
1229 942 1434 1018 αἵματα
1488 942 1540 1014 ἐξ
1627 944 1895 1018 ἑκατέρων

244 1040 511 1117 ῥεύσαντα
543 1042 652 1094 τῶν
710 1042 952 1111 στρατῶν
1007 1034 1145 1109 πρὸς
1218 1034 1643 1110 Ἰαγουπασάνην
1701 1030 1900 1107 ἔϐλεψε

241 1131 303 1186 τὸ
363 1132 540 1199 νικᾷν.
608 1125 707 1182 Καὶ
762 1126 898 1201 πρὸς
957 1124 1144 1197 καιρὸν
1192 1125 1260 1179 τά
1322 1121 1468 1177 ὅπλα
1516 1121 1898 1193 καταθέμενοι,

246 1221 273 1275 6
326 1220 422 1292 μὶν
478 1216 706 1289 ἐπέμενε
742 1213 880 1269 κατᾶ
938 1214 1146 1288 χώραν,
1204 1213 1232 1266 6
1263 1209 1323 1267 δὲ
1372 1210 1606 1267 σουλτὰν
1628 1210 1709 1282 τῷ
1740 1213 1896 1284 βασι-

248 1309 335 1364 λεῖ
366 1308 648 1380 πρόσεισιν
687 1300 807 1377 ἄρτι
847 1303 984 1374 πρὸς
1039 1302 1138 1369 τὴν
1192 1299 1357 1356 πόλιν
1419 1302 1519 1369 τὴν
1574 1298 1901 1374 βασιλεύου-

252 1418 348 1452 σαν
405 1398 471 1451 Ex
523 1399 634 1450 τῶν
667 1391 945 1465 δυσμικῶν
1002 1389 1269 1446 ἐπανιόντι
1327 1393 1527 1463 μερῶν,
1584 1388 1676 1442 καὶ
1734 1387 1899 1453 φιλο-

252 1486 468 1565 φρόνως
548 1480 907 1559 προσδεχθεῖς
1006 1481 1094 1535 καὶ
1149 1478 1379 1552 ἐντίμως
1434 1479 1545 1553 οὐχ
1598 1480 1764 1547 ἦττον
1818 1475 1901 1565 ἐπ’

257 1563 413 1645 αὐτῷ
442 1572 532 1628 τὸν
585 1569 813 1647 βασιλέα
870 1568 1199 1647 διαχυθῆναι
1255 1568 1551 1636 πεποίηκεν
1606 1568 1750 1640 ἢπερ
1804 1563 1903 1619 αὐ-

248 1664 343 1724 τὸς
392 1661 481 1716 ἐπὶ
537 1664 618 1733 τῷ
673 1665 774 1729 τῆς
827 1657 997 1728 ξενίας
1050 1656 1378 1736 ἐνευφράνθη
1430 1652 1739 1729 ἀπροσδεεῖ.
1790 1652 1906 1710 Οὐκ

241 1751 435 1807 ὶλπίσι
465 1751 568 1824 γὰρ
607 1750 773 1822 μόνον
819 1745 1214 1823 χρηστοτέραις
1247 1744 1559 1801 ὐπεσαίνετο
1613 1740 1903 1810 Μανουὴλ,

249 1843 326 1904 ὡς
349 1839 409 1897 εὖ
437 1842 507 1896 τὰ
539 1840 679 1895 κατὰ
706 1840 805 1908 τήν
828 1835 903 1893 ἓω
936 1834 1178 1892 διάθοιτο
1219 1834 1309 1891 διὰ
1366 1842 1467 1905 ἧς
1515 1837 1610 1889 τοῦ
1666 1830 1906 1887 σουλτά-

242 1953 338 1988 νου
401 1930 705 2006 παρουσίας
763 1929 852 1983 καὶ
914 1931 1015 1982 τοῦ
1063 1925 1468 2001 κεχαρισμένου
1554 1929 1654 1993 τῆς
1713 1920 1900 1993 ξενίας,
1936 1967 1983 2033 Β

255 2020 280 2033 ιι
445 2019 456 2033 ι
764 2021 789 2033 ν
980 2015 1000 2033 \
1151 2018 1165 2033 ο
1407 2014 1473 2033 nl
1516 2008 1547 2033 ρ
1687 2030 1697 2033 -
1766 2008 1902 2033 1\\.‘_

253 2019 558 2095 δυναμένου
590 2021 886 2096 γοητεῦσαι
914 2015 1346 2091 φιλοχρήματον
1407 2008 1699 2089 βάρϐαρον⁸
1758 2008 1904 2065 ἀλλὰ

249 2113 343 2169 καί
396 2108 553 2180 δόξαν
616 2108 768 2179 αὐτῷ
831 2114 934 2176 τῆς
1001 2103 1279 2179 βασιλείας
1360 2103 1422 2158 τὸ
1482 2097 1691 2174 συμϐὰν
1744 2097 1902 2170 ᾤετο.

251 2201 453 2259 Είσιὼν
482 2196 665 2255 τοίνυν
697 2193 812 2271 ἅμα
858 2200 938 2269 τῷ
997 2194 1278 2267 σουλτάνῳ
1330 2194 1430 2262 τήν
1499 2188 1907 2248 Κωνσταντίνου

248 2291 509 2365 κηρύττει
574 2281 869 2361 θρίαμϐον.
930 2285 1034 2341 Καὶ
1081 2285 1150 2353 ἦν
1210 2284 1486 2358 εὐπρεπῆς
1554 2273 1904 2353 ὁθρίαμὸυς,

254 2378 581 2440 καλλίστοις
627 2377 720 2432 καὶ
779 2376 1003 2448 τιμήεσι
1096 2372 1329 2432 πέπλοις
1412 2369 1735 2448 παμφαίνων
1818 2365 1907 2421 καὶ

255 2475 337 2543 τῷ
403 2473 502 2526 τοῦ
561 2469 778 2541 κόσμου
870 2461 1153 2521 πολυειδεῖ
1209 2460 1488 2523 δαίδαλος.
1547 2461 1636 2515 καὶ
1694 2455 1911 2530 ἤμελλε

262 2558 523 2633 βασιλεὺς
550 2555 641 2613 διὰ
668 2560 767 2611 τοῦ
799 2549 1072 2629 θριάμϐου
1103 2551 1350 2629 προῖέιιαι
1390 2552 1527 2626 πρὸς
1558 2548 1734 2603 αὐτῶν
1800 2550 1908 2600 τῶν

259 2649 449 2703 ἀστῶν
483 2645 875 2721 κρατούμενος,
916 2644 1001 2699 καὶ
1041 2644 1206 2718 μέρος
1246 2642 1381 2697 εἶναι
1436 2646 1537 2709 τῆς
1586 2636 1710 2693 τότε
1751 2633 1913 2709 δορυ·-

260 2738 468 2815 φορίας
523 2758 583 2793 τε
619 2736 710 2792 καὶ
776 2734 1170 2811 λαμπρότητος
1226 2733 1316 2788 καὶ
1381 2736 1490 2786 τῶν
1566 2725 1909 2802 κυδρούντων

265 2828 365 2882 τὸν
423 2826 789 2900 αὐτοκράτορα
843 2825 935 2880 καὶ
1012 2823 1308 2884 σουλτάνος
1360 2819 1527 2881 αὐτὸς
1584 2816 1910 2888 ἐπιπαριὼν.

271 2916 410 2975 Θεὸς
440 2911 486 2967 δ’
546 2913 786 2989 ἠκύρωσε
829 2917 898 2971 τὰ
953 2922 1053 2985 τῆς
1112 2914 1323 2988 ἡμέρας
1354 2911 1563 2981 ἐκείνης
1598 2904 1844 2981 λαμπρά·
1875 2905 1910 2974 ἢ

277 3023 338 3059 τε
398 3002 503 3079 γὰρ
554 3010 618 3077 γῆ
684 3002 1005 3076 κλυνηθεῖσα
1060 3002 1277 3066 πολλὰς
1340 2994 1694 3069 κατεϐεϐήκει
1769 2993 1916 3067 λαμ-

274 3092 550 3167 προτάτας
578 3092 839 3164 οἰκήσεις,
872 3092 962 3148 καὶ
991 3094 1019 3147 6
1040 3093 1145 3165 ἀὴρ
1210 3086 1543 3166 ταραχώδης
1608 3085 1672 3153 ἦν
1746 3082 1913 3138 ἐπιει-

262 3186 380 3247 κῶς
436 3181 525 3237 καί
591 3183 909 3256 ἀνώμαλος,
957 3182 1046 3237 καὶ
1104 3179 1240 3255 ἕτερ’
1326 3177 1458 3234 ἃττα
1549 3169 1916 3247 ἐπισυμϐάντα

264 3269 502 3345 δείματα
534 3273 784 3342 ἐκείνοις,
819 3273 882 3327 οὐ
940 3265 1229 3347 θριάμϐοις
1285 3268 1584 3339 ἠναγκάκει
1622 3263 1913 3339 προσέχειν

261 3334 366 3417 τὸν¹
389 3366 541 3432 νοῦν,
573 3361 666 3417 καὶ
695 3334 891 3430 τὸιτῆς
945 3334 1134 3437 ψίυχίῆς
1193 3334 1451 3431 ἰκύμαινε
1526 3334 1915 3430 λογιζόμενον.
1947 3334 1993 3397 C

265 3456 545 3528 Ἔφασκον
578 3447 636 3505 δὶ
674 3450 765 3505 καὶ
817 3450 870 3504 οἱ
908 3453 1005 3504 τοῦ
1063 3447 1208 3513 θείου
1271 3449 1377 3502 νεὼ
1437 3446 1524 3500 καὶ
1569 3446 1666 3498 τοῦ
1727 3441 1915 3516 βήμα-

261 3560 363 3601 τος
401 3534 658 3619 ἕντροφοι
696 3540 786 3594 καὶ
831 3537 994 3600 αὐτὸς
1030 3535 1308 3613 βασιλεὺς,
1352 3533 1452 3590 οὐκ
1512 3532 1715 3610 ἀγαθὰς
1777 3530 1915 3619 κλῃξ

268 3627 430 3691 δόνας
462 3617 766 3705 δεχόμενος
796 3628 866 3683 τὰ
922 3626 1216 3703 λεγόμενα,
1288 3625 1501 3699 μηνίειν
1549 3622 1613 3677 τὸ
1654 3625 1796 3684 θεῖον
1825 3617 1915 3674 καὶ

270 3717 406 3793 μηδ’
467 3717 614 3782 ὅλως
682 3719 974 3794 ἀνέχεσθαι
1030 3718 1330 3791 προκύψειν
1409 3715 1486 3776 εἷς
1534 3705 1804 3785 θρίαμϐον
1840 3710 1916 3782 μὴ

266 3802 573 3870 θεοσεϐείας
606 3804 776 3883 ἄνδρα
810 3805 1211 3882 μετεσχηκότα,
1252 3804 1310 3859 ὅν
1342 3805 1658 3877 ίκοσμοῦσιν
1712 3794 1919 3854 ἔπιπλα

273 3905 487 3973 παναγῆ
520 3898 609 3955 καὶ
640 3899 815 3974 ἁγίων
850 3894 1053 3953 ἔκτυπα
1092 3892 1406 3969 διειλήφασι
1471 3892 1562 3948 καὶ
1629 3890 1917 3969 χαρακτὴρ

265 3989 587 4064 καθαγιάζει
664 3988 921 4061 Χριστοῦ.
983 3984 1082 4039 Καὶ
1160 3980 1302 4038 οὕτω
1399 3983 1493 4055 μὲν
1585 3978 1800 4040 εἰκαίως
1891 3977 1919 4030 6

267 4080 546 4153 θρίαμήος
578 4073 921 4151 ἐσχεδίαστο,
958 4069 1230 4146 μηδαμῶς
1261 4070 1408 4144 αὐτῷ
1472 4066 1919 4144 προσεσχηκότος

267 4167 369 4223 τοῦ
428 4165 856 4242 αὐτοκράτορος,
918 4159 1032 4217 οὐδ’
1078 4160 1131 4223 ἔς
1186 4160 1311 4215 ὅσον
1367 4158 1431 4214 τὸ
1460 4154 1581 4221 ἔθος
1611 4157 1919 4233 ἀφοσιώσα-

273 4269 418 4321 σθαι·
476 4254 556 4317 εἷς
612 4253 795 4308 ἱκανὸν
856 4248 921 4306 δὰ
958 4252 987 4305 6
1034 4251 1330 4311 σουΑτάνος
1358 4252 1437 4321 τῷ
1468 4246 1685 4322 βασιλεῖ
1716 4242 1921 4299 συνδιέ-

265 4350 430 4422 τριψε
486 4346 712 4420 χρόνον,
762 4342 852 4397 καὶ
930 4338 1117 4395 ἵππων
1178 4335 1590 4412 σταδιοδρόμων
1657 4333 1921 4409 ἁμίλλαις

264 4436 361 4490 τὸν
409 4431 697 4511 ὀφθαλμὸν
744 4429 1132 4497 καθειστίακεν,
1204 4429 1296 4483 ὅτε
1357 4426 1448 4482 καὶ
1508 4446 1588 4487 τις
1629 4424 1766 4498 ἀνηρ
1823 4429 1925 4492 τῆς

266 4530 446 4598 Ἀγαρ
492 4522 783 4599 ἀπόγονος,
836 4520 911 4581 ὡς
975 4519 1067 4592 μὲν
1113 4516 1287 4573 ἐδόκει
1331 4518 1397 4572 τὰ
1453 4520 1645 4591 πρῶτα
1711 4515 1920 4585 θαυμα-

2007 673 2242 728 Manuel
2269 688 2331 728 se
2360 672 2433 727 ob
2464 670 2681 727 sultani
2710 669 3082 741 praesentiam
3114 685 3230 726 non
3274 672 3424 728 I55
3481 672 3656 727 modo

2005 762 2179 818 rebus
2236 761 2489 818 Orientis
2557 759 2965 817 consulturum
3043 763 3102 815 et
3166 776 3339 815 avaro
3403 761 3656 817 barbaro

2007 850 2244 920 hospitii
2274 849 2625 905 liberalitate
2654 849 2854 904 fucum
2891 865 3021 904 esse
3075 848 3388 917 facturum,
3439 849 3538 905 sed
3589 866 3658 905 ex

2009 953 2074 992 eo
2105 953 2241 991 casu
2280 935 2529 1007 gloriam
2577 951 2812 1007 quoque
2859 935 3149 1006 sperabat.
3196 934 3423 1007 Cpolim
3473 936 3657 1008 igitur

2010 1043 2124 1080 una
2164 1042 2298 1082 cum
2351 1026 2451 1082 illo
2501 1028 2798 1096 ingressus
2847 1025 3214 1096 triumphum
3266 1025 3492 1081 indicit.
3543 1028 3656 1092 Qui

2010 1132 2142 1170 cum
2175 1116 2470 1186 eleganter
2499 1116 2824 1172 instructus
2856 1116 3127 1187 pretiosis
3152 1116 3413 1173 vestibus
3450 1121 3507 1173 et
3562 1133 3659 1173 or-

2011 1215 2420 1261 namentorum
2452 1206 2730 1261 varietate
2760 1205 3094 1273 colluceret,
3129 1211 3304 1277 atque
3348 1207 3663 1279 imperator

2012 1310 2145 1349 cum
2178 1293 2469 1365 applausu
2500 1299 2557 1350 et
2587 1293 3110 1349 acclamationibus
3140 1294 3380 1364 civium,
3403 1295 3656 1351 adducto

2012 1410 2129 1448 una
2159 1393 2410 1463 sultano,
2442 1394 2543 1465 qui
2585 1394 2737 1450 inter
2782 1398 3015 1451 caeteros
3060 1410 3326 1467 proceres
3374 1394 3660 1451 festivita-

2017 1487 2131 1537 tem
2164 1481 2325 1537 illam
2359 1482 2735 1538 celebriorem
2773 1483 3058 1551 redderet,
3092 1484 3433 1554 proditurus
3484 1490 3658 1553 esset,

2016 1574 2164 1627 Deus
2209 1569 2369 1625 illius
2426 1570 2540 1626 diei
2599 1570 2968 1642 splendorem
3011 1572 3147 1627 fecit
3199 1572 3452 1628 irritum.
3508 1575 3657 1629 Nam

2014 1662 2179 1714 terra;
2200 1663 2359 1715 motu
2383 1660 2580 1714 multae
2598 1660 3090 1731 splendidissimis
3113 1662 3263 1718 aedes
3280 1665 3626 1717 corruerunt
3647 1678 3661 1721 ;

2013 1752 2071 1803 et
2098 1748 2251 1804 aeris
2281 1748 2653 1820 intemperies
2684 1765 2751 1804 ac
2777 1748 2960 1820 caligo
2991 1754 3046 1804 et
3100 1748 3197 1805 alii
3248 1752 3490 1822 quidam
3543 1755 3663 1807 ter-

2014 1853 2174 1893 rores
2195 1840 2512 1893 aestuantes
2533 1837 2841 1893 hominum
2865 1836 3093 1893 animos
3116 1854 3150 1893 a
3170 1837 3491 1911 triumphis
3514 1839 3572 1894 in
3598 1856 3660 1895 se

2017 1926 2446 1982 convertebant.
2507 1925 2755 1981 Aiebant
2810 1930 2869 1981 et
2924 1941 3100 1982 sacrae
3159 1926 3299 1982 redis
3368 1926 3663 1983 antistites

2015 2013 2145 2086 (nec
2182 2015 2306 2084 ipse
2360 2014 2681 2083 imperator
2720 2014 2891 2103 aliter
2940 2031 3008 2071 ea
3065 2015 3265 2071 omina
3320 2015 3666 2103 accipiebat)

2012 2103 2188 2158 irasci
2237 2103 2418 2159 Deum
2475 2119 2663 2174 neque
2710 2102 2856 2160 velle
2903 2107 2967 2159 ut
3014 2103 3187 2160 homo
3254 2103 3474 2176 impius
3521 2102 3657 2162 eum

2014 2190 2382 2263 triumphum
2414 2192 2760 2262 intueretur,
2793 2209 2968 2265 quem
3020 2192 3413 2249 instrumenta
3459 2209 3661 2251 sacra-

2015 2280 2250 2337 tissima
2288 2285 2346 2336 et
2374 2280 2642 2338 divorum
2674 2282 2966 2356 imagines
3015 2286 3289 2339 ornarent
3337 2286 3393 2339 et
3442 2283 3659 2341 Christi

2016 2368 2253 2441 signum
2315 2375 2704 2428 consecraret.
2757 2371 2849 2426 Sic
2904 2370 3236 2442 triumphus
3291 2370 3509 2429 frustra
3572 2377 3664 2430 est

2017 2457 2364 2527 instructus,
2394 2463 2451 2513 et
2481 2460 2552 2514 ab
2584 2460 2709 2531 ipso
2741 2460 3093 2531 imperatore
3128 2462 3210 2517 ita
3255 2461 3555 2531 neglectus
3604 2467 3667 2519 ut

2020 2562 2126 2602 nec
2186 2552 2425 2617 receptae
2478 2549 2885 2603 consuetudini
2954 2549 3336 2605 satisfaceret.
3383 2551 3665 2607 Sultanus

2018 2651 2152 2691 vero
2186 2652 2301 2690 non
2335 2651 2507 2705 parvo
2534 2640 2797 2708 tempore
2826 2654 2960 2693 cum
2994 2654 3060 2693 eo
3090 2644 3486 2696 commoratus
3506 2640 3660 2696 156

2020 2733 2371 2805 spectaculis
2403 2734 2761 2791 circensibus
2792 2739 2881 2791 est
2911 2736 3251 2792 oblectatus.
3306 2738 3455 2793 Tum
3508 2743 3662 2809 Aga-

2022 2840 2198 2879 renus
2228 2824 2489 2894 quidam,
2526 2824 2809 2896 principio
2861 2824 3245 2897 praestigiator
3291 2825 3550 2893 habitus,
3598 2831 3664 2882 ut

2018 2930 2154 2969 vero
2188 2918 2319 2984 post
2349 2913 2681 2981 declaravit,
2715 2914 2976 2969 omnium
3010 2914 3344 2970 mortalium
3402 2915 3665 2972 miserri-

2022 3018 2174 3067 mus,
2210 3018 2318 3058 sua
2350 3007 2556 3074 sponte
2588 3002 2962 3075 Hippodromi
2990 3006 3136 3059 turri
3176 3020 3518 3075 conscensa,
3551 3007 3661 3062 sub

2022 3107 2139 3162 qua
2179 3107 2440 3147 carceres
2499 3095 2641 3148 sunt
2696 3092 2850 3147 unde
2894 3092 3238 3149 emittuntur
3286 3094 3443 3166 equi,
3485 3112 3669 3167 supra

2021 3196 2154 3236 vero
2203 3185 2456 3252 quatuor
2511 3182 2649 3253 equi
2695 3182 2883 3238 aurati
2933 3187 3110 3251 stant,
3166 3182 3331 3241 collis
3384 3184 3665 3257 incurvis,

2025 3269 2248 3324 obversi
2280 3270 2393 3325 sibi
2424 3269 2689 3337 invicem,
2725 3270 3044 3328 alacritatis
3075 3273 3147 3328 ad
3196 3289 3436 3329 cursum
3487 3274 3666 3347 pleni,

2023 3373 2087 3413 se
2118 3359 2376 3415 stadium
2408 3361 2905 3416 transvolaturum
2936 3363 3134 3432 jactat.
3167 3364 3367 3421 Stabat
3396 3364 3578 3437 igitur
3604 3365 3665 3421 in

2025 3449 2172 3503 turri
2201 3451 2479 3521 tanquam
2520 3448 2578 3504 in
2630 3450 2984 3520 carceribus,
3034 3451 3230 3524 ampla
3274 3456 3329 3508 et
3375 3454 3666 3526 promissa

2025 3537 2336 3592 admodum
2368 3542 2522 3594 veste
2552 3538 2803 3595 candida
2833 3538 3093 3610 indutus,
3137 3556 3263 3612 quae
3312 3540 3560 3598 vinculis
3607 3543 3668 3598 in

2026 3625 2225 3681 orbem
2284 3626 2579 3682 succincta
2650 3627 2892 3683 sinuosa
2966 3627 3345 3685 efficiebatur.
3424 3630 3673 3686 Putabat

2026 3714 2183 3769 enim
2216 3730 2277 3770 se
2305 3715 2485 3771 veluti
2519 3714 2644 3771 velo
2675 3733 2907 3782 navem,
2940 3715 3022 3772 ita
3050 3715 3279 3774 laciniis
3327 3717 3486 3772 illius
3541 3734 3672 3775 aere

2026 3802 2270 3874 expletis
2302 3804 2371 3858 ad
2404 3804 2660 3859 volatum
2693 3805 3044 3861 instructum
3074 3806 3214 3861 fore.
3250 3805 3524 3862 Omnium
3559 3806 3670 3879 igi-

2026 3898 2123 3947 tur
2150 3891 2302 3948 oculi
2333 3892 2394 3947 in
2425 3909 2557 3949 eum
2587 3897 3020 3962 convertuntur,
3056 3894 3246 3950 rident
3294 3900 3671 3967 spectatores,

2028 3997 2095 4037 ac
2144 3982 2396 4037 subinde
2445 3981 2702 4038 clamant
2745 3998 2757 4037 :
2815 4005 2845 4035 ι(
2896 3983 3122 4050 Volato,
3183 3983 3410 4053 volato;
3468 4007 3496 4037 ››
3559 3990 3669 4041 et:

2031 4092 2058 4120 ‹‹
2092 4071 2275 4133 Quam
2337 4071 2439 4125 diu
2494 4087 2601 4126 nos
2656 4088 2979 4143 suspensos
3027 4076 3213 4141 tenes,
3261 4078 3567 4141 Saracens,
3617 4079 3676 4133 et

2029 4175 2218 4215 aerem
2251 4175 2319 4215 ex
2345 4160 2488 4215 turri
2512 4159 2695 4217 libras
2717 4160 2745 4216 ?
2763 4183 2791 4211 »
2819 4163 3173 4234 Imperatore
3193 4162 3492 4221 hominem
3513 4165 3586 4221 ab
3610 4182 3676 4222 eo

2030 4253 2239 4305 conatu
2273 4250 2621 4317 deterrente,
2656 4250 2783 4322 ipso
2814 4267 2946 4306 vero
2979 4251 3210 4309 sultano
3242 4253 3393 4310 inter
3424 4271 3585 4325 spem
3621 4258 3679 4311 et

2030 4342 2249 4392 metum
2284 4354 2592 4409 suspenso,
2626 4354 2697 4393 ne
2726 4338 2861 4407 quid
2909 4339 3170 4411 populari
3219 4357 3325 4397 suo
3370 4341 3677 4398 accideret.

2030 4435 2080 4489 Is
2111 4451 2244 4490 vero
2277 4450 2469 4490 aerem
2497 4434 2746 4491 subinde
2768 4440 3003 4506 captans
3024 4440 3081 4490 et
3106 4441 3344 4493 ventum
3370 4437 3678 4509 explorans

2030 4528 2417 4593 spectatorum
2453 4540 2616 4597 spem
2651 4523 2944 4593 eludebat,
2977 4542 3040 4580 ac
3065 4527 3212 4583 157
3238 4526 3506 4583 manibus
3526 4543 3680 4599 saepe

273 4613 629 4681 τοποιὸς,ὡς
685 4609 732 4666 δ’
791 4609 1013 4683 ὕστερον
1071 4605 1258 4679 ἔδειξε,
1315 4603 1645 4665 ταλάντατος
1713 4602 1914 4676 ἀνθρώ-

526 4702 539 4714 ι
676 4700 691 4714 ο
777 4698 787 4714 Ι
1016 4695 1042 4714 I‘
1356 4693 1370 4714 9
1423 4694 1437 4712 \
1552 4693 1565 4713 \
1716 4692 1805 4714 ",1
1872 4691 1914 4714 εξ

2034 4612 2257 4668 alarum
2290 4613 2481 4669 instar
2512 4615 2582 4669 ad
2614 4612 2874 4670 volatum
2919 4615 3191 4686 expansis
3241 4619 3297 4671 et
3338 4615 3564 4672 libratis
3613 4620 3681 4672 ut

279 4722 401 4756 πων
457 4702 542 4756 καὶ
633 4698 927 4770 αὐτοέντης
1014 4695 1284 4771 ἃντικρυςς
1352 4693 1441 4750 ἐπὶ
1504 4693 1597 4749 τόν
1672 4692 1808 4747 κατά
1864 4691 1925 4746 τὸ

274 4791 501 4865 θέατρον
573 4790 780 4867 πύργον
842 4786 1199 4860 ἂναλάμενος,
1254 4784 1316 4840 οὐ
1405 4782 1640 4839 κάτωθεν
1728 4781 1822 4856 μὲν
1870 4781 1922 4835 αἰ

267 4885 379 4936 τῶν
435 4880 527 4935 ἐπὶ
610 4878 831 4936 σταδίου
898 4877 1126 4932 θεόντῶν
1194 4874 1483 4950 ἂφετηρίαι
1582 4872 1659 4934 εἷς
1734 4868 1928 4945 ἁψίδας

268 4968 679 5044 παραλλήλους
720 4967 1040 5041 κεχήνασιν,
1068 4961 1267 5019 ἂνωθεν
1308 4960 1355 5017 δ’
1413 4962 1570 5017 ἵπποι
1634 4960 1929 5037 χαλκήλα-

269 5080 361 5115 τοι
429 5060 707 5135 πεπήγασι
767 5055 988 5129 πίσυρες
1091 5056 1282 5129 χρυσῷ
1366 5050 1716 5124 ἠλειμμένοι,
1801 5049 1928 5112 τοὺς

269 5149 513 5225 αὐχένας
577 5149 874 5224 ὗπόγυροι,
942 5140 1370 5205 ἀντιϐλάποντες
1466 5140 1742 5213 ἀλλήλοις
1839 5140 1930 5195 καὶ

277 5236 490 5313 δρόμον
544 5237 881 5311 καμπτήρος
929 5231 1202 5303 πνέοντες,
1261 5228 1551 5300 διαπτῆναι
1606 5232 1668 5285 τὸ
1717 5226 1935 5285 στάδιον

274 5326 678 5405 ἐπηγγέλλετο.
739 5324 998 5393 Εἰστήκει
1057 5321 1149 5377 οὖν
1208 5321 1285 5384 ὡς
1341 5322 1423 5399 ἐφ’
1462 5316 1782 5394 ὕσπληγγος
1838 5323 1934 5374 τοῦ

287 5420 521 5494 πύργου,
590 5412 974 5495 ἠμφιεσμένος
1038 5410 1446 5486 ποδηρέστατον
1513 5408 1668 5485 εὐρέα
1705 5413 1933 5484 χιτῶνα.

273 5510 478 5573 Λευκὸς
531 5505 588 5563 δὲ
640 5507 712 5576 ἦν
744 5506 774 5559 ὁ
837 5504 1036 5578 χιτὼν,
1092 5501 1257 5576 λύγοι
1297 5498 1354 5556 δὶ
1383 5501 1459 5565 εἰς
1487 5499 1689 5556 κύκλον
1746 5519 1934 5574 περια-

270 5599 491 5672 χθέντες
532 5594 761 5654 ἐποίουν
794 5590 1083 5657 κολπῶδες
1106 5592 1172 5647 τὸ
1202 5586 1442 5667 ὕφασμα.
1475 5590 1577 5646 Ἦν
1620 5587 1678 5644 δὲ
1729 5588 1933 5651 σκοπὸς

273 5690 357 5758 τῷ
412 5689 714 5760 Ἀγαρηνῷ
785 5679 968 5753 ὣσπερ
1028 5679 1187 5753 ἱστίῳ
1238 5676 1364 5741 ναῦς
1430 5681 1776 5754 πτερωθῆναι
1857 5681 1938 5749 τῷ

249 5773 507 5850 -πέπλῳ,
545 5780 673 5836 ταῖς
692 5773 894 5828 τούτου
923 5768 1215 5840 κοιλότησι
1248 5771 1345 5823 τοῦ
1400 5768 1709 5841 πνεύματος
1749 5766 1936 5845 ἐμφω-

600 5896 874 5958 ΡΑτιιοε.
923 5892 1030 5955 Gs.
1066 5890 1379 5953 CXXXIX.

2037 4702 2170 4774 plus
2200 4704 2356 4758 venti
2387 4701 2705 4775 colligeret,
2738 4721 2869 4760 cum
2903 4705 2954 4761 is
2985 4705 3222 4761 tandem
3271 4709 3444 4778 aptus
3490 4709 3547 4761 et
3594 4722 3681 4762 se-

2039 4792 2269 4848 cundus
2326 4793 2583 4864 aspirare
2639 4792 2951 4863 videretur,
3006 4793 3194 4850 instar
3252 4793 3507 4851 volucris
3556 4811 3685 4852 sese

2039 4881 2241 4953 agitat,
2272 4884 2330 4936 et
2360 4882 2500 4936 dum
2534 4898 2634 4952 per
2685 4899 2877 4939 aerem
2931 4884 3198 4940 incedere
3247 4884 3475 4953 nititur,
3523 4886 3683 4942 Icaro

2040 4968 2437 5026 miserabilius
2467 4971 2525 5026 in
2560 4972 2701 5028 caelo
2731 4973 2952 5030 volitat.
2986 4973 3183 5045 Neque
3220 4975 3377 5031 enim
3427 4975 3685 5049 corporis

2041 5059 2293 5132 gravitas
2318 5057 2567 5114 humum
2602 5061 2891 5118 tendentis
2919 5060 3033 5118 alta
3064 5078 3198 5118 eum
3221 5068 3416 5119 tenere
3433 5063 3682 5132 sinebat,

2042 5150 2225 5204 dontc
2259 5152 2590 5220 prostratus
2622 5152 2953 5223 exspiravit,
2996 5151 3287 5222 manibus,
3336 5153 3582 5225 pedibus
3629 5156 3688 5208 et

2043 5238 2318 5293 omnibus
2348 5238 2583 5294 ossibus
2614 5240 2946 5297 confractis.
2993 5242 3050 5296 Is
3097 5241 3328 5299 volatus
3376 5259 3509 5299 cum
3563 5241 3684 5297 risu

2044 5328 2099 5380 et
2128 5324 2324 5380 derisu
2354 5324 2679 5383 Turcorum
2713 5327 2931 5383 sultani
2956 5330 3235 5386 comitum
3282 5331 3438 5401 vulgi
3489 5327 3691 5385 fabula

2046 5417 2191 5483 erat,
2223 5414 2365 5469 adeo
2400 5417 2463 5468 ut
2497 5414 2685 5471 forum
2719 5420 2968 5473 transire
3001 5417 3244 5473 inderisi
3277 5435 3393 5473 non
3428 5419 3689 5491 possent,

2050 5502 2225 5558 fabris
2283 5502 2631 5573 argentariis
2690 5504 3043 5563 ferramenta
3102 5522 3434 5562 mensarum
3484 5519 3694 5561 concu-

2046 5590 2347 5647 tientibus.
2382 5591 2505 5654 Quo
2555 5592 2875 5664 imperator
2928 5595 3126 5651 audito
3177 5595 3404 5650 ridebat
3450 5593 3690 5655 scilicet,

2051 5697 2164 5737 non
2196 5679 2440 5752 ignarus
2477 5681 2744 5752 jocorum
2796 5692 2850 5740 et
2902 5683 3116 5739 salium
3165 5684 3348 5737 turbae
3406 5678 3693 5737 trivialis:

2052 5770 2154 5826 sed
2188 5770 2244 5823 in
2280 5768 2496 5826 sultani
2518 5770 2790 5843 gratiam,
2813 5788 2987 5843 quem
3010 5771 3124 5826 ista
3144 5769 3398 5824 ludibria
3416 5762 3694 5839 paulatim

3382 5887 3455 5943 15
