4140 6290
469 429 592 491 459
1787 419 2098 483 ΝΙΟΕΤλΕ

2232 421 2573 484 ἱΟΝΙΛΤιΕ
3767 421 3889 482 460

466 559 828 626 mordebant,
884 572 948 614 se
991 554 1226 612 illorum
1275 553 1566 611 licentiam
1611 567 1875 611 coercere
1924 551 2112 608 simu-

2232 547 2503 612 λεύοντος.
2535 555 2644 614 Πᾶς
2692 551 2787 607 οῦν
2853 548 3192 627 ἐπέστραπτο
3247 551 3384 627 πρὸς
3441 550 3603 608 αὐτὸν
3662 550 3872 615 ὀφθαλ-

466 651 654 708 labat.
2245 641 2380 714 μὸς,
2446 641 2536 696 καὶ
2593 638 2806 716 ἐμειδία
2863 642 2928 697 τὸ
2975 640 3216 718 θέατρον,
3246 640 3337 697 καὶ
3366 641 3541 697 πυκνά
3567 639 3892 716 ἐκραύγαζον

473 739 526 792 οἱ
574 737 859 810 θεώμενοι,
909 759 938 788 ‹‹
989 733 1244 806 Πέτασον,
1284 734 1541 802 πέτασον,
1597 755 1624 785 »
1673 731 1786 802 καὶ,
1825 755 1854 784 (ι
1892 732 2038 793 Ἕως
2078 727 2222 794 τίνος
2251 727 2446 804 αἶ’ρεις,
2499 731 2806 805 Σαρακηνὶ,
2851 731 2950 794 τὰς
2990 731 3170 805 ψυχὰς
3215 733 3396 805 ἡμῶν,
3440 729 3784 786 ταλαντεύων
3829 731 3884 788 ἐκ

462 831 561 884 τοῦ
609 827 825 904 πύργου
881 827 972 882 τὸν
1023 827 1270 899 ἅνεμον;
1321 846 1352 879 »
1409 821 1674 886 Βασιλεὺς
1725 819 1782 877 δὲ
1829 820 2048 896 πέμψας
2100 817 2392 875 διεκώλυεν
2463 820 2621 876 αὑτὸν
2674 825 2770 876 τοῦ
2831 823 3182 896 ὁρμήματος.
3253 821 3458 890 Θεατὴς
3534 819 3582 876 δ’
3650 818 3726 876 ὥν
3791 825 3894 878 τῶν

467 913 762 990 δρωμένων
823 915 911 970 καὶ
991 913 1290 976 σουλτάνος
1358 913 1516 973 αὐτὸς
1588 911 1670 968 ἐπ’
1719 905 2018 988 ἀμφιϐόλῳ
2082 913 2162 980 τῷ
2226 907 2632 982 ἀποτελέσματι
2724 911 2982 982 ἀνεκήκιέ
3049 933 3109 967 τε
3167 909 3259 967 καὶ
3299 911 3570 984 ἐσεσήρει,
3621 911 3894 986 μετέωρος

469 1000 548 1060 diu
605 1007 704 1074 τὴν
741 1005 971 1080 γνώμην
1020 1005 1111 1060 καὶ
1169 1000 1362 1065 δεδιὼς
1411 1001 1536 1074 περὶ
1577 1005 1661 1072 τῷ
1709 1000 1984 1075 ὁμογενεὶ.
2063 999 2128 1056 Ὀ
2175 996 2254 1067 δὲ,
2306 999 2658 1076 περιχάσκων
2699 1001 2792 1056 τὸν
2837 1000 2969 1076 ἀέρα
2997 1003 3194 1076 συχνὰ,
3224 1001 3316 1056 καὶ
3343 1001 3406 1056 τὸ
3437 1019 3654 1073 πνευμα
3684 998 3894 1076 διακρι-

471 1089 758 1167 ϐούμενος,
800 1093 894 1155 τὰς
941 1098 1049 1149 τῶν
1097 1096 1298 1156 θεατῶν
1337 1088 1564 1153 ἐλπίδας
1625 1087 1948 1146 ὑπέκλεπτε.
1992 1090 2095 1145 Καὶ
2152 1086 2426 1151 πολλάκις
2476 1087 2668 1164 διάρας
2710 1089 2805 1151 τὰς
2860 1096 3049 1165 χεῖρας
3096 1091 3183 1147 καὶ
3268 1091 3623 1165 σχηματίσας
3696 1090 3892 1153 ταύτας

473 1184 552 1238 ὡυ
599 1185 870 1260 πτέρυγας
921 1183 995 1243 εἰς
1043 1183 1258 1254 κίνησιν
1306 1183 1556 1252 πτήσεως
1607 1177 1978 1250 ὑπεστείλατο,
2027 1177 2090 1232 τὸ
2158 1181 2372 1251 πνεῦμα
2438 1179 2948 1252 μεταπεμπόμενος.
2997 1181 3149 1236 Ἐπεὶ
3203 1177 3260 1234 δὲ
3320 1200 3455 1236 ποτε
3513 1181 3685 1258 φορὸν
3755 1200 3894 1254 παρ-

499 1277 522 1288 -ι
725 1273 740 1294 \
824 1269 854 1292 ιν
1063 1273 1081 1304 ι
1522 1270 1532 1286 ο
1610 1290 1630 1302 ρ
1938 1270 1962 1282 ’⁸
2054 1267 2064 1285 1
2254 1267 2269 1286 9
2507 1273 2530 1285 συ
2795 1269 2806 1288 1
2900 1269 2912 1291 9
3043 1273 3056 1298 ι
3247 1266 3258 1286 ν
3681 1271 3693 1292 a
3777 1271 3787 1289 ο
3861 1277 3890 1308 υ

472 1293 609 1328 ειναι
652 1295 742 1328 και
792 1293 976 1349 ουριον
1029 1269 1272 1344 διδοκτο,
1325 1267 1722 1326 διατινασσεται
1769 1288 1966 1338 στηνου
2015 1264 2194 1337 δικην,
2243 1262 2558 1342 αεροϐατειν
2631 1269 2856 1340 οἱηθεις.
2915 1265 3038 1327 Αλλ
3097 1269 3163 1339 ἦν
3210 1265 3618 1349 ουρανοδρόμος
3697 1274 3856 1344 Ικαρο

469 1343 1002 1437 ἐλεεινότεροςίΚαῖ
1050 1362 1124 1424 ὡς
1157 1365 1316 1433 σῶμα
1365 1354 1716 1436 κεντροϐαρές
1767 1358 2140 1436 χαμαιριφὴς,
2192 1355 2300 1430 οὐχ
2356 1357 2430 1418 ὡς
2480 1361 2681 1434 κοῦφος
2733 1357 3054 1430 ἱπτάμενος,
3101 1357 3192 1412 καὶ
3238 1356 3401 1422 τέλος
3448 1343 3510 1413 δὶ
3576 1343 3891 1414 καταπεσὼν

471 1447 719 1526 διέῤῥηξε
791 1451 894 1519 τὴιι
967 1451 1178 1525 ψυχὴν,
1252 1445 1730 1525 γαστροκνημῖδας
1783 1448 1874 1502 καὶ
1936 1445 2217 1521 χεῖραςκαὶ
2275 1446 2373 1500 ὅσα
2427 1451 2525 1502 τοῦ
2578 1447 2832 1520 σώματος
2864 1444 3080 1517 ὅστώδη
3139 1442 3474 1522 διαθρυϐείς.
3506 1450 3609 1506 Ἦν
3659 1447 3891 1504 τοίνυνδ

472 1538 809 1613 ἐκπετασμός
859 1539 1018 1602 οὗτος
1065 1539 1141 1602 εἷς
1197 1539 1404 1613 μωκίαν
1454 1539 1546 1594 καὶ
1595 1535 1812 1613 γέλωτα
1858 1541 1967 1593 τῶν
2012 1536 2147 1610 μετά
2191 1539 2288 1590 τοῦ
2325 1535 2620 1592 σουλτάνου
2663 1537 2920 1613 Τούρκων
2961 1542 3078 1598 τοῖς
3123 1535 3519 1600 ἀστυπολίταις
3560 1535 3892 1612 διαθφυλούο

475 1649 660 1702 μενος,
711 1625 825 1684 οὐδ’
872 1631 936 1697 ἧν
986 1627 1068 1684 ἐπ’
1128 1629 1335 1706 ἀγορᾶς
1385 1626 1851 1704 ἀκαταγελάστους
1917 1624 2113 1688 αὐτοὺς
2158 1629 2430 1694 παριέναι,
2454 1629 2563 1680 τῶν
2608 1625 2998 1702 ἀργυροκόπων
3027 1627 3298 1702 ἀγοραίων
3329 1627 3396 1682 τὰ
3431 1631 3540 1682 τῶν
3604 1631 3894 1702 τραπεζῶν

471 1716 884 1798 διαψοφούντων
913 1716 1156 1794 σιδήρια.
1189 1720 1278 1781 Ὠς
1311 1716 1358 1772 δ’
1388 1719 1696 1789 ἠνωτίζετο
1725 1717 1946 1772 ταῦταὸ
1989 1713 2269 1792 βασιλεὺς,
2301 1711 2539 1789 διεχεῖτο
2574 1714 2697 1788 μὲν,
2729 1715 2804 1777 ὡς
2836 1715 3002 1784 εἰκὸς,
3033 1716 3095 1770 τὸ
3143 1715 3435 1788 στωμύλον
3501 1718 3586 1790 [Ρ.
3648 1720 3749 1788 ’79)
3807 1724 3894 1778 καὶ

467 1805 842 1884 φιλοπαῖγμον
883 1813 992 1862 τῶν
1043 1807 1132 1863 ἐπὶ
1174 1811 1284 1862 τῶν
1334 1805 1568 1883 τριόδων
1625 1805 1809 1878 εῗδὼς,
1860 1803 2147 1877 σουλτάνῳ
2197 1802 2254 1860 δὲ
2285 1805 2654 1883 χαριζόμενος
2700 1807 2860 1879 (κατὰ
2905 1807 3086 1881 βραχὺ
3143 1807 3245 1882 γὰρ
3292 1807 3391 1875 τὴν
3447 1810 3547 1862 τοῦ
3609 1801 3888 1882 βαρϐάρου

465 1897 652 1972 ψυχὴν
703 1897 1136 1976 ὑπεισερχόμενα
1184 1892 1372 1952 ἔδακνε
1418 1895 1486 1952 τὰ
1564 1893 2074 1972 βωμολοχεύματα)
2117 1891 2417 1950 ἐπλάττετο
2493 1894 2586 1948 τὸν
2664 1895 2727 1950 τὸ
2799 1893 3018 1950 ἐκείνων
3089 1893 3548 1971 ἐλευθερόστομον
3625 1893 3888 1952 ἀναστὲλο

473 1983 663 2044 λοντα.

540 2077 597 2130 6.
625 2076 928 2134 Enimvero
958 2077 1374 2134 Clizaslhlanes
1406 2079 1542 2149 post
1581 2074 1909 2132 mirabilem
1961 2073 2123 2131 beni-

2308 2074 2368 2142 ζ’.
2401 2071 2551 2131 Μετᾶ
2610 2071 2666 2128 δὲ
2721 2073 2820 2142 τήν
2882 2074 3200 2149 άξιάγαστον
3261 2072 3676 2154 φιλοφροσύνην
3739 2071 3889 2150 δῶρα

473 2167 756 2238 gnitatem
787 2169 844 2222 et
873 2165 1059 2222 multa
1084 2166 1511 2238 splendidaque
1545 2179 1786 2222 munera
1826 2179 1894 2221 ex
1945 2163 2123 2236 impe-

2239 2159 2428 2217 πολλά
2482 2161 2572 2217 καὶ
2632 2161 2861 2237 λαμπρά
2914 2161 2976 2217 ἐκ
3027 2167 3135 2218 τῶν
3183 2161 3482 2238 βασιλικῶν
3516 2164 3821 2238 χρυσώνων
3861 2163 3889 2218 6

483 2253 714 2310 ratoriis
745 2253 1040 2310 thesauris
1070 2253 1375 2322 exhausta,
1424 2253 1640 2326 quibus
1691 2251 2123 2325 obstupefactus

2245 2249 2542 2313 σουλτάνος
2591 2251 3028 2327 ἀπαρυσάμενος,
3083 2251 3164 2328 ἐφ’
3259 2253 3348 2315 οἷς
3439 2253 3530 2308 καὶ
3618 2249 3892 2328 ἔκθαμϐος

475 2341 782 2398 dubitabat
821 2349 1017 2398 utrum
1061 2343 1426 2400 tantumdem
1480 2342 1591 2400 sibi
1641 2340 1847 2414 reliqui
1901 2341 2123 2398 fecisset

2242 2337 2526 2415 ἐγεγένητο
2583 2339 2674 2394 καὶ
2733 2337 3170 2416 διαπορούμενος
3239 2343 3305 2411 ἦν
3357 2342 3405 2396 εἷ
3457 2341 3548 2398 καὶ
3579 2342 3783 2418 ἐτέρων
3812 2364 3898 2398 1o-

482 2432 822 2503 imperator,
880 2430 1049 2490 laetus
1097 2438 1268 2503 atque
1314 2433 1527 2505 Opibus
1578 2435 1830 2489 onustus
1885 2431 2128 2487 domum

481 2519 810 2576 revertitur.
847 2520 1075 2578 Manuel
1101 2523 1257 2578 enim
1288 2539 1424 2578 cum
1454 2521 1627 2579 sciret
1669 2520 1932 2594 quemvis
1985 2519 2128 2576 Bar-

481 2611 691 2666 barum
732 2626 973 2666 avarum
1021 2625 1172 2682 esse,
1219 2615 1276 2668 et
1328 2610 1726 2667 Romanorum
1769 2607 2128 2680 opulentiam

479 2699 634 2756 I58
675 2703 968 2756 ostentare
997 2699 1186 2768 vellet,
1223 2700 1506 2773 quidquid
1549 2699 1924 2756 Clizastblani
1957 2700 2126 2754 datu-

479 2805 582 2844 rus
608 2791 750 2858 erat,
801 2787 859 2844 in
913 2787 1391 2861 splendidissimo
1437 2790 1692 2860 quodam
1742 2786 1944 2860 palatii
1993 2803 2130 2842 con-

483 2877 634 2934 clavi
690 2877 892 2933 ordine
951 2877 1240 2950 exposuit.
1305 2879 1381 2933 Ea
1441 2879 1598 2934 fuere
1663 2880 1897 2934 moneta
1953 2891 2128 2932 aurea

483 2971 659 3040 atque
689 2971 980 3040 argentea,
1023 2967 1284 3023 delicatis
1325 2971 1536 3035 vestes,
1588 2971 1864 3039 argentea
1923 2964 2130 3039 pocula

481 3061 539 3114 et
595 3055 894 3112 Thericlea
950 3072 1128 3112 aurea
1183 3061 1240 3112 et
1285 3055 1403 3113 tela
1459 3055 1850 3112 subtilissima
1897 3054 2130 3127 aliaque

482 3148 828 3199 ornamenta
858 3142 1091 3198 eximia.
1127 3143 1406 3199 Romanis
1437 3149 1642 3215 paratu
1689 3143 1992 3212 facillima,
2026 3144 2126 3200 sed

485 3247 618 3286 rara
647 3231 798 3302 apud
833 3231 1119 3288 Barbaros
1149 3236 1206 3288 et
1237 3233 1508 3304 pleraque
1549 3249 1849 3304 nunquam
1882 3239 2028 3290 visa.
2064 3233 2126 3290 Id

484 3317 666 3390 igitur
695 3317 960 3375 conclave
985 3319 1285 3390 ingressus
1325 3321 1617 3376 sultanum
1662 3323 1926 3388 accersit,
1976 3339 2130 3378 nun-

487 3409 626 3480 quid
660 3426 730 3465 ex
757 3425 822 3466 eo
851 3409 1125 3466 thesauro
1166 3411 1370 3467 donari
1419 3411 1530 3467 sibi
1596 3411 1734 3468 velit
1783 3415 1966 3484 rogat.
2016 3413 2124 3469 Re-

483 3499 806 3566 spondente
863 3498 962 3554 illo
1012 3499 1068 3555 id
1116 3499 1226 3556 sibi
1279 3501 1398 3556 fore
1447 3506 1746 3572 acceptum
1801 3501 1954 3572 quod
2005 3501 2129 3573 ipse

490 3586 768 3654 dedisset,
823 3604 1030 3644 rursus
1079 3587 1492 3663 interrogabat,
1543 3591 1592 3645 si
1647 3606 1773 3646 eam
1820 3591 2128 3660 pecuniam

478 3675 538 3731 in
597 3677 834 3733 militem
901 3676 1284 3733 domesticum
1351 3681 1408 3733 et
1467 3682 1768 3734 externum
1839 3683 2126 3751 erogaret,

481 3782 620 3822 num
649 3766 784 3838 quis
806 3765 1062 3822 hostium
1095 3783 1265 3822 suum
1286 3768 1567 3840 impetum
1595 3767 1885 3824 sustinere
1908 3773 2125 3838 posset.

478 3855 620 3910 Cum
655 3871 790 3910 vero
819 3855 917 3912 ille
958 3872 1070 3912 non
1129 3857 1254 3912 sine
1302 3855 1688 3913 admiratione
1743 3857 1988 3914 dixisset
2044 3873 2128 3926 se,

479 3943 526 3998 si
567 3947 794 4000 tantum
851 3945 1108 4017 pecunias
1167 3945 1493 4014 habuisset,
1547 3946 1669 4016 jam
1723 3947 1865 4002 olim
1926 3945 2127 4003 hostes

476 4049 678 4088 omnes
711 4033 1089 4090 subacturum
1136 4035 1410 4091 fuissem
1463 4034 1615 4100 Hec,
1666 4035 1881 4106 inquit,
1929 4036 2129 4091 omnin

477 4121 582 4174 tibi
631 4121 805 4190 dono,
855 4127 920 4178 ut
965 4127 1022 4178 et
1079 4123 1544 4180 munificentiam
1600 4139 1784 4178 meam
1838 4125 2018 4193 noris,
2071 4128 2128 4180 et

479 4209 716 4278 quantis
747 4209 957 4282 opibus
989 4211 1202 4282 polleat
1248 4213 1298 4268 is
1345 4211 1446 4284 qui
1497 4211 1595 4266 uni
1645 4216 1872 4266 tantum
1925 4213 2123 4280 donat,

478 4298 772 4369 conjicias.
799 4321 827 4348 »
855 4302 907 4356 Is
928 4315 1060 4356 vero
1080 4307 1138 4356 et
1165 4299 1395 4357 balatus
1417 4307 1474 4358 et
1495 4301 1939 4372 obstupefactus
1961 4307 2017 4356 et
2034 4318 2126 4374 pe-

475 4389 658 4444 cuniae
680 4387 994 4460 cupiditate
1011 4406 1198 4446 caecus
1217 4406 1278 4446 se
1292 4390 1627 4462 imperatori
1644 4390 1968 4447 Sebastiam
1985 4406 2120 4448 cum

473 4478 813 4534 suburbano
841 4495 979 4550 agro
1009 4480 1373 4536 redditurum
1407 4479 1734 4550 pollicetur.
1770 4483 1894 4546 Qua
1925 4497 1985 4537 re
2005 4480 2120 4536 Ma-

473 4567 608 4624 nuel
639 4567 851 4640 cupide
871 4567 1024 4625 159
1049 4573 1306 4642 accepta,
1331 4585 1392 4624 se
1417 4567 1497 4622 illi
1521 4567 1654 4640 plus
1677 4569 1933 4640 pecunias
1956 4570 2122 4625 datu-

470 4673 598 4714 rum
633 4657 922 4729 promisit,
957 4657 1056 4714 ubi
1084 4658 1257 4714 verba
1288 4657 1355 4712 ad
1393 4673 1513 4712 rem
1557 4657 1920 4713 contulisset.
1955 4659 2023 4714 Et
2056 4663 2120 4715 ut

471 4745 702 4802 Barbari
737 4746 1192 4802 inconstantiam
1226 4751 1608 4804 anteverteret
1637 4752 1694 4802 et
1743 4749 1960 4804 ferrum
2001 4749 2117 4804 ler-

2245 2427 2452 2483 σούτων
2475 2427 2538 2483 τὸ
2565 2427 2780 2498 πλῆθος
2805 2429 2896 2484 καὶ
2927 2428 3270 2500 τηλικούτων
3301 2430 3366 2486 τὸ
3399 2429 3629 2506 μέγεθος
3677 2429 3897 2508 εὑπορεῖ

2247 2515 2526 2592 βασιλεὺς,
2585 2518 2799 2596 χαίρων
2868 2516 3202 2590 ἐπανέζευξεν
3269 2518 3566 2595 ἔμφορτος.
3646 2523 3707 2576 Ὅ
3784 2522 3886 2598 γὰρ

2240 2605 2620 2682 αὐτοκράτωρ,
2651 2605 2812 2671 εἰδὼς
2843 2607 2936 2682 μὲν
2971 2607 3054 2664 ὅτι
3089 2603 3364 2684 βάρϐαρος
3401 2607 3539 2672 ἄπας
3572 2607 3888 2684 λημμάτων

2239 2694 2498 2765 ἥττηται,
2550 2695 3006 2772 λαμπρυνάμενος
3068 2695 3125 2753 δὲ
3176 2696 3414 2772 μάλιστα
3479 2699 3572 2754 καὶ
3626 2699 3892 2774 ἐκπλῆξαι

2240 2783 2415 2848 θέλων
2445 2784 2538 2840 τὸν
2597 2783 3054 2856 Κλιτζασθλάνην
3118 2785 3204 2842 ἐπὶ
3273 2793 3389 2850 τοῖς
3448 2787 3892 2853 πολυταλάντοις

2236 2877 2346 2928 τῶν
2406 2879 2694 2948 θησαυρῶν
2763 2876 2847 2937 οἷς
2907 2877 2942 2944 ἡ
3005 2873 3258 2950 βασιλεία
3316 2877 3613 2950 Ἃωμαίων
3680 2878 3892 2956 περιερ-

2251 2960 2420 3038 ῥέετο,
2477 2961 2530 3017 ἐν
2588 2963 2665 3018 ἐνὶ
2717 2968 2824 3019 τῶν
2875 2965 3012 3021 κατὰ
3051 2966 3114 3021 τὸ
3172 2965 3396 3042 ἀρχεῖον
3482 2963 3888 3043 λαμπροτάτων

2237 3049 2531 3128 ἀνδρώνων
2592 3052 2714 3122 ἑξῆς
2773 3050 3097 3119 διατέθεικεν
3152 3053 3250 3110 ὅσα
3301 3054 3480 3128 τούτῳ
3510 3058 3873 3130 παρασχέσθαι

2241 3136 2390 3214 δῶρα
2417 3141 2699 3215 προέθετο.
2731 3142 2832 3199 Ἦν
2867 3140 2923 3198 δὲ
2951 3147 3119 3200 ταῦτα
3149 3144 3354 3220 χρυσός
3397 3165 3456 3199 τε
3511 3145 3596 3200 καί
3647 3145 3875 3218 ἄργυρος

2237 3229 2578 3302 κεκομμένος
2627 3230 2704 3292 εἲς
2755 3231 3024 3305 νόμισμα,
3083 3232 3174 3288 καὶ
3229 3237 3496 3310 τρυφῶσα
3559 3231 3726 3301 ἐσθὴς,
3779 3229 3882 3306 ἆρ-

2237 3317 2405 3392 γύρεά
2460 3338 2520 3374 τε
2575 3317 2874 3392 ἐκπώματα
2941 3319 3034 3376 καὶ
3109 3319 3410 3396 Θηρίκλειαι
3486 3320 3714 3397 χρύσεα,
3795 3318 3893 3376 καὶ

2238 3403 2423 3458 ὀθόναι
2463 3408 2571 3459 τῶν
2627 3403 2675 3474 ἐξ
2736 3405 3081 3482 ὑπερηφάνου
3145 3407 3308 3486 ὑφῆς,
3361 3405 3527 3463 ἄλλοι
3578 3428 3636 3462 τε
3694 3406 3895 3482 κόσμοι

2159 3459 2524 3567 Οέξαίρετοι,
2605 3459 2937 3566 Ἦωμαίόις1
2999 3496 3094 3568 μὲν
3185 3459 3277 3552 καὶ
3350 3497 3490 3552 πάνυ
3549 3459 3896 3572 εὐπόριστῗιι,

2237 3579 2454 3638 σπάνιοι
2513 3581 2569 3638 δὲ
2617 3584 2762 3658 παρὰ
2827 3580 3131 3660 Βαρϐάροις
3182 3587 3367 3651 αὐτοῖς
3416 3590 3506 3644 καὶ
3564 3589 3637 3644 τὰ
3703 3588 3891 3645 πολλὰ

2237 3669 2381 3745 μηδέ
2411 3671 2610 3738 θεατοί.
2651 3673 2847 3730 Εἷσιὼν
2909 3675 3000 3730 οὗν
3061 3677 3089 3732 ὁ
3151 3675 3407 3752 βασιλεὺς
3465 3678 3556 3733 τὸν
3620 3677 3888 3752 ἀνδρῶνα,

2233 3760 2325 3816 καὶ
2378 3761 2470 3816 τὸν
2528 3758 2824 3818 σουλτᾶνον
2878 3761 3052 3820 ἐκεῖσε
3131 3765 3651 3840 μεταπεμψάμενος,
3720 3771 3886 3843 ἤρετο

2233 3849 2280 3904 εἷ
2315 3847 2633 3925 δωρηοῆναί
2665 3853 2716 3905 oi
2773 3855 2872 3907 τοῦ
2927 3855 3198 3925 παρόντος
3253 3852 3516 3930 βούλοιτο
3577 3858 3882 3932 Θησαυροῦ.

2234 3940 2348 3994 Τοῦ
2379 3935 2435 3993 δὲ
2456 3938 2703 4003 εἰπόντος
2736 3941 2812 4003 ὡς
2859 3943 3095 4017 αἱρεῖται
3144 3943 3294 4007 ὃσοις
3345 3943 3502 4000 αὐτὸν
3560 3943 3886 4022 δωρησηται

2235 4025 2510 4103 βασιλεὺς,
2540 4027 2694 4092 αὖθις
2724 4029 2988 4108 ἐπήγαγεν
3013 4031 3060 4086 εἲ
3085 4054 3168 4096 τις
3209 4037 3318 4089 τῶν
3371 4031 3686 4090 ἀντιπάλων
3744 4037 3881 4093 Ῥω-

2234 4115 2440 4190 μαίοις,
2466 4117 2632 4172 αὑτοῦ
2661 4123 2828 4174 ταῦτα
2856 4121 3236 4194 κενωσαμένου
3258 4123 3334 4185 εἰς
3383 4123 3587 4194 ξενικὸν
3637 4125 3733 4180 καὶ
3793 4125 3886 4180 ἐν-

2231 4202 2398 4261 δαπὸν
2431 4205 2757 4282 στράτευμα,
2791 4207 3076 4286 ὑπενέγκοι
3107 4207 3170 4265 ἄν
3213 4209 3360 4273 ὅλως
3411 4215 3511 4281 τὴν
3571 4215 3691 4269 κατ’
3742 4212 3888 4269 ἐκεί-

2227 4315 2324 4350 νου
2374 4301 2484 4352 τῶν
2523 4295 2810 4371 Ῥωμαίων
2879 4298 3080 4374 ὁρμήν.
3139 4304 3251 4358 Τοῦ
3286 4299 3344 4357 δὲ
3393 4301 3738 4378 ἀγασαμὲνου
3789 4305 3883 4360 καὶ

2231 4381 2480 4448 εἶπὸντος
2512 4386 2608 4454 ὡς,
2643 4387 2689 4440 εί
2749 4383 3022 4456 δεσπόζων
3080 4389 3150 4458 ἦν
3205 4390 3478 4446 τοσούτων
3539 4394 3878 4470 χρημάτων,

2227 4474 2370 4550 εἶχεν
2399 4475 2460 4530 ἄν
2479 4473 2651 4532 παλαι
2681 4477 2744 4531 τὸ
2772 4475 2961 4550 κύκλῳ
2989 4477 3258 4552 πολέμιον
3301 4479 3378 4544 εἰς
3424 4481 3670 4552 ὑπήκοον
3731 4484 3886 4554 αῦτῷ

2228 4568 2612 4639 μεταθεμενος,
2662 4589 2689 4616 ‹‹
2739 4561 3156 4640 Φιλοτιμοῦμαί
3205 4591 3262 4625 σε
3328 4575 3444 4633 τοῖς
3522 4577 3680 4639 πᾶσι,
3749 4570 3886 4652 φησὶ

2226 4650 2619 4727 βασιλεὺς,⁹ίνα
2645 4653 2732 4708 καὶ
2762 4650 2967 4724 τοὺμὸν
3017 4651 3218 4727 εἰδείης
3266 4654 3577 4734 φιλόδωρόν
3636 4680 3693 4715 τε
3736 4650 3886 4732 ἆμτα

2223 4743 2311 4798 καὶ
2346 4741 2854 4821 μεγαλόδωρον,ἀλ
2877 4745 2947 4800 λὰ
2997 4744 3086 4798 καὶ
3131 4745 3272 4803 ὅσων
3321 4745 3433 4802 ἐστὶ
3489 4747 3682 4823 κύριος
3739 4768 3884 4823 χρη-

469 4849 612 4888 vens
639 4833 830 4890 adhuc
875 4852 982 4891 suo
1029 4835 1310 4892 arbitratu
1361 4840 1616 4891 versaret
1665 4835 1912 4892 Gabram
1962 4837 2113 4893 Con-

2232 4834 2408 4904 μάτων
2447 4835 2475 4888 ὁ
2522 4835 2793 4900 τοιούτοις
2824 4840 2916 4894 καὶ
2965 4839 3249 4900 τοσούτοις
3307 4833 3398 4892 ἕνα
3447 4833 3874 4913 δωρούμενος.»

473 4921 801 4978 stantinum
833 4939 966 4978 cum
1006 4924 1207 4981 multis
1255 4925 1385 4982 aliis
1439 4926 1777 4982 muneribus
1829 4934 1881 4981 et
1928 4927 2122 4982 omnis

473 5008 702 5080 generis
734 5011 920 5066 armis
951 5012 1026 5068 ad
1056 5029 1189 5069 eum
1236 5015 1413 5070 misit.
1459 5015 1566 5071 Sed
1613 5015 1787 5071 homo
1840 5013 2016 5071 fallax
2065 5020 2124 5072 et

472 5097 607 5154 ﬁdei
643 5100 932 5154 servandae
963 5099 1226 5174 ignarus,
1262 5108 1321 5160 ut
1348 5105 1607 5160 Iconium
1639 5105 1832 5170 rediit,
1885 5105 2119 5162 foederis

471 5184 690 5240 oblitus
715 5186 979 5244 Sebastia
1025 5196 1250 5247 vastata
1305 5196 1362 5248 et
1417 5193 1631 5250 vicinia
1679 5191 1818 5264 ejus
1872 5194 2119 5252 subacta

467 5292 762 5333 summam
795 5295 988 5336 rerum
1016 5281 1087 5336 ad
1115 5299 1176 5338 se
1211 5284 1535 5348 transtulit,
1568 5293 1623 5340 el
1655 5284 1899 5340 Dadune
1931 5285 2113 5355 ejeclo

467 5365 838 5440 Caesareaque
883 5375 1162 5440 occupata
1211 5371 1382 5426 etiam
1434 5371 1721 5442 reliquum
1775 5373 2113 5445 popularem

467 5453 1073 5529 suumJagupnsanem
1092 5466 1344 5514 evertere
1359 5463 1533 5529 atque
1546 5461 1804 5516 occidere
1821 5461 2112 5532 cupiebat.

467 5540 576 5608 Qui
605 5557 738 5598 cum
769 5547 826 5599 et
854 5545 977 5615 ipse
1007 5545 1266 5602 vicissim
1298 5547 1494 5618 copias
1525 5563 1662 5604 suas
1684 5553 1916 5619 cogeret
1936 5565 2114 5620 seque

467 5633 532 5686 ut
558 5634 760 5688 contra
789 5630 1190 5692 adversarium
1214 5635 1342 5706 jam
1374 5636 1593 5707 majore
1626 5635 1886 5707 potentia
1903 5637 2114 5709 praedi-

467 5723 594 5780 tum
628 5721 966 5798 instrueret,
1001 5723 1059 5781 in
1093 5724 1218 5798 ipso
1245 5724 1378 5782 belli
1403 5729 1677 5798 apparatu
1701 5725 2111 5798 exstinguitur.

2233 4922 2292 4979 Ὀ
2324 4919 2383 4978 δὲ
2431 4921 2572 4994 ἥσθη
2612 4945 2670 4980 τε
2707 4927 2798 4981 καὶ
2851 4927 3032 5000 ἐξέστη
3062 4931 3132 5002 τῇ
3173 4923 3568 5000 ἀπομαγδαλιᾷ
3594 4931 3705 4983 τῶν
3735 4947 3888 5004 χρη-

2235 5012 2442 5083 μάτων,
2499 5010 2836 5090 τυφλώττων
2895 5019 3030 5093 πρὸς
3096 5013 3310 5091 κέρδος,
3365 5015 3458 5071 καὶ
3518 5009 3740 5072 ϐασιλεῖ
3781 5017 3886 5086 τήν

2230 5095 2554 5158 Σεϐάστειαν
2588 5103 2677 5158 καὶ
2709 5105 2810 5174 τὴν
2839 5105 3036 5174 ταύτης
3087 5106 3276 5181 χώραν
3336 5104 3719 5181 παρασχέσθαι
3748 5127 3888 5162 κατ-

2228 5189 2618 5266 επηγγείλατο.
2650 5193 2710 5250 Ὁ
2763 5193 3030 5264 Μανουήλ
3072 5191 3148 5264 δὲ,
3182 5197 3282 5264 τὴν
3331 5193 3627 5270 ὑπόσχεσιν
3671 5197 3878 5267 ταύτην

2225 5279 2473 5352 ἀσμένως
2555 5277 2864 5354 δεξάμενος,
2927 5283 3019 5340 καὶ
3101 5281 3259 5359 ἕτερα
3344 5279 3537 5339 δώσειν
3627 5283 3875 5355 ξυνέθετο

2225 5370 2510 5445 χρήματα,
2569 5368 2616 5424 εἰ
2662 5369 2788 5434 τοὺς
2836 5370 3041 5450 λόγους
3085 5377 3202 5435 τοῖς
3264 5370 3450 5451 ἔργοις
3492 5375 3878 5445 πιστώσηται.

2223 5457 2326 5514 Καὶ
2361 5455 2525 5540 αὐτὸς
2579 5457 2673 5531 μὶν
2700 5461 2798 5528 τὴν
2846 5459 2944 5516 τοῦ
2986 5455 3265 5537 βαρϐάρου
3307 5462 3638 5540 προφθάνων
3669 5463 3878 5536 ῥοπὴν,

2221 5547 2311 5602 καὶ
2367 5539 2471 5609 ἕως
2518 5541 2596 5602 ἔτι
2641 5547 2669 5602 ὁ
2723 5545 2948 5626 σίδηρος
2993 5549 3050 5606 ἐυ
3089 5549 3264 5625 ἀκμῇ,
3310 5539 3510 5626 ἐνεργῷ
3557 5554 3884 5628 χρήσασθαι

2218 5633 2399 5708 τούτῳ
2468 5633 2828 5710 βουλόμενος,
2889 5635 3242 5714 διεπεπράχει
3312 5639 3388 5704 ὡς
3461 5638 3677 5716 εῗρήκει
3739 5643 3885 5717 μετὰ

2220 5722 2428 5800 καιρόν
2487 5722 2706 5790 στείλας
2761 5728 2864 5806 γὰρ
2914 5730 3006 5786 τὸν
3060 5723 3269 5808 Γαϐρᾶν
3320 5734 3742 5809 Κωνσταντην
3793 5733 3892 5808 ἐζ-
