4140 6290
236 431 361 492 461

1317 434 1422 493 DE
1465 433 1840 497 MANUELE
1883 436 2259 499 COMNENO
2300 439 2452 500 LIB.
2499 440 2606 501 IlI.

3548 441 3664 501 462

244 564 497 639 ἔπεμψεν
547 567 695 638 αύτῷ
741 565 1164 642 φιλοτιμήματα
1211 564 1357 622 ἄλλα
1405 568 1538 624 ἄττα
1587 568 1758 642 συχνὰ
1812 568 1896 623 καὶ

2015 572 2289 630 Daduues
2338 592 2469 630 vero
2518 574 2763 631 Amasiae
2816 575 3128 647 satrapiam
3200 579 3267 631 ut
3322 590 3666 647 possessore

244 653 640 719 παντοδαποὺς
673 655 1002 729 ὁπλισμούς,
1060 657 1119 713 Ὀ
1169 653 1226 711 δὲ
1265 657 1512 712 ἀπατεὼν
1544 654 1617 712 ὢν
1658 661 1747 713 καὶ
1782 657 1910 730 μηδ’

250 743 405 809 ὅλως
458 745 724 815 ἀλήθειαν
796 744 1053 820 ἐγνωκώς
1126 766 1279 815 ποτε,
1345 750 1454 801 τῶν
1512 767 1571 802 τε
1627 752 1907 817 συνθηκῶν

246 833 550 899 ἐπελάθετο
580 833 834 890 ἀπελθὼν
886 834 963 897 είς
1021 836 1270 907 Ἰκόνιον,
1320 835 1410 890 καὶ
1452 835 1551 903 τὴν
1587 831 1905 891 Σεϐάστειαν

245 921 598 997 ἐκπορθήσας
652 925 743 979 καὶ
792 924 860 979 τὰ
906 924 996 979 ὑπ’
1036 925 1205 993 αὐτὴν
1267 925 1680 999 χειρωσάμενος
1718 925 1910 1002 γέγονε

242 1018 346 1069 τῶν
376 1012 527 1069 ὅλων
562 1013 727 1076 αὐτὸς
782 1012 1066 1089 ἐγκρατής.
1128 1011 1354 1082 Ἐπειδὴ
1415 1012 1471 1068 δὲ
1527 1015 1617 1069 καὶ
1655 1016 1747 1070 τὸν
1799 1024 1907 1070 Λα-

248 1099 440 1171 δούνην
502 1110 608 1172 τῆς
667 1102 866 1164 οἰκείας
924 1105 1103 1178 ἀρχῆς
1162 1103 1484 1178 παρὲλυσιν,
1544 1102 1746 1159 ἐκεῖνον
1811 1105 1906 1176 μὲν

253 1189 526 1268 δραπέτην
585 1194 677 1249 καὶ
733 1192 1017 1264 πλανήτην
1075 1192 1383 1269 εἰργάσατο,
1442 1196 1540 1258 τῆς
1601 1190 1659 1248 δὲ
1710 1200 1909 1248 Καισα-

250 1284 395 1358 ρείας
452 1283 619 1345 αὐτὸς
659 1278 966 1357 λαϐόμενος
1030 1282 1122 1339 καὶ
1178 1284 1270 1339 τὸν
1324 1283 1520 1338 λοιπὸν
1593 1284 1905 1357 μετήρχετο

245 1371 549 1451 ξύμφυλον,
615 1374 708 1428 τὸν
766 1374 1189 1447 Ἰαγουπασάνὴν
1269 1373 1438 1450 φημὶ,
1491 1374 1725 1443 νοσήσας
1772 1369 1905 1427 κάπὶ

241 1467 315 1536 τῇ
347 1461 543 1518 τούτου
575 1460 750 1538 ἔρωτα
780 1465 940 1537 χώρᾳ
985 1462 1077 1517 καὶ
1123 1462 1215 1517 τὸν
1256 1459 1421 1533 ἄνδρα
1452 1459 1623 1536 διψῶν
1659 1458 1896 1520 ἀνελεῖν.

242 1554 315 1609 "0
346 1549 406 1607 δὲ
462 1552 548 1607 καὶ
602 1553 762 1615 αὐτὸς
808 1554 870 1608 τό
929 1551 1129 1608 οἰκεῖον
1189 1556 1497 1629 συγκροτῶν
1552 1552 1602 1606 ἐν
1634 1556 1714 1623 τῷ
1749 1552 1901 1625 μέρει

244 1640 638 1717 στρατόπεδον,
703 1644 790 1716 [Ρ.
847 1644 940 1715 80]
998 1642 1089 1697 καὶ
1156 1643 1231 1705 ὡς
1295 1642 1431 1716 πρὸς
1495 1641 1902 1717 ἀνταγωνιστὴν

240 1731 355 1803 ἤδη
448 1732 671 1805 μείζονα
736 1727 1212 1806 περιϐαλλόμενον
1272 1728 1495 1804 δύναμιν
1560 1731 1901 1805 παραταττό-

243 1843 431 1897 μενος,
497 1822 681 1899 φθάνει
746 1820 960 1895 θανάτῳ
1045 1823 1147 1891 τήν
1211 1820 1520 1897 προθυμίαν
1590 1818 1895 1879 διακοπείς.

2018 678 2257 718 vacuam
2316 664 2468 719 clam
2518 664 2841 735 ingressus,
2894 670 2949 720 et
2979 682 3185 721 rursus
3232 664 3368 720 inde
3418 665 3663 734 ejectus,

2013 752 2406 823 Jagupasauis
2446 754 2633 823 uxori,
2682 772 2716 809 a
2762 770 2881 826 qua
2926 754 3244 809 accersitus
3287 758 3435 824 erat,
3491 768 3667 811 causa

2015 842 2217 898 mortis
2262 842 2506 898 exstitit.
2539 844 2816 899 Amaseni
2865 842 3023 898 enim
3057 859 3185 899 eam
3238 850 3300 899 ut
3349 843 3662 914 imperium

2014 931 2169 986 160
2198 930 2428 987 Daduni
2477 932 2629 987 clam
2678 931 3117 988 conciliaturam
3163 948 3264 1004 per
3314 932 3658 989 seditionem

2013 1020 2390 1085 occiderunt;
2423 1027 2483 1075 et
2510 1021 2832 1089 Dadunem,
2865 1039 3038 1093 quem
3074 1022 3392 1095 principem
3427 1040 3656 1081 aversa-

2014 1109 2238 1174 bantur,
2270 1109 2441 1181 longe
2470 1112 2787 1180 ejecerunt.
2822 1112 2931 1165 Sed
2982 1110 3390 1167 Clizasthlanis
3444 1113 3654 1185 opibus

2012 1199 2285 1254 resistere
2304 1216 2417 1254 non
2439 1204 2776 1270 potuerunt,
2805 1200 2971 1271 quin,
2993 1204 3057 1254 ut
3077 1200 3202 1270 jam
3226 1200 3652 1273 Cappadociam

2010 1290 2266 1356 tenebat,
2307 1290 2392 1344 sic
2443 1290 2653 1345 deinde
2698 1290 2997 1345 Amasiam
3050 1307 3279 1362 quoque
3324 1300 3652 1363 occuparet,

2009 1377 2182 1433 homo
2228 1395 2517 1449 prosperae
2563 1378 2807 1435 fortunas
2860 1380 2999 1435 ﬂatu
3052 1380 3112 1434 in
3162 1380 3339 1436 rebus
3390 1381 3654 1438 celeriter

2009 1466 2383 1522 conficiendis
2417 1471 2608 1537 utens,
2634 1468 2903 1538 quamvis
2926 1484 3163 1540 corpore
3185 1486 3391 1540 parum
3422 1470 3652 1543 integro

2007 1559 2064 1611 et
2093 1556 2362 1628 pluribus
2396 1556 2702 1627 praecipuis
2746 1558 3028 1613 membris
3068 1558 3375 1615 mutilato:
3411 1577 3547 1616 nam
3599 1564 3657 1616 et

2006 1645 2237 1700 articuli
2272 1661 2553 1701 manuum
2588 1645 2713 1700 elisi
2748 1651 2915 1702 erant
2944 1652 3000 1701 et
3020 1647 3193 1718 pedes
3223 1648 3651 1717 claudicabant,

2005 1738 2063 1788 et
2091 1737 2296 1790 caetera
2312 1734 2395 1790 sic
2419 1734 2660 1790 affectus
2682 1740 2806 1790 erat
2829 1738 2893 1790 ut
2919 1735 3260 1807 plerumque
3284 1753 3454 1793 curru
3481 1738 3654 1794 vehe-

2008 1826 2182 1879 retur.
2215 1823 2438 1888 Quibus
2470 1824 2539 1877 de
2582 1824 2779 1879 causis
2828 1824 3214 1893 Andronicus,
3266 1826 3441 1881 homo
3491 1827 3655 1882 dica-

240 1910 522 1983 Δαδούνης
553 1908 611 1966 δὲ
655 1911 730 1974 ὡς
780 1910 855 1973 εἷς
907 1910 1121 1985 ἐρήμην
1160 1907 1423 1965 δυνάστου
1468 1910 1567 1979 τὴν
1593 1913 1700 1964 τῶν
1732 1910 1896 1982 Ἀμα-

2009 1912 2284 1969 cissimus
2314 1916 2371 1967 et
2398 1912 2705 1968 cavillandi
2738 1912 2824 1968 vel
2871 1913 3052 1969 animi
3087 1916 3173 1969 vel
3207 1915 3463 1984 corporis
3513 1915 3653 1972 vitia

239 2003 375 2056 σὲων
414 2000 742 2077 σατραπείαν
798 2000 1093 2075 παρεισιὼν
1151 1999 1347 2054 ἐκεῖθέν
1398 2020 1458 2054 τε
1514 1997 1896 2074 ἀποκρούεται,

2009 2000 2424 2074 peritissimus,
2438 2001 2886 2058 Cuzasthlanem
2902 2002 3066 2058 illum
3084 2002 3651 2075 appellabat.0uam-

232 2093 330 2147 καὶ
384 2094 454 2165 τῇ
517 2086 984 2165 μεταπεμψαμένη
1039 2087 1229 2144 τοῦτον
1262 2093 1330 2162 τῇ
1360 2093 1458 2144 τοῦ
1503 2087 1898 2165 Ἰαγουπασάνη

238 2179 476 2253 συνεύνῳ
528 2178 763 2245 θάνάτου
828 2177 1003 2240 αἴτιος
1059 2178 1285 2253 γίνεται·
1352 2179 1404 2231 οἱ
1472 2178 1574 2255 γὰρ
1640 2180 1901 2251 Ἀμασεῖς

237 2268 629 2331 ἐπαναστάντες
690 2267 861 2338 abre»:
897 2289 956 2324 τε
1014 2268 1089 2330 ὡς
1148 2266 1324 2342 λάθρα
1360 2272 1441 2340 τῷ
1485 2264 1725 2342 Δαδούνῃ
1758 2288 1901 2340 μνη-

237 2359 528 2414 στεύουσαν
582 2359 682 2426 τὴν
739 2356 921 2432 ἀρχὴν
1003 2358 1284 2430 ἠμύναντο
1335 2355 1587 2429 τελευτῇ,
1645 2355 1736 2409 καὶ
1796 2363 1897 2410 Δα-

234 2452 434 2523 δούνην
508 2449 872 2523 άδοξήσαντες
957 2452 1198 2527 ἄρχοντα
1294 2452 1500 2527 μακρὰν
1565 2447 1896 2508 ἀπεώσαντο.

235 2541 392 2601 ’Δλλ’
426 2541 554 2617 οὐχὶ
622 2542 712 2597 καὶ
776 2545 876 2596 τοῦ
935 2539 1310 2611 Κλιτζασθλᾶν
1353 2540 1632 2618 γεγόνασιν
1666 2539 1897 2614 ἰσχυρό-

231 2632 411 2706 τεροὶ,
443 2630 570 2686 ἀλλ’
599 2629 759 2693 οὗτος
803 2630 981 2685 αὐτῶν
1030 2629 1214 2709 φανεὶς
1254 2627 1640 2703 δυνατώτερος,
1677 2629 1751 2689 ὡς
1783 2629 1898 2702 εἶχε

230 2719 429 2795 πρώην
488 2716 902 2785 Καππαδοκίαν,
968 2716 1113 2773 οὕτω
1170 2716 1262 2772 καὶ
1323 2718 1611 2790 Ἀμάσειαν
1672 2715 1895 2792 ε’ἰληφεν

235 2806 497 2881 ὕστερον,
537 2806 679 2879 ὀξείᾳ
705 2808 793 2862 καὶ
839 2807 1094 2882 ἐπιτυχεῖ
1138 2805 1287 2885 τύχῇ
1338 2805 1476 2879 πρὸς
1507 2804 1574 2859 τά
1606 2802 1899 2878 πράγματα

244 2894 569 2971 χρώμενος,
628 2896 906 2969 ἄνθρωπος
964 2894 1061 2950 οὐκ
1112 2895 1318 2974 εύιρυής
1366 2894 1465 2962 τὴν
1525 2890 1769 2967 διαρτίαν
1800 2897 1897 2946 τοῦ

249 2983 527 3054 σώματος,
553 2983 674 3039 ἀλλ’
712 2983 1237 3062 ἠκρωτηριασμένος
1285 2983 1336 3038 ἐν
1386 2982 1492 3037 οὐκ
1541 2979 1753 3057 ὀλίγοις
1784 2985 1894 3036 τῶν

244 3071 474 3145 καιρίων
521 3071 722 3147 μελῶν.
775 3074 978 3132 Λύτίκα
1021 3074 1121 3149 γὰρ
1176 3073 1231 3127 αἱ
1291 3077 1473 3150 χεῖρες
1522 3069 1707 3143 τούτῳ
1735 3070 1898 3143 ἐξήρ-

237 3162 449 3233 θρωντο
483 3166 567 3218 καὶ
603 3165 682 3220 τὼ
735 3162 872 3220 πόδε
921 3162 1284 3231 ὕποσκάζοντε
1311 3161 1469 3232 ἦσαν,
1497 3160 1587 3216 καὶ
1616 3159 1682 3214 τὰ
1707 3157 1895 3214 πολλᾶ

228 3249 313 3328 ἐφ’
368 3253 696 3328 ἁρμαμάξης
754 3255 858 3324 τὴν
932 3254 1155 3328 πορείαν
1233 3248 1524 3321 πεποίητο.
1582 3252 1742 3313 Ὅθεν
1799 3248 1890 3303 καὶ

2006 2091 2093 2147 vis
2120 2095 2314 2147 autem
2348 2091 2449 2146 tali
2482 2108 2773 2163 corporea
2803 2095 3012 2148 natura
3038 2093 3418 2159 deformatus,
3454 2096 3649 2151 tamen

2009 2197 2287 2253 magnum
2340 2181 2587 2252 adeptus
2636 2181 2949 2252 imperium
3020 2182 3320 2252 tantisque
3380 2182 3650 2239 munitus

2007 2272 2190 2344 copiis
2220 2271 2336 2327 otio
2369 2275 2584 2343 spreto,
2618 2273 2835 2343 quippe
2864 2271 3204 2327 turbulequ
3244 2277 3301 2327 et
3330 2271 3654 2329 insatiabili

2008 2362 2284 2434 praeditus
2355 2360 2631 2432 ingenio,
2691 2365 2985 2418 Romanos
3051 2362 3149 2417 ubi
3209 2366 3475 2434 poterat,
3536 2380 3653 2420 non

2006 2451 2226 2507 indicto
2279 2449 2450 2519 bello,
2504 2451 2669 2506 nulla
2701 2451 2772 2507 de
2820 2467 2996 2507 causa
3023 2450 3238 2507 violato
3272 2453 3503 2521 tcedere,
3550 2454 3649 2509 sed

2005 2542 2231 2594 tantum
2265 2539 2404 2609 quia
2433 2538 2514 2594 ita
2540 2538 2773 2594 libitum
2802 2543 2946 2604 erat,
2973 2540 3217 2594 vexabat
3247 2544 3424 2611 atque
3452 2558 3651 2612 oppu-

2005 2629 2241 2700 gnabat.
2284 2628 2399 2683 Nec
2433 2628 2561 2698 ipsa
2592 2627 2847 2682 Melitina
2878 2628 3163 2683 abstinuit
3192 2645 3205 2681 :
3241 2631 3342 2684 sed
3378 2630 3653 2685 facultate

2004 2718 2164 2773 illius
2195 2717 2517 2772 evertendas
2550 2721 2875 2787 perspecta,
2908 2732 3040 2771 cum
3077 2714 3298 2771 nullam
3332 2717 3404 2772 ab
3450 2719 3651 2773 Amera

2004 2806 2281 2877 injuriam
2316 2805 2657 2875 accepisset,
2682 2821 2921 2860 causam
2955 2804 3331 2875 impudenter
3360 2822 3651 2862 commen-

2006 2898 2097 2949 tus
2130 2896 2278 2950 161
2316 2892 2485 2949 illum
2520 2909 2776 2964 quoque,
2807 2892 2954 2948 nihil
3005 2893 3271 2949 eamdem
3306 2893 3650 2965 religionem

2001 2984 2243 3052 veritus,
2263 2998 2440 3055 regno
2462 2982 2705 3055 expulit.
2728 2982 2942 3038 Deinde
2966 2983 3201 3037 lratrem
3222 2999 3454 3054 quoque
3470 3000 3647 3041 suum

2005 3074 2211 3129 fraude
2258 3072 2721 3129 circumventum
2780 3072 2837 3127 in
2886 3072 3158 3128 exsilium
3217 3073 3354 3145 egit.
3406 3074 3648 3132 Exsules

2004 3182 2208 3222 omnes
2255 3166 2328 3222 ad
2379 3164 2790 3237 imperatorem
2825 3181 2887 3220 se
2934 3164 3251 3222 contulere.
3297 3167 3486 3238 Atque
3529 3167 3650 3223 haec

2004 3255 2299 3327 posterius
2357 3253 2715 3311 acciderunt.
2784 3255 2895 3310 Sed
2954 3258 3083 3310 tum
3140 3259 3311 3312 aucta
3386 3258 3651 3328 potentia

228 3343 325 3403 τὰς
380 3341 557 3417 ἂρχᾶς
615 3349 725 3399 τῶν
779 3344 899 3399 κατ’
968 3343 1134 3398 αὐτοῦ
1193 3340 1542 3414 σκωμμάτων
1600 3338 1652 3409 ἐξ
1721 3338 1890 3392 αὐτοῦ

2005 3325 2410 3400 verecundiam
2437 3344 2808 3415 imperatoris
2841 3345 3149 3416 deposuit;
3183 3350 3241 3400 et
3290 3362 3407 3418 qua
3436 3346 3649 3403 obser-

229 3424 300 3496 δὴ
369 3426 721 3503 ’Δνδρόνικος
775 3428 1020 3485 ἐσὲπειτα
1073 3428 1437 3503 ποριζόμενος
1505 3422 1887 3493 Κουτζασθλά-

228 3537 330 3587 νην
398 3521 511 3590 (82)
568 3524 762 3575 τοῦτον
833 3518 1107 3593 ὠνόμαζε,
1167 3514 1565 3591 φιλολοίδορος
1618 3508 1691 3569 ὤν
1736 3510 1886 3586 εἴπερ

227 3628 311 3669 τις
377 3607 573 3677 ἄλλος,
644 3609 734 3664 καὶ
802 3611 1139 3682 καθάψασθαι
1205 3604 1504 3680 ἀνθρώπων
1553 3603 1888 3672 δεινότατος,

230 3698 322 3752 καὶ
378 3695 569 3772 λόγοις
625 3698 944 3773 Κερκώπων
1004 3693 1239 3757 ἁπαλοῖς
1276 3699 1393 3756 τοῖς
1455 3692 1518 3748 ού
1573 3691 1761 3752 καλῶς
1792 3711 1888 3745 πε-

227 3787 569 3862 πραγμένοις
624 3790 732 3842 τῶν
790 3783 961 3861 ἔργων
1011 3786 1046 3854 ἢ
1083 3805 1200 3847 τοις
1239 3781 1424 3853 αήδῶς
1478 3786 1573 3837 τοῦ
1634 3782 1889 3853 σώματος

233 3873 422 3952 ἔχουσι
495 3880 692 3949 μῶμον
758 3874 1195 3951 προστρίψασθαι
1259 3872 1610 3933 ἱκανώτατος.
1670 3871 1732 3927 Ὁ
1796 3869 1890 3941 μὲν

229 3964 324 4019 οὖν
358 3965 557 4026 ὀποῖος
617 3966 678 4020 ἃν
733 3964 824 4020 καὶ
883 3966 948 4034 ἦν
1002 3965 1100 4034 τὴν
1153 3961 1354 4019 πλάσιν
1385 3964 1483 4016 τοῦ
1515 3961 1790 4033 σώματος,
1822 3990 1891 3999 -

232 4055 350 4131 εἶχε
382 4052 440 4109 δὲ
466 4056 542 4117 ὡς
583 4055 766 4123 αὐτὸν,
820 4056 1000 4127 οἶμαι,
1057 4055 1093 4122 ἡ
1146 4051 1418 4126 πλάστρια
1469 4050 1624 4128 αύσις
1686 4048 1892 4104 ἐπαλα-

237 4149 478 4220 μήσατο,
532 4178 604 4189 —-
664 4144 907 4222 μεγάλην
967 4144 1146 4219 ἀρχὴν
1203 4140 1451 4217 εἰληχὼς
1503 4140 1593 4195 καὶ
1632 4138 1895 4201 τοσαύτας

236 4237 499 4313 δυνάμεις
537 4233 976 4314 περιϐαλόμενος
1015 4237 1130 4309 οὐχ
1179 4233 1360 4291 εἵλετο
1412 4232 1646 4289 ἐντεῦθεν
1710 4230 1894 4306 βίοτον

231 4332 470 4405 ἤρεμον,
530 4327 679 4384 ἀλλὰ
730 4329 884 4407 φύσει
922 4323 1259 4404 ταραχώδης
1316 4322 1390 4379 ὢν
1449 4322 1539 4378 καὶ
1595 4320 1894 4376 ἀκάταστό-

229 4444 420 4500 ρεστος
498 4422 682 4499 ὥσπερ
776 4443 859 4484 τις
941 4422 1150 4482 κόλπος
1216 4418 1529 4487 θαλάττιος,
1595 4416 1893 4489 Ῥωμαίοις

231 4514 330 4586 μὶν
388 4512 443 4567 ἐν
500 4514 589 4575 οἷς
649 4512 770 4587 εἶχε
837 4510 1029 4567 λυπεῖν
1110 4510 1378 4584 άκηρυκτὶ
1446 4504 1721 4585 διεφέρετο
1801 4504 1893 4557 καὶ

232 4600 559 4678 ἀνέγκλητον
589 4600 868 4663 πολλάκις
919 4600 1088 4676 ἐπῆγε
1144 4600 1237 4655 τὸν
1280 4596 1552 4671 πόλεμον,
1586 4595 1677 4650 σὺν
1713 4590 1893 4649 οὐδενὶ

2000 3433 2191 3490 vantia
2237 3450 2371 3490 eum
2403 3434 2769 3506 temporibus
2820 3434 3113 3491 adductus
3161 3434 3439 3502 coluerat,
3490 3452 3652 3492 eam-

2001 3522 2131 3578 dem
2183 3522 2254 3576 ah
2314 3522 2665 3591 imperatore
2726 3522 3078 3591 postulabat,
3131 3521 3436 3578 barbarica
3480 3523 3655 3595 plane

2000 3612 2413 3666 inconstantia.
2478 3609 2621 3666 Nam
2670 3615 2737 3663 ut
2790 3609 3134 3666 necessitate
3192 3616 3437 3681 urgente
3496 3614 3653 3667 ultra

2001 3701 2276 3756 decorum
2313 3716 2372 3753 se
2417 3699 2750 3765 demiserat,
2785 3700 2866 3753 ita
2898 3700 3071 3754 rebus
3124 3700 3399 3754 secundis
3430 3699 3649 3755 insole-

2001 3789 2221 3858 scebat,
2241 3787 2435 3842 animo
2470 3803 2585 3841 una
2616 3803 2748 3842 cum
2777 3789 3011 3842 fortuna
3042 3790 3281 3842 mutato.
3304 3792 3521 3842 Tamen
3546 3787 3648 3842 ali-

2002 3876 2662 3951 quandoimperatorem
2694 3876 3108 3941 venerabatur;
3138 3880 3195 3930 et
3217 3891 3348 3930 cum
3384 3874 3639 3933 belluam

2004 3968 2200 4039 potius
2231 3969 2425 4038 ageret
2452 3979 2628 4034 quam
2665 3964 2868 4032 lilium,
2903 3964 3081 4033 patris
3114 3963 3197 4018 illi
3230 3964 3504 4020 honorem
3536 3966 3641 4019 tri-

2004 4058 2219 4114 buebat
2248 4059 2303 4110 et
2344 4054 2446 4108 ﬁlii
2479 4052 2733 4123 adoptivi
2784 4056 3235 4124 cognomentum
3285 4054 3526 4110 ferebat.
3578 4056 3642 4111 In

2004 4146 2213 4202 litteris
2246 4144 2481 4217 quidem
2514 4148 2677 4213 pater
2716 4140 3053 4211 imperator,
3085 4146 3140 4197 et
3170 4143 3442 4199 sultanus
3492 4144 3645 4201 {ilius

2004 4236 2424 4293 scribebantur.
2452 4235 2561 4287 Nec
2587 4236 2781 4287 tamen
2808 4231 2892 4285 hic
2916 4231 3333 4304 appellationes
3355 4235 3644 4292 sinceram

2002 4328 2155 4382 inter
2182 4341 2279 4381 eos
2310 4322 2633 4379 amicitiam
2665 4322 3051 4378 conciliabant
3100 4328 3201 4379 aut
3230 4334 3397 4395 pacta
3426 4332 3480 4379 et
3510 4342 3649 4382 cou-

2004 4420 2175 4472 venta
2210 4413 2609 4470 stabiliebant.
2644 4411 2786 4467 Nam
2809 4411 2907 4466 ille
2941 4412 3125 4467 instar
3153 4414 3504 4470 exundantis
3535 4420 3651 4469 tor-

2006 4506 2186 4562 rentis
2219 4508 2321 4560 aut
2350 4502 2624 4558 draconis
2644 4517 2863 4555 veneno
2895 4501 3181 4571 turgentis
3208 4502 3372 4556 obvia
3404 4519 3647 4573 quaeque

2004 4592 2299 4647 inﬁciebat
2355 4595 2413 4645 et
2451 4588 2798 4659 abripiebat,
2849 4588 3149 4657 multaque
3189 4592 3387 4643 nostra
3436 4590 3650 4660 oppida

238 4677 399 4767 Λόγῳ
445 4693 613 4767 θεσμὰ
667 4689 1054 4767 παρατρέχων,
1084 4690 1176 4744 καὶ
1224 4686 1474 4764 συγχέων
1511 4686 1603 4760 μὲν
1638 4680 1895 4753 σπονδὰς,

2006 4680 2337 4747 devorabat,
2360 4677 2752 4749 improbitatis
2782 4693 2899 4732 suae
2918 4677 3076 4732 virus
3107 4678 3430 4748 expuendo.
3452 4678 3647 4749 Impe-

229 4786 302 4856 τῇ
334 4780 509 4852 οἰκείᾳ
558 4781 606 4836 δ’
654 4780 834 4860 ἰφέσει
890 4777 1235 4835 ταλαντεύων
1292 4778 1356 4832 τὸ
1409 4774 1894 4860 πραχθησόμενον,

228 4867 361 4929 Ούδ’
394 4869 563 4940 αὐτῆς
614 4859 713 4925 οὖν
774 4869 1046 4943 ἀπέσχετο
1097 4874 1200 4936 τῆς
1252 4865 1587 4935 Μελιτηνῆς,
1626 4860 1773 4917 ἀλλά
1801 4859 1893 4914 καὶ

224 4961 320 5016 τὸν
347 4960 553 5032 ταύτης
593 4954 744 5039 ἔχων
775 4958 1027 5013 καθελεῖν
1075 4955 1318 5031 ἆμηρᾶν,
1356 4950 1508 5039 μηδὲΔ
1526 4954 1588 5007 τὸ
1621 4958 1721 5021 τῆς
1755 4952 1895 5024 θρη-

226 5049 409 5113 σκείας
452 5036 664 5106 ταυτὸν*
698 5045 1056 5122 ὑπειδόμενος
1098 5044 1134 5115 ἢ
1172 5046 1235 5100 τὸ
1279 5042 1452 5118 μηδὲν
1482 5036 1628 5117 ἔχειν
1659 5040 1894 5114 ἐπεγκα-

220 5138 340 5196 λεῖν
400 5138 655 5219 ἀλγεινὸν
712 5143 795 5211 τῷ
858 5137 1152 5211 ἀνθρώπῳ,
1211 5134 1373 5197 αὐτὸς
1435 5131 1890 5219 ἆνεπικαλύπτως

217 5230 393 5286 αἰτίαν
443 5217 805 5303 πλασάμενος
874 5227 963 5280 καὶ
1049 5225 1400 5302 γραψάμενος
1463 5221 1662 5277 ἐκεῖθεν
1730 5217 1892 5273 αὐτὸν

217 5320 499 5393 ἐξήλασεν.
561 5322 798 5376 ’Ἐπειτα
852 5317 945 5371 καὶ
1004 5316 1096 5369 τὸν
1163 5313 1364 5368 οἰκεῖον
1423 5311 1672 5389 ὑφέρπων
1734 5307 1891 5363 κασί-

212 5433 410 5489 γνητον
476 5408 822 5486 μετανάστην
882 5405 1129 5461 κάκεῖνον
1189 5400 1360 5468 ἔθετο.
1422 5402 1489 5459 Οἱ
1544 5398 1600 5455 δὲ
1662 5395 1891 5478 φυγάδες

2007 4778 2160 4827 rator
2205 4784 2336 4824 vero
2367 4766 2488 4822 vias
2518 4765 2602 4819 illi
2634 4765 2778 4821 alias
2810 4766 3040 4821 invictis
3073 4766 3447 4835 exercitibus,
3501 4766 3648 4824 alias

2003 4875 2145 4916 auro
2176 4856 2541 4922 obstruebat,
2576 4856 2733 4911 162
2770 4860 2827 4910 et
2857 4855 3155 4911 incitatam
3194 4856 3452 4913 hominis
3484 4857 3653 4929 cupi-

2003 4949 2245 5004 ditatem
2269 4944 2336 4999 ad
2356 4959 2555 5015 pacem
2582 4943 2865 4998 ﬂectebat.
2896 4944 3219 5016 Aliquando
3237 4945 3410 5001 etiam
3433 4947 3656 5004 Turcos

2002 5038 2061 5093 in
2097 5038 2491 5092 Romanorum
2525 5032 2670 5087 ﬁnes
2703 5033 2927 5088 effusos
2961 5051 3341 5105 repressurus
3371 5036 3654 5106 Pentapo-

2003 5126 2217 5182 litanos
2263 5121 2518 5188 invadit;
2580 5136 2648 5175 ac
2682 5120 2871 5176 Persis
2917 5138 3020 5176 nec
3068 5124 3140 5176 ad
3191 5139 3404 5179 manus
3456 5123 3656 5180 venire

2001 5215 2186 5281 ausis,
2220 5210 2420 5267 multis
2452 5209 2719 5279 captivis,
2759 5210 2956 5265 multis
2995 5212 3329 5280 pectoribus
3362 5213 3651 5279 abductis,

2002 5302 2374 5374 triumphans
2395 5300 2599 5354 urbem
2636 5300 2979 5367 ingreditur.
3000 5300 3079 5356 Eo
3113 5308 3366 5372 tempore
3388 5302 3653 5373 Solymas

2002 5407 2306 5468 procerum
2380 5387 2593 5445 sultani
2668 5388 2958 5461 princeps,
3030 5389 3206 5445 homo
3279 5391 3524 5446 callidus
3595 5393 3654 5445 et

1610 5553 1783 5614 Hier.
1831 5549 2047 5610 Wolﬁi
2090 5551 2255 5608 notae
2270 5585 2284 5602 .

287 5703 399 5774 (82)
446 5690 933 5774 Keutzacgta’wnv.
984 5689 1476 5774 Signiﬁcathaud
1536 5686 1712 5774 dubie
1742 5683 1896 5774 voaul

2005 5677 2295 5751 :aliquid,
2328 5677 2391 5731 ut
2446 5682 2500 5731 et
2562 5674 3000 5752 μούρτζουφλος.
3035 5676 3136 5731 sed
3196 5676 3442 5745 scriptor
3497 5672 3647 5726 hanc

216 5757 552 5846 aliis'eque
583 5757 652 5828 ac
685 5766 801 5824 sibi
829 5757 1030 5824 notam
1050 5757 1192 5822 Esse
1221 5767 1385 5820 ratus
1425 5776 1544 5817 non
1578 5757 1915 5821 declaravit.
