4140 6290
458 436 578 494 463

1771 425 1828 484 Ν
1836 420 2088 486 ΙΟΕΤιΕ
2129 421 2552 484 ϐΗΟΝΙΑΤιΕ

3745 425 3862 486 ιοι

457 569 732 633 disertus,
765 562 918 635 apud
948 559 1353 631 imperatorem
1377 557 1562 613 multa
1593 572 1696 629 pro
1731 555 1970 612 domino
1994 571 2084 612 suc

2213 553 2349 628 πρὸς
2394 556 2485 610 τὸν
2542 553 2914 629 αὐτοκράτορα
2963 551 3174 611 ἵκοντο.
3235 553 3334 608 Καὶ
3389 555 3558 608 ταῦτα
3591 555 3691 628 μὲν
3727 575 3866 628 συμ-

455 659 628 716 verba
673 653 825 722 fecit,
875 655 938 707 ut
965 651 1186 706 Turcos
1229 647 1329 704 illa
1375 652 1580 704 contra
1631 645 1847 702 sultani
1891 645 2098 702 volun-

451 750 634 803 tatem
667 743 871 799 fecisse
901 741 1252 805 ostenderet,
1279 735 1578 793 blanditiis
1608 736 1916 792 verborum
1953 751 2097 790 usus

449 851 574 906 qua:
599 849 734 891 cum
763 830 933 888 factis
958 846 1074 885 non
1093 827 1508 898 congruebant.
1531 828 1656 882 Etsi
1681 830 1877 881 autem
1900 827 2097 894 aperte

445 923 861 988 mentiebatur,
909 923 1104 976 tamen
1165 917 1306 990 quia
1353 916 1790 988 imperatorem,
1839 917 1908 970 ut
1951 913 2096 969 Bar-

447 1013 726 1070 barorum
777 1025 902 1065 mos
959 1012 1065 1074 est,
1109 1004 1440 1061 immodicis
1488 1002 1764 1059 laudibus
1821 1002 2096 1058 eﬁ‘erebat

454 1101 716 1158 oratione
767 1097 840 1154 ad
871 1097 1257 1168 imposluram
1292 1092 1635 1165 composita,
1669 1096 1725 1147 et
1755 1107 1938 1164 equos
1968 1106 2094 1148 cur-

449 1206 612 1246 sores
668 1188 728 1243 in
760 1187 884 1243 suis
943 1183 1194 1240 stabulis
1254 1181 1529 1238 educatos
1587 1180 1884 1250 oli'erebat,
1945 1178 2092 1236 nihil

445 1275 804 1334 incommodi
849 1289 1058 1346 passus
1101 1275 1210 1328 est.
1264 1270 1500 1341 Accepit
1529 1285 1711 1340 equos
1755 1269 2090 1342 imperator,

447 1371 503 1424 et
530 1367 853 1439 Solymum,
887 1364 1014 1434 ejus
1047 1362 1317 1432 aequitate
1347 1365 1404 1416 et
1433 1359 1831 1416 submissione
1879 1375 2089 1430 appro-

443 1457 584 1512 bata
631 1457 992 1526 (quanquam
1041 1466 1110 1506 ea
1153 1449 1486 1522 benignitas
1543 1465 1658 1504 non
1710 1447 1782 1503 ab
1834 1447 2091 1503 hominis

447 1543 681 1616 ingenio
731 1539 1224 1614 proﬁciscebatur,
1269 1539 1374 1594 sed
1422 1543 1751 1608 temporum
1798 1536 1964 1608 erat),
2019 1535 2090 1590 ad

450 1633 748 1690 sultanum
809 1627 1133 1700 ablegavit,
1193 1631 1255 1682 ut
1311 1641 1379 1681 ea
1417 1629 1728 1698 exponeret
1786 1642 1914 1697 qua:
1972 1640 2088 1680 non

444 1721 772 1795 ignorabat,
803 1723 861 1775 et
891 1717 1176 1773 levitatem
1209 1715 1294 1770 illi
1327 1715 1632 1787 perfidiam
1665 1723 1840 1786 alque
1870 1713 2088 1785 iniqui-

444 1817 624 1869 tatem
659 1809 953 1880 ohjiceret.
976 1807 1174 1878 Neque
1207 1822 1338 1862 vero
1365 1805 1460 1862 ille
1491 1807 1799 1877 quieturus
1816 1809 1960 1870 erat,
1987 1808 2087 1859 aut

2203 638 2436 713 ϐέϐηκεν
2493 645 2735 718 ὕστερον·
2791 643 2916 700 τότε
2971 641 3028 699 δί
3091 640 3484 716 πολυδύναμος
3525 644 3765 719 γεγονὼς
3797 645 3860 700 τὸ

2204 733 2341 806 πρὸς
2387 732 2480 787 τὸν
2539 731 2767 808 βασιλέα
2823 729 3060 805 αίδῆμον
3118 731 3438 802 ἀπεξύσατο,
3467 733 3561 787 καὶ
3592 733 3660 801 ἢν
3691 733 3859 796 αὐτὸς

2201 819 2483 898 θεραπείαν
2547 828 2794 898 προσῆγε
2843 827 2962 883 ταῖς
3017 825 3126 877 τῶν
3165 820 3507 897 πραγμάτων
3535 819 3857 885 δυσκολίαις

2199 911 2534 985 ἀγχόμενος,
2591 911 2793 980 ταύτην
2853 909 3092 982 ἐξῃτεῖτὸ
3149 911 3232 964 ol-
3263 909 3526 985 παρέχειν
3562 910 3656 965 τὸν
3687 911 3856 966 αὖτο-

2197 1000 2456 1075 κράτορα,
2538 995 2885 1076 βαρϐαρικῶς
2955 997 3457 1074 μεταλλοιούμενος
3507 1002 3587 1071 τῷ
3651 998 3852 1075 καιρῷ,

2199 1089 2290 1144 καὶ
2321 1085 2515 1159 δεῆσαν
2547 1089 2678 1164 ὑπὲρ
2715 1089 2778 1144 τὸ
2828 1085 2946 1144 δέον
2999 1085 3494 1162 ὑποστελλόμενος,
3523 1087 3617 1142 καὶ
3646 1093 3850 1161 πτεροῦ

2201 1177 2353 1240 αὖθις
2382 1177 2811 1256 ἐλαφριζόμενος
2856 1175 3252 1252 εὐπετέστερον,
3294 1174 3383 1231 ὅτε
3421 1180 3490 1250 τῇ
3523 1175 3678 1250 ἑτέρᾳ
3713 1174 3852 1231 πλά-

2197 1289 2373 1343 στιγγι
2407 1269 2582 1342 ῥοπήν
2626 1270 2661 1338 ἡ
2693 1268 2838 1343 τύχη
2889 1265 3209 1342 παρείχετο,
3258 1271 3379 1328 τοῖς
3417 1265 3850 1343 παλινστρόιροις

2197 1352 2536 1432 βραϐεύουσα
2589 1356 2890 1432 πράγμασι.
2949 1355 3223 1428 ΙΙαττάλῳ
3265 1353 3310 1411 δ’
3375 1355 3850 1430 ὑπεκκρουόμενος

2193 1446 2467 1508 πάτταλος
2497 1445 2838 1521 ἐξομαλίζων
2871 1447 2940 1516 ἦν
2996 1446 3088 1502 τὸν
3121 1443 3350 1522 βασιλέα
3401 1447 3494 1501 καὶ
3525 1447 3848 1520 θαραπεύων

2194 1536 2438 1613 ἐνιαχοῦ,
2499 1537 2563 1592 οὐ
2607 1537 2714 1610 μὴν
2777 1538 2865 1592 ὑπ’
2918 1537 3120 1592 ἐκείνου
3181 1536 3671 1612 θηροκομούμενος
3737 1534 3856 1592 διεο

2191 1623 2454 1684 δείκνυτο.
2509 1625 2599 1681 καὶ
2642 1623 2800 1700 δόξαν
2855 1626 3150 1699 ἀπονέμων
3190 1627 3397 1701 πατρὸς
3447 1624 3716 1687 υἱοθεσίας
3770 1647 3854 1681 τι-

2195 1719 2304 1790 μήν
2363 1711 2658 1788 ἐλάμϐανε·
2721 1717 2815 1772 καὶ
2868 1717 2933 1786 ἦν
2988 1715 3056 1770 τὰ
3111 1717 3238 1791 παρ’
3305 1718 3384 1790 [Ρ.
3427 1719 3519 1787 81]
3577 1713 3851 1786 ἀλλήλων

2191 1805 2573 1880 χαραττόμενα
2629 1804 2928 1880 γράμματα
2983 1804 3191 1880 πατέρα
3247 1803 3473 1879 βασιλέα
3527 1805 3620 1859 καὶ
3686 1802 3858 1860 σουλ-

443 1901 668 1959 cladem
697 1898 923 1954 illatam
955 1895 1038 1952 vel
1081 1896 1152 1951 ad
1183 1896 1457 1968 exiguum
1485 1898 1722 1964 tempus
1753 1893 1907 1948 168
1941 1891 2084 1948 inul-

2192 1893 2357 1948 τάνου
2397 1895 2514 1948 υἱὸν
2565 1893 3030 1971 καταγγέλλοντα.
3091 1894 3245 1962 Πλὴν
3306 1891 3424 1948 οὐδ’
3474 1892 3650 1956 οὕτως
3681 1893 3734 1956 ές
3765 1914 3855 1970 φι-

442 1994 563 2047 tam
591 2005 895 2062 passurus.
915 1983 1256 2042 Latrociniis
1285 1983 1463 2055 igitur
1486 1982 1557 2037 de
1576 1997 1736 2038 more
1771 1981 2080 2050 utebatur;

445 2085 504 2136 et
533 2077 774 2135 delectis
829 2075 1170 2133 cohortibus
1217 2072 1416 2128 missis
1469 2071 1750 2127 Laodicea
1801 2069 2082 2143 Phrygiae,

449 2185 574 2240 quae
606 2172 730 2222 tum
762 2181 901 2234 non,
927 2163 1014 2219 uti
1047 2179 1202 2218 nunc
1231 2161 1518 2227 cernitur,
1566 2159 1858 2216 mmnibus
1911 2159 2083 2215 ador-

447 2255 720 2325 nata,sed
745 2255 929 2310 instar
941 2267 1224 2325 pagorum
1238 2250 1308 2306 ad
1333 2249 1554 2305 radices
1571 2248 1806 2305 collium
1829 2248 2084 2321 sparsim

446 2347 742 2400 exstructa
797 2346 956 2409 erat,
1007 2340 1302 2411 ingentem
1352 2339 1609 2411 praedam
1671 2337 1957 2410 pecudum
2029 2343 2086 2393 et

443 2435 752 2492 hominum
784 2433 1006 2505 abegit;
1026 2429 1244 2488 multos
1273 2430 1442 2486 etiam
1473 2429 1699 2498 occidit,
1734 2435 1907 2501 atque
1931 2429 2086 2486 inter

443 2525 590 2582 alios
613 2523 945 2598 pontiﬁcem
977 2519 1378 2590 Solomonem,
1404 2524 1724 2578 castratum
1757 2518 1922 2576 illum
1955 2519 2084 2590 qui-

439 2615 594 2682 dem,
627 2613 728 2670 sed
759 2611 1084 2686 gratiosum
1143 2609 1438 2666 hominem
1473 2613 1532 2666 et
1561 2609 1676 2665 Deo
1717 2607 1926 2664 virtute
1957 2623 2084 2678 pro-

439 2703 751 2776 pinquum.
775 2701 1010 2758 Dicebat
1025 2703 1218 2756 autem
1241 2715 1344 2771 per
1362 2697 1682 2754 ludibrium
1716 2696 1986 2753 sultanns
2008 2695 2081 2752 ad

439 2809 600 2864 suos,
657 2808 769 2864 quo
822 2789 1086 2863 pluribus
1138 2787 1305 2844 malis
1350 2793 1646 2844 Romanos
1695 2785 1968 2854 afﬁceret,
2015 2801 2082 2840 eo

440 2885 661 2956 majora
707 2881 816 2938 sibi
868 2878 1147 2936 beneﬁcia
1178 2879 1250 2934 ab
1299 2877 1650 2950 imperatore
1691 2875 2084 2948 exspectanda

438 2987 604 3030 esse:
641 2987 774 3027 nam
807 2986 985 3042 penes
1017 2984 1188 3040 quem
1210 2967 1444 3024 victoria
1479 2966 1572 3034 sit,
1598 2967 1668 3021 ad
1699 2982 1831 3022 eum
1858 2979 2082 3036 quoque

441 3077 686 3116 munera
715 3059 1004 3115 conﬂuere
1036 3057 1326 3122 solere,ne
1349 3055 1525 3111 latius
1545 3059 1790 3128 vagetur
1819 3054 2080 3124 victoria,

441 3147 937 3220 quemadmodum
987 3145 1174 3200 morbi
1235 3143 1544 3215 periculosi
1589 3142 1926 3213 diligentius
1977 3159 2081 3198 cu-

429 3237 651 3304 rentur,
701 3250 772 3290 ne
820 3237 1080 3304 serpant.
1133 3232 1247 3288 Nec
1274 3231 1499 3288 interea
1557 3227 1778 3302 quievit
1819 3230 2074 3298 Manuel,

2194 1981 2316 2038 λίαν
2345 1982 2614 2062 ἀκραιφνῆ
2650 1984 3058 2056 συνηρμόζοντο
3106 1983 3140 2052 ἢ
3198 1987 3326 2058 γοῦν
3357 1981 3450 2044 τὰς
3519 1978 3760 2044 σπονδὰς
3791 1980 3853 2036 οὖ

2193 2069 2467 2148 ευνὲχεον.
2517 2074 2677 2137 ’Ὀθεν
2721 2073 2750 2126 ὁ
2812 2073 2904 2144 μὲν
2973 2073 3108 2126 κατὰ
3165 2070 3504 2150 χειμάρρουν
3531 2070 3852 2141 πληθύοντα

2193 2163 2228 2232 ἢ
2288 2165 2424 2218 κατά
2477 2160 2664 2218 πολλά
2721 2159 3022 2231 ἐδηδοκότα
3079 2161 3339 2240 φάρμακα
3398 2157 3667 2235 δράκοντα
3719 2181 3854 2216 κατ-

2194 2251 2386 2322 έκλυζέ
2437 2274 2494 2308 τε
2552 2251 2640 2307 καὶ
2694 2250 2960 2327 παρέσυρε
3008 2253 3071 2306 τὸ
3139 2252 3473 2325 προστυχὸν,
3529 2251 3620 2307 καὶ
3679 2249 3855 2328 συχνὰ

2191 2346 2297 2396 τῶν
2347 2339 2628 2416 ἡμετέρων
2667 2339 2978 2415 πολίχνίων
3027 2339 3348 2416 κατέχασκε,
3389 2341 3480 2396 τὸν
3513 2347 3616 2409 τῆς
3660 2340 3853 2401 κακίας

2195 2429 2484 2486 ἀποπτύων
2548 2430 2644 2485 ἰόν·
2690 2431 2718 2484 ὁ
2759 2427 2817 2484 δὲ
2877 2429 3131 2504 βασιλεὺς
3187 2432 3594 2510 περιεφράγμου
3653 2431 3853 2486 τούτου

2190 2519 2286 2580 τὰς
2320 2515 2592 2588 διεξόδους
2619 2520 2709 2573 καὶ
2759 2518 2833 2579 εἷς
2887 2515 3147 2592 ἀνάῥρουν
3203 2519 3263 2573 τὸ
3317 2519 3490 2591 ῥεῦμα
3524 2518 3857 2574 ὑπανεστοί-

2191 2603 2322 2678 ϐαζε
2353 2607 2582 2684 οριγγίῳ
2617 2607 2840 2684 ἀῤῥαγεῖ
2899 2605 3290 2682 στρατοπέδου,
3332 2609 3367 2676 ἢ
3423 2606 3565 2681 ὁλκῇ
3617 2608 3850 2684 χρυσίου

2193 2695 2431 2774 ἐφολκοῦ
2485 2696 2837 2770 κατεκοίμιζε
2893 2695 3028 2770 πρὸς
3085 2695 3304 2770 εἰρήνην
3369 2696 3433 2752 τὸ
3481 2696 3686 2752 τούτου
3721 2697 3851 2772 βλέ-

2193 2807 2384 2866 φαρον,
2417 2787 2507 2842 καὶ
2554 2785 2621 2856 ἦν
2657 2785 2792 2848 τέως
2841 2783 2918 2848 είς
2981 2785 3238 2860 λῃστείαν
3294 2784 3618 2863 ἐπηγρίαινε
3647 2787 3848 2864 λοφιὰν

2191 2877 2280 2932 καὶ
2310 2875 2402 2932 τὸν
2455 2874 2620 2931 ὁλκὸν
2658 2874 2714 2929 ὅν
2775 2873 3062 2950 ἐπεσύρετο
3119 2880 3216 2930 τοῦ
3248 2875 3652 2950 στρατεύματος
3681 2898 3846 2932 κατα-

2191 2966 2423 3042 σιγάζων
2474 2963 2750 3039 ἒπράϋνεν.
2811 2965 3020 3021 Ἐνίοτε
3072 2961 3130 3020 δὲ
3185 2963 3314 3026 τοὺς
3347 2966 3424 3028 ὼς
3451 2968 3604 3020 πώεα
3633 2965 3841 3021 πλατέα

2191 3053 2647 3132 διεκκεχυμένους
2701 3060 2816 3117 τοῖς
2865 3055 3201 3128 Ῥωμαϊκοῖς
3252 3055 3600 3130 σχοινίσμασι
3659 3057 3833 3129 Τούρ·

2188 3165 2319 3208 κους
2369 3141 2718 3200 ἀναστέλλων
2771 3147 2887 3207 τοῖς
2939 3144 3062 3218 περὶ
3120 3145 3220 3213 τήν
3283 3143 3612 3199 πεντάπολιν
3651 3141 3826 3198 ἐπιτί-

2189 3235 2357 3302 θεται,
2415 3233 2504 3288 καὶ
2549 3231 2820 3306 σωμάτων
2871 3231 3220 3308 ἀνθρωπίνων
3265 3233 3356 3287 καὶ
3408 3235 3558 3302 ζώων
3602 3228 3828 3286 πολλῶν

424 3325 526 3380 sed
559 3299 815 3396 primum
847 3299 950 3394 per
996 3321 1276 3378 Basiliam
1316 3299 1672 3390 Zicandlam,
1711 3321 1921 3377 deinde
1969 3337 2073 3394 per

2192 3299 2472 3398 γενόμενος
2511 3299 2802 3397 ἐγκρατὴς,
2839 3299 2980 3396 μηδ’.
3021 3321 3096 3383 εἷς
3153 3327 3346 3397 χεῖρας
3403 3299 3704 3396 δεξαμένων
3737 3320 3840 3376 αὖ·

417 3411 756 3468 Michaelem
807 3411 1096 3484 Angelum
1134 3414 1351 3467 Turcos
1399 3426 1498 3467 eos
1553 3411 1790 3478 invasit,
1839 3409 1941 3483 qui
1996 3411 2069 3467 ob

2192 3413 2264 3468 τὸν
2301 3418 2410 3468 τῶν
2464 3416 2702 3488 Περσῶν,
2752 3413 3154 3490 τροπαιοφόρος
3207 3411 3571 3484 ὲπανέζευξεν,
3609 3412 3847 3483 ὁπηνίκα

421 3517 664 3574 gregum
683 3505 739 3556 et
759 3504 1158 3557 armentorum
1185 3501 1411 3571 copiam
1432 3499 1558 3555 loca
1574 3499 1818 3554 herbida
1847 3504 1901 3555 et
1919 3516 2070 3556 cam-

2192 3503 2264 3558 ιαί
2299 3500 2558 3576 Σολυμᾶς
2599 3503 2628 3556 ὁ
2679 3505 2788 3556 τῶν
2846 3503 2993 3576 παρᾶ
3048 3507 3128 3575 τῷ
3186 3500 3470 3574 σουλτάνῳ
3503 3501 3570 3557 τὰ
3603 3502 3841 3578 μέγιστα

423 3593 646 3664 pestria
664 3595 1092 3656 consectantur,
1121 3606 1305 3661 eaque
1321 3590 1390 3644 de
1407 3606 1583 3645 causa
1600 3588 1722 3646 suis
1755 3589 1968 3646 relictis
1987 3605 2072 3646 se-

2192 3589 2488 3664 ἶυναμένων
2525 3591 2956 3668 κορυφαιότατος
2993 3597 3071 3664 τῷ
3105 3589 3325 3666 βασιλεῖ
3354 3590 3612 3668 έποφθεῖς
3650 3591 3840 3647 πολλὰ

426 3681 600 3738 dibus
615 3685 1013 3738 Romanorum
1037 3679 1179 3735 ﬁnes
1199 3695 1332 3734 cum
1348 3677 2065 3752 omnifamiliaoccupant.

2192 3682 2272 3736 ιὲν
2347 3679 2675 3756 ὑπερηγόρει
2749 3684 2846 3736 τοῦ
2921 3679 3249 3752 σουλτάνου,
3325 3680 3654 3756 ἀποτρέπων
3737 3685 3837 3750 τῆς

427 3769 492 3826 lli
525 3771 680 3826 164
710 3769 866 3826 enim
889 3769 1158 3840 expedita
1189 3767 1487 3839 copiarum
1519 3771 1680 3840 parte
1714 3767 1772 3824 in
1805 3769 2070 3826 cohortes

2192 3770 2381 3828 ἐκείνου
2427 3772 2656 3848 γνώμης
2707 3771 2774 3827 τὰ
2821 3771 2967 3847 παρά
3010 3776 3118 3828 τῶν
3169 3773 3432 3848 Τούρκων
3482 3770 3834 3846 πραττόμενα

422 3859 718 3931 descripta
769 3873 1089 3929 secumque
1152 3857 1427 3924 adducta,
1481 3861 1649 3912 noctu
1705 3857 2069 3913 adversarios

2192 3863 2264 3916 ιαὶ
2313 3864 2640 3936 σοφιστικῶς
2681 3861 2768 3922 οἷς
2827 3859 3026 3934 διεξῄει
3083 3862 3610 3936 καταχαριζόμενος,
3653 3862 3833 3935 ἀσύμ-

423 3948 636 4005 rectius
669 3947 864 4002 invadi
900 3961 1065 4018 posse
1114 3945 1244 4013 rati,
1278 3944 1429 4000 hanc
1459 3944 1737 4000 exercitui
1789 3951 2067 4002 tesseram

2192 3959 2327 4028 ριὺνα
2357 3945 2404 4003 δ’
2443 3950 2596 4022 ὅμως
2645 3955 2761 4012 τοῖς
2809 3951 3095 4026 πράγμασι
3143 3951 3513 4027 φθεγγόμενος
3565 3949 3828 4020 ἡλίσκετο

423 4037 484 4092 in
507 4041 793 4092 nocturno
825 4034 922 4091 illo
944 4034 1218 4092 conﬂictu
1250 4033 1633 4103 dederunt,ut
1653 4033 2064 4090 exclamarent:

2192 4035 2540 4114 ψευδολογίας
2579 4037 2906 4114 ἐγκλήματι’
2940 4038 3086 4110 πλὴν
3132 4037 3245 4096 οὐδ’
3296 4040 3438 4097 οὕτω
3468 4061 3521 4096 τι
3552 4041 3692 4117 πρὸς
3733 4043 3835 4116 βαι

430 4145 456 4178 ιι
473 4126 715 4193 terrum,
732 4145 760 4172 »
784 4127 851 4178 ut
868 4140 1006 4180 suos
1036 4140 1105 4179 ea
1122 4138 1260 4179 voce
1289 4122 1487 4195 agnita
1507 4121 1814 4178 inviolatos
1842 4128 2071 4193 praster-

2192 4128 2373 4190 τιλέως
2403 4125 2660 4194 πὲπονθεν
2720 4128 2892 4207 ἄχαρι
2945 4129 3226 4204 Σολυμᾶς.
3289 4130 3608 4204 Θεραπεύων
3653 4128 3714 4186 δὲ
3742 4131 3835 4186 καὶ

427 4214 602 4276 irent,
637 4227 736 4266 eos
765 4227 900 4268 vero
930 4211 1030 4282 qui
1059 4210 1220 4267 taciti
1251 4212 1612 4280 accederent,
1644 4209 1976 4266 occiderent
2007 4215 2070 4267 ut

2192 4217 2309 4294 irr‘sp
2361 4217 2422 4272 τὸ
2471 4214 2675 4289 ἀληθὲς
2707 4217 2782 4280 ὡς
2826 4213 2948 4283 ἔθος
2994 4224 3114 4283 τοῖς
3168 4215 3489 4294 βαρϐάροις,
3517 4219 3584 4274 τὸ
3613 4217 3836 4290 ἄνακτα,

430 4302 788 4372 peregrinos.
833 4301 910 4356 Ea
952 4299 1296 4356 acclamatio
1339 4299 1514 4355 totius
1548 4315 1756 4370 pugnae
1807 4303 2070 4372 tempore

2192 4308 2264 4362 ιαὶ
2301 4307 2369 4362 τὰ
2424 4305 2477 4369 ές
2530 4307 2740 4377 ἀπάτην
2806 4309 3211 4382 τεχναζόμενος
3246 4305 3444 4371 ’ίπποις
3495 4307 3658 4363 αὐτὸν
3692 4308 3843 4363 ὠκύ-

425 4395 632 4460 gentes
679 4387 965 4458 distinxit,
1015 4393 1073 4444 et
1124 4393 1188 4443 ut
1232 4387 1407 4444 David
1454 4387 1555 4454 ait,
1605 4386 1738 4442 ferri
1772 4387 1960 4444 instar
2007 4391 2069 4446 in

2192 4417 2332 4452 τοσιν
2365 4395 2744 4468 ἐκολάκευσεν,
2786 4393 2881 4458 οὕς
2927 4397 2990 4452 τὸ
3039 4395 3245 4452 ἐκείνου
3295 4395 3524 4452 ἐσίτευεν
3566 4397 3840 4452 ἰπποστά-

429 4483 734 4536 Persarum
749 4479 974 4534 animos
991 4479 1328 4549 penetravit.
1348 4475 1459 4531 Sed
1482 4473 1652 4530 Turci
1673 4479 1803 4546 post
1825 4493 1876 4532 m
1890 4476 2066 4534 ultam

2192 4506 2308 4542 nov.
2370 4486 2430 4543 Ὁ
2497 4481 2554 4540 δὲ
2622 4483 2882 4560 βασιλεὺς
2951 4487 3079 4550 τοὺς
3138 4483 3345 4547 *ίππους
3409 4483 3704 4560 δεξάμενος
3745 4485 3841 4541 καὶ

419 4569 657 4626 tandem
691 4568 930 4635 caedem,
954 4571 1175 4623 tessera
1207 4564 1304 4620 illa
1333 4562 1652 4630 intellecta,
1684 4565 1945 4622 eamdem
1978 4583 2070 4622 vo-

2192 4573 2437 4648 Ξολυμᾶν
2479 4581 2578 4644 τῆς
2636 4575 3070 4650 εὐγνωμοσύνης
3127 4574 3216 4630 καὶ
3252 4575 3527 4649 ὑποταγῆς
3559 4571 3840 4646 ἀποδεξά-

423 4674 544 4714 cem
564 4663 619 4714 et
637 4658 751 4729 ipsi
774 4660 1162 4729 usurparunt,
1183 4654 1364 4709 donec
1386 4651 1587 4722 elapsa
1607 4659 1774 4708 nocte
1794 4654 2068 4728 dirempti

2192 4684 2364 4732 aevo;,
2396 4664 2439 4719 εἷ
2471 4662 2562 4718 καὶ
2605 4667 2680 4736 μή
2714 4669 2812 4734 τῆς
2844 4663 3051 4720 ἐκείνου
3083 4665 3314 4739 γνώμης
3347 4663 3487 4720 ἴδιον
3519 4666 3612 4736 ἧν,
3643 4669 3745 4720 τοῦ
3776 4661 3845 4720 δὶ

420 4753 560 4802 sunt
587 4747 892 4802 exercitus.
911 4747 1061 4802 Sunt
1094 4749 1152 4800 et
1180 4743 1304 4798 alias
1327 4740 1524 4797 multa:
1560 4741 1844 4800 Manuelis
1867 4751 2067 4802 contra

419 4840 641 4890 Turcas
670 4839 726 4890 et
748 4839 1066 4890 Turcarum
1099 4839 1302 4890 contra
1355 4830 1650 4888 Romanos
1699 4833 2066 4891 excursiones

418 4925 615 4990 factae;
643 4938 784 4992 quas
827 4925 1154 4995 plerasque,
1189 4923 1338 4994 quod
1374 4920 1520 4978 nihil
1567 4923 1948 4980 memorabile
2004 4926 2065 4982 in

415 5011 488 5066 iis
547 5016 744 5066 actum
789 5016 896 5078 est,
957 5011 1337 5083 praetermisi,
1398 5027 1470 5068 ne
1527 5012 1728 5066 crebra
1773 5012 2058 5070 similium

2177 4755 2374 4826 καιροῦ
2436 4751 2653 4827 ὑπῆρχε
2706 4748 2883 4825 δῶρον
2922 4753 2984 4808 τὸ
3042 4751 3455 4828 φιλοφρόνημα,
3537 4753 3682 4828 πρὸς
3737 4753 3838 4807 τὸν

2178 4840 2478 4896 σουλτάνον
2545 4837 2856 4896 ἀπέστειλεν
2915 4841 3312 4918 ἐξηγησάμενον
3389 4841 3579 4914 ἐκείνῳ
3639 4841 3672 4896 ἃ
3733 4841 3844 4897 οὐκ

2174 4930 2240 4998 ἦν
2268 4929 2506 5006 ἀγνοῶν,
2537 4929 2626 4985 καὶ
2687 4929 2740 4992 ἐς
2808 4929 2939 4986 αὖτὸ
2967 4934 3064 4986 τοῦ
3091 4951 3298 5004 τροπου
3338 4931 3742 5006 ἀποσκώψοντα
3767 4931 3840 4986 τὸ

2175 5013 2525 5091 παλίμϐολον
2577 5019 2641 5074 τὸ
2692 5017 2916 5076 ἄπιστόν
2972 5041 3032 5076 τε
3086 5022 3175 5076 καὶ
3233 5020 3522 5094 κακόηθες,
3571 5019 3670 5076 κᾶν
3733 5017 3844 5077 οὐκ

413 5114 611 5153 rerum
670 5099 955 5170 repetitio,
988 5099 1111 5156 sine
1161 5099 1279 5155 ulla
1319 5099 1507 5172 gratia
1561 5101 1860 5172 novitatis,
1895 5103 2060 5160 fasti-

2192 5109 2240 5177 ῆν
2299 5109 2458 5165 αὐτὸν
2523 5111 2816 5185 ἠρεμήσειν
2870 5109 2959 5166 ἐπὶ
3016 5111 3232 5174 τούτοις
3281 5113 3314 5181 ἢ
3366 5117 3498 5185 γοῦν
3562 5123 3846 5186 καθυπερ-

417 5187 580 5278 dium
616 5193 840 5258 pareret
871 5189 1204 5245 lectoribus.

2192 5199 2352 5253 léaOat
2382 5197 2470 5253 καὶ
2529 5198 2664 5273 πρὸς
2729 5199 2909 5278 βραχὺ
2967 5201 3262 5273 Ῥωμαίοις
3320 5202 3422 5271 τήν
3457 5200 3840 5260 ἀντιπάθειαν.

415 5271 714 5366 ’ῌκλόπευε
769 5279 897 5352 γοῦν
953 5280 1069 5366 ταῖς
1125 5277 1376 5366 συνήθεσΑι
1424 5273 1706 5366 λῃστείαις
1743 5277 2055 5352 χρώμενος.
2100 5285 2324 5348 Στείλας
2385 5283 2442 5341 δὲ
2500 5271 2585 5342 καί
2646 5271 2929 5366 φάλαγγας
2986 5271 3306 5352 ἐπιλέκτους
3359 5291 3459 5360 τὴν
3495 5290 3636 5346 κατά
3675 5297 3844 5366 Φρυ-

407 5363 530 5436 γίαν
597 5363 848 5440 ἐκπορθεῖ
915 5361 1252 5436 Λαοδίκειαν,
1312 5363 1490 5418 οὐκέτι
1559 5363 1720 5418 οὖσαν
1797 5373 2220 5447 συνοικουμένην
2291 5375 2366 5438 ὡς
2447 5380 2538 5431 νῦν
2605 5361 2860 5452 ἑώραται,
2938 5377 3049 5434 οὐδ’
3114 5380 3356 5454 εὐερκέσι
3426 5361 3821 5457 φραγνυμένην

409 5452 644 5526 τείχεσι,
709 5455 845 5509 κατά
884 5451 942 5509 δὲ
992 5454 1184 5528 κώμας
1251 5447 1622 5526 ἐκκεχυμένην
1683 5455 1807 5525 περὶ
1861 5457 1956 5522 τὰς
2013 5461 2282 5539 ὑπωρείας
2335 5468 2442 5520 τῶν
2481 5463 2650 5521 ἐκεῖσε
2694 5467 2926 5542 βουνῶν.
2978 5465 3208 5525 Ἦλασεν
3253 5465 3300 5522 δ’
3366 5447 3566 5524 ἐκεῖθεν
3607 5469 3836 5544 βαρεῖεν

409 5539 558 5595 λείαν
588 5542 886 5618 ἀνθρώπων
937 5545 1027 5599 καὶ
1062 5545 1214 5612 ζώων
1267 5541 1487 5612 πλῆθος
1541 5541 1602 5596 οὗ
1663 5545 1996 5620 σταθμητόν·
2059 5553 2119 5608 ού
2181 5555 2436 5630 μετρίους
2474 5551 2532 5610 δὲ
2586 5539 3050 5627 καὶ-κατέκτανεν,
3082 5555 3134 5611 ἐν
3173 5560 3259 5622 οἷς
3304 5557 3394 5614 καὶ
3433 5559 3524 5613 τὸν
3557 5539 3836 5634 ἀρχιερέα

409 5629 771 5725 Σολομῶντα,
805 5633 1065 5725 Δέκτομίοω
1101 5633 1194 5725 μὲν
1234 5632 1550 5725 ἄνθρωπον,Δ
1573 5633 1827 5725 χαρίεντα
1867 5635 1914 5692 δ’
1946 5638 2134 5707 ἄλλως
2190 5645 2252 5700 τὸ
2289 5629 2424 5714 ἦθος
2476 5644 2567 5700 καὶ
2628 5651 2744 5720 Θεῷ
2793 5644 2864 5701 δι’
2901 5646 3096 5725 ἀρετῆς
3137 5629 3606 5725 προσεγγίζονταί
3637 5629 3843 5721 Εἲρω-

410 5719 696 5795 δευόμενος
727 5720 773 5780 δ’
803 5721 997 5806 ἔφασκε
1053 5724 1188 5798 πρὸς
1225 5723 1352 5786 τοὺς
1411 5719 1646 5784 οἶκείοος
1711 5723 1786 5789 ὡς
1841 5724 1956 5801 ὅσῳ
2012 5730 2070 5788 ἂν
2142 5735 2314 5810 μείζω
2354 5731 2566 5809 δράσειε
2614 5719 2948 5814 Ῥωμαίους·
2981 5735 3145 5812 δεινὰ,
3180 5719 3442 5814 *τοσούτῳ
3476 5737 3648 5813 μείζω
3680 5719 3850 5816 παρᾶ
