4140 6290
263 345 403 409 465
1364 343 1465 405 DE
1506 342 1895 406 MANUELE

2042 340 2312 403 MNENO
2353 339 2506 402 LIB.
2553 340 2651 402 IV.
3597 338 3717 401 466

274 477 560 558 βασιλέως
619 476 799 553 ἀγαθά
845 475 1110 535 πείσεται·
1169 502 1199 532 ‹‹
1255 479 1323 558 ᾮ
1382 479 1496 555 γὰρ
1567 476 1821 554 πάρεστι,
1875 475 2030 555 φησὶ,
2081 476 2144 531 τὸ
2200 480 2443 552 κρατεῖν,
2495 474 2679 546 τούτῳ
2710 473 2798 527 καὶ
2856 473 2913 527 αἱ
2974 469 3173 546 δωρεαῖ
3217 470 3471 546 φιλοῦσιν
3532 471 3713 542 ἐπιξε-

271 569 537 639 νίζεσθαι,
565 565 659 621 ’ἱνα
690 570 774 641 [Ρ.
807 568 894 640 82]
936 569 1014 642 μή
1054 564 1248 622 πλεῖον
1346 570 1407 623 τὸ
1436 588 1524 622 νικ
1544 571 1626 638 ᾇν,
1686 563 1874 635 ἐπειδή
1933 565 2023 619 καὶ
2083 564 2150 619 τὰ
2207 563 2607 642 φλεγμαίνοντα
2644 567 2740 618 τῶν
2774 561 3044 635 σωμάτων
3072 560 3166 622 τάς
3199 558 3529 634 νοσοκομίας
3590 560 3711 616 ἰπι-

274 665 520 715 σπῶνται
585 656 873 726 πλείονας,
923 656 1017 712 ’ίνα
1075 657 1440 715 ἀπισπῶνται
1501 658 1593 713 καὶ
1653 662 1830 712 σταῖεν
1874 656 1943 710 τὰ
1998 653 2189 728 πρόσω
2221 653 2508 726 νεμόμενα.
2545 676 2574 704 ››
2624 649 2754 709 Οὒδ’
2786 651 2813 704 ὁ
2876 650 3141 720 Μανουὴλ
3191 648 3376 723 μέντοι
3436 649 3525 704 ἐπὶ
3582 648 3707 705 τού-

269 770 385 810 τοις
453 748 696 822 ἡσυχίαν
767 748 1074 818 ἠσπάσατο,
1132 747 1280 804 ἀλλά
1341 755 1530 823 πρῶτα
1560 749 1652 821 μὲν
1714 745 1803 802 διὰ
1866 749 1963 801 τοῦ
2022 740 2325 799 Γουδελίου
2386 738 2777 812 Τζυκανδήλη,
2819 740 2936 795 εἶτα
2990 741 3080 794 καὶ
3139 737 3230 794 διὰ
3282 743 3378 794 τοῦ
3438 738 3701 816 Ἀγγέλου

274 836 507 913 Μιχαὴλ
536 842 656 899 τοῖς
686 837 961 912 Τούρκοις
1006 836 1254 907 ἔπέθετο,
1326 839 1444 892 ’ὀσοι
1499 836 1950 911 πολυθρέμμονες
2009 833 2158 895 ὄντες
2214 829 2522 908 ἀναδιφῶσι
2580 831 2718 892 πόας
2769 829 2865 892 τάς
2898 826 3287 903 λειμωνίτιδας
3338 828 3429 883 καὶ
3488 828 3696 884 τούτων

288 925 436 983 ’ἑνεκα
469 931 581 983 τῶν
610 926 829 982 οἰκείων
859 929 1009 997 ἠθῶν
1065 927 1487 1000 ἀπανιστάμενοι
1545 927 1800 1003 παγγενεὶ
1851 926 1919 980 τὰ
1975 920 2265 996 Ῥωμαίων
2323 920 2614 976 ἒπεισίασιν
2675 920 2820 994 ὃρια.
2880 919 3043 976 Οὗτοι
3097 919 3200 995 γὰρ
3259 917 3311 980 ἐς
3371 917 3579 994 λόχους
3633 920 3696 974 τὸ

276 1022 379 1073 τῶν
432 1015 825 1091 στρατοπέδων
882 1017 1228 1086 συντάξαντες
1325 1013 1553 1085 εὔζωνον
1618 1016 1708 1071 καὶ
1768 1015 1881 1088 μετ’
1954 1013 2155 1068 ἑαυτῶν
2208 1004 2619 1087 παραλαϐόντες
2676 1008 2915 1081 ἐξῄεσαν.
2977 1007 3218 1080 ’Δμείνω
3259 1005 3317 1062 δὲ
3370 1009 3467 1077 τὴν
3532 1008 3697 1062 νύκτα

278 1108 544 1181 κρίνοντες
602 1107 682 1168 εἰς
722 1107 821 1176 τήν
878 1110 985 1160 τῶν
1045 1104 1302 1161 ἐναντίων
1355 1104 1617 1174 ἐπίθεσιν,
1679 1105 1925 1176 σύνθημα
1991 1100 2256 1158 δεδώκασι
2312 1106 2392 1172 τῷ
2448 1103 2660 1173 στρατῷ
2713 1098 2765 1153 έν
2815 1102 2895 1170 τῷ
2952 1097 3087 1154 κατά
3142 1097 3332 1153 σκότον
3390 1096 3699 1170 συμπλέκε-

281 1208 393 1260 σθαι
455 1201 577 1259 τοῖς
651 1196 917 1271 Τούρκοις
975 1196 1275 1273 ἀναφωνεῖν
1307 1220 1335 1248 ‹‹
1368 1193 1629 1270 Σίδηρος,
1692 1218 1723 1246 ››
1762 1193 1836 1255 ὡς
1896 1190 1979 1260 εἴη
2042 1190 2227 1252 αὐτοῖς
2277 1189 2450 1252 οὕτως
2501 1189 2990 1263 ἀντιπαρέρχεσθαι
3051 1187 3147 1260 μὲν
3213 1188 3275 1241 τὸ
3305 1185 3588 1263 ὁμόφυλον
3618 1188 3695 1257 ὡς

277 1284 594 1362 ὁμόφωνον,
625 1286 691 1339 τὸ
752 1282 809 1341 δὲ
865 1289 992 1361 σιγῇ
1060 1284 1210 1339 ἐπιὸν
1268 1285 1502 1339 καίνοιεν
1563 1285 1637 1346 ὡς
1692 1280 2116 1356 ἀλλόγλωσσον.
2178 1280 2277 1335 Καὶ
2334 1283 2496 1335 τοῦτο
2553 1276 2623 1333 δι’
2678 1277 2818 1347 ὃλης
2883 1283 2984 1346 τῆς
3031 1276 3155 1331 τότε
3206 1275 3534 1350 συμπλοκῆς
3578 1277 3698 1331 ἐπι-

272 1373 627 1452 φωνούμενον
690 1371 972 1429 διέστελλε
1002 1374 1245 1448 τὰγένη,
1300 1374 1393 1429 καὶ
1420 1375 1482 1429 τὸ
1538 1378 1636 1428 τοῦ
1696 1367 1889 1443 Δαϐὶδ,
1957 1372 1985 1425 ὁ
2045 1368 2271 1445 σίδηρος
2324 1369 2419 1431 τὰς
2473 1372 2583 1423 τῶν
2617 1371 2833 1442 Περσῶν
2886 1366 3071 1443 ψυχὰς
3112 1362 3398 1443 διήρχετο.
3431 1366 3581 1421 Μετά
3642 1363 3699 1420 δὲ

269 1461 450 1519 πολὺν
531 1463 628 1536 ὀψέ
686 1484 819 1518 ποτε
877 1464 1037 1542 φόνον
1125 1464 1177 1518 οἱ
1234 1460 1469 1538 Τοῦρκοι
1528 1462 1794 1523 συνιέντες
1854 1459 1885 1515 6'
1953 1459 2210 1535 βούλεται
2267 1460 2328 1513 τὸ
2381 1457 2481 1512 ἀνά
2564 1456 2740 1530 στόμα
2806 1454 3109 1528 Ῥωμαίοις
3166 1454 3436 1528 κείμενον,
3493 1452 3704 1528 ξυνῳδά

274 1552 428 1631 σφίσι
490 1552 582 1607 καὶ
642 1549 796 1607 αὒτοὶ
859 1552 1199 1631 ἐφθέγγοντο,
1258 1549 1364 1615 ἓως
1420 1559 1521 1622 τῆς
1579 1552 1767 1613 νυκτὸς
1812 1548 2192 1623 διαγενομένης
2226 1548 2318 1601 ἀπ’
2376 1544 2642 1615 ἀλλήλων
2673 1542 2956 1631 διέστησαν
3011 1544 3076 1598 τὰ
3117 1543 3511 1619 στρατεύματα.
3544 1542 3697 1599 Πολ-

270 1630 363 1697 λαὶ
397 1643 495 1716 μὲν
526 1642 618 1698 οὗν
662 1630 928 1718 ἐκδρομαὶ
957 1644 1019 1699 τὸ
1050 1646 1347 1714 τηνικαῦτα
1374 1646 1568 1718 καιροῦ
1598 1646 1684 1714 τῷ
1721 1639 1942 1715 βασιλεῖ
1970 1636 2149 1710 τούτῳ
2197 1637 2336 1691 κατὰ
2391 1641 2499 1690 τῶν
2555 1635 2809 1707 Τούρκων
2865 1630 3131 1707 ἐγένοντο,
3163 1633 3254 1687 καὶ
3310 1633 3455 1708 παρὰ
3484 1634 3690 1688 τούτων

271 1733 417 1794 αὗθις
448 1732 751 1806 Ῥωμαίοις
781 1732 1213 1807 ἐπιξυνέστησαψ
1247 1736 1465 1808 παρῆκα
1499 1730 1556 1787 δὲ
1584 1732 1792 1787 τούτων
1832 1730 1951 1784 ὅσαι
1984 1725 2076 1781 σὺν
2109 1731 2190 1799 τῷ
2250 1727 2326 1799 μὴ
2380 1724 2747 1804 ἀξιαφήγητόν
2813 1744 2863 1777 τι
2921 1724 3208 1791 κεκτῆσθαι
3265 1723 3355 1776 καὶ
3385 1724 3544 1798 κόρον
3571 1728 3689 1785 τοῖς

271 1822 567 1895 φιληκόοις
597 1823 928 1897 ἐμποιήσειν
958 1820 1230 1897 ἤμελλον,
1250 1824 1343 1878 οἷα
1370 1824 1438 1878 τὰ
1465 1820 1655 1878 πολλὰ
1674 1822 1750 1884 εἰς
1782 1819 1949 1877 ταυτά
1967 1818 2068 1891 τὴν
2092 1817 2334 1894 ἱστορίαν
2356 1814 2848 1893 ἐπαναστρέφουσαι
2874 1813 2963 1870 καὶ
2991 1809 3160 1889 μηδέν
3190 1835 3244 1869 τι
3265 1813 3686 1889 παρεξηλλαχὸς

276 1913 348 1975 εἷς
376 1915 477 1983 τήν
504 1910 772 1990 διήγησιν
805 1908 1054 1992 ἔχουσαι.

1353 2168 1779 2265 ΤΟΜΟΣ
1863 2169 2518 2266 ΤΕΤΑΡΤΟΣ

1223 2370 1359 2426 ΤΗΣ
1392 2370 1770 2427 ΒΑΣΙΛΕΙΑΣ
1812 2370 2153 2428 ΜΔΝΟΥΗΛ
2183 2371 2319 2427 ΤΟΥ
2349 2372 2755 2430 ΚΟΜΝΗΝΟΥ.

2018 2529 2088 2542 -ο

1507 2636 1837 2720 LIBER
1920 2633 2470 2747 QUARTUS

1236 2814 1479 2869 RERUM
1509 2815 1558 2867 A
1599 2814 1941 2870 MANUELE
1969 2813 2301 2870 COMNENO
2332 2814 2728 2871 GESTARUM.

322 3094 413 3165 [P.
447 3092 543 3165 83]
573 3092 642 3147 α’.
678 3090 971 3161 Ἐπάνειμι
1002 3086 1046 3144 δ’
1104 3089 1259 3154 αὖθις
1308 3089 1396 3144 ἐπὶ
1425 3090 1494 3144 τὰ
1524 3089 1811 3157 Παιονικά,
1840 3109 1928 3144 σα-

2119 3096 2171 3149 1.
2204 3094 2555 3165 Priusquam
2589 3102 2781 3151 aulem
2816 3097 2888 3151 ad
2922 3110 3012 3153 res
3034 3097 3397 3153 Pannonicas
3429 3095 3682 3166 redeam,

251 3181 480 3258 φηνείας
523 3178 574 3234 δ’
604 3177 767 3234 ἕνεκα
796 3182 895 3233 τοῦ
935 3179 1169 3253 ἱστορειν
1224 3173 1720 3254 προαναὸαλοῦμαι
1752 3180 1929 3235 ταυτί.

2046 3182 2476 3256 perspicuitatis
2497 3185 2640 3241 I65
2688 3186 2896 3257 gratia,
2954 3186 3219 3256 quaedam
3273 3185 3685 3257 praemittenda

255 3267 348 3342 Τῷ
375 3267 503 3324 τότε
533 3267 779 3344 ἄρχοντι
833 3270 939 3321 τῶν
971 3267 1191 3323 Οὕννων
1236 3269 1415 3337 Ἰατζᾷ
1444 3265 1544 3321 δύο
1598 3267 1735 3336 ἦσαν
1766 3268 1931 3340 ὁμαί-

269 3377 444 3430 μονες,
501 3351 786 3436 Στέφανός
843 3375 904 3409 τε
987 3357 1078 3409 καί
1176 3351 1591 3419 Βλαδίσολαϐος
1670 3358 1783 3428 (83)
1841 3356 1933 3410 καὶ

273 3444 457 3507 παῖδες
491 3444 772 3523 Στέφανος
820 3444 907 3498 καὶ
959 3442 1150 3506 Βελᾶς.
1209 3448 1327 3499 Τῶν
1376 3441 1625 3521 ἀδελφῶν
1676 3443 1855 3499 τοίνυν
1903 3445 1932 3498 ὁ

279 3528 541 3610 Στέφανος
570 3535 670 3597 τὰς
706 3533 1006 3608 ὁμογνίους
1039 3532 1290 3609 ὲκφυγὼν
1348 3538 1540 3608 χεῖρας
1593 3535 1709 3588 κατ’
1766 3534 1933 3587 αὐτοῦ

277 3625 522 3700 φονώσας
572 3626 676 3692 τήν
748 3622 1158 3679 Κωνσταντίνου
1205 3618 1494 3692 κατέλαϐε,
1568 3624 1657 3678 καὶ
1709 3620 1934 3696 προσδε-

280 3713 432 3786 χθεὶς
464 3712 748 3772 ἀσπασίως
807 3714 888 3782 τῷ
946 3709 1314 3786 αὐτοκράτορι
1344 3711 1612 3781 Μανουὴλ
1644 3710 1822 3780 ἄλλης
1876 3731 1935 3765 τε

280 3801 692 3879 φιλοφροσύνης
721 3800 797 3861 ὡς
842 3797 1105 3868 πλείστης
1137 3799 1496 3874 ηὗμοίρησεν,
1547 3798 1694 3855 ἀλλὰ
1727 3797 1794 3868 δὴ
1842 3800 1934 3855 καὶ

276 3891 487 3965 Μαρίαν
541 3887 717 3965 ἔγημε
773 3890 874 3958 τὴν
934 3890 1132 3944 τούτου
1189 3889 1432 3963 ἀνεψιάν,
1484 3892 1550 3959 ἣν
1610 3891 1637 3943 ὁ
1676 3885 1933 3945 σεϐαστό-

275 3977 491 4054 κράτωρ
524 3980 813 4056 ἐφύτευσεν
848 3979 1134 4039 Ἰσαάκιος.
1186 3980 1339 4036 Μετά
1384 3979 1565 4057 βραχὺ
1622 3977 1679 4034 δὲ
1756 3979 1846 4034 καὶ
1905 3980 1933 4033 6

273 4074 379 4125 τῶν
411 4065 668 4147 ἀδελφῶν
690 4067 875 4142 τρίτος
911 4062 1324 4130 Βλαδίσθλαϐος
1356 4075 1471 4122 κατ’
1529 4068 1682 4144 ἴχνια
1735 4068 1931 4143 βαίνων

272 4163 350 4231 τῷ
385 4159 641 4235 Στεφάνῳ
667 4160 748 4229 τῷ
777 4154 1038 4224 Μανουὴλ
1068 4157 1522 4231 προσεχώρησεν,
1565 4156 1626 4212 οὐ
1676 4162 1931 4212 τοσοῦτον

276 4248 452 4315 Ἰατζᾶ
479 4245 780 4321 καταγνοὺς
812 4245 888 4306 ὡς
950 4249 1026 4316 μή
1072 4242 1360 4313 φιλοῦντος
1416 4246 1539 4299 ὅσον
1597 4244 1764 4314 εἰκὸς,
1797 4248 1831 4313 ἡ
1881 4246 1930 4315 ἒξ

272 4335 479 4391 ἐκείνου
510 4329 821 4402 ἐπιϐουλὴν
881 4332 1175 4402 πτοηθείς,
1229 4332 1354 4388 ὅσον
1414 4339 1484 4408 τῇ
1538 4337 1636 4388 τοῦ
1693 4331 1932 4412 ἀδελφοῦ

272 4427 559 4503 Στεφάνου
589 4425 754 4502 φήμῃ
780 4421 1098 4496 γοητευθεὶς
1127 4421 1218 4477 καὶ
1274 4422 1411 4495 πρὸς
1471 4422 1635 4477 αὐτὸν
1698 4423 1797 4490 τὴν
1830 4444 1933 4478 πο-

2044 3281 2202 3328 sunt.
2234 3276 2579 3328 Hunnorum
2599 3274 3202 3346 princeszazasduos
3218 3275 3425 3331 fratres
3455 3274 3684 3344 habuit,

2041 3363 2402 3434 Stephanum
2445 3368 2501 3419 et
2545 3363 3042 3433 Bladiethlabum,
3105 3365 3458 3437 totidemque
3507 3362 3681 3432 ﬁlios,

2042 3452 2398 3523 Stephanum
2430 3456 2486 3507 et
2519 3451 2731 3508 Belam.
2765 3454 3116 3524 Stephanus,
3159 3454 3391 3509 evitatis
3450 3453 3683 3509 insidiis

2045 3558 2172 3612 quae
2203 3558 2237 3596 a
2259 3542 2434 3596 fratre
2463 3541 2575 3597 sibi
2604 3543 2977 3611 parabantur,
3009 3542 3233 3614 Cpolim
3258 3542 3550 3614 profectus
3567 3548 3621 3598 et
3650 3559 3684 3597 a

2045 3630 2311 3686 Manuele
2339 3631 2689 3702 imperatore
2708 3632 3041 3686 humaniter
3078 3636 3412 3702 susceptus,
3475 3634 3684 3700 praeter

2044 3718 2159 3774 alia
2189 3719 2443 3789 plurima
2474 3721 2774 3787 beneﬁcia,
2808 3720 2979 3775 etiam
3010 3719 3255 3775 Mariam
3270 3733 3510 3773 uxorem
3524 3732 3684 3773 acce-

2044 3809 2150 3880 pit.
2211 3808 2577 3876 imperatoris
2629 3813 2881 3878 neptem,
2942 3806 3158 3862 lsaacio
3225 3806 3679 3862 sebastocratore

2046 3906 2260 3951 natam.
2297 3895 2473 3951 Paulo
2488 3900 2617 3965 post
2631 3897 2778 3950 alter
2806 3911 3040 3966 quoque
3061 3896 3233 3950 frater
3247 3893 3680 3951 Bladisthlabus

2043 3985 2401 4056 Stephanum
2429 3985 2691 4040 imitatus
2712 3985 2784 4039 ad
2806 3984 3136 4039 Manuelem
3168 4001 3231 4040 se
3261 3982 3527 4051 contulit,
3561 3999 3678 4039 non

2042 4079 2161 4129 tam
2194 4073 2347 4145 quod
2381 4088 2415 4128 a
2444 4073 2618 4128 fratre
2649 4073 2843 4128 minus
2873 4088 3049 4144 quam
3084 4076 3354 4143 paresset
3383 4076 3682 4127 amaretur

2042 4169 2145 4218 aut
2173 4161 2414 4218 insidias
2428 4161 2675 4228 timeret,
2708 4177 2883 4232 quam
2899 4162 3055 4216 fama
3068 4177 3257 4217 rerum
3288 4160 3679 4217 secundarum

2043 4255 2237 4309 fratris
2266 4251 2541 4321 Stephani
2598 4251 2911 4322 impulsus.
2965 4251 3166 4322 Neque
3220 4266 3355 4307 vero
3418 4266 3520 4322 spe
3572 4267 3681 4307 sua

2043 4342 2357 4396 frustratus
2387 4344 2497 4406 est,
2532 4343 2633 4394 aut
2667 4337 2838 4393 aliter
2867 4340 2938 4393 ab
2966 4338 3317 4409 imperatore
3366 4343 3679 4408 susceptus

2041 4446 2219 4500 quam
2251 4444 2436 4500 genus
2466 4428 2594 4498 ejus
2624 4427 2884 4492 decebat,
2925 4427 3026 4483 sed
3059 4428 3259 4483 omnia
3287 4443 3356 4483 ex
3386 4426 3678 4483 sententia

390 4482 402 4503 ,
602 4482 613 4502 ,
654 4482 687 4497 .,
730 4482 754 4497 .-
794 4482 805 4496 .
873 4482 883 4491 .
996 4482 1010 4486 -
1085 4482 1092 4484 ἡ
1319 4482 1328 4495 .
1757 4482 1767 4490 .

274 4513 417 4588 ρείαν
473 4512 812 4584 τεινάμενος.
873 4513 969 4582 Τῷ
1026 4531 1112 4566 τοι
1170 4507 1285 4565 οὐδ’
1336 4510 1498 4571 αὐτὸς
1564 4511 1774 4581 ἐξέπεσε
1821 4515 1929 4566 τῶν

2040 4519 2322 4573 confecit:
2355 4533 2422 4571 ao
2453 4532 2691 4571 uxorem
2725 4532 2900 4586 quam
2956 4514 3153 4581 vellet,
3182 4515 3272 4570 vel
3329 4529 3398 4569 ex
3428 4515 3679 4583 impera-

274 4600 511 4657 ἐλπίδων
542 4604 576 4672 ἣ
638 4599 869 4673 ἀναξίως
918 4604 1016 4654 τοῦ
1056 4600 1245 4674 γένους
1303 4603 1381 4671 τῷ
1434 4599 1650 4673 βασιλεῖ
1704 4601 1926 4673 προσεί-

272 4690 504 4762 ληπται,
536 4688 687 4745 ἀλλά
716 4690 890 4743 πάντα
921 4689 972 4742 οἱ
1021 4688 1324 4759 ἀπηντήκει
1370 4687 1505 4743 κατά
1535 4682 1759 4746 σκοπόν.
1825 4689 1926 4745 Καὶ

263 4788 490 4856 γυναῖκα
544 4778 604 4835 δὲ
665 4780 732 4847 ἢν
790 4771 1064 4846 ἠϐούλετο
1122 4775 1431 4851 ἀγαγέσθαι,
1472 4775 1561 4830 καὶ
1613 4776 1813 4844 ταύτην
1869 4776 1930 4830 ὲκ

265 4869 552 4945 βασιλείου
612 4866 671 4923 ἅν
727 4865 932 4942 ἔγημεν
1002 4866 1255 4938 αἳματος.
1336 4862 1511 4921 Ἀλλά
1588 4864 1770 4939 γάμου
1831 4866 1924 4937 μὲν

256 4959 552 5035 ἀπέσχετο,
584 4957 678 5012 ’ἕνα
714 4956 792 5029 μὴ
851 4958 952 5019 τῆς
1010 4955 1064 5016 ἒς
1122 4951 1358 5028 πατρίδα
1415 4952 1714 5026 λαθόμενος
1770 4954 1926 5009 έπαν-

257 5046 389 5103 έδου
446 5049 514 5102 τὰ
571 5045 721 5103 οἶκοι
786 5041 1088 5118 διαφθεροῖ,
1144 5047 1224 5113 τῷ
1300 5039 1465 5113 λωτῷ
1521 5049 1619 5111 τῆς
1673 5044 1924 5117 γυναικὸς

252 5135 742 5211 προσηλούμενος.
782 5128 940 5185 Ἀλλ’
971 5133 1068 5185 οἷα
1121 5132 1189 5185 τὰ
1218 5131 1308 5185 ἐπὶ
1337 5130 1553 5186 τούτοις·
1597 5153 1611 5202 ;
1642 5130 1868 5202 τελευτᾷ
1897 5134 1924 5186 6

254 5232 359 5282 τῶν
391 5224 617 5285 Οῧννων
653 5220 762 5299 ρὴξ
794 5220 1023 5288 ’1ατζᾶς,
1056 5219 1146 5274 καὶ
1199 5220 1227 5274 6
1287 5223 1515 5283 θάνατος
1546 5222 1771 5294 ἥμερος,
1827 5223 1925 5290 τῆς

246 5318 458 5393 φύσεως
513 5315 545 5371 ὅ
604 5311 840 5369 ὲνέθεινε
899 5303 1155 5383 βάρϐιτον
1217 5307 1647 5384 ὑποχαλασάσης
1676 5316 1776 5379 τῆς
1828 5311 1927 5384 ἀρ-

2036 4606 2185 4661 toria
2214 4606 2416 4676 stirpe,
2448 4605 2659 4660 ducere
2688 4604 2739 4660 ei
2794 4602 3079 4659 licuisset.
3129 4601 3343 4659 Verum
3399 4601 3674 4673 conjugio

2038 4696 2345 4760 abstinuit,
2409 4712 2481 4749 ne
2526 4693 2686 4749 illius
2744 4693 3052 4749 blanditiis
3103 4691 3366 4748 irretitus
3410 4690 3674 4763 neglecto

2039 4784 2227 4839 reditu
2279 4783 2338 4837 in
2380 4781 2625 4853 patriam
2677 4782 2847 4838 rebus
2900 4780 3025 4837 suis
3072 4781 3266 4837 minus
3322 4779 3673 4838 consuleret.

2035 4873 2142 4927 Sed
2176 4872 2316 4943 quid
2343 4870 2455 4925 ﬁt?
2486 4870 2831 4925 Hunnorum
2885 4870 3003 4941 regi
3029 4868 3166 4925 lazze
3214 4869 3443 4942 placida
3491 4873 3678 4927 morte

2038 4960 2311 5016 defuncto
2341 4958 2672 5029 Stephanus
2704 4957 2934 5014 ﬁliusin
2954 4957 3281 5031 principatu
3312 4960 3678 5016 euccedit.At

2037 5049 2351 5119 imperator
2380 5064 2446 5103 eo
2459 5064 2596 5103 casu
2615 5046 2961 5112 delectatus,
2977 5048 3236 5119 initaque
3248 5049 3497 5118 ratione,
3521 5050 3674 5104 166

2036 5137 2085 5192 si
2101 5137 2442 5192 Hunnorum
2456 5136 2713 5207 satrapia
2726 5136 2799 5191 ad
2812 5136 3213 5207 Sthephanum
3230 5138 3465 5195 affinem
3480 5154 3677 5204 suum,

2036 5227 2278 5296 cuijure
2307 5224 2637 5294 deberetur,
2661 5227 2960 5294 transiret,
2978 5226 3238 5299 primum
3264 5226 3325 5282 id
3341 5228 3458 5283 sibi
3478 5226 3675 5299 gloria:

2039 5313 2178 5381 fore,
2240 5312 2451 5373 deinde
2508 5311 2768 5369 Romano
2830 5314 3077 5387 imperio
3143 5316 3387 5372 forsitan
3448 5314 3670 5386 aliquid

1622 5466 1817 5535 Hier.
1849 5467 2078 5534 wolfii
2111 5468 2322 5535 notae.

300 5626 423 5701 (83)
457 5601 930 5678 Βλαδίσθλαϐος.
964 5608 1027 5664 Id
1064 5609 1310 5666 fortasse
1341 5624 1552 5667 nomen
1590 5614 1700 5679 est,
1724 5626 1828 5684 pro
1850 5626 1925 5683 qu

2040 5627 2150 5667 unc
2184 5610 2509 5667 Ladlslaum
2543 5619 2846 5685 usurpant.
