4140 6290
469 315 589 374 467

1791 307 2100 369 NICET/E
2141 307 2560 368 CHONIATE

3760 309 3884 370 468

475 452 681 508 tributi
713 449 1670 518 accessurum,Zeugmiuocerteet
1695 443 2115 501 Franrochorio

2243 443 2431 518 μονίας
2456 442 2546 496 καὶ
2578 441 2916 514 διαλυσάσης
2943 445 3079 518 πρὸς
3133 441 3168 497 ἅ
3211 439 3300 497 καὶ
3341 441 3390 512 εξ
3431 442 3504 498 ὧν
3534 444 3885 502 συντέθειται.

478 545 621 602 citra
676 543 1127 598 controversiam
1183 542 1529 612 potiturum,
1597 541 1675 594 rei
1737 537 2110 594 conficiendis

475 634 722 690 intendit
753 636 1037 687 animum.
1071 631 1266 701 Legati
1308 631 1506 684 statim
1549 630 1618 684 ad
1683 631 1916 682 llunuos
1973 627 2110 680 mit-

471 727 697 790 tuntur,
732 721 833 793 qui
863 736 996 774 cum
1016 719 1100 774 eis
1132 720 1203 774 de
1231 735 1406 788 regno
1436 719 1506 773 ad
1538 718 1898 786 Stephanum
1927 720 2115 770 trans-

471 811 742 868 ferendo:
776 816 1015 881 agerent
1049 808 1220 880 paulo
1253 813 1386 879 post
1415 807 1543 878 ipse
1583 807 1888 862 Sardicam
1929 806 2108 860 venit.

468 901 662 957 Hunni
693 915 824 955 vero
849 900 920 954 ad
955 898 1206 970 primum
1234 899 1505 952 auditum
1523 915 1554 951 a
1579 896 1876 969 Stephano
1892 895 2108 950 abhor-

469 1002 712 1056 ruerunt
742 1002 798 1054 et
829 1013 1039 1052 nomen
1072 997 1198 1065 ejus
1229 1012 1378 1066 aegre
1402 995 1683 1062 tulerunt,
1723 1010 1856 1049 eum
1875 1008 1937 1048 se
1971 1007 2105 1046 cum

469 1089 542 1144 ob
574 1087 688 1144 alia
711 1086 1016 1159 repudiare
1035 1091 1386 1152 asserentes,
1412 1091 1538 1139 tum
1570 1084 1724 1155 quod
1786 1083 2108 1138 Romanam

470 1194 702 1235 uxorem
722 1177 981 1232 duxisset
1014 1193 1026 1232 :
1065 1175 1306 1231 minime
1325 1175 1482 1229 enim
1508 1191 1536 1229 e
1569 1190 1626 1228 re
1651 1191 1756 1228 sua
1772 1189 1896 1227 esse
1919 1172 2105 1226 virum

465 1269 771 1325 admittere
801 1270 1192 1321 Romanorum
1242 1263 1580 1336 imperatori
1639 1262 1925 1319 afﬁnitate
1967 1261 2108 1331 jun-

472 1361 673 1426 ctum;
719 1355 900 1412 vereri
959 1370 1021 1410 se
1079 1369 1150 1409 ne
1209 1352 1404 1408 Hunni
1465 1368 1570 1408 suo
1620 1350 1761 1423 regi,
1823 1366 1921 1405 rex
1980 1365 2108 1405 vero

469 1444 810 1518 imperatori
841 1444 1238 1499 Romanorum
1271 1443 1518 1514 pareret.
1550 1439 1654 1496 His
1669 1440 1740 1496 de
1779 1438 1975 1494 causis
2002 1453 2107 1492 nec

469 1535 766 1607 Stephano
815 1531 954 1588 illuc
1013 1532 1266 1604 profecto
1325 1530 1701 1598 studuerunt,
1755 1533 1811 1584 et
1884 1527 2109 1599 legatos

467 1622 840 1694 imperatoris
872 1622 1044 1678 rebus
1076 1619 1304 1677 infectis
1351 1619 1727 1675 dimiserunt.
1788 1618 1954 1674 Unde
1985 1617 2108 1672 Ste'

472 1713 666 1786 phano
682 1711 1005 1783 majoribus
1017 1709 1237 1766 viribus
1253 1708 1654 1778 cpitulandum
1672 1712 1856 1773 ratus,
1871 1706 2110 1763 Serdica

2221 545 2287 602 Ἥ
2347 535 2394 590 δ’
2458 534 2604 610 ἀρχὴ
2666 537 2753 591 ἐπὶ
2816 535 2906 590 τὸν
2962 533 3166 588 ἐκείνου
3225 527 3487 589 διαϐαίνει
3545 530 3715 591 παῖδα
3785 533 3880 589 τὸν

2223 630 2522 706 Στέφανον.
2559 627 2616 682 Ὀ
2649 622 2703 680 δὲ
2739 623 2995 699 βασιλεὺς
3026 623 3100 684 ὡς
3131 623 3191 676 έκ
3242 621 3397 696 ῥίζης
3456 623 3723 696 ἀνομοίου
3751 622 3880 698 φυέν

2220 743 2272 777 τι
2303 718 2610 774 κάλλιστον
2649 715 2711 769 τὸ
2739 713 2964 790 γεγονὸς
2995 712 3368 788 ἡγησάμενος,
3425 711 3514 766 καὶ
3562 713 3699 767 κατὰ
3750 717 3878 767 νοῦν

2219 807 2594 877 ἀναπολησας,
2657 806 2732 868 ὡς
2785 803 2831 857 εἱ
2889 803 3026 878 πρὸς
3084 802 3176 856 τὸν
3239 801 3322 855 ἐπ’
3378 801 3572 874 ἀνεψιᾷ
3629 797 3882 879 γαμϐρὸν

2221 902 2518 976 Στέφανον,
2547 895 2623 956 ὡς
2663 891 2822 964 δῆθεν
2855 893 2931 954 εἰς
2986 891 3167 966 ἀρχὴν
3225 887 3627 964 δικαιούμενον,
3677 894 3711 960 ἡ
3772 897 3881 946 τῶν

2219 988 2436 1046 Οὒννων
2476 979 2746 1058 μεταϐαίη
2781 982 3161 1056 σατράπευσις,
3222 979 3386 1055 σχοίη
3445 978 3506 1034 ἄν
3575 981 3644 1035 τὰ
3688 985 3881 1054 πρῶτα

2219 1075 2385 1137 κλέος
2450 1074 2636 1142 αὐτὸς,
2697 1069 2880 1126 ἔπειτα
2937 1071 2972 1138 ἢ
3043 1067 3296 1142 βασιλεία
3349 1069 3636 1141 Ῥωμαίων
3715 1069 3880 1144 μέρος

2221 1167 2359 1226 ἴσως
2411 1163 2617 1226 ἐκεῖθεν
2675 1159 2908 1234 δασμοῦ,
2961 1157 3021 1214 ἐκ
3067 1162 3166 1213 τοῦ
3224 1157 3618 1233 ἀναντιρῥητου
3675 1155 3725 1212 δ’
3791 1157 3883 1214 οὖν

2217 1252 2438 1332 ἀσφαλῆ
2491 1254 2592 1321 τήν
2651 1253 2748 1305 τοῦ
2795 1248 3094 1322 Ζευγμίνοο
3132 1247 3224 1302 καὶ
3279 1250 3376 1302 τοῦ
3431 1249 3877 1324 Φραγγοχωρίου

2216 1362 2571 1417 κατάσχεσιν,
2630 1339 2884 1394 συντείνει
2939 1339 3002 1392 τὸ
3060 1336 3340 1412 πρόθυμον
3425 1337 3562 1411 πρὸς
3616 1338 3717 1406 τὴν
3763 1343 3870 1393 τῶν

2219 1434 2610 1508 σκοπουμένων
2643 1429 3011 1505 ἐκπλήρωσιν.
3045 1429 3148 1486 Καὶ
3202 1429 3354 1503 εἶχεν
3404 1427 3557 1492 εὐθὺς
3615 1429 3747 1492 τοὺς
3781 1431 3875 1504 μὲν

2217 1519 2477 1602 πρέσϐεις
2516 1523 2550 1590 ἡ
2585 1525 2692 1576 τῶν
2731 1516 2947 1576 Οὔννων
2981 1519 3162 1594 χώρα,
3197 1519 3394 1580 οἳτινες
3454 1517 3638 1574 αὐτοῖς
3693 1539 3869 1575 κατα-

2221 1615 2442 1676 στάντες
2471 1607 2722 1683 ἤμελλον
2781 1604 3146 1678 ξυνδιαθέσθαι
3180 1607 3440 1682 Στεφάνῳ
3469 1606 3558 1662 τὸν
3612 1615 3716 1677 τῆς
3775 1608 3876 1683 ἀρ-

2219 1713 2331 1782 χῆς
2394 1702 2672 1781 στέφανον,
2735 1699 2869 1772 μετὰ
2924 1698 3105 1776 βραχὺ
3156 1695 3213 1753 δὲ
3275 1697 3434 1754 αὐτὸν
3509 1701 3544 1769 ἡ
3601 1697 3871 1776 Σαρδική.

467 1804 536 1858 ad
570 1801 699 1857 Istri
735 1802 913 1874 ripas,
962 1800 1345 1856 Branizobam
1378 1803 1434 1853 et
1473 1797 1883 1868 Belligradum,
1932 1796 2108 1867 proﬁ-

2225 1796 2414 1852 Οὗννοι
2452 1793 2546 1865 μὲν
2580 1789 2674 1844 οὗν
2718 1789 2809 1843 καὶ
2864 1789 3002 1863 πρὸς
3057 1788 3156 1858 τήν
3189 1788 3412 1862 πρώτην
3458 1788 3629 1859 ἀκοὴν
3661 1789 3879 1860 ἀπεπή-

473 1891 803 1960 ciscitur,et
819 1894 1084 1962 nepotem
1119 1889 1384 1944 Alexium
1416 1885 1957 1958 Contostephanum
1973 1901 2106 1940 cum

477 1982 656 2053 copiis
685 1981 954 2051 adjungit
983 1979 1132 2034 I67
1170 1977 1486 2048 Stephano.
1510 1975 1768 2042 Quicum
1792 1974 2111 2030 Chramum

474 2070 826 2135 tenuissent,
853 2084 954 2139 pro
979 2066 1128 2121 virili
1157 2070 1404 2137 egerunt
1433 2080 1499 2119 ea
1515 2080 1641 2136 quis
1667 2064 1735 2118 ad
1753 2080 1995 2135 regnum
2009 2064 2110 2118 ob-

473 2158 780 2214 tinendum
811 2155 1203 2228 pertinebant.
1238 2153 1512 2219 Quamvis
1545 2155 1742 2208 autem
1766 2158 2114 2208 Pannonum

474 2263 742 2320 proceres
773 2250 830 2301 et
860 2244 1266 2316 largitionibus
1297 2260 1363 2299 ac
1394 2242 1829 2298 adulationibus
1846 2259 2115 2298 corrum-

482 2342 688 2409 pereat
716 2340 773 2392 et
802 2335 1076 2399 maximis
1107 2333 1628 2406 pollicitationibus
1660 2332 2116 2399 inflarent,nihil

477 2435 671 2484 tamen
705 2423 1106 2495 proficiebant,
1139 2423 1534 2479 nisiutHunni
1565 2421 1960 2478 Bladisthlabo
1991 2423 2114 2478 Ste—

480 2515 660 2590 phani
691 2513 850 2570 fratri
883 2513 1270 2584 principatum
1301 2513 1612 2568 deferrent.
1647 2513 1769 2577 Quo
1801 2510 1970 2583 paulo
1985 2516 2118 2582 post

475 2605 748 2661 defuncto
763 2619 968 2658 rursus
981 2603 1053 2658 ad
1077 2602 1214 2657 lazaz
1231 2601 1414 2656 filium
1432 2601 1793 2672 Stephanum
1817 2601 2012 2656 Hunni
2036 2600 2121 2655 in-

477 2695 793 2751 clinarunt.
809 2694 966 2759 Quod
986 2693 1199 2747 factum
1221 2693 1908 2762 nequeimperatoraaquo
1923 2689 2119 2744 animo

485 2782 628 2838 tulit
661 2801 676 2842 ξ
704 2786 762 2836 et
792 2796 858 2835 eo
889 2779 1202 2850 adjuvante
1230 2779 1364 2834 Iazze
1396 2779 1576 2832 frater
1611 2777 1941 2848 Stephanus
1972 2776 2118 2832 nihil

481 2889 597 2927 non
631 2871 854 2941 agebat,
880 2869 929 2924 si
961 2885 1076 2940 quo
1103 2870 1274 2924 modo
1315 2884 1494 2938 regno
1545 2866 1852 2939 potiretur.
1917 2871 1992 2920 Ea
2049 2867 2120 2922 de

481 2978 660 3018 causa
674 2958 876 3014 multis
889 2958 1059 3014 bellis
1073 2957 1359 3025 conflatis,
1377 2972 1502 3012 cum
1517 2955 1834 3027 imperator
1850 2956 1980 3010 lazee
2001 2955 2120 3010 filio

483 3049 838 3118 Belee,quem
854 3045 1082 3116 imperii
1110 3060 1507 3100 successorem
1523 3045 1826 3114 designare
1842 3044 1897 3099 in
1917 3044 2120 3099 animo

479 3139 753 3203 habebat,
785 3136 1024 3192 Mariam
1041 3134 1217 3190 filiam
1237 3135 1664 3205 despondisset,
1699 3135 2121 3202 liunni,utom—

481 3228 592 3282 bus
623 3223 903 3278 molestiis
925 3229 983 3277 et
1013 3222 1287 3292 periculis
1333 3223 1674 3293 compendio
1733 3224 2118 3295 defungeren-

483 3319 602 3379 tur,
636 3311 888 3366 invisum
924 3310 1280 3380 Stephanum
1333 3311 1464 3365 doto
1523 3328 1728 3366 necare
1781 3312 2117 3369 instituunt.

484 3401 670 3464 Quam
704 3400 772 3454 ad
793 3415 1212 3454 remvenenum
1229 3400 1599 3469 aptissimum
1616 3401 1830 3468 visum,
1847 3402 1998 3471 quod
2021 3418 2122 3472 per

482 3489 820 3547 ministrum
853 3489 1165 3559 quemdam
1228 3490 1355 3557 ejus
1384 3489 1666 3544 Thomam
1709 3489 2120 3560 largitionibus

484 3586 822 3651 corrUptum
839 3578 923 3634 illi
941 3578 1364 3650 propinaretur.
1386 3580 1578 3634 lsvero
1592 3581 1853 3635 veneficii
1869 3581 2120 3653 insignis

485 3671 706 3739 artifex,
732 3686 762 3726 e
793 3685 899 3725 suo
930 3666 1162 3738 ingenio
1195 3665 1305 3722 alia
1336 3670 1561 3722 ratione
1591 3669 1950 3740 deprompta,
1984 3687 2118 3725 cum

484 3762 636 3819 108
655 3763 796 3818 forte
813 3759 1144 3831 Stephanus
1156 3774 1356 3813 venam
1376 3758 1925 3828 incidisset,veneno
1945 3764 2120 3816 ictum

483 3854 758 3918 inunxit;
792 3851 945 3922 quod
975 3849 1033 3904 in
1051 3854 1236 3904 totum
1259 3865 1473 3919 corpus
1503 3850 1802 3914 diffusum,
1841 3853 2123 3921 correptis

483 3942 774 4005 vitalibus,
810 3939 1102 3994 hominem
1137 3937 1402 3992 celeriter
1423 3939 1693 3993 confecit.
1745 3941 1927 4008 Cujus
1968 3941 2120 3994 inte-

485 4033 627 4088 ritus
648 4034 844 4100 aperto
873 4026 1130 4080 declarat
1160 4026 1462 4079 hominum
1508 4027 1888 4096 cogitationes
1931 4027 2124 4081 incer-

485 4127 576 4176 tas
598 4125 654 4172 et
676 4116 909 4170 fallaces
941 4130 1090 4180 esse,
1112 4131 1176 4168 ac
1203 4114 1516 4168 nonnullos
1548 4131 1615 4168 ea
1646 4115 1951 4186 sequiquae
1967 4131 2127 4171 asse-

486 4209 587 4279 qui
612 4208 920 4276 nequcnnt,
943 4210 1001 4256 et
1025 4205 1240 4257 frustra
1273 4206 1395 4257 suis
1431 4203 1534 4257 niti
1569 4205 1828 4258 consiliis
1857 4221 1920 4257 ac
1952 4221 2126 4259 cona-

487 4299 644 4352 tibus
676 4295 870 4350 divino
891 4293 1104 4348 auxilio
1140 4309 1253 4346 non
1282 4294 1660 4362 suffragante,
1715 4295 1963 4349 cadaver
1997 4298 2125 4365 ejus

485 4387 736 4444 lubridio
766 4383 1025 4440 habitum
1059 4382 1602 4454 sepulturaehonore
1633 4382 1842 4437 caruit.
1859 4384 2129 4456 Zeugmi-

487 4494 625 4534 num
658 4473 882 4530 Hunnis
923 4472 1278 4527 deditionem
1313 4471 1466 4526 fecit.
1499 4470 1601 4524 His
1643 4469 1960 4542 imperator
2024 4491 2125 4530 au-

488 4567 627 4624 ditis
657 4567 882 4620 Hunnis
910 4561 1126 4617 bellum
1163 4559 1388 4614 indicit.

2222 1883 2390 1954 δησαν
2421 1884 2516 1936 τοῦ
2553 1879 2845 1954 Στεφάνου,
2889 1877 2978 1932 καὶ
3024 1882 3143 1939 τοῖς
3203 1876 3304 1932 ὠσὶ
3367 1879 3579 1952 βαρέως
3633 1876 3878 1947 ἤκουσαν

2215 1975 2316 2042 τήν
2343 1972 2549 2026 τούτου
2581 1967 2971 2043 προσηγορίαν,
3005 1967 3092 2021 καὶ
3153 1964 3225 2020 δι’
3272 1965 3418 2022 ἄλλα
3457 1968 3551 2040 μὶν
3584 1970 3884 2042 φάσκοντες

2221 2060 2639 2132 ἀποπέμπεσθαι
2672 2061 2886 2118 τοῦτον,
2924 2055 3161 2129 μάλιστα
3193 2053 3248 2111 δὲ
3278 2053 3368 2111 διὰ
3423 2058 3485 2112 τὸ
3517 2061 3700 2132 γῆμαι
3727 2061 3878 2132 παρὰ

2219 2151 2535 2223 Ῥωμαίοις·
2599 2147 2788 2208 αὐτοῖς
2844 2145 2900 2199 δὲ
2955 2145 3270 2221 ἀσύμφορον
3308 2143 3456 2210 ὅλως
3512 2147 3646 2201 εἶναι
3703 2168 3881 2224 προσ-

2222 2241 2369 2302 έσθαι
2412 2235 2575 2312 ἃνδρα
2603 2235 2739 2290 κατὰ
2797 2231 2962 2302 κῆδος
3019 2237 3098 2306 τῷ
3144 2233 3363 2308 βασιλεῖ
3415 2234 3709 2308 Ῥωμαίων
3761 2258 3881 2292 συν-

2225 2327 2547 2400 απτόμενον·
2595 2319 2996 2387 ὑποϐλέπεσθαι
3053 2323 3154 2398 γὰρ
3215 2325 3290 2396 μή
3344 2345 3464 2386 πως
3521 2323 3718 2380 Οὗννοι
3781 2327 3881 2400 μὲν

2225 2419 2312 2475 ὑπ’
2341 2418 2506 2474 αὐτοῦ
2543 2415 2958 2492 βασιλεύωνται,
3019 2417 3104 2487 [Ρ.
3165 2415 3256 2487 84]
3287 2411 3446 2477 αυτὸς
3503 2411 3558 2470 δὲ
3617 2415 3724 2470 ὑπὸ
3780 2417 3880 2472 τοῦ

2221 2513 2330 2564 τῶν
2388 2507 2678 2579 Ῥωμαίων
2721 2501 2959 2579 ἄρχηται
3012 2503 3102 2558 καὶ
3161 2503 3410 2578 ὁρίζηται
3469 2503 3881 2580 βασιλεύοντος.

2225 2600 2324 2654 Διὰ
2353 2601 2522 2654 ταῦτα
2549 2595 2728 2650 τοίνυν
2761 2590 2884 2649 οὕτε
2910 2593 2991 2665 τῷ
3043 2593 3302 2670 Στεφάνῳ
3355 2593 3526 2649 ἑκεῖσέ
3580 2617 3678 2651 ποι
3755 2597 3885 2676 ἀφι-

2227 2688 2447 2762 κομένῳ
2477 2687 2846 2761 προσέκειντο,
2903 2681 2993 2738 καὶ
3047 2681 3174 2745 τοὺς
3233 2681 3568 2761 κατάγοντας
3623 2683 3786 2742 αὐτὸν
3819 2686 3880 2743 ἐκ

2231 2776 2504 2852 βασιλέως
2560 2774 2864 2849 ἀπράκτους
2920 2773 3172 2850 ἠφίεσαν.
3229 2773 3416 2837 Ἔνθεν
3477 2794 3564 2829 τοι
3629 2776 3722 2830 καὶ
3783 2773 3872 2832 διὰ

2231 2867 2476 2940 μείζονος
2537 2863 2727 2938 ἰσχύος
2785 2857 3148 2932 ἐπιϐοηθῆσαι
3208 2866 3290 2934 τῷ
3364 2863 3620 2939 Στεφάνῳ
3679 2861 3790 2920 δεῖν
3847 2868 3873 2922 ὁ

2230 2955 2488 3032 βασιλεὺς
2521 2953 2729 3024 οἰηθεὶς
2764 2952 2926 3013 αὐτός
2952 2971 3010 3006 τε
3063 2949 3124 3006 ὲκ
3179 2949 3450 3026 Σαρδικῆς
3510 2954 3719 3029 ἀπάρας
3751 2956 3873 3034 ἀφι-

2225 3051 2433 3101 κνεῖται
2464 3043 2600 3118 πρὸς
2629 3043 2699 3098 τὰ
2726 3041 3040 3115 παρίστρια,
3083 3037 3232 3116 λέγω
3300 3038 3366 3111 δὴ
3426 3041 3494 3096 τὰ
3551 3043 3684 3099 κᾶτὰ
3736 3045 3868 3118 βρα.

2228 3128 2483 3202 νίτζοϐαν
2524 3129 2616 3185 καὶ
2649 3125 2984 3204 Βελέγραδα,
3013 3128 3106 3183 καὶ
3134 3128 3226 3184 τὸν
3277 3126 3598 3208 ἀδελφιδοῦν
3631 3129 3867 3201 Ἀλέξων

2229 3223 2320 3277 τὸν
2377 3218 2811 3298 Κοντοστέφανον
2876 3215 3240 3290 συνεκπέμπει
3293 3223 3375 3291 τῷ
3433 3221 3683 3298 Στεφάνῳ
3739 3221 3873 3294 μετᾶ

2230 3311 2446 3385 ἰσχύος,
2489 3309 2543 3363 οἳ
2572 3308 2662 3362 καὶ
2693 3308 2767 3370 ὡς
2791 3307 2883 3362 τὸν
2917 3307 3142 3382 Χράμον
3169 3302 3498 3377 κατέλαϐον,
3529 3309 3604 3371 ὡς
3657 3311 3780 3380 ένῆν
3811 3310 3878 3366 τὶ

2228 3401 2364 3475 πρὸς
2396 3400 2574 3477 ἀρχὴν
2625 3395 3025 3472 διεπράττοντο,
3089 3396 3513 3470 ὑποποιούμενοί
3573 3420 3630 3454 τε
3679 3397 3879 3476 δώροις

2228 3489 2356 3551 τοὺς
2412 3491 2548 3562 μέγα
2605 3488 2748 3561 παρὰ
2822 3485 3011 3542 Παίοσι
3069 3483 3397 3560 δυναμένους
3474 3489 3566 3544 καὶ
3621 3489 3895 3564 κολακείᾳ

2233 3577 2652 3652 ὑποφθείροντες
2680 3575 2771 3630 καὶ
2831 3576 3152 3651 ὑποσχέσεσι
3215 3575 3496 3651 μεγίσταις
3555 3578 3889 3656 δπαίροντες¹

2231 3669 2516 3742 ἑπέραινον
2562 3663 2617 3720 δὲ
2674 3662 2830 3720 οὐδὲν
2887 3662 2923 3733 ἤ
2982 3664 3105 3719 ’ὁσον
3164 3662 3581 3723 Βλαδίοθλαϐον
3637 3670 3734 3724 τὸν
3798 3675 3897 3727 τοῦ

2236 3757 2510 3834 Στεφάνου
2541 3754 2869 3829 κασίγνητον
2927 3752 3153 3815 Οὕννους
3205 3753 3284 3817 είς
3325 3755 3568 3830 ἄρχοντα
3619 3754 3906 3829 δέξασθαι.

2233 3842 2414 3900 ’Δλλά
2451 3843 2541 3897 καὶ
2596 3843 2794 3898 τούτου
2851 3843 3060 3918 βραχύν
3091 3865 3215 3900 τινα
3257 3845 3460 3920 χρόνον
3492 3844 3900 3914 ὲπιϐιώσαντος

2231 3939 2300 4008 τῇ
2333 3933 2505 4010 ἀρχῇ,
2537 3933 2589 3994 ές
2647 3933 2736 3986 τὸν
2791 3936 2886 3986 τοῦ
2943 3933 3122 4002 ἰατζᾶ
3150 3933 3266 3988 υἱὸν
3311 3933 3580 4010 Στέφανον
3609 3939 3661 3992 οἱ
3694 3939 3894 3997 Οὗννοι

2233 4021 2398 4078 πάλιν
2453 4019 2846 4096 προσέρῥεψαν.
2933 4020 3089 4078 Ἀλλ’
3174 4021 3295 4078 οὕτε
3377 4023 3636 4099 βασιλεὺς
3704 4029 3902 4105 πράως

2235 4113 2430 4186 ἤνεγκε
2483 4112 2545 4165 τὸ
2603 4114 2848 4186 γεγονὸς,
2935 4113 3022 4167 καὶ
3087 4113 3115 4167 ὁ
3173 4118 3268 4168 τοῦ
3327 4115 3506 4186 Ἰατζᾶ
3555 4117 3904 4195 κασίγνητος

2236 4199 2500 4274 Στέφανος
2534 4198 2804 4276 βασιλέως
2835 4203 3226 4274 συναιρομένου
3273 4203 3444 4258 πάντα
3482 4206 3550 4274 ἧν
3623 4214 3907 4287 μηχανώ-

2239 4311 2423 4364 μενος,
2458 4290 2506 4344 εἲ
2535 4311 2651 4352 πως
2681 4297 2782 4360 τῆς
2833 4291 3014 4366 ἀρχῆς
3073 4290 3428 4362 ἐπιτεύζεται.
3499 4295 3740 4353 Πολλῶν
3809 4299 3904 4357 οὖν

2233 4378 2385 4436 ἕνεκα
2412 4381 2609 4437 τούτου
2667 4376 3095 4452 συμϐεϐηκότων
3154 4383 3441 4457 πολέμων,
3489 4387 3581 4441 καὶ
3636 4393 3736 4443 τοῦ
3809 4393 3910 4468 βα.

2239 4470 2436 4532 σιλέως
2465 4473 2554 4526 τὸν
2594 4473 2692 4525 τοῦ
2743 4472 2920 4540 Ἰατζᾶ
2975 4471 3090 4526 υἱὸν
3127 4473 3218 4527 τὸν
3275 4472 3448 4530 Βελᾶν
3505 4475 3584 4538 εἰς
3649 4476 3911 4556 γαμϐρὸν

2153 4549 2200 4614 Ῐ)
2231 4559 2564 4634 ἀνελομένου
2621 4559 2710 4614 έπὶ
2764 4561 2834 4632 τῇ
2878 4560 3104 4636 θυγατρὶ
3161 4561 3367 4618 ἐκείνου
3417 4565 3626 4641 Μαρίᾳ,
3818 4549 3909 4626 καὶ

488 4653 750 4732 διάδοχον
780 4659 885 4721 τῆς
939 4647 1218 4724 βασιλείας
1278 4643 1508 4720 ἐμελέτα
1564 4653 1814 4716 ποιῆσαι,
1877 4649 1930 4703 οἱ
1979 4655 2087 4706 τῶν
2135 4649 2353 4710 Οὕννων
2415 4651 2834 4722 ἀντικαθήμενοι
2901 4653 2980 4721 τῷ
3041 4651 3294 4730 Στεφάνῳ
3344 4652 3442 4716 τνές
3497 4657 3725 4729 πρώτας
3796 4665 3908 4716 τῶν

487 4743 726 4802 ἐλπίδων
787 4741 1118 4815 ἐκριζοῦντες
1183 4735 1422 4810 βλάςτας
1480 4735 1570 4790 καὶ
1639 4735 2058 4810 ἀποτέμνοντες,
2107 4741 2169 4796 τὸ
2230 4741 2288 4796 ἐκ
2343 4737 2612 4816 περιόδων
2668 4759 2728 4794 τε
2784 4736 2970 4811 ἔκείνῳ
3026 4741 3116 4794 καὶ
3174 4739 3392 4798 κύκλων
3478 4751 3700 4819 μακρῶν
3754 4748 3910 4804 ἀντι-

487 4837 742 4908 πράττειν
798 4827 1162 4888 ἄπολιπόντες
1211 4825 1300 4880 καὶ
1360 4827 1581 4888 ἑαυτοὺς
1640 4827 1977 4904 πραγμάτων
2063 4829 2503 4906 ἀλλοτριοῢντες,
2599 4823 2835 4905 ἔγνωσαν
2896 4827 3142 4885 ἐκποδὼν
3198 4834 3525 4904 ποιήσασθαι
3588 4832 3744 4910 δόλῳ
3813 4840 3906 4895 τὸν

489 4922 704 4995 ἀπεχθῆ
759 4918 1048 4989 Στέφανον.
1131 4915 1227 4972 Διά
1274 4921 1442 4970 ταῦτα
1499 4917 1597 4984 τήν
1659 4919 2113 4990 φαρμακοποσῖαν
2179 4919 2499 4996 ἐπῃνεκὸτες
2570 4921 2644 4982 ὡς
2702 4919 2998 4995 πρόχειρον
3067 4925 3210 4990 ζωῆς
3263 4925 3700 5000 κατευνάστριαν,
3812 4949 3906 4984 πε-

492 5011 808 5090 ριεσκόπουν
857 5009 948 5062 τὸν
1002 5011 1101 5077 τήν
1163 5011 1537 5086 θανατηφόρον
1593 5011 1792 5064 κύλικα
1849 5015 1929 5082 τῷ
1988 5013 2243 5090 Στεφάνῳ
2294 5017 2409 5072 τοῖς
2473 5007 2762 5070 δακτύλοις
2841 5009 3138 5084 ὀχήσονται.
3199 5012 3287 5073 Ὠς
3337 5009 3382 5065 δ’
3459 5013 3614 5090 εὗρον
3647 5015 3904 5093 ὑποδρη-

489 5104 660 5177 στῆρά
689 5119 810 5154 τινα
864 5102 960 5151 τοῦ
1031 5097 1308 5171 Στεφάνου
1342 5103 1536 5171 Θωμᾶν
1577 5099 1890 5174 λεγόμενον,
1921 5098 2147 5171 ἔστησαν
2176 5105 2267 5158 τὸν
2332 5113 2542 5176 μισθον,
2578 5099 2735 5158 Οὖτω
2763 5096 2810 5154 δ’
2837 5101 2902 5168 ἦν
2937 5098 3190 5170 ὀξύτατος
3229 5099 3433 5166 ἐκεῖνος
3462 5105 3552 5158 καὶ
3586 5101 3902 5169 δεινότατος

490 5194 776 5270 ἀνθρώπου
807 5187 1108 5243 καταλῦσαι
1163 5189 1305 5256 ζωήν
1365 5191 1454 5243 καὶ
1509 5191 1762 5261 σώματος
1823 5187 2107 5256 διαστῆσαι
2165 5195 2372 5272 ψυχὴν,
2428 5195 2654 5264 πονηρῷ
2703 5186 2880 5265 κέρδει
2930 5195 3092 5264 χεῖρα
3160 5191 3442 5267 ὑποσχὼν,
3505 5195 3578 5256 ὡς
3612 5196 3702 5252 καὶ
3750 5198 3904 5253 οἶκο-

492 5283 992 5357 οενπροσεφευρεῖν
1056 5276 1238 5352 ἑτέραν
1299 5275 1522 5350 μέθοδον
1585 5276 1656 5333 δι’
1713 5281 1780 5349 ἧς
1841 5279 1916 5342 εἷς
1975 5278 2107 5351 ᾅδου
2179 5281 2372 5356 τάχιον
2433 5279 2832 5349 καταχθήσεται
2900 5275 3184 5356 Στέφανος.
3257 5280 3480 5354 ,Δμέλει
3540 5282 3629 5338 καὶ
3686 5283 3744 5340 ἐν
3826 5291 3908 5358 τῷ

491 5369 904 5446 ἐξαιματοῦσθαι
963 5367 1060 5434 τήν
1147 5363 1320 5442 φλέϐα
1393 5372 1471 5438 τῷ
1527 5368 1778 5446 Στεφάνῳ
1862 5369 2142 5446 έγχρίεται
2191 5373 2462 5450 φαρμάκῳ
2519 5370 2581 5424 τὸ
2635 5367 2868 5441 ἐπίθεμα
2919 5374 3018 5437 τῆς
3075 5375 3277 5440 τομῆς·
3337 5371 3398 5426 τὸ
3456 5369 3511 5426 δὲ
3568 5371 3690 5447 ὅλῳ
3740 5395 3904 5450 περι..

493 5464 653 5542 χυθὲν
707 5463 785 5531 τῷ
844 5455 1056 5528 σώματι
1114 5456 1201 5508 καὶ
1262 5453 1558 5529 διαδραμὸν
1615 5459 1703 5511 καὶ
1759 5465 1874 5522 τοῖς
1931 5459 2312 5534 καιριωτέροις
2380 5458 2648 5532 ἐνσκῆψαν
2706 5457 2920 5533 μέρεσιν
2988 5455 3184 5533 ἀπάγει
3243 5462 3338 5513 τοῦ
3398 5463 3494 5534 ζῇν
3547 5462 3640 5518 τὸν
3683 5463 3904 5537 ἀνορω-

493 5575 618 5622 πον,
676 5547 992 5622 πράγμασιν
1048 5541 1232 5604 αὐτοῖς
1325 5549 1504 5621 σαφῶς
1588 5547 1994 5622 πιστωσάμενον
2080 5549 2175 5612 τὰς
2258 5554 2365 5604 τῶν
2447 5545 2746 5622 ἀνθρώπων
2817 5544 3055 5607 ἐπινοίας
3117 5546 3482 5627 ἀκροσφαλεῖς
3534 5551 3626 5606 καὶ
3680 5549 3902 5622 δειλὰς,

493 5645 584 5702 καὶ
632 5639 706 5702 ὡς
763 5635 882 5708 εἰκῇ
939 5633 1024 5688 καί
1090 5635 1265 5708 μάτην
1331 5635 1450 5698 τοῖς
1512 5632 1800 5712 ἀκιχτςτοις
1869 5635 2184 5716 ἐγχειροῦσί
2239 5660 2381 5702 τινες
2439 5636 2650 5716 ἐφετοῖς
2707 5635 2799 5692 καὶ
2849 5632 3227 5692 διαπονοῦνται
3255 5643 3372 5702 τοῖς
3427 5637 3654 5705 οἰκείοις
3699 5639 3907 5713 ἐπιτη-
