4140 6290
302 262 426 323 469
1388 259 1489 318 DE
1531 256 1922 319 MANUELE
1966 255 2346 320 COMNENO
2389 262 2546 325 LIB.
2593 262 2691 325 IV.
3614 265 3735 325 4'10

307 389 577 466 δεῦμασι,
614 388 690 464 μὴ
718 388 808 445 καὶ
835 391 1019 460 θεΐκῆς
1051 391 1533 470 συνεφαπτομένης
1565 392 1757 472 χειρὸς
1787 389 1990 446 ἄνωθεν
2017 389 2107 445 καὶ
2137 396 2255 455 τοῖς
2286 396 2684 470 πραττομένοις
2714 394 3114 470 ἐπευδοκούσης
3155 396 3243 453 καὶ
3296 398 3731 469 κατευθυνούσης

309 484 387 539 τὰ
420 483 638 538 τούτων
671 475 957 536 διαϐοόλιά
991 502 1050 536 τε
1077 482 1167 537 καὶ
1201 477 1538 555 διαϐήματα.
1582 481 1679 536 Καὶ
1712 482 1740 536 ὁ
1766 481 1858 555 μὲν
1888 477 2064 534 ’ἐκειτο
2105 480 2297 549 οὕτως,
2330 484 2421 539 καὶ
2454 486 2520 555 ἦν
2554 488 2581 541 ὁ
2612 488 2800 563 νεκρὸς
2858 489 3024 543 αὐτοῦ
3075 482 3428 564 ὑϐριζόμενος
3456 487 3545 543 καὶ
3582 488 3733 552 ὁσίας

322 570 591 646 ἄμοιρος,
633 570 808 624 καὶτὸ
837 569 1136 646 Ζεύγμινον
1171 571 1277 628 ὑπὸ
1305 569 1518 630 Οῧννων
1548 569 1820 647 ὁμολογίᾳ
1849 566 2079 626 ἑάλωκε.
2127 569 2307 624 Ταῦτα
2364 570 2439 634 ὡς
2489 571 2760 641 ήνώτιστο
2823 572 3101 647 βασιλεὺς,
3159 573 3296 629 κατὰ
3344 577 3453 627 τῶν
3515 571 3733 630 Οὕννων

312 663 584 736 κηρύσσει
618 658 886 732 πόλεμον.

392 749 467 823 β’.
492 748 627 804 Ὃτε
652 746 745 801 καὶ
776 745 1123 820 Ἀνδρόνικος
1152 746 1316 804 πάλιν
1374 745 1617 823 ἀποδρὰς
1656 749 1746 804 καὶ
1803 767 1972 822 παρα-

2161 752 2213 804 2.
2245 753 2365 806 Sub
2425 751 2481 805 id
2533 755 2768 822 tempus
2827 752 3196 808 Andronicus
3258 754 3450 809 denuo
3502 768 3733 809 carcere

321 838 621 913 γενόμενος
683 837 762 900 είς
821 835 1086 906 Γάλιτζαν
1143 836 1340 904 ἐκεῖθεν
1406 839 1760 911 ἐπανέζευξεν.
1824 839 1980 895 Ἒστι

330 926 447 997 δέἡ
481 925 721 994 Γάλιτζα
754 924 853 998 μία
910 926 1019 981 τῶν
1073 929 1220 1002 παρά
1280 933 1397 990 τοῖς
1453 929 1590 991 Ῥὼς
1637 931 1982 1002 τοπαρχιῶν,

326 1014 415 1078 οὕς
448 1016 537 1070 καὶ
584 1014 793 1078 Σκύθας
848 1017 932 1088 [Ρ.
993 1018 1084 1089 85]
1133 1011 1523 1091 Ὑπερϐορέους
1580 1016 1754 1094 φασίν.
1813 1018 1874 1074 Ὁ
1930 1013 1986 1072 δὲ

326 1105 530 1181 τρόπος
558 1110 661 1173 τῆς
696 1109 875 1181 φυγῆς
925 1103 994 1173 ἦν
1027 1102 1211 1166 οὗτος.
1251 1105 1552 1161 Πλάττεται
1581 1106 1672 1161 τὸν
1700 1109 1981 1176 νοσοῦντα,

321 1196 411 1250 καὶ
444 1193 747 1269 προκοίτου
778 1190 972 1253 παιδὸς
1033 1194 1107 1256 εἷς
1164 1216 1260 1259 τας
1316 1198 1633 1269 σωματικὰς
1690 1194 1985 1270 ὑπηρεσίας

326 1282 696 1357 ηὗμοιρηκὼς
724 1279 1081 1353 ἀλλοεθνοῦς,
1120 1282 1210 1338 καὶ
1266 1284 1463 1339 τούτου
1519 1285 1608 1339 καὶ
1664 1286 1730 1339 τὰ
1797 1282 1984 1339 πολλᾶ

319 1379 427 1443 τῆς
480 1371 748 1446 ἡμετέρας
805 1369 1091 1427 διαλέκτου
1148 1372 1789 1451 παραγραμματίζοντος,
1860 1374 1979 1430 ἐπι-

319 1462 551 1531 σκήπτει
582 1460 786 1533 τούτῳ,
829 1459 944 1515 ἐπεὶ
980 1460 1069 1515 καὶ
1105 1463 1253 1535 μόνῳ
1306 1463 1413 1517 ἀπὸ
1470 1463 1688 1518 πάντων
1750 1466 1784 1532 ἡ
1843 1464 1981 1538 πρὸς

314 1551 418 1619 τὴν
452 1551 691 1628 φρουρὰν
757 1551 933 1605 ἀνεῖτο
990 1549 1222 1625 εἷ’σοδος,
1287 1549 1574 1632 ὑφελέσθαι
1634 1551 1807 1627 λάθρα
1884 1552 1979 1615 τάς

314 1637 472 1701 κλεῖς
509 1643 619 1696 τῶν
679 1643 777 1695 τοῦ
806 1640 1013 1716 πύργου
1066 1641 1280 1711 πυλῶν,
1334 1644 1498 1698 ὁπότε
1553 1643 1689 1720 πρὸς
1720 1643 1982 1718 ἡμερινὸν

316 1728 487 1783 ὕπνον
523 1728 576 1782 o't
634 1726 872 1805 φύλακες
923 1728 1214 1805 τράποιντο
1267 1727 1641 1807 δαψιλεστὲρῳ
1700 1729 1983 1806 χρησάμε-

314 1837 396 1873 νοι
458 1820 540 1887 τῷ
597 1819 779 1887 ποτῷ,
828 1818 918 1871 καὶ
949 1822 1105 1893 κηρῷ
1167 1817 1495 1892 ἔκμάξασθαι
1546 1820 1745 1882 ταύτας
1777 1820 1853 1883 εἰς
1916 1821 1980 1875 τὸ

318 1906 658 1975 εὖτόπωτον,
747 1906 821 1967 ὡς
878 1908 956 1979 τῷ
1031 1906 1328 1983 ἀρχετύπῳ
1386 1909 1521 1964 εἶναι
1574 1909 1637 1965 τὸ
1684 1908 1977 1985 ἐκμαγεῖον

315 1992 454 2051 κατά
509 1997 614 2047 πᾶν
678 1994 914 2072 ἐμφερὲς
971 1993 1062 2049 καὶ
1130 1995 1445 2070 εἰκασμένον
1526 1998 1662 2073 πρὸς
1738 1994 1978 2070 ἷ’νδαλμα

2089 839 2321 912 elapsus
2353 842 2607 896 Galizam
2644 842 2950 914 confugit:
2985 843 3083 899 sed
3117 859 3231 899 non
3252 843 3350 898 diu
3379 843 3460 899 ibi
3492 842 3727 900 mansit.

2088 928 2189 984 Est
2217 932 2413 985 autem
2447 929 2639 985 Galiza
2670 929 2975 1001 toparchia
3003 929 3342 1000 Bessorum,
3375 930 3476 1001 qui
3507 937 3562 985 et
3591 929 3732 1003 Scy-

2088 1016 2199 1073 thae
2229 1018 2578 1090 Hyperborei
2612 1018 3180 1091 appellantur.Fugm
3212 1019 3360 1076 ratio
3386 1019 3727 1090 hujusmodi

2087 1106 2215 1162 fuit.
2272 1108 2538 1163 Morbum
2597 1108 2785 1179 ﬁngit,
2818 1124 2887 1165 ac
2946 1124 3124 1180 puero
3182 1108 3509 1181 peregrino,
3558 1109 3730 1179 cujus

2087 1212 2259 1268 opera
2324 1198 2379 1251 in
2444 1199 2701 1269 corporis
2768 1197 3106 1254 ministeriis
3173 1202 3455 1264 uteretur,
3517 1196 3727 1270 linguas

2086 1287 2365 1341 nostratis
2397 1303 2513 1341 non
2541 1287 2684 1341 satis
2715 1302 2919 1358 gnaro,
2953 1288 3054 1343 sed
3121 1287 3212 1342 cui
3273 1286 3382 1344 soli
3413 1286 3489 1343 ad
3525 1290 3725 1342 custo-

2087 1375 2245 1431 diam
2278 1374 2513 1446 patebat
2541 1376 2757 1443 aditus,
2784 1376 3023 1430 mandat
3054 1380 3116 1430 ut
3148 1374 3340 1431 claves
3370 1373 3548 1430 turris
3578 1375 3727 1430 clam

2086 1463 2386 1536 surripiat,
2443 1478 2577 1520 cum
2632 1463 2837 1536 vigiles
2896 1463 3120 1536 largius
3160 1464 3276 1535 poti
3339 1463 3729 1520 meridianum

2086 1569 2360 1610 somnum
2393 1553 2647 1625 capiant,
2680 1568 2895 1624 easque
2927 1570 3054 1609 cera
3085 1553 3360 1625 exquisite
3417 1553 3726 1625 exprimat.

2084 1643 2237 1698 109
2273 1641 2548 1698 Servulus
2598 1643 2770 1713 jussa
2826 1642 3183 1714 exsequitur,
3222 1641 3476 1698 clavium
3534 1658 3725 1697 exem-

2083 1733 2246 1804 plum
2279 1732 2592 1788 Andronici
2614 1734 2789 1804 jussu
2821 1732 3072 1788 Manueli
3105 1732 3223 1789 filio
3256 1733 3384 1803 ejus
3445 1732 3723 1797 ostendit,

2084 1831 2144 1878 ut
2174 1839 2349 1895 quam
2378 1821 2788 1894 primumtales
2820 1821 3220 1890 fabricaretur,
3242 1829 3294 1877 et
3318 1821 3372 1876 in
3389 1820 3722 1892 amphoras,

2083 1913 2298 1985 quibus
2325 1915 2495 1985 potus
2527 1912 2596 1968 ad
2629 1912 2940 1984 prandium
2976 1912 3241 1981 ferretur,
3290 1910 3476 1966 lineos
3523 1910 3716 1976 lunes,

2081 2002 2309 2074 glomos
2366 2005 2424 2057 et
2475 2001 2574 2056 ﬁla
2652 2003 2854 2057 tenuia
2905 1999 3159 2071 conjicit.
3218 2000 3292 2056 Eo
3348 1998 3592 2055 consilio
3649 2000 3718 2055 ad

316 2080 767 2158 ἀπαράλλακτον.
830 2087 938 2157 Δρᾷ
1015 2084 1077 2138 τὸ
1162 2082 1498 2160 ἀνδράποδον
1584 2087 1650 2142 τὰ
1734 2101 1972 2161 προστα-

2080 2093 2295 2148 exitum
2330 2091 2610 2163 perducto
2643 2089 2900 2146 claustra
2922 2093 3095 2145 noctu
3128 2089 3495 2161 aperiuntur,
3527 2102 3724 2144 carcer

317 2174 541 2249 χθὲντα,
575 2172 779 2249 εἰσάγει
815 2169 1148 2247 Ἀνδρονίκῳ
1203 2175 1270 2229 τὰ
1325 2177 1433 2230 τῶν
1493 2175 1759 2252 κλείθρων
1817 2174 1971 2252 ἴχνη.

321 2263 384 2320 Ὁ
415 2260 473 2317 δὲ
502 2265 583 2333 τῷ
612 2258 955 2336 παιδαρίσκῳ
987 2261 1308 2335 ὑποτίθησιν
1365 2263 1655 2343 ἐμφανίσαι
1703 2271 1869 2321 ταῦτα
1896 2269 1975 2338 τῷ

316 2352 420 2423 υἱῷ
450 2349 661 2405 ἐκείνου
700 2355 783 2423 τῷ
805 2349 1083 2423 Μανουήλ,
1115 2352 1202 2406 καὶ
1234 2353 1402 2408 εἰπεῖν
1449 2354 1526 2416 ὡς
1585 2352 1667 2409 δεῖ
1719 2356 1818 2424 τὴν
1874 2376 1972 2410 τα-

318 2441 524 2515 χίστην
568 2444 798 2495 τοιαῦτα
829 2439 1256 2518 χαλκεύσασθαι,
1318 2444 1386 2497 οὗ
1444 2446 1612 2498 ταῦτα
1658 2441 1716 2499 δὲ
1783 2444 1971 2516 μόνον,

317 2529 466 2585 ἀλλά
491 2529 588 2584 κάν
619 2534 735 2591 τοῖς
766 2530 1070 2607 ἀμφορεῦσι
1102 2535 1209 2585 τῶν
1270 2529 1451 2602 οἷ’νων,
1501 2531 1653 2608 ο⁹ίπερ
1708 2532 1857 2606 αὖτῷ
1909 2533 1972 2588 τὸ

312 2624 414 2674 τοῦ
448 2619 671 2691 ἀρίστου
703 2618 951 2695 στέγουσι
981 2621 1152 2694 πόμα,
1204 2618 1499 2697 παραϐύειν
1559 2622 1618 2678 ἐκ
1674 2620 1830 2678 λίνου
1887 2643 1974 2678 νε-

319 2710 569 2781 νησμὲνα
594 2705 840 2763 καλώδια
869 2708 959 2763 καὶ
1008 2707 1268 2784 ἀγαθίδας
1325 2711 1414 2767 καὶ
1467 2710 1664 2788 κρόκας
1718 2713 1807 2765 καὶ
1862 2733 1973 2785 μη-

319 2798 539 2871 ρίνθους
566 2795 785 2859 λεπτάς,
832 2799 920 2859 Ὠς
978 2795 1024 2853 δ’
1073 2798 1193 2877 εἶχε
1250 2798 1417 2875 πέρας
1483 2801 1547 2856 τὰ
1611 2799 1970 2876 βουληθέντα,

324 2886 748 2942 ἀναπτόσσονται
802 2889 863 2943 τὰ
917 2888 1148 2964 κλεῖθρα
1190 2892 1412 2959 Ὧυκτὸς,
1469 2893 1532 2946 τὸ
1593 2888 1971 2966 δεσμωτήριον

320 2974 689 3052 ἀπραγμόνως
755 2977 1195 3034 ἀναπετάννυται·
1288 2982 1315 3035 ὁ
1381 2986 1511 3043 παῖς
1598 2982 1858 3056 ὑπουργεῖ
1908 2983 1970 3037 τὸ

311 3059 491 3140 ἔργον,
550 3066 675 3137 παρ’
741 3063 1093 3143 Ἀνδρονίκου
1153 3064 1337 3123 λαϐὼν
1412 3070 1475 3125 τὸ
1543 3067 1853 3144 ἐνδόσιμον·
1941 3073 1969 3126 ὁ

315 3151 672 3228 Ἀνδρόνικος
730 3151 894 3226 ἔξεισι
938 3156 1006 3211 τὰ
1062 3156 1186 3212 λίνα
1242 3160 1420 3236 φέρων
1473 3161 1525 3214 ὲν
1578 3165 1697 3217 ταῖν
1758 3164 1966 3236 χεροῖν.

315 3242 526 3299 Γίνεται
595 3241 686 3298 οὖν
748 3242 899 3316 αὒτῷ
949 3245 1011 3300 τὸ
1073 3247 1394 3322 κατάντημα
1447 3255 1548 3318 τῆς
1603 3249 1724 3305 τότε
1778 3251 1968 3313 νυκτὸς

316 3328 523 3407 χόρτος
581 3332 910 3413 ἀμφιλαφής
966 3335 1090 3410 περί
1155 3357 1260 3391 που
1314 3338 1380 3392 τὰ
1433 3332 1605 3393 ἄϐατα
1665 3340 1801 3414 μέρη
1858 3345 1967 3396 τῶν

2082 2181 2226 2237 citra
2257 2181 2510 2237 laborem
2546 2184 2724 2252 patet.
2775 2178 3151 2236 Andronicus
3202 2179 3361 2250 pueri
3405 2176 3726 2234 ministerio

2079 2270 2289 2341 evadit,
2326 2270 2618 2325 tuniculos
2680 2268 2954 2324 manibus
3013 2272 3270 2341 gestans.
3308 2272 3385 2323 Ea
3441 2270 3611 2323 nocte
3669 2266 3727 2320 in

2079 2360 2259 2416 denso
2292 2364 2348 2415 et
2383 2358 2500 2415 alto
2532 2358 2731 2431 palatii
2754 2359 3042 2431 gramine,
3072 2374 3185 2429 quo
3213 2373 3384 2412 nemo
3415 2357 3577 2413 adire
3635 2371 3728 2412 so-

2079 2447 2255 2517 lebat,
2289 2449 2348 2503 in
2381 2448 2532 2504 diem
2570 2464 2751 2518 usque
2781 2448 3021 2502 tertium
3055 2445 3377 2502 delitescit:
3412 2444 3728 2516 inquisito-

2084 2536 2248 2593 ribus
2270 2536 2531 2607 deceptis
2560 2540 2616 2589 et
2640 2536 2765 2606 jam
2800 2532 3401 2605 defatigatis,funibus
3425 2549 3528 2604 pro
3553 2531 3726 2587 scalis

2080 2641 2225 2682 usus
2255 2640 2358 2697 per
2387 2623 2599 2678 moenia
2622 2640 2684 2678 se
2707 2622 2981 2692 demittit,
3005 2621 3330 2678 naviculam
3361 2619 3725 2687 conscendit,

2078 2730 2202 2785 quas
2234 2730 2301 2768 ex
2331 2712 2648 2784 composito
2681 2712 2737 2766 in
2767 2710 2960 2768 littore
2988 2710 3141 2765 inter
3183 2709 3507 2781 crepidines
3539 2707 3720 2762 mari-

2076 2801 2221 2858 timo
2255 2803 2417 2857 urbis
2439 2817 2604 2856 muro
2626 2801 2695 2855 ad
2730 2800 3112 2872 frangendum
3129 2797 3717 2867 undarumimpetum

2079 2892 2412 2962 interjectas
2429 2890 2747 2946 ﬂuctuabat
2772 2893 3179 2959 :nautse,aquo
3192 2884 3718 2955 vehebatur,Cbry-

2079 2980 2261 3052 sepeli
2295 2986 2746 3051 cognomentum
2786 2985 2927 3032 eral.
2958 2977 3067 3032 Sed
3100 2992 3233 3031 cum
3282 2974 3376 3029 vix
3405 2990 3475 3029 ex
3497 2989 3562 3029 eo
3593 2971 3719 3029 loco

2078 3069 2391 3125 solvissent
2423 3068 2517 3123 ubi
2550 3067 2802 3123 Joannes
2842 3067 2987 3121 I70
3011 3065 3290 3121 Zimisces
3321 3070 3515 3136 sporta
3544 3066 3721 3117 attra-

2078 3165 2206 3216 ctus
2230 3158 2618 3231 Nicephorum
2654 3156 2902 3212 Phocam
2933 3159 3107 3211 noctu
3166 3153 3478 3226 oppressit,
3511 3167 3720 3225 parum

2078 3251 2263 3307 abfuit
2292 3249 2433 3322 quin
2469 3247 2832 3303 Andronicus
2895 3251 2997 3302 aut
3052 3244 3421 3319 gravioribus
3475 3242 3722 3300 vinculis

2078 3344 2135 3397 et
2192 3340 2426 3395 duriore
2487 3354 2714 3394 carcere
2775 3336 3300 3407 constringeretur,
3335 3342 3437 3391 aut
3466 3333 3578 3390 sibi
3610 3332 3721 3405 ipsi

319 3420 631 3498 ἂνακτόρων
709 3424 861 3500 φυείς
935 3425 1024 3479 καὶ
1091 3426 1167 3488 εἷς
1253 3425 1390 3501 ὕψος
1451 3426 1799 3504 ἀναδραμὼν.
1859 3432 1962 3487 Καὶ

2080 3446 2292 3485 manus
2324 3429 2572 3497 afferret,
2608 3431 2670 3482 ut
2702 3425 2997 3481 diuturnis
3042 3424 3327 3480 molestiis
3353 3423 3719 3479 liberaretur.

312 3510 438 3587 περῖ
500 3508 752 3588 δευτέραν
822 3509 879 3567 δὲ
956 3516 1043 3569 καὶ
1100 3515 1291 3591 τρίτην
1346 3515 1554 3593 ἡμέραν
1634 3524 1752 3581 ταῖς
1805 3521 1965 3583 πὸαις

312 3599 669 3674 ἒνειλημένος
725 3600 855 3663 τοὺς
917 3599 1146 3666 διώκτας
1214 3602 1525 3664 ἐλάνθανεν.
1597 3608 1685 3669 Ὠς
1744 3606 1801 3663 δὲ
1849 3606 1971 3671 ἅλις

313 3690 473 3763 εἶχον
506 3692 559 3744 οἱ
591 3688 854 3769 διφῶντες
883 3699 983 3762 τῆς
1016 3695 1149 3748 κατά
1202 3693 1269 3749 τὰ
1322 3694 1522 3769 ἀρχεῖα
1551 3695 1791 3770 ἐρεύνης,
1853 3695 1974 3753 δια-

305 3779 529 3850 τίθησιν
563 3777 909 3855 Ἀνδρόνικος
952 3781 1050 3844 τάς
1107 3780 1366 3848 στάλικας
1396 3785 1472 3847 εἰς
1528 3785 1821 3860 κλίμακας,
1881 3787 1970 3842 καὶ

309 3863 402 3942 διὰ
437 3870 814 3945 μεσοπυργίου
845 3867 1143 3945 χαλασθεὶς
1190 3873 1408 3929 ἀκάτιον
1467 3873 1686 3930 εἴσεισιν
1744 3876 1803 3931 ἑκ
1850 3897 1970 3931 συν-

307 3958 558 4031 θήματος
590 3958 717 4032 περῖ
760 3958 860 4019 τὰς
916 3958 1080 4022 ἀκτὰς
1140 3959 1365 4018 σαλεῦον
1415 3962 1504 4018 καὶ
1561 3963 1688 4026 τοὺς
1717 3960 1972 4040 προϐλῆ-

310 4065 431 4113 τας,
466 4044 521 4100 οἲ
548 4045 612 4101 τὸ
656 4046 909 4120 πάραλον
952 4053 1142 4128 τεῖχος
1195 4056 1295 4119 τῆς
1352 4052 1570 4114 πόλεως
1631 4050 1969 4130 διειλήφασι,

307 4134 411 4196 τὶς
459 4140 566 4189 τῶν
625 4136 887 4210 κυμάτων
968 4137 1373 4215 ἀποθραύοντες
1423 4137 1689 4213 ἐμϐολάς.
1741 4145 1843 4199 Ἦν
1914 4140 1971 4197 δὲ

306 4220 620 4296 τοῦπίκλην
652 4226 1173 4302 Χρυσοχοόπουλος
1203 4230 1231 4283 ὁ
1287 4233 1354 4303 τῇ
1392 4227 1576 4285 ἁλιάδι
1626 4228 1972 4304 Ἀνδρόνικον

310 4308 722 4385 εἰσδεξάμενος.
833 4311 988 4371 Ἀλλ’
1091 4315 1241 4372 οὕπω
1350 4313 1590 4391 ἀκριϐῶς
1690 4318 1969 4395 ἀνάγεσθαι

315 4400 576 4476 ἤρξαντο,
612 4403 703 4458 καὶ
754 4404 1070 4479 συνέχονται
1126 4407 1273 4482 παρά
1326 4412 1435 4462 τῶν
1502 4408 1638 4463 κατά
1692 4409 1782 4463 τὸν
1832 4416 1968 4466 Βου-

311 4488 581 4546 κολέοντα
620 4491 1019 4573 προφυλάκων,
1087 4494 1143 4549 οἳ
1196 4500 1367 4550 πᾶσαν
1426 4498 1590 4552 νύκτα
1646 4499 1971 4554 σκοπεύουσι

312 4579 409 4633 καὶ
466 4584 569 4634 τῶν
631 4583 942 4657 ἅνακτόρων
1004 4584 1102 4638 οὐκ
1158 4585 1314 4640 ἐῶσιν
1370 4585 1605 4662 ἐχόμενα
1645 4587 1784 4651 ὲνίας
1837 4596 1971 4659 νῆας

315 4664 769 4740 διαπλωίζεσθαι.
806 4674 895 4743 Ἐξ
930 4674 1136 4729 ἑκείνου
1194 4673 1252 4730 δὲ
1302 4675 1369 4731 τὰ
1424 4684 1525 4747 τῆς
1553 4683 1779 4740 σκοπιᾶς
1834 4680 1966 4734 ταύ-

305 4777 411 4829 της
456 4755 708 4832 ἤρξαντο,
769 4760 822 4832 ἐξ
861 4761 1092 4838 ’ὀτουπερ
1151 4764 1179 4818 ὁ
1237 4766 1833 4839 ΤζιμισκῆςἸωάννης
1888 4773 1967 4841 τῷ

309 4852 482 4917 Φωκᾷ
512 4850 818 4927 Νικηφόρῳ
859 4852 1050 4914 νυκτὸς
1100 4850 1320 4917 ἐπέθετο
1387 4852 1475 4910 διὰ
1532 4857 1798 4932 σαργάνης
1847 4857 1964 4912 ἀνι-

310 4939 534 5012 μηθείς.
576 4941 731 5017 Παρὰ
764 4942 946 5016 βραχὺ
980 4946 1114 5019 γοῦν
1172 4943 1239 5012 ἦν
1286 4942 1344 4999 όίν
1400 4945 1491 5001 καὶ
1537 4945 1705 5003 πάλιν
1737 4946 1966 5025 Ἀνδρό-

302 5046 465 5089 νικος
522 5030 737 5105 χείροσι
824 5027 1052 5103 δεσμοῖς
1111 5032 1201 5087 καὶ
1256 5032 1527 5108 φυλακαῖς
1581 5036 1965 5113 ἒνισχημὲνος,

301 5116 457 5188 ﬁmi
489 5119 645 5197 ξίφος
697 5125 798 5175 τοῦ
862 5125 956 5196 ζῇν
1016 5124 1181 5179 αὐτὸν
1242 5125 1545 5204 ὑπεξήγαγε
1602 5129 1699 5191 τὶς
1754 5128 1968 5192 πολλὰς

302 5206 577 5265 εἶσὲπειτα
626 5208 844 5273 πλάνας
907 5210 1337 5287 ὑποτεμόμενον.
1399 5220 1505 5271 Νῦν
1558 5214 1615 5273 δὲ
1699 5221 1733 5288 ἡ
1794 5219 1968 5275 οἰκεία

303 5297 638 5373 εὐτραπελία
714 5297 979 5375 ὲῤῥόσατο
1018 5302 1110 5357 καὶ
1169 5302 1293 5359 τότε
1368 5306 1460 5361 τὸν
1550 5307 1965 5382 βαθυγνώμονα,

301 5384 501 5445 ἐκτῶν
561 5389 765 5458 ἑαυτῆς
831 5389 1242 5464 ῥιζοτομήσασά
1287 5395 1478 5464 κήπων
1534 5397 1600 5449 τὰ
1655 5401 1736 5469 τῷ
1792 5402 1968 5473 καιρῷ

298 5485 556 5554 προσφυῆ
601 5478 886 5555 φάρμακα,
949 5476 1130 5555 ὥσπερ
1187 5482 1274 5536 καὶ
1316 5478 1482 5538 Δαϐἰδ
1551 5483 1772 5555 ἑξέσωσε
1828 5488 1966 5562 πρό-

293 5586 453 5643 τερον
486 5568 522 5636 ἡ
560 5565 612 5619 ἒν
652 5566 753 5620 Γὲθ
782 5569 881 5620 τοῦ
931 5568 1227 5639 προσώπου
1278 5570 1577 5636 ἀλλοίωσις
1636 5571 1965 5653 ἔπιψόιρησίς

2077 3524 2244 3575 Nunc
2276 3518 2576 3573 hominem
2610 3515 2884 3570 callidum
2930 3514 3147 3586 ingenii
3182 3513 3497 3569 dexteritas
3535 3516 3592 3567 et
3620 3527 3719 3566 so-

2075 3609 2267 3673 lertia,
2301 3606 2798 3679 quemadmodum
2821 3605 2955 3659 olim
2998 3602 3261 3657 Davidem
3288 3601 3720 3657 insanimsimu-

2075 3697 2212 3754 latio
2244 3696 2416 3760 Getae,
2450 3695 2732 3750 liberavit.
2762 3698 2908 3747 Nam
2944 3691 3146 3746 famuli
3172 3706 3419 3761 persona
3439 3688 3718 3744 simulata

2074 3805 2141 3844 ex
2174 3785 2472 3843 diuturnis
2530 3783 2779 3839 vinculis
2812 3782 3016 3854 elapsi,
3045 3780 3230 3837 oravit
3283 3796 3382 3835 eos
3413 3796 3447 3835 a
3503 3780 3717 3849 quibus

2076 3875 2534 3949 comprehensus
2566 3876 2704 3941 erat,
2734 3875 2800 3927 ut
2829 3872 2922 3927 sui
2973 3871 3411 3925 miserescerent
3467 3872 3526 3923 et
3584 3872 3717 3923 ante

2079 3966 2292 4023 multas
2323 3962 2668 4020 acerbitates
2717 3961 2789 4016 ab
2824 3961 2959 4015 hero
3019 3958 3280 4031 perpessi
3328 3961 3385 4013 et
3443 3973 3600 4012 nunc
3643 3957 3715 4012 ob

2077 4058 2274 4130 fugam
2306 4053 2456 4108 male
2478 4049 2791 4106 multandi.
2818 4049 3031 4103 Herum
3067 4051 3262 4102 autem
3293 4044 3715 4117 Chrysopolum

2076 4144 2426 4220 appellabat,
2459 4145 2515 4198 et
2547 4141 2617 4195 de
2647 4137 2938 4195 industria
2968 4137 3212 4192 barbare
3260 4135 3630 4209 loquebatur,
3654 4151 3720 4190 ac

2076 4236 2273 4293 Graeca
2304 4231 2492 4288 multa
2513 4247 2575 4287 se
2613 4227 2844 4300 assequi
2876 4225 3308 4283 dissimulabat.
3341 4226 3449 4282 Sed
3483 4230 3541 4281 et
3595 4225 3721 4298 ipse

2074 4323 2464 4399 Cbrysopolus
2507 4318 2851 4376 muneribus
2895 4315 3228 4389 impetravit
3305 4333 3338 4372 a
3386 4315 3720 4388 speculato-

2076 4417 2239 4473 ribus
2272 4418 2336 4469 ut
2364 4409 2735 4468 Andronicus
2766 4411 3046 4477 tanquam
3071 4421 3274 4461 servus
3306 4404 3584 4476 fugitivus
3604 4402 3718 4459 sibi

2074 4504 2433 4562 redderetur.
2469 4500 2554 4556 Ita
2586 4500 2789 4571 praeter
2819 4510 2982 4566 spem
3012 4494 3170 4549 aedes
3197 4508 3337 4548 suas
3385 4492 3711 4563 ingressus,

2074 4593 2457 4667 cognomento
2490 4588 2845 4659 Blanganas,
2873 4583 3075 4640 eadem
3093 4597 3268 4653 opera
3299 4596 3437 4635 suos
3462 4587 3522 4635 ut
3548 4579 3715 4635 adve-

2074 4684 2239 4742 niens
2268 4678 2544 4737 salutavit
2572 4684 2625 4732 et
2656 4680 2721 4730 ut
2778 4688 3011 4746 peregre
3057 4670 3257 4727 abiens
3279 4668 3469 4724 valere
3493 4668 3713 4741 jussit;

2076 4771 2406 4841 solutisque
2437 4764 2823 4838 compedibus
2858 4760 3118 4816 Meliboti
3175 4773 3322 4830 equo
3381 4759 3529 4814 171
3575 4774 3713 4814 con-

2076 4877 2305 4929 scenso,
2339 4857 2438 4930 qui
2464 4856 2533 4911 ad
2565 4856 2761 4927 fugam
2814 4855 3049 4924 paratus
3080 4852 3222 4917 erat,
3258 4851 3415 4904 recta
3459 4847 3715 4904 Anchia-

2077 4953 2200 5009 lum
2231 4945 2549 5010 contendit,
2583 4959 2697 5015 quo
2732 4956 2866 4997 cum
2896 4938 3170 5006 venisset,
3204 4937 3444 5010 Pupaci,
3478 4937 3578 5010 qui
3634 4937 3723 5009 (ut

2078 5056 2255 5113 supra
2287 5037 2504 5092 dictum
2537 5031 2646 5104 est)
2671 5031 2898 5104 primus
2928 5030 3185 5098 Corcyra:
3216 5043 3409 5084 arcem
3432 5043 3718 5084 conscen-

2076 5131 2181 5198 dit,
2217 5143 2277 5183 se
2310 5123 2745 5198 agnoscendum
2796 5118 3080 5191 praebuit;
3150 5124 3504 5190 sumptoque
3532 5118 3605 5174 ab
3653 5133 3721 5172 eo

2075 5218 2283 5276 viatico
2309 5220 2365 5272 et
2397 5214 2500 5269 vim
2530 5210 2782 5268 ducibus
2810 5207 3063 5265 Galizam
3099 5206 3507 5277 proficiscitur.
3539 5206 3721 5277 Cujus

2078 5310 2224 5364 fines
2254 5306 2695 5375 ingressus,quo
2728 5295 3320 5368 tanquaminasylum
3352 5293 3716 5349 tutissimum

2078 5392 2443 5469 properabat,
2473 5395 2529 5444 et
2554 5389 2673 5459 jam
2703 5391 3142 5458 persecuturum
3203 5385 3359 5439 metu
3391 5398 3454 5438 se
3509 5381 3716 5437 libera-

2078 5492 2201 5541 tum
2236 5487 2470 5554 putans,
2505 5495 2538 5534 a
2568 5476 2819 5542 Blachis,
2852 5476 2952 5547 qui
3005 5476 3202 5545 fugam
3249 5471 3376 5545 ejus
3434 5486 3504 5526 ex
3557 5470 3714 5524 fama

2077 5573 2413 5646 cognorant,
2445 5571 2652 5638 captus
2684 5566 2755 5623 ad
2815 5564 3222 5637 imperatorem
3276 5557 3591 5616 reducitur.
3625 5555 3708 5611 lbi
