  <div class='ocr_page' id='page_1' title='image "/cluster/home/n/w/nwhite01/storage/ocr_20150623/139/mdp.39015078384214/244.png"; bbox 0 0 4140 6290; ppageno 0'>
   <div class='ocr_carea' id='block_1_1' title="bbox 270 377 397 440">
    <p class='ocr_par' dir='ltr' id='par_1_1' title="bbox 270 377 397 440">
     <span class='ocr_line' id='line_1_1' title="bbox 270 377 397 440; baseline 0 -1"><span class='ocrx_word' id='word_1_1' title='bbox 270 377 397 440; x_wconf 72' lang='grc'><strong>4⁸13</strong></span> 
     </span>
    </p>
   </div>
   <div class='ocr_carea' id='block_1_2' title="bbox 1344 369 2648 436">
    <p class='ocr_par' dir='ltr' id='par_1_2' title="bbox 1344 369 2648 436">
     <span class='ocr_line' id='line_1_2' title="bbox 1344 369 2648 436; baseline 0 -4"><span class='ocrx_word' id='word_1_2' title='bbox 1344 372 1446 434; x_wconf 89' lang='lat' dir='ltr'><strong>DE</strong></span> <span class='ocrx_word' id='word_1_3' title='bbox 1488 370 1885 434; x_wconf 83' lang='lat' dir='ltr'><strong>MANUELE</strong></span> <span class='ocrx_word' id='word_1_4' title='bbox 1930 371 2302 433; x_wconf 85' lang='lat' dir='ltr'><strong>COMNENO</strong></span> <span class='ocrx_word' id='word_1_5' title='bbox 2348 371 2499 433; x_wconf 87' lang='lat' dir='ltr'><strong>LIB.</strong></span> <span class='ocrx_word' id='word_1_6' title='bbox 2546 369 2648 436; x_wconf 84' lang='lat' dir='ltr'><strong>IV.</strong></span> 
     </span>
    </p>
   </div>
   <div class='ocr_carea' id='block_1_3' title="bbox 3582 374 3701 433">
    <p class='ocr_par' dir='ltr' id='par_1_3' title="bbox 3582 374 3701 433">
     <span class='ocr_line' id='line_1_3' title="bbox 3582 374 3701 433; baseline 0.034 -3"><span class='ocrx_word' id='word_1_7' title='bbox 3582 374 3701 433; x_wconf 72' lang='grc'><strong>4⁵14</strong></span> 
     </span>
    </p>
   </div>
   <div class='ocr_carea' id='block_1_4' title="bbox 274 498 1960 582">
    <p class='ocr_par' dir='ltr' id='par_1_4' title="bbox 274 498 1937 582">
     <span class='ocr_line' id='line_1_4' title="bbox 274 498 1937 582; baseline -0.005 -16"><span class='ocrx_word' id='word_1_8' title='bbox 274 508 497 566; x_wconf 78' lang='grc' dir='ltr'>πλάνου</span> <span class='ocrx_word' id='word_1_9' title='bbox 526 511 722 563; x_wconf 85' lang='grc' dir='ltr'>τοῦτον</span> <span class='ocrx_word' id='word_1_10' title='bbox 751 502 1188 582; x_wconf 82' lang='grc' dir='ltr'>ἐναγκαλίζεται,</span> <span class='ocrx_word' id='word_1_11' title='bbox 1226 501 1430 570; x_wconf 72' lang='grc' dir='ltr'>καθ’δν,</span> <span class='ocrx_word' id='word_1_12' title='bbox 1457 505 1532 565; x_wconf 83' lang='grc' dir='ltr'>ὡς</span> <span class='ocrx_word' id='word_1_13' title='bbox 1597 498 1755 578; x_wconf 79' lang='grc' dir='ltr'>ἔφην,</span> <span class='ocrx_word' id='word_1_14' title='bbox 1812 524 1937 558; x_wconf 90' lang='grc' dir='ltr'>και-</span> 
     </span>
    </p>
   </div>
   <div class='ocr_carea' id='block_1_5' title="bbox 2067 498 3699 582">
    <p class='ocr_par' dir='ltr' id='par_1_5' title="bbox 2067 504 3699 578">
     <span class='ocr_line' id='line_1_5' title="bbox 2067 504 3699 578; baseline 0.001 -18"><span class='ocrx_word' id='word_1_15' title='bbox 2067 505 2268 561; x_wconf 71' lang='grc' dir='ltr'>ἷεινυω</span> <span class='ocrx_word' id='word_1_16' title='bbox 2301 505 2630 578; x_wconf 83' lang='lat' dir='ltr'><strong>provincias</strong></span> <span class='ocrx_word' id='word_1_17' title='bbox 2659 505 3115 577; x_wconf 87' lang='lat' dir='ltr'><strong>populabantur,</strong></span> <span class='ocrx_word' id='word_1_18' title='bbox 3149 504 3426 561; x_wconf 83' lang='lat' dir='ltr'><strong>Michaele</strong></span> <span class='ocrx_word' id='word_1_19' title='bbox 3451 508 3699 578; x_wconf 86' lang='lat' dir='ltr'><strong>utroque</strong></span> 
     </span>
    </p>
   </div>
   <div class='ocr_carea' id='block_1_6' title="bbox 282 592 1944 678">
    <p class='ocr_par' dir='ltr' id='par_1_6' title="bbox 282 592 1944 678">
     <span class='ocr_line' id='line_1_6' title="bbox 282 592 1944 678; baseline -0.005 -22"><span class='ocrx_word' id='word_1_20' title='bbox 282 603 379 678; x_wconf 87' lang='grc' dir='ltr'><strong>ρὸν</strong></span> <span class='ocrx_word' id='word_1_21' title='bbox 440 599 497 653; x_wconf 68' lang='grc' dir='ltr'><strong>οἱ</strong></span> <span class='ocrx_word' id='word_1_22' title='bbox 560 597 782 658; x_wconf 81' lang='grc' dir='ltr'><strong>Παίονες</strong></span> <span class='ocrx_word' id='word_1_23' title='bbox 840 595 935 656; x_wconf 75' lang='grc' dir='ltr'>τὰς</span> <span class='ocrx_word' id='word_1_24' title='bbox 992 592 1225 657; x_wconf 81' lang='grc' dir='ltr'>σπονδὰς</span> <span class='ocrx_word' id='word_1_25' title='bbox 1259 594 1613 664; x_wconf 74' lang='grc' dir='ltr'>ἆθετήσαντες</span> <span class='ocrx_word' id='word_1_26' title='bbox 1656 596 1756 663; x_wconf 82' lang='grc' dir='ltr'>τήν</span> <span class='ocrx_word' id='word_1_27' title='bbox 1788 592 1944 668; x_wconf 89' lang='grc' dir='ltr'>παρί-</span> 
     </span>
    </p>
   </div>
   <div class='ocr_carea' id='block_1_7' title="bbox 290 678 1945 765">
    <p class='ocr_par' dir='ltr' id='par_1_7' title="bbox 290 678 1945 765">
     <span class='ocr_line' id='line_1_7' title="bbox 290 678 1945 765; baseline -0.005 -19"><span class='ocrx_word' id='word_1_28' title='bbox 290 710 477 765; x_wconf 90' lang='grc' dir='ltr'>στριον</span> <span class='ocrx_word' id='word_1_29' title='bbox 538 684 832 759; x_wconf 88' lang='grc' dir='ltr'>Ῥωμαίων</span> <span class='ocrx_word' id='word_1_30' title='bbox 912 684 1238 759; x_wconf 75' lang='grc' dir='ltr'><strong>κατέτρεχον</strong></span> <span class='ocrx_word' id='word_1_31' title='bbox 1299 682 1658 757; x_wconf 73' lang='grc' dir='ltr'><strong>ἐπικράτειαν.</strong></span> <span class='ocrx_word' id='word_1_32' title='bbox 1723 678 1945 755; x_wconf 86' lang='grc' dir='ltr'>Συμϐα-</span> 
     </span>
    </p>
   </div>
   <div class='ocr_carea' id='block_1_8' title="bbox 284 767 1945 851">
    <p class='ocr_par' dir='ltr' id='par_1_8' title="bbox 284 767 1945 851">
     <span class='ocr_line' id='line_1_8' title="bbox 284 767 1945 851; baseline -0.004 -16"><span class='ocrx_word' id='word_1_33' title='bbox 284 778 484 839; x_wconf 86' lang='grc' dir='ltr'>λόντες</span> <span class='ocrx_word' id='word_1_34' title='bbox 516 774 575 831; x_wconf 75' lang='grc' dir='ltr'><strong>δὲ</strong></span> <span class='ocrx_word' id='word_1_35' title='bbox 614 776 706 831; x_wconf 81' lang='grc' dir='ltr'><strong>καὶ</strong></span> <span class='ocrx_word' id='word_1_36' title='bbox 736 779 853 837; x_wconf 77' lang='grc' dir='ltr'>τοῖς</span> <span class='ocrx_word' id='word_1_37' title='bbox 886 779 1216 849; x_wconf 73' lang='grc' dir='ltr'><strong>στρατηγοῖς</strong></span> <span class='ocrx_word' id='word_1_38' title='bbox 1260 777 1339 844; x_wconf 78' lang='grc' dir='ltr'>τῷ</span> <span class='ocrx_word' id='word_1_39' title='bbox 1379 791 1438 828; x_wconf 77' lang='grc' dir='ltr'><strong>τε</strong></span> <span class='ocrx_word' id='word_1_40' title='bbox 1466 767 1649 848; x_wconf 86' lang='grc' dir='ltr'>Γαϐρᾷ</span> <span class='ocrx_word' id='word_1_41' title='bbox 1706 770 1945 851; x_wconf 71' lang='grc' dir='ltr'>Μιχαὴλ</span> 
     </span>
    </p>
   </div>
   <div class='ocr_carea' id='block_1_9' title="bbox 289 860 1944 939">
    <p class='ocr_par' dir='ltr' id='par_1_9' title="bbox 289 860 1944 939">
     <span class='ocr_line' id='line_1_9' title="bbox 289 860 1944 939; baseline -0.005 -15"><span class='ocrx_word' id='word_1_42' title='bbox 289 869 379 925; x_wconf 80' lang='grc' dir='ltr'><strong>καὶ</strong></span> <span class='ocrx_word' id='word_1_43' title='bbox 407 871 491 939; x_wconf 77' lang='grc' dir='ltr'><strong>τῷ</strong></span> <span class='ocrx_word' id='word_1_44' title='bbox 532 867 714 939; x_wconf 83' lang='grc' dir='ltr'>Βρανᾷ</span> <span class='ocrx_word' id='word_1_45' title='bbox 755 862 1007 938; x_wconf 72' lang='grc' dir='ltr'>Μιχαὴλ,</span> <span class='ocrx_word' id='word_1_46' title='bbox 1067 862 1203 918; x_wconf 80' lang='grc' dir='ltr'>κατὰ</span> <span class='ocrx_word' id='word_1_47' title='bbox 1257 861 1454 933; x_wconf 89' lang='grc' dir='ltr'>κράτος</span> <span class='ocrx_word' id='word_1_48' title='bbox 1520 860 1746 922; x_wconf 79' lang='grc' dir='ltr'><strong>τούτους</strong></span> <span class='ocrx_word' id='word_1_49' title='bbox 1801 860 1944 936; x_wconf 80' lang='grc' dir='ltr'>ἐτρέ-</span> 
     </span>
    </p>
   </div>
   <div class='ocr_carea' id='block_1_10' title="bbox 292 949 1945 1033">
    <p class='ocr_par' dir='ltr' id='par_1_10' title="bbox 292 949 1945 1033">
     <span class='ocr_line' id='line_1_10' title="bbox 292 949 1945 1033; baseline -0.004 -21"><span class='ocrx_word' id='word_1_50' title='bbox 292 962 461 1033; x_wconf 82' lang='grc' dir='ltr'>ψαντο</span> <span class='ocrx_word' id='word_1_51' title='bbox 492 955 586 1010; x_wconf 86' lang='grc' dir='ltr'><strong>καὶ</strong></span> <span class='ocrx_word' id='word_1_52' title='bbox 619 953 771 1009; x_wconf 90' lang='grc' dir='ltr'>λείαν</span> <span class='ocrx_word' id='word_1_53' title='bbox 806 954 891 1008; x_wconf 80' lang='grc' dir='ltr'><strong>ὅτι</strong></span> <span class='ocrx_word' id='word_1_54' title='bbox 919 952 1181 1021; x_wconf 76' lang='grc' dir='ltr'><strong>πλείστην</strong></span> <span class='ocrx_word' id='word_1_55' title='bbox 1211 951 1446 1021; x_wconf 69' lang='grc' dir='ltr'>ἤλασαν.</span> <span class='ocrx_word' id='word_1_56' title='bbox 1504 956 1604 1007; x_wconf 82' lang='grc' dir='ltr'><strong>Ἦν</strong></span> <span class='ocrx_word' id='word_1_57' title='bbox 1661 949 1718 1006; x_wconf 79' lang='grc' dir='ltr'>δὲ</span> <span class='ocrx_word' id='word_1_58' title='bbox 1757 952 1786 1006; x_wconf 99' lang='lat'><strong>6</strong></span> <span class='ocrx_word' id='word_1_59' title='bbox 1843 957 1945 1006; x_wconf 84' lang='grc' dir='ltr'><strong>Γα-</strong></span> 
     </span>
    </p>
   </div>
   <div class='ocr_carea' id='block_1_11' title="bbox 293 1038 1946 1125">
    <p class='ocr_par' dir='ltr' id='par_1_11' title="bbox 293 1038 1946 1125">
     <span class='ocr_line' id='line_1_11' title="bbox 293 1038 1946 1125; baseline -0.004 -23"><span class='ocrx_word' id='word_1_60' title='bbox 293 1045 425 1125; x_wconf 84' lang='grc' dir='ltr'>ϐρᾶς</span> <span class='ocrx_word' id='word_1_61' title='bbox 482 1043 647 1106; x_wconf 85' lang='grc' dir='ltr'>οῦτος</span> <span class='ocrx_word' id='word_1_62' title='bbox 700 1042 892 1099; x_wconf 82' lang='grc' dir='ltr'>νεωστὶ</span> <span class='ocrx_word' id='word_1_63' title='bbox 963 1042 1123 1107; x_wconf 81' lang='grc' dir='ltr'>θύσας</span> <span class='ocrx_word' id='word_1_64' title='bbox 1173 1043 1240 1097; x_wconf 76' lang='grc' dir='ltr'>τὰ</span> <span class='ocrx_word' id='word_1_65' title='bbox 1267 1038 1602 1118; x_wconf 87' lang='grc' dir='ltr'>γαμοδαίσια</span> <span class='ocrx_word' id='word_1_66' title='bbox 1664 1040 1799 1114; x_wconf 81' lang='grc' dir='ltr'>μετὰ</span> <span class='ocrx_word' id='word_1_67' title='bbox 1843 1040 1946 1109; x_wconf 75' lang='grc' dir='ltr'>τῆς</span> 
     </span>
    </p>
   </div>
   <div class='ocr_carea' id='block_1_12' title="bbox 292 1128 1947 1209">
    <p class='ocr_par' dir='ltr' id='par_1_12' title="bbox 292 1128 1947 1209">
     <span class='ocr_line' id='line_1_12' title="bbox 292 1128 1947 1209; baseline -0.005 -16"><span class='ocrx_word' id='word_1_68' title='bbox 292 1137 588 1209; x_wconf 77' lang='grc' dir='ltr'>Κομνηνῆς</span> <span class='ocrx_word' id='word_1_69' title='bbox 651 1130 943 1200; x_wconf 84' lang='grc' dir='ltr'>Εὐδοκίας,</span> <span class='ocrx_word' id='word_1_70' title='bbox 1088 1129 1434 1207; x_wconf 81' lang='grc' dir='ltr'><strong>Ἀνδρόνικος</strong></span> <span class='ocrx_word' id='word_1_71' title='bbox 1472 1128 1822 1201; x_wconf 74' lang='grc' dir='ltr'><strong>ἐπλησίαζεν,</strong></span> <span class='ocrx_word' id='word_1_72' title='bbox 1872 1131 1947 1192; x_wconf 85' lang='grc' dir='ltr'>ὡς</span> 
     </span>
    </p>
   </div>
   <div class='ocr_carea' id='block_1_13' title="bbox 292 1218 1945 1300">
    <p class='ocr_par' dir='ltr' id='par_1_13' title="bbox 292 1218 1945 1300">
     <span class='ocr_line' id='line_1_13' title="bbox 292 1218 1945 1300; baseline -0.005 -19"><span class='ocrx_word' id='word_1_73' title='bbox 292 1224 403 1297; x_wconf 76' lang='grc' dir='ltr'>ἢδη</span> <span class='ocrx_word' id='word_1_74' title='bbox 510 1222 809 1300; x_wconf 75' lang='grc' dir='ltr'><strong>φθάσαντες</strong></span> <span class='ocrx_word' id='word_1_75' title='bbox 884 1219 1264 1294; x_wconf 83' lang='grc' dir='ltr'>ἐδηλώσαμεν.</span> <span class='ocrx_word' id='word_1_76' title='bbox 1341 1218 1556 1278; x_wconf 78' lang='grc' dir='ltr'>Οὐκουῦ</span> <span class='ocrx_word' id='word_1_77' title='bbox 1646 1218 1737 1274; x_wconf 85' lang='grc' dir='ltr'><strong>καὶ</strong></span> <span class='ocrx_word' id='word_1_78' title='bbox 1837 1224 1945 1274; x_wconf 82' lang='grc' dir='ltr'>τῶν</span> 
     </span>
    </p>
   </div>
   <div class='ocr_carea' id='block_1_14' title="bbox 296 1306 1950 1391">
    <p class='ocr_par' dir='ltr' id='par_1_14' title="bbox 296 1306 1950 1391">
     <span class='ocr_line' id='line_1_14' title="bbox 296 1306 1950 1391; baseline -0.005 -21"><span class='ocrx_word' id='word_1_79' title='bbox 296 1318 606 1391; x_wconf 69' lang='grc' dir='ltr'>προσγενῖω</span> <span class='ocrx_word' id='word_1_80' title='bbox 663 1308 932 1375; x_wconf 83' lang='grc' dir='ltr'>Εὐδοκίας</span> <span class='ocrx_word' id='word_1_81' title='bbox 978 1314 1225 1380; x_wconf 85' lang='grc' dir='ltr'>συνιστᾷν</span> <span class='ocrx_word' id='word_1_82' title='bbox 1283 1307 1443 1364; x_wconf 89' lang='grc' dir='ltr'>αὐτὸν</span> <span class='ocrx_word' id='word_1_83' title='bbox 1530 1306 1799 1364; x_wconf 82' lang='grc' dir='ltr'><strong>θελόντων</strong></span> <span class='ocrx_word' id='word_1_84' title='bbox 1869 1312 1950 1380; x_wconf 79' lang='grc' dir='ltr'>τῷ</span> 
     </span>
    </p>
   </div>
   <div class='ocr_carea' id='block_1_15' title="bbox 293 1397 1949 1478">
    <p class='ocr_par' dir='ltr' id='par_1_15' title="bbox 293 1397 1949 1478">
     <span class='ocr_line' id='line_1_15' title="bbox 293 1397 1949 1478; baseline -0.005 -18"><span class='ocrx_word' id='word_1_85' title='bbox 293 1403 684 1478; x_wconf 73' lang='grc' dir='ltr'><strong>αὐτοκράτορι,</strong></span> <span class='ocrx_word' id='word_1_86' title='bbox 734 1399 912 1464; x_wconf 80' lang='grc' dir='ltr'>πολὺς</span> <span class='ocrx_word' id='word_1_87' title='bbox 961 1402 1028 1469; x_wconf 83' lang='grc' dir='ltr'>ἧν</span> <span class='ocrx_word' id='word_1_88' title='bbox 1088 1398 1176 1455; x_wconf 73' lang='grc' dir='ltr'><strong>ἐπὶ</strong></span> <span class='ocrx_word' id='word_1_89' title='bbox 1228 1397 1500 1474; x_wconf 73' lang='grc' dir='ltr'>βασιλέως</span> <span class='ocrx_word' id='word_1_90' title='bbox 1531 1400 1559 1453; x_wconf 87' lang='grc' dir='ltr'><strong>ὁ</strong></span> <span class='ocrx_word' id='word_1_91' title='bbox 1592 1400 1789 1454; x_wconf 87' lang='grc' dir='ltr'>τούτου</span> <span class='ocrx_word' id='word_1_92' title='bbox 1818 1397 1949 1472; x_wconf 86' lang='grc' dir='ltr'>κρό-</span> 
     </span>
    </p>
   </div>
   <div class='ocr_carea' id='block_1_16' title="bbox 290 1486 1953 1564">
    <p class='ocr_par' dir='ltr' id='par_1_16' title="bbox 290 1486 1953 1564">
     <span class='ocr_line' id='line_1_16' title="bbox 290 1486 1953 1564; baseline -0.005 -14"><span class='ocrx_word' id='word_1_93' title='bbox 290 1515 385 1557; x_wconf 89' lang='grc' dir='ltr'><strong>τος</strong></span> <span class='ocrx_word' id='word_1_94' title='bbox 412 1493 502 1549; x_wconf 87' lang='grc' dir='ltr'><strong>καὶ</strong></span> <span class='ocrx_word' id='word_1_95' title='bbox 562 1487 808 1559; x_wconf 80' lang='grc' dir='ltr'>ἔπαινος,</span> <span class='ocrx_word' id='word_1_96' title='bbox 860 1490 951 1545; x_wconf 84' lang='grc' dir='ltr'><strong>καὶ</strong></span> <span class='ocrx_word' id='word_1_97' title='bbox 1023 1487 1349 1564; x_wconf 71' lang='grc' dir='ltr'>ἐρρωμένως</span> <span class='ocrx_word' id='word_1_98' title='bbox 1407 1488 1564 1544; x_wconf 85' lang='grc' dir='ltr'>αὐτὸν</span> <span class='ocrx_word' id='word_1_99' title='bbox 1630 1486 1681 1543; x_wconf 84' lang='grc' dir='ltr'><strong>ἐν</strong></span> <span class='ocrx_word' id='word_1_100' title='bbox 1718 1491 1787 1562; x_wconf 76' lang='grc' dir='ltr'>τῇ</span> <span class='ocrx_word' id='word_1_101' title='bbox 1818 1488 1953 1542; x_wconf 72' lang='grc' dir='ltr'>κατὰ</span> 
     </span>
    </p>
   </div>
   <div class='ocr_carea' id='block_1_17' title="bbox 295 1576 1951 1655">
    <p class='ocr_par' dir='ltr' id='par_1_17' title="bbox 295 1576 1951 1655">
     <span class='ocr_line' id='line_1_17' title="bbox 295 1576 1951 1655; baseline -0.005 -16"><span class='ocrx_word' id='word_1_102' title='bbox 295 1588 404 1640; x_wconf 75' lang='grc' dir='ltr'>τῶν</span> <span class='ocrx_word' id='word_1_103' title='bbox 460 1578 678 1638; x_wconf 75' lang='grc' dir='ltr'>Οῦννων</span> <span class='ocrx_word' id='word_1_104' title='bbox 741 1579 894 1655; x_wconf 80' lang='grc' dir='ltr'>μάχῃ</span> <span class='ocrx_word' id='word_1_105' title='bbox 952 1576 1373 1654; x_wconf 68' lang='grc' dir='ltr'><strong>διαγωνίσασθαι</strong></span> <span class='ocrx_word' id='word_1_106' title='bbox 1420 1577 1791 1653; x_wconf 83' lang='grc' dir='ltr'>ἰσχυρίζοντο,</span> <span class='ocrx_word' id='word_1_107' title='bbox 1860 1576 1951 1631; x_wconf 87' lang='grc' dir='ltr'><strong>καὶ</strong></span> 
     </span>
    </p>
   </div>
   <div class='ocr_carea' id='block_1_18' title="bbox 297 1665 1947 1748">
    <p class='ocr_par' dir='ltr' id='par_1_18' title="bbox 297 1665 1947 1748">
     <span class='ocr_line' id='line_1_18' title="bbox 297 1665 1947 1748; baseline -0.005 -19"><span class='ocrx_word' id='word_1_108' title='bbox 297 1679 550 1748; x_wconf 76' lang='grc' dir='ltr'>παρῆγον</span> <span class='ocrx_word' id='word_1_109' title='bbox 590 1675 698 1725; x_wconf 81' lang='grc' dir='ltr'>τῶν</span> <span class='ocrx_word' id='word_1_110' title='bbox 748 1667 1062 1745; x_wconf 76' lang='grc' dir='ltr'>λεγομὲνων</span> <span class='ocrx_word' id='word_1_111' title='bbox 1136 1670 1381 1743; x_wconf 86' lang='grc' dir='ltr'>μάρτυρα</span> <span class='ocrx_word' id='word_1_112' title='bbox 1425 1669 1516 1722; x_wconf 85' lang='grc' dir='ltr'>τὸν</span> <span class='ocrx_word' id='word_1_113' title='bbox 1576 1665 1947 1741; x_wconf 87' lang='grc' dir='ltr'>συσυράτηγον</span> 
     </span>
    </p>
   </div>
   <div class='ocr_carea' id='block_1_19' title="bbox 302 1753 1953 1838">
    <p class='ocr_par' dir='ltr' id='par_1_19' title="bbox 302 1753 1953 1838">
     <span class='ocr_line' id='line_1_19' title="bbox 302 1753 1953 1838; baseline -0.005 -20"><span class='ocrx_word' id='word_1_114' title='bbox 302 1763 455 1835; x_wconf 78' lang='grc' dir='ltr'>αὐτῷ</span> <span class='ocrx_word' id='word_1_115' title='bbox 486 1759 727 1838; x_wconf 77' lang='grc' dir='ltr'>Μιχαὴλ</span> <span class='ocrx_word' id='word_1_116' title='bbox 749 1758 840 1813; x_wconf 90' lang='grc' dir='ltr'><strong>τὸν</strong></span> <span class='ocrx_word' id='word_1_117' title='bbox 874 1758 1104 1833; x_wconf 82' lang='grc' dir='ltr'>Βρανὰν.</span> <span class='ocrx_word' id='word_1_118' title='bbox 1141 1757 1201 1814; x_wconf 76' lang='grc' dir='ltr'><strong>Ὀ</strong></span> <span class='ocrx_word' id='word_1_119' title='bbox 1233 1753 1289 1811; x_wconf 79' lang='grc' dir='ltr'><strong>δὲ</strong></span> <span class='ocrx_word' id='word_1_120' title='bbox 1342 1757 1478 1831; x_wconf 86' lang='grc' dir='ltr'>πρὸς</span> <span class='ocrx_word' id='word_1_121' title='bbox 1526 1759 1622 1811; x_wconf 91' lang='grc' dir='ltr'><strong>τοῦ</strong></span> <span class='ocrx_word' id='word_1_122' title='bbox 1683 1754 1953 1830; x_wconf 76' lang='grc' dir='ltr'>βασιλέως</span> 
     </span>
    </p>
   </div>
   <div class='ocr_carea' id='block_1_20' title="bbox 2054 594 3697 667">
    <p class='ocr_par' dir='ltr' id='par_1_20' title="bbox 2054 594 3697 667">
     <span class='ocr_line' id='line_1_20' title="bbox 2054 594 3697 667; baseline 0.002 -19"><span class='ocrx_word' id='word_1_123' title='bbox 2054 594 2243 651; x_wconf 88' lang='lat' dir='ltr'><strong>Gabra</strong></span> <span class='ocrx_word' id='word_1_124' title='bbox 2273 599 2331 650; x_wconf 90' lang='lat' dir='ltr'><strong>et</strong></span> <span class='ocrx_word' id='word_1_125' title='bbox 2360 595 2544 650; x_wconf 92' lang='lat' dir='ltr'><strong>Brana</strong></span> <span class='ocrx_word' id='word_1_126' title='bbox 2574 596 2697 651; x_wconf 90' lang='lat' dir='ltr'><strong>acie</strong></span> <span class='ocrx_word' id='word_1_127' title='bbox 2725 595 2879 651; x_wconf 91' lang='lat' dir='ltr'><strong>victo</strong></span> <span class='ocrx_word' id='word_1_128' title='bbox 2911 598 2967 650; x_wconf 90' lang='lat' dir='ltr'><strong>et</strong></span> <span class='ocrx_word' id='word_1_129' title='bbox 2998 596 3191 667; x_wconf 60' lang='lat' dir='ltr'><strong>prada</strong></span> <span class='ocrx_word' id='word_1_130' title='bbox 3223 595 3443 667; x_wconf 76' lang='lat' dir='ltr'><strong>ingenti</strong></span> <span class='ocrx_word' id='word_1_131' title='bbox 3474 596 3697 652; x_wconf 85' lang='lat' dir='ltr'><strong>abacta.</strong></span> 
     </span>
    </p>
   </div>
   <div class='ocr_carea' id='block_1_21' title="bbox 2054 685 3705 760">
    <p class='ocr_par' dir='ltr' id='par_1_21' title="bbox 2054 685 3705 760">
     <span class='ocr_line' id='line_1_21' title="bbox 2054 685 3705 760; baseline 0.002 -19"><span class='ocrx_word' id='word_1_132' title='bbox 2054 685 2108 741; x_wconf 95' lang='lat' dir='ltr'><strong>ls</strong></span> <span class='ocrx_word' id='word_1_133' title='bbox 2136 688 2355 743; x_wconf 83' lang='lat' dir='ltr'><strong>Gabras</strong></span> <span class='ocrx_word' id='word_1_134' title='bbox 2387 703 2573 760; x_wconf 85' lang='lat' dir='ltr'><strong>nuper</strong></span> <span class='ocrx_word' id='word_1_135' title='bbox 2604 688 2916 743; x_wconf 83' lang='lat' dir='ltr'><strong>admodum</strong></span> <span class='ocrx_word' id='word_1_136' title='bbox 2954 704 3087 743; x_wconf 91' lang='lat' dir='ltr'><strong>cum</strong></span> <span class='ocrx_word' id='word_1_137' title='bbox 3111 688 3365 743; x_wconf 80' lang='lat' dir='ltr'><strong>Eudocia</strong></span> <span class='ocrx_word' id='word_1_138' title='bbox 3385 688 3705 745; x_wconf 88' lang='lat' dir='ltr'><strong>Comnenia</strong></span> 
     </span>
    </p>
   </div>
   <div class='ocr_carea' id='block_1_22' title="bbox 2058 777 3704 849">
    <p class='ocr_par' dir='ltr' id='par_1_22' title="bbox 2058 777 3704 849">
     <span class='ocr_line' id='line_1_22' title="bbox 2058 777 3704 849; baseline 0.003 -20"><span class='ocrx_word' id='word_1_139' title='bbox 2058 777 2375 833; x_wconf 83' lang='lat' dir='ltr'><strong>Andronici</strong></span> <span class='ocrx_word' id='word_1_140' title='bbox 2409 778 2614 845; x_wconf 88' lang='lat' dir='ltr'><strong>amica,</strong></span> <span class='ocrx_word' id='word_1_141' title='bbox 2642 780 2812 848; x_wconf 81' lang='lat' dir='ltr'>cujus</span> <span class='ocrx_word' id='word_1_142' title='bbox 2842 782 2974 832; x_wconf 98' lang='lat' dir='ltr'><strong>ante</strong></span> <span class='ocrx_word' id='word_1_143' title='bbox 3017 778 3418 846; x_wconf 83' lang='lat' dir='ltr'><strong>meminimus,</strong></span> <span class='ocrx_word' id='word_1_144' title='bbox 3465 778 3704 849; x_wconf 75' lang='lat' dir='ltr'><strong>nuptias</strong></span> 
     </span>
    </p>
   </div>
   <div class='ocr_carea' id='block_1_23' title="bbox 2058 864 3707 939">
    <p class='ocr_par' dir='ltr' id='par_1_23' title="bbox 2058 864 3707 939">
     <span class='ocr_line' id='line_1_23' title="bbox 2058 864 3707 939; baseline 0.001 -18"><span class='ocrx_word' id='word_1_145' title='bbox 2058 864 2401 932; x_wconf 75' lang='lat' dir='ltr'><strong>celebraret,</strong></span> <span class='ocrx_word' id='word_1_146' title='bbox 2433 883 2607 938; x_wconf 87' lang='lat' dir='ltr'><strong>quem</strong></span> <span class='ocrx_word' id='word_1_147' title='bbox 2648 866 2914 922; x_wconf 80' lang='lat' dir='ltr'><strong>Eudocise</strong></span> <span class='ocrx_word' id='word_1_148' title='bbox 2964 866 3193 939; x_wconf 88' lang='lat' dir='ltr'><strong>cognati</strong></span> <span class='ocrx_word' id='word_1_149' title='bbox 3250 872 3315 922; x_wconf 93' lang='lat' dir='ltr'><strong>ut</strong></span> <span class='ocrx_word' id='word_1_150' title='bbox 3366 866 3707 938; x_wconf 88' lang='lat' dir='ltr'><strong>imperatori</strong></span> 
     </span>
    </p>
   </div>
   <div class='ocr_carea' id='block_1_24' title="bbox 2057 957 3706 1030">
    <p class='ocr_par' dir='ltr' id='par_1_24' title="bbox 2057 957 3706 1030">
     <span class='ocr_line' id='line_1_24' title="bbox 2057 957 3706 1030; baseline 0.002 -18"><span class='ocrx_word' id='word_1_151' title='bbox 2057 957 2562 1023; x_wconf 81' lang='lat' dir='ltr'><strong>commendarent,</strong></span> <span class='ocrx_word' id='word_1_152' title='bbox 2595 973 2809 1029; x_wconf 86' lang='lat' dir='ltr'><strong>magno</strong></span> <span class='ocrx_word' id='word_1_153' title='bbox 2831 957 3120 1029; x_wconf 90' lang='lat' dir='ltr'><strong>applausu</strong></span> <span class='ocrx_word' id='word_1_154' title='bbox 3145 962 3201 1013; x_wconf 88' lang='lat' dir='ltr'><strong>et</strong></span> <span class='ocrx_word' id='word_1_155' title='bbox 3219 957 3490 1013; x_wconf 87' lang='lat' dir='ltr'><strong>laudibus</strong></span> <span class='ocrx_word' id='word_1_156' title='bbox 3514 976 3706 1030; x_wconf 83' lang='lat' dir='ltr'><strong>prose-</strong></span> 
     </span>
    </p>
   </div>
   <div class='ocr_carea' id='block_1_25' title="bbox 2059 1046 3702 1120">
    <p class='ocr_par' dir='ltr' id='par_1_25' title="bbox 2059 1046 3702 1120">
     <span class='ocr_line' id='line_1_25' title="bbox 2059 1046 3702 1120; baseline 0.002 -19"><span class='ocrx_word' id='word_1_157' title='bbox 2059 1047 2411 1118; x_wconf 88' lang='lat' dir='ltr'><strong>quebantur,</strong></span> <span class='ocrx_word' id='word_1_158' title='bbox 2444 1046 2583 1101; x_wconf 92' lang='lat' dir='ltr'><strong>etin</strong></span> <span class='ocrx_word' id='word_1_159' title='bbox 2634 1063 2831 1118; x_wconf 87' lang='lat' dir='ltr'><strong>pugna</strong></span> <span class='ocrx_word' id='word_1_160' title='bbox 2879 1047 3147 1102; x_wconf 85' lang='lat' dir='ltr'><strong>Hunnica</strong></span> <span class='ocrx_word' id='word_1_161' title='bbox 3197 1047 3421 1103; x_wconf 75' lang='lat' dir='ltr'><strong>fortiter</strong></span> <span class='ocrx_word' id='word_1_162' title='bbox 3462 1063 3524 1103; x_wconf 88' lang='lat' dir='ltr'><strong>se</strong></span> <span class='ocrx_word' id='word_1_163' title='bbox 3570 1066 3702 1120; x_wconf 84' lang='lat' dir='ltr'><strong>ges-</strong></span> 
     </span>
    </p>
   </div>
   <div class='ocr_carea' id='block_1_26' title="bbox 2059 1134 3703 1206">
    <p class='ocr_par' dir='ltr' id='par_1_26' title="bbox 2059 1134 3703 1206">
     <span class='ocr_line' id='line_1_26' title="bbox 2059 1134 3703 1206; baseline 0.001 -15"><span class='ocrx_word' id='word_1_164' title='bbox 2059 1134 2205 1191; x_wconf 88' lang='lat' dir='ltr'><strong>sisse</strong></span> <span class='ocrx_word' id='word_1_165' title='bbox 2234 1135 2624 1191; x_wconf 85' lang='lat' dir='ltr'><strong>affirmabant.</strong></span> <span class='ocrx_word' id='word_1_166' title='bbox 2658 1136 2818 1199; x_wconf 89' lang='lat' dir='ltr'>Quod</span> <span class='ocrx_word' id='word_1_167' title='bbox 2872 1141 2936 1192; x_wconf 87' lang='lat' dir='ltr'><strong>ut</strong></span> <span class='ocrx_word' id='word_1_168' title='bbox 2982 1136 3324 1193; x_wconf 84' lang='lat' dir='ltr'><strong>credibilius</strong></span> <span class='ocrx_word' id='word_1_169' title='bbox 3372 1141 3548 1206; x_wconf 83' lang='lat' dir='ltr'><strong>esset,</strong></span> <span class='ocrx_word' id='word_1_170' title='bbox 3597 1138 3703 1194; x_wconf 83' lang='lat' dir='ltr'><strong>Mi-</strong></span> 
     </span>
    </p>
   </div>
   <div class='ocr_carea' id='block_1_27' title="bbox 2058 1224 3703 1299">
    <p class='ocr_par' dir='ltr' id='par_1_27' title="bbox 2058 1224 3703 1299">
     <span class='ocr_line' id='line_1_27' title="bbox 2058 1224 3703 1299; baseline 0.001 -18"><span class='ocrx_word' id='word_1_171' title='bbox 2058 1224 2320 1281; x_wconf 89' lang='lat' dir='ltr'><strong>chaelem</strong></span> <span class='ocrx_word' id='word_1_172' title='bbox 2362 1226 2609 1281; x_wconf 89' lang='lat' dir='ltr'><strong>Branam</strong></span> <span class='ocrx_word' id='word_1_173' title='bbox 2660 1226 2941 1299; x_wconf 83' lang='lat' dir='ltr'><strong>collegam</strong></span> <span class='ocrx_word' id='word_1_174' title='bbox 2993 1228 3118 1298; x_wconf 87' lang='lat' dir='ltr'><strong>ejus</strong></span> <span class='ocrx_word' id='word_1_175' title='bbox 3168 1233 3371 1283; x_wconf 88' lang='lat' dir='ltr'><strong>testem</strong></span> <span class='ocrx_word' id='word_1_176' title='bbox 3428 1228 3703 1284; x_wconf 88' lang='lat' dir='ltr'><strong>citabant.</strong></span> 
     </span>
    </p>
   </div>
   <div class='ocr_carea' id='block_1_28' title="bbox 2057 1314 3705 1388">
    <p class='ocr_par' dir='ltr' id='par_1_28' title="bbox 2057 1314 3705 1388">
     <span class='ocr_line' id='line_1_28' title="bbox 2057 1314 3705 1388; baseline 0.002 -19"><span class='ocrx_word' id='word_1_177' title='bbox 2057 1314 2166 1377; x_wconf 88' lang='lat' dir='ltr'><strong>Qui</strong></span> <span class='ocrx_word' id='word_1_178' title='bbox 2195 1330 2330 1381; x_wconf 87' lang='lat' dir='ltr'><strong>cum</strong></span> <span class='ocrx_word' id='word_1_179' title='bbox 2363 1315 2424 1369; x_wconf 93' lang='lat' dir='ltr'><strong>in</strong></span> <span class='ocrx_word' id='word_1_180' title='bbox 2453 1315 2822 1387; x_wconf 89' lang='lat' dir='ltr'><strong>imperatoris</strong></span> <span class='ocrx_word' id='word_1_181' title='bbox 2854 1321 3030 1388; x_wconf 90' lang='lat' dir='ltr'><strong>caput</strong></span> <span class='ocrx_word' id='word_1_182' title='bbox 3057 1317 3253 1386; x_wconf 90' lang='lat' dir='ltr'><strong>jurare</strong></span> <span class='ocrx_word' id='word_1_183' title='bbox 3294 1318 3604 1387; x_wconf 85' lang='lat' dir='ltr'><strong>juberetur</strong></span> <span class='ocrx_word' id='word_1_184' title='bbox 3633 1334 3705 1373; x_wconf 89' lang='lat' dir='ltr'><strong>an</strong></span> 
     </span>
    </p>
   </div>
   <div class='ocr_carea' id='block_1_29' title="bbox 2060 1404 3707 1475">
    <p class='ocr_par' dir='ltr' id='par_1_29' title="bbox 2060 1404 3707 1475">
     <span class='ocr_line' id='line_1_29' title="bbox 2060 1404 3707 1475; baseline 0.002 -16"><span class='ocrx_word' id='word_1_185' title='bbox 2060 1404 2293 1475; x_wconf 89' lang='lat' dir='ltr'><strong>aliquod</strong></span> <span class='ocrx_word' id='word_1_186' title='bbox 2346 1404 2493 1459; x_wconf 82' lang='lat' dir='ltr'><strong>forte</strong></span> <span class='ocrx_word' id='word_1_187' title='bbox 2542 1404 2743 1461; x_wconf 72' lang='lat' dir='ltr'><strong>Gabraa</strong></span> <span class='ocrx_word' id='word_1_188' title='bbox 2798 1404 3021 1461; x_wconf 84' lang='lat' dir='ltr'><strong>facinus</strong></span> <span class='ocrx_word' id='word_1_189' title='bbox 3076 1406 3337 1471; x_wconf 82' lang='lat' dir='ltr'><strong>vidisset,</strong></span> <span class='ocrx_word' id='word_1_190' title='bbox 3390 1405 3565 1462; x_wconf 85' lang='lat' dir='ltr'><strong>dilato</strong></span> <span class='ocrx_word' id='word_1_191' title='bbox 3617 1424 3707 1463; x_wconf 90' lang='lat' dir='ltr'><strong>re-</strong></span> 
     </span>
    </p>
   </div>
   <div class='ocr_carea' id='block_1_30' title="bbox 2060 1492 3707 1569">
    <p class='ocr_par' dir='ltr' id='par_1_30' title="bbox 2060 1492 3707 1569">
     <span class='ocr_line' id='line_1_30' title="bbox 2060 1492 3707 1569; baseline 0.003 -21"><span class='ocrx_word' id='word_1_192' title='bbox 2060 1509 2278 1563; x_wconf 89' lang='lat' dir='ltr'><strong>sponso</strong></span> <span class='ocrx_word' id='word_1_193' title='bbox 2305 1492 2556 1549; x_wconf 89' lang='lat' dir='ltr'><strong>Gabram</strong></span> <span class='ocrx_word' id='word_1_194' title='bbox 2589 1494 2757 1565; x_wconf 89' lang='lat' dir='ltr'><strong>prius</strong></span> <span class='ocrx_word' id='word_1_195' title='bbox 2788 1495 3115 1567; x_wconf 85' lang='lat' dir='ltr'><strong>interrogat</strong></span> <span class='ocrx_word' id='word_1_196' title='bbox 3164 1512 3237 1551; x_wconf 89' lang='lat' dir='ltr'><strong>an</strong></span> <span class='ocrx_word' id='word_1_197' title='bbox 3289 1495 3415 1567; x_wconf 86' lang='lat' dir='ltr'><strong>ipse</strong></span> <span class='ocrx_word' id='word_1_198' title='bbox 3473 1512 3707 1569; x_wconf 85' lang='lat' dir='ltr'><strong>quoque</strong></span> 
     </span>
    </p>
   </div>
   <div class='ocr_carea' id='block_1_31' title="bbox 2060 1581 3709 1655">
    <p class='ocr_par' dir='ltr' id='par_1_31' title="bbox 2060 1581 3709 1655">
     <span class='ocr_line' id='line_1_31' title="bbox 2060 1581 3709 1655; baseline 0.003 -18"><span class='ocrx_word' id='word_1_199' title='bbox 2060 1581 2283 1654; x_wconf 87' lang='lat' dir='ltr'><strong>aliquid</strong></span> <span class='ocrx_word' id='word_1_200' title='bbox 2314 1582 2487 1638; x_wconf 90' lang='lat' dir='ltr'><strong>laude</strong></span> <span class='ocrx_word' id='word_1_201' title='bbox 2518 1583 2763 1655; x_wconf 89' lang='lat' dir='ltr'><strong>dignum</strong></span> <span class='ocrx_word' id='word_1_202' title='bbox 2798 1586 3036 1641; x_wconf 79' lang='lat' dir='ltr'><strong>fecisset</strong></span> <span class='ocrx_word' id='word_1_203' title='bbox 3079 1603 3144 1641; x_wconf 88' lang='lat' dir='ltr'><strong>ac</strong></span> <span class='ocrx_word' id='word_1_204' title='bbox 3188 1588 3324 1642; x_wconf 90' lang='lat' dir='ltr'><strong>boni</strong></span> <span class='ocrx_word' id='word_1_205' title='bbox 3380 1591 3435 1642; x_wconf 87' lang='lat' dir='ltr'><strong>et</strong></span> <span class='ocrx_word' id='word_1_206' title='bbox 3485 1587 3709 1643; x_wconf 86' lang='lat' dir='ltr'><strong>strenui</strong></span> 
     </span>
    </p>
   </div>
   <div class='ocr_carea' id='block_1_32' title="bbox 2060 1670 3704 1747">
    <p class='ocr_par' dir='ltr' id='par_1_32' title="bbox 2060 1670 3704 1747">
     <span class='ocr_line' id='line_1_32' title="bbox 2060 1670 3704 1747; baseline 0.004 -21"><span class='ocrx_word' id='word_1_207' title='bbox 2060 1672 2228 1727; x_wconf 89' lang='lat' dir='ltr'><strong>ducis</strong></span> <span class='ocrx_word' id='word_1_208' title='bbox 2258 1670 2467 1727; x_wconf 86' lang='lat' dir='ltr'><strong>officiis</strong></span> <span class='ocrx_word' id='word_1_209' title='bbox 2498 1672 2556 1727; x_wconf 89' lang='lat' dir='ltr'><strong>in</strong></span> <span class='ocrx_word' id='word_1_210' title='bbox 2592 1690 2783 1743; x_wconf 74' lang='lat' dir='ltr'><strong>pugna</strong></span> <span class='ocrx_word' id='word_1_211' title='bbox 2812 1689 2946 1729; x_wconf 88' lang='lat' dir='ltr'><strong>cum</strong></span> <span class='ocrx_word' id='word_1_212' title='bbox 2992 1676 3260 1747; x_wconf 79' lang='lat' dir='ltr'><strong>Dionysio</strong></span> <span class='ocrx_word' id='word_1_213' title='bbox 3292 1680 3704 1747; x_wconf 88' lang='lat' dir='ltr'><strong>Hungarorum</strong></span> 
     </span>
    </p>
   </div>
   <div class='ocr_carea' id='block_1_33' title="bbox 2061 1761 3709 1821">
    <p class='ocr_par' dir='ltr' id='par_1_33' title="bbox 2061 1761 3709 1821">
     <span class='ocr_line' id='line_1_33' title="bbox 2061 1761 3709 1821; baseline 0.002 -5"><span class='ocrx_word' id='word_1_214' title='bbox 2061 1762 2209 1817; x_wconf 90' lang='lat' dir='ltr'><strong>duce</strong></span> <span class='ocrx_word' id='word_1_215' title='bbox 2242 1761 2477 1816; x_wconf 84' lang='lat' dir='ltr'><strong>functus</strong></span> <span class='ocrx_word' id='word_1_216' title='bbox 2526 1769 2678 1817; x_wconf 80' lang='lat' dir='ltr'><strong>esset</strong></span> <span class='ocrx_word' id='word_1_217' title='bbox 2730 1764 2886 1818; x_wconf 77' lang='grc'><strong>174</strong></span> <span class='ocrx_word' id='word_1_218' title='bbox 2934 1764 3124 1819; x_wconf 79' lang='lat' dir='ltr'><strong>Gabra</strong></span> <span class='ocrx_word' id='word_1_219' title='bbox 3182 1781 3314 1820; x_wconf 88' lang='lat' dir='ltr'><strong>vero</strong></span> <span class='ocrx_word' id='word_1_220' title='bbox 3376 1766 3709 1821; x_wconf 76' lang='lat' dir='ltr'><strong>affirmante</strong></span> 
     </span>
    </p>
   </div>
   <div class='ocr_carea' id='block_1_34' title="bbox 298 1845 1960 1933">
    <p class='ocr_par' dir='ltr' id='par_1_34' title="bbox 298 1845 1950 1930">
     <span class='ocr_line' id='line_1_34' title="bbox 298 1845 1950 1930; baseline -0.007 -19"><span class='ocrx_word' id='word_1_221' title='bbox 298 1854 637 1930; x_wconf 74' lang='grc' dir='ltr'>ἐπιταχθεὶς,</span> <span class='ocrx_word' id='word_1_222' title='bbox 666 1851 830 1925; x_wconf 80' lang='grc' dir='ltr'>ὅρκον</span> <span class='ocrx_word' id='word_1_223' title='bbox 869 1851 968 1918; x_wconf 71' lang='grc' dir='ltr'><strong>τὴν</strong></span> <span class='ocrx_word' id='word_1_224' title='bbox 999 1849 1200 1904; x_wconf 78' lang='grc' dir='ltr'>οἰκείαν</span> <span class='ocrx_word' id='word_1_225' title='bbox 1260 1847 1503 1924; x_wconf 76' lang='grc' dir='ltr'>κεφαλὴν</span> <span class='ocrx_word' id='word_1_226' title='bbox 1565 1845 1950 1922; x_wconf 82' lang='grc' dir='ltr'>ἐπαγαγόντος,</span> 
     </span>
    </p>
   </div>
   <div class='ocr_carea' id='block_1_35' title="bbox 2067 1845 3707 1933">
    <p class='ocr_par' dir='ltr' id='par_1_35' title="bbox 2067 1849 3707 1924">
     <span class='ocr_line' id='line_1_35' title="bbox 2067 1849 3707 1924; baseline 0.002 -20"><span class='ocrx_word' id='word_1_227' title='bbox 2067 1850 2381 1906; x_wconf 78' lang='lat' dir='ltr'><strong>fortissime</strong></span> <span class='ocrx_word' id='word_1_228' title='bbox 2412 1866 2474 1906; x_wconf 91' lang='lat' dir='ltr'><strong>se</strong></span> <span class='ocrx_word' id='word_1_229' title='bbox 2504 1849 2563 1905; x_wconf 91' lang='lat' dir='ltr'><strong>in</strong></span> <span class='ocrx_word' id='word_1_230' title='bbox 2613 1849 2712 1908; x_wconf 90' lang='lat' dir='ltr'><strong>illo</strong></span> <span class='ocrx_word' id='word_1_231' title='bbox 2773 1851 2970 1923; x_wconf 74' lang='lat' dir='ltr'><strong>praelio</strong></span> <span class='ocrx_word' id='word_1_232' title='bbox 3029 1853 3303 1924; x_wconf 88' lang='lat' dir='ltr'><strong>gessisse,</strong></span> <span class='ocrx_word' id='word_1_233' title='bbox 3355 1854 3595 1923; x_wconf 86' lang='lat' dir='ltr'><strong>subjicit</strong></span> <span class='ocrx_word' id='word_1_234' title='bbox 3645 1870 3707 1908; x_wconf 91' lang='lat' dir='ltr'><strong>se</strong></span> 
     </span>
    </p>
   </div>
   <div class='ocr_carea' id='block_1_36' title="bbox 300 1932 1960 2014">
    <p class='ocr_par' dir='ltr' id='par_1_36' title="bbox 300 1932 1949 2014">
     <span class='ocr_line' id='line_1_36' title="bbox 300 1932 1949 2014; baseline -0.006 -14"><span class='ocrx_word' id='word_1_235' title='bbox 300 1942 526 2014; x_wconf 78' lang='grc' dir='ltr'>ἀληθῶς</span> <span class='ocrx_word' id='word_1_236' title='bbox 560 1942 729 1997; x_wconf 86' lang='grc' dir='ltr'>εἰπεῖν</span> <span class='ocrx_word' id='word_1_237' title='bbox 770 1941 799 1995; x_wconf 75' lang='grc' dir='ltr'><strong>’ὀ</strong></span> <span class='ocrx_word' id='word_1_238' title='bbox 858 1940 983 2014; x_wconf 82' lang='grc' dir='ltr'>περὶ</span> <span class='ocrx_word' id='word_1_239' title='bbox 1032 1942 1129 1993; x_wconf 89' lang='grc' dir='ltr'><strong>τοῦ</strong></span> <span class='ocrx_word' id='word_1_240' title='bbox 1172 1932 1356 2012; x_wconf 85' lang='grc' dir='ltr'>Γαϐρᾶ</span> <span class='ocrx_word' id='word_1_241' title='bbox 1407 1942 1651 2012; x_wconf 86' lang='grc' dir='ltr'>γενναῖον</span> <span class='ocrx_word' id='word_1_242' title='bbox 1709 1934 1949 1991; x_wconf 89' lang='grc' dir='ltr'>σύνοιδεν</span> 
     </span>
    </p>
   </div>
   <div class='ocr_carea' id='block_1_37' title="bbox 2067 1932 3707 2014">
    <p class='ocr_par' dir='ltr' id='par_1_37' title="bbox 2067 1939 3707 2013">
     <span class='ocr_line' id='line_1_37' title="bbox 2067 1939 3707 2013; baseline 0.002 -18"><span class='ocrx_word' id='word_1_243' title='bbox 2067 1956 2251 1995; x_wconf 82' lang='lat' dir='ltr'><strong>coram</strong></span> <span class='ocrx_word' id='word_1_244' title='bbox 2274 1939 2723 2011; x_wconf 89' lang='lat' dir='ltr'><strong>imperatore,in</strong></span> <span class='ocrx_word' id='word_1_245' title='bbox 2745 1942 2916 2013; x_wconf 89' lang='lat' dir='ltr'><strong>cujus</strong></span> <span class='ocrx_word' id='word_1_246' title='bbox 2938 1942 3327 2012; x_wconf 88' lang='lat' dir='ltr'><strong>caputjurare</strong></span> <span class='ocrx_word' id='word_1_247' title='bbox 3350 1943 3426 1997; x_wconf 88' lang='lat' dir='ltr'><strong>sit</strong></span> <span class='ocrx_word' id='word_1_248' title='bbox 3444 1947 3707 2012; x_wconf 88' lang='lat' dir='ltr'><strong>coactus,</strong></span> 
     </span>
    </p>
   </div>
   <div class='ocr_carea' id='block_1_38' title="bbox 298 2026 1951 2109">
    <p class='ocr_par' dir='ltr' id='par_1_38' title="bbox 298 2026 1951 2109">
     <span class='ocr_line' id='line_1_38' title="bbox 298 2026 1951 2109; baseline -0.004 -22"><span class='ocrx_word' id='word_1_249' title='bbox 298 2033 477 2109; x_wconf 80' lang='grc' dir='ltr'>ἔργον,</span> <span class='ocrx_word' id='word_1_250' title='bbox 510 2035 574 2087; x_wconf 87' lang='grc' dir='ltr'>τὸ</span> <span class='ocrx_word' id='word_1_251' title='bbox 629 2031 769 2092; x_wconf 87' lang='grc' dir='ltr'><strong>τέως</strong></span> <span class='ocrx_word' id='word_1_252' title='bbox 839 2030 932 2102; x_wconf 74' lang='grc' dir='ltr'><strong>μὲν</strong></span> <span class='ocrx_word' id='word_1_253' title='bbox 995 2028 1278 2102; x_wconf 75' lang='grc' dir='ltr'>ὑπερέθετο</span> <span class='ocrx_word' id='word_1_254' title='bbox 1337 2027 1430 2082; x_wconf 85' lang='grc' dir='ltr'><strong>τὸν</strong></span> <span class='ocrx_word' id='word_1_255' title='bbox 1475 2026 1776 2101; x_wconf 79' lang='grc' dir='ltr'>ἀπόλογον,</span> <span class='ocrx_word' id='word_1_256' title='bbox 1816 2026 1951 2099; x_wconf 86' lang='grc' dir='ltr'>πρὸς</span> 
     </span>
    </p>
   </div>
   <div class='ocr_carea' id='block_1_39' title="bbox 301 2114 1957 2195">
    <p class='ocr_par' dir='ltr' id='par_1_39' title="bbox 301 2114 1957 2195">
     <span class='ocr_line' id='line_1_39' title="bbox 301 2114 1957 2195; baseline -0.005 -17"><span class='ocrx_word' id='word_1_257' title='bbox 301 2121 358 2178; x_wconf 72' lang='grc' dir='ltr'>δὲ</span> <span class='ocrx_word' id='word_1_258' title='bbox 398 2122 494 2177; x_wconf 89' lang='grc' dir='ltr'>τὸν</span> <span class='ocrx_word' id='word_1_259' title='bbox 555 2115 766 2195; x_wconf 85' lang='grc' dir='ltr'>Γαϐρᾶν</span> <span class='ocrx_word' id='word_1_260' title='bbox 827 2117 1084 2194; x_wconf 75' lang='grc' dir='ltr'>στραφεὶς</span> <span class='ocrx_word' id='word_1_261' title='bbox 1139 2115 1305 2190; x_wconf 64' lang='grc' dir='ltr'><strong>¹ἤρετο</strong></span> <span class='ocrx_word' id='word_1_262' title='bbox 1360 2119 1553 2170; x_wconf 88' lang='grc' dir='ltr'>τοῦτον</span> <span class='ocrx_word' id='word_1_263' title='bbox 1607 2115 1654 2170; x_wconf 80' lang='grc' dir='ltr'><strong>εί</strong></span> <span class='ocrx_word' id='word_1_264' title='bbox 1710 2114 1801 2170; x_wconf 84' lang='grc' dir='ltr'><strong>καὶ</strong></span> <span class='ocrx_word' id='word_1_265' title='bbox 1856 2116 1957 2170; x_wconf 85' lang='grc' dir='ltr'>αὐ-</span> 
     </span>
    </p>
   </div>
   <div class='ocr_carea' id='block_1_40' title="bbox 295 2201 1956 2286">
    <p class='ocr_par' dir='ltr' id='par_1_40' title="bbox 295 2201 1956 2286">
     <span class='ocr_line' id='line_1_40' title="bbox 295 2201 1956 2286; baseline -0.005 -18"><span class='ocrx_word' id='word_1_266' title='bbox 295 2212 390 2274; x_wconf 79' lang='grc' dir='ltr'>τὸς</span> <span class='ocrx_word' id='word_1_267' title='bbox 421 2207 667 2286; x_wconf 81' lang='grc' dir='ltr'>ἀνδρεῖόν</span> <span class='ocrx_word' id='word_1_268' title='bbox 698 2228 752 2263; x_wconf 88' lang='grc' dir='ltr'><strong>τι</strong></span> <span class='ocrx_word' id='word_1_269' title='bbox 808 2207 900 2262; x_wconf 84' lang='grc' dir='ltr'><strong>καὶ</strong></span> <span class='ocrx_word' id='word_1_270' title='bbox 968 2206 1114 2277; x_wconf 81' lang='grc' dir='ltr'>ἄξιον</span> <span class='ocrx_word' id='word_1_271' title='bbox 1183 2203 1405 2260; x_wconf 76' lang='grc' dir='ltr'>ἐπαίνου</span> <span class='ocrx_word' id='word_1_272' title='bbox 1465 2201 1779 2277; x_wconf 81' lang='grc' dir='ltr'>ἐνεδείξατο,</span> <span class='ocrx_word' id='word_1_273' title='bbox 1847 2202 1956 2259; x_wconf 77' lang='grc' dir='ltr'>έίτε</span> 
     </span>
    </p>
   </div>
   <div class='ocr_carea' id='block_1_41' title="bbox 307 2290 1956 2375">
    <p class='ocr_par' dir='ltr' id='par_1_41' title="bbox 307 2290 1956 2375">
     <span class='ocr_line' id='line_1_41' title="bbox 307 2290 1956 2375; baseline -0.005 -19"><span class='ocrx_word' id='word_1_274' title='bbox 307 2303 416 2375; x_wconf 83' lang='grc' dir='ltr'><strong>μὴν</strong></span> <span class='ocrx_word' id='word_1_275' title='bbox 450 2300 527 2361; x_wconf 83' lang='grc' dir='ltr'>ὡς</span> <span class='ocrx_word' id='word_1_276' title='bbox 585 2297 894 2373; x_wconf 84' lang='grc' dir='ltr'>στρατηγὸς</span> <span class='ocrx_word' id='word_1_277' title='bbox 952 2295 1020 2351; x_wconf 81' lang='grc' dir='ltr'>τὰ</span> <span class='ocrx_word' id='word_1_278' title='bbox 1066 2293 1253 2368; x_wconf 85' lang='grc' dir='ltr'>λῲονα</span> <span class='ocrx_word' id='word_1_279' title='bbox 1302 2290 1646 2367; x_wconf 82' lang='grc' dir='ltr'>δῖεπράξατο,</span> <span class='ocrx_word' id='word_1_280' title='bbox 1704 2292 1792 2348; x_wconf 78' lang='grc' dir='ltr'>ὅτε</span> <span class='ocrx_word' id='word_1_281' title='bbox 1824 2313 1956 2365; x_wconf 80' lang='grc' dir='ltr'>συμ-</span> 
     </span>
    </p>
   </div>
   <div class='ocr_carea' id='block_1_42' title="bbox 298 2381 1960 2462">
    <p class='ocr_par' dir='ltr' id='par_1_42' title="bbox 298 2381 1960 2462">
     <span class='ocr_line' id='line_1_42' title="bbox 298 2381 1960 2462; baseline -0.007 -15"><span class='ocrx_word' id='word_1_282' title='bbox 298 2389 560 2451; x_wconf 87' lang='grc' dir='ltr'>πεσόντες</span> <span class='ocrx_word' id='word_1_283' title='bbox 605 2388 742 2462; x_wconf 87' lang='grc' dir='ltr'><strong>μετᾶ</strong></span> <span class='ocrx_word' id='word_1_284' title='bbox 780 2389 890 2441; x_wconf 80' lang='grc' dir='ltr'><strong>τῶν</strong></span> <span class='ocrx_word' id='word_1_285' title='bbox 940 2381 1202 2460; x_wconf 78' lang='grc' dir='ltr'>Οῦγγρων</span> <span class='ocrx_word' id='word_1_286' title='bbox 1265 2382 1555 2438; x_wconf 82' lang='grc' dir='ltr'>Διονυσίου</span> <span class='ocrx_word' id='word_1_287' title='bbox 1600 2385 1960 2458; x_wconf 88' lang='grc' dir='ltr'>στρατηγοῦν-</span> 
     </span>
    </p>
   </div>
   <div class='ocr_carea' id='block_1_43' title="bbox 299 2471 1957 2555">
    <p class='ocr_par' dir='ltr' id='par_1_43' title="bbox 299 2471 1957 2555">
     <span class='ocr_line' id='line_1_43' title="bbox 299 2471 1957 2555; baseline -0.006 -20"><span class='ocrx_word' id='word_1_288' title='bbox 299 2502 394 2543; x_wconf 89' lang='grc' dir='ltr'><strong>τος</strong></span> <span class='ocrx_word' id='word_1_289' title='bbox 451 2479 759 2555; x_wconf 87' lang='grc' dir='ltr'>ἐμάχσντο.</span> <span class='ocrx_word' id='word_1_290' title='bbox 827 2476 922 2548; x_wconf 81' lang='grc' dir='ltr'><strong>Τῷ</strong></span> <span class='ocrx_word' id='word_1_291' title='bbox 976 2495 1063 2529; x_wconf 87' lang='grc' dir='ltr'><strong>τοι</strong></span> <span class='ocrx_word' id='word_1_292' title='bbox 1120 2474 1209 2527; x_wconf 86' lang='grc' dir='ltr'><strong>καὶ</strong></span> <span class='ocrx_word' id='word_1_293' title='bbox 1266 2471 1757 2549; x_wconf 89' lang='grc' dir='ltr'>καθομολογοῦντα</span> <span class='ocrx_word' id='word_1_294' title='bbox 1805 2472 1957 2547; x_wconf 85' lang='grc' dir='ltr'>σχὼν</span> 
     </span>
    </p>
   </div>
   <div class='ocr_carea' id='block_1_44' title="bbox 302 2559 1957 2643">
    <p class='ocr_par' dir='ltr' id='par_1_44' title="bbox 302 2559 1957 2643">
     <span class='ocr_line' id='line_1_44' title="bbox 302 2559 1957 2643; baseline -0.007 -18"><span class='ocrx_word' id='word_1_295' title='bbox 302 2571 397 2626; x_wconf 80' lang='grc' dir='ltr'>τὸν</span> <span class='ocrx_word' id='word_1_296' title='bbox 428 2563 671 2643; x_wconf 79' lang='grc' dir='ltr'>Γαϐρᾶν,</span> <span class='ocrx_word' id='word_1_297' title='bbox 701 2566 793 2621; x_wconf 81' lang='grc' dir='ltr'><strong>καὶ</strong></span> <span class='ocrx_word' id='word_1_298' title='bbox 833 2566 908 2626; x_wconf 84' lang='grc' dir='ltr'><strong>ὡς</strong></span> <span class='ocrx_word' id='word_1_299' title='bbox 941 2563 1039 2619; x_wconf 89' lang='grc' dir='ltr'><strong>οὐκ</strong></span> <span class='ocrx_word' id='word_1_300' title='bbox 1070 2561 1245 2619; x_wconf 81' lang='grc' dir='ltr'>ἄλλον</span> <span class='ocrx_word' id='word_1_301' title='bbox 1289 2561 1461 2624; x_wconf 80' lang='grc' dir='ltr'>ὄντως</span> <span class='ocrx_word' id='word_1_302' title='bbox 1513 2562 1577 2617; x_wconf 86' lang='grc' dir='ltr'>τὸ</span> <span class='ocrx_word' id='word_1_303' title='bbox 1634 2560 1757 2616; x_wconf 88' lang='grc' dir='ltr'>τότε</span> <span class='ocrx_word' id='word_1_304' title='bbox 1795 2559 1957 2615; x_wconf 86' lang='grc' dir='ltr'>αὐτὸν</span> 
     </span>
    </p>
   </div>
   <div class='ocr_carea' id='block_1_45' title="bbox 308 2643 1956 2734">
    <p class='ocr_par' dir='ltr' id='par_1_45' title="bbox 308 2643 1956 2734">
     <span class='ocr_line' id='line_1_45' title="bbox 308 2643 1956 2734; baseline -0.008 -20"><span class='ocrx_word' id='word_1_305' title='bbox 308 2656 660 2734; x_wconf 81' lang='grc' dir='ltr'>ἇνδρίυασθαι</span> <span class='ocrx_word' id='word_1_306' title='bbox 722 2656 1121 2731; x_wconf 76' lang='grc' dir='ltr'>μαρτυροῦντα,</span> <span class='ocrx_word' id='word_1_307' title='bbox 1167 2652 1436 2729; x_wconf 76' lang='grc' dir='ltr'>ἐπήγαγεν</span> <span class='ocrx_word' id='word_1_308' title='bbox 1504 2650 1578 2712; x_wconf 86' lang='grc' dir='ltr'>ὡς</span> <span class='ocrx_word' id='word_1_309' title='bbox 1629 2648 1728 2704; x_wconf 87' lang='grc' dir='ltr'><strong>οὐκ</strong></span> <span class='ocrx_word' id='word_1_310' title='bbox 1812 2643 1956 2723; x_wconf 81' lang='grc' dir='ltr'>ἔχων</span> 
     </span>
    </p>
   </div>
   <div class='ocr_carea' id='block_1_46' title="bbox 313 2737 1959 2822">
    <p class='ocr_par' dir='ltr' id='par_1_46' title="bbox 313 2737 1959 2822">
     <span class='ocr_line' id='line_1_46' title="bbox 313 2737 1959 2822; baseline -0.006 -21"><span class='ocrx_word' id='word_1_311' title='bbox 313 2745 593 2822; x_wconf 79' lang='grc' dir='ltr'>βασιλέως</span> <span class='ocrx_word' id='word_1_312' title='bbox 646 2744 875 2799; x_wconf 84' lang='grc' dir='ltr'>ἐνώπιον</span> <span class='ocrx_word' id='word_1_313' title='bbox 937 2741 1427 2819; x_wconf 83' lang='grc' dir='ltr'>παρανὸσφίζεσθαι</span> <span class='ocrx_word' id='word_1_314' title='bbox 1485 2741 1604 2809; x_wconf 71' lang='grc' dir='ltr'>ζτήν</span> <span class='ocrx_word' id='word_1_315' title='bbox 1683 2737 1959 2809; x_wconf 82' lang='grc' dir='ltr'>ἀλήθειαν,</span> 
     </span>
    </p>
   </div>
   <div class='ocr_carea' id='block_1_47' title="bbox 325 2828 1963 2910">
    <p class='ocr_par' dir='ltr' id='par_1_47' title="bbox 325 2828 1963 2910">
     <span class='ocr_line' id='line_1_47' title="bbox 325 2828 1963 2910; baseline -0.005 -21"><span class='ocrx_word' id='word_1_316' title='bbox 325 2835 407 2895; x_wconf 70' lang='grc' dir='ltr'>εἰς</span> <span class='ocrx_word' id='word_1_317' title='bbox 436 2836 540 2902; x_wconf 71' lang='grc' dir='ltr'><strong>τὴν</strong></span> <span class='ocrx_word' id='word_1_318' title='bbox 605 2833 798 2887; x_wconf 71' lang='grc' dir='ltr'>οἰκείαν</span> <span class='ocrx_word' id='word_1_319' title='bbox 864 2831 1109 2910; x_wconf 75' lang='grc' dir='ltr'>κεφαλήν</span> <span class='ocrx_word' id='word_1_320' title='bbox 1163 2831 1324 2886; x_wconf 86' lang='grc' dir='ltr'>αὐτὸν</span> <span class='ocrx_word' id='word_1_321' title='bbox 1386 2829 1779 2905; x_wconf 81' lang='grc' dir='ltr'>ἐξορκίζοντος,</span> <span class='ocrx_word' id='word_1_322' title='bbox 1829 2828 1963 2905; x_wconf 84' lang='grc' dir='ltr'>φησὶ</span> 
     </span>
    </p>
   </div>
   <div class='ocr_carea' id='block_1_48' title="bbox 336 2912 1961 2996">
    <p class='ocr_par' dir='ltr' id='par_1_48' title="bbox 336 2912 1961 2996">
     <span class='ocr_line' id='line_1_48' title="bbox 336 2912 1961 2996; baseline -0.003 -20"><span class='ocrx_word' id='word_1_323' title='bbox 336 2920 611 2996; x_wconf 80' lang='grc' dir='ltr'>μηδαμῶς</span> <span class='ocrx_word' id='word_1_324' title='bbox 669 2922 957 2988; x_wconf 80' lang='grc' dir='ltr'>ὑποστῆναι</span> <span class='ocrx_word' id='word_1_325' title='bbox 1013 2922 1113 2989; x_wconf 75' lang='grc' dir='ltr'>τὴν</span> <span class='ocrx_word' id='word_1_326' title='bbox 1161 2925 1273 2975; x_wconf 80' lang='grc' dir='ltr'>τῶν</span> <span class='ocrx_word' id='word_1_327' title='bbox 1304 2918 1561 2975; x_wconf 71' lang='grc' dir='ltr'>ἐναντίων</span> <span class='ocrx_word' id='word_1_328' title='bbox 1590 2912 1840 2991; x_wconf 76' lang='grc' dir='ltr'>ἐμϐολὴν</span> <span class='ocrx_word' id='word_1_329' title='bbox 1869 2916 1961 2971; x_wconf 86' lang='grc' dir='ltr'><strong>τὸν</strong></span> 
     </span>
    </p>
   </div>
   <div class='ocr_carea' id='block_1_49' title="bbox 332 3004 1966 3086">
    <p class='ocr_par' dir='ltr' id='par_1_49' title="bbox 332 3004 1966 3086">
     <span class='ocr_line' id='line_1_49' title="bbox 332 3004 1966 3086; baseline -0.005 -18"><span class='ocrx_word' id='word_1_330' title='bbox 332 3005 567 3086; x_wconf 84' lang='grc' dir='ltr'>Γαϐρᾶν·</span> <span class='ocrx_word' id='word_1_331' title='bbox 594 3009 718 3067; x_wconf 79' lang='grc' dir='ltr'>ἀλλ’</span> <span class='ocrx_word' id='word_1_332' title='bbox 764 3011 823 3066; x_wconf 81' lang='grc' dir='ltr'><strong>ἐκ</strong></span> <span class='ocrx_word' id='word_1_333' title='bbox 859 3012 1084 3086; x_wconf 84' lang='grc' dir='ltr'>πρώτης</span> <span class='ocrx_word' id='word_1_334' title='bbox 1124 3004 1446 3084; x_wconf 77' lang='grc' dir='ltr'>προσϐολῆς</span> <span class='ocrx_word' id='word_1_335' title='bbox 1511 3005 1966 3063; x_wconf 83' lang='grc' dir='ltr'>ἀποδειλιάσαντα</span> 
     </span>
    </p>
   </div>
   <div class='ocr_carea' id='block_1_50' title="bbox 328 3094 1966 3177">
    <p class='ocr_par' dir='ltr' id='par_1_50' title="bbox 328 3094 1966 3177">
     <span class='ocr_line' id='line_1_50' title="bbox 328 3094 1966 3177; baseline -0.004 -22"><span class='ocrx_word' id='word_1_336' title='bbox 328 3098 580 3175; x_wconf 74' lang='grc' dir='ltr'>κ’ίχεσθαι</span> <span class='ocrx_word' id='word_1_337' title='bbox 611 3101 901 3177; x_wconf 87' lang='grc' dir='ltr'>φεύγοντα,</span> <span class='ocrx_word' id='word_1_338' title='bbox 950 3098 1041 3154; x_wconf 82' lang='grc' dir='ltr'><strong>καὶ</strong></span> <span class='ocrx_word' id='word_1_339' title='bbox 1080 3101 1247 3154; x_wconf 88' lang='grc' dir='ltr'>ταῦτα</span> <span class='ocrx_word' id='word_1_340' title='bbox 1285 3096 1451 3152; x_wconf 85' lang='grc' dir='ltr'>αὐτοῦ</span> <span class='ocrx_word' id='word_1_341' title='bbox 1502 3094 1776 3157; x_wconf 83' lang='grc' dir='ltr'>πολλάκις</span> <span class='ocrx_word' id='word_1_342' title='bbox 1833 3094 1966 3150; x_wconf 82' lang='grc' dir='ltr'><strong>ἀνα-</strong></span> 
     </span>
    </p>
   </div>
   <div class='ocr_carea' id='block_1_51' title="bbox 317 3186 1963 3265">
    <p class='ocr_par' dir='ltr' id='par_1_51' title="bbox 317 3186 1963 3265">
     <span class='ocr_line' id='line_1_51' title="bbox 317 3186 1963 3265; baseline -0.005 -18"><span class='ocrx_word' id='word_1_343' title='bbox 317 3190 665 3265; x_wconf 75' lang='grc' dir='ltr'>οαλουμένου</span> <span class='ocrx_word' id='word_1_344' title='bbox 718 3195 913 3246; x_wconf 90' lang='grc' dir='ltr'>τοῦτον</span> <span class='ocrx_word' id='word_1_345' title='bbox 954 3189 1068 3257; x_wconf 87' lang='grc' dir='ltr'>καὶ,</span> <span class='ocrx_word' id='word_1_346' title='bbox 1120 3212 1150 3241; x_wconf 91' lang='grc'><em>‹‹</em></span> <span class='ocrx_word' id='word_1_347' title='bbox 1202 3195 1396 3257; x_wconf 83' lang='grc' dir='ltr'>Στῆθι,</span> <span class='ocrx_word' id='word_1_348' title='bbox 1455 3187 1501 3243; x_wconf 81' lang='grc' dir='ltr'><strong>ὦ</strong></span> <span class='ocrx_word' id='word_1_349' title='bbox 1549 3186 1733 3262; x_wconf 84' lang='grc' dir='ltr'>φίλος,</span> <span class='ocrx_word' id='word_1_350' title='bbox 1781 3186 1963 3241; x_wconf 82' lang='grc' dir='ltr'>εἰπόν-</span> 
     </span>
    </p>
   </div>
   <div class='ocr_carea' id='block_1_52' title="bbox 308 3275 1962 3357">
    <p class='ocr_par' dir='ltr' id='par_1_52' title="bbox 308 3275 1962 3357">
     <span class='ocr_line' id='line_1_52' title="bbox 308 3275 1962 3357; baseline -0.005 -18"><span class='ocrx_word' id='word_1_351' title='bbox 308 3305 407 3345; x_wconf 89' lang='grc' dir='ltr'><strong>τος</strong></span> <span class='ocrx_word' id='word_1_352' title='bbox 444 3284 560 3357; x_wconf 83' lang='grc' dir='ltr'>μετ⁹</span> <span class='ocrx_word' id='word_1_353' title='bbox 590 3277 924 3352; x_wconf 83' lang='grc' dir='ltr'>ἐκϐοήσέως.</span> <span class='ocrx_word' id='word_1_354' title='bbox 959 3280 1124 3354; x_wconf 80' lang='grc' dir='ltr'><strong>’Λτᾶρ</strong></span> <span class='ocrx_word' id='word_1_355' title='bbox 1189 3279 1280 3334; x_wconf 83' lang='grc' dir='ltr'><strong>καὶ</strong></span> <span class='ocrx_word' id='word_1_356' title='bbox 1332 3275 1575 3333; x_wconf 82' lang='grc' dir='ltr'>σπεύδων</span> <span class='ocrx_word' id='word_1_357' title='bbox 1617 3278 1645 3332; x_wconf 93' lang='lat'><strong>6</strong></span> <span class='ocrx_word' id='word_1_358' title='bbox 1708 3276 1962 3354; x_wconf 81' lang='grc' dir='ltr'>βασιλεὺς</span> 
     </span>
    </p>
   </div>
   <div class='ocr_carea' id='block_1_53' title="bbox 314 3369 1963 3450">
    <p class='ocr_par' dir='ltr' id='par_1_53' title="bbox 314 3369 1963 3450">
     <span class='ocr_line' id='line_1_53' title="bbox 314 3369 1963 3450; baseline -0.004 -18"><span class='ocrx_word' id='word_1_359' title='bbox 314 3376 449 3432; x_wconf 89' lang='grc' dir='ltr'>αὐτό</span> <span class='ocrx_word' id='word_1_360' title='bbox 524 3396 581 3430; x_wconf 88' lang='grc' dir='ltr'><strong>τε</strong></span> <span class='ocrx_word' id='word_1_361' title='bbox 650 3375 714 3429; x_wconf 86' lang='grc' dir='ltr'>τὸ</span> <span class='ocrx_word' id='word_1_362' title='bbox 774 3374 1069 3450; x_wconf 88' lang='grc' dir='ltr'>Ζεύγμινον</span> <span class='ocrx_word' id='word_1_363' title='bbox 1153 3371 1453 3445; x_wconf 84' lang='grc' dir='ltr'>Ῥωμαίοις</span> <span class='ocrx_word' id='word_1_364' title='bbox 1522 3369 1963 3425; x_wconf 82' lang='grc' dir='ltr'>ἐπανασώσασθαι</span> 
     </span>
    </p>
   </div>
   <div class='ocr_carea' id='block_1_54' title="bbox 311 3458 1963 3534">
    <p class='ocr_par' dir='ltr' id='par_1_54' title="bbox 311 3458 1963 3534">
     <span class='ocr_line' id='line_1_54' title="bbox 311 3458 1963 3534; baseline -0.005 -12"><span class='ocrx_word' id='word_1_365' title='bbox 311 3468 406 3522; x_wconf 85' lang='grc' dir='ltr'><strong>καὶ</strong></span> <span class='ocrx_word' id='word_1_366' title='bbox 446 3464 599 3527; x_wconf 82' lang='grc' dir='ltr'>δίκας</span> <span class='ocrx_word' id='word_1_367' title='bbox 651 3465 781 3527; x_wconf 81' lang='grc' dir='ltr'>τοὺς</span> <span class='ocrx_word' id='word_1_368' title='bbox 837 3458 1070 3522; x_wconf 76' lang='grc' dir='ltr'>Οῦννους</span> <span class='ocrx_word' id='word_1_369' title='bbox 1123 3460 1503 3534; x_wconf 76' lang='grc' dir='ltr'>εἰσπράξασθαι</span> <span class='ocrx_word' id='word_1_370' title='bbox 1560 3460 1632 3514; x_wconf 85' lang='grc' dir='ltr'><strong>ὧν</strong></span> <span class='ocrx_word' id='word_1_371' title='bbox 1690 3460 1765 3520; x_wconf 82' lang='grc' dir='ltr'><strong>είς</strong></span> <span class='ocrx_word' id='word_1_372' title='bbox 1834 3459 1963 3514; x_wconf 76' lang='grc' dir='ltr'><strong>Στέο</strong></span> 
     </span>
    </p>
   </div>
   <div class='ocr_carea' id='block_1_55' title="bbox 315 3544 1963 3633">
    <p class='ocr_par' dir='ltr' id='par_1_55' title="bbox 315 3544 1963 3633">
     <span class='ocr_line' id='line_1_55' title="bbox 315 3544 1963 3633; baseline -0.004 -23"><span class='ocrx_word' id='word_1_373' title='bbox 315 3576 485 3633; x_wconf 82' lang='grc' dir='ltr'>φανον</span> <span class='ocrx_word' id='word_1_374' title='bbox 544 3553 1001 3628; x_wconf 77' lang='grc' dir='ltr'>πεπαρῳνήκασι,</span> <span class='ocrx_word' id='word_1_375' title='bbox 1058 3556 1175 3613; x_wconf 84' lang='grc' dir='ltr'>τοῖς</span> <span class='ocrx_word' id='word_1_376' title='bbox 1232 3548 1403 3604; x_wconf 79' lang='grc' dir='ltr'>ἐκεῖσε</span> <span class='ocrx_word' id='word_1_377' title='bbox 1470 3544 1806 3624; x_wconf 74' lang='grc' dir='ltr'>παρενέϐαλε</span> <span class='ocrx_word' id='word_1_378' title='bbox 1868 3549 1963 3623; x_wconf 74' lang='grc' dir='ltr'><strong>μὲ-</strong></span> 
     </span>
    </p>
   </div>
   <div class='ocr_carea' id='block_1_56' title="bbox 320 3634 1963 3721">
    <p class='ocr_par' dir='ltr' id='par_1_56' title="bbox 320 3634 1963 3721">
     <span class='ocr_line' id='line_1_56' title="bbox 320 3634 1963 3721; baseline -0.004 -21"><span class='ocrx_word' id='word_1_379' title='bbox 320 3666 491 3721; x_wconf 84' lang='grc' dir='ltr'>ρεσιν.</span> <span class='ocrx_word' id='word_1_380' title='bbox 526 3644 598 3700; x_wconf 84' lang='lat' dir='ltr'><strong>H&#39;t</strong></span> <span class='ocrx_word' id='word_1_381' title='bbox 629 3640 687 3698; x_wconf 73' lang='grc' dir='ltr'>δὲ</span> <span class='ocrx_word' id='word_1_382' title='bbox 716 3637 986 3714; x_wconf 75' lang='grc' dir='ltr'>ϐάρϐαροι</span> <span class='ocrx_word' id='word_1_383' title='bbox 1016 3640 1161 3713; x_wconf 82' lang='grc' dir='ltr'>παρὰ</span> <span class='ocrx_word' id='word_1_384' title='bbox 1216 3640 1313 3700; x_wconf 80' lang='grc' dir='ltr'><strong>τὰς</strong></span> <span class='ocrx_word' id='word_1_385' title='bbox 1371 3634 1541 3714; x_wconf 78' lang='grc' dir='ltr'>ὄχθας</span> <span class='ocrx_word' id='word_1_386' title='bbox 1596 3642 1693 3693; x_wconf 91' lang='grc' dir='ltr'><strong>τοῦ</strong></span> <span class='ocrx_word' id='word_1_387' title='bbox 1750 3644 1963 3713; x_wconf 81' lang='grc' dir='ltr'>Ἴστρου</span> 
     </span>
    </p>
   </div>
   <div class='ocr_carea' id='block_1_57' title="bbox 319 3724 1961 3807">
    <p class='ocr_par' dir='ltr' id='par_1_57' title="bbox 319 3724 1961 3807">
     <span class='ocr_line' id='line_1_57' title="bbox 319 3724 1961 3807; baseline -0.005 -18"><span class='ocrx_word' id='word_1_388' title='bbox 319 3738 575 3807; x_wconf 88' lang='grc' dir='ltr'>ποταμοῦ</span> <span class='ocrx_word' id='word_1_389' title='bbox 628 3732 704 3794; x_wconf 84' lang='grc' dir='ltr'>ὡς</span> <span class='ocrx_word' id='word_1_390' title='bbox 763 3731 838 3792; x_wconf 80' lang='grc' dir='ltr'>εἷς</span> <span class='ocrx_word' id='word_1_391' title='bbox 896 3728 1141 3803; x_wconf 85' lang='grc' dir='ltr'>πόλεμον</span> <span class='ocrx_word' id='word_1_392' title='bbox 1208 3725 1594 3802; x_wconf 82' lang='grc' dir='ltr'>διαταξάμενοι</span> <span class='ocrx_word' id='word_1_393' title='bbox 1665 3724 1961 3782; x_wconf 79' lang='grc' dir='ltr'>διεκώλυον</span> 
     </span>
    </p>
   </div>
   <div class='ocr_carea' id='block_1_58' title="bbox 313 3814 1968 3897">
    <p class='ocr_par' dir='ltr' id='par_1_58' title="bbox 313 3814 1968 3897">
     <span class='ocr_line' id='line_1_58' title="bbox 313 3814 1968 3897; baseline -0.005 -18"><span class='ocrx_word' id='word_1_394' title='bbox 313 3826 415 3893; x_wconf 79' lang='grc' dir='ltr'>τῆς</span> <span class='ocrx_word' id='word_1_395' title='bbox 474 3826 729 3897; x_wconf 79' lang='grc' dir='ltr'>στρατιᾶς</span> <span class='ocrx_word' id='word_1_396' title='bbox 779 3820 880 3888; x_wconf 80' lang='grc' dir='ltr'>τὴν</span> <span class='ocrx_word' id='word_1_397' title='bbox 919 3816 1234 3893; x_wconf 86' lang='grc' dir='ltr'>περαίωσιν,</span> <span class='ocrx_word' id='word_1_398' title='bbox 1312 3821 1542 3872; x_wconf 87' lang='grc' dir='ltr'>παντοῖα</span> <span class='ocrx_word' id='word_1_399' title='bbox 1621 3814 1757 3893; x_wconf 83' lang='grc' dir='ltr'>βέλη</span> <span class='ocrx_word' id='word_1_400' title='bbox 1834 3817 1968 3872; x_wconf 88' lang='grc' dir='ltr'>ἐπα-</span> 
     </span>
    </p>
   </div>
   <div class='ocr_carea' id='block_1_59' title="bbox 319 3901 1968 3987">
    <p class='ocr_par' dir='ltr' id='par_1_59' title="bbox 319 3901 1968 3987">
     <span class='ocr_line' id='line_1_59' title="bbox 319 3901 1968 3987; baseline -0.004 -19"><span class='ocrx_word' id='word_1_401' title='bbox 319 3912 529 3987; x_wconf 82' lang='grc' dir='ltr'>φιέντες</span> <span class='ocrx_word' id='word_1_402' title='bbox 587 3912 676 3966; x_wconf 83' lang='grc' dir='ltr'><strong>καὶ</strong></span> <span class='ocrx_word' id='word_1_403' title='bbox 726 3909 821 3972; x_wconf 77' lang='grc' dir='ltr'><strong>τὰς</strong></span> <span class='ocrx_word' id='word_1_404' title='bbox 880 3902 1130 3982; x_wconf 73' lang='grc' dir='ltr'>ἐμϐολὰς</span> <span class='ocrx_word' id='word_1_405' title='bbox 1167 3901 1813 3982; x_wconf 86' lang='grc' dir='ltr'>προκαταλαμϐάνοντες,</span> <span class='ocrx_word' id='word_1_406' title='bbox 1872 3912 1968 3962; x_wconf 77' lang='grc' dir='ltr'><strong>κᾶν</strong></span> 
     </span>
    </p>
   </div>
   <div class='ocr_carea' id='block_1_60' title="bbox 317 3991 1972 4073">
    <p class='ocr_par' dir='ltr' id='par_1_60' title="bbox 317 3991 1972 4073">
     <span class='ocr_line' id='line_1_60' title="bbox 317 3991 1972 4073; baseline -0.004 -16"><span class='ocrx_word' id='word_1_407' title='bbox 317 4003 458 4072; x_wconf 68' lang='grc' dir='ltr'><strong>⁴ἦσαν</strong></span> <span class='ocrx_word' id='word_1_408' title='bbox 488 3999 643 4056; x_wconf 70' lang='grc' dir='ltr'>οὐδὲν</span> <span class='ocrx_word' id='word_1_409' title='bbox 694 3997 1055 4072; x_wconf 81' lang='grc' dir='ltr'>περαίνοντες”</span> <span class='ocrx_word' id='word_1_410' title='bbox 1104 3998 1156 4051; x_wconf 83' lang='lat' dir='ltr'><strong>ol.</strong></span> <span class='ocrx_word' id='word_1_411' title='bbox 1210 3997 1311 4073; x_wconf 80' lang='grc' dir='ltr'>γὰρ</span> <span class='ocrx_word' id='word_1_412' title='bbox 1371 3991 1634 4066; x_wconf 79' lang='grc' dir='ltr'>ἐκηϐόλοι</span> <span class='ocrx_word' id='word_1_413' title='bbox 1699 3996 1972 4070; x_wconf 82' lang='grc' dir='ltr'>Ῥωμαῖοι</span> 
     </span>
    </p>
   </div>
   <div class='ocr_carea' id='block_1_61' title="bbox 317 4083 1971 4158">
    <p class='ocr_par' dir='ltr' id='par_1_61' title="bbox 317 4083 1971 4158">
     <span class='ocr_line' id='line_1_61' title="bbox 317 4083 1971 4158; baseline -0.004 -12"><span class='ocrx_word' id='word_1_414' title='bbox 317 4091 505 4147; x_wconf 77' lang='grc' dir='ltr'>καὶτὸ</span> <span class='ocrx_word' id='word_1_415' title='bbox 537 4087 681 4145; x_wconf 73' lang='grc' dir='ltr'>ἄλλο</span> <span class='ocrx_word' id='word_1_416' title='bbox 730 4089 867 4143; x_wconf 80' lang='grc' dir='ltr'>ἅπαν</span> <span class='ocrx_word' id='word_1_417' title='bbox 927 4084 1211 4141; x_wconf 85' lang='grc' dir='ltr'>ὁπλιτικὸν</span> <span class='ocrx_word' id='word_1_418' title='bbox 1268 4084 1539 4158; x_wconf 86' lang='grc' dir='ltr'>ὠσάμενοι</span> <span class='ocrx_word' id='word_1_419' title='bbox 1576 4084 1807 4139; x_wconf 77' lang='grc' dir='ltr'>τούτους</span> <span class='ocrx_word' id='word_1_420' title='bbox 1863 4083 1971 4155; x_wconf 81' lang='grc' dir='ltr'><strong>ἐξέ-</strong></span> 
     </span>
    </p>
   </div>
   <div class='ocr_carea' id='block_1_62' title="bbox 321 4171 1969 4255">
    <p class='ocr_par' dir='ltr' id='par_1_62' title="bbox 321 4171 1969 4255">
     <span class='ocr_line' id='line_1_62' title="bbox 321 4171 1969 4255; baseline -0.005 -18"><span class='ocrx_word' id='word_1_421' title='bbox 321 4201 558 4255; x_wconf 84' lang='grc' dir='ltr'>κρουσαν</span> <span class='ocrx_word' id='word_1_422' title='bbox 616 4181 725 4233; x_wconf 81' lang='grc' dir='ltr'>τῶν</span> <span class='ocrx_word' id='word_1_423' title='bbox 790 4174 1106 4253; x_wconf 86' lang='grc' dir='ltr'>παρακτίων</span> <span class='ocrx_word' id='word_1_424' title='bbox 1161 4178 1362 4249; x_wconf 79' lang='grc' dir='ltr'>μερῶν.</span> <span class='ocrx_word' id='word_1_425' title='bbox 1401 4173 1665 4236; x_wconf 80' lang='grc' dir='ltr'>Βασιλεὺς</span> <span class='ocrx_word' id='word_1_426' title='bbox 1746 4171 1803 4229; x_wconf 79' lang='grc' dir='ltr'>δὲ</span> <span class='ocrx_word' id='word_1_427' title='bbox 1877 4174 1969 4229; x_wconf 75' lang='grc' dir='ltr'><strong>σὺν</strong></span> 
     </span>
    </p>
   </div>
   <div class='ocr_carea' id='block_1_63' title="bbox 324 4256 1970 4339">
    <p class='ocr_par' dir='ltr' id='par_1_63' title="bbox 324 4256 1970 4339">
     <span class='ocr_line' id='line_1_63' title="bbox 324 4256 1970 4339; baseline -0.009 -16"><span class='ocrx_word' id='word_1_428' title='bbox 324 4268 483 4323; x_wconf 86' lang='grc' dir='ltr'>παντὶ</span> <span class='ocrx_word' id='word_1_429' title='bbox 549 4270 630 4338; x_wconf 83' lang='grc' dir='ltr'>τῷ</span> <span class='ocrx_word' id='word_1_430' title='bbox 687 4263 1048 4339; x_wconf 79' lang='grc' dir='ltr'>στρατεύματι</span> <span class='ocrx_word' id='word_1_431' title='bbox 1099 4262 1237 4315; x_wconf 83' lang='grc' dir='ltr'>κατά</span> <span class='ocrx_word' id='word_1_432' title='bbox 1283 4261 1345 4315; x_wconf 84' lang='grc' dir='ltr'>τὸ</span> <span class='ocrx_word' id='word_1_433' title='bbox 1401 4256 1697 4334; x_wconf 84' lang='grc' dir='ltr'>Ζεύγμινον</span> <span class='ocrx_word' id='word_1_434' title='bbox 1776 4259 1970 4337; x_wconf 81' lang='grc' dir='ltr'>ἀφικό.</span> 
     </span>
    </p>
   </div>
   <div class='ocr_carea' id='block_1_64' title="bbox 325 4346 1970 4433">
    <p class='ocr_par' dir='ltr' id='par_1_64' title="bbox 325 4346 1970 4433">
     <span class='ocr_line' id='line_1_64' title="bbox 325 4346 1970 4433; baseline -0.005 -20"><span class='ocrx_word' id='word_1_435' title='bbox 325 4378 494 4433; x_wconf 85' lang='grc' dir='ltr'>μενος</span> <span class='ocrx_word' id='word_1_436' title='bbox 522 4355 635 4411; x_wconf 82' lang='grc' dir='ltr'>ἐκεῖ</span> <span class='ocrx_word' id='word_1_437' title='bbox 662 4374 770 4409; x_wconf 88' lang='grc' dir='ltr'><strong>που</strong></span> <span class='ocrx_word' id='word_1_438' title='bbox 800 4354 1131 4428; x_wconf 78' lang='grc' dir='ltr'>στρατήγιον</span> <span class='ocrx_word' id='word_1_439' title='bbox 1163 4347 1448 4425; x_wconf 85' lang='grc' dir='ltr'>βάλλεται.</span> <span class='ocrx_word' id='word_1_440' title='bbox 1482 4352 1636 4408; x_wconf 83' lang='grc' dir='ltr'>Ἔστι</span> <span class='ocrx_word' id='word_1_441' title='bbox 1694 4346 1752 4403; x_wconf 77' lang='grc' dir='ltr'>δὲ</span> <span class='ocrx_word' id='word_1_442' title='bbox 1802 4355 1970 4406; x_wconf 79' lang='grc' dir='ltr'>τοῦτο</span> 
     </span>
    </p>
   </div>
   <div class='ocr_carea' id='block_1_65' title="bbox 322 4434 1968 4519">
    <p class='ocr_par' dir='ltr' id='par_1_65' title="bbox 322 4434 1968 4519">
     <span class='ocr_line' id='line_1_65' title="bbox 322 4434 1968 4519; baseline -0.005 -16"><span class='ocrx_word' id='word_1_443' title='bbox 322 4447 462 4503; x_wconf 72' lang='grc' dir='ltr'>κατὶ</span> <span class='ocrx_word' id='word_1_444' title='bbox 523 4438 871 4519; x_wconf 86' lang='grc' dir='ltr'>μεσημϐρίαν</span> <span class='ocrx_word' id='word_1_445' title='bbox 940 4434 1283 4515; x_wconf 83' lang='grc' dir='ltr'>ἀπρόσϐατον</span> <span class='ocrx_word' id='word_1_446' title='bbox 1357 4438 1594 4516; x_wconf 85' lang='grc' dir='ltr'>γηλόφῳ</span> <span class='ocrx_word' id='word_1_447' title='bbox 1668 4441 1968 4515; x_wconf 79' lang='grc' dir='ltr'>παρήκοντι</span> 
     </span>
    </p>
   </div>
   <div class='ocr_carea' id='block_1_66' title="bbox 323 4527 1971 4607">
    <p class='ocr_par' dir='ltr' id='par_1_66' title="bbox 323 4527 1971 4607">
     <span class='ocr_line' id='line_1_66' title="bbox 323 4527 1971 4607; baseline -0.005 -16"><span class='ocrx_word' id='word_1_448' title='bbox 323 4537 416 4591; x_wconf 79' lang='grc' dir='ltr'><strong>καὶ</strong></span> <span class='ocrx_word' id='word_1_449' title='bbox 472 4534 734 4607; x_wconf 85' lang='grc' dir='ltr'>ποταμίῳ</span> <span class='ocrx_word' id='word_1_450' title='bbox 772 4530 1156 4605; x_wconf 83' lang='grc' dir='ltr'>τειχιζόμενον</span> <span class='ocrx_word' id='word_1_451' title='bbox 1214 4527 1461 4603; x_wconf 79' lang='grc' dir='ltr'>ῥεύματι.</span> <span class='ocrx_word' id='word_1_452' title='bbox 1511 4529 1667 4607; x_wconf 85' lang='grc' dir='ltr'>ᾬετο</span> <span class='ocrx_word' id='word_1_453' title='bbox 1729 4530 1822 4602; x_wconf 75' lang='grc' dir='ltr'><strong>μὲν</strong></span> <span class='ocrx_word' id='word_1_454' title='bbox 1880 4529 1971 4584; x_wconf 80' lang='grc' dir='ltr'>οῦν</span> 
     </span>
    </p>
   </div>
   <div class='ocr_carea' id='block_1_67' title="bbox 330 4605 2049 4697">
    <p class='ocr_par' dir='ltr' id='par_1_67' title="bbox 330 4605 2049 4697">
     <span class='ocr_line' id='line_1_67' title="bbox 330 4605 2049 4697; baseline -0.006 -17"><span class='ocrx_word' id='word_1_455' title='bbox 330 4619 580 4679; x_wconf 85' lang='grc' dir='ltr'>αὐτοϐοεὶ</span> <span class='ocrx_word' id='word_1_456' title='bbox 622 4605 874 4697; x_wconf 71' lang='grc' dir='ltr'>αἱρήσειν</span> <span class='ocrx_word' id='word_1_457' title='bbox 924 4618 987 4673; x_wconf 88' lang='grc' dir='ltr'>τὸ</span> <span class='ocrx_word' id='word_1_458' title='bbox 1044 4615 1295 4690; x_wconf 82' lang='grc' dir='ltr'>πόλισμα</span> <span class='ocrx_word' id='word_1_459' title='bbox 1352 4618 1445 4673; x_wconf 82' lang='grc' dir='ltr'>οἷα</span> <span class='ocrx_word' id='word_1_460' title='bbox 1497 4605 1607 4671; x_wconf 71' lang='grc' dir='ltr'>τῶν</span> <span class='ocrx_word' id='word_1_461' title='bbox 1664 4611 1813 4671; x_wconf 76' lang='grc' dir='ltr'>ἔνδον</span> <span class='ocrx_word' id='word_1_462' title='bbox 1881 4616 1971 4672; x_wconf 83' lang='grc' dir='ltr'><strong>καὶ</strong></span> <span class='ocrx_word' id='word_1_463' title='bbox 2003 4605 2049 4669; x_wconf 84' lang='grc' dir='ltr'><strong>Ι)</strong></span> 
     </span>
    </p>
   </div>
   <div class='ocr_carea' id='block_1_68' title="bbox 324 4705 1966 4789">
    <p class='ocr_par' dir='ltr' id='par_1_68' title="bbox 324 4705 1966 4789">
     <span class='ocr_line' id='line_1_68' title="bbox 324 4705 1966 4789; baseline -0.007 -18"><span class='ocrx_word' id='word_1_464' title='bbox 324 4716 453 4789; x_wconf 83' lang='grc' dir='ltr'>κρὸς</span> <span class='ocrx_word' id='word_1_465' title='bbox 491 4715 590 4783; x_wconf 77' lang='grc' dir='ltr'><strong>τὴν</strong></span> <span class='ocrx_word' id='word_1_466' title='bbox 650 4711 875 4785; x_wconf 78' lang='grc' dir='ltr'>πρώτην</span> <span class='ocrx_word' id='word_1_467' title='bbox 952 4706 1119 4762; x_wconf 87' lang='grc' dir='ltr'>αὐτοῦ</span> <span class='ocrx_word' id='word_1_468' title='bbox 1176 4708 1294 4761; x_wconf 77' lang='grc' dir='ltr'>θέαν</span> <span class='ocrx_word' id='word_1_469' title='bbox 1354 4705 1810 4781; x_wconf 78' lang='grc' dir='ltr'>καταπλαγέντων</span> <span class='ocrx_word' id='word_1_470' title='bbox 1854 4707 1966 4777; x_wconf 79' lang='grc' dir='ltr'>καὶ,</span> 
     </span>
    </p>
   </div>
   <div class='ocr_carea' id='block_1_69' title="bbox 319 4790 1969 4868">
    <p class='ocr_par' dir='ltr' id='par_1_69' title="bbox 319 4790 1969 4868">
     <span class='ocr_line' id='line_1_69' title="bbox 319 4790 1969 4868; baseline -0.007 -7"><span class='ocrx_word' id='word_1_471' title='bbox 319 4806 415 4867; x_wconf 68' lang='grc' dir='ltr'>τὰς</span> <span class='ocrx_word' id='word_1_472' title='bbox 442 4802 622 4864; x_wconf 86' lang='grc' dir='ltr'>πύλας</span> <span class='ocrx_word' id='word_1_473' title='bbox 676 4797 1083 4855; x_wconf 82' lang='grc' dir='ltr'>ἆνακλινάντων</span> <span class='ocrx_word' id='word_1_474' title='bbox 1148 4797 1239 4850; x_wconf 83' lang='grc' dir='ltr'><strong>καὶ</strong></span> <span class='ocrx_word' id='word_1_475' title='bbox 1289 4793 1593 4868; x_wconf 78' lang='grc' dir='ltr'>δεξαμένων</span> <span class='ocrx_word' id='word_1_476' title='bbox 1656 4793 1814 4850; x_wconf 83' lang='grc' dir='ltr'>αὐτὸν</span> <span class='ocrx_word' id='word_1_477' title='bbox 1882 4790 1969 4850; x_wconf 79' lang='grc' dir='ltr'><strong>ἔν-</strong></span> 
     </span>
    </p>
   </div>
   <div class='ocr_carea' id='block_1_70' title="bbox 321 4880 1967 4956">
    <p class='ocr_par' dir='ltr' id='par_1_70' title="bbox 321 4880 1967 4956">
     <span class='ocr_line' id='line_1_70' title="bbox 321 4880 1967 4956; baseline -0.007 -6"><span class='ocrx_word' id='word_1_478' title='bbox 321 4892 460 4950; x_wconf 65' lang='grc' dir='ltr'>δοθι*</span> <span class='ocrx_word' id='word_1_479' title='bbox 513 4892 591 4953; x_wconf 85' lang='grc' dir='ltr'>ὡς</span> <span class='ocrx_word' id='word_1_480' title='bbox 650 4886 697 4943; x_wconf 85' lang='grc' dir='ltr'>δ’</span> <span class='ocrx_word' id='word_1_481' title='bbox 758 4887 909 4942; x_wconf 81' lang='grc' dir='ltr'>οὗτοι</span> <span class='ocrx_word' id='word_1_482' title='bbox 956 4885 1051 4946; x_wconf 80' lang='grc' dir='ltr'>τὰς</span> <span class='ocrx_word' id='word_1_483' title='bbox 1122 4880 1367 4946; x_wconf 87' lang='grc' dir='ltr'>εἰσόδους</span> <span class='ocrx_word' id='word_1_484' title='bbox 1424 4884 1760 4939; x_wconf 83' lang='grc' dir='ltr'>παντάπασιν</span> <span class='ocrx_word' id='word_1_485' title='bbox 1816 4885 1967 4956; x_wconf 86' lang='grc' dir='ltr'>αὐτῷ</span> 
     </span>
    </p>
   </div>
   <div class='ocr_carea' id='block_1_71' title="bbox 319 4971 1971 5057">
    <p class='ocr_par' dir='ltr' id='par_1_71' title="bbox 319 4971 1971 5057">
     <span class='ocr_line' id='line_1_71' title="bbox 319 4971 1971 5057; baseline -0.007 -17"><span class='ocrx_word' id='word_1_486' title='bbox 319 4982 687 5057; x_wconf 80' lang='grc' dir='ltr'>ἐπεζύγωσαν,</span> <span class='ocrx_word' id='word_1_487' title='bbox 714 4975 783 5031; x_wconf 87' lang='grc' dir='ltr'><strong>τά</strong></span> <span class='ocrx_word' id='word_1_488' title='bbox 809 4995 870 5030; x_wconf 86' lang='grc' dir='ltr'><strong>τε</strong></span> <span class='ocrx_word' id='word_1_489' title='bbox 895 4973 1059 5048; x_wconf 82' lang='grc' dir='ltr'>τείχη</span> <span class='ocrx_word' id='word_1_490' title='bbox 1092 4971 1374 5034; x_wconf 89' lang='grc' dir='ltr'>παντοίοις</span> <span class='ocrx_word' id='word_1_491' title='bbox 1442 4972 1636 5035; x_wconf 76' lang='grc' dir='ltr'>ὅπλοις</span> <span class='ocrx_word' id='word_1_492' title='bbox 1691 4972 1782 5028; x_wconf 79' lang='grc' dir='ltr'><strong>καὶ</strong></span> <span class='ocrx_word' id='word_1_493' title='bbox 1840 4974 1971 5053; x_wconf 83' lang='grc' dir='ltr'>ἀφε-</span> 
     </span>
    </p>
   </div>
   <div class='ocr_carea' id='block_1_72' title="bbox 322 5059 1969 5144">
    <p class='ocr_par' dir='ltr' id='par_1_72' title="bbox 322 5059 1969 5144">
     <span class='ocr_line' id='line_1_72' title="bbox 322 5059 1969 5144; baseline -0.004 -20"><span class='ocrx_word' id='word_1_494' title='bbox 322 5071 542 5144; x_wconf 81' lang='grc' dir='ltr'>τηρίοις</span> <span class='ocrx_word' id='word_1_495' title='bbox 608 5065 871 5141; x_wconf 80' lang='grc' dir='ltr'>ὀργάνοις</span> <span class='ocrx_word' id='word_1_496' title='bbox 930 5060 1236 5131; x_wconf 78' lang='grc' dir='ltr'>ἐκράτυναν,</span> <span class='ocrx_word' id='word_1_497' title='bbox 1297 5059 1444 5117; x_wconf 83' lang='grc' dir='ltr'><strong>ἀλλᾶ</strong></span> <span class='ocrx_word' id='word_1_498' title='bbox 1497 5061 1589 5116; x_wconf 82' lang='grc' dir='ltr'><strong>καὶ</strong></span> <span class='ocrx_word' id='word_1_499' title='bbox 1648 5062 1969 5140; x_wconf 80' lang='grc' dir='ltr'>φαινόμενοι</span> 
     </span>
    </p>
   </div>
   <div class='ocr_carea' id='block_1_73' title="bbox 318 5145 1969 5229">
    <p class='ocr_par' dir='ltr' id='par_1_73' title="bbox 318 5145 1969 5229">
     <span class='ocr_line' id='line_1_73' title="bbox 318 5145 1969 5229; baseline -0.005 -12"><span class='ocrx_word' id='word_1_500' title='bbox 318 5160 524 5216; x_wconf 81' lang='grc' dir='ltr'>ἄνωθεν</span> <span class='ocrx_word' id='word_1_501' title='bbox 577 5155 674 5217; x_wconf 71' lang='grc' dir='ltr'>τὰς</span> <span class='ocrx_word' id='word_1_502' title='bbox 724 5150 978 5227; x_wconf 85' lang='grc' dir='ltr'>γλώσσας</span> <span class='ocrx_word' id='word_1_503' title='bbox 1036 5148 1233 5226; x_wconf 74' lang='grc' dir='ltr'>ἔθηγον</span> <span class='ocrx_word' id='word_1_504' title='bbox 1291 5149 1419 5204; x_wconf 83' lang='grc' dir='ltr'>ὡσεὶ</span> <span class='ocrx_word' id='word_1_505' title='bbox 1470 5145 1670 5229; x_wconf 77' lang='grc' dir='ltr'>ὄφεως,</span> <span class='ocrx_word' id='word_1_506' title='bbox 1728 5150 1827 5206; x_wconf 89' lang='grc' dir='ltr'><strong>οὐκ</strong></span> <span class='ocrx_word' id='word_1_507' title='bbox 1863 5152 1969 5209; x_wconf 85' lang='grc' dir='ltr'><strong>ἀπὸ</strong></span> 
     </span>
    </p>
   </div>
   <div class='ocr_carea' id='block_1_74' title="bbox 322 5237 1971 5331">
    <p class='ocr_par' dir='ltr' id='par_1_74' title="bbox 322 5237 1971 5331">
     <span class='ocr_line' id='line_1_74' title="bbox 322 5237 1971 5331; baseline -0.018 -23"><span class='ocrx_word' id='word_1_508' title='bbox 322 5254 531 5331; x_wconf 78' lang='grc' dir='ltr'>χειρῶν</span> <span class='ocrx_word' id='word_1_509' title='bbox 592 5244 763 5319; x_wconf 89' lang='grc' dir='ltr'>μόνον</span> <span class='ocrx_word' id='word_1_510' title='bbox 809 5238 1048 5331; x_wconf 74' lang='grc' dir='ltr'>ἀφιέντες</span> <span class='ocrx_word' id='word_1_511' title='bbox 1109 5237 1247 5331; x_wconf 68' lang='grc' dir='ltr'><strong>βέλη</strong></span> <span class='ocrx_word' id='word_1_512' title='bbox 1310 5240 1599 5331; x_wconf 43' lang='grc' dir='ltr'>θανάσιμα,</span> <span class='ocrx_word' id='word_1_513' title='bbox 1657 5238 1805 5331; x_wconf 79' lang='grc' dir='ltr'><strong>ἀλλά</strong></span> <span class='ocrx_word' id='word_1_514' title='bbox 1868 5244 1971 5298; x_wconf 69' lang='grc' dir='ltr'><strong>κάκ</strong></span> 
     </span>
    </p>
   </div>
   <div class='ocr_carea' id='block_1_75' title="bbox 316 5325 1970 5404">
    <p class='ocr_par' dir='ltr' id='par_1_75' title="bbox 316 5325 1970 5404">
     <span class='ocr_line' id='line_1_75' title="bbox 316 5325 1970 5404; baseline -0.004 -11"><span class='ocrx_word' id='word_1_515' title='bbox 316 5325 415 5396; x_wconf 68' lang='grc' dir='ltr'><strong>τοῦ</strong></span> <span class='ocrx_word' id='word_1_516' title='bbox 444 5341 555 5393; x_wconf 81' lang='grc' dir='ltr'>τῶν</span> <span class='ocrx_word' id='word_1_517' title='bbox 588 5331 835 5389; x_wconf 86' lang='grc' dir='ltr'>ὀδόντων</span> <span class='ocrx_word' id='word_1_518' title='bbox 859 5325 1054 5404; x_wconf 68' lang='grc' dir='ltr'>ἕρκους</span> <span class='ocrx_word' id='word_1_519' title='bbox 1112 5327 1668 5404; x_wconf 77' lang='grc' dir='ltr'>αἷσχροῤῥημοσύνας</span> <span class='ocrx_word' id='word_1_520' title='bbox 1723 5330 1970 5401; x_wconf 84' lang='grc' dir='ltr'>τοξεύον-</span> 
     </span>
    </p>
   </div>
   <div class='ocr_carea' id='block_1_76' title="bbox 316 5417 1971 5501">
    <p class='ocr_par' dir='ltr' id='par_1_76' title="bbox 316 5417 1971 5501">
     <span class='ocr_line' id='line_1_76' title="bbox 316 5417 1971 5501; baseline -0.028 -12"><span class='ocrx_word' id='word_1_521' title='bbox 316 5453 402 5494; x_wconf 88' lang='grc' dir='ltr'><strong>τες</strong></span> <span class='ocrx_word' id='word_1_522' title='bbox 430 5431 501 5501; x_wconf 84' lang='grc' dir='ltr'>ἶῷ</span> <span class='ocrx_word' id='word_1_523' title='bbox 530 5420 778 5490; x_wconf 80' lang='grc' dir='ltr'>ἀςπίδων</span> <span class='ocrx_word' id='word_1_524' title='bbox 816 5420 895 5491; x_wconf 83' lang='grc' dir='ltr'>τῷ</span> <span class='ocrx_word' id='word_1_525' title='bbox 955 5418 1060 5473; x_wconf 83' lang='grc' dir='ltr'><strong>ὑπὸ</strong></span> <span class='ocrx_word' id='word_1_526' title='bbox 1100 5418 1166 5473; x_wconf 76' lang='grc' dir='ltr'>τὰ</span> <span class='ocrx_word' id='word_1_527' title='bbox 1222 5417 1391 5498; x_wconf 85' lang='grc' dir='ltr'>χείλη</span> <span class='ocrx_word' id='word_1_528' title='bbox 1457 5420 1794 5497; x_wconf 81' lang='grc' dir='ltr'>χρισθείσας,</span> <span class='ocrx_word' id='word_1_529' title='bbox 1856 5420 1971 5477; x_wconf 65' lang='grc' dir='ltr'><strong>οὐδ,</strong></span> 
     </span>
    </p>
   </div>
   <div class='ocr_carea' id='block_1_77' title="bbox 318 5504 1971 5589">
    <p class='ocr_par' dir='ltr' id='par_1_77' title="bbox 318 5504 1971 5589">
     <span class='ocr_line' id='line_1_77' title="bbox 318 5504 1971 5589; baseline -0.007 -14"><span class='ocrx_word' id='word_1_530' title='bbox 318 5522 369 5576; x_wconf 77' lang='grc' dir='ltr'>οἱ</span> <span class='ocrx_word' id='word_1_531' title='bbox 393 5519 670 5589; x_wconf 81' lang='grc' dir='ltr'>Ῥωμαῖοι</span> <span class='ocrx_word' id='word_1_532' title='bbox 692 5510 759 5565; x_wconf 86' lang='grc' dir='ltr'>τὸ</span> <span class='ocrx_word' id='word_1_533' title='bbox 789 5508 898 5562; x_wconf 81' lang='grc' dir='ltr'><strong>ἀπὸ</strong></span> <span class='ocrx_word' id='word_1_534' title='bbox 926 5504 1086 5561; x_wconf 84' lang='grc' dir='ltr'>τοῦδε</span> <span class='ocrx_word' id='word_1_535' title='bbox 1107 5509 1267 5581; x_wconf 85' lang='grc' dir='ltr'>χερσὶ</span> <span class='ocrx_word' id='word_1_536' title='bbox 1313 5513 1493 5571; x_wconf 85' lang='grc' dir='ltr'>κεναῖς</span> <span class='ocrx_word' id='word_1_537' title='bbox 1546 5510 1741 5571; x_wconf 84' lang='grc' dir='ltr'>αὐτοῖς</span> <span class='ocrx_word' id='word_1_538' title='bbox 1796 5530 1971 5584; x_wconf 65' lang='grc' dir='ltr'>προσ.</span> 
     </span>
    </p>
   </div>
   <div class='ocr_carea' id='block_1_78' title="bbox 319 5595 1975 5688">
    <p class='ocr_par' dir='ltr' id='par_1_78' title="bbox 319 5595 1975 5688">
     <span class='ocr_line' id='line_1_78' title="bbox 319 5595 1975 5688; baseline -0.004 -29"><span class='ocrx_word' id='word_1_539' title='bbox 319 5608 594 5688; x_wconf 77' lang='grc' dir='ltr'>ιφέροντο,</span> <span class='ocrx_word' id='word_1_540' title='bbox 656 5597 810 5655; x_wconf 81' lang='grc' dir='ltr'>ἀλλὰ</span> <span class='ocrx_word' id='word_1_541' title='bbox 858 5600 957 5688; x_wconf 75' lang='grc' dir='ltr'><strong>τοῦ</strong></span> <span class='ocrx_word' id='word_1_542' title='bbox 1029 5595 1457 5688; x_wconf 77' lang='grc' dir='ltr'>κακοῤῥημονεῖν</span> <span class='ocrx_word' id='word_1_543' title='bbox 1522 5599 1632 5688; x_wconf 45' lang='grc' dir='ltr'><strong>-ὡς</strong></span> <span class='ocrx_word' id='word_1_544' title='bbox 1716 5599 1975 5688; x_wconf 78' lang='grc' dir='ltr'>ἀγεννοῦς</span> 
     </span>
    </p>
   </div>
   <div class='ocr_carea' id='block_1_79' title="bbox 321 5683 1973 5767">
    <p class='ocr_par' dir='ltr' id='par_1_79' title="bbox 321 5683 1973 5767">
     <span class='ocr_line' id='line_1_79' title="bbox 321 5683 1973 5767; baseline -0.007 -10"><span class='ocrx_word' id='word_1_545' title='bbox 321 5683 499 5756; x_wconf 73' lang='grc' dir='ltr'>ὅπλου</span> <span class='ocrx_word' id='word_1_546' title='bbox 529 5693 624 5751; x_wconf 85' lang='grc' dir='ltr'><strong>καὶ</strong></span> <span class='ocrx_word' id='word_1_547' title='bbox 680 5683 998 5764; x_wconf 79' lang='grc' dir='ltr'>γυναικείου</span> <span class='ocrx_word' id='word_1_548' title='bbox 1055 5684 1404 5767; x_wconf 78' lang='grc' dir='ltr'>ἀφιστάμενοι</span> <span class='ocrx_word' id='word_1_549' title='bbox 1461 5683 1675 5765; x_wconf 76' lang='grc' dir='ltr'>σιδήρῳ</span> <span class='ocrx_word' id='word_1_550' title='bbox 1736 5685 1973 5763; x_wconf 83' lang='grc' dir='ltr'>μάλιστα</span> 
     </span>
    </p>
   </div>
   <div class='ocr_carea' id='block_1_80' title="bbox 2057 2027 3706 2101">
    <p class='ocr_par' dir='ltr' id='par_1_80' title="bbox 2057 2027 3706 2101">
     <span class='ocr_line' id='line_1_80' title="bbox 2057 2027 3706 2101; baseline 0.002 -18"><span class='ocrx_word' id='word_1_551' title='bbox 2057 2028 2362 2085; x_wconf 83' lang='lat' dir='ltr'><strong>veritatem</strong></span> <span class='ocrx_word' id='word_1_552' title='bbox 2395 2027 2770 2084; x_wconf 76' lang='lat' dir='ltr'><strong>dissimulare</strong></span> <span class='ocrx_word' id='word_1_553' title='bbox 2793 2046 2906 2085; x_wconf 91' lang='lat' dir='ltr'><strong>non</strong></span> <span class='ocrx_word' id='word_1_554' title='bbox 2934 2045 3138 2101; x_wconf 86' lang='lat' dir='ltr'><strong>posse:</strong></span> <span class='ocrx_word' id='word_1_555' title='bbox 3169 2029 3422 2087; x_wconf 89' lang='lat' dir='ltr'><strong>Gabram</strong></span> <span class='ocrx_word' id='word_1_556' title='bbox 3442 2029 3706 2086; x_wconf 88' lang='lat' dir='ltr'><strong>hostium</strong></span> 
     </span>
    </p>
   </div>
   <div class='ocr_carea' id='block_1_81' title="bbox 2061 2119 3707 2193">
    <p class='ocr_par' dir='ltr' id='par_1_81' title="bbox 2061 2119 3707 2193">
     <span class='ocr_line' id='line_1_81' title="bbox 2061 2119 3707 2193; baseline 0.002 -20"><span class='ocrx_word' id='word_1_557' title='bbox 2061 2119 2345 2190; x_wconf 89' lang='lat' dir='ltr'><strong>impetum</strong></span> <span class='ocrx_word' id='word_1_558' title='bbox 2378 2135 2750 2192; x_wconf 87' lang='lat' dir='ltr'><strong>nequaquam</strong></span> <span class='ocrx_word' id='word_1_559' title='bbox 2779 2120 3079 2188; x_wconf 83' lang='lat' dir='ltr'><strong>tolerasse,</strong></span> <span class='ocrx_word' id='word_1_560' title='bbox 3103 2121 3203 2177; x_wconf 88' lang='lat' dir='ltr'><strong>sed</strong></span> <span class='ocrx_word' id='word_1_561' title='bbox 3229 2122 3414 2192; x_wconf 86' lang='lat' dir='ltr'><strong>primo</strong></span> <span class='ocrx_word' id='word_1_562' title='bbox 3439 2137 3707 2193; x_wconf 89' lang='lat' dir='ltr'><strong>congres-</strong></span> 
     </span>
    </p>
   </div>
   <div class='ocr_carea' id='block_1_82' title="bbox 2061 2208 3708 2284">
    <p class='ocr_par' dir='ltr' id='par_1_82' title="bbox 2061 2208 3708 2284">
     <span class='ocr_line' id='line_1_82' title="bbox 2061 2208 3708 2284; baseline 0.002 -20"><span class='ocrx_word' id='word_1_563' title='bbox 2061 2225 2131 2264; x_wconf 90' lang='lat' dir='ltr'><strong>su</strong></span> <span class='ocrx_word' id='word_1_564' title='bbox 2188 2208 2480 2278; x_wconf 88' lang='lat' dir='ltr'><strong>territum,</strong></span> <span class='ocrx_word' id='word_1_565' title='bbox 2537 2210 2735 2282; x_wconf 88' lang='lat' dir='ltr'><strong>fugam</strong></span> <span class='ocrx_word' id='word_1_566' title='bbox 2791 2211 3039 2283; x_wconf 88' lang='lat' dir='ltr'><strong>cepisse,</strong></span> <span class='ocrx_word' id='word_1_567' title='bbox 3092 2213 3359 2283; x_wconf 77' lang='lat' dir='ltr'><strong>quamvis</strong></span> <span class='ocrx_word' id='word_1_568' title='bbox 3405 2212 3530 2284; x_wconf 88' lang='lat' dir='ltr'><strong>ipse</strong></span> <span class='ocrx_word' id='word_1_569' title='bbox 3572 2228 3708 2267; x_wconf 91' lang='lat' dir='ltr'><strong>eum</strong></span> 
     </span>
    </p>
   </div>
   <div class='ocr_carea' id='block_1_83' title="bbox 2062 2299 3713 2371">
    <p class='ocr_par' dir='ltr' id='par_1_83' title="bbox 2062 2299 3713 2371">
     <span class='ocr_line' id='line_1_83' title="bbox 2062 2299 3713 2371; baseline -0.001 -16"><span class='ocrx_word' id='word_1_570' title='bbox 2062 2299 2275 2371; x_wconf 65' lang='lat' dir='ltr'><strong>saepius</strong></span> <span class='ocrx_word' id='word_1_571' title='bbox 2307 2303 2653 2366; x_wconf 86' lang='lat' dir='ltr'><strong>revocasset,</strong></span> <span class='ocrx_word' id='word_1_572' title='bbox 2692 2302 2749 2354; x_wconf 91' lang='lat' dir='ltr'><strong>et</strong></span> <span class='ocrx_word' id='word_1_573' title='bbox 2790 2316 3005 2371; x_wconf 88' lang='lat' dir='ltr'><strong>magna</strong></span> <span class='ocrx_word' id='word_1_574' title='bbox 3058 2315 3193 2355; x_wconf 90' lang='lat' dir='ltr'><strong>voce</strong></span> <span class='ocrx_word' id='word_1_575' title='bbox 3245 2299 3514 2355; x_wconf 87' lang='lat' dir='ltr'><strong>hortatus</strong></span> <span class='ocrx_word' id='word_1_576' title='bbox 3562 2302 3713 2354; x_wconf 84' lang='lat' dir='ltr'><strong>esset</strong></span> 
     </span>
    </p>
   </div>
   <div class='ocr_carea' id='block_1_84' title="bbox 2065 2387 3708 2461">
    <p class='ocr_par' dir='ltr' id='par_1_84' title="bbox 2065 2387 3708 2461">
     <span class='ocr_line' id='line_1_84' title="bbox 2065 2387 3708 2461; baseline 0 -18"><span class='ocrx_word' id='word_1_577' title='bbox 2065 2392 2126 2444; x_wconf 92' lang='lat' dir='ltr'><strong>ut</strong></span> <span class='ocrx_word' id='word_1_578' title='bbox 2155 2387 2473 2445; x_wconf 88' lang='lat' dir='ltr'><strong>resisteret.</strong></span> <span class='ocrx_word' id='word_1_579' title='bbox 2506 2387 2790 2444; x_wconf 69' lang='lat' dir='ltr'><strong>Caeterum</strong></span> <span class='ocrx_word' id='word_1_580' title='bbox 2832 2389 3148 2461; x_wconf 85' lang='lat' dir='ltr'><strong>imperator</strong></span> <span class='ocrx_word' id='word_1_581' title='bbox 3191 2388 3492 2459; x_wconf 87' lang='lat' dir='ltr'><strong>Zeugmini</strong></span> <span class='ocrx_word' id='word_1_582' title='bbox 3540 2405 3708 2444; x_wconf 85' lang='lat' dir='ltr'><strong>recu—</strong></span> 
     </span>
    </p>
   </div>
   <div class='ocr_carea' id='block_1_85' title="bbox 2064 2476 3712 2551">
    <p class='ocr_par' dir='ltr' id='par_1_85' title="bbox 2064 2476 3712 2551">
     <span class='ocr_line' id='line_1_85' title="bbox 2064 2476 3712 2551; baseline 0 -19"><span class='ocrx_word' id='word_1_583' title='bbox 2064 2476 2308 2549; x_wconf 89' lang='lat' dir='ltr'><strong>perandi</strong></span> <span class='ocrx_word' id='word_1_584' title='bbox 2339 2480 2397 2533; x_wconf 91' lang='lat' dir='ltr'><strong>et</strong></span> <span class='ocrx_word' id='word_1_585' title='bbox 2429 2476 2586 2532; x_wconf 89' lang='lat' dir='ltr'><strong>necis</strong></span> <span class='ocrx_word' id='word_1_586' title='bbox 2607 2477 2886 2549; x_wconf 86' lang='lat' dir='ltr'><strong>Stephani</strong></span> <span class='ocrx_word' id='word_1_587' title='bbox 2916 2477 3259 2533; x_wconf 68' lang='lat' dir='ltr'><strong>ulciscendas</strong></span> <span class='ocrx_word' id='word_1_588' title='bbox 3285 2478 3534 2551; x_wconf 89' lang='lat' dir='ltr'><strong>cupidus</strong></span> <span class='ocrx_word' id='word_1_589' title='bbox 3558 2493 3712 2534; x_wconf 81' lang='lat' dir='ltr'><strong>exer-</strong></span> 
     </span>
    </p>
   </div>
   <div class='ocr_carea' id='block_1_86' title="bbox 2064 2564 3705 2637">
    <p class='ocr_par' dir='ltr' id='par_1_86' title="bbox 2064 2564 3705 2637">
     <span class='ocr_line' id='line_1_86' title="bbox 2064 2564 3705 2637; baseline 0.002 -17"><span class='ocrx_word' id='word_1_590' title='bbox 2064 2565 2243 2621; x_wconf 90' lang='lat' dir='ltr'><strong>citum</strong></span> <span class='ocrx_word' id='word_1_591' title='bbox 2276 2566 2334 2621; x_wconf 89' lang='lat' dir='ltr'><strong>in</strong></span> <span class='ocrx_word' id='word_1_592' title='bbox 2368 2564 2499 2621; x_wconf 90' lang='lat' dir='ltr'><strong>illas</strong></span> <span class='ocrx_word' id='word_1_593' title='bbox 2533 2571 2726 2637; x_wconf 89' lang='lat' dir='ltr'><strong>partes</strong></span> <span class='ocrx_word' id='word_1_594' title='bbox 2756 2567 3018 2622; x_wconf 89' lang='lat' dir='ltr'><strong>adduxit.</strong></span> <span class='ocrx_word' id='word_1_595' title='bbox 3052 2568 3162 2622; x_wconf 90' lang='lat' dir='ltr'><strong>Sed</strong></span> <span class='ocrx_word' id='word_1_596' title='bbox 3197 2567 3434 2622; x_wconf 89' lang='lat' dir='ltr'><strong>Barbari</strong></span> <span class='ocrx_word' id='word_1_597' title='bbox 3475 2568 3597 2622; x_wconf 85' lang='lat' dir='ltr'><strong>acie</strong></span> <span class='ocrx_word' id='word_1_598' title='bbox 3644 2569 3705 2623; x_wconf 92' lang='lat' dir='ltr'><strong>in</strong></span> 
     </span>
    </p>
   </div>
   <div class='ocr_carea' id='block_1_87' title="bbox 2068 2653 3707 2727">
    <p class='ocr_par' dir='ltr' id='par_1_87' title="bbox 2068 2653 3707 2727">
     <span class='ocr_line' id='line_1_87' title="bbox 2068 2653 3707 2727; baseline 0 -18"><span class='ocrx_word' id='word_1_599' title='bbox 2068 2653 2195 2710; x_wconf 86' lang='lat' dir='ltr'><strong>lslri</strong></span> <span class='ocrx_word' id='word_1_600' title='bbox 2225 2654 2367 2726; x_wconf 89' lang='lat' dir='ltr'><strong>ripis</strong></span> <span class='ocrx_word' id='word_1_601' title='bbox 2399 2654 2707 2723; x_wconf 86' lang='lat' dir='ltr'><strong>instructa,</strong></span> <span class='ocrx_word' id='word_1_602' title='bbox 2759 2654 2918 2709; x_wconf 92' lang='lat' dir='ltr'><strong>omni</strong></span> <span class='ocrx_word' id='word_1_603' title='bbox 2965 2654 3216 2711; x_wconf 91' lang='lat' dir='ltr'><strong>telorum</strong></span> <span class='ocrx_word' id='word_1_604' title='bbox 3266 2671 3477 2727; x_wconf 86' lang='lat' dir='ltr'><strong>genere</strong></span> <span class='ocrx_word' id='word_1_605' title='bbox 3536 2657 3707 2726; x_wconf 88' lang='lat' dir='ltr'><strong>traji-</strong></span> 
     </span>
    </p>
   </div>
   <div class='ocr_carea' id='block_1_88' title="bbox 2067 2742 3704 2814">
    <p class='ocr_par' dir='ltr' id='par_1_88' title="bbox 2067 2742 3704 2814">
     <span class='ocr_line' id='line_1_88' title="bbox 2067 2742 3704 2814; baseline -0.001 -14"><span class='ocrx_word' id='word_1_606' title='bbox 2067 2759 2196 2800; x_wconf 88' lang='lat' dir='ltr'><strong>cere</strong></span> <span class='ocrx_word' id='word_1_607' title='bbox 2224 2746 2454 2799; x_wconf 89' lang='lat' dir='ltr'><strong>nostros</strong></span> <span class='ocrx_word' id='word_1_608' title='bbox 2486 2742 2894 2814; x_wconf 86' lang='lat' dir='ltr'><strong>prohibebant,</strong></span> <span class='ocrx_word' id='word_1_609' title='bbox 2943 2743 3104 2799; x_wconf 86' lang='lat' dir='ltr'><strong>aditu</strong></span> <span class='ocrx_word' id='word_1_610' title='bbox 3156 2745 3316 2799; x_wconf 91' lang='lat' dir='ltr'><strong>omni</strong></span> <span class='ocrx_word' id='word_1_611' title='bbox 3370 2743 3704 2799; x_wconf 86' lang='lat' dir='ltr'><strong>intercluso.</strong></span> 
     </span>
    </p>
   </div>
   <div class='ocr_carea' id='block_1_89' title="bbox 2066 2831 3705 2905">
    <p class='ocr_par' dir='ltr' id='par_1_89' title="bbox 2066 2831 3705 2905">
     <span class='ocr_line' id='line_1_89' title="bbox 2066 2831 3705 2905; baseline 0.001 -18"><span class='ocrx_word' id='word_1_612' title='bbox 2066 2833 2172 2889; x_wconf 84' lang='lat' dir='ltr'><strong>Sed</strong></span> <span class='ocrx_word' id='word_1_613' title='bbox 2221 2832 2480 2901; x_wconf 82' lang='lat' dir='ltr'><strong>frustra;</strong></span> <span class='ocrx_word' id='word_1_614' title='bbox 2531 2831 2779 2888; x_wconf 84' lang='lat' dir='ltr'><strong>Romani</strong></span> <span class='ocrx_word' id='word_1_615' title='bbox 2828 2833 2987 2888; x_wconf 91' lang='lat' dir='ltr'><strong>enim</strong></span> <span class='ocrx_word' id='word_1_616' title='bbox 3056 2833 3342 2904; x_wconf 80' lang='lat' dir='ltr'><strong>sagittarii</strong></span> <span class='ocrx_word' id='word_1_617' title='bbox 3399 2838 3456 2888; x_wconf 91' lang='lat' dir='ltr'><strong>et</strong></span> <span class='ocrx_word' id='word_1_618' title='bbox 3512 2834 3705 2905; x_wconf 87' lang='lat' dir='ltr'><strong>gravis</strong></span> 
     </span>
    </p>
   </div>
   <div class='ocr_carea' id='block_1_90' title="bbox 2070 2920 3706 2994">
    <p class='ocr_par' dir='ltr' id='par_1_90' title="bbox 2070 2920 3706 2994">
     <span class='ocr_line' id='line_1_90' title="bbox 2070 2920 3706 2994; baseline 0 -16"><span class='ocrx_word' id='word_1_619' title='bbox 2070 2925 2368 2978; x_wconf 87' lang='lat' dir='ltr'><strong>armatura</strong></span> <span class='ocrx_word' id='word_1_620' title='bbox 2397 2921 2538 2993; x_wconf 91' lang='lat' dir='ltr'><strong>ripis</strong></span> <span class='ocrx_word' id='word_1_621' title='bbox 2569 2938 2669 2977; x_wconf 90' lang='lat' dir='ltr'><strong>eos</strong></span> <span class='ocrx_word' id='word_1_622' title='bbox 2700 2920 3087 2994; x_wconf 89' lang='lat' dir='ltr'><strong>depulerunt;</strong></span> <span class='ocrx_word' id='word_1_623' title='bbox 3120 2929 3177 2978; x_wconf 90' lang='lat' dir='ltr'><strong>et</strong></span> <span class='ocrx_word' id='word_1_624' title='bbox 3207 2922 3525 2994; x_wconf 82' lang='lat' dir='ltr'><strong>imperator</strong></span> <span class='ocrx_word' id='word_1_625' title='bbox 3571 2939 3706 2978; x_wconf 91' lang='lat' dir='ltr'><strong>cum</strong></span> 
     </span>
    </p>
   </div>
   <div class='ocr_carea' id='block_1_91' title="bbox 2071 3010 3705 3083">
    <p class='ocr_par' dir='ltr' id='par_1_91' title="bbox 2071 3010 3705 3083">
     <span class='ocr_line' id='line_1_91' title="bbox 2071 3010 3705 3083; baseline 0.002 -16"><span class='ocrx_word' id='word_1_626' title='bbox 2071 3011 2347 3067; x_wconf 89' lang='lat' dir='ltr'><strong>omnibus</strong></span> <span class='ocrx_word' id='word_1_627' title='bbox 2376 3010 2706 3083; x_wconf 89' lang='lat' dir='ltr'><strong>legionibus</strong></span> <span class='ocrx_word' id='word_1_628' title='bbox 2750 3013 2820 3067; x_wconf 94' lang='lat' dir='ltr'><strong>ad</strong></span> <span class='ocrx_word' id='word_1_629' title='bbox 2869 3012 3250 3081; x_wconf 84' lang='lat' dir='ltr'><strong>Zeugminum</strong></span> <span class='ocrx_word' id='word_1_630' title='bbox 3301 3016 3495 3068; x_wconf 88' lang='lat' dir='ltr'><strong>castra</strong></span> <span class='ocrx_word' id='word_1_631' title='bbox 3534 3010 3705 3071; x_wconf 89' lang='lat' dir='ltr'><strong>locat.</strong></span> 
     </span>
    </p>
   </div>
   <div class='ocr_carea' id='block_1_92' title="bbox 2071 3097 3706 3171">
    <p class='ocr_par' dir='ltr' id='par_1_92' title="bbox 2071 3097 3706 3171">
     <span class='ocr_line' id='line_1_92' title="bbox 2071 3097 3706 3171; baseline 0.001 -19"><span class='ocrx_word' id='word_1_632' title='bbox 2071 3098 2133 3153; x_wconf 93' lang='lat' dir='ltr'>Id</span> <span class='ocrx_word' id='word_1_633' title='bbox 2193 3099 2475 3170; x_wconf 90' lang='lat' dir='ltr'><strong>oppidum</strong></span> <span class='ocrx_word' id='word_1_634' title='bbox 2521 3098 2636 3155; x_wconf 88' lang='lat' dir='ltr'><strong>alto</strong></span> <span class='ocrx_word' id='word_1_635' title='bbox 2681 3097 2910 3155; x_wconf 92' lang='lat' dir='ltr'><strong>tumulo</strong></span> <span class='ocrx_word' id='word_1_636' title='bbox 2956 3098 3319 3170; x_wconf 87' lang='lat' dir='ltr'><strong>impositum,</strong></span> <span class='ocrx_word' id='word_1_637' title='bbox 3373 3105 3430 3155; x_wconf 89' lang='lat' dir='ltr'><strong>et</strong></span> <span class='ocrx_word' id='word_1_638' title='bbox 3473 3103 3706 3171; x_wconf 72' lang='lat' dir='ltr'><strong>praster-</strong></span> 
     </span>
    </p>
   </div>
   <div class='ocr_carea' id='block_1_93' title="bbox 2072 3186 3711 3259">
    <p class='ocr_par' dir='ltr' id='par_1_93' title="bbox 2072 3186 3711 3259">
     <span class='ocr_line' id='line_1_93' title="bbox 2072 3186 3711 3259; baseline 0.001 -17"><span class='ocrx_word' id='word_1_639' title='bbox 2072 3187 2291 3244; x_wconf 86' lang='lat' dir='ltr'><strong>ﬂuente</strong></span> <span class='ocrx_word' id='word_1_640' title='bbox 2332 3187 2482 3243; x_wconf 82' lang='lat' dir='ltr'><strong>infra</strong></span> <span class='ocrx_word' id='word_1_641' title='bbox 2530 3186 2773 3244; x_wconf 88' lang='lat' dir='ltr'><strong>ﬂumine</strong></span> <span class='ocrx_word' id='word_1_642' title='bbox 2813 3190 3136 3259; x_wconf 89' lang='lat' dir='ltr'><strong>munitum,</strong></span> <span class='ocrx_word' id='word_1_643' title='bbox 3184 3206 3218 3244; x_wconf 89' lang='lat' dir='ltr'><strong>a</strong></span> <span class='ocrx_word' id='word_1_644' title='bbox 3268 3188 3510 3243; x_wconf 89' lang='lat' dir='ltr'><strong>meridie</strong></span> <span class='ocrx_word' id='word_1_645' title='bbox 3561 3188 3711 3244; x_wconf 86' lang='lat' dir='ltr'><strong>adiri</strong></span> 
     </span>
    </p>
   </div>
   <div class='ocr_carea' id='block_1_94' title="bbox 2073 3277 3711 3351">
    <p class='ocr_par' dir='ltr' id='par_1_94' title="bbox 2073 3277 3711 3351">
     <span class='ocr_line' id='line_1_94' title="bbox 2073 3277 3711 3351; baseline -0.001 -17"><span class='ocrx_word' id='word_1_646' title='bbox 2073 3295 2185 3334; x_wconf 91' lang='lat' dir='ltr'><strong>non</strong></span> <span class='ocrx_word' id='word_1_647' title='bbox 2220 3280 2431 3350; x_wconf 89' lang='lat' dir='ltr'><strong>potest.</strong></span> <span class='ocrx_word' id='word_1_648' title='bbox 2487 3277 2744 3334; x_wconf 86' lang='lat' dir='ltr'><strong>Rebatur</strong></span> <span class='ocrx_word' id='word_1_649' title='bbox 2794 3285 2985 3334; x_wconf 91' lang='lat' dir='ltr'><strong>autem</strong></span> <span class='ocrx_word' id='word_1_650' title='bbox 3034 3294 3099 3334; x_wconf 90' lang='lat' dir='ltr'><strong>se</strong></span> <span class='ocrx_word' id='word_1_651' title='bbox 3143 3277 3202 3333; x_wconf 92' lang='lat' dir='ltr'><strong>id</strong></span> <span class='ocrx_word' id='word_1_652' title='bbox 3255 3280 3438 3349; x_wconf 90' lang='lat' dir='ltr'><strong>primo</strong></span> <span class='ocrx_word' id='word_1_653' title='bbox 3490 3279 3711 3351; x_wconf 89' lang='lat' dir='ltr'><strong>impetu</strong></span> 
     </span>
    </p>
   </div>
   <div class='ocr_carea' id='block_1_95' title="bbox 2067 3366 3713 3440">
    <p class='ocr_par' dir='ltr' id='par_1_95' title="bbox 2067 3366 3713 3440">
     <span class='ocr_line' id='line_1_95' title="bbox 2067 3366 3713 3440; baseline 0.001 -17"><span class='ocrx_word' id='word_1_654' title='bbox 2067 3372 2397 3439; x_wconf 76' lang='lat' dir='ltr'><strong>capturum,</strong></span> <span class='ocrx_word' id='word_1_655' title='bbox 2430 3367 2836 3424; x_wconf 87' lang='lat' dir='ltr'><strong>defensoribus</strong></span> <span class='ocrx_word' id='word_1_656' title='bbox 2870 3366 2995 3424; x_wconf 89' lang='lat' dir='ltr'><strong>solo</strong></span> <span class='ocrx_word' id='word_1_657' title='bbox 3026 3374 3339 3440; x_wconf 88' lang='lat' dir='ltr'><strong>conspectu</strong></span> <span class='ocrx_word' id='word_1_658' title='bbox 3373 3369 3463 3424; x_wconf 87' lang='lat' dir='ltr'><strong>sui</strong></span> <span class='ocrx_word' id='word_1_659' title='bbox 3497 3368 3713 3425; x_wconf 87' lang='lat' dir='ltr'><strong>territis</strong></span> 
     </span>
    </p>
   </div>
   <div class='ocr_carea' id='block_1_96' title="bbox 2068 3455 3714 3530">
    <p class='ocr_par' dir='ltr' id='par_1_96' title="bbox 2068 3455 3714 3530">
     <span class='ocr_line' id='line_1_96' title="bbox 2068 3455 3714 3530; baseline 0.001 -18"><span class='ocrx_word' id='word_1_660' title='bbox 2068 3462 2123 3512; x_wconf 90' lang='lat' dir='ltr'><strong>et</strong></span> <span class='ocrx_word' id='word_1_661' title='bbox 2154 3462 2349 3530; x_wconf 84' lang='lat' dir='ltr'><strong>portas</strong></span> <span class='ocrx_word' id='word_1_662' title='bbox 2381 3455 2802 3530; x_wconf 88' lang='lat' dir='ltr'><strong>aperientibus.</strong></span> <span class='ocrx_word' id='word_1_663' title='bbox 2836 3457 2947 3513; x_wconf 90' lang='lat' dir='ltr'><strong>Sed</strong></span> <span class='ocrx_word' id='word_1_664' title='bbox 2982 3474 3114 3513; x_wconf 91' lang='lat' dir='ltr'><strong>cum</strong></span> <span class='ocrx_word' id='word_1_665' title='bbox 3147 3458 3307 3514; x_wconf 91' lang='lat' dir='ltr'><strong>omni</strong></span> <span class='ocrx_word' id='word_1_666' title='bbox 3340 3459 3498 3513; x_wconf 90' lang='lat' dir='ltr'><strong>aditu</strong></span> <span class='ocrx_word' id='word_1_667' title='bbox 3523 3457 3714 3513; x_wconf 84' lang='lat' dir='ltr'><strong>exclu-</strong></span> 
     </span>
    </p>
   </div>
   <div class='ocr_carea' id='block_1_97' title="bbox 2069 3546 3710 3613">
    <p class='ocr_par' dir='ltr' id='par_1_97' title="bbox 2069 3546 3710 3613">
     <span class='ocr_line' id='line_1_97' title="bbox 2069 3546 3710 3613; baseline 0 -11"><span class='ocrx_word' id='word_1_668' title='bbox 2069 3549 2320 3613; x_wconf 86' lang='lat' dir='ltr'><strong>deretur,</strong></span> <span class='ocrx_word' id='word_1_669' title='bbox 2354 3552 2411 3603; x_wconf 94' lang='lat' dir='ltr'><strong>et</strong></span> <span class='ocrx_word' id='word_1_670' title='bbox 2437 3546 2652 3602; x_wconf 80' lang='lat' dir='ltr'><strong>mmnia</strong></span> <span class='ocrx_word' id='word_1_671' title='bbox 2680 3547 2838 3603; x_wconf 90' lang='lat' dir='ltr'><strong>omni</strong></span> <span class='ocrx_word' id='word_1_672' title='bbox 2869 3563 3165 3602; x_wconf 90' lang='lat' dir='ltr'><strong>armorum</strong></span> <span class='ocrx_word' id='word_1_673' title='bbox 3197 3555 3252 3602; x_wconf 89' lang='lat' dir='ltr'><strong>et</strong></span> <span class='ocrx_word' id='word_1_674' title='bbox 3282 3552 3710 3603; x_wconf 85' lang='lat' dir='ltr'><strong>tormentorum</strong></span> 
     </span>
    </p>
   </div>
   <div class='ocr_carea' id='block_1_98' title="bbox 2068 3635 3712 3708">
    <p class='ocr_par' dir='ltr' id='par_1_98' title="bbox 2068 3635 3712 3708">
     <span class='ocr_line' id='line_1_98' title="bbox 2068 3635 3712 3708; baseline -0.001 -16"><span class='ocrx_word' id='word_1_675' title='bbox 2068 3652 2276 3708; x_wconf 89' lang='lat' dir='ltr'><strong>genere</strong></span> <span class='ocrx_word' id='word_1_676' title='bbox 2306 3635 2457 3692; x_wconf 75' lang='lat' dir='ltr'><strong>I75</strong></span> <span class='ocrx_word' id='word_1_677' title='bbox 2491 3636 2885 3702; x_wconf 86' lang='lat' dir='ltr'><strong>ﬁrmarentur,</strong></span> <span class='ocrx_word' id='word_1_678' title='bbox 2916 3643 2971 3691; x_wconf 90' lang='lat' dir='ltr'><strong>et</strong></span> <span class='ocrx_word' id='word_1_679' title='bbox 3013 3636 3213 3691; x_wconf 87' lang='lat' dir='ltr'><strong>hostes</strong></span> <span class='ocrx_word' id='word_1_680' title='bbox 3268 3637 3338 3691; x_wconf 89' lang='lat' dir='ltr'><strong>de</strong></span> <span class='ocrx_word' id='word_1_681' title='bbox 3382 3635 3712 3706; x_wconf 86' lang='lat' dir='ltr'><strong>pinnaculis</strong></span> 
     </span>
    </p>
   </div>
   <div class='ocr_carea' id='block_1_99' title="bbox 2071 3724 3711 3792">
    <p class='ocr_par' dir='ltr' id='par_1_99' title="bbox 2071 3724 3711 3792">
     <span class='ocr_line' id='line_1_99' title="bbox 2071 3724 3711 3792; baseline -0.001 -12"><span class='ocrx_word' id='word_1_682' title='bbox 2071 3743 2184 3781; x_wconf 88' lang='lat' dir='ltr'><strong>non</strong></span> <span class='ocrx_word' id='word_1_683' title='bbox 2218 3726 2390 3780; x_wconf 91' lang='lat' dir='ltr'><strong>modo</strong></span> <span class='ocrx_word' id='word_1_684' title='bbox 2422 3724 2664 3780; x_wconf 87' lang='lat' dir='ltr'><strong>lethalia</strong></span> <span class='ocrx_word' id='word_1_685' title='bbox 2695 3724 2829 3792; x_wconf 85' lang='lat' dir='ltr'><strong>tela,</strong></span> <span class='ocrx_word' id='word_1_686' title='bbox 2862 3726 2962 3780; x_wconf 90' lang='lat' dir='ltr'><strong>sed</strong></span> <span class='ocrx_word' id='word_1_687' title='bbox 2995 3729 3053 3780; x_wconf 94' lang='lat' dir='ltr'><strong>et</strong></span> <span class='ocrx_word' id='word_1_688' title='bbox 3083 3725 3354 3780; x_wconf 79' lang='lat' dir='ltr'><strong>obscmna</strong></span> <span class='ocrx_word' id='word_1_689' title='bbox 3384 3724 3625 3779; x_wconf 81' lang='lat' dir='ltr'><strong>dicteria</strong></span> <span class='ocrx_word' id='word_1_690' title='bbox 3654 3728 3711 3779; x_wconf 90' lang='lat' dir='ltr'><strong>et</strong></span> 
     </span>
    </p>
   </div>
   <div class='ocr_carea' id='block_1_100' title="bbox 2068 3812 3712 3884">
    <p class='ocr_par' dir='ltr' id='par_1_100' title="bbox 2068 3812 3712 3884">
     <span class='ocr_line' id='line_1_100' title="bbox 2068 3812 3712 3884; baseline 0 -15"><span class='ocrx_word' id='word_1_691' title='bbox 2068 3819 2351 3870; x_wconf 83' lang='lat' dir='ltr'><strong>venenata</strong></span> <span class='ocrx_word' id='word_1_692' title='bbox 2384 3813 2593 3884; x_wconf 89' lang='lat' dir='ltr'><strong>probra</strong></span> <span class='ocrx_word' id='word_1_693' title='bbox 2614 3813 3285 3884; x_wconf 81' lang='lat' dir='ltr'><strong>jacularentur,Romani</strong></span> <span class='ocrx_word' id='word_1_694' title='bbox 3319 3830 3433 3868; x_wconf 91' lang='lat' dir='ltr'><strong>non</strong></span> <span class='ocrx_word' id='word_1_695' title='bbox 3457 3812 3712 3884; x_wconf 86' lang='lat' dir='ltr'><strong>amplius</strong></span> 
     </span>
    </p>
   </div>
   <div class='ocr_carea' id='block_1_101' title="bbox 2069 3902 3711 3971">
    <p class='ocr_par' dir='ltr' id='par_1_101' title="bbox 2069 3902 3711 3971">
     <span class='ocr_line' id='line_1_101' title="bbox 2069 3902 3711 3971; baseline -0.002 -11"><span class='ocrx_word' id='word_1_696' title='bbox 2069 3903 2266 3960; x_wconf 86' lang='lat' dir='ltr'><strong>vacuis</strong></span> <span class='ocrx_word' id='word_1_697' title='bbox 2292 3902 2564 3957; x_wconf 88' lang='lat' dir='ltr'><strong>manibus</strong></span> <span class='ocrx_word' id='word_1_698' title='bbox 2586 3902 2959 3970; x_wconf 91' lang='lat' dir='ltr'><strong>accedebant,</strong></span> <span class='ocrx_word' id='word_1_699' title='bbox 2986 3902 3085 3958; x_wconf 93' lang='lat' dir='ltr'><strong>sed</strong></span> <span class='ocrx_word' id='word_1_700' title='bbox 3101 3903 3337 3958; x_wconf 89' lang='lat' dir='ltr'><strong>omissis</strong></span> <span class='ocrx_word' id='word_1_701' title='bbox 3362 3902 3711 3971; x_wconf 86' lang='lat' dir='ltr'><strong>maledictis,</strong></span> 
     </span>
    </p>
   </div>
   <div class='ocr_carea' id='block_1_102' title="bbox 2070 3989 3709 4064">
    <p class='ocr_par' dir='ltr' id='par_1_102' title="bbox 2070 3989 3709 4064">
     <span class='ocr_line' id='line_1_102' title="bbox 2070 3989 3709 4064; baseline -0.001 -16"><span class='ocrx_word' id='word_1_702' title='bbox 2070 3993 2286 4064; x_wconf 90' lang='lat' dir='ltr'><strong>quibus</strong></span> <span class='ocrx_word' id='word_1_703' title='bbox 2337 3991 2561 4046; x_wconf 62' lang='lat' dir='ltr'><strong>feminae</strong></span> <span class='ocrx_word' id='word_1_704' title='bbox 2612 4006 2875 4062; x_wconf 83' lang='lat' dir='ltr'><strong>pugnare</strong></span> <span class='ocrx_word' id='word_1_705' title='bbox 2922 3989 3129 4057; x_wconf 85' lang='lat' dir='ltr'><strong>solent,</strong></span> <span class='ocrx_word' id='word_1_706' title='bbox 3181 3992 3331 4045; x_wconf 85' lang='lat' dir='ltr'><strong>ferro</strong></span> <span class='ocrx_word' id='word_1_707' title='bbox 3381 4008 3500 4046; x_wconf 86' lang='lat' dir='ltr'><strong>rem</strong></span> <span class='ocrx_word' id='word_1_708' title='bbox 3550 4007 3709 4057; x_wconf 74' lang='lat' dir='ltr'><strong>gere-</strong></span> 
     </span>
    </p>
   </div>
   <div class='ocr_carea' id='block_1_103' title="bbox 2069 4080 3711 4153">
    <p class='ocr_par' dir='ltr' id='par_1_103' title="bbox 2069 4080 3711 4153">
     <span class='ocr_line' id='line_1_103' title="bbox 2069 4080 3711 4153; baseline -0.001 -13"><span class='ocrx_word' id='word_1_709' title='bbox 2069 4085 2233 4140; x_wconf 88' lang='lat' dir='ltr'><strong>bant.</strong></span> <span class='ocrx_word' id='word_1_710' title='bbox 2287 4083 2357 4137; x_wconf 91' lang='lat' dir='ltr'><strong>Et</strong></span> <span class='ocrx_word' id='word_1_711' title='bbox 2408 4081 2727 4153; x_wconf 88' lang='lat' dir='ltr'><strong>imperator</strong></span> <span class='ocrx_word' id='word_1_712' title='bbox 2783 4086 2850 4137; x_wconf 87' lang='lat' dir='ltr'><strong>ut</strong></span> <span class='ocrx_word' id='word_1_713' title='bbox 2905 4082 3001 4137; x_wconf 86' lang='lat' dir='ltr'><strong>sui</strong></span> <span class='ocrx_word' id='word_1_714' title='bbox 3051 4080 3422 4137; x_wconf 66' lang='lat' dir='ltr'><strong>aemulatione</strong></span> <span class='ocrx_word' id='word_1_715' title='bbox 3495 4081 3711 4138; x_wconf 89' lang='lat' dir='ltr'><strong>milites</strong></span> 
     </span>
    </p>
   </div>
   <div class='ocr_carea' id='block_1_104' title="bbox 2071 4169 3710 4243">
    <p class='ocr_par' dir='ltr' id='par_1_104' title="bbox 2071 4169 3710 4243">
     <span class='ocr_line' id='line_1_104' title="bbox 2071 4169 3710 4243; baseline -0.002 -14"><span class='ocrx_word' id='word_1_716' title='bbox 2071 4172 2430 4242; x_wconf 88' lang='lat' dir='ltr'><strong>accenderet,</strong></span> <span class='ocrx_word' id='word_1_717' title='bbox 2489 4172 2718 4243; x_wconf 90' lang='lat' dir='ltr'><strong>primus</strong></span> <span class='ocrx_word' id='word_1_718' title='bbox 2788 4186 2935 4240; x_wconf 90' lang='lat' dir='ltr'><strong>equo</strong></span> <span class='ocrx_word' id='word_1_719' title='bbox 3009 4169 3273 4227; x_wconf 84' lang='lat' dir='ltr'><strong>invectus</strong></span> <span class='ocrx_word' id='word_1_720' title='bbox 3348 4171 3574 4227; x_wconf 88' lang='lat' dir='ltr'><strong>hastam</strong></span> <span class='ocrx_word' id='word_1_721' title='bbox 3651 4171 3710 4225; x_wconf 92' lang='lat' dir='ltr'><strong>in</strong></span> 
     </span>
    </p>
   </div>
   <div class='ocr_carea' id='block_1_105' title="bbox 2072 4258 3712 4337">
    <p class='ocr_par' dir='ltr' id='par_1_105' title="bbox 2072 4258 3712 4337">
     <span class='ocr_line' id='line_1_105' title="bbox 2072 4258 3712 4337; baseline 0 -20"><span class='ocrx_word' id='word_1_722' title='bbox 2072 4261 2264 4318; x_wconf 91' lang='lat' dir='ltr'><strong>media</strong></span> <span class='ocrx_word' id='word_1_723' title='bbox 2326 4264 2494 4333; x_wconf 88' lang='lat' dir='ltr'><strong>porta</strong></span> <span class='ocrx_word' id='word_1_724' title='bbox 2562 4258 2817 4337; x_wconf 81' lang='lat' dir='ltr'><strong>deﬂgit._</strong></span> <span class='ocrx_word' id='word_1_725' title='bbox 2857 4258 3095 4327; x_wconf 90' lang='lat' dir='ltr'><strong>Deinde,</strong></span> <span class='ocrx_word' id='word_1_726' title='bbox 3182 4260 3317 4332; x_wconf 88' lang='lat' dir='ltr'><strong>quia</strong></span> <span class='ocrx_word' id='word_1_727' title='bbox 3388 4278 3526 4316; x_wconf 83' lang='lat' dir='ltr'><strong>saxa</strong></span> <span class='ocrx_word' id='word_1_728' title='bbox 3595 4278 3712 4318; x_wconf 91' lang='lat' dir='ltr'><strong>non</strong></span> 
     </span>
    </p>
   </div>
   <div class='ocr_carea' id='block_1_106' title="bbox 2072 4349 3716 4424">
    <p class='ocr_par' dir='ltr' id='par_1_106' title="bbox 2072 4349 3716 4424">
     <span class='ocr_line' id='line_1_106' title="bbox 2072 4349 3716 4424; baseline -0.001 -16"><span class='ocrx_word' id='word_1_729' title='bbox 2072 4351 2482 4424; x_wconf 90' lang='lat' dir='ltr'><strong>suppetebant,</strong></span> <span class='ocrx_word' id='word_1_730' title='bbox 2516 4351 2673 4405; x_wconf 83' lang='lat' dir='ltr'><strong>fossa</strong></span> <span class='ocrx_word' id='word_1_731' title='bbox 2719 4349 2898 4404; x_wconf 88' lang='lat' dir='ltr'><strong>humo</strong></span> <span class='ocrx_word' id='word_1_732' title='bbox 2944 4354 3002 4404; x_wconf 91' lang='lat' dir='ltr'><strong>et</strong></span> <span class='ocrx_word' id='word_1_733' title='bbox 3059 4351 3329 4405; x_wconf 86' lang='lat' dir='ltr'><strong>sordibus</strong></span> <span class='ocrx_word' id='word_1_734' title='bbox 3375 4352 3615 4423; x_wconf 89' lang='lat' dir='ltr'><strong>impleta</strong></span> <span class='ocrx_word' id='word_1_735' title='bbox 3658 4354 3716 4406; x_wconf 86' lang='lat' dir='ltr'><strong>et</strong></span> 
     </span>
    </p>
   </div>
   <div class='ocr_carea' id='block_1_107' title="bbox 2071 4436 3715 4512">
    <p class='ocr_par' dir='ltr' id='par_1_107' title="bbox 2071 4436 3715 4512">
     <span class='ocr_line' id='line_1_107' title="bbox 2071 4436 3715 4512; baseline -0.001 -17"><span class='ocrx_word' id='word_1_736' title='bbox 2071 4444 2323 4512; x_wconf 87' lang='lat' dir='ltr'><strong>quatuor</strong></span> <span class='ocrx_word' id='word_1_737' title='bbox 2371 4438 2676 4494; x_wconf 87' lang='lat' dir='ltr'><strong>tormentis</strong></span> <span class='ocrx_word' id='word_1_738' title='bbox 2713 4437 2788 4496; x_wconf 86' lang='lat' dir='ltr'><strong>.in</strong></span> <span class='ocrx_word' id='word_1_739' title='bbox 2838 4436 3081 4493; x_wconf 87' lang='lat' dir='ltr'><strong>circuitu</strong></span> <span class='ocrx_word' id='word_1_740' title='bbox 3130 4437 3449 4504; x_wconf 88' lang='lat' dir='ltr'><strong>collocatis,</strong></span> <span class='ocrx_word' id='word_1_741' title='bbox 3502 4440 3715 4493; x_wconf 66' lang='lat' dir='ltr'><strong>moenia</strong></span> 
     </span>
    </p>
   </div>
   <div class='ocr_carea' id='block_1_108' title="bbox 2073 4527 3718 4605">
    <p class='ocr_par' dir='ltr' id='par_1_108' title="bbox 2073 4527 3718 4605">
     <span class='ocr_line' id='line_1_108' title="bbox 2073 4527 3718 4605; baseline -0.001 -18"><span class='ocrx_word' id='word_1_742' title='bbox 2073 4530 2365 4605; x_wconf 89' lang='lat' dir='ltr'><strong>prosterni</strong></span> <span class='ocrx_word' id='word_1_743' title='bbox 2390 4529 2593 4600; x_wconf 89' lang='lat' dir='ltr'><strong>jussit.</strong></span> <span class='ocrx_word' id='word_1_744' title='bbox 2629 4529 2763 4594; x_wconf 69' lang='lat' dir='ltr'><strong>Qua:</strong></span> <span class='ocrx_word' id='word_1_745' title='bbox 2796 4543 2929 4584; x_wconf 92' lang='lat' dir='ltr'><strong>cum</strong></span> <span class='ocrx_word' id='word_1_746' title='bbox 2957 4529 3014 4582; x_wconf 89' lang='lat' dir='ltr'><strong>in</strong></span> <span class='ocrx_word' id='word_1_747' title='bbox 3048 4527 3239 4584; x_wconf 81' lang='lat' dir='ltr'><strong>ofﬁcio</strong></span> <span class='ocrx_word' id='word_1_748' title='bbox 3271 4534 3470 4584; x_wconf 88' lang='lat' dir='ltr'><strong>essent</strong></span> <span class='ocrx_word' id='word_1_749' title='bbox 3519 4529 3718 4585; x_wconf 88' lang='lat' dir='ltr'><strong>omnia</strong></span> 
     </span>
    </p>
   </div>
   <div class='ocr_carea' id='block_1_109' title="bbox 2080 4616 3716 4690">
    <p class='ocr_par' dir='ltr' id='par_1_109' title="bbox 2080 4616 3716 4690">
     <span class='ocr_line' id='line_1_109' title="bbox 2080 4616 3716 4690; baseline -0.002 -14"><span class='ocrx_word' id='word_1_750' title='bbox 2080 4626 2137 4676; x_wconf 92' lang='lat' dir='ltr'><strong>et</strong></span> <span class='ocrx_word' id='word_1_751' title='bbox 2190 4637 2328 4677; x_wconf 81' lang='lat' dir='ltr'><strong>saxa</strong></span> <span class='ocrx_word' id='word_1_752' title='bbox 2380 4617 2575 4674; x_wconf 71' lang='lat' dir='ltr'><strong>talenti</strong></span> <span class='ocrx_word' id='word_1_753' title='bbox 2633 4618 2886 4690; x_wconf 87' lang='lat' dir='ltr'><strong>pondere</strong></span> <span class='ocrx_word' id='word_1_754' title='bbox 2960 4616 3381 4688; x_wconf 85' lang='lat' dir='ltr'><strong>jacularentur,</strong></span> <span class='ocrx_word' id='word_1_755' title='bbox 3434 4616 3716 4673; x_wconf 78' lang='lat' dir='ltr'><strong>moenium</strong></span> 
     </span>
    </p>
   </div>
   <div class='ocr_carea' id='block_1_110' title="bbox 2076 4705 3713 4782">
    <p class='ocr_par' dir='ltr' id='par_1_110' title="bbox 2076 4705 3713 4782">
     <span class='ocr_line' id='line_1_110' title="bbox 2076 4705 3713 4782; baseline -0.001 -16"><span class='ocrx_word' id='word_1_756' title='bbox 2076 4724 2415 4782; x_wconf 90' lang='lat' dir='ltr'><strong>compagem</strong></span> <span class='ocrx_word' id='word_1_757' title='bbox 2447 4707 2895 4777; x_wconf 87' lang='lat' dir='ltr'><strong>lahefactabant,</strong></span> <span class='ocrx_word' id='word_1_758' title='bbox 2948 4722 3132 4763; x_wconf 92' lang='lat' dir='ltr'><strong>unum</strong></span> <span class='ocrx_word' id='word_1_759' title='bbox 3188 4705 3583 4778; x_wconf 88' lang='lat' dir='ltr'><strong>potissimum,</strong></span> <span class='ocrx_word' id='word_1_760' title='bbox 3640 4709 3713 4765; x_wconf 93' lang='lat' dir='ltr'><strong>ab</strong></span> 
     </span>
    </p>
   </div>
   <div class='ocr_carea' id='block_1_111' title="bbox 2076 4796 3718 4870">
    <p class='ocr_par' dir='ltr' id='par_1_111' title="bbox 2076 4796 3718 4870">
     <span class='ocr_line' id='line_1_111' title="bbox 2076 4796 3718 4870; baseline 0.001 -17"><span class='ocrx_word' id='word_1_761' title='bbox 2076 4799 2203 4870; x_wconf 89' lang='lat' dir='ltr'><strong>ipso</strong></span> <span class='ocrx_word' id='word_1_762' title='bbox 2233 4797 2563 4853; x_wconf 89' lang='lat' dir='ltr'><strong>Andronico</strong></span> <span class='ocrx_word' id='word_1_763' title='bbox 2596 4798 2675 4851; x_wconf 91' lang='lat' dir='ltr'><strong>ita</strong></span> <span class='ocrx_word' id='word_1_764' title='bbox 2708 4796 2994 4852; x_wconf 89' lang='lat' dir='ltr'><strong>directum</strong></span> <span class='ocrx_word' id='word_1_765' title='bbox 3027 4801 3088 4851; x_wconf 91' lang='lat' dir='ltr'><strong>ut</strong></span> <span class='ocrx_word' id='word_1_766' title='bbox 3120 4812 3325 4852; x_wconf 89' lang='lat' dir='ltr'><strong>murus</strong></span> <span class='ocrx_word' id='word_1_767' title='bbox 3374 4798 3525 4853; x_wconf 88' lang='lat' dir='ltr'><strong>inter</strong></span> <span class='ocrx_word' id='word_1_768' title='bbox 3572 4797 3718 4854; x_wconf 91' lang='lat' dir='ltr'><strong>duas</strong></span> 
     </span>
    </p>
   </div>
   <div class='ocr_carea' id='block_1_112' title="bbox 2074 4885 3718 4960">
    <p class='ocr_par' dir='ltr' id='par_1_112' title="bbox 2074 4885 3718 4960">
     <span class='ocr_line' id='line_1_112' title="bbox 2074 4885 3718 4960; baseline 0.001 -18"><span class='ocrx_word' id='word_1_769' title='bbox 2074 4892 2265 4942; x_wconf 88' lang='lat' dir='ltr'><strong>turres</strong></span> <span class='ocrx_word' id='word_1_770' title='bbox 2294 4889 2722 4957; x_wconf 87' lang='lat' dir='ltr'><strong>conquassatus</strong></span> <span class='ocrx_word' id='word_1_771' title='bbox 2750 4888 2808 4940; x_wconf 88' lang='lat' dir='ltr'><strong>et</strong></span> <span class='ocrx_word' id='word_1_772' title='bbox 2835 4885 3096 4940; x_wconf 87' lang='lat' dir='ltr'><strong>vectibus</strong></span> <span class='ocrx_word' id='word_1_773' title='bbox 3115 4886 3399 4942; x_wconf 84' lang='lat' dir='ltr'><strong>sull‘ossus</strong></span> <span class='ocrx_word' id='word_1_774' title='bbox 3426 4888 3718 4960; x_wconf 89' lang='lat' dir='ltr'><strong>penderet,</strong></span> 
     </span>
    </p>
   </div>
   <div class='ocr_carea' id='block_1_113' title="bbox 2078 4972 3723 5048">
    <p class='ocr_par' dir='ltr' id='par_1_113' title="bbox 2078 4972 3723 5048">
     <span class='ocr_line' id='line_1_113' title="bbox 2078 4972 3723 5048; baseline 0.002 -18"><span class='ocrx_word' id='word_1_775' title='bbox 2078 4978 2307 5031; x_wconf 90' lang='lat' dir='ltr'><strong>ruinam</strong></span> <span class='ocrx_word' id='word_1_776' title='bbox 2353 4972 2652 5029; x_wconf 85' lang='lat' dir='ltr'><strong>minitans.</strong></span> <span class='ocrx_word' id='word_1_777' title='bbox 2715 4974 2973 5038; x_wconf 89' lang='lat' dir='ltr'><strong>Quadam</strong></span> <span class='ocrx_word' id='word_1_778' title='bbox 3033 4979 3228 5030; x_wconf 81' lang='lat' dir='ltr'><strong>autem</strong></span> <span class='ocrx_word' id='word_1_779' title='bbox 3280 4980 3449 5031; x_wconf 87' lang='lat' dir='ltr'><strong>nocte</strong></span> <span class='ocrx_word' id='word_1_780' title='bbox 3494 4977 3723 5048; x_wconf 88' lang='lat' dir='ltr'><strong>aliquot</strong></span> 
     </span>
    </p>
   </div>
   <div class='ocr_carea' id='block_1_114' title="bbox 2076 5063 3719 5137">
    <p class='ocr_par' dir='ltr' id='par_1_114' title="bbox 2076 5063 3719 5137">
     <span class='ocr_line' id='line_1_114' title="bbox 2076 5063 3719 5137; baseline 0.001 -17"><span class='ocrx_word' id='word_1_781' title='bbox 2076 5063 2394 5137; x_wconf 82' lang='lat' dir='ltr'><strong>Hungarici</strong></span> <span class='ocrx_word' id='word_1_782' title='bbox 2422 5078 2685 5134; x_wconf 89' lang='lat' dir='ltr'><strong>proceres</strong></span> <span class='ocrx_word' id='word_1_783' title='bbox 2717 5064 2953 5135; x_wconf 91' lang='lat' dir='ltr'><strong>podium</strong></span> <span class='ocrx_word' id='word_1_784' title='bbox 2990 5080 3019 5117; x_wconf 82' lang='grc' dir='ltr'><strong>ρ</strong></span> <span class='ocrx_word' id='word_1_785' title='bbox 3052 5065 3318 5121; x_wconf 81' lang='lat' dir='ltr'><strong>trabibus</strong></span> <span class='ocrx_word' id='word_1_786' title='bbox 3359 5072 3719 5135; x_wconf 85' lang='lat' dir='ltr'><strong>contextum,</strong></span> 
     </span>
    </p>
   </div>
   <div class='ocr_carea' id='block_1_115' title="bbox 2078 5154 3722 5229">
    <p class='ocr_par' dir='ltr' id='par_1_115' title="bbox 2078 5154 3722 5229">
     <span class='ocr_line' id='line_1_115' title="bbox 2078 5154 3722 5229; baseline 0.001 -18"><span class='ocrx_word' id='word_1_787' title='bbox 2078 5156 2232 5211; x_wconf 74' lang='lat'><strong>176</strong></span> <span class='ocrx_word' id='word_1_788' title='bbox 2265 5157 2418 5211; x_wconf 83' lang='lat' dir='ltr'><strong>foras</strong></span> <span class='ocrx_word' id='word_1_789' title='bbox 2451 5154 2807 5225; x_wconf 84' lang='lat' dir='ltr'><strong>prominens,</strong></span> <span class='ocrx_word' id='word_1_790' title='bbox 2842 5155 3093 5227; x_wconf 87' lang='lat' dir='ltr'><strong>ingressi</strong></span> <span class='ocrx_word' id='word_1_791' title='bbox 3142 5160 3199 5211; x_wconf 87' lang='lat' dir='ltr'><strong>et</strong></span> <span class='ocrx_word' id='word_1_792' title='bbox 3247 5157 3463 5212; x_wconf 86' lang='lat' dir='ltr'><strong>strictis</strong></span> <span class='ocrx_word' id='word_1_793' title='bbox 3512 5156 3722 5229; x_wconf 85' lang='lat' dir='ltr'><strong>gladiis</strong></span> 
     </span>
    </p>
   </div>
   <div class='ocr_carea' id='block_1_116' title="bbox 2080 5243 3724 5317">
    <p class='ocr_par' dir='ltr' id='par_1_116' title="bbox 2080 5243 3724 5317">
     <span class='ocr_line' id='line_1_116' title="bbox 2080 5243 3724 5317; baseline 0 -17"><span class='ocrx_word' id='word_1_794' title='bbox 2080 5260 2267 5301; x_wconf 85' lang='lat' dir='ltr'><strong>aerem</strong></span> <span class='ocrx_word' id='word_1_795' title='bbox 2299 5243 2753 5311; x_wconf 87' lang='lat' dir='ltr'><strong>diverberantes,</strong></span> <span class='ocrx_word' id='word_1_796' title='bbox 2787 5243 3064 5299; x_wconf 88' lang='lat' dir='ltr'><strong>Romanis</strong></span> <span class='ocrx_word' id='word_1_797' title='bbox 3086 5245 3456 5300; x_wconf 82' lang='lat' dir='ltr'><strong>atrocissima</strong></span> <span class='ocrx_word' id='word_1_798' title='bbox 3479 5260 3724 5317; x_wconf 73' lang='lat' dir='ltr'><strong>qumque</strong></span> 
     </span>
    </p>
   </div>
   <div class='ocr_carea' id='block_1_117' title="bbox 2080 5330 3725 5404">
    <p class='ocr_par' dir='ltr' id='par_1_117' title="bbox 2080 5330 3725 5404">
     <span class='ocr_line' id='line_1_117' title="bbox 2080 5330 3725 5404; baseline 0.001 -16"><span class='ocrx_word' id='word_1_799' title='bbox 2080 5349 2215 5389; x_wconf 90' lang='lat' dir='ltr'><strong>cum</strong></span> <span class='ocrx_word' id='word_1_800' title='bbox 2248 5330 2470 5404; x_wconf 89' lang='lat' dir='ltr'><strong>ingenti</strong></span> <span class='ocrx_word' id='word_1_801' title='bbox 2502 5330 2755 5386; x_wconf 84' lang='lat' dir='ltr'><strong>clamore</strong></span> <span class='ocrx_word' id='word_1_802' title='bbox 2802 5332 3242 5389; x_wconf 83' lang='lat' dir='ltr'><strong>minitabantur.</strong></span> <span class='ocrx_word' id='word_1_803' title='bbox 3307 5334 3414 5389; x_wconf 88' lang='lat' dir='ltr'><strong>Sed</strong></span> <span class='ocrx_word' id='word_1_804' title='bbox 3467 5333 3725 5389; x_wconf 90' lang='lat' dir='ltr'><strong>vindicta</strong></span> 
     </span>
    </p>
   </div>
   <div class='ocr_carea' id='block_1_118' title="bbox 2080 5420 3723 5489">
    <p class='ocr_par' dir='ltr' id='par_1_118' title="bbox 2080 5420 3723 5489">
     <span class='ocr_line' id='line_1_118' title="bbox 2080 5420 3723 5489; baseline -0.001 -11"><span class='ocrx_word' id='word_1_805' title='bbox 2080 5437 2239 5478; x_wconf 86' lang='lat' dir='ltr'><strong>eose</strong></span> <span class='ocrx_word' id='word_1_806' title='bbox 2297 5420 2532 5489; x_wconf 81' lang='lat' dir='ltr'><strong>vestigio</strong></span> <span class='ocrx_word' id='word_1_807' title='bbox 2592 5424 2907 5474; x_wconf 76' lang='lat' dir='ltr'><strong>consecuta</strong></span> <span class='ocrx_word' id='word_1_808' title='bbox 2963 5425 3092 5476; x_wconf 88' lang='lat' dir='ltr'><strong>est:</strong></span> <span class='ocrx_word' id='word_1_809' title='bbox 3158 5437 3291 5476; x_wconf 84' lang='lat' dir='ltr'><strong>nam</strong></span> <span class='ocrx_word' id='word_1_810' title='bbox 3358 5422 3723 5476; x_wconf 76' lang='lat' dir='ltr'><strong>Andronicus</strong></span> 
     </span>
    </p>
   </div>
   <div class='ocr_carea' id='block_1_119' title="bbox 2080 5509 3725 5579">
    <p class='ocr_par' dir='ltr' id='par_1_119' title="bbox 2080 5509 3725 5579">
     <span class='ocr_line' id='line_1_119' title="bbox 2080 5509 3725 5579; baseline -0.002 -12"><span class='ocrx_word' id='word_1_811' title='bbox 2080 5515 2371 5568; x_wconf 88' lang='lat' dir='ltr'><strong>tormento</strong></span> <span class='ocrx_word' id='word_1_812' title='bbox 2423 5509 2669 5566; x_wconf 89' lang='lat' dir='ltr'><strong>solerter</strong></span> <span class='ocrx_word' id='word_1_813' title='bbox 2725 5511 2944 5566; x_wconf 87' lang='lat' dir='ltr'><strong>directo</strong></span> <span class='ocrx_word' id='word_1_814' title='bbox 3014 5511 3398 5567; x_wconf 90' lang='lat' dir='ltr'><strong>munitionem</strong></span> <span class='ocrx_word' id='word_1_815' title='bbox 3473 5510 3529 5563; x_wconf 91' lang='lat' dir='ltr'><strong>in</strong></span> <span class='ocrx_word' id='word_1_816' title='bbox 3606 5527 3725 5579; x_wconf 89' lang='lat' dir='ltr'><strong>qua</strong></span> 
     </span>
    </p>
   </div>
   <div class='ocr_carea' id='block_1_120' title="bbox 2082 5597 3725 5670">
    <p class='ocr_par' dir='ltr' id='par_1_120' title="bbox 2082 5597 3725 5670">
     <span class='ocr_line' id='line_1_120' title="bbox 2082 5597 3725 5670; baseline -0.001 -15"><span class='ocrx_word' id='word_1_817' title='bbox 2082 5600 2319 5656; x_wconf 85' lang='lat' dir='ltr'><strong>stabant</strong></span> <span class='ocrx_word' id='word_1_818' title='bbox 2349 5599 2429 5652; x_wconf 87' lang='lat' dir='ltr'><strong>ita</strong></span> <span class='ocrx_word' id='word_1_819' title='bbox 2458 5599 2727 5669; x_wconf 84' lang='lat' dir='ltr'><strong>perculit,</strong></span> <span class='ocrx_word' id='word_1_820' title='bbox 2763 5604 2828 5653; x_wconf 89' lang='lat' dir='ltr'><strong>ut</strong></span> <span class='ocrx_word' id='word_1_821' title='bbox 2850 5597 3292 5670; x_wconf 88' lang='lat' dir='ltr'><strong>prostrataillos</strong></span> <span class='ocrx_word' id='word_1_822' title='bbox 3313 5597 3725 5654; x_wconf 82' lang='lat' dir='ltr'><strong>miserabiliter</strong></span> 
     </span>
    </p>
   </div>
   <div class='ocr_carea' id='block_1_121' title="bbox 2082 5686 3719 5761">
    <p class='ocr_par' dir='ltr' id='par_1_121' title="bbox 2082 5686 3719 5761">
     <span class='ocr_line' id='line_1_121' title="bbox 2082 5686 3719 5761; baseline -0.005 -15"><span class='ocrx_word' id='word_1_823' title='bbox 2082 5689 2458 5761; x_wconf 78' lang='lat' dir='ltr'><strong>opprimeret.</strong></span> <span class='ocrx_word' id='word_1_824' title='bbox 2512 5687 2625 5747; x_wconf 85' lang='lat' dir='ltr'><strong>Nec</strong></span> <span class='ocrx_word' id='word_1_825' title='bbox 2676 5686 2861 5745; x_wconf 89' lang='lat' dir='ltr'><strong>multo</strong></span> <span class='ocrx_word' id='word_1_826' title='bbox 2908 5690 3042 5759; x_wconf 86' lang='lat' dir='ltr'><strong>post</strong></span> <span class='ocrx_word' id='word_1_827' title='bbox 3092 5687 3220 5757; x_wconf 91' lang='lat' dir='ltr'><strong>ipso</strong></span> <span class='ocrx_word' id='word_1_828' title='bbox 3268 5701 3499 5757; x_wconf 91' lang='lat' dir='ltr'><strong>quoque</strong></span> <span class='ocrx_word' id='word_1_829' title='bbox 3548 5698 3719 5738; x_wconf 89' lang='lat' dir='ltr'><strong>muro</strong></span> 
     </span>
    </p>
   </div>
  </div>
