4140 6290
321 379 442 441 4η

1389 376 1490 438 DE
1536 375 1900 438 MANUELE
1944 375 2324 437 COMNENO
2371 377 2522 438 LIB.
2569 378 2676 442 Π.

3623 383 3743 444 478

335 511 446 569 Καὶ
511 509 768 586 βασιλεὺς
826 508 1021 564 ἐκεῖθεν
1082 506 1458 578 ἀπονοστήσας
1513 507 1648 581 πρὸς
1729 506 1796 561 τὰ
1842 507 1983 562 Ῥω-

2110 508 2218 563 :ino
2251 509 2470 579 Angelo
2526 509 3037 583 Philadelphiense
3067 516 3124 569 et
3182 513 3396 570 Basilio
3427 515 3744 586 Tripsycho

347 601 524 674 μαίων
575 601 697 673 ὅρια
744 593 1108 670 μεταϐέϐηκε,
1157 597 1246 652 τὸν
1300 594 1356 650 δὲ
1407 597 1596 650 ἑαυτοῦ
1665 600 1833 659 θεῖον,
1901 596 1994 648 τὸν

343 693 452 746 ἆπὸ
486 687 887 765 Φιλαδελφείας
929 684 1076 761 λέγω
1126 692 1530 742 Κωνσταντῖνον
1580 686 1670 740 τὸν
1701 683 1992 762 Ἄγγελον,

341 779 724 856 ἐπιτειχιστὴν
760 776 904 831 εἷάσε
956 781 1053 831 τοῦ
1095 777 1413 850 Ζευγμίνου,
1463 776 1554 830 σὺν
1605 775 1751 846 αύτῷ
1801 771 1857 828 δὲ
1903 775 1993 828 καὶ

337 869 430 924 τὸν
469 868 756 942 Τρίψυχον
815 865 1123 922 Βασίλειονο
1180 866 1270 920 καὶ
1319 863 1469 920 οὗτοι
1522 865 1588 920 τὰ
1634 863 1995 938 ἐντεταλμένα

337 961 699 1034 περατοῦντες
754 954 815 1010 τό
871 977 930 1011 τε
987 955 1284 1030 Ζεύγμινον
1340 953 1636 1029 ἠρτίωσαν,
1697 954 1815 1008 ὅσαι
1865 974 1996 1008 κατ-

343 1047 644 1122 ηρείποντο
713 1047 925 1119 τύρσεις
985 1044 1446 1113 ἐπισκευάσαντες,
1511 1045 1597 1098 καὶ
1665 1049 1765 1112 τῆς
1815 1041 1994 1112 ἄλλης

347 1137 558 1210 ὁμοίως
607 1140 853 1215 φρουρᾶς
902 1139 1310 1210 πεφροντίκασι,
1356 1133 1449 1187 καὶ
1496 1134 1562 1187 τὰ
1609 1131 1661 1187 ἒν
1718 1131 1993 1206 Βελεγρά-

345 1225 459 1288 δοις
511 1225 785 1299 πολίχνια
843 1223 1107 1293 πλείστης
1159 1224 1290 1292 ὅσης
1347 1221 1665 1296 ἐπιμελείας
1730 1222 1992 1293 ἠξίωσαν.

337 1317 436 1372 Καὶ
498 1316 662 1370 αὐτὸν
725 1311 782 1368 δὲ
837 1314 930 1367 τὸν
999 1311 1160 1367 Νίσον
1220 1313 1430 1386 τείχεσι
1497 1305 1853 1384 περιέϐαλον,
1904 1311 1995 1364 καὶ

341 1408 440 1476 τὴν
503 1398 870 1479 Βρανίτζοϐαν
925 1404 1244 1474 συνῴκισαν.
1308 1402 1406 1456 Καὶ
1482 1402 1550 1456 τὰ
1635 1400 1807 1456 λοιπὰ
1860 1400 1996 1475 πρὸς

338 1495 401 1550 τὸ
464 1493 521 1549 εὖ
579 1491 912 1565 διαθέμενοι,
971 1486 1094 1556 ἔνθα
1149 1489 1348 1566 διάγων
1401 1491 1468 1559 ἦν
1535 1489 1810 1564 βασιλεὺς,
1866 1488 1992 1569 ἂφίο

339 1603 524 1638 κοντο.
597 1583 769 1642 Οὗτος
829 1578 886 1634 δὲ
941 1580 1033 1635 τὸν
1095 1581 1219 1634 Aeci:
1279 1579 1737 1652 μετελευσόμενος
1804 1579 1994 1633 ἑαυτοῦ

341 1674 634 1750 γενόμενον
665 1669 1098 1744 κακουργότερον
1123 1670 1224 1736 τὴν
1271 1668 1324 1730 ἐς
1377 1666 1602 1743 Σερϐίαν
1661 1667 1820 1742 ὣρμα
1867 1688 1994 1742 τρα-

337 1762 552 1819 πέσθαι.
618 1758 778 1816 Ἀλλ’
844 1761 871 1813 6
932 1757 1061 1813 Δεσὲ
1109 1757 1200 1812 καὶ
1261 1753 1538 1833 πὸῥρωθεν
1597 1755 1870 1831 ἐπιτηρῶν
1929 1758 1995 1811 τὰ

2102 598 2173 652 ad
2205 598 2402 668 oppidi
2461 599 2941 657 instaurationem
2974 601 3227 667 relictis;
3291 604 3385 673 qui
3450 621 3564 658 non
3610 621 3745 675 pro-

2098 690 2308 742 stratae
2341 689 2510 743 modo
2540 694 2733 744 turres
2784 695 3108 761 caateraque
3139 692 3382 747 ediﬁcia
3414 693 3741 748 refecerunt

2099 793 2162 831 ac
2195 777 2480 848 praesidiis
2513 781 2872 848 munierunt,
2911 781 3058 836 ηε
3092 781 3191 836 sed
3223 788 3278 836 et
3321 782 3535 854 oppida
3567 783 3740 838 Belli-

2098 867 2408 938 gradiensa
2477 885 2683 938 magno
2743 869 2936 924 studio
2989 876 3361 935 curaverunt,
3420 887 3484 925 ac
3544 871 3738 942 ipsum

2097 955 2301 1010 Nisum
2335 957 2627 1012 mcenibus
2679 958 3215 1025 circumdederunt,
3247 966 3304 1014 et
3360 959 3746 1015 Branizobam

2098 1043 2274 1100 ducta
2293 1045 2522 1100 colonia
2553 1047 2889 1117 caeterisque
2917 1047 3089 1103 rebus
3121 1049 3459 1104 constitutis
3517 1051 3587 1104 ad
3623 1050 3745 1104 im—

2096 1138 2417 1204 peratorem
2454 1136 2745 1190 abierunt.
2773 1136 2826 1191 Is
2861 1136 3062 1192 Desem
3100 1137 3357 1207 ulturus,
3384 1139 3486 1210 qui
3535 1140 3747 1211 priori-

2097 1223 2208 1277 bus
2233 1223 2592 1279 facinoribus
2627 1226 2845 1294 majora
2895 1226 3116 1281 scelera
3148 1227 3457 1296 adjecerat,
3494 1230 3553 1282 in
3610 1229 3742 1283 Ser-

2095 1309 2247 1364 viam
2298 1311 2554 1366 intendit
2612 1315 2902 1367 animum.
2966 1313 3079 1368 Sed
3139 1314 3319 1369 Deses
3373 1314 3556 1370 multo
3617 1321 3748 1369 ante

2097 1399 2410 1454 observans
2466 1399 2608 1470 quid
2664 1409 2951 1470 ageretur,
3011 1407 3067 1457 et
3113 1402 3166 1457 id
3221 1403 3374 1474 quod
3458 1418 3549 1458 res
3625 1408 3750 1458 erat

2097 1488 2347 1543 maxime
2379 1489 2607 1556 timens,
2643 1507 2733 1559 ne,
2769 1491 2816 1545 si
2851 1491 3167 1562 imperator
3197 1493 3645 1564 impressionem
3678 1493 3738 1547 in

2097 1577 2357 1632 Serviam
2418 1577 2672 1644 fecisset,
2706 1578 2942 1650 gravius
2986 1579 3205 1650 aliquid
3254 1582 3363 1636 sibi
3423 1583 3746 1650 accederet,

2097 1681 2199 1736 per
2230 1665 2450 1736 legatos
2482 1667 2730 1736 supplex
2781 1668 2949 1738 petiit
3010 1674 3072 1722 ut
3131 1670 3539 1740 imperatorem
3597 1672 3743 1725 citra

2096 1753 2422 1825 perieulum
2459 1755 2619 1810 adire
2649 1754 2864 1810 liceret.
2891 1757 3010 1819 Quo
3043 1757 3350 1827 impetrato
3383 1775 3512 1814 cum
3552 1766 3743 1813 satra-

336 1851 714 1926 πραττόμενα,
775 1847 1010 1920 μάλιστα
1069 1844 1116 1901 δ’
1201 1846 1336 1920 ὅπερ
1393 1849 1457 1914 ἦν
1515 1845 1719 1916 ἀληθὲς
1779 1843 1991 1918 δεδιὼς,

2110 1842 2230 1913 pico
2263 1842 2540 1897 comitatu
2575 1845 2829 1911 advenit,
2863 1846 2934 1900 ad
2968 1845 3378 1916 imperatorem
3411 1847 3747 1916 adducitur,

342 1943 416 2015 μή
475 1961 532 1995 τι
587 1936 754 2008 ἀηδὲς
804 1937 968 2001 πάθοι
1022 1937 1113 1990 καὶ
1199 1937 1522 1990 ἀπευκταῖσν
1585 1933 1855 2008 βασιλέως
1913 1936 1988 1997 εἷς

335 2032 434 2099 τὴν
475 2027 674 2084 ἑαυτοῦ
727 2027 915 2105 χώραν
965 2019 1446 2099 παρεμϐαλόντος,
1492 2025 1710 2098 πέμψας
1763 2023 1838 2086 εἷς
1893 2025 1988 2099 βα-

337 2118 492 2174 σιλέα
535 2113 825 2183 ἐνδοθῆναί
875 2115 926 2168 oi.
975 2111 1304 2177 καθικετεύει
1353 2114 1452 2181 τὴν
1505 2111 1556 2174 ἐς
1605 2111 1762 2167 αὐτὸν
1811 2113 1991 2181 ἀπαθῆ

342 2205 542 2286 ἄφιξιν.
574 2211 662 2268 Ὡς
707 2204 798 2258 οὗν
849 2203 994 2277 εἶχεν
1048 2203 1077 2257 ὅ
1121 2199 1347 2276 ᾔτησεν,
1396 2201 1618 2281 ἀφίκετο
1665 2199 1991 2279 δορυφορίας

345 2295 593 2374 μετέχων
655 2299 1015 2365 σατραπικῆς,
1066 2291 1157 2346 καὶ
1198 2291 1274 2354 εἰς
1323 2292 1444 2354 θέαν
1501 2291 1580 2362 τῷ
1629 2289 1848 2364 βασιλεῖ
1893 2312 1992 2345 κα-

337 2386 540 2446 ταστὰς
606 2383 669 2438 τὸ
724 2380 1020 2458 δολιόφρον
1075 2388 1177 2450 τῆς
1256 2381 1484 2453 γνώμης
1551 2378 1992 2450 κατονειδίζεται,

341 2476 431 2530 καὶ
491 2473 666 2535 οὕτως
727 2471 802 2532 ὡς
859 2467 1123 2532 ἄσπονδος
1181 2469 1564 2542 ἀποπέμπεται
1669 2469 1772 2526 Καὶ
1830 2469 1992 2547 ἐγγὺς

349 2563 526 2620 ἐλθὼν
557 2566 659 2616 τοῦ
691 2558 1074 2639 συλλλφθῆναι
1109 2556 1375 2635 διαφίεται
1407 2559 1574 2613 πάλιν
1607 2556 1795 2613 οἴκαδε
1825 2558 1996 2614 ἀπελ-

343 2659 476 2721 θεῖν,
505 2654 609 2721 τὴν
638 2655 735 2706 τοῦ
760 2649 970 2725 τρόπου
1004 2643 1314 2722 μεταϐολὴν
1347 2648 1522 2702 καὶτὸ
1557 2648 1752 2720 μηκέτι
1800 2648 1866 2702 τὰ
1919 2651 1994 2722 μὴ

344 2741 616 2800 δοκοῦντα
676 2736 891 2813 βασιλεῖ
949 2735 1366 2812 διαπράττεσθαι
1413 2734 1739 2814 φρικώδεσιν
1816 2738 1999 2809 ὅρκοις

354 2825 829 2902 ἴμπεδωσάμενος,
884 2827 981 2881 κᾶν
1030 2827 1129 2881 οὐκ
1175 2828 1240 2895 ἦν
1299 2827 1389 2881 τὸν
1445 2823 1817 2900 χαμαιλέοντα
1863 2827 2000 2900 πρὸς

354 2917 456 2984 τήν
506 2922 606 2984 τῆς
656 2914 906 2984 ἀληθείας
952 2909 1351 2987 μεταϐαλέσθαι
1400 2912 1705 2984 λευκότητα
1753 2913 1832 2990 ἐφ’
1881 2913 1997 2969 ἑτέ-

357 3025 456 3079 ραν
486 3009 653 3058 πᾶσαν
681 3006 871 3080 χροιὰν
917 3001 1117 3078 ῥᾳδίως
1173 3003 1607 3075 μετατιθέμενον.
1658 3003 1843 3075 Ἐξιὼν
1896 3004 1998 3079 γὰρ

2103 1931 2202 2003 qui
2235 1932 2501 1988 dolosum
2530 1933 2825 1998 ingenium
2859 1935 2909 1989 ei
2941 1936 3142 2005 objicit
3199 1943 3251 1991 et
3317 1953 3511 2006 pacem
3546 1941 3743 2007 negat.

2101 2028 2182 2079 Ac
2241 2041 2448 2095 parum
2510 2026 2696 2080 abl‘uit
2753 2027 2892 2096 quin
2966 2027 3576 2098 comprehenderetur,
3641 2029 3743 2083 sed

2101 2117 2294 2169 tamen
2329 2115 2568 2169 domum
2602 2116 3012 2186 redirejussus
3043 2123 3155 2186 est,
3184 2117 3552 2174 sanctissimo
3578 2119 3747 2188 jure-

2096 2203 2350 2274 jurando
2382 2205 2624 2260 adactus
2655 2221 2716 2259 se
2767 2206 3008 2260 mutatis
3045 2207 3303 2261 moribus
3364 2205 3507 2261 nihil
3541 2212 3746 2262 contra

2105 2292 2518 2364 imperatorem
2549 2295 3244 2367 admissurum,quamvis
3275 2298 3418 2352 satis
3447 2304 3753 2368 appareret

2106 2398 2240 2437 eum
2272 2401 2304 2437 a
2335 2384 2558 2439 malitia
2588 2401 2700 2438 non
2732 2385 3132 2441 discessurum
3173 2403 3318 2442 esse.
3367 2391 3648 2452 Egressus
3681 2387 3752 2440 ab

2106 2473 2454 2543 imperatore
2485 2473 2660 2528 variis
2709 2474 2868 2527 curis
2899 2475 3203 2530 aestuabat.
3238 2476 3503 2530 Pudebat
3561 2492 3752 2530 acces-

2107 2560 2646 2625 cisse,irascebatur
2676 2562 2756 2616 ita
2782 2579 2843 2617 se
2876 2566 3182 2617 tractatum
3217 2565 3751 2633 esse,jurejuranrl0

2109 2666 2170 2705 se
2202 2649 2355 2704 velut
2380 2651 2438 2704 in
2471 2651 2732 2705 ordinem
2768 2658 3028 2706 coactum
3050 2667 3177 2707 esse
3200 2651 3453 2707 dolebat.
3486 2652 3750 2722 Denique

2109 2738 2730 2809 repudiatisomnibus
2765 2741 2916 2794 I79
2980 2757 3104 2810 qua:
3164 2745 3369 2794 contra
3424 2740 3606 2794 animi
3659 2742 3753 2794 sui

2110 2826 2457 2883 sententiam
2481 2828 2738 2898 jurarst,
2769 2829 3004 2900 vulpina
3064 2828 3210 2898 pelle
3242 2833 3544 2899 resumpta
3581 2830 3758 2899 tragi-

2110 2930 2243 2971 cum
2296 2914 2441 2971 illud
2500 2916 2674 2972 homo
2735 2918 3020 2973 barbarus
3074 2917 3454 2973 collaudavit:
3489 2940 3516 2967 ‹‹
3554 2918 3758 2973 Juravi

2111 3003 2335 3077 lingua,
2369 3010 2626 3062 mentem
2661 3007 2979 3078 injuratam
3012 3023 3166 3079 gero.
3199 3028 3227 3057 »

350 3095 458 3150 ἀπὸ
516 3095 810 3165 προσώπου
875 3097 973 3148 τοῦ
1035 3090 1308 3168 βασιλέως
1371 3091 1611 3155 πολλοῖς
1668 3093 1780 3164 ἅμα
1836 3093 1935 3160 τὴν
2003 3094 2188 3166 ψυχὴν
2243 3092 2522 3168 ἐμερίζετο
2579 3095 2820 3158 πάθεσιν.
2885 3096 3184 3174 ’ῌσχύνετο
3243 3094 3323 3171 ἐφ’
3390 3097 3476 3158 οἷς
3533 3100 3613 3168 τῷ
3661 3099 3759 3170 βα-

341 3183 491 3240 σιλεῖ
547 3184 982 3258 προσελήλυθεν,
1024 3182 1292 3258 ὠργίζετο
1350 3182 1422 3235 ὧν
1479 3178 1631 3236 ἕνεκα
1685 3181 1970 3252 πέπονθεν,
2031 3180 2345 3237 έπαθαίνετο
2405 3184 2494 3244 οἷς
2551 3183 2644 3246 τᾶς
2712 3192 2811 3254 τῆς
2857 3185 3086 3258 γνώμης
3165 3187 3540 3260 παρεκτροπὰς
3601 3190 3762 3262 θριγ-

339 3275 488 3350 γίοις
546 3270 723 3346 ὅρκων
799 3272 974 3342 ἑαυτῷ
1021 3268 1343 3348 ἐπετείχισε.
1384 3269 1552 3331 Τέλος
1613 3267 1691 3338 δὲ,
1761 3268 1859 3323 ὅσα
1923 3271 2210 3343 ὁμωμόκει
2273 3277 2352 3345 τῷ
2410 3271 2625 3346 βασιλεῖ
2680 3276 2778 3344 τὴν
2844 3275 3044 3330 υίκείαν
3112 3276 3474 3350 ἀποκρύπτων
3532 3279 3756 3352 γνώμην

337 3363 432 3419 καὶ
493 3361 767 3430 συνέθετο,
824 3359 1335 3432 κατανωτισάμενος
1393 3360 1492 3428 την
1577 3360 1783 3429 συνήθη
1871 3356 2184 3432 παρδαλέην
2265 3362 2438 3434 ἑαυτῷ
2515 3363 2844 3437 περιτίθησι,
2909 3366 2970 3419 τὸ
3039 3369 3134 3420 τοῦ
3197 3363 3480 3442 τραγῳδοῦ
3539 3368 3566 3421 ὁ
3630 3365 3762 3439 βάρ-

345 3447 511 3521 ϐαρος
544 3448 748 3513 ἐκεῖνος
779 3449 1062 3511 ἐπαινέσας
1090 3446 1342 3522 ἄντικρυς
1371 3447 1461 3502 καὶ
1493 3447 1681 3502 εἰπών’
1717 3472 1745 3500 «
1777 3448 1842 3503 Ἡ
1866 3446 2071 3523 γλῶσσ’
2101 3449 2388 3527 ὀμώμοχ’,
2419 3453 2454 3520 ἡ
2480 3448 2536 3506 δὲ
2565 3454 2705 3526 φρήν
2747 3453 3051 3526 ἀνώμοτος.
3089 3477 3116 3504 ››

423 3539 470 3596 δ’
502 3542 609 3598 Καὶ
671 3541 790 3614 εἶχε
845 3541 941 3612 μὲν
987 3537 1128 3593 οὕτω
1185 3542 1370 3593 ταῦτα·
1426 3541 1594 3612 μήπω
1645 3535 1701 3592 δὲ
1745 3539 2003 3612 γεννήσας
2045 3541 2086 3607 C

346 3636 373 3689 6
416 3634 684 3702 Μανουὴλ
739 3633 880 3700 υἱὸν,
942 3629 1067 3686 ἀλλ’
1122 3630 1209 3685 ἐπὶ
1263 3634 1332 3703 τῇ
1392 3631 1616 3706 θυγατρὶ
1675 3629 1873 3704 Μαρίᾳ,
1934 3629 1999 3697 ἣν

354 3723 502 3794 αύτῷ
558 3725 594 3791 ἡ
655 3721 704 3791 ἐξ
767 3720 1095 3794 ’Δλαμανῶν
1152 3719 1404 3775 ἀπέτεκεν
1483 3718 1707 3795 ἄλογος,
1764 3719 1858 3781 τὰς
1905 3722 2003 3772 τοῦ

349 3812 540 3887 γένους
599 3810 847 3866 σαλεύων
913 3806 1198 3884 διαδοχὰς,
1247 3808 1430 3884 ὅρκοις
1486 3809 1690 3871 πάντας
1747 3829 2006 3863 κατενεπ-

346 3901 522 3958 έδωσε
557 3901 696 3974 μετά
718 3902 810 3954 τὸν
867 3898 1033 3954 αύτοῦ
1087 3900 1254 3974 μόρον
1308 3900 1478 3970 αὐτήν
1526 3919 1585 3954 τε
1635 3899 1733 3967 τὴν
1787 3899 2002 3972 Μαρίαν

346 3993 437 4048 καὶ
467 3992 560 4046 τὸν
605 3991 890 4064 μνήστορα
949 3987 1152 4058 ταύτης
1203 3985 1468 4057 Ἀλέξιον,
1517 3987 1599 4057 ὅς,
1653 3988 1728 4051 ὡς
1776 3987 2010 4060 εἰρήκει-

352 4103 471 4154 μεν,
506 4077 559 4150 ἐξ
593 4076 876 4152 Ούγγρίας
910 4076 1164 4149 ὥρμητο,
1207 4073 1596 4150 κληρονόμους
1647 4078 1746 4144 τῆς
1803 4075 2006 4138 οἰκείας

351 4169 501 4244 ἔχειν
531 4168 712 4244 ἀρχῆς
753 4168 846 4221 καὶ
878 4166 954 4229 ὡς
1000 4164 1288 4238 Ῥωμαίων
1339 4164 1489 4234 ἃναξι
1549 4164 1697 4242 σφίσι
1752 4165 2007 4219 καθυπεί-

355 4281 466 4315 κειν
527 4258 617 4312 καὶ
680 4260 1026 4331 προσκυνεῖν.
1090 4256 1254 4318 Ἔνθα
1312 4255 1368 4308 bl
1430 4255 1525 4328 μὲν
1582 4252 1748 4310 ἄλλοι
1815 4258 2010 4316 πάντες

353 4356 476 4412 τοῖς
511 4345 980 4421 ἔπιτετραμμένος
1024 4343 1355 4413 ὑπέκυπτον,
1386 4345 1476 4399 καὶ
1517 4345 1645 4406 τοὺς
1692 4343 1887 4418 ὅρκους
1940 4343 2012 4404 ὡς

358 4441 386 4494 6
433 4442 650 4513 κρατῶν
699 4434 941 4490 ἐκέλευεν
980 4429 1318 4488 ἀπεδίδοσαν·
1373 4434 1534 4506 μόνος
1587 4430 1633 4486 δ’
1672 4433 1740 4502 ἦν
1785 4429 2016 4486 ἀποδυσ-

363 4533 540 4584 πετῶν
572 4523 943 4598 ⁹Λνδρόνικος,
994 4525 1209 4602 φάσκων
1262 4523 1337 4586 ὡς
1386 4523 1413 4576 6
1467 4520 1721 4596 βασιλεὺς
1767 4521 1841 4583 εἷς
1891 4519 2014 4576 δευ-

365 4620 555 4694 τέρους
617 4612 918 4675 ἀποκλίνας
977 4612 1186 4688 γάμους
1243 4609 1662 4686 ἀῤῥενοτοκήσει
1722 4607 2012 4680 δήπουθεν,

360 4708 448 4764 καὶ
503 4701 900 4777 πιστουμένους
947 4704 1093 4773 ἡμᾶς
1137 4705 1216 4772 τῷ
1277 4700 1482 4774 ὑστέρῳ
1526 4701 1671 4772 τόκῳ
1716 4703 1813 4754 τοῦ
1861 4700 2013 4774 βασι-

361 4797 500 4861 λέως
546 4795 615 4850 τὰ
673 4800 773 4860 τῆς
827 4791 1008 4865 ἀρχῆς
1058 4787 1128 4844 δι’
1174 4791 1350 4864 ὅρκων
1397 4789 1643 4844 ἐσέπειτα
1690 4787 1898 4864 ἀνάγκη
1944 4793 2012 4862 τῇ

360 4884 588 4962 θυγατρὶ
644 4880 846 4954 ἀρτίως
899 4876 1057 4954 Βρκια
1124 4875 1370 4939 διδόντας
1445 4879 1520 4949 μὴ
1587 4877 1851 4952 εὐορκεῖν.
1916 4875 2014 4930 Καὶ

361 4973 548 5036 ἄλλως
607 4969 664 5026 δὲ
717 4968 797 5030 τίς
847 4971 881 5036 ἡ
941 4971 1018 5038 τῷ
1064 4967 1280 5043 βασιλεῖ
1325 4961 1671 5035 θεοϐλάϐεια,
1719 4967 1794 5028 ὡς
1843 4966 2016 5020 πάντα

365 5065 463 5137 μὲν
493 5063 778 5134 Ῥωμαῖον
813 5060 910 5112 τοῦ
950 5057 1238 5130 θυγατρίου
1267 5056 1467 5130 κρίνειν
1515 5053 1875 5131 ἀπόλεκτρον,
1923 5056 2015 5110 τὸν

357 5152 406 5210 δ’
454 5150 737 5225 ἀλλογενῆ
787 5145 879 5200 καὶ
931 5147 1342 5220 παρέγγραπτον
1390 5145 1606 5201 τουτονὶ
1657 5145 1733 5206 είς
1808 5141 2016 5208 ὄνειδος

351 5241 658 5319 Ῥωμαίοις
719 5235 1010 5308 Ῥωμαίων
1083 5233 1389 5308 βασιλεύειν
1469 5233 1856 5310 προκεκρίσθαι
1926 5235 2018 5290 καὶ

2189 3543 2241 3598 4.
2278 3545 2598 3612 Imperator
2626 3561 2757 3600 vero
2791 3548 3053 3600 nondum
3086 3551 3359 3616 suscepto
3385 3547 3527 3612 filio,
3558 3563 3764 3602 omnes

2105 3631 2484 3701 jurejurando
2535 3634 2727 3704 adegit
2759 3651 2820 3689 se
2865 3639 2997 3706 post
3053 3635 3236 3705 ipsius
3294 3635 3518 3689 obitum
3569 3635 3760 3689 Mariae

2110 3719 2242 3772 ﬁliae
2275 3736 2343 3774 ex
2371 3719 2691 3776 Alemanna
2713 3728 3025 3792 procreata:
3057 3723 3303 3792 ejusque
3333 3723 3540 3777 marito
3556 3720 3754 3778 Alexio

2111 3808 2404 3879 Hungaro,
2439 3815 2500 3863 ut
2534 3811 2922 3866 Romanorum
2955 3813 3567 3882 imperatoribus,cum
3601 3829 3763 3867 sum-

2115 3913 2209 3951 ma
2267 3899 2630 3953 observantia
2661 3900 3184 3971 obtemperaturos.
3232 3900 3376 3956 Huic
3416 3900 3606 3954 edicto
3657 3918 3757 3971 pa-

2115 3993 2356 4042 ruerunt
2383 3989 2571 4042 czeteri
2607 3992 2814 4058 praeter
2845 3990 3241 4043 Andronicum
3271 4008 3285 4057 ;
3319 3990 3420 4057 qui
3469 3989 3670 4059 iniquo
3704 3991 3760 4043 id

2115 4076 2310 4132 animo
2348 4075 2561 4142 ferens,
2597 4077 2827 4132 dicebat
2850 4078 3257 4148 imperatorem
3295 4078 3554 4133 secunda
3587 4095 3763 4133 uxore

2117 4167 2288 4221 ducta
2321 4182 2540 4221 marem
2617 4165 2822 4237 utique
2869 4173 3336 4237 procreaturum,
3370 4166 3464 4222 cui
3503 4168 3550 4222 si
3571 4168 3767 4236 jusju-

2118 4256 2367 4310 randum
2385 4254 2576 4309 daturi
2599 4254 3236 4324 essentJusjurandum
3271 4256 3600 4325 Mariaejam
3627 4256 3765 4309 dan-

2118 4343 2255 4398 dum
2295 4343 2495 4414 utique
2526 4343 2645 4398 fore
2679 4343 2936 4399 irritum.
2972 4343 3190 4399 Deinde
3218 4344 3306 4398 ira
3344 4344 3616 4399 Numinis
3649 4345 3763 4399 Im-

2120 4432 2355 4504 pulsum
2386 4432 2562 4488 videri
2594 4433 3029 4502 imperatorem,
3054 4433 3152 4502 qui
3189 4433 3466 4486 omnibus
3494 4433 3768 4486 Romanis

2122 4521 2439 4593 repudiatis
2455 4520 2840 4589 alienigenam
2873 4531 2924 4574 et
2959 4520 3275 4575 ascititium
3301 4521 3479 4574 istum
3499 4522 3629 4575 ﬁliae
3645 4537 3772 4575 ma-

2121 4610 2296 4666 ritum
2321 4618 2376 4667 et
2409 4611 2637 4681 imperii
2661 4626 3050 4666 successorem
3085 4625 3212 4664 cum
3228 4615 3626 4666 Romanorum
3644 4627 3773 4664 om-

2123 4700 2286 4755 nium
2302 4699 2658 4756 contumelia
2671 4698 3089 4770 delegerit.b‘ed
3106 4698 3248 4752 nihil
3265 4697 3354 4753 his
3372 4699 3561 4753 verbis
3578 4703 3774 4755 motus

2124 4791 2212 4842 est
2232 4789 2644 4858 imperator,ut
2674 4787 2931 4841 hominis
2963 4785 3351 4841 adversatoris
3383 4791 3440 4841 et
3469 4791 3775 4842 contuma-

2048 4901 2093 4964 Β
2126 4878 2226 4931 cis.
2263 4877 2509 4940 Quidam
2539 4883 2732 4931 tamen
2763 4876 2897 4930 dato
2918 4876 3301 4946 jurejurando
3332 4877 3664 4933 Andronico
3684 4894 3771 4932 as-

2126 4967 2282 5023 sensi
2317 4966 2468 5022 180
2484 4965 2830 5021 sententiam
2847 4982 3015 5020 suam
3035 4965 3229 5021 statim
3250 4967 3652 5037 protulerunt:
3677 4967 3775 5023 alii

2128 5057 2433 5114 sententia;
2481 5056 2734 5111 dictione
2774 5055 3016 5121 omissa,
3069 5056 3439 5111 vehementer
3468 5059 3781 5112 contende-

2129 5153 2267 5204 runt
2297 5163 2478 5218 neque
2513 5145 2882 5217 imperatoris
2906 5145 3040 5201 ﬁliae
3073 5162 3260 5218 neque
3293 5146 3557 5201 Romanae
3585 5146 3781 5216 reipu-

2129 5237 2294 5293 blicae
2326 5235 2594 5309 expedire
2625 5233 2923 5289 hominem
2945 5234 3333 5305 alienigenam
3368 5252 3562 5290 rerum
3584 5234 3777 5304 potiri.

357 5329 778 5410 ὑπερκαθῆσθαι
849 5323 996 5379 ὅλων
1041 5324 1114 5387 ὡς
1163 5323 1396 5399 κύριον;
1446 5323 1605 5381 Ἀλλ“
1654 5325 1756 5380 οὐκ
1805 5326 1928 5404 εἶχε
1978 5324 2134 5396 λέξας
2181 5327 2248 5381 τὰ
2299 5324 2515 5400 χρηστὰ
2563 5321 2732 5377 ταῦτα
2777 5323 2870 5376 τὸν
2926 5322 3153 5396 βασιλέα
3206 5320 3541 5396 πειθόμενον,
3591 5321 3782 5394 ἀθερι-

356 5437 521 5500 ζοντα
585 5422 656 5478 τὰ
723 5416 1000 5488 λεγόμενα
1057 5415 1130 5476 ὡς
1196 5413 1390 5491 ἀνδρὸς
1456 5413 1864 5488 ἀυτιδοξοῦντος
1931 5417 2018 5470 καί
2089 5416 2572 5491 ἶσχυρογνώμονος
2625 5413 3006 5486 τερετίσματα.
3069 5413 3189 5467 Εἰσὶ
3250 5410 3296 5466 δ’
3351 5412 3403 5466 οἳ
3467 5412 3598 5484 μετὰ
3652 5410 3781 5470 τοὺς

355 5496 559 5594 ἑριιους
596 5503 936 5580 Ἀνδρονίκῳ
992 5503 1242 5579 γεγόνασι
1303 5505 1614 5579 σύμψηφοι,
1664 5505 1755 5558 καὶ
1820 5505 1870 5558 οἱ
1932 5504 2027 5578 μὲν
2087 5505 2312 5569 αὐτόθεν
2368 5504 2430 5558 τὸ
2490 5499 2694 5594 δΡκοῆν-
2726 5501 3087 5594 ἀπεφήγαντο,
3139 5502 3194 5555 οῗ
3243 5499 3300 5594 δὲ
3355 5502 3446 5594 ira?
3488 5499 3550 5594 36
3601 5496 3780 5594 λέγειν

355 5583 582 5689 ἀὲέντες
635 5596 1012 5671 ἀγωνιστικῶς
1078 5593 1489 5665 μετεσκεύασαυ,
1548 5594 1676 5666 μήθ’
1744 5591 1891 5655 ὅλως
1946 5597 2014 5667 τῇ
2073 5595 2298 5671 θυγατρὶ
2363 5596 2458 5648 τοῦ
2512 5589 2778 5668 βασιλέως
2839 5592 2978 5662 μήτε
3030 5596 3136 5663 μην
3193 5593 3272 5661 τῷ
3323 5593 3429 5642 τῶν
3491 5583 3776 5656 Ῥωμαίων
