4140 6290
368 365 486 426 479

1688 363 1993 427 ΝΙΟΕΤᾸΣ
2033 363 2236 426 CHON
2246 365 2459 428 IATE

3669 367 3782 432 480

372 497 618 568 ξυνοῖσον
653 498 794 554 εἶναι
822 495 1160 572 πληρώματι
1193 497 1285 554 τὸν
1317 495 1376 553 ἐκ
1405 495 1670 576 φυταλιᾶς
1703 495 2036 574 ἐτεροφύλου
2067 492 2336 570 ράδαμνον
2367 496 2447 560 εἷς
2477 495 2839 555 καλλιέλαιον
2893 499 3353 576 μετεγκεντρίζειν
3397 500 3658 557 πιότατον
3709 521 3784 557 κα

374 588 511 662 πρὸς
539 589 601 642 τὸ
635 587 1006 657 ἀναζώσασθαι
1037 590 1100 642 τὸ
1130 589 1325 662 κράτος
1354 592 1460 642 τῶν
1496 585 1642 642 ὅλων
1675 585 2042 662 προτίθεσθαι.

445 679 499 731 5.
535 683 700 733 Nunc
720 677 874 733 aliud
905 679 1380 750 subjungendum
1404 687 1510 745 est,
1535 677 1846 750 indignum
1865 675 2020 748 quod

2210 683 2265 734 ε’.
2306 677 2370 734 Ὀ
2405 675 2462 732 δὲ
2493 676 2661 757 λόγος
2693 681 3086 754 προσθήσειτῇ
3117 678 3332 754 ἱστορίᾳ
3367 680 3458 735 καί
3503 701 3557 736 τι
3605 676 3790 755 ἕτερου

379 766 612 822 silentio
644 772 1030 838 prmteieatur.
1067 768 1198 822 Erat
1229 768 1543 840 imperator
1586 767 1657 823 de
1688 768 1935 822 urbibus
1975 771 2032 821 et

2152 769 2230 819 εοῦ
2265 763 2449 830 λαθεῖν
2494 767 2782 845 ὑπέρτερον
2825 769 2902 826 ὅν.
2959 771 3054 841 Τῷ
3109 766 3328 844 βασιλεῖ
3373 769 3554 841 τούτῳ
3597 766 3786 840 πολλή

373 853 626 910 castellis
701 854 939 919 Cilicia,
1007 857 1175 926 cujus
1237 855 1568 926 metropolis
1648 855 1866 912 Tarsus
1919 858 2030 920 est,

371 943 694 998 admodum
727 943 1032 1000 sollicitus.
1068 947 1190 1010 Quo
1239 961 1373 1000 cum
1431 943 1604 1000 multi
1643 945 1869 1000 nobiles
1901 960 2035 1016 prae-

375 1033 517 1088 fecti
566 1033 724 1088 missi
757 1038 970 1102 essent,
1007 1038 1240 1090 tandem
1298 1051 1361 1090 ea
1413 1033 1707 1106 provincia
1739 1033 2034 1089 Comneno

389 1127 723 1182 Andronico
759 1133 820 1182 ut
850 1127 1062 1183 illustri
1093 1144 1302 1200 genere
1361 1135 1484 1184 orto
1540 1133 1598 1184 et
1626 1131 1892 1200 spectatis
1920 1127 2034 1182 vir-

391 1215 536 1270 tutis
565 1215 686 1272 viro
719 1216 944 1273 decreta
977 1222 1104 1272 est:
1136 1218 1429 1288 adjectum
1465 1219 1636 1273 etiam
1697 1217 1866 1288 (typri
1929 1216 2034 1271 tri-

394 1304 602 1359 butum
649 1305 719 1359 ad
779 1310 1052 1377 sumptus
1082 1306 1306 1362 facilius
1339 1305 1684 1362 tolerandos.
1734 1307 1812 1360 Eo
1846 1305 2034 1376 profe-

393 1398 521 1448 ctus
543 1409 676 1449 cum
695 1398 910 1450 Toruse
936 1394 1174 1451 inimico
1196 1412 1347 1468 saepe
1366 1394 1675 1452 infeliciter
1701 1393 2032 1450 dimicavit:

395 1485 630 1539 tandem
661 1484 836 1540 etiam
863 1485 1112 1556 turpiter
1139 1486 1328 1542 victus
1381 1485 1834 1540 audacissimum
1895 1482 2034 1538 faci-

395 1587 510 1627 nus
524 1589 703 1628 ausus
735 1572 1092 1629 est.Uten1m
1112 1579 1353 1646 uterque
1365 1591 1502 1630 suas
1522 1573 1768 1644 copiasI
1783 1573 1873 1629 81
1895 1572 2039 1628 edu-

395 1668 628 1726 xerunt,
669 1662 1038 1718 Andronicus
1098 1664 1435 1719 universum
1494 1661 1806 1718 exercitum
1861 1676 2036 1716 suum

396 1751 480 1806 ita
508 1749 802 1821 instruxit,
836 1757 902 1807 ut
946 1753 1258 1809 animantis
1316 1755 1494 1809 instar
1549 1751 1736 1824 capite
1769 1754 1826 1806 et
1856 1750 2038 1806 cauda

395 1841 736 1912 celerisque
767 1841 1031 1914 partibus
1063 1846 1369 1898 constaret.
1402 1841 1652 1897 Toruses
1683 1844 1880 1895 contra
1911 1837 2036 1894 suis

395 1929 457 1986 in
491 1929 704 1988 multos
739 1929 1064 2004 manipulos
1093 1935 1150 1988 et
1177 1931 1444 1987 cohortes
1475 1929 1804 1986 distributis
1835 1943 2036 1984 rursus

2134 874 2218 916 τις
2267 857 2332 924 ἦν
2378 858 2412 926 ἡ
2478 853 2725 930 μελεδὼν
2782 863 2890 912 τῶν
2937 857 3074 913 κατά
3121 857 3376 916 Κιλικίαν
3425 857 3644 914 πόλεων
3698 859 3786 914 καὶ

2138 945 2430 1020 φρουρίων,
2463 946 2537 1000 ὧν
2569 947 2635 1016 ἧν
2671 949 2704 1016 ἡ
2740 947 2968 1022 λαμπρὰ
3002 947 3092 1002 καὶ
3122 950 3422 1026 περιφανὴς
3471 949 3685 1022 Ταρσὸς
3711 947 3786 1010 ὡς

2142 1035 2489 1110 μητρόπολις
2566 1036 2978 1112 προκαθέζεται.
3037 1039 3199 1095 ’Ὁθεν
3245 1035 3474 1092 πολλῶν
3542 1042 3652 1093 τῶν
3703 1036 3790 1092 ἐπὶ

2140 1121 2301 1196 δόξης
2349 1126 2439 1179 καὶ
2494 1133 2594 1196 τῆς
2653 1126 2928 1199 ἐπισήμου
2989 1127 3225 1200 αἳματος
3284 1126 3570 1203 ἡγεμόνων
3620 1125 3796 1182 ἐκεῖσε

2141 1214 2512 1289 ἀφικομένων,
2571 1215 2761 1291 ἐφεξῆς
2803 1219 2838 1286 ἠ
2889 1220 3072 1294 ψῆφος
3147 1215 3544 1292 περιελήλυθεν
3596 1217 3651 1280 ἐς
3695 1217 3788 1273 τὸν

2141 1305 2428 1376 Κομνηνὸν
2459 1303 2803 1380 Ἀνδρόνικον
2835 1307 2926 1360 καὶ
2963 1306 3036 1361 ὡς
3066 1306 3207 1382 γένει
3250 1305 3418 1381 μέγαν
3469 1305 3560 1362 καὶ
3612 1309 3686 1368 ὡς
3733 1305 3788 1361 ἐν

2140 1390 2394 1467 ἀνδράσιν
2451 1393 2779 1467 ἀξιοθέατον.
2837 1397 2932 1467 Τῷ
2988 1415 3072 1451 τοι
3131 1393 3423 1472 ἀφιγμένος
3483 1394 3654 1450 ἐκεῖσε
3698 1395 3793 1450 καὶ

2138 1483 2239 1552 τὴν
2269 1489 2368 1552 τῆς
2397 1487 2498 1538 τοῦ
2555 1483 2782 1558 Κύπρου
2831 1481 3202 1559 δασμολογίαν
3254 1483 3666 1561 προσειληφὼς,
3715 1485 3792 1546 ὡς

2142 1567 2267 1644 ἔχοι
2297 1569 2390 1633 τὰς
2423 1567 2662 1632 δαπάνας
2707 1569 2914 1627 ἐκείθδν
2969 1571 3199 1643 ἀντλεῖν,
3238 1569 3514 1633 πολλάκις
3566 1572 3661 1646 μὶν
3711 1575 3794 1644 τῶ

2141 1660 2387 1734 Τορούσῃ
2490 1661 2628 1735 πρὸς
2708 1661 2894 1736 μάχην
2971 1659 3322 1731 ἀντικατέστη
3411 1661 3505 1715 καὶ
3599 1660 3795 1731 ἀνεκή-

2143 1749 2263 1822 ρυξε
2319 1745 2585 1822 πόλεμον,
2650 1749 2822 1824 ἐχθρά
2888 1751 2939 1804 οἱ
3007 1754 3145 1806 νοῶν
3174 1750 3264 1804 καὶ
3310 1751 3399 1805 ὑπ’
3442 1749 3644 1806 ἐκείνου
3698 1750 3800 1805 πά-

2145 1837 2231 1892 λιν
2305 1837 2806 1913 ἀποστυγούμενος,
2883 1836 3037 1893 οὐδὶν
3115 1837 3176 1893 δέ
3249 1859 3301 1894 τι
3375 1843 3616 1914 γενναῖον
3660 1859 3794 1893 κατ-

2142 1925 2368 2002 ώρθωσε
2394 1925 2640 2000 πώποτε,
2674 1924 2790 1982 οὐδ’
2837 1929 2904 1996 ἧς
2955 1925 3141 2005 ἔτρεφε
3192 1926 3548 2004 πολυτρόπου
3596 1925 3792 2002 πείρας

394 2019 682 2076 illustrem
714 2021 1018 2077 victoriam
1049 2025 1139 2076 est
1197 2021 1440 2092 adeptus
1463 2036 1482 2074 :
1537 2034 1674 2074 nam
1719 2016 2032 2073 Andronici

2152 2015 2266 2088 περὶ
2321 2015 2604 2089 πολέμους
2666 2016 2757 2071 καὶ
2822 2017 3152 2092 πανουργίας
3245 2017 3532 2092 εἰργάσατο
3617 2016 3797 2088 ἄξιον.

393 2107 708 2180 phalanges
738 2109 810 2164 iis
837 2108 938 2180 qui
970 2108 1223 2164 subinde
1254 2124 1323 2164 ex
1377 2107 1604 2163 insidiis
1659 2105 1869 2177 integri
1899 2104 2036 2160 viri-

394 2195 502 2253 bus
532 2197 938 2268 prosiliebant,
956 2202 1260 2254 cesserunt
1289 2213 1355 2253 ac
1375 2197 1529 2268 turpi
1551 2197 1698 2268 fuge
1721 2210 1782 2252 se
1804 2195 2039 2251 manda-

393 2288 550 2342 runt.
582 2285 707 2350 Qua
737 2286 806 2341 de
835 2302 1008 2342 causa
1036 2285 1403 2343 Andronicus
1438 2285 1634 2341 animo
1683 2299 1832 2358 aeger
1861 2287 2040 2356 atque

397 2375 570 2446 inops
623 2373 875 2444 consilii,
907 2391 1022 2446 quo
1083 2379 1248 2446 pacto
1295 2374 1466 2431 rebus
1522 2372 1753 2430 afﬂictis
1799 2387 2038 2430 succur-

397 2464 642 2519 rendum
675 2470 820 2520 esset
877 2469 980 2519 aut
1025 2462 1346 2520 ulciscendi
1400 2463 1596 2520 hostes
1637 2463 1764 2534 jam
1817 2477 1922 2535 pro
1959 2461 2040 2518 vi-

397 2553 581 2610 ctoria
633 2553 747 2609 diis
779 2552 1174 2622 immolantes,
1207 2569 1327 2610 rem
1359 2553 1690 2626 aggreditur
1720 2551 2040 2609 incredibi-

397 2644 532 2699 lem.
582 2647 720 2700 Cum
781 2644 936 2700 enim
1005 2643 1288 2700 Torusem
1339 2659 1473 2700 cum
1505 2641 1854 2699 satellitibus
1891 2657 2041 2714 equo

393 2731 745 2790 insidentem
795 2738 851 2789 et
907 2733 1162 2790 militum
1195 2749 1265 2789 ex
1319 2731 1576 2789 hostium
1637 2732 2044 2804 persecutione

398 2821 653 2877 reditum
677 2826 1113 2894 exspectantem
1135 2821 1709 2894 conspexisset,equo
1729 2819 2042 2886 concitato,

399 2909 567 2966 hasta
597 2911 816 2967 directa
849 2926 1236 2982 percussoque
1259 2915 1426 2966 scuto
1456 2925 1608 2981 equo
1636 2925 1772 2966 eum
1804 2909 2040 2980 dejicit;

398 3003 454 3056 et
484 3015 584 3072 per
613 3017 842 3056 omnem
874 3002 1002 3071 ejus
1031 3000 1374 3056 comitatum
1409 2999 1590 3055 instar
1616 2998 1864 3054 volucris
1881 2999 2043 3070 equi-

397 3089 472 3145 tis
503 3094 607 3144 aut
647 3089 882 3145 lubricas
943 3087 1216 3161 anguillas
1269 3087 1538 3145 elabitur.
1589 3088 1789 3159 Neque
1847 3094 2044 3144 tamen

395 3177 624 3244 Torusi,
681 3177 933 3250 oblonga
963 3187 1124 3232 scuto
1157 3184 1214 3233 et
1260 3178 1444 3232 ferreo
1502 3176 1744 3232 thorace
1788 3179 2042 3244 munito,

396 3266 722 3336 quid-luam
755 3283 896 3324 noce
909 3283 965 3322 re
1007 3267 1215 3338 potuit.

2145 2103 2474 2162 Τελευναῖον
2507 2102 2566 2160 δὶ
2594 2105 2898 2176 ἠττηκότος
2930 2106 3091 2161 αὐτὸν
3123 2105 3373 2184 αἰσχρῶς
3401 2109 3504 2160 τοῦ
3533 2108 3791 2182 Τορούση

2145 2193 2236 2249 καὶ
2267 2195 2527 2270 τρόπαιον
2582 2197 2902 2268 στήσαντος,
2964 2193 3284 2270 βουλεύεται
3339 2216 3392 2251 τι
3459 2190 3812 2270 παραϐολώ-

2145 2303 2332 2354 τατον,
2384 2285 2574 2339 ὁποῖον
2624 2284 2652 2338 ὁ
2701 2282 2873 2359 λόγος
2933 2283 3100 2358 λέξων
3150 2281 3388 2360 ἔρχεται.
3429 2286 3518 2347 Ὧς
3561 2283 3666 2361 γὰρ
3707 2284 3816 2348 τὰς

2152 2371 2358 2435 οἰκείας
2393 2369 2646 2446 δυνάμεις
2699 2374 2949 2448 ἑκάτερος
3001 2377 3120 2430 κατ’
3169 2372 3438 2445 ἀλλήλων
3489 2373 3812 2448 ἐξήνεγκαν,

2154 2458 2497 2536 Ἀνδρόνικος
2531 2463 2626 2536 μὲν
2653 2460 2753 2517 ὅσα
2798 2463 2889 2518 καὶ
2947 2467 3087 2533 ζῶον
3135 2464 3235 2534 τήν
3285 2463 3538 2538 στρατιὰν
3587 2463 3667 2526 εἰς
3709 2483 3818 2518 κε-

2153 2548 2334 2629 φαλὴν
2367 2552 2458 2606 καὶ
2491 2552 2656 2628 μέρος
2701 2553 2766 2608 τὸ
2813 2552 3042 2608 κατόπιν
3102 2551 3194 2608 καὶ
3236 2551 3380 2626 μέλη
3433 2549 3687 2628 ἀνάλογα
3721 2557 3812 2626 τῷ

2151 2644 2310 2698 παντὶ
2345 2641 2757 2718 συνδιαθέμενος
2792 2645 2966 2719 εἶχεν,
2997 2646 3026 2701 ὁ
3058 2642 3117 2700 δὲ
3163 2643 3448 2720 Τορούσης
3498 2644 3576 2706 εἷς
3616 2642 3814 2700 πολλὰ⁵

2151 2729 2467 2788 καταδιεῖλε
2505 2736 2773 2808 τμήματα
2831 2735 2923 2790 καὶ
2973 2731 3288 2808 διασπείρας
3336 2736 3402 2803 ἦν
3451 2733 3529 2796 εἷς
3581 2735 3814 2810 σπείρας

2151 2822 2244 2877 καὶ
2270 2819 2477 2897 λόχους
2505 2824 2569 2878 τὸ
2601 2823 2800 2878 οἰκεῖον
2855 2821 3240 2898 στρατόπεδον.
3290 2822 3439 2880 Ἐπεὶ
3487 2819 3546 2878 δὲ
3594 2819 3816 2896 συμϐα-

2157 2909 2342 2974 λόντες
2399 2909 2702 2988 ἐμάχοντο,
2761 2914 2796 2982 ἠ
2851 2910 2976 2982 νίκη
3020 2912 3112 2967 καὶ
3176 2910 3345 2967 πάλιν
3410 2911 3670 2990 ἐπεφοίτα
3723 2917 3812 2985 τῷ

2153 2999 2398 3075 Τορούσῃ
2431 2999 2638 3076 λαμρά·
2687 3006 2804 3063 τοῖς
2860 3003 2964 3076 γὰρ
3023 3001 3104 3056 ἀεὶ
3151 2996 3536 3072 ἐπιϐοηθοῦσιν
3595 3001 3812 3076 ἀκμῆσι

2153 3089 2244 3144 καὶ
2272 3093 2390 3152 τοῖς
2421 3089 2614 3145 ἐκτῶν
2669 3088 2861 3170 λόχων
2911 3087 3184 3164 λαθρηδὸν
3244 3088 3554 3160 ἐκπηδῶσιν
3605 3090 3804 3165 Ἀρμε-

2153 3179 2290 3241 νίοις
2319 3180 2373 3234 αἱ
2401 3183 2499 3235 τοῦ
2552 3182 2638 3252 [Ρ.
2669 3181 2762 3252 9i]
2812 3177 3166 3254 ’Δνδρονίκου
3215 3177 3478 3236 ἐνέδωκαν
3530 3179 3792 3260 φάλαγγες

2051 3251 2249 3322 .Cxal
2306 3265 2383 3329 sic
2440 3251 2648 3342 τροπὴν
2709 3251 2984 3323 ἐνέκλιναν
3043 3266 3304 3341 ἄκοσμον.
3359 3269 3459 3323 Διὰ
3525 3251 3798 3342 ταῦτα-τῇ

403 3351 551 3426 λύπῃ
588 3355 915 3418 καταποθεὶς
945 3351 1317 3429 Ἀνδρόνικος,
1350 3354 1439 3410 καὶ
1477 3356 1552 3428 μή
1608 3350 1753 3430 ἔχων
1819 3354 1969 3418 ὅπως
2013 3356 2050 3425 ἢ
2097 3357 2196 3425 τὴν
2234 3356 2403 3425 ἧτταν
2458 3357 2862 3433 ἀναμαχέσαιτο
2920 3357 2955 3427 ἢ
3004 3361 3130 3434 γοῦν
3181 3356 3230 3428 ἐξ
3279 3353 3547 3432 ὕπογυίου
3596 3355 3805 3432 δράσειέ

403 3461 457 3495 τι
514 3444 764 3516 γενναῖον
821 3443 958 3498 κατὰ
1013 3448 1120 3498 τῶν
1179 3445 1416 3498 θυόντων
1477 3441 1588 3514 ἤδη
1653 3441 1942 3516 πολεμίων
1995 3443 2064 3498 τὰ
2118 3447 2432 3519 νικητήρια,
2489 3450 2610 3506 τοῖς
2663 3444 2828 3523 ἐγγὺς
2883 3445 3180 3520 ἀνεφίκτων
3253 3444 3543 3521 ἐπιχειρεῖ.
3629 3452 3807 3500 Κατο-

405 3528 635 3594 πτεύσας
693 3531 793 3606 γὰρ
842 3533 931 3587 τὸν
987 3531 1272 3605 Τορούσην
1336 3532 1470 3606 μετᾶ
1521 3537 1629 3588 τῶν
1691 3529 2134 3610 δορυφορούντων
2193 3528 2270 3588 ἔτι
2360 3554 2465 3589 που
2544 3534 2830 3606 ἱστάμενον
2907 3532 3165 3614 ἔφιππον,
3234 3535 3334 3603 τήν
3405 3539 3512 3589 τῶν
3587 3535 3808 3609 ταγμά-

404 3641 512 3675 των
546 3618 824 3696 συλλογὴν
879 3620 1214 3696 ἀναμένοντα
1270 3621 1322 3692 ἐξ
1380 3623 1446 3692 ἧς
1494 3623 1717 3696 ε’ὶχοντο
1775 3620 2126 3694 ἐπιδιώξεως,
2185 3621 2302 3695 ὅλῳ
2360 3621 2556 3699 ῥυτῆρι
2610 3622 2704 3678 τὸν
2755 3621 2925 3678 ’ίππον
2979 3622 3126 3685 ἀνεὶς
3179 3620 3362 3678 ἐνσείει
3419 3623 3537 3678 κατ’
3596 3622 3806 3678 ἐκείνου

403 3709 467 3766 τὸ
505 3707 657 3786 δόρυ,
706 3711 796 3767 καὶ
845 3708 912 3782 δὴ
969 3712 1106 3767 κατᾶ
1150 3715 1247 3768 τοῦ
1302 3713 1493 3786 θυρεοῦ
1551 3709 1736 3786 βαλὼν
1790 3709 2071 3786 ἀνατρέπει
2129 3715 2322 3767 τοῦτον
2376 3715 2476 3766 τοῦ
2531 3711 2726 3781 ἳππου,
2783 3710 2873 3766 καὶ
2931 3708 3246 3774 διεκπαίσας
3301 3710 3364 3767 τὸ
3415 3711 3534 3785 περὶ
3597 3709 3808 3767 ἐκεῖνον

403 3797 714 3871 ἐπίλεκτον,
747 3801 822 3864 ὡς
852 3803 1054 3873 πτηνὸς
1119 3801 1360 3873 ἱππότης
1415 3803 1448 3871 ἢ
1509 3800 1779 3876 ὀλισθηρὰ
1831 3822 1914 3863 τις
1969 3797 2227 3878 ἔγχελυς,
2283 3801 2380 3863 τὰς
2437 3806 2544 3856 τῶν
2597 3801 2844 3856 ἀπάντων
2895 3803 3088 3877 χεῖρας
3143 3800 3418 3872 ἐξήλυξεν.
3500 3799 3646 3860 Δλλ⁹
3700 3798 3812 3862 ἕως

400 3889 600 3946 τούτου
657 3892 852 3966 σεμνὸν
909 3892 971 3946 τὸ
1027 3897 1124 3946 τοῦ
1192 3889 1547 3966 Ἀνδρονίκου
1601 3890 1951 3964 κατόρθωμα·
2010 3891 2074 3946 τὸ
2133 3887 2189 3945 δὲ
2245 3893 2432 3946 παθεῖν
2490 3891 2584 3946 τὸν
2641 3888 2928 3966 Τοροῦσην
2984 3895 3161 3951 κακῶς
3217 3889 3574 3946 ἀπεκώλυσαν
3635 3887 3688 3945 οἳ
3749 3911 3818 3946 τε

409 3977 654 4054 σιδήρεοι
717 3985 948 4056 χιτῶνες
1008 3981 1099 4042 οὕς
1155 3977 1453 4050 ἐνεδέδυτο,
1529 3981 1618 4035 καὶ
1695 3979 1882 4055 θυρεὸς
1956 3978 2236 4054 ἐπιμήκης
2308 3979 2453 4054 παρά
2525 3977 2760 4054 πλευρὸν
2830 3973 3168 4034 καταϐαίνων
3243 3983 3339 4035 τοῦ
3407 3976 3584 4036 ’ἱππου
3659 3977 3816 4035 πλά-

438 4071 541 4132 ίος.

438 4091 541 4132 ιος.

396 4091 430 4143 γ
474 4160 674 4216 Paucis
704 4160 908 4216 diebus
941 4165 1091 4232 post,
1122 4160 1390 4234 sepositis
1421 4159 1648 4218 bellicis
1707 4161 2044 4233 occupatio-

2231 4155 2309 4215 Οὒ
2364 4155 2574 4212 πολλαὶ
2634 4156 2682 4212 δ’
2731 4159 2937 4232 ἡμεραι
2994 4159 3109 4231 (86)
3154 4155 3508 4233 παρήλθοσαν
3555 4156 3818 4233 ὕστερον,

1805 4289 1948 4350 Hier
1974 4286 2187 4349 Wolﬁi
2218 4292 2403 4349 nota.

479 4418 688 4494 (86)οὖ
746 4417 953 4494 πολλαὶ
987 4417 1043 4474 δὲ
1099 4419 1324 4493 ἡμέραι.
1372 4419 1518 4494 Quia
1576 4421 1830 4494 nimium
1879 4419 2041 4494 lasci-

2152 4436 2212 4477 re
2267 4419 2628 4494 inﬂammato.
2688 4421 2864 4490 Igitur
2938 4420 3143 4494 objecta
3199 4420 3386 4494 clypeo
3454 4428 3538 4494 ret
3621 4423 3812 4494 galea,

403 4491 522 4548 vir‘e
571 4491 714 4549 mihi
747 4499 836 4549 est
867 4493 1029 4549 visus
1059 4499 1116 4548 et
1148 4491 1291 4564 pene
1349 4493 1496 4548 ultra
1529 4493 1763 4562 poeticae
1794 4491 2043 4564 licentia:

405 4567 550 4621 ﬁnes
607 4567 832 4638 evagari
883 4567 1003 4622 sive
1082 4563 1394 4620 Cboniates
1452 4565 1581 4638 _sive
1637 4563 2046 4638 paraphrastes

401 4637 690 4710 quispiam
715 4633 849 4706 Ejus
878 4641 1036 4705 (nam
1073 4641 1332 4710 vetustus
1365 4635 1566 4710 codex,
1613 4633 1714 4705 qui
1744 4633 1810 4690 ei
1832 4633 2046 4710 arche-

405 4705 822 4781 typo'auctoris
853 4710 1176 4781 descriptus
1197 4708 1444 4774 videtur,
1478 4706 1646 4781 longe
1679 4705 2050 4781 paucioribus

403 4777 522 4836 rem
557 4781 846 4852 absolvit),
878 4777 1169 4836 summam
1205 4781 1491 4834 duntaxat
1521 4777 1700 4852 hujus
1751 4777 2049 4852 amatoriis

404 4848 852 4907 narratiunculae
885 4853 1140 4922 exposui.
1173 4852 1254 4907 Ne
1304 4855 1498 4922 tamen
1551 4849 1819 4922 curiosus
1869 4848 2048 4922 lector

404 4923 721 4991 quidquam
756 4919 1062 4992 desideret,
1093 4923 1266 4977 etiam
1301 4921 1421 4977 haec
1454 4920 1820 4991 interpretari
1868 4919 2046 4992 volui,

404 4997 778 5066 quantumvis
803 4992 1044 5062 inepta;
1077 5011 1222 5066 quas
1255 4993 1324 5064 (si
1360 4993 1738 5066 typograpbis
1779 4992 1856 5046 ita
1887 4991 2048 5046 vidc-

403 5063 583 5144 bitur)
616 5065 686 5144 in_
706 5068 1042 5144 contextum
1074 5063 1323 5144 historia
1354 5063 1553 5144 reponi
1579 5066 1852 5144 poterunt
1879 5079 1892 5116 :
1916 5067 2046 5144 ‘Non

403 5135 597 5190 multis
627 5135 818 5191 diebus
845 5139 964 5204 post
1010 5135 1374 5204 Andronicus,
1403 5135 1668 5203 neglectis
1723 5141 1776 5190 et
1802 5140 2048 5190 contem-

403 5207 513 5276 ptis
543 5207 800 5272 caedibus,
831 5209 1051 5276 pugnis,
1086 5205 1264 5272 bellis,
1311 5207 1578 5276 classicis,
1609 5213 1841 5272 terrore,
1873 5214 2046 5271 metu,

407 5283 586 5334 Marte
620 5277 983 5347 sanguinaria
1011 5281 1060 5331 et
1095 5277 1306 5332 bellicis
1335 5279 1613 5345 aperibus,
1651 5278 1869 5333 Veneris
1888 5291 2049 5332 sacra

403 5348 549 5404 colit.
577 5350 713 5418 Quae
740 5363 850 5404 non
882 5349 1160 5404 Helenam
1186 5351 1238 5402 ei
1265 5349 1494 5417 subjicit
1523 5359 1615 5402 aut
1647 5350 1794 5404 velut
1830 5350 1888 5404 in
1919 5363 2046 5402 con-

404 5417 644 5490 spectum
671 5421 923 5484 adducit,
959 5421 1020 5474 in
1053 5419 1267 5490 Graecia
1295 5422 1345 5472 et
1377 5417 1574 5474 mediis
1597 5421 1758 5490 Argis
1789 5419 2046 5475 habitan-

408 5489 534 5557 tem,
569 5501 620 5547 et
646 5495 829 5562 forma
860 5494 982 5563 ejus
1010 5489 1390 5563 exhilaratum
1433 5500 1623 5563 furore
1650 5489 1922 5563 concitat;
1950 5506 2050 5563 nec

408 5579 606 5617 narem
645 5561 696 5619 ξε
715 5561 904 5631 liﬁcnt,
937 5579 1104 5632 quam
1137 5561 1432 5616 Phereclus
1461 5561 1726 5630 gubernet
1751 5579 1765 5616 :
1795 5561 1889 5618 sed
1919 5562 2048 5617 Phi-

414 5633 576 5702 lip/ne
607 5639 664 5688 in
697 5637 903 5689 vicinia
931 5633 1253 5704 habitantis
1282 5635 1520 5699 formam
1548 5633 1796 5704 depingit
1825 5643 1874 5688 ct
1903 5633 2048 5688 leno-

409 5708 558 5764 cinio
585 5706 845 5764 conciliat
874 5706 1114 5764 amatori
1141 5703 1547 5775 Andronico,ex
1573 5703 1691 5761 sala
1718 5708 1876 5773 fama
1894 5721 2049 5763 amo-

2158 4492 2452 4560 repudiata
2480 4496 2774 4617 spretague
2802 4492 2958 4576 omni
2987 4491 3212 4554 militia,
3245 4491 3583 4576 adUamicam
3610 4491 3803 4550 Antioé

2158 4563 2292 4617 chiae
2323 4563 2606 4617 decentem
2701 4562 2868 4617 elicit.
2894 4565 3006 4617 0uo
3047 4579 3173 4617 cum
3213 4567 3438 4617 venisset
3486 4571 3542 4617 et
3591 4567 3803 4617 amoris

2155 4563 2292 4618 cilia
2323 4563 2606 4630 degentem
2661 4562 2868 4633 deﬁcit.
2894 4565 3006 4631 Quo
3047 4579 3173 4618 cum
3213 4565 3438 4620 venisset
3486 4571 3542 4619 ct
3591 4567 3809 4621 amoris

2159 4633 2430 4690 illecebris
2459 4634 2716 4689 Martium
2742 4635 2992 4689 habitum
3019 4639 3416 4702 commutassct,
3446 4637 3662 4690 tantum
3692 4653 3804 4693 non

2156 4706 2344 4761 lanam
2375 4705 2657 4778 tractabat
2683 4715 2780 4760 aut
2811 4706 2978 4778 telam
3007 4705 3225 4778 texebat
3249 4712 3302 4760 et
3347 4706 3522 4761 colum
3563 4708 3803 4778 tenebat,

2157 4782 2220 4833 ut
2248 4779 2384 4833 olim
2415 4777 2666 4832 Hercules
2698 4775 3087 4844 Omphalasic
3105 4779 3223 4844 ipse
3239 4778 3517 4848 Philippm
3533 4775 3804 4835 serviens.

2156 4849 2287 4921 Erat
2311 4849 2656 4921 eafPetebini
2681 4849 2825 4920 ﬁlia,
2855 4864 3018 4921 soror
3045 4849 3163 4921 ejus
3193 4863 3318 4919 quae
3347 4865 3456 4921 non
3487 4851 3565 4905 ita
3583 4850 3803 4921 pridem

2155 4919 2408 4993 Manueli
2441 4919 2784 4993 imperaturi,
2820 4919 3142 4993 ‘Andronici
3194 4919 3458 4993 patrueli,
3513 4919 3802 4993 nupserat.

2156 4991 2456 5046 Antiochia
2487 4995 2688 5060 degens
2746 4990 2958 5047 deliciis
3021 4989 3292 5054 inhiabat,
3347 4989 3804 5048 ornamentorum

2151 5077 2288 5134 pene
2342 5068 2416 5135 ad
2469 5060 2752 5135 insaniam
2808 5062 3412 5135 studiosus,_satellites
3455 5079 3554 5133 per
3595 5064 3804 5135 plateas

2155 5133 2607 5190 circumducebat
2654 5135 2937 5204 argenteis
2979 5133 3214 5190 arcubus
3258 5133 3801 5202 instructos,lproce-

2155 5221 2268 5271 ros,
2289 5206 2472 5276 prima
2505 5205 2771 5273 lanugine
2788 5206 3150 5277 ﬂorescentes,
3168 5204 3328 5273 ﬂavis
3355 5205 3588 5277 capillis
3615 5209 3800 5263 niten-

2159 5280 2235 5331 tes
2259 5295 2273 5343 ;
2304 5291 2474 5347 eaque
2499 5279 2712 5350 ratione
2738 5276 3040 5350 uertebatur
3067 5291 3190 5331 eam
3217 5293 3254 5332 a
3303 5292 3409 5346 qua
3429 5276 3564 5348 ipse
3613 5281 3801 5350 captus

2157 5353 2278 5403 erat
2295 5352 2348 5400 et
2376 5349 2674 5420 amatoriis
2706 5347 2942 5420 vinculis
2977 5349 3252 5420 irretitus,
3284 5357 3336 5404 et
3378 5347 3486 5419 par
3528 5348 3656 5420 pari
3681 5347 3802 5404 cum

2156 5421 2362 5489 [cenare
2391 5417 2680 5487 referebat,
2711 5435 2833 5475 cum
2860 5418 3075 5490 alioqui
3101 5417 3438 5474 admiranda
3465 5417 3648 5490 forma
3675 5436 3802 5478 con-

2157 5492 2412 5562 spicuus,
2432 5496 2552 5544 tum
2578 5490 2820 5546 vestibus
2867 5490 3098 5546 subinde
3152 5492 3384 5562 mutatis
3436 5492 3698 5562 insignis,
3733 5491 3797 5544 iis

2153 5560 2468 5634 praesertim
2493 5576 2618 5632 quae
2637 5562 2792 5634 ultra
2819 5566 2975 5618 nates
2989 5571 3040 5634 et
3067 5565 3279 5631 femora
3305 5560 3798 5634 demissae/indun-

2155 5636 2334 5705 iuret
2366 5633 2445 5687 ita
2481 5633 2814 5705 corporibus
2862 5633 3231 5705 applicantur
3257 5641 3309 5687 et
3366 5633 3537 5688 velati
3579 5633 3800 5690 attesz

2181 5703 2274 5760 illi
2293 5719 2404 5761 esse
2435 5704 2750 5776 videantur;
2781 5703 3178 5776 cujus—inventi
3195 5713 3416 5762 auctore
3438 5707 3552 5778 ipse
3567 5705 3801 5772 exstitit,
