  <div class='ocr_page' id='page_1' title='image "/cluster/home/n/w/nwhite01/storage/ocr_20150623/139/mdp.39015078384214/248.png"; bbox 0 0 4140 6290; ppageno 0'>
   <div class='ocr_carea' id='block_1_1' title="bbox 342 406 463 467">
    <p class='ocr_par' dir='ltr' id='par_1_1' title="bbox 342 406 463 467">
     <span class='ocr_line' id='line_1_1' title="bbox 342 406 463 467; baseline -0.008 0"><span class='ocrx_word' id='word_1_1' title='bbox 342 406 463 467; x_wconf 73' lang='grc'>481</span> 
     </span>
    </p>
   </div>
   <div class='ocr_carea' id='block_1_2' title="bbox 1412 393 2714 463">
    <p class='ocr_par' dir='ltr' id='par_1_2' title="bbox 1412 393 2714 463">
     <span class='ocr_line' id='line_1_2' title="bbox 1412 393 2714 463; baseline 0.002 -4"><span class='ocrx_word' id='word_1_2' title='bbox 1412 400 1511 460; x_wconf 88' lang='lat' dir='ltr'><strong>DE</strong></span> <span class='ocrx_word' id='word_1_3' title='bbox 1554 400 1941 463; x_wconf 79' lang='lat' dir='ltr'>MANUELE</span> <span class='ocrx_word' id='word_1_4' title='bbox 1984 393 2367 462; x_wconf 85' lang='lat' dir='ltr'>COMNENO</span> <span class='ocrx_word' id='word_1_5' title='bbox 2407 401 2562 463; x_wconf 87' lang='lat' dir='ltr'>LIB.</span> <span class='ocrx_word' id='word_1_6' title='bbox 2609 400 2714 463; x_wconf 84' lang='lat' dir='ltr'><strong>IV.</strong></span> 
     </span>
    </p>
   </div>
   <div class='ocr_carea' id='block_1_3' title="bbox 3641 410 3759 468">
    <p class='ocr_par' dir='ltr' id='par_1_3' title="bbox 3641 410 3759 468">
     <span class='ocr_line' id='line_1_3' title="bbox 3641 410 3759 468; baseline 0.025 -3"><span class='ocrx_word' id='word_1_7' title='bbox 3641 410 3759 468; x_wconf 76' lang='lat'>482</span> 
     </span>
    </p>
   </div>
   <div class='ocr_carea' id='block_1_4' title="bbox 343 529 2005 612">
    <p class='ocr_par' dir='ltr' id='par_1_4' title="bbox 343 529 1990 612">
     <span class='ocr_line' id='line_1_4' title="bbox 343 529 1990 612; baseline -0.006 -17"><span class='ocrx_word' id='word_1_8' title='bbox 343 540 433 595; x_wconf 79' lang='grc' dir='ltr'>καὶ</span> <span class='ocrx_word' id='word_1_9' title='bbox 474 536 910 612; x_wconf 85' lang='grc' dir='ltr'>λογίζονταιτῷ</span> <span class='ocrx_word' id='word_1_10' title='bbox 966 530 1297 607; x_wconf 78' lang='grc' dir='ltr'>Ἀνδρονίκῳ</span> <span class='ocrx_word' id='word_1_11' title='bbox 1364 529 1613 606; x_wconf 79' lang='grc' dir='ltr'>δευτέρου</span> <span class='ocrx_word' id='word_1_12' title='bbox 1670 531 1843 607; x_wconf 85' lang='grc' dir='ltr'>λόγου</span> <span class='ocrx_word' id='word_1_13' title='bbox 1899 531 1990 586; x_wconf 85' lang='grc' dir='ltr'>καὶ</span> 
     </span>
    </p>
   </div>
   <div class='ocr_carea' id='block_1_5' title="bbox 2118 529 3764 612">
    <p class='ocr_par' dir='ltr' id='par_1_5' title="bbox 2118 532 3764 608">
     <span class='ocr_line' id='line_1_5' title="bbox 2118 532 3764 608; baseline 0.006 -21"><span class='ocrx_word' id='word_1_14' title='bbox 2118 532 2276 589; x_wconf 77' lang='lat' dir='ltr'><strong>uibus</strong></span> <span class='ocrx_word' id='word_1_15' title='bbox 2307 539 2453 589; x_wconf 87' lang='lat' dir='ltr'><strong>totus</strong></span> <span class='ocrx_word' id='word_1_16' title='bbox 2485 534 2761 606; x_wconf 83' lang='lat' dir='ltr'><strong>Philippee</strong></span> <span class='ocrx_word' id='word_1_17' title='bbox 2790 550 2981 592; x_wconf 89' lang='lat' dir='ltr'><strong>amore</strong></span> <span class='ocrx_word' id='word_1_18' title='bbox 3004 536 3407 606; x_wconf 73' lang='lat' dir='ltr'><strong>inﬂammatus</strong></span> <span class='ocrx_word' id='word_1_19' title='bbox 3437 539 3590 596; x_wconf 76' lang='lat'>182</span> <span class='ocrx_word' id='word_1_20' title='bbox 3620 542 3764 608; x_wconf 84' lang='lat' dir='ltr'><strong>(erat</strong></span> 
     </span>
    </p>
   </div>
   <div class='ocr_carea' id='block_1_6' title="bbox 346 619 1995 703">
    <p class='ocr_par' dir='ltr' id='par_1_6' title="bbox 346 619 1995 703">
     <span class='ocr_line' id='line_1_6' title="bbox 346 619 1995 703; baseline -0.005 -19"><span class='ocrx_word' id='word_1_21' title='bbox 346 629 595 703; x_wconf 83' lang='grc' dir='ltr'>πάρεργα</span> <span class='ocrx_word' id='word_1_22' title='bbox 650 622 1027 701; x_wconf 77' lang='grc' dir='ltr'>ἀνδροκτασίαι</span> <span class='ocrx_word' id='word_1_23' title='bbox 1082 624 1172 677; x_wconf 83' lang='grc' dir='ltr'>καὶ</span> <span class='ocrx_word' id='word_1_24' title='bbox 1233 621 1408 694; x_wconf 77' lang='grc' dir='ltr'>μάχαι</span> <span class='ocrx_word' id='word_1_25' title='bbox 1463 621 1554 677; x_wconf 84' lang='grc' dir='ltr'>καὶ</span> <span class='ocrx_word' id='word_1_26' title='bbox 1609 619 1851 694; x_wconf 83' lang='grc' dir='ltr'>πόλεμοι</span> <span class='ocrx_word' id='word_1_27' title='bbox 1905 622 1995 675; x_wconf 80' lang='grc' dir='ltr'>καὶ</span> 
     </span>
    </p>
   </div>
   <div class='ocr_carea' id='block_1_7' title="bbox 348 705 2000 790">
    <p class='ocr_par' dir='ltr' id='par_1_7' title="bbox 348 705 2000 790">
     <span class='ocr_line' id='line_1_7' title="bbox 348 705 2000 790; baseline -0.005 -18"><span class='ocrx_word' id='word_1_28' title='bbox 348 716 579 790; x_wconf 78' lang='grc' dir='ltr'>σάλπιγξ</span> <span class='ocrx_word' id='word_1_29' title='bbox 632 717 850 789; x_wconf 79' lang='grc' dir='ltr'>ἠχοῦσα</span> <span class='ocrx_word' id='word_1_30' title='bbox 905 713 969 767; x_wconf 84' lang='grc' dir='ltr'>τὸ</span> <span class='ocrx_word' id='word_1_31' title='bbox 1025 710 1274 766; x_wconf 83' lang='grc' dir='ltr'>ἐνυάλιον</span> <span class='ocrx_word' id='word_1_32' title='bbox 1344 709 1540 783; x_wconf 90' lang='grc' dir='ltr'>Δεῖμός</span> <span class='ocrx_word' id='word_1_33' title='bbox 1602 729 1662 765; x_wconf 87' lang='grc' dir='ltr'>τε</span> <span class='ocrx_word' id='word_1_34' title='bbox 1727 705 1911 773; x_wconf 83' lang='grc' dir='ltr'>Φόϐος</span> <span class='ocrx_word' id='word_1_35' title='bbox 1942 730 2000 765; x_wconf 93' lang='grc' dir='ltr'>τε</span> 
     </span>
    </p>
   </div>
   <div class='ocr_carea' id='block_1_8' title="bbox 344 793 1999 879">
    <p class='ocr_par' dir='ltr' id='par_1_8' title="bbox 344 793 1999 879">
     <span class='ocr_line' id='line_1_8' title="bbox 344 793 1999 879; baseline -0.005 -18"><span class='ocrx_word' id='word_1_36' title='bbox 344 806 437 861; x_wconf 79' lang='grc' dir='ltr'>καὶ</span> <span class='ocrx_word' id='word_1_37' title='bbox 496 806 670 878; x_wconf 83' lang='grc' dir='ltr'>Ἀρης</span> <span class='ocrx_word' id='word_1_38' title='bbox 729 800 1112 879; x_wconf 83' lang='grc' dir='ltr'>βροτολοιγὸς,</span> <span class='ocrx_word' id='word_1_39' title='bbox 1168 800 1259 855; x_wconf 83' lang='grc' dir='ltr'>καὶ</span> <span class='ocrx_word' id='word_1_40' title='bbox 1316 793 1445 875; x_wconf 76' lang='grc' dir='ltr'>ἔργα</span> <span class='ocrx_word' id='word_1_41' title='bbox 1510 799 1756 871; x_wconf 71' lang='grc' dir='ltr'>πολέμια</span> <span class='ocrx_word' id='word_1_42' title='bbox 1807 820 1999 876; x_wconf 86' lang='grc' dir='ltr'>παρω-</span> 
     </span>
    </p>
   </div>
   <div class='ocr_carea' id='block_1_9' title="bbox 342 884 2002 968">
    <p class='ocr_par' dir='ltr' id='par_1_9' title="bbox 342 884 2002 968">
     <span class='ocr_line' id='line_1_9' title="bbox 342 884 2002 968; baseline -0.004 -18"><span class='ocrx_word' id='word_1_43' title='bbox 342 895 582 968; x_wconf 85' lang='grc' dir='ltr'>σάμενος</span> <span class='ocrx_word' id='word_1_44' title='bbox 644 893 714 949; x_wconf 80' lang='grc' dir='ltr'>τὰ</span> <span class='ocrx_word' id='word_1_45' title='bbox 776 895 878 957; x_wconf 81' lang='grc' dir='ltr'>τῆς</span> <span class='ocrx_word' id='word_1_46' title='bbox 945 886 1275 965; x_wconf 80' lang='grc' dir='ltr'>Ἀφροδίτης</span> <span class='ocrx_word' id='word_1_47' title='bbox 1336 887 1569 961; x_wconf 82' lang='grc' dir='ltr'>μέτεισιν</span> <span class='ocrx_word' id='word_1_48' title='bbox 1630 884 1807 965; x_wconf 76' lang='grc' dir='ltr'>ὄργια.</span> <span class='ocrx_word' id='word_1_49' title='bbox 1848 889 1911 945; x_wconf 88' lang='grc' dir='ltr'><strong>Ἥ</strong></span> <span class='ocrx_word' id='word_1_50' title='bbox 1944 886 2002 944; x_wconf 78' lang='grc' dir='ltr'>δὲ</span> 
     </span>
    </p>
   </div>
   <div class='ocr_carea' id='block_1_10' title="bbox 339 974 1999 1056">
    <p class='ocr_par' dir='ltr' id='par_1_10' title="bbox 339 974 1999 1056">
     <span class='ocr_line' id='line_1_10' title="bbox 339 974 1999 1056; baseline -0.007 -15"><span class='ocrx_word' id='word_1_51' title='bbox 339 982 572 1053; x_wconf 81' lang='grc' dir='ltr'>Ἑλένην</span> <span class='ocrx_word' id='word_1_52' title='bbox 613 982 708 1056; x_wconf 71' lang='grc' dir='ltr'>μὲν</span> <span class='ocrx_word' id='word_1_53' title='bbox 748 980 856 1055; x_wconf 77' lang='grc' dir='ltr'>οὐχ</span> <span class='ocrx_word' id='word_1_54' title='bbox 905 974 1233 1049; x_wconf 85' lang='grc' dir='ltr'>ὑποϐάλλει,</span> <span class='ocrx_word' id='word_1_55' title='bbox 1276 975 1389 1032; x_wconf 75' lang='grc' dir='ltr'>οὐδ’</span> <span class='ocrx_word' id='word_1_56' title='bbox 1439 980 1554 1032; x_wconf 85' lang='grc' dir='ltr'>οἷον</span> <span class='ocrx_word' id='word_1_57' title='bbox 1601 977 1863 1051; x_wconf 82' lang='grc' dir='ltr'>ὑπ’·ὄψιν</span> <span class='ocrx_word' id='word_1_58' title='bbox 1894 998 1999 1032; x_wconf 85' lang='grc' dir='ltr'>πα-</span> 
     </span>
    </p>
   </div>
   <div class='ocr_carea' id='block_1_11' title="bbox 346 1064 1999 1147">
    <p class='ocr_par' dir='ltr' id='par_1_11' title="bbox 346 1064 1999 1147">
     <span class='ocr_line' id='line_1_11' title="bbox 346 1064 1999 1147; baseline -0.004 -20"><span class='ocrx_word' id='word_1_59' title='bbox 346 1072 567 1147; x_wconf 85' lang='grc' dir='ltr'>ρίστησι</span> <span class='ocrx_word' id='word_1_60' title='bbox 606 1072 722 1134; x_wconf 88' lang='grc' dir='ltr'>καθ’</span> <span class='ocrx_word' id='word_1_61' title='bbox 766 1065 1011 1127; x_wconf 84' lang='grc' dir='ltr'>Ἑλλάδα</span> <span class='ocrx_word' id='word_1_62' title='bbox 1065 1066 1155 1123; x_wconf 76' lang='grc' dir='ltr'>καὶ</span> <span class='ocrx_word' id='word_1_63' title='bbox 1207 1068 1368 1139; x_wconf 70' lang='grc' dir='ltr'>μέσον</span> <span class='ocrx_word' id='word_1_64' title='bbox 1399 1068 1630 1143; x_wconf 75' lang='grc' dir='ltr'>’Ἄργους</span> <span class='ocrx_word' id='word_1_65' title='bbox 1658 1067 1755 1134; x_wconf 72' lang='grc' dir='ltr'>τὴν</span> <span class='ocrx_word' id='word_1_66' title='bbox 1790 1064 1999 1136; x_wconf 74' lang='grc' dir='ltr'>θ’ίκησιν</span> 
     </span>
    </p>
   </div>
   <div class='ocr_carea' id='block_1_12' title="bbox 344 1152 2000 1236">
    <p class='ocr_par' dir='ltr' id='par_1_12' title="bbox 344 1152 2000 1236">
     <span class='ocr_line' id='line_1_12' title="bbox 344 1152 2000 1236; baseline -0.004 -19"><span class='ocrx_word' id='word_1_67' title='bbox 344 1157 604 1236; x_wconf 81' lang='grc' dir='ltr'>ἔχουσαν,</span> <span class='ocrx_word' id='word_1_68' title='bbox 645 1158 736 1214; x_wconf 79' lang='grc' dir='ltr'>καὶ</span> <span class='ocrx_word' id='word_1_69' title='bbox 777 1156 963 1232; x_wconf 77' lang='grc' dir='ltr'>διαχεῖ</span> <span class='ocrx_word' id='word_1_70' title='bbox 1013 1178 1092 1229; x_wconf 83' lang='grc' dir='ltr'>τῳ</span> <span class='ocrx_word' id='word_1_71' title='bbox 1147 1153 1365 1224; x_wconf 80' lang='grc' dir='ltr'>κάλλει,</span> <span class='ocrx_word' id='word_1_72' title='bbox 1422 1155 1510 1210; x_wconf 86' lang='grc' dir='ltr'>καὶ</span> <span class='ocrx_word' id='word_1_73' title='bbox 1572 1152 1813 1228; x_wconf 86' lang='grc' dir='ltr'>ἐκμαίνει</span> <span class='ocrx_word' id='word_1_74' title='bbox 1865 1156 2000 1229; x_wconf 89' lang='grc' dir='ltr'>πρὸς</span> 
     </span>
    </p>
   </div>
   <div class='ocr_carea' id='block_1_13' title="bbox 348 1242 2003 1325">
    <p class='ocr_par' dir='ltr' id='par_1_13' title="bbox 348 1242 2003 1325">
     <span class='ocr_line' id='line_1_13' title="bbox 348 1242 2003 1325; baseline -0.004 -21"><span class='ocrx_word' id='word_1_75' title='bbox 348 1248 550 1325; x_wconf 81' lang='grc' dir='ltr'>ἔρωτα,</span> <span class='ocrx_word' id='word_1_76' title='bbox 580 1247 674 1302; x_wconf 85' lang='grc' dir='ltr'>καὶ</span> <span class='ocrx_word' id='word_1_77' title='bbox 726 1245 950 1320; x_wconf 87' lang='grc' dir='ltr'>πηγνύει</span> <span class='ocrx_word' id='word_1_78' title='bbox 1012 1246 1243 1321; x_wconf 77' lang='grc' dir='ltr'>σκάφην,</span> <span class='ocrx_word' id='word_1_79' title='bbox 1303 1244 1393 1298; x_wconf 84' lang='grc' dir='ltr'>καὶ</span> <span class='ocrx_word' id='word_1_80' title='bbox 1447 1244 1719 1320; x_wconf 84' lang='grc' dir='ltr'>ναύαρχον</span> <span class='ocrx_word' id='word_1_81' title='bbox 1752 1242 2003 1320; x_wconf 79' lang='grc' dir='ltr'>ἐφίστησι</span> 
     </span>
    </p>
   </div>
   <div class='ocr_carea' id='block_1_14' title="bbox 2108 624 3762 698">
    <p class='ocr_par' dir='ltr' id='par_1_14' title="bbox 2108 624 3762 698">
     <span class='ocr_line' id='line_1_14' title="bbox 2108 624 3762 698; baseline 0.005 -20"><span class='ocrx_word' id='word_1_82' title='bbox 2108 637 2172 678; x_wconf 88' lang='lat' dir='ltr'>ea</span> <span class='ocrx_word' id='word_1_83' title='bbox 2204 624 2465 679; x_wconf 88' lang='lat' dir='ltr'><strong>Petehini</strong></span> <span class='ocrx_word' id='word_1_84' title='bbox 2495 624 2838 680; x_wconf 84' lang='lat' dir='ltr'><strong>Antiocheni</strong></span> <span class='ocrx_word' id='word_1_85' title='bbox 2873 626 3147 694; x_wconf 86' lang='lat' dir='ltr'><strong>ﬁlia,soro</strong></span> <span class='ocrx_word' id='word_1_86' title='bbox 3178 627 3302 698; x_wconf 87' lang='lat' dir='ltr'>ejus</span> <span class='ocrx_word' id='word_1_87' title='bbox 3341 644 3505 698; x_wconf 88' lang='lat' dir='ltr'><strong>quam</strong></span> <span class='ocrx_word' id='word_1_88' title='bbox 3530 629 3762 686; x_wconf 87' lang='lat' dir='ltr'><strong>Manuel</strong></span> 
     </span>
    </p>
   </div>
   <div class='ocr_carea' id='block_1_15' title="bbox 2106 698 3761 788">
    <p class='ocr_par' dir='ltr' id='par_1_15' title="bbox 2106 698 3761 788">
     <span class='ocr_line' id='line_1_15' title="bbox 2106 698 3761 788; baseline 0.004 -21"><span class='ocrx_word' id='word_1_89' title='bbox 2106 698 2415 781; x_wconf 83' lang='lat' dir='ltr'>imperalor</span> <span class='ocrx_word' id='word_1_90' title='bbox 2448 728 2564 769; x_wconf 90' lang='lat' dir='ltr'>non</span> <span class='ocrx_word' id='word_1_91' title='bbox 2620 714 2696 769; x_wconf 86' lang='lat' dir='ltr'>ita</span> <span class='ocrx_word' id='word_1_92' title='bbox 2726 714 2947 784; x_wconf 84' lang='lat' dir='ltr'>pridem</span> <span class='ocrx_word' id='word_1_93' title='bbox 2998 716 3281 788; x_wconf 82' lang='lat' dir='ltr'><strong>duxerat),</strong></span> <span class='ocrx_word' id='word_1_94' title='bbox 3314 724 3363 771; x_wconf 87' lang='lat' dir='ltr'>cl</span> <span class='ocrx_word' id='word_1_95' title='bbox 3396 719 3761 774; x_wconf 83' lang='lat' dir='ltr'>Antiochiam</span> 
     </span>
    </p>
   </div>
   <div class='ocr_carea' id='block_1_16' title="bbox 2109 801 3759 879">
    <p class='ocr_par' dir='ltr' id='par_1_16' title="bbox 2109 801 3759 879">
     <span class='ocr_line' id='line_1_16' title="bbox 2109 801 3759 879; baseline 0.005 -25"><span class='ocrx_word' id='word_1_96' title='bbox 2109 801 2393 870; x_wconf 81' lang='lat' dir='ltr'><strong>profectus</strong></span> <span class='ocrx_word' id='word_1_97' title='bbox 2458 802 2976 871; x_wconf 89' lang='lat' dir='ltr'><strong>pulcherrimorum</strong></span> <span class='ocrx_word' id='word_1_98' title='bbox 3017 809 3074 859; x_wconf 89' lang='lat' dir='ltr'>et</span> <span class='ocrx_word' id='word_1_99' title='bbox 3116 806 3608 863; x_wconf 74' lang='lat' dir='ltr'>ornatissimorum</span> <span class='ocrx_word' id='word_1_100' title='bbox 3658 810 3759 879; x_wconf 88' lang='lat' dir='ltr'>ju-</span> 
     </span>
    </p>
   </div>
   <div class='ocr_carea' id='block_1_17' title="bbox 2108 892 3760 978">
    <p class='ocr_par' dir='ltr' id='par_1_17' title="bbox 2108 892 3760 978">
     <span class='ocr_line' id='line_1_17' title="bbox 2108 892 3760 978; baseline 0.005 -34"><span class='ocrx_word' id='word_1_101' title='bbox 2108 904 2320 945; x_wconf 85' lang='lat' dir='ltr'><strong>venum</strong></span> <span class='ocrx_word' id='word_1_102' title='bbox 2373 892 2645 946; x_wconf 89' lang='lat' dir='ltr'><strong>comitatu</strong></span> <span class='ocrx_word' id='word_1_103' title='bbox 2705 896 2763 946; x_wconf 88' lang='lat' dir='ltr'>et</span> <span class='ocrx_word' id='word_1_104' title='bbox 2809 893 3122 962; x_wconf 69' lang='lat' dir='ltr'><strong>exquisitiaz</strong></span> <span class='ocrx_word' id='word_1_105' title='bbox 3175 894 3469 965; x_wconf 67' lang='lat' dir='ltr'><strong>elegantia;</strong></span> <span class='ocrx_word' id='word_1_106' title='bbox 3528 899 3760 978; x_wconf 59' lang='lat' dir='ltr'><strong>vestitu,</strong></span> 
     </span>
    </p>
   </div>
   <div class='ocr_carea' id='block_1_18' title="bbox 2110 980 3761 1054">
    <p class='ocr_par' dir='ltr' id='par_1_18' title="bbox 2110 980 3761 1054">
     <span class='ocr_line' id='line_1_18' title="bbox 2110 980 3761 1054; baseline 0.007 -22"><span class='ocrx_word' id='word_1_107' title='bbox 2110 993 2219 1047; x_wconf 93' lang='lat' dir='ltr'>quo</span> <span class='ocrx_word' id='word_1_108' title='bbox 2250 980 2533 1035; x_wconf 80' lang='lat' dir='ltr'>naturalis</span> <span class='ocrx_word' id='word_1_109' title='bbox 2565 980 2766 1037; x_wconf 66' lang='lat' dir='ltr'><strong>formas</strong></span> <span class='ocrx_word' id='word_1_110' title='bbox 2825 982 3073 1052; x_wconf 75' lang='lat' dir='ltr'>dignitas</span> <span class='ocrx_word' id='word_1_111' title='bbox 3101 989 3158 1039; x_wconf 85' lang='lat' dir='ltr'>et</span> <span class='ocrx_word' id='word_1_112' title='bbox 3186 988 3418 1040; x_wconf 69' lang='lat' dir='ltr'><strong>staturae</strong></span> <span class='ocrx_word' id='word_1_113' title='bbox 3450 988 3761 1054; x_wconf 80' lang='lat' dir='ltr'>proceritas</span> 
     </span>
    </p>
   </div>
   <div class='ocr_carea' id='block_1_19' title="bbox 2111 1067 3763 1146">
    <p class='ocr_par' dir='ltr' id='par_1_19' title="bbox 2111 1067 3763 1146">
     <span class='ocr_line' id='line_1_19' title="bbox 2111 1067 3763 1146; baseline 0.007 -25"><span class='ocrx_word' id='word_1_114' title='bbox 2111 1067 2617 1137; x_wconf 85' lang='lat' dir='ltr'><strong>condecorahatur,</strong></span> <span class='ocrx_word' id='word_1_115' title='bbox 2672 1071 2971 1127; x_wconf 80' lang='lat' dir='ltr'>mulierem</span> <span class='ocrx_word' id='word_1_116' title='bbox 3004 1072 3081 1127; x_wconf 91' lang='lat' dir='ltr'>ita</span> <span class='ocrx_word' id='word_1_117' title='bbox 3112 1073 3169 1128; x_wconf 93' lang='lat' dir='ltr'>in</span> <span class='ocrx_word' id='word_1_118' title='bbox 3225 1073 3315 1128; x_wconf 88' lang='lat' dir='ltr'>sui</span> <span class='ocrx_word' id='word_1_119' title='bbox 3353 1091 3604 1131; x_wconf 89' lang='lat' dir='ltr'><strong>amorem</strong></span> <span class='ocrx_word' id='word_1_120' title='bbox 3636 1078 3763 1146; x_wconf 86' lang='lat' dir='ltr'><strong>pel-</strong></span> 
     </span>
    </p>
   </div>
   <div class='ocr_carea' id='block_1_20' title="bbox 2112 1154 3768 1231">
    <p class='ocr_par' dir='ltr' id='par_1_20' title="bbox 2112 1154 3768 1231">
     <span class='ocr_line' id='line_1_20' title="bbox 2112 1154 3768 1231; baseline 0.008 -22"><span class='ocrx_word' id='word_1_121' title='bbox 2112 1154 2254 1223; x_wconf 91' lang='lat' dir='ltr'><strong>licit,</strong></span> <span class='ocrx_word' id='word_1_122' title='bbox 2311 1161 2372 1211; x_wconf 91' lang='lat' dir='ltr'>ut</span> <span class='ocrx_word' id='word_1_123' title='bbox 2421 1163 2724 1229; x_wconf 87' lang='lat' dir='ltr'><strong>parentum</strong></span> <span class='ocrx_word' id='word_1_124' title='bbox 2776 1167 2832 1216; x_wconf 87' lang='lat' dir='ltr'>et</span> <span class='ocrx_word' id='word_1_125' title='bbox 2883 1160 3083 1231; x_wconf 76' lang='lat' dir='ltr'><strong>patriaa</strong></span> <span class='ocrx_word' id='word_1_126' title='bbox 3138 1162 3316 1219; x_wconf 91' lang='lat' dir='ltr'><strong>oblita</strong></span> <span class='ocrx_word' id='word_1_127' title='bbox 3364 1168 3564 1221; x_wconf 89' lang='lat' dir='ltr'><strong>mutuo</strong></span> <span class='ocrx_word' id='word_1_128' title='bbox 3608 1166 3768 1223; x_wconf 89' lang='lat' dir='ltr'><strong>illius</strong></span> 
     </span>
    </p>
   </div>
   <div class='ocr_carea' id='block_1_21' title="bbox 2114 1252 2628 1318">
    <p class='ocr_par' dir='ltr' id='par_1_21' title="bbox 2114 1252 2628 1318">
     <span class='ocr_line' id='line_1_21' title="bbox 2114 1252 2628 1318; baseline 0.004 -16"><span class='ocrx_word' id='word_1_129' title='bbox 2114 1263 2309 1303; x_wconf 88' lang='lat' dir='ltr'><strong>amore</strong></span> <span class='ocrx_word' id='word_1_130' title='bbox 2347 1252 2628 1318; x_wconf 78' lang='lat' dir='ltr'><strong>ﬂagraret.</strong></span> 
     </span>
    </p>
   </div>
   <div class='ocr_carea' id='block_1_22' title="bbox 349 1329 3765 1414">
    <p class='ocr_par' dir='ltr' id='par_1_22' title="bbox 349 1329 3765 1414">
     <span class='ocr_line' id='line_1_22' title="bbox 349 1329 3765 1414; baseline -0.001 -20"><span class='ocrx_word' id='word_1_131' title='bbox 349 1336 652 1412; x_wconf 70' lang='grc' dir='ltr'>Φέρεκλον,</span> <span class='ocrx_word' id='word_1_132' title='bbox 713 1335 774 1390; x_wconf 87' lang='grc' dir='ltr'>ἐκ</span> <span class='ocrx_word' id='word_1_133' title='bbox 829 1335 1090 1412; x_wconf 88' lang='grc' dir='ltr'>γειτόνων</span> <span class='ocrx_word' id='word_1_134' title='bbox 1138 1330 1195 1387; x_wconf 74' lang='grc' dir='ltr'>δὲ</span> <span class='ocrx_word' id='word_1_135' title='bbox 1248 1333 1306 1387; x_wconf 79' lang='grc' dir='ltr'>δν</span> <span class='ocrx_word' id='word_1_136' title='bbox 1363 1333 1427 1387; x_wconf 89' lang='grc' dir='ltr'>τὸ</span> <span class='ocrx_word' id='word_1_137' title='bbox 1484 1338 1583 1401; x_wconf 82' lang='grc' dir='ltr'>τῆς</span> <span class='ocrx_word' id='word_1_138' title='bbox 1634 1329 1916 1393; x_wconf 82' lang='grc' dir='ltr'>Φιλίππας</span> <span class='ocrx_word' id='word_1_139' title='bbox 1959 1330 2098 1394; x_wconf 74' lang='grc' dir='ltr'>εἶδος</span> <span class='ocrx_word' id='word_1_140' title='bbox 2148 1335 2554 1414; x_wconf 85' lang='grc' dir='ltr'>καθυπογράφει</span> <span class='ocrx_word' id='word_1_141' title='bbox 2608 1337 2697 1390; x_wconf 81' lang='grc' dir='ltr'>καὶ</span> <span class='ocrx_word' id='word_1_142' title='bbox 2759 1337 3119 1412; x_wconf 84' lang='grc' dir='ltr'>μαστροπεύει</span> <span class='ocrx_word' id='word_1_143' title='bbox 3176 1343 3255 1411; x_wconf 83' lang='grc' dir='ltr'>τῷ</span> <span class='ocrx_word' id='word_1_144' title='bbox 3309 1337 3573 1414; x_wconf 81' lang='grc' dir='ltr'>δυσέρωτι</span> <span class='ocrx_word' id='word_1_145' title='bbox 3641 1345 3765 1401; x_wconf 82' lang='grc' dir='ltr'>Ἀν-</span> 
     </span>
    </p>
   </div>
   <div class='ocr_carea' id='block_1_23' title="bbox 352 1420 3763 1503">
    <p class='ocr_par' dir='ltr' id='par_1_23' title="bbox 352 1420 3763 1503">
     <span class='ocr_line' id='line_1_23' title="bbox 352 1420 3763 1503; baseline 0.001 -21"><span class='ocrx_word' id='word_1_146' title='bbox 352 1425 610 1501; x_wconf 80' lang='grc' dir='ltr'>δρονίκῳ“</span> <span class='ocrx_word' id='word_1_147' title='bbox 669 1425 733 1499; x_wconf 72' lang='grc' dir='ltr'>ᾖν</span> <span class='ocrx_word' id='word_1_148' title='bbox 792 1425 897 1499; x_wconf 79' lang='grc' dir='ltr'>γὰρ</span> <span class='ocrx_word' id='word_1_149' title='bbox 952 1424 1003 1493; x_wconf 78' lang='grc' dir='ltr'>ἐξ</span> <span class='ocrx_word' id='word_1_150' title='bbox 1043 1422 1213 1487; x_wconf 81' lang='grc' dir='ltr'>ἀκοῆς</span> <span class='ocrx_word' id='word_1_151' title='bbox 1280 1420 1685 1495; x_wconf 82' lang='grc' dir='ltr'>ἐρωτόληπτος.</span> <span class='ocrx_word' id='word_1_152' title='bbox 1748 1422 1936 1483; x_wconf 74' lang='grc' dir='ltr'>Ῥίὼας</span> <span class='ocrx_word' id='word_1_153' title='bbox 2001 1423 2092 1476; x_wconf 79' lang='grc' dir='ltr'>οὗν</span> <span class='ocrx_word' id='word_1_154' title='bbox 2145 1424 2245 1491; x_wconf 76' lang='grc' dir='ltr'>τὴν</span> <span class='ocrx_word' id='word_1_155' title='bbox 2309 1422 2510 1479; x_wconf 78' lang='grc' dir='ltr'>ἀσπίδα</span> <span class='ocrx_word' id='word_1_156' title='bbox 2576 1425 2665 1479; x_wconf 82' lang='grc' dir='ltr'>καὶ</span> <span class='ocrx_word' id='word_1_157' title='bbox 2730 1427 2793 1480; x_wconf 89' lang='grc' dir='ltr'>τὸ</span> <span class='ocrx_word' id='word_1_158' title='bbox 2853 1428 3047 1500; x_wconf 83' lang='grc' dir='ltr'>κράνὸς</span> <span class='ocrx_word' id='word_1_159' title='bbox 3088 1424 3508 1503; x_wconf 83' lang='grc' dir='ltr'>ἀποϐαλὸμενος</span> <span class='ocrx_word' id='word_1_160' title='bbox 3548 1433 3763 1488; x_wconf 79' lang='grc' dir='ltr'>καὶτὸν</span> 
     </span>
    </p>
   </div>
   <div class='ocr_carea' id='block_1_24' title="bbox 350 1508 3761 1596">
    <p class='ocr_par' dir='ltr' id='par_1_24' title="bbox 350 1508 3761 1596">
     <span class='ocr_line' id='line_1_24' title="bbox 350 1508 3761 1596; baseline 0.001 -25"><span class='ocrx_word' id='word_1_161' title='bbox 350 1518 482 1571; x_wconf 82' lang='grc' dir='ltr'>ὅλον</span> <span class='ocrx_word' id='word_1_162' title='bbox 513 1514 855 1589; x_wconf 83' lang='grc' dir='ltr'>στρατιώτην</span> <span class='ocrx_word' id='word_1_163' title='bbox 896 1512 1327 1584; x_wconf 82' lang='grc' dir='ltr'>ἀποσεισάμενος</span> <span class='ocrx_word' id='word_1_164' title='bbox 1365 1511 1501 1584; x_wconf 85' lang='grc' dir='ltr'>πρὸς</span> <span class='ocrx_word' id='word_1_165' title='bbox 1553 1512 1653 1579; x_wconf 75' lang='grc' dir='ltr'>τὴν</span> <span class='ocrx_word' id='word_1_166' title='bbox 1714 1508 1997 1585; x_wconf 70' lang='grc' dir='ltr'>ἐρωμένην</span> <span class='ocrx_word' id='word_1_167' title='bbox 2041 1509 2345 1585; x_wconf 71' lang='grc' dir='ltr'>αὒτομολεῖ</span> <span class='ocrx_word' id='word_1_168' title='bbox 2401 1512 2561 1567; x_wconf 78' lang='grc' dir='ltr'>οὖσαν</span> <span class='ocrx_word' id='word_1_169' title='bbox 2611 1517 2747 1569; x_wconf 82' lang='grc' dir='ltr'>κατὰ</span> <span class='ocrx_word' id='word_1_170' title='bbox 2777 1514 2940 1571; x_wconf 85' lang='grc' dir='ltr'>πόλιν</span> <span class='ocrx_word' id='word_1_171' title='bbox 2971 1519 3071 1585; x_wconf 77' lang='grc' dir='ltr'>τήν</span> <span class='ocrx_word' id='word_1_172' title='bbox 3106 1518 3462 1596; x_wconf 87' lang='grc' dir='ltr'>Ἀντιόχειαν.</span> <span class='ocrx_word' id='word_1_173' title='bbox 3490 1526 3661 1585; x_wconf 80' lang='grc' dir='ltr'>’Ἐνθα</span> <span class='ocrx_word' id='word_1_174' title='bbox 3694 1519 3761 1591; x_wconf 86' lang='grc' dir='ltr'>δή</span> 
     </span>
    </p>
   </div>
   <div class='ocr_carea' id='block_1_25' title="bbox 347 1599 3766 1683">
    <p class='ocr_par' dir='ltr' id='par_1_25' title="bbox 347 1599 3766 1683">
     <span class='ocr_line' id='line_1_25' title="bbox 347 1599 3766 1683; baseline 0.001 -23"><span class='ocrx_word' id='word_1_175' title='bbox 347 1605 604 1683; x_wconf 88' lang='grc' dir='ltr'>γεγονὼς,</span> <span class='ocrx_word' id='word_1_176' title='bbox 665 1603 754 1658; x_wconf 83' lang='grc' dir='ltr'>καὶ</span> <span class='ocrx_word' id='word_1_177' title='bbox 807 1604 909 1671; x_wconf 75' lang='grc' dir='ltr'>τὴν</span> <span class='ocrx_word' id='word_1_178' title='bbox 967 1602 1220 1676; x_wconf 83' lang='grc' dir='ltr'>Ἐρώτων</span> <span class='ocrx_word' id='word_1_179' title='bbox 1260 1599 1490 1675; x_wconf 78' lang='grc' dir='ltr'>ἀγλαΐαν</span> <span class='ocrx_word' id='word_1_180' title='bbox 1550 1606 1651 1668; x_wconf 86' lang='grc' dir='ltr'>τῆς</span> <span class='ocrx_word' id='word_1_181' title='bbox 1702 1601 1898 1675; x_wconf 79' lang='grc' dir='ltr'>Ἀῥεος</span> <span class='ocrx_word' id='word_1_182' title='bbox 1965 1608 2162 1670; x_wconf 80' lang='grc' dir='ltr'>σκευῆς</span> <span class='ocrx_word' id='word_1_183' title='bbox 2217 1599 2601 1676; x_wconf 84' lang='grc' dir='ltr'>ἆνθελόμενος,</span> <span class='ocrx_word' id='word_1_184' title='bbox 2674 1605 2833 1676; x_wconf 87' lang='grc' dir='ltr'>μόνον</span> <span class='ocrx_word' id='word_1_185' title='bbox 2906 1606 3003 1659; x_wconf 80' lang='grc' dir='ltr'>οὐκ</span> <span class='ocrx_word' id='word_1_186' title='bbox 3059 1602 3252 1676; x_wconf 77' lang='grc' dir='ltr'>ἔξαινεν</span> <span class='ocrx_word' id='word_1_187' title='bbox 3312 1605 3430 1681; x_wconf 78' lang='grc' dir='ltr'>ἔρια</span> <span class='ocrx_word' id='word_1_188' title='bbox 3477 1606 3590 1664; x_wconf 83' lang='grc' dir='ltr'>οὐδ’</span> <span class='ocrx_word' id='word_1_189' title='bbox 3631 1611 3766 1682; x_wconf 77' lang='grc' dir='ltr'>ἱστῷ</span> 
     </span>
    </p>
   </div>
   <div class='ocr_carea' id='block_1_26' title="bbox 347 1687 3766 1769">
    <p class='ocr_par' dir='ltr' id='par_1_26' title="bbox 347 1687 3766 1769">
     <span class='ocr_line' id='line_1_26' title="bbox 347 1687 3766 1769; baseline -0 -18"><span class='ocrx_word' id='word_1_190' title='bbox 347 1698 676 1769; x_wconf 87' lang='grc' dir='ltr'>προσανεῖχε</span> <span class='ocrx_word' id='word_1_191' title='bbox 728 1692 816 1746; x_wconf 85' lang='grc' dir='ltr'>καὶ</span> <span class='ocrx_word' id='word_1_192' title='bbox 870 1695 1096 1765; x_wconf 77' lang='grc' dir='ltr'>συνῇρεν</span> <span class='ocrx_word' id='word_1_193' title='bbox 1136 1688 1410 1760; x_wconf 78' lang='grc' dir='ltr'>ἠλάκατα,</span> <span class='ocrx_word' id='word_1_194' title='bbox 1470 1688 1546 1751; x_wconf 83' lang='grc' dir='ltr'>ὡς</span> <span class='ocrx_word' id='word_1_195' title='bbox 1604 1687 1861 1766; x_wconf 81' lang='grc' dir='ltr'>Ὀμφάλῃ</span> <span class='ocrx_word' id='word_1_196' title='bbox 1913 1689 2040 1763; x_wconf 88' lang='grc' dir='ltr'>πρὶν</span> <span class='ocrx_word' id='word_1_197' title='bbox 2104 1688 2384 1764; x_wconf 77' lang='grc' dir='ltr'>Ἡρακλῆς</span> <span class='ocrx_word' id='word_1_198' title='bbox 2442 1694 2511 1765; x_wconf 79' lang='grc' dir='ltr'>τῇ</span> <span class='ocrx_word' id='word_1_199' title='bbox 2572 1690 2829 1763; x_wconf 81' lang='grc' dir='ltr'>Φιλίππᾳ</span> <span class='ocrx_word' id='word_1_200' title='bbox 2888 1691 3184 1752; x_wconf 81' lang='grc' dir='ltr'>δουλεύων.</span> <span class='ocrx_word' id='word_1_201' title='bbox 3236 1696 3295 1752; x_wconf 82' lang='grc' dir='ltr'><strong>Ἥ</strong></span> <span class='ocrx_word' id='word_1_202' title='bbox 3343 1694 3389 1750; x_wconf 82' lang='grc' dir='ltr'>δ’</span> <span class='ocrx_word' id='word_1_203' title='bbox 3422 1696 3525 1769; x_wconf 81' lang='grc' dir='ltr'>ἄρα</span> <span class='ocrx_word' id='word_1_204' title='bbox 3573 1698 3638 1765; x_wconf 78' lang='grc' dir='ltr'>ἦν</span> <span class='ocrx_word' id='word_1_205' title='bbox 3666 1700 3766 1767; x_wconf 78' lang='grc' dir='ltr'>τῆς</span> 
     </span>
    </p>
   </div>
   <div class='ocr_carea' id='block_1_27' title="bbox 345 1773 3765 1862">
    <p class='ocr_par' dir='ltr' id='par_1_27' title="bbox 345 1773 3765 1862">
     <span class='ocr_line' id='line_1_27' title="bbox 345 1773 3765 1862; baseline 0 -22"><span class='ocrx_word' id='word_1_206' title='bbox 345 1782 703 1862; x_wconf 76' lang='grc' dir='ltr'>συναφθείσης</span> <span class='ocrx_word' id='word_1_207' title='bbox 741 1785 823 1853; x_wconf 76' lang='grc' dir='ltr'>τῷ</span> <span class='ocrx_word' id='word_1_208' title='bbox 890 1779 1086 1835; x_wconf 85' lang='grc' dir='ltr'>τούτου</span> <span class='ocrx_word' id='word_1_209' title='bbox 1143 1773 1424 1856; x_wconf 81' lang='grc' dir='ltr'>ἐξαδέλφῷ</span> <span class='ocrx_word' id='word_1_210' title='bbox 1489 1782 1568 1848; x_wconf 80' lang='grc' dir='ltr'>τῷ</span> <span class='ocrx_word' id='word_1_211' title='bbox 1611 1775 1861 1852; x_wconf 80' lang='grc' dir='ltr'>βασιλεῖ·</span> <span class='ocrx_word' id='word_1_212' title='bbox 1902 1778 2165 1848; x_wconf 77' lang='grc' dir='ltr'>Μανουήλ</span> <span class='ocrx_word' id='word_1_213' title='bbox 2240 1779 2432 1854; x_wconf 80' lang='grc' dir='ltr'>πρώην</span> <span class='ocrx_word' id='word_1_214' title='bbox 2511 1780 2666 1835; x_wconf 69' lang='grc' dir='ltr'>οὔπω</span> <span class='ocrx_word' id='word_1_215' title='bbox 2740 1783 2880 1838; x_wconf 87' lang='grc' dir='ltr'>πάνυ</span> <span class='ocrx_word' id='word_1_216' title='bbox 2958 1784 3223 1858; x_wconf 89' lang='grc' dir='ltr'>θυγατρὸς</span> <span class='ocrx_word' id='word_1_217' title='bbox 3297 1790 3396 1840; x_wconf 89' lang='grc' dir='ltr'>τοῦ</span> <span class='ocrx_word' id='word_1_218' title='bbox 3474 1781 3765 1842; x_wconf 85' lang='grc' dir='ltr'>Πετεϐίνου</span> 
     </span>
    </p>
   </div>
   <div class='ocr_carea' id='block_1_28' title="bbox 352 1863 3768 1952">
    <p class='ocr_par' dir='ltr' id='par_1_28' title="bbox 352 1863 3768 1952">
     <span class='ocr_line' id='line_1_28' title="bbox 352 1863 3768 1952; baseline -0.001 -21"><span class='ocrx_word' id='word_1_219' title='bbox 352 1874 591 1952; x_wconf 79' lang='grc' dir='ltr'>ἀδελφή.</span> <span class='ocrx_word' id='word_1_220' title='bbox 660 1872 768 1928; x_wconf 80' lang='grc' dir='ltr'>Καὶ</span> <span class='ocrx_word' id='word_1_221' title='bbox 837 1872 865 1925; x_wconf 97' lang='lat'>6</span> <span class='ocrx_word' id='word_1_222' title='bbox 936 1871 1030 1942; x_wconf 76' lang='grc' dir='ltr'>μὲν</span> <span class='ocrx_word' id='word_1_223' title='bbox 1092 1870 1192 1935; x_wconf 69' lang='grc' dir='ltr'>τὴν</span> <span class='ocrx_word' id='word_1_224' title='bbox 1261 1867 1609 1945; x_wconf 84' lang='grc' dir='ltr'>Ἀντιόχειαν</span> <span class='ocrx_word' id='word_1_225' title='bbox 1671 1863 1993 1923; x_wconf 82' lang='grc' dir='ltr'>καταλαϐὼν</span> <span class='ocrx_word' id='word_1_226' title='bbox 2071 1874 2298 1947; x_wconf 86' lang='grc' dir='ltr'>τρυφαῖς</span> <span class='ocrx_word' id='word_1_227' title='bbox 2365 1870 2616 1948; x_wconf 72' lang='grc' dir='ltr'>ἐκεχήνει</span> <span class='ocrx_word' id='word_1_228' title='bbox 2691 1872 2782 1926; x_wconf 82' lang='grc' dir='ltr'>καὶ</span> <span class='ocrx_word' id='word_1_229' title='bbox 2847 1870 3272 1947; x_wconf 87' lang='grc' dir='ltr'>καλλωπισμοῖς</span> <span class='ocrx_word' id='word_1_230' title='bbox 3344 1874 3615 1929; x_wconf 84' lang='grc' dir='ltr'>ὑπελύττα</span> <span class='ocrx_word' id='word_1_231' title='bbox 3679 1877 3768 1930; x_wconf 86' lang='grc' dir='ltr'>καὶ</span> 
     </span>
    </p>
   </div>
   <div class='ocr_carea' id='block_1_29' title="bbox 346 1955 3754 2043">
    <p class='ocr_par' dir='ltr' id='par_1_29' title="bbox 346 1955 3754 2043">
     <span class='ocr_line' id='line_1_29' title="bbox 346 1955 3754 2043; baseline 0 -26"><span class='ocrx_word' id='word_1_232' title='bbox 346 1961 678 2043; x_wconf 74' lang='grc' dir='ltr'>δορυφόροις</span> <span class='ocrx_word' id='word_1_233' title='bbox 746 1958 831 2014; x_wconf 85' lang='grc' dir='ltr'>ἐπ’</span> <span class='ocrx_word' id='word_1_234' title='bbox 896 1960 1104 2033; x_wconf 82' lang='grc' dir='ltr'>ἀγυιῶν</span> <span class='ocrx_word' id='word_1_235' title='bbox 1175 1957 1560 2033; x_wconf 84' lang='grc' dir='ltr'>ἀργυροτόξοις</span> <span class='ocrx_word' id='word_1_236' title='bbox 1627 1955 1921 2030; x_wconf 79' lang='grc' dir='ltr'>ἐπόμπευε,</span> <span class='ocrx_word' id='word_1_237' title='bbox 1987 1958 2088 2027; x_wconf 75' lang='grc' dir='ltr'>τὴν</span> <span class='ocrx_word' id='word_1_238' title='bbox 2154 1956 2376 2026; x_wconf 78' lang='grc' dir='ltr'>ἠλικίαν</span> <span class='ocrx_word' id='word_1_239' title='bbox 2445 1959 2762 2033; x_wconf 78' lang='grc' dir='ltr'>εύμήκεσιν,</span> <span class='ocrx_word' id='word_1_240' title='bbox 2805 1960 2979 2034; x_wconf 84' lang='grc' dir='ltr'>ἶούλῳ</span> <span class='ocrx_word' id='word_1_241' title='bbox 3016 1983 3075 2016; x_wconf 89' lang='grc' dir='ltr'>τε</span> <span class='ocrx_word' id='word_1_242' title='bbox 3110 1964 3316 2035; x_wconf 83' lang='grc' dir='ltr'>πρώτῳ</span> <span class='ocrx_word' id='word_1_243' title='bbox 3356 1961 3754 2037; x_wconf 76' lang='grc' dir='ltr'>λαχνουμένοις</span> 
     </span>
    </p>
   </div>
   <div class='ocr_carea' id='block_1_30' title="bbox 342 2045 3752 2126">
    <p class='ocr_par' dir='ltr' id='par_1_30' title="bbox 342 2045 3752 2126">
     <span class='ocr_line' id='line_1_30' title="bbox 342 2045 3752 2126; baseline -0.001 -17"><span class='ocrx_word' id='word_1_244' title='bbox 342 2054 436 2110; x_wconf 86' lang='grc' dir='ltr'>καὶ</span> <span class='ocrx_word' id='word_1_245' title='bbox 473 2054 678 2126; x_wconf 86' lang='grc' dir='ltr'>κόμαις</span> <span class='ocrx_word' id='word_1_246' title='bbox 745 2049 1206 2123; x_wconf 83' lang='grc' dir='ltr'>πυρσαινομένοις</span> <span class='ocrx_word' id='word_1_247' title='bbox 1274 2048 1503 2116; x_wconf 81' lang='grc' dir='ltr'>ξανθαῖς,</span> <span class='ocrx_word' id='word_1_248' title='bbox 1571 2046 1661 2100; x_wconf 88' lang='grc' dir='ltr'>καὶ</span> <span class='ocrx_word' id='word_1_249' title='bbox 1716 2046 1785 2114; x_wconf 81' lang='grc' dir='ltr'>ἧν</span> <span class='ocrx_word' id='word_1_250' title='bbox 1841 2045 2074 2100; x_wconf 89' lang='grc' dir='ltr'>ἐντεῦθεν</span> <span class='ocrx_word' id='word_1_251' title='bbox 2143 2049 2324 2122; x_wconf 81' lang='grc' dir='ltr'>θηρῶν</span> <span class='ocrx_word' id='word_1_252' title='bbox 2384 2055 2482 2118; x_wconf 78' lang='grc' dir='ltr'>τῆν</span> <span class='ocrx_word' id='word_1_253' title='bbox 2548 2050 2879 2125; x_wconf 86' lang='grc' dir='ltr'>θηράσασαν.</span> <span class='ocrx_word' id='word_1_254' title='bbox 2936 2052 2997 2119; x_wconf 74' lang='grc' dir='ltr'>ἣν</span> <span class='ocrx_word' id='word_1_255' title='bbox 3055 2052 3145 2106; x_wconf 85' lang='grc' dir='ltr'>καὶ</span> <span class='ocrx_word' id='word_1_256' title='bbox 3211 2053 3330 2126; x_wconf 80' lang='grc' dir='ltr'>εἶχε</span> <span class='ocrx_word' id='word_1_257' title='bbox 3366 2058 3485 2114; x_wconf 82' lang='grc' dir='ltr'>ταῖς</span> <span class='ocrx_word' id='word_1_258' title='bbox 3526 2053 3752 2116; x_wconf 74' lang='grc' dir='ltr'>οἰκείαις</span> 
     </span>
    </p>
   </div>
   <div class='ocr_carea' id='block_1_31' title="bbox 344 2132 3756 2218">
    <p class='ocr_par' dir='ltr' id='par_1_31' title="bbox 344 2132 3756 2218">
     <span class='ocr_line' id='line_1_31' title="bbox 344 2132 3756 2218; baseline -0 -20"><span class='ocrx_word' id='word_1_259' title='bbox 344 2140 750 2218; x_wconf 84' lang='grc' dir='ltr'>ἐρωτοδέσμαις</span> <span class='ocrx_word' id='word_1_260' title='bbox 806 2136 1261 2212; x_wconf 86' lang='grc' dir='ltr'>καταγοητεύσας.</span> <span class='ocrx_word' id='word_1_261' title='bbox 1333 2132 1695 2210; x_wconf 73' lang='grc' dir='ltr'>Ἀνδρόνικος,</span> <span class='ocrx_word' id='word_1_262' title='bbox 1760 2136 1849 2189; x_wconf 85' lang='grc' dir='ltr'>καὶ</span> <span class='ocrx_word' id='word_1_263' title='bbox 1926 2135 2057 2209; x_wconf 78' lang='grc' dir='ltr'>ὅπερ</span> <span class='ocrx_word' id='word_1_264' title='bbox 2125 2134 2405 2193; x_wconf 78' lang='grc' dir='ltr'>ἐπεπόνθει</span> <span class='ocrx_word' id='word_1_265' title='bbox 2484 2143 2645 2194; x_wconf 88' lang='grc' dir='ltr'>τοῦτο</span> <span class='ocrx_word' id='word_1_266' title='bbox 2712 2137 2910 2214; x_wconf 88' lang='grc' dir='ltr'>δράσας</span> <span class='ocrx_word' id='word_1_267' title='bbox 2976 2138 3423 2217; x_wconf 82' lang='grc' dir='ltr'>φιλοτιμότερον,</span> <span class='ocrx_word' id='word_1_268' title='bbox 3499 2139 3756 2197; x_wconf 78' lang='grc' dir='ltr'>πλουτῶν</span> 
     </span>
    </p>
   </div>
   <div class='ocr_carea' id='block_1_32' title="bbox 349 2221 3764 2305">
    <p class='ocr_par' dir='ltr' id='par_1_32' title="bbox 349 2221 3764 2305">
     <span class='ocr_line' id='line_1_32' title="bbox 349 2221 3764 2305; baseline 0 -20"><span class='ocrx_word' id='word_1_269' title='bbox 349 2232 442 2305; x_wconf 76' lang='grc' dir='ltr'>μὲν</span> <span class='ocrx_word' id='word_1_270' title='bbox 500 2231 591 2285; x_wconf 80' lang='grc' dir='ltr'>καῖ</span> <span class='ocrx_word' id='word_1_271' title='bbox 668 2226 859 2287; x_wconf 80' lang='grc' dir='ltr'>ἄλλως</span> <span class='ocrx_word' id='word_1_272' title='bbox 937 2223 1080 2287; x_wconf 77' lang='grc' dir='ltr'>εἶδος</span> <span class='ocrx_word' id='word_1_273' title='bbox 1148 2225 1461 2299; x_wconf 79' lang='grc' dir='ltr'>ἀξιάγαστον</span> <span class='ocrx_word' id='word_1_274' title='bbox 1528 2222 1618 2278; x_wconf 85' lang='grc' dir='ltr'>καὶ</span> <span class='ocrx_word' id='word_1_275' title='bbox 1692 2223 1767 2285; x_wconf 87' lang='grc' dir='ltr'>ὡς</span> <span class='ocrx_word' id='word_1_276' title='bbox 1843 2221 1994 2300; x_wconf 76' lang='grc' dir='ltr'>ἔρνος</span> <span class='ocrx_word' id='word_1_277' title='bbox 2068 2222 2370 2281; x_wconf 80' lang='grc' dir='ltr'>ἀναϐαίνων</span> <span class='ocrx_word' id='word_1_278' title='bbox 2444 2225 2717 2299; x_wconf 81' lang='grc' dir='ltr'>ἐλάτινον,</span> <span class='ocrx_word' id='word_1_279' title='bbox 2792 2227 3131 2302; x_wconf 74' lang='grc' dir='ltr'>ἐπτοημένος</span> <span class='ocrx_word' id='word_1_280' title='bbox 3190 2226 3247 2284; x_wconf 71' lang='grc' dir='ltr'>δὲ</span> <span class='ocrx_word' id='word_1_281' title='bbox 3304 2230 3394 2284; x_wconf 89' lang='grc' dir='ltr'>καὶ</span> <span class='ocrx_word' id='word_1_282' title='bbox 3469 2232 3592 2304; x_wconf 85' lang='grc' dir='ltr'>περὶ</span> <span class='ocrx_word' id='word_1_283' title='bbox 3666 2232 3764 2295; x_wconf 84' lang='grc' dir='ltr'>τὰς</span> 
     </span>
    </p>
   </div>
   <div class='ocr_carea' id='block_1_33' title="bbox 338 2311 3764 2394">
    <p class='ocr_par' dir='ltr' id='par_1_33' title="bbox 338 2311 3764 2394">
     <span class='ocr_line' id='line_1_33' title="bbox 338 2311 3764 2394; baseline -0.003 -11"><span class='ocrx_word' id='word_1_284' title='bbox 338 2318 604 2392; x_wconf 64' lang='grc' dir='ltr'>ἰξάλλους</span> <span class='ocrx_word' id='word_1_285' title='bbox 680 2316 904 2384; x_wconf 72' lang='grc' dir='ltr'>στολὰς,</span> <span class='ocrx_word' id='word_1_286' title='bbox 970 2314 1061 2369; x_wconf 73' lang='grc' dir='ltr'>καὶ</span> <span class='ocrx_word' id='word_1_287' title='bbox 1126 2313 1334 2369; x_wconf 70' lang='grc' dir='ltr'>τούτων</span> <span class='ocrx_word' id='word_1_288' title='bbox 1367 2314 1486 2367; x_wconf 83' lang='grc' dir='ltr'>ὅσαι</span> <span class='ocrx_word' id='word_1_289' title='bbox 1555 2312 1679 2388; x_wconf 78' lang='grc' dir='ltr'>περὶ</span> <span class='ocrx_word' id='word_1_290' title='bbox 1744 2311 1975 2387; x_wconf 83' lang='grc' dir='ltr'>γλουτὸν</span> <span class='ocrx_word' id='word_1_291' title='bbox 2047 2314 2138 2369; x_wconf 82' lang='grc' dir='ltr'>καὶ</span> <span class='ocrx_word' id='word_1_292' title='bbox 2210 2317 2421 2389; x_wconf 84' lang='grc' dir='ltr'>μηροὺς</span> <span class='ocrx_word' id='word_1_293' title='bbox 2478 2313 2901 2376; x_wconf 77' lang='grc' dir='ltr'>καταϐαίνουσαι</span> <span class='ocrx_word' id='word_1_294' title='bbox 2936 2316 3309 2394; x_wconf 78' lang='grc' dir='ltr'>διασχίζονται</span> <span class='ocrx_word' id='word_1_295' title='bbox 3375 2320 3617 2375; x_wconf 81' lang='grc' dir='ltr'>καὶοῖόν</span> <span class='ocrx_word' id='word_1_296' title='bbox 3659 2319 3764 2375; x_wconf 80' lang='grc' dir='ltr'>εἰσί</span> 
     </span>
    </p>
   </div>
   <div class='ocr_carea' id='block_1_34' title="bbox 340 2401 3762 2487">
    <p class='ocr_par' dir='ltr' id='par_1_34' title="bbox 340 2401 3762 2487">
     <span class='ocr_line' id='line_1_34' title="bbox 340 2401 3762 2487; baseline -0 -20"><span class='ocrx_word' id='word_1_297' title='bbox 340 2432 459 2473; x_wconf 88' lang='grc' dir='ltr'>πως</span> <span class='ocrx_word' id='word_1_298' title='bbox 520 2405 922 2487; x_wconf 76' lang='grc' dir='ltr'>συνυφασμέναι</span> <span class='ocrx_word' id='word_1_299' title='bbox 978 2408 1057 2477; x_wconf 81' lang='grc' dir='ltr'>τῷ</span> <span class='ocrx_word' id='word_1_300' title='bbox 1112 2406 1347 2478; x_wconf 90' lang='grc' dir='ltr'>σώματι,</span> <span class='ocrx_word' id='word_1_301' title='bbox 1400 2403 1489 2458; x_wconf 80' lang='grc' dir='ltr'>καὶ</span> <span class='ocrx_word' id='word_1_302' title='bbox 1565 2408 1681 2465; x_wconf 88' lang='grc' dir='ltr'>τοῖς</span> <span class='ocrx_word' id='word_1_303' title='bbox 1764 2401 1962 2469; x_wconf 76' lang='grc' dir='ltr'>ἄλλοις</span> <span class='ocrx_word' id='word_1_304' title='bbox 2032 2410 2140 2459; x_wconf 81' lang='grc' dir='ltr'>τῶν</span> <span class='ocrx_word' id='word_1_305' title='bbox 2212 2408 2475 2462; x_wconf 76' lang='grc' dir='ltr'>τοιούτων</span> <span class='ocrx_word' id='word_1_306' title='bbox 2548 2410 2769 2482; x_wconf 81' lang='grc' dir='ltr'>ἡγεμὼν</span> <span class='ocrx_word' id='word_1_307' title='bbox 2828 2410 3241 2483; x_wconf 81' lang='grc' dir='ltr'>καθιστάμενος.</span> <span class='ocrx_word' id='word_1_308' title='bbox 3302 2411 3512 2467; x_wconf 81' lang='grc' dir='ltr'>Οὐκοῦν</span> <span class='ocrx_word' id='word_1_309' title='bbox 3570 2412 3632 2465; x_wconf 88' lang='grc' dir='ltr'>τὸ</span> <span class='ocrx_word' id='word_1_310' title='bbox 3668 2411 3762 2483; x_wconf 77' lang='grc' dir='ltr'>μὶν</span> 
     </span>
    </p>
   </div>
   <div class='ocr_carea' id='block_1_35' title="bbox 342 2491 3766 2577">
    <p class='ocr_par' dir='ltr' id='par_1_35' title="bbox 342 2491 3766 2577">
     <span class='ocr_line' id='line_1_35' title="bbox 342 2491 3766 2577; baseline -0.001 -21"><span class='ocrx_word' id='word_1_311' title='bbox 342 2500 613 2577; x_wconf 80' lang='grc' dir='ltr'>βλοσυρὸν</span> <span class='ocrx_word' id='word_1_312' title='bbox 654 2495 992 2573; x_wconf 81' lang='grc' dir='ltr'>ἐκεχάλαστο</span> <span class='ocrx_word' id='word_1_313' title='bbox 1053 2493 1143 2549; x_wconf 84' lang='grc' dir='ltr'>καὶ</span> <span class='ocrx_word' id='word_1_314' title='bbox 1199 2494 1261 2549; x_wconf 85' lang='grc' dir='ltr'>τὸ</span> <span class='ocrx_word' id='word_1_315' title='bbox 1323 2492 1409 2547; x_wconf 83' lang='grc' dir='ltr'>ἐπὶ</span> <span class='ocrx_word' id='word_1_316' title='bbox 1463 2493 1710 2555; x_wconf 81' lang='grc' dir='ltr'>συννοίας</span> <span class='ocrx_word' id='word_1_317' title='bbox 1767 2492 1905 2548; x_wconf 81' lang='grc' dir='ltr'>εἶναι</span> <span class='ocrx_word' id='word_1_318' title='bbox 1952 2491 2057 2563; x_wconf 70' lang='grc' dir='ltr'>ἀεῖ,</span> <span class='ocrx_word' id='word_1_319' title='bbox 2107 2495 2197 2549; x_wconf 84' lang='grc' dir='ltr'>καὶ</span> <span class='ocrx_word' id='word_1_320' title='bbox 2242 2498 2305 2551; x_wconf 89' lang='grc' dir='ltr'>τὸ</span> <span class='ocrx_word' id='word_1_321' title='bbox 2359 2501 2456 2552; x_wconf 92' lang='grc' dir='ltr'>τοῦ</span> <span class='ocrx_word' id='word_1_322' title='bbox 2502 2497 2672 2567; x_wconf 71' lang='grc' dir='ltr'>ἤθους</span> <span class='ocrx_word' id='word_1_323' title='bbox 2705 2494 2963 2574; x_wconf 73' lang='grc' dir='ltr'>ἐμϐριθὲς</span> <span class='ocrx_word' id='word_1_324' title='bbox 2994 2500 3083 2554; x_wconf 89' lang='grc' dir='ltr'>καὶ</span> <span class='ocrx_word' id='word_1_325' title='bbox 3125 2502 3498 2575; x_wconf 83' lang='grc' dir='ltr'>φροντιστικὸν</span> <span class='ocrx_word' id='word_1_326' title='bbox 3535 2498 3766 2555; x_wconf 85' lang='grc' dir='ltr'>ἐνδεδώ-</span> 
     </span>
    </p>
   </div>
   <div class='ocr_carea' id='block_1_36' title="bbox 350 2577 3765 2664">
    <p class='ocr_par' dir='ltr' id='par_1_36' title="bbox 350 2577 3765 2664">
     <span class='ocr_line' id='line_1_36' title="bbox 350 2577 3765 2664; baseline -0.001 -19"><span class='ocrx_word' id='word_1_327' title='bbox 350 2612 455 2660; x_wconf 89' lang='grc' dir='ltr'>κει,</span> <span class='ocrx_word' id='word_1_328' title='bbox 500 2588 592 2644; x_wconf 83' lang='grc' dir='ltr'>καὶ</span> <span class='ocrx_word' id='word_1_329' title='bbox 643 2587 952 2643; x_wconf 82' lang='grc' dir='ltr'>ἐπισκύνιον</span> <span class='ocrx_word' id='word_1_330' title='bbox 1006 2585 1033 2639; x_wconf 88' lang='lat'>6</span> <span class='ocrx_word' id='word_1_331' title='bbox 1082 2585 1185 2658; x_wconf 86' lang='grc' dir='ltr'>θήρ</span> <span class='ocrx_word' id='word_1_332' title='bbox 1246 2577 1567 2638; x_wconf 83' lang='grc' dir='ltr'>ἂπεϐάλετο⁶</span> <span class='ocrx_word' id='word_1_333' title='bbox 1628 2585 1665 2652; x_wconf 80' lang='grc' dir='ltr'>ἠ</span> <span class='ocrx_word' id='word_1_334' title='bbox 1708 2579 1765 2637; x_wconf 77' lang='grc' dir='ltr'>δὲ</span> <span class='ocrx_word' id='word_1_335' title='bbox 1823 2583 1897 2644; x_wconf 84' lang='grc' dir='ltr'>ὡς</span> <span class='ocrx_word' id='word_1_336' title='bbox 1956 2582 2102 2638; x_wconf 76' lang='grc' dir='ltr'>ἑάλω</span> <span class='ocrx_word' id='word_1_337' title='bbox 2142 2585 2436 2660; x_wconf 80' lang='grc' dir='ltr'>κατάκρας,</span> <span class='ocrx_word' id='word_1_338' title='bbox 2497 2588 2764 2661; x_wconf 70' lang='grc' dir='ltr'>ὑπέκοψεν</span> <span class='ocrx_word' id='word_1_339' title='bbox 2796 2588 2872 2650; x_wconf 83' lang='grc' dir='ltr'>εἷς</span> <span class='ocrx_word' id='word_1_340' title='bbox 2906 2586 3085 2657; x_wconf 69' lang='grc' dir='ltr'>εὐνὴν,</span> <span class='ocrx_word' id='word_1_341' title='bbox 3122 2587 3282 2643; x_wconf 77' lang='grc' dir='ltr'>οἴκου</span> <span class='ocrx_word' id='word_1_342' title='bbox 3313 2610 3374 2644; x_wconf 91' lang='grc' dir='ltr'>τε</span> <span class='ocrx_word' id='word_1_343' title='bbox 3393 2590 3491 2645; x_wconf 83' lang='grc' dir='ltr'>καὶ</span> <span class='ocrx_word' id='word_1_344' title='bbox 3533 2595 3765 2664; x_wconf 81' lang='grc' dir='ltr'>πατριᾶς</span> 
     </span>
    </p>
   </div>
   <div class='ocr_carea' id='block_1_37' title="bbox 344 2672 2097 2749">
    <p class='ocr_par' dir='ltr' id='par_1_37' title="bbox 344 2672 2097 2749">
     <span class='ocr_line' id='line_1_37' title="bbox 344 2672 2097 2749; baseline -0.004 -14"><span class='ocrx_word' id='word_1_345' title='bbox 344 2679 654 2747; x_wconf 76' lang='grc' dir='ltr'>ἐπελάθετο,</span> <span class='ocrx_word' id='word_1_346' title='bbox 686 2676 779 2731; x_wconf 81' lang='grc' dir='ltr'>καὶ</span> <span class='ocrx_word' id='word_1_347' title='bbox 806 2678 904 2730; x_wconf 92' lang='grc' dir='ltr'>τοῦ</span> <span class='ocrx_word' id='word_1_348' title='bbox 930 2672 1157 2749; x_wconf 82' lang='grc' dir='ltr'>ἐραστοῦ</span> <span class='ocrx_word' id='word_1_349' title='bbox 1187 2672 1356 2741; x_wconf 76' lang='grc' dir='ltr'>αὐτῆς</span> <span class='ocrx_word' id='word_1_350' title='bbox 1388 2672 1561 2727; x_wconf 83' lang='grc' dir='ltr'>ὀπίσω</span> <span class='ocrx_word' id='word_1_351' title='bbox 1590 2672 2097 2743; x_wconf 88' lang='grc' dir='ltr'>κατηκολούθησεν.</span> 
     </span>
    </p>
   </div>
   <div class='ocr_carea' id='block_1_38' title="bbox 413 2755 2005 2842">
    <p class='ocr_par' dir='ltr' id='par_1_38' title="bbox 413 2755 1996 2841">
     <span class='ocr_line' id='line_1_38' title="bbox 413 2755 1996 2841; baseline -0.006 -17"><span class='ocrx_word' id='word_1_352' title='bbox 413 2771 477 2825; x_wconf 78' lang='grc' dir='ltr'>Ὀ</span> <span class='ocrx_word' id='word_1_353' title='bbox 511 2765 765 2841; x_wconf 78' lang='grc' dir='ltr'>βασιλεὺς</span> <span class='ocrx_word' id='word_1_354' title='bbox 822 2762 880 2819; x_wconf 81' lang='grc' dir='ltr'>δὲ</span> <span class='ocrx_word' id='word_1_355' title='bbox 928 2763 1003 2825; x_wconf 86' lang='grc' dir='ltr'>ὡς</span> <span class='ocrx_word' id='word_1_356' title='bbox 1050 2766 1170 2824; x_wconf 90' lang='grc' dir='ltr'>τοῖς</span> <span class='ocrx_word' id='word_1_357' title='bbox 1208 2762 1333 2837; x_wconf 84' lang='grc' dir='ltr'>περὶ</span> <span class='ocrx_word' id='word_1_358' title='bbox 1362 2762 1559 2816; x_wconf 83' lang='grc' dir='ltr'>τούτου</span> <span class='ocrx_word' id='word_1_359' title='bbox 1588 2755 1996 2837; x_wconf 83' lang='grc' dir='ltr'>κατεϐροντήθη</span> 
     </span>
    </p>
   </div>
   <div class='ocr_carea' id='block_1_39' title="bbox 2118 2755 3759 2842">
    <p class='ocr_par' dir='ltr' id='par_1_39' title="bbox 2179 2767 3759 2838">
     <span class='ocr_line' id='line_1_39' title="bbox 2179 2767 3759 2838; baseline 0.004 -17"><span class='ocrx_word' id='word_1_360' title='bbox 2179 2769 2298 2830; x_wconf 86' lang='lat' dir='ltr'><strong>Qua</strong></span> <span class='ocrx_word' id='word_1_361' title='bbox 2330 2767 2481 2823; x_wconf 82' lang='lat' dir='ltr'><strong>fama</strong></span> <span class='ocrx_word' id='word_1_362' title='bbox 2512 2770 2826 2837; x_wconf 86' lang='lat' dir='ltr'><strong>imperator</strong></span> <span class='ocrx_word' id='word_1_363' title='bbox 2864 2784 3008 2838; x_wconf 91' lang='lat' dir='ltr'><strong>pene</strong></span> <span class='ocrx_word' id='word_1_364' title='bbox 3031 2771 3317 2825; x_wconf 88' lang='lat' dir='ltr'><strong>attonitus</strong></span> <span class='ocrx_word' id='word_1_365' title='bbox 3363 2770 3759 2828; x_wconf 84' lang='lat' dir='ltr'><strong>Andronicum</strong></span> 
     </span>
    </p>
   </div>
   <div class='ocr_carea' id='block_1_40' title="bbox 352 2848 1996 2929">
    <p class='ocr_par' dir='ltr' id='par_1_40' title="bbox 352 2848 1996 2929">
     <span class='ocr_line' id='line_1_40' title="bbox 352 2848 1996 2929; baseline -0.005 -16"><span class='ocrx_word' id='word_1_366' title='bbox 352 2858 678 2928; x_wconf 79' lang='grc' dir='ltr'>ἀκούσμασι,</span> <span class='ocrx_word' id='word_1_367' title='bbox 741 2858 937 2929; x_wconf 88' lang='grc' dir='ltr'>μικροῦ</span> <span class='ocrx_word' id='word_1_368' title='bbox 1001 2852 1093 2907; x_wconf 84' lang='grc' dir='ltr'>καὶ</span> <span class='ocrx_word' id='word_1_369' title='bbox 1162 2851 1337 2915; x_wconf 83' lang='grc' dir='ltr'>ὲννεὸς</span> <span class='ocrx_word' id='word_1_370' title='bbox 1391 2851 1459 2920; x_wconf 86' lang='grc' dir='ltr'>ἧν</span> <span class='ocrx_word' id='word_1_371' title='bbox 1509 2851 1598 2905; x_wconf 87' lang='grc' dir='ltr'>καὶ</span> <span class='ocrx_word' id='word_1_372' title='bbox 1646 2851 1785 2925; x_wconf 90' lang='grc' dir='ltr'>πρὸς</span> <span class='ocrx_word' id='word_1_373' title='bbox 1830 2848 1996 2928; x_wconf 81' lang='grc' dir='ltr'>ἄμφω</span> 
     </span>
    </p>
   </div>
   <div class='ocr_carea' id='block_1_41' title="bbox 362 2938 1995 3019">
    <p class='ocr_par' dir='ltr' id='par_1_41' title="bbox 362 2938 1995 3019">
     <span class='ocr_line' id='line_1_41' title="bbox 362 2938 1995 3019; baseline -0.004 -20"><span class='ocrx_word' id='word_1_374' title='bbox 362 2946 671 3019; x_wconf 68' lang='grc' dir='ltr'>μεμέριστο·</span> <span class='ocrx_word' id='word_1_375' title='bbox 735 2945 819 2998; x_wconf 84' lang='grc' dir='ltr'>καὶ</span> <span class='ocrx_word' id='word_1_376' title='bbox 887 2943 961 3004; x_wconf 84' lang='grc' dir='ltr'>ὡς</span> <span class='ocrx_word' id='word_1_377' title='bbox 1030 2939 1234 3016; x_wconf 76' lang='grc' dir='ltr'>ἐρῶντα</span> <span class='ocrx_word' id='word_1_378' title='bbox 1308 2939 1410 3015; x_wconf 81' lang='grc' dir='ltr'>γὰρ</span> <span class='ocrx_word' id='word_1_379' title='bbox 1479 2938 1598 3015; x_wconf 81' lang='grc' dir='ltr'>ἔρον</span> <span class='ocrx_word' id='word_1_380' title='bbox 1676 2938 1995 3016; x_wconf 79' lang='grc' dir='ltr'>ἀξύμφυλον</span> 
     </span>
    </p>
   </div>
   <div class='ocr_carea' id='block_1_42' title="bbox 357 3026 1997 3110">
    <p class='ocr_par' dir='ltr' id='par_1_42' title="bbox 357 3026 1997 3110">
     <span class='ocr_line' id='line_1_42' title="bbox 357 3026 1997 3110; baseline -0.004 -21"><span class='ocrx_word' id='word_1_381' title='bbox 357 3034 447 3089; x_wconf 80' lang='grc' dir='ltr'>καὶ</span> <span class='ocrx_word' id='word_1_382' title='bbox 520 3036 1022 3110; x_wconf 82' lang='grc' dir='ltr'>ἀθεμιτογαμοῦντα</span> <span class='ocrx_word' id='word_1_383' title='bbox 1094 3027 1363 3105; x_wconf 70' lang='grc' dir='ltr'>ἤχθραινε</span> <span class='ocrx_word' id='word_1_384' title='bbox 1455 3029 1545 3084; x_wconf 86' lang='grc' dir='ltr'>τὸν</span> <span class='ocrx_word' id='word_1_385' title='bbox 1622 3026 1997 3103; x_wconf 77' lang='grc' dir='ltr'>’Δνδρόνικον,</span> 
     </span>
    </p>
   </div>
   <div class='ocr_carea' id='block_1_43' title="bbox 350 3114 1998 3193">
    <p class='ocr_par' dir='ltr' id='par_1_43' title="bbox 350 3114 1998 3193">
     <span class='ocr_line' id='line_1_43' title="bbox 350 3114 1998 3193; baseline -0.005 -14"><span class='ocrx_word' id='word_1_386' title='bbox 350 3124 440 3179; x_wconf 86' lang='grc' dir='ltr'>καί</span> <span class='ocrx_word' id='word_1_387' title='bbox 497 3123 571 3184; x_wconf 86' lang='grc' dir='ltr'>ὡς</span> <span class='ocrx_word' id='word_1_388' title='bbox 611 3123 769 3178; x_wconf 70' lang='grc' dir='ltr'>αὐτὸν</span> <span class='ocrx_word' id='word_1_389' title='bbox 835 3125 943 3176; x_wconf 80' lang='grc' dir='ltr'>τῶν</span> <span class='ocrx_word' id='word_1_390' title='bbox 1001 3120 1117 3174; x_wconf 91' lang='grc' dir='ltr'>κατ’</span> <span class='ocrx_word' id='word_1_391' title='bbox 1176 3117 1475 3193; x_wconf 81' lang='grc' dir='ltr'>’Λρμενίων</span> <span class='ocrx_word' id='word_1_392' title='bbox 1526 3114 1764 3172; x_wconf 78' lang='grc' dir='ltr'>ἐλπίδων</span> <span class='ocrx_word' id='word_1_393' title='bbox 1797 3117 1998 3191; x_wconf 78' lang='grc' dir='ltr'>ψευσά-</span> 
     </span>
    </p>
   </div>
   <div class='ocr_carea' id='block_1_44' title="bbox 345 3202 1997 3289">
    <p class='ocr_par' dir='ltr' id='par_1_44' title="bbox 345 3202 1997 3289">
     <span class='ocr_line' id='line_1_44' title="bbox 345 3202 1997 3289; baseline -0.004 -21"><span class='ocrx_word' id='word_1_394' title='bbox 345 3235 503 3289; x_wconf 83' lang='grc' dir='ltr'>μενον</span> <span class='ocrx_word' id='word_1_395' title='bbox 532 3209 828 3268; x_wconf 87' lang='grc' dir='ltr'>συλλαϐεῖν</span> <span class='ocrx_word' id='word_1_396' title='bbox 858 3210 1036 3281; x_wconf 81' lang='grc' dir='ltr'>ἐζήτει</span> <span class='ocrx_word' id='word_1_397' title='bbox 1081 3208 1170 3264; x_wconf 81' lang='grc' dir='ltr'>καὶ</span> <span class='ocrx_word' id='word_1_398' title='bbox 1233 3206 1384 3269; x_wconf 88' lang='grc' dir='ltr'>δίκας</span> <span class='ocrx_word' id='word_1_399' title='bbox 1442 3205 1494 3277; x_wconf 81' lang='grc' dir='ltr'>ἐξ</span> <span class='ocrx_word' id='word_1_400' title='bbox 1547 3205 1754 3262; x_wconf 85' lang='grc' dir='ltr'>ἐκείνου</span> <span class='ocrx_word' id='word_1_401' title='bbox 1787 3202 1997 3262; x_wconf 87' lang='grc' dir='ltr'>λαϐεῖν.</span> 
     </span>
    </p>
   </div>
   <div class='ocr_carea' id='block_1_45' title="bbox 342 3292 2003 3359">
    <p class='ocr_par' dir='ltr' id='par_1_45' title="bbox 342 3292 2003 3359">
     <span class='ocr_line' id='line_1_45' title="bbox 342 3292 2003 3359; baseline -0.006 0"><span class='ocrx_word' id='word_1_402' title='bbox 342 3301 575 3359; x_wconf 80' lang='grc' dir='ltr'>Στέλλει</span> <span class='ocrx_word' id='word_1_403' title='bbox 623 3300 812 3356; x_wconf 80' lang='grc' dir='ltr'>τοίνυν</span> <span class='ocrx_word' id='word_1_404' title='bbox 867 3300 961 3354; x_wconf 89' lang='grc' dir='ltr'>τὸν</span> <span class='ocrx_word' id='word_1_405' title='bbox 1019 3292 1274 3353; x_wconf 88' lang='grc' dir='ltr'>σεϐαστὸν</span> <span class='ocrx_word' id='word_1_406' title='bbox 1326 3299 1738 3352; x_wconf 84' lang='grc' dir='ltr'>Κωνσταντῖνον</span> <span class='ocrx_word' id='word_1_407' title='bbox 1767 3294 1858 3350; x_wconf 86' lang='grc' dir='ltr'>τὸν</span> <span class='ocrx_word' id='word_1_408' title='bbox 1887 3300 2003 3350; x_wconf 84' lang='grc' dir='ltr'>Κα-</span> 
     </span>
    </p>
   </div>
   <div class='ocr_carea' id='block_1_46' title="bbox 345 3383 1998 3466">
    <p class='ocr_par' dir='ltr' id='par_1_46' title="bbox 345 3383 1998 3466">
     <span class='ocr_line' id='line_1_46' title="bbox 345 3383 1998 3466; baseline -0.006 -18"><span class='ocrx_word' id='word_1_409' title='bbox 345 3392 613 3466; x_wconf 82' lang='grc' dir='ltr'>λαμᾶνον,</span> <span class='ocrx_word' id='word_1_410' title='bbox 670 3388 840 3464; x_wconf 75' lang='grc' dir='ltr'>ἄνδρα</span> <span class='ocrx_word' id='word_1_411' title='bbox 895 3387 986 3444; x_wconf 84' lang='grc' dir='ltr'>καὶ</span> <span class='ocrx_word' id='word_1_412' title='bbox 1064 3384 1282 3458; x_wconf 86' lang='grc' dir='ltr'>τόλμης</span> <span class='ocrx_word' id='word_1_413' title='bbox 1335 3383 1741 3459; x_wconf 73' lang='grc' dir='ltr'>λελογισμὲνης</span> <span class='ocrx_word' id='word_1_414' title='bbox 1804 3386 1998 3458; x_wconf 85' lang='grc' dir='ltr'>μεστὸν</span> 
     </span>
    </p>
   </div>
   <div class='ocr_carea' id='block_1_47' title="bbox 346 3473 1998 3557">
    <p class='ocr_par' dir='ltr' id='par_1_47' title="bbox 346 3473 1998 3557">
     <span class='ocr_line' id='line_1_47' title="bbox 346 3473 1998 3557; baseline -0.005 -21"><span class='ocrx_word' id='word_1_415' title='bbox 346 3483 433 3537; x_wconf 83' lang='grc' dir='ltr'>καὶ</span> <span class='ocrx_word' id='word_1_416' title='bbox 507 3483 571 3536; x_wconf 87' lang='grc' dir='ltr'>τὸ</span> <span class='ocrx_word' id='word_1_417' title='bbox 647 3483 893 3557; x_wconf 87' lang='grc' dir='ltr'>γενναῖον</span> <span class='ocrx_word' id='word_1_418' title='bbox 972 3477 1304 3550; x_wconf 78' lang='grc' dir='ltr'>εὐτυχοῦντα</span> <span class='ocrx_word' id='word_1_419' title='bbox 1376 3476 1664 3546; x_wconf 86' lang='grc' dir='ltr'>στάσιμον,</span> <span class='ocrx_word' id='word_1_420' title='bbox 1738 3473 1829 3528; x_wconf 80' lang='grc' dir='ltr'>καὶ</span> <span class='ocrx_word' id='word_1_421' title='bbox 1881 3479 1998 3535; x_wconf 86' lang='grc' dir='ltr'>τοῖς</span> 
     </span>
    </p>
   </div>
   <div class='ocr_carea' id='block_1_48' title="bbox 343 3561 2000 3644">
    <p class='ocr_par' dir='ltr' id='par_1_48' title="bbox 343 3561 2000 3644">
     <span class='ocr_line' id='line_1_48' title="bbox 343 3561 2000 3644; baseline -0.007 -17"><span class='ocrx_word' id='word_1_422' title='bbox 343 3572 460 3627; x_wconf 85' lang='grc' dir='ltr'>κατ’</span> <span class='ocrx_word' id='word_1_423' title='bbox 524 3569 815 3644; x_wconf 84' lang='grc' dir='ltr'>Ἀρμενίαν</span> <span class='ocrx_word' id='word_1_424' title='bbox 885 3567 977 3640; x_wconf 75' lang='grc' dir='ltr'>μὶν</span> <span class='ocrx_word' id='word_1_425' title='bbox 1043 3565 1470 3633; x_wconf 68' lang='grc' dir='ltr'>ἐπιστατήσοντα</span> <span class='ocrx_word' id='word_1_426' title='bbox 1533 3564 1843 3639; x_wconf 86' lang='grc' dir='ltr'>πράγμασι,</span> <span class='ocrx_word' id='word_1_427' title='bbox 1907 3561 2000 3617; x_wconf 81' lang='grc' dir='ltr'>καὶ</span> 
     </span>
    </p>
   </div>
   <div class='ocr_carea' id='block_1_49' title="bbox 340 3651 2004 3735">
    <p class='ocr_par' dir='ltr' id='par_1_49' title="bbox 340 3651 2004 3735">
     <span class='ocr_line' id='line_1_49' title="bbox 340 3651 2004 3735; baseline -0.007 -20"><span class='ocrx_word' id='word_1_428' title='bbox 340 3666 411 3735; x_wconf 76' lang='grc' dir='ltr'>τῇ</span> <span class='ocrx_word' id='word_1_429' title='bbox 444 3657 704 3730; x_wconf 79' lang='grc' dir='ltr'>Φιλίππᾳ</span> <span class='ocrx_word' id='word_1_430' title='bbox 733 3660 820 3730; x_wconf 88' lang='grc' dir='ltr'>[Ρ.</span> <span class='ocrx_word' id='word_1_431' title='bbox 854 3657 945 3728; x_wconf 84' lang='lat'>92]</span> <span class='ocrx_word' id='word_1_432' title='bbox 991 3652 1036 3708; x_wconf 87' lang='grc' dir='ltr'>δ’</span> <span class='ocrx_word' id='word_1_433' title='bbox 1094 3653 1246 3713; x_wconf 82' lang='grc' dir='ltr'>ὅπως</span> <span class='ocrx_word' id='word_1_434' title='bbox 1273 3651 1565 3726; x_wconf 83' lang='grc' dir='ltr'>συναφθείη</span> <span class='ocrx_word' id='word_1_435' title='bbox 1599 3652 2004 3726; x_wconf 84' lang='grc' dir='ltr'>πειραθησόμε-</span> 
     </span>
    </p>
   </div>
   <div class='ocr_carea' id='block_1_50' title="bbox 342 3737 2006 3819">
    <p class='ocr_par' dir='ltr' id='par_1_50' title="bbox 342 3737 2006 3819">
     <span class='ocr_line' id='line_1_50' title="bbox 342 3737 2006 3819; baseline -0.007 -16"><span class='ocrx_word' id='word_1_436' title='bbox 342 3770 455 3803; x_wconf 93' lang='grc' dir='ltr'>νον.</span> <span class='ocrx_word' id='word_1_437' title='bbox 488 3749 551 3805; x_wconf 88' lang='grc' dir='ltr'>Ὁ</span> <span class='ocrx_word' id='word_1_438' title='bbox 583 3744 642 3802; x_wconf 73' lang='grc' dir='ltr'>δὲ</span> <span class='ocrx_word' id='word_1_439' title='bbox 686 3748 753 3800; x_wconf 80' lang='grc' dir='ltr'>τὰ</span> <span class='ocrx_word' id='word_1_440' title='bbox 806 3746 900 3817; x_wconf 75' lang='grc' dir='ltr'>μὲν</span> <span class='ocrx_word' id='word_1_441' title='bbox 946 3747 1136 3819; x_wconf 79' lang='grc' dir='ltr'>πρῶτα</span> <span class='ocrx_word' id='word_1_442' title='bbox 1189 3740 1266 3803; x_wconf 83' lang='grc' dir='ltr'>εἰς</span> <span class='ocrx_word' id='word_1_443' title='bbox 1314 3741 1546 3816; x_wconf 75' lang='grc' dir='ltr'>νυμφίον</span> <span class='ocrx_word' id='word_1_444' title='bbox 1578 3740 1763 3795; x_wconf 72' lang='grc' dir='ltr'>ἑαυτὸν</span> <span class='ocrx_word' id='word_1_445' title='bbox 1799 3737 2006 3793; x_wconf 84' lang='grc' dir='ltr'>διευθε-</span> 
     </span>
    </p>
   </div>
   <div class='ocr_carea' id='block_1_51' title="bbox 343 3830 2003 3912">
    <p class='ocr_par' dir='ltr' id='par_1_51' title="bbox 343 3830 2003 3912">
     <span class='ocr_line' id='line_1_51' title="bbox 343 3830 2003 3912; baseline -0.008 -15"><span class='ocrx_word' id='word_1_446' title='bbox 343 3842 533 3912; x_wconf 75' lang='grc' dir='ltr'>τήσας,</span> <span class='ocrx_word' id='word_1_447' title='bbox 591 3840 680 3893; x_wconf 86' lang='grc' dir='ltr'>καὶ</span> <span class='ocrx_word' id='word_1_448' title='bbox 743 3834 1200 3911; x_wconf 79' lang='grc' dir='ltr'>λαμπρυνάμενος</span> <span class='ocrx_word' id='word_1_449' title='bbox 1257 3833 1331 3892; x_wconf 86' lang='grc' dir='ltr'>ὡς</span> <span class='ocrx_word' id='word_1_450' title='bbox 1385 3832 1529 3895; x_wconf 82' lang='grc' dir='ltr'>εἰκὸς</span> <span class='ocrx_word' id='word_1_451' title='bbox 1579 3831 1670 3886; x_wconf 86' lang='grc' dir='ltr'>καὶ</span> <span class='ocrx_word' id='word_1_452' title='bbox 1719 3831 1834 3885; x_wconf 86' lang='grc' dir='ltr'>καθ’</span> <span class='ocrx_word' id='word_1_453' title='bbox 1880 3830 2003 3884; x_wconf 77' lang='grc' dir='ltr'>ὅσον</span> 
     </span>
    </p>
   </div>
   <div class='ocr_carea' id='block_1_52' title="bbox 344 3919 2005 4006">
    <p class='ocr_par' dir='ltr' id='par_1_52' title="bbox 344 3919 2005 4006">
     <span class='ocr_line' id='line_1_52' title="bbox 344 3919 2005 4006; baseline -0.008 -20"><span class='ocrx_word' id='word_1_454' title='bbox 344 3928 466 4006; x_wconf 68' lang='grc' dir='ltr'>ᾔδει</span> <span class='ocrx_word' id='word_1_455' title='bbox 496 3931 611 4003; x_wconf 80' lang='grc'>(87)</span> <span class='ocrx_word' id='word_1_456' title='bbox 657 3928 757 3996; x_wconf 82' lang='grc' dir='ltr'>τὴν</span> <span class='ocrx_word' id='word_1_457' title='bbox 804 3923 1095 4000; x_wconf 75' lang='grc' dir='ltr'>ἄρωμένην</span> <span class='ocrx_word' id='word_1_458' title='bbox 1144 3919 1535 3997; x_wconf 74' lang='grc' dir='ltr'>ὑπαγαγέσθαι,</span> <span class='ocrx_word' id='word_1_459' title='bbox 1578 3921 1679 3989; x_wconf 76' lang='grc' dir='ltr'>τήν</span> <span class='ocrx_word' id='word_1_460' title='bbox 1711 3920 2005 3997; x_wconf 83' lang='grc' dir='ltr'>Ἀντιόχου</span> 
     </span>
    </p>
   </div>
   <div class='ocr_carea' id='block_1_53' title="bbox 355 4007 2008 4085">
    <p class='ocr_par' dir='ltr' id='par_1_53' title="bbox 355 4007 2008 4085">
     <span class='ocr_line' id='line_1_53' title="bbox 355 4007 2008 4085; baseline -0.008 -10"><span class='ocrx_word' id='word_1_461' title='bbox 355 4018 568 4075; x_wconf 77' lang='grc' dir='ltr'>εἴσεισι.</span> <span class='ocrx_word' id='word_1_462' title='bbox 600 4019 873 4073; x_wconf 83' lang='grc' dir='ltr'>Τοσοῦτον</span> <span class='ocrx_word' id='word_1_463' title='bbox 931 4010 990 4067; x_wconf 73' lang='grc' dir='ltr'>δὲ</span> <span class='ocrx_word' id='word_1_464' title='bbox 1038 4012 1342 4085; x_wconf 78' lang='grc' dir='ltr'>προσέσχεν</span> <span class='ocrx_word' id='word_1_465' title='bbox 1395 4009 1541 4081; x_wconf 78' lang='grc' dir='ltr'>αὐτῷ</span> <span class='ocrx_word' id='word_1_466' title='bbox 1601 4007 1877 4076; x_wconf 81' lang='grc' dir='ltr'>Φιλίππα,</span> <span class='ocrx_word' id='word_1_467' title='bbox 1918 4008 2008 4062; x_wconf 85' lang='grc' dir='ltr'>καὶ</span> 
     </span>
    </p>
   </div>
   <div class='ocr_carea' id='block_1_54' title="bbox 356 4096 2006 4179">
    <p class='ocr_par' dir='ltr' id='par_1_54' title="bbox 356 4096 2006 4179">
     <span class='ocr_line' id='line_1_54' title="bbox 356 4096 2006 4179; baseline -0.008 -13"><span class='ocrx_word' id='word_1_468' title='bbox 356 4111 530 4170; x_wconf 77' lang='grc' dir='ltr'>οὕτως</span> <span class='ocrx_word' id='word_1_469' title='bbox 580 4108 745 4177; x_wconf 81' lang='grc' dir='ltr'>αύτήν</span> <span class='ocrx_word' id='word_1_470' title='bbox 810 4109 907 4160; x_wconf 88' lang='grc' dir='ltr'>τοῦ</span> <span class='ocrx_word' id='word_1_471' title='bbox 969 4104 1238 4179; x_wconf 71' lang='grc' dir='ltr'>προτέρου</span> <span class='ocrx_word' id='word_1_472' title='bbox 1301 4100 1590 4173; x_wconf 72' lang='grc' dir='ltr'>μετέθηκεν</span> <span class='ocrx_word' id='word_1_473' title='bbox 1651 4096 1877 4173; x_wconf 76' lang='grc' dir='ltr'>ἔρωτος,</span> <span class='ocrx_word' id='word_1_474' title='bbox 1930 4099 2006 4162; x_wconf 84' lang='grc' dir='ltr'>ὡς</span> 
     </span>
    </p>
   </div>
   <div class='ocr_carea' id='block_1_55' title="bbox 357 4189 2007 4276">
    <p class='ocr_par' dir='ltr' id='par_1_55' title="bbox 357 4189 2007 4276">
     <span class='ocr_line' id='line_1_55' title="bbox 357 4189 2007 4276; baseline -0.008 -20"><span class='ocrx_word' id='word_1_475' title='bbox 357 4199 497 4276; x_wconf 74' lang='grc' dir='ltr'>μηδὲ</span> <span class='ocrx_word' id='word_1_476' title='bbox 557 4197 881 4273; x_wconf 76' lang='grc' dir='ltr'>βλέμματος</span> <span class='ocrx_word' id='word_1_477' title='bbox 934 4198 1065 4270; x_wconf 85' lang='grc' dir='ltr'>γοῦν</span> <span class='ocrx_word' id='word_1_478' title='bbox 1128 4189 1452 4266; x_wconf 88' lang='grc' dir='ltr'>μεταδρῦναι</span> <span class='ocrx_word' id='word_1_479' title='bbox 1510 4190 1545 4259; x_wconf 79' lang='grc' dir='ltr'><strong>ἢ</strong></span> <span class='ocrx_word' id='word_1_480' title='bbox 1615 4192 2007 4265; x_wconf 71' lang='grc' dir='ltr'>προσρήματος</span> 
     </span>
    </p>
   </div>
   <div class='ocr_carea' id='block_1_56' title="bbox 349 4277 2011 4361">
    <p class='ocr_par' dir='ltr' id='par_1_56' title="bbox 349 4277 2011 4361">
     <span class='ocr_line' id='line_1_56' title="bbox 349 4277 2011 4361; baseline -0.008 -16"><span class='ocrx_word' id='word_1_481' title='bbox 349 4292 573 4361; x_wconf 83' lang='grc' dir='ltr'>ἀξιῶσαι</span> <span class='ocrx_word' id='word_1_482' title='bbox 614 4290 704 4343; x_wconf 85' lang='grc' dir='ltr'>τὸν</span> <span class='ocrx_word' id='word_1_483' title='bbox 756 4284 1114 4359; x_wconf 79' lang='grc' dir='ltr'>Καλαμᾶνον,</span> <span class='ocrx_word' id='word_1_484' title='bbox 1160 4280 1374 4354; x_wconf 79' lang='grc' dir='ltr'>μᾶλλον</span> <span class='ocrx_word' id='word_1_485' title='bbox 1417 4281 1509 4353; x_wconf 80' lang='grc' dir='ltr'>μὲν</span> <span class='ocrx_word' id='word_1_486' title='bbox 1563 4277 1655 4334; x_wconf 68' lang='grc' dir='ltr'>οὖν</span> <span class='ocrx_word' id='word_1_487' title='bbox 1706 4281 1793 4333; x_wconf 85' lang='grc' dir='ltr'>καὶ</span> <span class='ocrx_word' id='word_1_488' title='bbox 1850 4300 2011 4354; x_wconf 86' lang='grc' dir='ltr'>προσ-</span> 
     </span>
    </p>
   </div>
   <div class='ocr_carea' id='block_1_57' title="bbox 354 4366 2011 4450">
    <p class='ocr_par' dir='ltr' id='par_1_57' title="bbox 354 4366 2011 4450">
     <span class='ocr_line' id='line_1_57' title="bbox 354 4366 2011 4450; baseline -0.007 -16"><span class='ocrx_word' id='word_1_489' title='bbox 354 4377 609 4434; x_wconf 81' lang='grc' dir='ltr'>ονειδίσαι</span> <span class='ocrx_word' id='word_1_490' title='bbox 638 4375 828 4450; x_wconf 79' lang='grc' dir='ltr'>τάνδρὶ</span> <span class='ocrx_word' id='word_1_491' title='bbox 857 4375 920 4429; x_wconf 85' lang='grc' dir='ltr'>τὸ</span> <span class='ocrx_word' id='word_1_492' title='bbox 971 4374 1069 4441; x_wconf 76' lang='grc' dir='ltr'>τῆς</span> <span class='ocrx_word' id='word_1_493' title='bbox 1126 4369 1349 4440; x_wconf 76' lang='grc' dir='ltr'>ἡλικίας</span> <span class='ocrx_word' id='word_1_494' title='bbox 1410 4366 1614 4446; x_wconf 78' lang='grc' dir='ltr'>βραχὺ,</span> <span class='ocrx_word' id='word_1_495' title='bbox 1644 4367 1733 4422; x_wconf 79' lang='grc' dir='ltr'>καὶ</span> <span class='ocrx_word' id='word_1_496' title='bbox 1765 4366 1817 4428; x_wconf 84' lang='grc' dir='ltr'>ἐς</span> <span class='ocrx_word' id='word_1_497' title='bbox 1849 4368 2011 4422; x_wconf 80' lang='grc' dir='ltr'>αὐτὸν</span> 
     </span>
    </p>
   </div>
   <div class='ocr_carea' id='block_1_58' title="bbox 358 4453 2012 4541">
    <p class='ocr_par' dir='ltr' id='par_1_58' title="bbox 358 4453 2012 4541">
     <span class='ocr_line' id='line_1_58' title="bbox 358 4453 2012 4541; baseline -0.01 -17"><span class='ocrx_word' id='word_1_498' title='bbox 358 4470 684 4541; x_wconf 78' lang='grc' dir='ltr'>ἀποσκῶψαι</span> <span class='ocrx_word' id='word_1_499' title='bbox 768 4466 859 4519; x_wconf 87' lang='grc' dir='ltr'>τὸν</span> <span class='ocrx_word' id='word_1_500' title='bbox 928 4459 1301 4535; x_wconf 73' lang='grc' dir='ltr'>αὐτοκράτορα</span> <span class='ocrx_word' id='word_1_501' title='bbox 1367 4456 1655 4524; x_wconf 76' lang='grc' dir='ltr'>Μανουήλ,</span> <span class='ocrx_word' id='word_1_502' title='bbox 1724 4455 1769 4510; x_wconf 75' lang='grc' dir='ltr'>εἰ</span> <span class='ocrx_word' id='word_1_503' title='bbox 1840 4453 2012 4517; x_wconf 69' lang='grc' dir='ltr'>οὕτως</span> 
     </span>
    </p>
   </div>
   <div class='ocr_carea' id='block_1_59' title="bbox 362 4543 2015 4630">
    <p class='ocr_par' dir='ltr' id='par_1_59' title="bbox 362 4543 2015 4630">
     <span class='ocr_line' id='line_1_59' title="bbox 362 4543 2015 4630; baseline -0.014 -19"><span class='ocrx_word' id='word_1_504' title='bbox 362 4558 587 4630; x_wconf 78' lang='grc' dir='ltr'>ἀμαΟῶς</span> <span class='ocrx_word' id='word_1_505' title='bbox 616 4555 708 4612; x_wconf 78' lang='grc' dir='ltr'>καὶ</span> <span class='ocrx_word' id='word_1_506' title='bbox 740 4554 953 4624; x_wconf 76' lang='grc' dir='ltr'>εὐήθως</span> <span class='ocrx_word' id='word_1_507' title='bbox 986 4549 1153 4616; x_wconf 75' lang='grc' dir='ltr'>αὐτὴν</span> <span class='ocrx_word' id='word_1_508' title='bbox 1189 4543 1335 4623; x_wconf 79' lang='grc' dir='ltr'>ἔχειν</span> <span class='ocrx_word' id='word_1_509' title='bbox 1378 4545 1534 4617; x_wconf 75' lang='grc' dir='ltr'>ᾠήθη</span> <span class='ocrx_word' id='word_1_510' title='bbox 1586 4544 1662 4608; x_wconf 84' lang='grc' dir='ltr'>ὡς</span> <span class='ocrx_word' id='word_1_511' title='bbox 1704 4545 2015 4615; x_wconf 70' lang='grc' dir='ltr'>ἀποστατή-</span> 
     </span>
    </p>
   </div>
   <div class='ocr_carea' id='block_1_60' title="bbox 359 4631 2013 4722">
    <p class='ocr_par' dir='ltr' id='par_1_60' title="bbox 359 4631 2013 4722">
     <span class='ocr_line' id='line_1_60' title="bbox 359 4631 2013 4722; baseline -0.01 -20"><span class='ocrx_word' id='word_1_512' title='bbox 359 4667 436 4701; x_wconf 87' lang='grc' dir='ltr'>σει</span> <span class='ocrx_word' id='word_1_513' title='bbox 493 4648 588 4722; x_wconf 80' lang='grc' dir='ltr'>μὲν</span> <span class='ocrx_word' id='word_1_514' title='bbox 648 4639 1007 4716; x_wconf 82' lang='grc' dir='ltr'>’Λνδρονίκου</span> <span class='ocrx_word' id='word_1_515' title='bbox 1064 4633 1199 4707; x_wconf 74' lang='grc' dir='ltr'>αὕτη</span> <span class='ocrx_word' id='word_1_516' title='bbox 1268 4638 1366 4690; x_wconf 84' lang='grc' dir='ltr'>τοῦ</span> <span class='ocrx_word' id='word_1_517' title='bbox 1423 4633 1719 4707; x_wconf 75' lang='grc' dir='ltr'>ἥρωος,οὗ</span> <span class='ocrx_word' id='word_1_518' title='bbox 1757 4634 1821 4687; x_wconf 86' lang='grc' dir='ltr'>τὸ</span> <span class='ocrx_word' id='word_1_519' title='bbox 1851 4631 2013 4695; x_wconf 73' lang='grc' dir='ltr'>κλέος</span> 
     </span>
    </p>
   </div>
   <div class='ocr_carea' id='block_1_61' title="bbox 358 4718 2014 4812">
    <p class='ocr_par' dir='ltr' id='par_1_61' title="bbox 358 4718 2014 4812">
     <span class='ocr_line' id='line_1_61' title="bbox 358 4718 2014 4812; baseline -0.011 -19"><span class='ocrx_word' id='word_1_520' title='bbox 358 4718 503 4812; x_wconf 64' lang='grc' dir='ltr'>(εὐρὺ⁷</span> <span class='ocrx_word' id='word_1_521' title='bbox 538 4736 630 4791; x_wconf 81' lang='grc' dir='ltr'>καὶ</span> <span class='ocrx_word' id='word_1_522' title='bbox 691 4734 753 4789; x_wconf 83' lang='grc' dir='ltr'>οὗ</span> <span class='ocrx_word' id='word_1_523' title='bbox 790 4732 855 4787; x_wconf 85' lang='grc' dir='ltr'>τὸ</span> <span class='ocrx_word' id='word_1_524' title='bbox 911 4727 1070 4803; x_wconf 71' lang='grc' dir='ltr'>γένος</span> <span class='ocrx_word' id='word_1_525' title='bbox 1127 4723 1294 4812; x_wconf 73' lang='grc' dir='ltr'>πολὺ,</span> <span class='ocrx_word' id='word_1_526' title='bbox 1355 4718 2014 4812; x_wconf 32' lang='grc' dir='ltr'>προσκολληθήσεται-δὲ</span> 
     </span>
    </p>
   </div>
   <div class='ocr_carea' id='block_1_62' title="bbox 353 4809 2010 4902">
    <p class='ocr_par' dir='ltr' id='par_1_62' title="bbox 353 4809 2010 4902">
     <span class='ocr_line' id='line_1_62' title="bbox 353 4809 2010 4902; baseline -0.011 -21"><span class='ocrx_word' id='word_1_527' title='bbox 353 4809 503 4902; x_wconf 77' lang='grc' dir='ltr'>ἀνδρὶ</span> <span class='ocrx_word' id='word_1_528' title='bbox 551 4828 609 4887; x_wconf 76' lang='grc' dir='ltr'>ὃς</span> <span class='ocrx_word' id='word_1_529' title='bbox 667 4824 731 4878; x_wconf 87' lang='grc' dir='ltr'>τὸ</span> <span class='ocrx_word' id='word_1_530' title='bbox 774 4819 925 4896; x_wconf 82' lang='grc' dir='ltr'>γένος</span> <span class='ocrx_word' id='word_1_531' title='bbox 978 4810 1387 4902; x_wconf 64' lang='grc' dir='ltr'>ἀπεσϐεσμένος</span> <span class='ocrx_word' id='word_1_532' title='bbox 1415 4812 1506 4866; x_wconf 86' lang='grc' dir='ltr'>καὶ</span> <span class='ocrx_word' id='word_1_533' title='bbox 1536 4811 1667 4902; x_wconf 76' lang='grc' dir='ltr'>χθὶς</span> <span class='ocrx_word' id='word_1_534' title='bbox 1698 4810 1786 4865; x_wconf 86' lang='grc' dir='ltr'>καὶ</span> <span class='ocrx_word' id='word_1_535' title='bbox 1817 4809 2010 4885; x_wconf 86' lang='grc' dir='ltr'>πρώην</span> 
     </span>
    </p>
   </div>
   <div class='ocr_carea' id='block_1_63' title="bbox 355 4900 2014 4982">
    <p class='ocr_par' dir='ltr' id='par_1_63' title="bbox 355 4900 2014 4982">
     <span class='ocr_line' id='line_1_63' title="bbox 355 4900 2014 4982; baseline -0.013 -11"><span class='ocrx_word' id='word_1_536' title='bbox 355 4915 397 4971; x_wconf 77' lang='grc' dir='ltr'>εἰ</span> <span class='ocrx_word' id='word_1_537' title='bbox 451 4900 594 4971; x_wconf 73' lang='grc' dir='ltr'>ἔστιν</span> <span class='ocrx_word' id='word_1_538' title='bbox 653 4913 803 4973; x_wconf 79' lang='grc' dir='ltr'>’ὀΑως</span> <span class='ocrx_word' id='word_1_539' title='bbox 864 4907 1204 4982; x_wconf 88' lang='grc' dir='ltr'>ἐγνώρισται.</span> <span class='ocrx_word' id='word_1_540' title='bbox 1248 4901 1397 4959; x_wconf 78' lang='grc' dir='ltr'>Ἐπεὶ</span> <span class='ocrx_word' id='word_1_541' title='bbox 1452 4904 1580 4974; x_wconf 79' lang='grc' dir='ltr'>γοῦν</span> <span class='ocrx_word' id='word_1_542' title='bbox 1638 4900 1666 4953; x_wconf 87' lang='grc' dir='ltr'>ὁ</span> <span class='ocrx_word' id='word_1_543' title='bbox 1733 4905 2014 4954; x_wconf 79' lang='grc' dir='ltr'>Κώνσταν-</span> 
     </span>
    </p>
   </div>
   <div class='ocr_carea' id='block_1_64' title="bbox 352 4988 2010 5073">
    <p class='ocr_par' dir='ltr' id='par_1_64' title="bbox 352 4988 2010 5073">
     <span class='ocr_line' id='line_1_64' title="bbox 352 4988 2010 5073; baseline -0.01 -13"><span class='ocrx_word' id='word_1_544' title='bbox 352 5010 496 5066; x_wconf 86' lang='grc' dir='ltr'>τῖνος</span> <span class='ocrx_word' id='word_1_545' title='bbox 526 5001 860 5073; x_wconf 80' lang='grc' dir='ltr'>ἀδοξοῦντας</span> <span class='ocrx_word' id='word_1_546' title='bbox 908 4995 1067 5051; x_wconf 80' lang='grc' dir='ltr'>αὐτὸν</span> <span class='ocrx_word' id='word_1_547' title='bbox 1099 4995 1211 5065; x_wconf 88' lang='grc'>(88)</span> <span class='ocrx_word' id='word_1_548' title='bbox 1245 4988 1387 5064; x_wconf 71' lang='grc' dir='ltr'>ἑώρα</span> <span class='ocrx_word' id='word_1_549' title='bbox 1443 4989 1571 5052; x_wconf 82' lang='grc' dir='ltr'>τοὺς</span> <span class='ocrx_word' id='word_1_550' title='bbox 1596 4991 1695 5053; x_wconf 83' lang='grc' dir='ltr'>τῆς</span> <span class='ocrx_word' id='word_1_551' title='bbox 1725 4989 2010 5052; x_wconf 78' lang='grc' dir='ltr'>Φιλίππας</span> 
     </span>
    </p>
   </div>
   <div class='ocr_carea' id='block_1_65' title="bbox 2110 2855 3767 2930">
    <p class='ocr_par' dir='ltr' id='par_1_65' title="bbox 2110 2855 3767 2930">
     <span class='ocr_line' id='line_1_65' title="bbox 2110 2855 3767 2930; baseline 0.004 -20"><span class='ocrx_word' id='word_1_552' title='bbox 2110 2855 2266 2911; x_wconf 73' lang='lat'>188</span> <span class='ocrx_word' id='word_1_553' title='bbox 2300 2861 2356 2911; x_wconf 89' lang='lat' dir='ltr'>et</span> <span class='ocrx_word' id='word_1_554' title='bbox 2388 2856 2460 2912; x_wconf 90' lang='lat' dir='ltr'><strong>ob</strong></span> <span class='ocrx_word' id='word_1_555' title='bbox 2491 2856 2745 2913; x_wconf 88' lang='lat' dir='ltr'><strong>incestos</strong></span> <span class='ocrx_word' id='word_1_556' title='bbox 2773 2873 2997 2913; x_wconf 84' lang='lat' dir='ltr'><strong>amores</strong></span> <span class='ocrx_word' id='word_1_557' title='bbox 3019 2859 3237 2924; x_wconf 84' lang='lat' dir='ltr'><strong>oderat,</strong></span> <span class='ocrx_word' id='word_1_558' title='bbox 3270 2867 3321 2913; x_wconf 89' lang='lat' dir='ltr'>et</span> <span class='ocrx_word' id='word_1_559' title='bbox 3354 2875 3454 2930; x_wconf 90' lang='lat' dir='ltr'>spe</span> <span class='ocrx_word' id='word_1_560' title='bbox 3482 2861 3767 2916; x_wconf 70' lang='lat' dir='ltr'><strong>Armenias</strong></span> 
     </span>
    </p>
   </div>
   <div class='ocr_carea' id='block_1_66' title="bbox 2108 2940 3768 3011">
    <p class='ocr_par' dir='ltr' id='par_1_66' title="bbox 2108 2940 3768 3011">
     <span class='ocr_line' id='line_1_66' title="bbox 2108 2940 3768 3011; baseline 0.004 -19"><span class='ocrx_word' id='word_1_561' title='bbox 2108 2940 2521 3008; x_wconf 68' lang='lat' dir='ltr'><strong>recuperandae</strong></span> <span class='ocrx_word' id='word_1_562' title='bbox 2554 2940 2862 2995; x_wconf 82' lang='lat' dir='ltr'><strong>frustratus</strong></span> <span class='ocrx_word' id='word_1_563' title='bbox 2914 2940 3396 3011; x_wconf 88' lang='lat' dir='ltr'><strong>comprehensum</strong></span> <span class='ocrx_word' id='word_1_564' title='bbox 3430 2943 3677 3000; x_wconf 83' lang='lat' dir='ltr'><strong>multare</strong></span> <span class='ocrx_word' id='word_1_565' title='bbox 3706 2944 3768 2999; x_wconf 90' lang='lat' dir='ltr'>in</span> 
     </span>
    </p>
   </div>
   <div class='ocr_carea' id='block_1_67' title="bbox 2110 3027 3772 3100">
    <p class='ocr_par' dir='ltr' id='par_1_67' title="bbox 2110 3027 3772 3100">
     <span class='ocr_line' id='line_1_67' title="bbox 2110 3027 3772 3100; baseline 0.004 -19"><span class='ocrx_word' id='word_1_566' title='bbox 2110 3027 2307 3082; x_wconf 87' lang='lat' dir='ltr'><strong>animo</strong></span> <span class='ocrx_word' id='word_1_567' title='bbox 2339 3027 2601 3083; x_wconf 80' lang='lat' dir='ltr'>habebat.</span> <span class='ocrx_word' id='word_1_568' title='bbox 2654 3028 2828 3084; x_wconf 85' lang='lat' dir='ltr'><strong>Mittit</strong></span> <span class='ocrx_word' id='word_1_569' title='bbox 2854 3029 3032 3100; x_wconf 86' lang='lat' dir='ltr'><strong>igitur</strong></span> <span class='ocrx_word' id='word_1_570' title='bbox 3087 3030 3412 3100; x_wconf 85' lang='lat' dir='ltr'><strong>Augustum</strong></span> <span class='ocrx_word' id='word_1_571' title='bbox 3441 3034 3772 3089; x_wconf 86' lang='lat' dir='ltr'><strong>Constanti-</strong></span> 
     </span>
    </p>
   </div>
   <div class='ocr_carea' id='block_1_68' title="bbox 2110 3116 3771 3191">
    <p class='ocr_par' dir='ltr' id='par_1_68' title="bbox 2110 3116 3771 3191">
     <span class='ocr_line' id='line_1_68' title="bbox 2110 3116 3771 3191; baseline 0.002 -18"><span class='ocrx_word' id='word_1_572' title='bbox 2110 3133 2246 3173; x_wconf 89' lang='lat' dir='ltr'>num</span> <span class='ocrx_word' id='word_1_573' title='bbox 2290 3116 2695 3185; x_wconf 88' lang='lat' dir='ltr'><strong>Calamanum,</strong></span> <span class='ocrx_word' id='word_1_574' title='bbox 2729 3118 2916 3173; x_wconf 85' lang='lat' dir='ltr'><strong>virum</strong></span> <span class='ocrx_word' id='word_1_575' title='bbox 2971 3119 3298 3188; x_wconf 86' lang='lat' dir='ltr'><strong>cordatum,</strong></span> <span class='ocrx_word' id='word_1_576' title='bbox 3333 3122 3771 3191; x_wconf 67' lang='lat' dir='ltr'><strong>magnanimum</strong></span> 
     </span>
    </p>
   </div>
   <div class='ocr_carea' id='block_1_69' title="bbox 2111 3206 3771 3279">
    <p class='ocr_par' dir='ltr' id='par_1_69' title="bbox 2111 3206 3771 3279">
     <span class='ocr_line' id='line_1_69' title="bbox 2111 3206 3771 3279; baseline 0.002 -17"><span class='ocrx_word' id='word_1_577' title='bbox 2111 3211 2167 3262; x_wconf 85' lang='lat' dir='ltr'>et</span> <span class='ocrx_word' id='word_1_578' title='bbox 2197 3209 2582 3273; x_wconf 85' lang='lat' dir='ltr'><strong>constantem,</strong></span> <span class='ocrx_word' id='word_1_579' title='bbox 2636 3206 2733 3277; x_wconf 90' lang='lat' dir='ltr'>qui</span> <span class='ocrx_word' id='word_1_580' title='bbox 2763 3210 2820 3263; x_wconf 88' lang='lat' dir='ltr'>et</span> <span class='ocrx_word' id='word_1_581' title='bbox 2870 3207 3157 3264; x_wconf 68' lang='lat' dir='ltr'><strong>Armeniae</strong></span> <span class='ocrx_word' id='word_1_582' title='bbox 3199 3213 3468 3279; x_wconf 66' lang='lat' dir='ltr'><strong>prmesset</strong></span> <span class='ocrx_word' id='word_1_583' title='bbox 3522 3212 3579 3265; x_wconf 86' lang='lat' dir='ltr'>et</span> <span class='ocrx_word' id='word_1_584' title='bbox 3624 3210 3771 3266; x_wconf 88' lang='lat' dir='ltr'><strong>Phi-</strong></span> 
     </span>
    </p>
   </div>
   <div class='ocr_carea' id='block_1_70' title="bbox 2110 3295 3771 3371">
    <p class='ocr_par' dir='ltr' id='par_1_70' title="bbox 2110 3295 3771 3371">
     <span class='ocr_line' id='line_1_70' title="bbox 2110 3295 3771 3371; baseline 0.005 -22"><span class='ocrx_word' id='word_1_585' title='bbox 2110 3295 2350 3366; x_wconf 88' lang='lat' dir='ltr'><strong>lippam,</strong></span> <span class='ocrx_word' id='word_1_586' title='bbox 2406 3296 2456 3351; x_wconf 91' lang='lat' dir='ltr'>si</span> <span class='ocrx_word' id='word_1_587' title='bbox 2485 3300 2699 3368; x_wconf 83' lang='lat' dir='ltr'><strong>posset,</strong></span> <span class='ocrx_word' id='word_1_588' title='bbox 2733 3298 2985 3353; x_wconf 86' lang='lat' dir='ltr'><strong>duceret.</strong></span> <span class='ocrx_word' id='word_1_589' title='bbox 3019 3298 3071 3353; x_wconf 85' lang='lat' dir='ltr'><strong>Is</strong></span> <span class='ocrx_word' id='word_1_590' title='bbox 3104 3297 3389 3369; x_wconf 89' lang='lat' dir='ltr'><strong>principio</strong></span> <span class='ocrx_word' id='word_1_591' title='bbox 3440 3299 3641 3371; x_wconf 83' lang='lat' dir='ltr'><strong>sponsi</strong></span> <span class='ocrx_word' id='word_1_592' title='bbox 3672 3315 3771 3357; x_wconf 88' lang='lat' dir='ltr'><strong>or-</strong></span> 
     </span>
    </p>
   </div>
   <div class='ocr_carea' id='block_1_71' title="bbox 2110 3386 3772 3457">
    <p class='ocr_par' dir='ltr' id='par_1_71' title="bbox 2110 3386 3772 3457">
     <span class='ocr_line' id='line_1_71' title="bbox 2110 3386 3772 3457; baseline 0.002 -16"><span class='ocrx_word' id='word_1_593' title='bbox 2110 3389 2249 3441; x_wconf 87' lang='lat' dir='ltr'><strong>natu</strong></span> <span class='ocrx_word' id='word_1_594' title='bbox 2298 3390 2550 3456; x_wconf 87' lang='lat' dir='ltr'><strong>sumpto,</strong></span> <span class='ocrx_word' id='word_1_595' title='bbox 2602 3386 2798 3457; x_wconf 82' lang='lat' dir='ltr'><strong>itaque</strong></span> <span class='ocrx_word' id='word_1_596' title='bbox 2830 3390 3067 3457; x_wconf 86' lang='lat' dir='ltr'><strong>paratus</strong></span> <span class='ocrx_word' id='word_1_597' title='bbox 3122 3392 3186 3442; x_wconf 90' lang='lat' dir='ltr'>ut</span> <span class='ocrx_word' id='word_1_598' title='bbox 3232 3389 3557 3444; x_wconf 86' lang='lat' dir='ltr'><strong>adamatam</strong></span> <span class='ocrx_word' id='word_1_599' title='bbox 3590 3388 3649 3444; x_wconf 89' lang='lat' dir='ltr'>in</span> <span class='ocrx_word' id='word_1_600' title='bbox 3680 3390 3772 3445; x_wconf 83' lang='lat' dir='ltr'>sui</span> 
     </span>
    </p>
   </div>
   <div class='ocr_carea' id='block_1_72' title="bbox 2113 3475 3776 3550">
    <p class='ocr_par' dir='ltr' id='par_1_72' title="bbox 2113 3475 3776 3550">
     <span class='ocr_line' id='line_1_72' title="bbox 2113 3475 3776 3550; baseline 0.004 -20"><span class='ocrx_word' id='word_1_601' title='bbox 2113 3492 2369 3531; x_wconf 90' lang='lat' dir='ltr'><strong>amorem</strong></span> <span class='ocrx_word' id='word_1_602' title='bbox 2437 3475 2751 3547; x_wconf 87' lang='lat' dir='ltr'><strong>pelliceret,</strong></span> <span class='ocrx_word' id='word_1_603' title='bbox 2809 3477 3183 3534; x_wconf 84' lang='lat' dir='ltr'><strong>Antiochiam</strong></span> <span class='ocrx_word' id='word_1_604' title='bbox 3231 3478 3570 3550; x_wconf 81' lang='lat' dir='ltr'><strong>ingreditur.</strong></span> <span class='ocrx_word' id='word_1_605' title='bbox 3624 3481 3776 3536; x_wconf 86' lang='lat' dir='ltr'><strong>Tan-</strong></span> 
     </span>
    </p>
   </div>
   <div class='ocr_carea' id='block_1_73' title="bbox 2112 3566 3769 3638">
    <p class='ocr_par' dir='ltr' id='par_1_73' title="bbox 2112 3566 3769 3638">
     <span class='ocr_line' id='line_1_73' title="bbox 2112 3566 3769 3638; baseline 0.004 -19"><span class='ocrx_word' id='word_1_606' title='bbox 2112 3571 2236 3620; x_wconf 88' lang='lat' dir='ltr'>tum</span> <span class='ocrx_word' id='word_1_607' title='bbox 2270 3573 2459 3620; x_wconf 89' lang='lat' dir='ltr'><strong>autem</strong></span> <span class='ocrx_word' id='word_1_608' title='bbox 2492 3566 2677 3620; x_wconf 80' lang='lat' dir='ltr'><strong>abfuit</strong></span> <span class='ocrx_word' id='word_1_609' title='bbox 2708 3570 2773 3620; x_wconf 89' lang='lat' dir='ltr'>ut</span> <span class='ocrx_word' id='word_1_610' title='bbox 2812 3566 3081 3638; x_wconf 88' lang='lat' dir='ltr'><strong>Philippa</strong></span> <span class='ocrx_word' id='word_1_611' title='bbox 3119 3566 3190 3622; x_wconf 91' lang='lat' dir='ltr'>ah</span> <span class='ocrx_word' id='word_1_612' title='bbox 3222 3567 3538 3624; x_wconf 89' lang='lat' dir='ltr'><strong>Andronici</strong></span> <span class='ocrx_word' id='word_1_613' title='bbox 3571 3584 3769 3626; x_wconf 88' lang='lat' dir='ltr'><strong>amore</strong></span> 
     </span>
    </p>
   </div>
   <div class='ocr_carea' id='block_1_74' title="bbox 2115 3652 3775 3726">
    <p class='ocr_par' dir='ltr' id='par_1_74' title="bbox 2115 3652 3775 3726">
     <span class='ocr_line' id='line_1_74' title="bbox 2115 3652 3775 3726; baseline 0.002 -18"><span class='ocrx_word' id='word_1_614' title='bbox 2115 3652 2479 3723; x_wconf 82' lang='lat' dir='ltr'><strong>avelleretur,</strong></span> <span class='ocrx_word' id='word_1_615' title='bbox 2513 3659 2574 3708; x_wconf 86' lang='lat' dir='ltr'>ut</span> <span class='ocrx_word' id='word_1_616' title='bbox 2616 3653 2990 3709; x_wconf 87' lang='lat' dir='ltr'><strong>Calamanum</strong></span> <span class='ocrx_word' id='word_1_617' title='bbox 3025 3671 3129 3711; x_wconf 87' lang='lat' dir='ltr'>nec</span> <span class='ocrx_word' id='word_1_618' title='bbox 3180 3660 3417 3726; x_wconf 87' lang='lat' dir='ltr'><strong>aspectu</strong></span> <span class='ocrx_word' id='word_1_619' title='bbox 3455 3670 3560 3711; x_wconf 91' lang='lat' dir='ltr'>nec</span> <span class='ocrx_word' id='word_1_620' title='bbox 3594 3655 3775 3713; x_wconf 92' lang='lat' dir='ltr'><strong>collo-</strong></span> 
     </span>
    </p>
   </div>
   <div class='ocr_carea' id='block_1_75' title="bbox 2116 3742 3770 3814">
    <p class='ocr_par' dir='ltr' id='par_1_75' title="bbox 2116 3742 3770 3814">
     <span class='ocr_line' id='line_1_75' title="bbox 2116 3742 3770 3814; baseline 0.002 -19"><span class='ocrx_word' id='word_1_621' title='bbox 2116 3742 2252 3811; x_wconf 90' lang='lat' dir='ltr'><strong>quio</strong></span> <span class='ocrx_word' id='word_1_622' title='bbox 2285 3742 2640 3811; x_wconf 82' lang='lat' dir='ltr'><strong>dignaretur,</strong></span> <span class='ocrx_word' id='word_1_623' title='bbox 2676 3756 2743 3796; x_wconf 90' lang='lat' dir='ltr'>ac</span> <span class='ocrx_word' id='word_1_624' title='bbox 2774 3742 2964 3813; x_wconf 89' lang='lat' dir='ltr'><strong>potius</strong></span> <span class='ocrx_word' id='word_1_625' title='bbox 3005 3742 3344 3797; x_wconf 85' lang='lat' dir='ltr'><strong>brevitatem</strong></span> <span class='ocrx_word' id='word_1_626' title='bbox 3379 3748 3613 3798; x_wconf 75' lang='lat' dir='ltr'><strong>staturae</strong></span> <span class='ocrx_word' id='word_1_627' title='bbox 3645 3743 3770 3814; x_wconf 85' lang='lat' dir='ltr'><strong>ejus</strong></span> 
     </span>
    </p>
   </div>
   <div class='ocr_carea' id='block_1_76' title="bbox 2115 3829 3768 3902">
    <p class='ocr_par' dir='ltr' id='par_1_76' title="bbox 2115 3829 3768 3902">
     <span class='ocr_line' id='line_1_76' title="bbox 2115 3829 3768 3902; baseline 0.002 -18"><span class='ocrx_word' id='word_1_628' title='bbox 2115 3829 2380 3886; x_wconf 88' lang='lat' dir='ltr'><strong>irrideret</strong></span> <span class='ocrx_word' id='word_1_629' title='bbox 2412 3848 2426 3899; x_wconf 91' lang='lat'><strong>;</strong></span> <span class='ocrx_word' id='word_1_630' title='bbox 2468 3836 2641 3902; x_wconf 91' lang='lat' dir='ltr'><strong>atque</strong></span> <span class='ocrx_word' id='word_1_631' title='bbox 2669 3830 2864 3902; x_wconf 86' lang='lat' dir='ltr'><strong>ipsum</strong></span> <span class='ocrx_word' id='word_1_632' title='bbox 2898 3830 3310 3902; x_wconf 85' lang='lat' dir='ltr'><strong>imperatorem</strong></span> <span class='ocrx_word' id='word_1_633' title='bbox 3362 3832 3768 3897; x_wconf 86' lang='lat' dir='ltr'><strong>insectaretur,</strong></span> 
     </span>
    </p>
   </div>
   <div class='ocr_carea' id='block_1_77' title="bbox 2117 3920 3772 3991">
    <p class='ocr_par' dir='ltr' id='par_1_77' title="bbox 2117 3920 3772 3991">
     <span class='ocr_line' id='line_1_77' title="bbox 2117 3920 3772 3991; baseline 0.002 -18"><span class='ocrx_word' id='word_1_634' title='bbox 2117 3920 2213 3989; x_wconf 86' lang='lat' dir='ltr'>qui</span> <span class='ocrx_word' id='word_1_635' title='bbox 2272 3920 2466 3991; x_wconf 90' lang='lat' dir='ltr'><strong>inepte</strong></span> <span class='ocrx_word' id='word_1_636' title='bbox 2497 3926 2720 3989; x_wconf 84' lang='lat' dir='ltr'><strong>putaret</strong></span> <span class='ocrx_word' id='word_1_637' title='bbox 2757 3920 2967 3991; x_wconf 86' lang='lat' dir='ltr'><strong>ipsam,</strong></span> <span class='ocrx_word' id='word_1_638' title='bbox 3017 3921 3288 3990; x_wconf 89' lang='lat' dir='ltr'><strong>despecto</strong></span> <span class='ocrx_word' id='word_1_639' title='bbox 3328 3920 3543 3990; x_wconf 79' lang='lat' dir='ltr'><strong>inclyto</strong></span> <span class='ocrx_word' id='word_1_640' title='bbox 3576 3925 3635 3977; x_wconf 88' lang='lat' dir='ltr'>et</span> <span class='ocrx_word' id='word_1_641' title='bbox 3665 3937 3772 3977; x_wconf 88' lang='lat' dir='ltr'>n0-</span> 
     </span>
    </p>
   </div>
   <div class='ocr_carea' id='block_1_78' title="bbox 2118 4007 3775 4081">
    <p class='ocr_par' dir='ltr' id='par_1_78' title="bbox 2118 4007 3775 4081">
     <span class='ocr_line' id='line_1_78' title="bbox 2118 4007 3775 4081; baseline 0.002 -19"><span class='ocrx_word' id='word_1_642' title='bbox 2118 4007 2405 4064; x_wconf 86' lang='lat' dir='ltr'><strong>hilissimo</strong></span> <span class='ocrx_word' id='word_1_643' title='bbox 2461 4008 2633 4065; x_wconf 87' lang='lat' dir='ltr'><strong>heroe</strong></span> <span class='ocrx_word' id='word_1_644' title='bbox 2683 4009 3025 4078; x_wconf 84' lang='lat' dir='ltr'><strong>Andronico,</strong></span> <span class='ocrx_word' id='word_1_645' title='bbox 3066 4009 3116 4063; x_wconf 87' lang='lat' dir='ltr'>ei</span> <span class='ocrx_word' id='word_1_646' title='bbox 3164 4014 3474 4080; x_wconf 89' lang='lat' dir='ltr'><strong>nupturam</strong></span> <span class='ocrx_word' id='word_1_647' title='bbox 3521 4011 3618 4081; x_wconf 87' lang='lat' dir='ltr'>qui</span> <span class='ocrx_word' id='word_1_648' title='bbox 3673 4011 3775 4066; x_wconf 91' lang='lat' dir='ltr'><strong>oh-</strong></span> 
     </span>
    </p>
   </div>
   <div class='ocr_carea' id='block_1_79' title="bbox 2119 4096 3778 4170">
    <p class='ocr_par' dir='ltr' id='par_1_79' title="bbox 2119 4096 3778 4170">
     <span class='ocr_line' id='line_1_79' title="bbox 2119 4096 3778 4170; baseline 0.002 -19"><span class='ocrx_word' id='word_1_649' title='bbox 2119 4113 2292 4153; x_wconf 89' lang='lat' dir='ltr'><strong>scura</strong></span> <span class='ocrx_word' id='word_1_650' title='bbox 2322 4096 2544 4152; x_wconf 83' lang='lat' dir='ltr'><strong>familia</strong></span> <span class='ocrx_word' id='word_1_651' title='bbox 2574 4105 2736 4152; x_wconf 85' lang='lat' dir='ltr'><strong>ortus</strong></span> <span class='ocrx_word' id='word_1_652' title='bbox 2761 4114 2945 4169; x_wconf 88' lang='lat' dir='ltr'><strong>nuper</strong></span> <span class='ocrx_word' id='word_1_653' title='bbox 2983 4098 3297 4153; x_wconf 91' lang='lat' dir='ltr'><strong>admodum</strong></span> <span class='ocrx_word' id='word_1_654' title='bbox 3330 4099 3491 4155; x_wconf 90' lang='lat' dir='ltr'><strong>nosci</strong></span> <span class='ocrx_word' id='word_1_655' title='bbox 3520 4099 3778 4170; x_wconf 65' lang='lat' dir='ltr'><strong>eruperit.</strong></span> 
     </span>
    </p>
   </div>
   <div class='ocr_carea' id='block_1_80' title="bbox 2120 4185 3781 4259">
    <p class='ocr_par' dir='ltr' id='par_1_80' title="bbox 2120 4185 3781 4259">
     <span class='ocr_line' id='line_1_80' title="bbox 2120 4185 3781 4259; baseline 0.001 -17"><span class='ocrx_word' id='word_1_656' title='bbox 2120 4190 2241 4242; x_wconf 82' lang='lat' dir='ltr'>Hoc</span> <span class='ocrx_word' id='word_1_657' title='bbox 2272 4186 2358 4242; x_wconf 92' lang='lat' dir='ltr'>sui</span> <span class='ocrx_word' id='word_1_658' title='bbox 2402 4191 2742 4256; x_wconf 88' lang='lat' dir='ltr'><strong>contemptu</strong></span> <span class='ocrx_word' id='word_1_659' title='bbox 2800 4192 2858 4241; x_wconf 91' lang='lat' dir='ltr'>et</span> <span class='ocrx_word' id='word_1_660' title='bbox 2906 4202 3103 4242; x_wconf 90' lang='lat' dir='ltr'><strong>amore</strong></span> <span class='ocrx_word' id='word_1_661' title='bbox 3152 4185 3430 4259; x_wconf 65' lang='lat' dir='ltr'><strong>Philippa:</strong></span> <span class='ocrx_word' id='word_1_662' title='bbox 3480 4204 3614 4258; x_wconf 76' lang='lat' dir='ltr'><strong>erga</strong></span> <span class='ocrx_word' id='word_1_663' title='bbox 3662 4195 3781 4245; x_wconf 81' lang='lat' dir='ltr'>An-</span> 
     </span>
    </p>
   </div>
   <div class='ocr_carea' id='block_1_81' title="bbox 2123 4276 3779 4348">
    <p class='ocr_par' dir='ltr' id='par_1_81' title="bbox 2123 4276 3779 4348">
     <span class='ocr_line' id='line_1_81' title="bbox 2123 4276 3779 4348; baseline 0.002 -17"><span class='ocrx_word' id='word_1_664' title='bbox 2123 4276 2430 4331; x_wconf 89' lang='lat' dir='ltr'><strong>dronicum</strong></span> <span class='ocrx_word' id='word_1_665' title='bbox 2461 4276 2690 4346; x_wconf 77' lang='lat' dir='ltr'><strong>cognito</strong></span> <span class='ocrx_word' id='word_1_666' title='bbox 2721 4276 2967 4331; x_wconf 88' lang='lat' dir='ltr'><strong>Tarsum</strong></span> <span class='ocrx_word' id='word_1_667' title='bbox 3016 4276 3264 4333; x_wconf 88' lang='lat' dir='ltr'><strong>discedit</strong></span> <span class='ocrx_word' id='word_1_668' title='bbox 3296 4293 3311 4345; x_wconf 90' lang='lat'><strong>;</strong></span> <span class='ocrx_word' id='word_1_669' title='bbox 3344 4278 3779 4348; x_wconf 89' lang='lat' dir='ltr'><strong>oommissoque</strong></span> 
     </span>
    </p>
   </div>
   <div class='ocr_carea' id='block_1_82' title="bbox 2124 4363 3778 4438">
    <p class='ocr_par' dir='ltr' id='par_1_82' title="bbox 2124 4363 3778 4438">
     <span class='ocr_line' id='line_1_82' title="bbox 2124 4363 3778 4438; baseline 0.001 -19"><span class='ocrx_word' id='word_1_670' title='bbox 2124 4381 2254 4419; x_wconf 90' lang='lat' dir='ltr'>cum</span> <span class='ocrx_word' id='word_1_671' title='bbox 2288 4365 2577 4421; x_wconf 89' lang='lat' dir='ltr'><strong>Armeniis</strong></span> <span class='ocrx_word' id='word_1_672' title='bbox 2608 4363 2802 4435; x_wconf 70' lang='lat' dir='ltr'><strong>praalio</strong></span> <span class='ocrx_word' id='word_1_673' title='bbox 2832 4366 3020 4420; x_wconf 86' lang='lat' dir='ltr'><strong>victus</strong></span> <span class='ocrx_word' id='word_1_674' title='bbox 3051 4372 3104 4420; x_wconf 91' lang='lat' dir='ltr'>et</span> <span class='ocrx_word' id='word_1_675' title='bbox 3143 4374 3343 4437; x_wconf 89' lang='lat' dir='ltr'><strong>captus</strong></span> <span class='ocrx_word' id='word_1_676' title='bbox 3373 4382 3579 4438; x_wconf 89' lang='lat' dir='ltr'><strong>magna</strong></span> <span class='ocrx_word' id='word_1_677' title='bbox 3602 4383 3778 4436; x_wconf 86' lang='lat' dir='ltr'><strong>pecu-</strong></span> 
     </span>
    </p>
   </div>
   <div class='ocr_carea' id='block_1_83' title="bbox 2125 4453 3778 4525">
    <p class='ocr_par' dir='ltr' id='par_1_83' title="bbox 2125 4453 3778 4525">
     <span class='ocr_line' id='line_1_83' title="bbox 2125 4453 3778 4525; baseline 0.001 -18"><span class='ocrx_word' id='word_1_678' title='bbox 2125 4454 2217 4508; x_wconf 85' lang='lat' dir='ltr'>nia</span> <span class='ocrx_word' id='word_1_679' title='bbox 2240 4454 2675 4525; x_wconf 88' lang='lat' dir='ltr'><strong>ahimperatore</strong></span> <span class='ocrx_word' id='word_1_680' title='bbox 2693 4453 3385 4510; x_wconf 84' lang='lat' dir='ltr'><strong>redimitur.Andronicus</strong></span> <span class='ocrx_word' id='word_1_681' title='bbox 3408 4458 3599 4508; x_wconf 84' lang='lat' dir='ltr'><strong>autem</strong></span> <span class='ocrx_word' id='word_1_682' title='bbox 3623 4456 3659 4507; x_wconf 79' lang='lat' dir='ltr'><strong>I</strong></span> <span class='ocrx_word' id='word_1_683' title='bbox 3675 4454 3778 4509; x_wconf 73' lang='lat'>84</span> 
     </span>
    </p>
   </div>
   <div class='ocr_carea' id='block_1_84' title="bbox 2126 4541 3778 4613">
    <p class='ocr_par' dir='ltr' id='par_1_84' title="bbox 2126 4541 3778 4613">
     <span class='ocr_line' id='line_1_84' title="bbox 2126 4541 3778 4613; baseline 0.001 -15"><span class='ocrx_word' id='word_1_684' title='bbox 2126 4542 2407 4599; x_wconf 85' lang='lat' dir='ltr'><strong>Manuelis</strong></span> <span class='ocrx_word' id='word_1_685' title='bbox 2459 4544 2644 4598; x_wconf 89' lang='lat' dir='ltr'><strong>minas</strong></span> <span class='ocrx_word' id='word_1_686' title='bbox 2676 4546 2916 4611; x_wconf 85' lang='lat' dir='ltr'><strong>veritus,</strong></span> <span class='ocrx_word' id='word_1_687' title='bbox 2948 4559 3015 4597; x_wconf 88' lang='lat' dir='ltr'>ac</span> <span class='ocrx_word' id='word_1_688' title='bbox 3077 4546 3345 4597; x_wconf 88' lang='lat' dir='ltr'><strong>metuens</strong></span> <span class='ocrx_word' id='word_1_689' title='bbox 3377 4558 3450 4597; x_wconf 91' lang='lat' dir='ltr'>ne</span> <span class='ocrx_word' id='word_1_690' title='bbox 3490 4541 3778 4613; x_wconf 63' lang='lat' dir='ltr'><strong>Philippa</strong></span> 
     </span>
    </p>
   </div>
   <div class='ocr_carea' id='block_1_85' title="bbox 2125 4630 3777 4702">
    <p class='ocr_par' dir='ltr' id='par_1_85' title="bbox 2125 4630 3777 4702">
     <span class='ocr_line' id='line_1_85' title="bbox 2125 4630 3777 4702; baseline 0 -15"><span class='ocrx_word' id='word_1_691' title='bbox 2125 4648 2380 4687; x_wconf 88' lang='lat' dir='ltr'><strong>amorem</strong></span> <span class='ocrx_word' id='word_1_692' title='bbox 2439 4632 2681 4702; x_wconf 83' lang='lat' dir='ltr'><strong>pristino</strong></span> <span class='ocrx_word' id='word_1_693' title='bbox 2738 4647 2961 4687; x_wconf 87' lang='lat' dir='ltr'><strong>carcere</strong></span> <span class='ocrx_word' id='word_1_694' title='bbox 3020 4636 3079 4687; x_wconf 89' lang='lat' dir='ltr'>et</span> <span class='ocrx_word' id='word_1_695' title='bbox 3150 4630 3442 4686; x_wconf 90' lang='lat' dir='ltr'><strong>diuturnis</strong></span> <span class='ocrx_word' id='word_1_696' title='bbox 3498 4632 3777 4687; x_wconf 66' lang='lat' dir='ltr'><strong>aerumnis</strong></span> 
     </span>
    </p>
   </div>
   <div class='ocr_carea' id='block_1_86' title="bbox 2124 4718 3780 4792">
    <p class='ocr_par' dir='ltr' id='par_1_86' title="bbox 2124 4718 3780 4792">
     <span class='ocr_line' id='line_1_86' title="bbox 2124 4718 3780 4792; baseline -0.001 -16"><span class='ocrx_word' id='word_1_697' title='bbox 2124 4725 2531 4787; x_wconf 89' lang='lat' dir='ltr'><strong>commutaret,</strong></span> <span class='ocrx_word' id='word_1_698' title='bbox 2607 4720 3007 4792; x_wconf 84' lang='lat' dir='ltr'><strong>Hierosolyma</strong></span> <span class='ocrx_word' id='word_1_699' title='bbox 3064 4736 3267 4775; x_wconf 79' lang='lat' dir='ltr'><strong>versus</strong></span> <span class='ocrx_word' id='word_1_700' title='bbox 3323 4718 3435 4774; x_wconf 88' lang='lat' dir='ltr'><strong>iter</strong></span> <span class='ocrx_word' id='word_1_701' title='bbox 3503 4719 3780 4787; x_wconf 88' lang='lat' dir='ltr'><strong>intendit,</strong></span> 
     </span>
    </p>
   </div>
   <div class='ocr_carea' id='block_1_87' title="bbox 2123 4806 3782 4880">
    <p class='ocr_par' dir='ltr' id='par_1_87' title="bbox 2123 4806 3782 4880">
     <span class='ocr_line' id='line_1_87' title="bbox 2123 4806 3782 4880; baseline 0.001 -17"><span class='ocrx_word' id='word_1_702' title='bbox 2123 4809 2260 4880; x_wconf 83' lang='lat' dir='ltr'><strong>fuga</strong></span> <span class='ocrx_word' id='word_1_703' title='bbox 2289 4809 2359 4864; x_wconf 89' lang='lat' dir='ltr'>de</span> <span class='ocrx_word' id='word_1_704' title='bbox 2390 4825 2548 4865; x_wconf 91' lang='lat' dir='ltr'><strong>more</strong></span> <span class='ocrx_word' id='word_1_705' title='bbox 2566 4812 2797 4879; x_wconf 82' lang='lat' dir='ltr'><strong>arrepta</strong></span> <span class='ocrx_word' id='word_1_706' title='bbox 2831 4827 2844 4876; x_wconf 92' lang='lat'><strong>;</strong></span> <span class='ocrx_word' id='word_1_707' title='bbox 2873 4814 2931 4864; x_wconf 90' lang='lat' dir='ltr'>et</span> <span class='ocrx_word' id='word_1_708' title='bbox 2962 4813 3026 4863; x_wconf 90' lang='lat' dir='ltr'>ut</span> <span class='ocrx_word' id='word_1_709' title='bbox 3055 4808 3228 4864; x_wconf 89' lang='lat' dir='ltr'><strong>homo</strong></span> <span class='ocrx_word' id='word_1_710' title='bbox 3251 4806 3782 4877; x_wconf 86' lang='lat' dir='ltr'><strong>luxuriosissimus,</strong></span> 
     </span>
    </p>
   </div>
   <div class='ocr_carea' id='block_1_88' title="bbox 2121 4896 3776 4964">
    <p class='ocr_par' dir='ltr' id='par_1_88' title="bbox 2121 4896 3776 4964">
     <span class='ocr_line' id='line_1_88' title="bbox 2121 4896 3776 4964; baseline 0.001 -10"><span class='ocrx_word' id='word_1_711' title='bbox 2121 4898 2479 4954; x_wconf 88' lang='lat' dir='ltr'><strong>Theodoram</strong></span> <span class='ocrx_word' id='word_1_712' title='bbox 2510 4898 2712 4954; x_wconf 84' lang='lat' dir='ltr'><strong>lsaacii</strong></span> <span class='ocrx_word' id='word_1_713' title='bbox 2760 4898 3247 4954; x_wconf 83' lang='lat' dir='ltr'><strong>sebastocratoris</strong></span> <span class='ocrx_word' id='word_1_714' title='bbox 3280 4896 3459 4952; x_wconf 81' lang='lat' dir='ltr'><strong>filiam</strong></span> <span class='ocrx_word' id='word_1_715' title='bbox 3508 4897 3776 4964; x_wconf 86' lang='lat' dir='ltr'><strong>incestat,</strong></span> 
     </span>
    </p>
   </div>
   <div class='ocr_carea' id='block_1_89' title="bbox 2122 4988 3777 5062">
    <p class='ocr_par' dir='ltr' id='par_1_89' title="bbox 2122 4988 3777 5062">
     <span class='ocr_line' id='line_1_89' title="bbox 2122 4988 3777 5062; baseline 0 -18"><span class='ocrx_word' id='word_1_716' title='bbox 2122 4988 2391 5047; x_wconf 73' lang='lat' dir='ltr'><strong>Bulduini</strong></span> <span class='ocrx_word' id='word_1_717' title='bbox 2439 4989 2659 5059; x_wconf 78' lang='lat' dir='ltr'><strong>Franci,</strong></span> <span class='ocrx_word' id='word_1_718' title='bbox 2692 4988 2792 5060; x_wconf 87' lang='lat' dir='ltr'>qui</span> <span class='ocrx_word' id='word_1_719' title='bbox 2848 4989 2955 5044; x_wconf 89' lang='lat' dir='ltr'><strong>toti</strong></span> <span class='ocrx_word' id='word_1_720' title='bbox 3016 4988 3335 5045; x_wconf 65' lang='lat' dir='ltr'><strong>Palaestinae</strong></span> <span class='ocrx_word' id='word_1_721' title='bbox 3366 5004 3552 5061; x_wconf 88' lang='lat' dir='ltr'><strong>nuper</strong></span> <span class='ocrx_word' id='word_1_722' title='bbox 3598 4989 3777 5062; x_wconf 88' lang='lat' dir='ltr'><strong>impe,</strong></span> 
     </span>
    </p>
   </div>
   <div class='ocr_carea' id='block_1_90' title="bbox 1749 5162 2383 5226">
    <p class='ocr_par' dir='ltr' id='par_1_90' title="bbox 1749 5162 2383 5226">
     <span class='ocr_line' id='line_1_90' title="bbox 1749 5162 2383 5226; baseline 0 -3"><span class='ocrx_word' id='word_1_723' title='bbox 1749 5163 1917 5224; x_wconf 86' lang='lat' dir='ltr'><strong>Hier.</strong></span> <span class='ocrx_word' id='word_1_724' title='bbox 1954 5162 2161 5225; x_wconf 81' lang='lat' dir='ltr'><strong>Wolﬁi</strong></span> <span class='ocrx_word' id='word_1_725' title='bbox 2195 5170 2383 5226; x_wconf 74' lang='lat' dir='ltr'><strong>notae.</strong></span> 
     </span>
    </p>
   </div>
   <div class='ocr_carea' id='block_1_91' title="bbox 349 5340 2016 5429">
    <p class='ocr_par' dir='ltr' id='par_1_91' title="bbox 349 5340 2016 5429">
     <span class='ocr_line' id='line_1_91' title="bbox 349 5340 2016 5429; baseline -0.013 -10"><span class='ocrx_word' id='word_1_726' title='bbox 349 5364 542 5419; x_wconf 65' lang='lat' dir='ltr'><strong>luxata</strong></span> <span class='ocrx_word' id='word_1_727' title='bbox 570 5359 761 5417; x_wconf 79' lang='lat' dir='ltr'><strong>vultus</strong></span> <span class='ocrx_word' id='word_1_728' title='bbox 815 5351 1108 5429; x_wconf 55' lang='lat' dir='ltr'><strong>torvitate,</strong></span> <span class='ocrx_word' id='word_1_729' title='bbox 1125 5349 1393 5429; x_wconf 63' lang='lat' dir='ltr'><strong>perpetua</strong></span> <span class='ocrx_word' id='word_1_730' title='bbox 1420 5340 1714 5429; x_wconf 61' lang='lat' dir='ltr'><strong>severitate</strong></span> <span class='ocrx_word' id='word_1_731' title='bbox 1749 5343 2016 5429; x_wconf 37' lang='lat' dir='ltr'><strong>remissa,</strong></span> 
     </span>
    </p>
   </div>
   <div class='ocr_carea' id='block_1_92' title="bbox 349 5414 2019 5504">
    <p class='ocr_par' dir='ltr' id='par_1_92' title="bbox 349 5414 2019 5504">
     <span class='ocr_line' id='line_1_92' title="bbox 349 5414 2019 5504; baseline -0.014 -14"><span class='ocrx_word' id='word_1_732' title='bbox 349 5414 623 5504; x_wconf 47' lang='lat' dir='ltr'><strong>aiéiikaie</strong></span> <span class='ocrx_word' id='word_1_733' title='bbox 651 5441 876 5504; x_wconf 58' lang='lat' dir='ltr'><strong>morum</strong></span> <span class='ocrx_word' id='word_1_734' title='bbox 924 5430 978 5476; x_wconf 76' lang='lat' dir='ltr'>et</span> <span class='ocrx_word' id='word_1_735' title='bbox 1007 5414 2019 5504; x_wconf 9' lang='lat' dir='ltr'><strong>solli&#39;citudiuersepos‘ttu,abiectaque</strong></span> 
     </span>
    </p>
   </div>
   <div class='ocr_carea' id='block_1_93' title="bbox 346 5489 2017 5579">
    <p class='ocr_par' dir='ltr' id='par_1_93' title="bbox 346 5489 2017 5579">
     <span class='ocr_line' id='line_1_93' title="bbox 346 5489 2017 5579; baseline 0 0"><span class='ocrx_word' id='word_1_736' title='bbox 346 5489 685 5579; x_wconf 69' lang='grc' dir='ltr'>ἷαρὲνείιίο-</span> <span class='ocrx_word' id='word_1_737' title='bbox 760 5497 1025 5579; x_wconf 64' lang='grc' dir='ltr'>σειενυῑῐι</span> <span class='ocrx_word' id='word_1_738' title='bbox 1081 5491 1211 5579; x_wconf 59' lang='lat' dir='ltr'>“la.</span> <span class='ocrx_word' id='word_1_739' title='bbox 1248 5503 1476 5579; x_wconf 62' lang='lat' dir='ltr'>E’i‘iffl‘.’</span> <span class='ocrx_word' id='word_1_740' title='bbox 1502 5489 2017 5579; x_wconf 64' lang='lat' dir='ltr'>-fﬁl’f“-£°l&#39;i}£9.§9</span> 
     </span>
    </p>
   </div>
   <div class='ocr_carea' id='block_1_94' title="bbox 347 5555 2016 5643">
    <p class='ocr_par' dir='ltr' id='par_1_94' title="bbox 347 5555 2016 5643">
     <span class='ocr_line' id='line_1_94' title="bbox 347 5555 2016 5643; baseline -0.014 -6"><span class='ocrx_word' id='word_1_741' title='bbox 347 5555 620 5641; x_wconf 48' lang='lat'>$25133;</span> <span class='ocrx_word' id='word_1_742' title='bbox 635 5555 849 5643; x_wconf 26' lang='lat' dir='ltr'>“algae</span> <span class='ocrx_word' id='word_1_743' title='bbox 904 5562 1107 5620; x_wconf 63' lang='lat' dir='ltr'><strong>adium</strong></span> <span class='ocrx_word' id='word_1_744' title='bbox 1162 5564 1211 5617; x_wconf 83' lang='lat' dir='ltr'>et</span> <span class='ocrx_word' id='word_1_745' title='bbox 1248 5555 1450 5632; x_wconf 69' lang='lat' dir='ltr'><strong>patriae</strong></span> <span class='ocrx_word' id='word_1_746' title='bbox 1495 5555 1668 5613; x_wconf 81' lang='lat' dir='ltr'><strong>oblita</strong></span> <span class='ocrx_word' id='word_1_747' title='bbox 1717 5555 2016 5614; x_wconf 66' lang='lat' dir='ltr'><strong>amatorem</strong></span> 
     </span>
    </p>
   </div>
   <div class='ocr_carea' id='block_1_95' title="bbox 346 5649 2016 5795">
    <p class='ocr_par' dir='ltr' id='par_1_95' title="bbox 346 5649 2016 5795">
     <span class='ocr_line' id='line_1_95' title="bbox 346 5649 2016 5795; baseline -0.017 -8"><span class='ocrx_word' id='word_1_748' title='bbox 346 5655 536 5795; x_wconf 56' lang='grc' dir='ltr'>’θῖἕέῗ</span> <span class='ocrx_word' id='word_1_749' title='bbox 569 5649 724 5778; x_wconf 41' lang='grc' dir='ltr'>εἰᾶθ’</span> <span class='ocrx_word' id='word_1_750' title='bbox 758 5708 889 5763; x_wconf 75' lang='grc' dir='ltr'>ὅσον</span> <span class='ocrx_word' id='word_1_751' title='bbox 939 5701 1085 5778; x_wconf 74' lang='grc' dir='ltr'>ᾔδει,</span> <span class='ocrx_word' id='word_1_752' title='bbox 1127 5718 1229 5775; x_wconf 86' lang='lat' dir='ltr'>pro</span> <span class='ocrx_word' id='word_1_753' title='bbox 1279 5701 1532 5774; x_wconf 83' lang='lat' dir='ltr'><strong>jamjam,</strong></span> <span class='ocrx_word' id='word_1_754' title='bbox 1583 5698 1733 5756; x_wconf 88' lang='lat' dir='ltr'><strong>haud</strong></span> <span class='ocrx_word' id='word_1_755' title='bbox 1792 5700 1908 5758; x_wconf 90' lang='lat' dir='ltr'><strong>scio</strong></span> <span class='ocrx_word' id='word_1_756' title='bbox 1941 5717 2016 5758; x_wconf 83' lang='lat' dir='ltr'>an</span> 
     </span>
    </p>
   </div>
   <div class='ocr_carea' id='block_1_96' title="bbox 2125 5338 3783 5419">
    <p class='ocr_par' dir='ltr' id='par_1_96' title="bbox 2125 5338 3783 5419">
     <span class='ocr_line' id='line_1_96' title="bbox 2125 5338 3783 5419; baseline -0.002 -18"><span class='ocrx_word' id='word_1_757' title='bbox 2125 5346 2405 5419; x_wconf 78' lang='lat' dir='ltr'><strong>usitatum</strong></span> <span class='ocrx_word' id='word_1_758' title='bbox 2430 5343 2544 5419; x_wconf 85' lang='lat' dir='ltr'><strong>_8il.</strong></span> <span class='ocrx_word' id='word_1_759' title='bbox 2578 5338 2786 5419; x_wconf 49' lang='lat' dir='ltr'>Sij’ﬁu</span> <span class='ocrx_word' id='word_1_760' title='bbox 2817 5349 2915 5401; x_wconf 82' lang='lat' dir='ltr'>aut</span> <span class='ocrx_word' id='word_1_761' title='bbox 2935 5341 3042 5414; x_wconf 71' lang='grc' dir='ltr'>ἢδη</span> <span class='ocrx_word' id='word_1_762' title='bbox 3079 5343 3223 5419; x_wconf 82' lang='grc' dir='ltr'>παρᾶ</span> <span class='ocrx_word' id='word_1_763' title='bbox 3264 5344 3327 5398; x_wconf 88' lang='grc' dir='ltr'>τὸ</span> <span class='ocrx_word' id='word_1_764' title='bbox 3371 5341 3564 5419; x_wconf 70' lang='grc' dir='ltr'>εἰδέναι</span> <span class='ocrx_word' id='word_1_765' title='bbox 3598 5343 3783 5413; x_wconf 77' lang='lat' dir='ltr'><strong>legas-</strong></span> 
     </span>
    </p>
   </div>
   <div class='ocr_carea' id='block_1_97' title="bbox 2128 5415 3707 5485">
    <p class='ocr_par' dir='ltr' id='par_1_97' title="bbox 2128 5415 3707 5485">
     <span class='ocr_line' id='line_1_97' title="bbox 2128 5415 3707 5485; baseline -0.001 -15"><span class='ocrx_word' id='word_1_766' title='bbox 2128 5433 2198 5471; x_wconf 91' lang='lat' dir='ltr'>ne</span> <span class='ocrx_word' id='word_1_767' title='bbox 2230 5417 2313 5471; x_wconf 86' lang='lat' dir='ltr'>sic</span> <span class='ocrx_word' id='word_1_768' title='bbox 2346 5415 2576 5485; x_wconf 74' lang='lat' dir='ltr'><strong>quidem</strong></span> <span class='ocrx_word' id='word_1_769' title='bbox 2610 5415 2793 5485; x_wconf 85' lang='lat' dir='ltr'><strong>placet</strong></span> <span class='ocrx_word' id='word_1_770' title='bbox 2827 5415 3167 5485; x_wconf 57' lang='lat' dir='ltr'><strong>;judicium&#39;</strong></span> <span class='ocrx_word' id='word_1_771' title='bbox 3195 5417 3393 5474; x_wconf 85' lang='lat' dir='ltr'><strong>lectori</strong></span> <span class='ocrx_word' id='word_1_772' title='bbox 3422 5415 3707 5483; x_wconf 83' lang='lat' dir='ltr'><strong>relinquo.</strong></span> 
     </span>
    </p>
   </div>
   <div class='ocr_carea' id='block_1_98' title="bbox 2198 5481 3780 5563">
    <p class='ocr_par' dir='ltr' id='par_1_98' title="bbox 2198 5481 3780 5563">
     <span class='ocr_line' id='line_1_98' title="bbox 2198 5481 3780 5563; baseline -0.003 -23"><span class='ocrx_word' id='word_1_773' title='bbox 2364 5481 2725 5563; x_wconf 50' lang='lat' dir='ltr'>:’A605_069ta¢</span> <span class='ocrx_word' id='word_1_774' title='bbox 2779 5481 2986 5563; x_wconf 68' lang='grc' dir='ltr'>αὐτόν.</span> <span class='ocrx_word' id='word_1_775' title='bbox 3058 5488 3245 5563; x_wconf 74' lang='lat' dir='ltr'><strong>verba</strong></span> <span class='ocrx_word' id='word_1_776' title='bbox 3317 5488 3401 5542; x_wconf 81' lang='lat' dir='ltr'>sic</span> <span class='ocrx_word' id='word_1_777' title='bbox 3486 5481 3780 5563; x_wconf 29' lang='lat' dir='ltr'><strong>son—ant}</strong></span> 
     </span>
    </p>
   </div>
   <div class='ocr_carea' id='block_1_99' title="bbox 2127 5553 3778 5628">
    <p class='ocr_par' dir='ltr' id='par_1_99' title="bbox 2127 5553 3778 5628">
     <span class='ocr_line' id='line_1_99' title="bbox 2127 5553 3778 5628; baseline -0.005 -14"><span class='ocrx_word' id='word_1_778' title='bbox 2127 5553 2263 5614; x_wconf 73' lang='lat' dir='ltr'><strong>cum</strong></span> <span class='ocrx_word' id='word_1_779' title='bbox 2289 5553 2470 5625; x_wconf 73' lang='lat' dir='ltr'><strong>igitur</strong></span> <span class='ocrx_word' id='word_1_780' title='bbox 2502 5553 2894 5615; x_wconf 64' lang='lat' dir='ltr'><strong>Constantinus</strong></span> <span class='ocrx_word' id='word_1_781' title='bbox 2922 5578 2978 5615; x_wconf 80' lang='lat' dir='ltr'>se</span> <span class='ocrx_word' id='word_1_782' title='bbox 3007 5577 3041 5614; x_wconf 88' lang='lat' dir='ltr'><strong><em>a</em></strong></span> <span class='ocrx_word' id='word_1_783' title='bbox 3067 5560 3338 5628; x_wconf 70' lang='lat' dir='ltr'><strong>Philippa:</strong></span> <span class='ocrx_word' id='word_1_784' title='bbox 3367 5554 3653 5628; x_wconf 76' lang='lat' dir='ltr'><strong>amoribus</strong></span> <span class='ocrx_word' id='word_1_785' title='bbox 3676 5553 3778 5628; x_wconf 37' lang='grc' dir='ltr'>,ἀθ-</span> 
     </span>
    </p>
   </div>
   <div class='ocr_carea' id='block_1_100' title="bbox 2123 5622 3775 5702">
    <p class='ocr_par' dir='ltr' id='par_1_100' title="bbox 2123 5622 3775 5702">
     <span class='ocr_line' id='line_1_100' title="bbox 2123 5622 3775 5702; baseline -0.004 -19"><span class='ocrx_word' id='word_1_786' title='bbox 2123 5632 2264 5700; x_wconf 69' lang='lat' dir='ltr'><strong>spici</strong></span> <span class='ocrx_word' id='word_1_787' title='bbox 2289 5622 2555 5702; x_wconf 64' lang='lat' dir='ltr'><strong>cerneret,</strong></span> <span class='ocrx_word' id='word_1_788' title='bbox 2600 5633 2694 5702; x_wconf 82' lang='lat' dir='ltr'>qui</span> <span class='ocrx_word' id='word_1_789' title='bbox 2723 5630 2839 5686; x_wconf 79' lang='lat' dir='ltr'><strong>alas</strong></span> <span class='ocrx_word' id='word_1_790' title='bbox 2869 5633 2940 5687; x_wconf 87' lang='lat' dir='ltr'>ad</span> <span class='ocrx_word' id='word_1_791' title='bbox 2969 5632 3146 5687; x_wconf 77' lang='lat' dir='ltr'><strong>alium</strong></span> <span class='ocrx_word' id='word_1_792' title='bbox 3192 5622 3459 5685; x_wconf 74' lang='lat' dir='ltr'><strong>librarent</strong></span> <span class='ocrx_word' id='word_1_793' title='bbox 3487 5635 3541 5681; x_wconf 73' lang='lat' dir='ltr'>et</span> <span class='ocrx_word' id='word_1_794' title='bbox 3568 5622 3775 5679; x_wconf 84' lang='lat' dir='ltr'><strong>Andro-</strong></span> 
     </span>
    </p>
   </div>
   <div class='ocr_carea' id='block_1_101' title="bbox 2124 5701 3521 5774">
    <p class='ocr_par' dir='ltr' id='par_1_101' title="bbox 2124 5701 3521 5774">
     <span class='ocr_line' id='line_1_101' title="bbox 2124 5701 3521 5774; baseline -0.005 -17"><span class='ocrx_word' id='word_1_795' title='bbox 2124 5701 2312 5759; x_wconf 82' lang='lat' dir='ltr'><strong>nicum</strong></span> <span class='ocrx_word' id='word_1_796' title='bbox 2340 5701 2510 5759; x_wconf 75' lang='lat' dir='ltr'><strong>malis</strong></span> <span class='ocrx_word' id='word_1_797' title='bbox 2531 5701 2789 5773; x_wconf 71' lang='lat' dir='ltr'><strong>peterent</strong></span> <span class='ocrx_word' id='word_1_798' title='bbox 2812 5704 2967 5774; x_wconf 80' lang='lat' dir='ltr'><strong>eique</strong></span> <span class='ocrx_word' id='word_1_799' title='bbox 3009 5705 3157 5773; x_wconf 74' lang='lat' dir='ltr'><strong>faces</strong></span> <span class='ocrx_word' id='word_1_800' title='bbox 3178 5703 3521 5772; x_wconf 54' lang='lat' dir='ltr'><strong>pre/errent.</strong></span> 
     </span>
    </p>
   </div>
  </div>
