4140 6290
373 357 493 422 483

1693 349 2016 415 NlCET/E
2055 345 2494 412 CHONIATE

3683 347 3799 409 484

377 499 552 563 rarat,
583 491 837 548 viduam.
890 489 1080 546 Altera
1130 487 1236 544 hac
1283 487 1452 560 plaga
1505 489 1745 560 accepta
1803 481 2034 544 Manuel

2146 480 2346 555 ἔρωτας
2401 474 2641 555 καὶπρὸς
2703 475 2878 534 ἄλλον
2935 473 3168 538 λύοντας
3219 473 3282 530 τὸ
3338 475 3560 550 πτερὸν,
3619 487 3802 550 pulto-

385 581 530 638 nibil
563 597 680 638 non
729 578 982 648 molitur,
1023 594 1138 650 quo
1194 577 1592 634 Andronicum
1625 577 1686 634 in
1734 591 1901 632 suam
1931 590 2033 646 po.

382 675 644 728 lcstatem
701 669 966 740 redigat;
1018 668 1308 738 missaque
1339 666 1412 722 ad
1466 665 1786 739 Coelesyriaa
1847 670 2040 737 t0par-

379 761 515 816 cllas
546 774 723 814 aurea
755 755 918 814 Bulla
950 755 1194 811 mandat
1225 761 1284 810 ut
1309 755 1706 811 Andronicum
1739 753 2038 808 hominem

373 847 717 904 seditiosum
756 853 925 916 atque
956 844 1238 900 incestum
1279 844 1512 916 capiant
1541 852 1592 899 et
1627 843 1754 899 visu
1789 843 2035 912 privent.

375 943 456 992 Ac
517 935 842 992 luminibus
920 934 1156 990 orbatus
1225 939 1323 989 aut
1375 933 1544 1004 plane
1603 931 1832 989 occisus
1884 934 2041 986 esset

385 1026 770 1092 Andronicus,
803 1023 856 1082 si
913 1041 992 1080 eas
1025 1023 1228 1080 litteras
1261 1025 1332 1078 ad
1389 1040 1596 1078 manus
1625 1022 1874 1078 aliorum
1906 1037 2037 1092 per-

376 1116 686 1172 venissent.
747 1114 916 1172 Nunc
945 1118 1060 1169 Deo
1093 1113 1258 1168 illum
1291 1113 1361 1167 ad
1391 1112 1548 1168 diem
1598 1110 1841 1166 ultionis
1871 1113 2040 1180 atque

379 1204 452 1261 ad
482 1219 549 1259 ea
600 1201 756 1258 mala
785 1201 1166 1273 perpetranda
1201 1208 1253 1256 et
1315 1199 1662 1271 perferenda
1708 1201 2040 1255 reservante

381 1311 507 1366 quae
541 1291 844 1364 tyrannide
874 1291 946 1346 ab
979 1305 1044 1347 eo
1073 1292 1355 1360 occupata
1385 1289 1749 1358 acciderunt,
1773 1303 1850 1343 ea:
1881 1285 2040 1343 litte-

385 1399 458 1438 ra:
489 1381 800 1438 Theodorus
842 1380 1185 1435 redduntur.
1218 1377 1436 1444 Quibus
1493 1377 1642 1435 185
1701 1393 1765 1433 ea
1795 1376 1960 1433 lectis
1988 1383 2044 1432 et

381 1467 613 1523 insidiis
643 1465 893 1538 cognitis
924 1465 1182 1520 chartam
1234 1464 1570 1520 Andronico
1607 1463 1909 1528 tradit.Qui
1942 1461 2037 1518 ubi

383 1555 794 1612 animadvertit
827 1551 906 1610 ibi
957 1569 1076 1610 non
1124 1552 1462 1609 haerendum
1506 1568 1632 1609 esse
1687 1551 1910 1607 diutius
1937 1549 2039 1606 sed

387 1660 629 1716 pr0pere
677 1642 1118 1708 discedendum,
1150 1641 1382 1697 territus
1432 1641 1628 1712 fugam
1662 1641 1905 1696 adornat
1936 1657 1951 1708 ;
1983 1643 2042 1695 et

385 1733 746 1789 Theodoram
782 1731 984 1786 fraude
1015 1729 1408 1800 pellectam,ut
1437 1747 1499 1786 se
1533 1747 1647 1786 non
1679 1729 1846 1801 longe
1870 1727 2041 1786 comi‘

383 1826 618 1890 teretur,
653 1837 748 1876 seu
781 1820 1070 1876 volentem
1111 1836 1214 1876 seu
1265 1819 1506 1876 invitam
1551 1835 1748 1875 secum
1781 1817 2036 1875 abducit.

2151 1820 2326 1893 μανής
2399 1824 2521 1881 ταῖς
2604 1815 2942 1895 παραλόγοις
3044 1817 3467 1890 ἒπιθορνύμενος

381 1915 529 1965 Dum
561 1917 752 1964 autem
771 1908 1133 1980 provinciam
1161 1906 1452 1979 provincia
1475 1911 1655 1963 mutat
1687 1905 1816 1963 etin
1850 1907 2040 1962 multi-

383 1998 522 2071 plici
553 1997 652 2055 illo
683 2013 871 2054 errore
899 1997 1088 2053 varios
1117 1997 1396 2068 dynastas
1429 2001 1485 2052 et
1528 1996 1766 2068 regulos
1795 1996 1936 2064 adit,
1968 1995 2040 2052 ab

383 2087 655 2143 omnibus
685 2085 1004 2141 honoriﬁce
1025 2083 1310 2156 excipitur
1343 2089 1400 2140 et
1431 2085 1660 2156 magnis
1691 2084 2040 2140 muneribus

383 2175 654 2232 afficitur.
700 2175 838 2231 Sero
869 2175 1107 2231 tandem
1153 2175 1224 2230 ad
1260 2173 1578 2238 sultanum,
1611 2173 1711 2245 qui
1741 2173 2038 2230 Coloniam

383 2263 707 2322 Chaldaeam
739 2269 796 2320 et
841 2263 1091 2318 ﬁnitima
1133 2262 1260 2320 loca
1313 2263 1565 2330 tenebat,
1623 2263 1851 2320 divertit
1882 2279 1897 2332 ;
1931 2262 2037 2319 ibi-

384 2370 498 2426 que
527 2369 654 2409 cum
678 2353 980 2408 Theodora
1009 2355 1066 2408 et
1096 2351 1321 2408 duobus
1351 2368 1415 2408 ex
1449 2367 1516 2408 eo
1537 2352 1822 2424 susceptis
1841 2351 2039 2408 liberis

383 2443 579 2500 Alexio
613 2447 671 2498 et
703 2443 888 2510 lrene,
919 2458 985 2498 ac
1017 2441 1240 2498 Joanne
1270 2457 1442 2513 quem
1474 2457 1543 2497 ex
1575 2439 1834 2513 legitima
1863 2457 2040 2497 uxore

387 2536 749 2605 procreatum
801 2531 1072 2603 Byzantio
1126 2547 1324 2587 secum
1377 2530 1710 2596 abduxerat,
1777 2547 2040 2587 commo-

385 2627 563 2688 ratur,
597 2621 778 2676 donec
804 2620 873 2676 ad
925 2619 1249 2676 Manuelem
1312 2621 1722 2692 imperatorem
1773 2635 2040 2678 reversus

384 2714 473 2766 est
508 2727 522 2779 ;
554 2711 614 2766 id
663 2709 820 2782 quod
858 2725 961 2765 suo
1011 2707 1135 2765 loco
1165 2708 1468 2777 referetur,
1504 2707 1661 2764 186
1694 2715 1754 2764 ut
1784 2725 1878 2766 res
1908 2709 2038 2780 ejus

382 2803 552 2870 gesta:
608 2799 952 2855 cohaereant.
1006 2801 1071 2852 Et
1111 2797 1158 2852 si
1217 2801 1406 2853 autem
1456 2796 1688 2852 Manuel
1743 2797 1871 2853 vitae
1931 2801 2042 2855 An-

389 2888 609 2944 dronici
657 2887 890 2944 crebras
945 2888 1192 2957 ponebat
1235 2886 1500 2956 insidias,
1559 2885 1657 2941 ille
1705 2893 1898 2943 tamen
1931 2887 2041 2942 mi-

385 2976 550 3032 rabili
610 2975 868 3032 sorlertia
900 2980 957 3030 et
1013 2973 1320 3031 tolerantia
1368 2991 1573 3030 omnes
1629 2973 1869 3047 laqueos
1899 2993 2040 3033 eva-

391 3065 580 3124 debaL

2142 564 2442 630 ϐολοῦντάς
2470 589 2530 623 τε
2581 567 2672 622 καὶ
2731 563 3134 645 δᾳδουχοῦντας
3195 561 3564 640 Ἀνδρόνικον,
3599 565 3803 630 ἐκεῖθεν

2144 657 2478 730 μεθίσταται,
2536 657 2628 710 καὶ
2686 655 2786 724 τὴν
2847 655 3060 729 Ταρσὸν
3115 648 3438 710 καταλαϐὼν
3501 655 3638 728 μετὰ
3686 659 3809 712 τῶν

2140 744 2458 802 ἀντιπάλων
2515 745 2814 820 Ῥωμαίοις
2869 743 3177 817 Ἀρμενίων
3233 743 3570 822 συνεῤῥήγνυ
3628 743 3799 801 πόλει·

2145 856 2262 908 μον.
2291 836 2382 896 Ὠς
2411 831 2469 889 δέ
2498 855 2632 890 ποτε
2668 834 2850 906 τούτῳ
2893 827 3180 906 ἐπέϐρισαν
3235 833 3288 888 οἱ
3319 831 3598 912 διάφοροι,
3631 833 3804 891 ἑάλω-

2139 923 2317 980 τεκαὶ
2348 924 2416 994 ἦν
2455 923 2507 978 ἐν
2568 921 2814 998 δεσμοῖς,
2875 923 2936 980 Ὁ
2994 919 3052 978 δὲ
3113 919 3372 998 βασιλεὺς
3420 921 3653 978 ἐλύσατο
3679 929 3804 979 τοῦς

2139 1034 2252 1084 τον,
2313 1013 2469 1068 ἱκανὰ
2535 1013 2778 1088 ζωάγρια
2864 1011 3249 1083 καταθέμενος.
3319 1008 3674 1084 Ἀνδρόνικος
3745 1010 3803 1068 δὲ

2139 1101 2234 1164 τὰς
2266 1100 2496 1163 ἀπειλὰς
2553 1105 2651 1156 τοῦ
2707 1099 2971 1170 Μανουήλ
3031 1097 3245 1170 δεδιὼς,
3293 1099 3385 1155 καὶ
3428 1101 3687 1171 πτοηθεὶς
3723 1102 3798 1175 μὴ

2140 1212 2258 1253 πως
2289 1187 2628 1268 συλληφθεὶς
2682 1195 2790 1245 τῶν
2846 1191 3162 1268 φιλοτήτων
3207 1187 3498 1253 Φιλίππας
3524 1192 3622 1260 τὴν
3660 1211 3798 1266 προ-

2140 1281 2298 1356 τέραν
2357 1281 2574 1355 εἱρκτήν
2633 1277 3033 1350 ἀνταλλάξαιτο
3089 1279 3180 1335 καὶ
3241 1279 3511 1350 ὑποσταίη
3567 1279 3792 1355 χρόνιον

2141 1371 2404 1444 κάκωσιν,
2469 1368 2604 1446 ἄρας
2660 1367 2860 1435 ἐκεῖθεν
2922 1375 3022 1438 τῆς
3091 1366 3180 1424 ἐπὶ
3235 1373 3344 1424 τῶν
3401 1365 3803 1443 Ἱεροσολύμων

2143 1459 2350 1534 εἰχετο,
2401 1458 2548 1536 γαλῆ
2585 1459 2650 1514 τὸ
2704 1462 2802 1514 τοῦ
2861 1455 3034 1536 λόγου
3091 1460 3202 1534 (89)
3259 1458 3397 1534 πρὸς
3447 1457 3606 1532 στέαρ
3651 1455 3810 1533 ἐλεγ-

2144 1549 2320 1624 χθεὶς,
2379 1549 2512 1605 κάπὶ
2567 1549 2665 1614 τὰς
2701 1548 2893 1624 πρώην
2952 1545 3349 1625 ἐπαναδραμὼν
3394 1545 3804 1623 δραπετεύσεις,

2141 1641 2233 1696 καὶ
2289 1642 2426 1716 πρὸς
2475 1639 2573 1702 τὰς
2631 1638 2964 1715 παλαιτέρας
3021 1639 3188 1694 αὐτοῦ
3249 1640 3504 1715 μηχανὰς
3563 1635 3810 1694 ἀπιδών·

2144 1727 2485 1806 Ἀδιαφόρως
2518 1726 2565 1784 δ’
2596 1726 2743 1808 ἔχων
2791 1733 2891 1784 τοῦ
2943 1727 3087 1804 βίου,
3143 1729 3232 1784 καὶ
3290 1730 3366 1792 ὡς
3412 1726 3588 1791 ’ίππος
3629 1726 3812 1798 θηλυ-

3576 1818 3816 1891 μίξεσιν,

2149 1909 2432 1988 ἐγχρίπτει
2489 1913 2760 1986 σαρκικῶς
2817 1909 2910 1964 καὶ
2965 1905 3324 1982 ἐνασελγαίνει
3371 1905 3690 1969 ἀκολάστως
3735 1908 3818 1979 τῇ

2151 2004 2247 2058 τοῦ
2291 1999 2512 2074 πρώτου
2569 1994 2864 2078 ἒξαδὲλφου
2914 1995 3144 2074 θυγατρὶ
3197 1995 3453 2072 Θεοδώρᾳ
3491 1993 3818 2070 (Ἰσαακίου,

2149 2091 2317 2169 φημὶ,
2345 2092 2443 2145 τοῦ
2499 2082 3022 2163 σεϐαστοκράτορος,
3068 2091 3166 2142 τοῦ
3217 2085 3489 2161 βασιλέως
3539 2081 3820 2152 Μανουὴλ

2149 2177 2470 2252 ὁμαίμονος)
2525 2177 2736 2249 θανάτῳ
2795 2173 2917 2250 ἄρτι
2977 2169 3335 2249 ἀποϐαλούσῃ
3392 2175 3484 2230 τὸν
3517 2170 3818 2248 παρθένιον

2149 2266 2418 2336 σύνευνον,
2478 2265 2538 2329 ’ὸς
2593 2265 2740 2342 ἦρχε
2794 2263 2900 2339 πρὸ
2960 2263 3198 2340 βραχέος
3257 2269 3358 2332 τῆς
3414 2261 3819 2332 Παλαιστίνης·

2148 2351 2480 2416 Βαλδουῖνος
2537 2353 2606 2422 ἦν
2663 2353 2844 2424 οὗτος,
2911 2353 2974 2408 τὸ
3029 2351 3179 2428 γένος
3225 2347 3406 2408 ἕλκων
3458 2348 3508 2420 ἒξ
3554 2347 3818 2409 Ἰταλῶν.

2149 2443 2366 2519 Ἐτὲραν
2427 2440 2516 2498 ἐπὶ
2589 2441 2808 2506 τούτοις
2882 2439 3110 2516 πληγὴν
3170 2441 3199 2495 6
3260 2437 3516 2516 βασιλεὺς
3587 2437 3818 2514 δέχεται

2149 2531 2442 2602 Μανουὴλ,
2499 2531 2592 2586 καὶ
2663 2531 2916 2606 πράττων
2993 2531 3058 2599 ἦν
3116 2530 3291 2584 πάντα
3345 2525 3818 2604 διατεχνώμενος,

2152 2620 2201 2677 εἳ
2260 2641 2378 2683 πως
2440 2617 2527 2691 ε’ἰη
2609 2619 2948 2696 συνεικηφὼς
3010 2615 3350 2693 Ἀνδρόνικον
3413 2622 3522 2673 τῶν
3590 2617 3819 2673 οἴκείων

2152 2704 2589 2788 ἀμφιϐλήστρων
2650 2707 2824 2780 ἒντὸς,
2889 2707 3010 2763 ὅθεν
3074 2705 3419 2784 ἐρυθροδάνῳ
3477 2705 3812 2782 ἐνσημανθὲν

2152 2799 2330 2878 ἀφῆκε
2367 2799 2740 2874 γραμμάτιον,
2801 2797 3007 2875 ἐνάγων
3064 2798 3192 2859 τοὺς
3245 2797 3383 2852 κατά
3440 2795 3648 2866 Κοίλην
3713 2801 3818 2849 Συ-

2153 2887 2272 2964 ρίαν
2335 2887 2624 2962 ἰσχύοντας
2681 2885 3029 2961 Ἀνδρόνικον
3097 2891 3316 2962 συσχεῖν
3377 2885 3452 2948 ὡς
3510 2883 3813 2960 ἀντίφρονα

2151 2979 2244 3033 καὶ
2301 2981 2427 3054 περὶ
2475 2976 2538 3032 τὰ
2593 2978 2748 3052 γὲνος
2809 2974 3290 3044 ἀκολασταίνοντα,
3345 2976 3438 3032 καὶ
3493 2979 3591 3031 τοῦ
3643 2975 3814 3054 φάους

2158 3074 2415 3145 στερῆσαι
2467 3071 2574 3122 τῶν
2635 3066 2962 3145 ὀφθαλμῶν.
3025 3066 3123 3122 Καὶ
3189 3067 3312 3143 τάχ’
3361 3065 3424 3120 ἂν
3450 3066 3576 3126 τοὺς
3609 3064 3808 3142 ὀφθαλ-

398 3173 534 3226 μους
560 3147 903 3225 Ἀνδρόνικος
935 3149 988 3220 ἐξ
1019 3149 1247 3222 αἳματος
1279 3149 1600 3226 ἡρεύθοῦτο,
1651 3148 1840 3226 ὦχρός
1885 3149 1943 3206 τέ
1991 3175 2082 3226 μιν
2137 3156 2252 3213 εἷλε
2307 3158 2532 3232 παρειὰς
2573 3156 2944 3232 συνεχόμενον
2975 3155 3066 3211 καὶ
3111 3153 3508 3229 δεσμούμενον,
3539 3156 3573 3224 ἤ
3603 3155 3686 3209 καὶ
3717 3153 3796 3214 εἰς

393 3239 706 3314 πορφύρεον
736 3233 996 3294 ἐϐάπτετο
1027 3238 1272 3309 θάνατον,
1331 3239 1376 3324 εἰ
1435 3245 1617 3314 χεῖρες
1673 3242 1824 3315 εἶχον
1885 3242 2082 3318 ἑτέρων
2131 3247 2194 3301 τὸ
2239 3253 2341 3317 τῆς
2391 3246 2682 3322 βασιλικῆς
2727 3246 2865 3302 ἑκεῖν
2923 3246 3102 3324 βαφῆς
3132 3242 3442 3319 δελτάριον,
3474 3247 3576 3304 Νῦν
3607 3241 3662 3298 δὲ
3697 3244 3797 3298 τοῦ

397 3333 530 3384 Θεοῦ
595 3331 887 3402 τηροῦντος
954 3327 1136 3397 αὐτὸν,
1202 3329 1276 3392 ὡς
1331 3321 1524 3397 ἔοικεν,
1591 3328 1667 3393 εἷς
1731 3329 1941 3406 ἡμέραν
2012 3333 2180 3411 ὀργῆς
2243 3336 2335 3390 καὶ
2394 3321 2516 3398 τοῖς
2587 3321 2933 3408 μετόπισθεν
2975 3321 3164 3396 κακοῖς
3217 3335 3591 3406 ταμιεύοντος,
3658 3331 3690 3386 ἃ
3747 3351 3812 3386 τε

396 3416 542 3493 παρὰ
605 3415 668 3471 τὸ
735 3413 852 3470 δέον
916 3417 993 3480 εἷς
1055 3415 1118 3470 τὸ
1176 3413 1420 3478 ὒπήκοον
1482 3414 1800 3489 ἐνεδείξατο,
1869 3420 2160 3495 Ῥωμαίων
2221 3420 2381 3500 ἄρξας
2435 3423 2494 3479 ἐκ
2552 3420 2884 3499 τυραννίδος,
2943 3425 3030 3479 καὶ
3100 3425 3188 3486 οἷς
3245 3423 3406 3488 αὐτὸς
3468 3422 3808 3493 ἀσυμπαθῶς

395 3502 640 3560 ἐσέπειτα
713 3506 1112 3582 περιπέπτωκε,
1189 3505 1347 3586 χερσὶ
1421 3507 1483 3561 τὸ
1558 3505 1870 3564 ἐπιστόλιον
1943 3514 2044 3578 τῆς
2131 3512 2413 3584 Θεοδώρας
2489 3509 2725 3570 δίδοται.
2801 3513 2866 3570 Ἢ
2943 3510 3001 3568 δὲ
3076 3512 3382 3588 ἀναγνοῦσα
3453 3516 3641 3581 τοῦτο,
3715 3509 3812 3565 καὶ

391 3600 593 3671 γνοῦσα
665 3595 732 3651 τὰ
805 3595 920 3650 κατ’
989 3592 1337 3670 Ἀνδρονίκου
1368 3595 1720 3671 τυρευόμενα,
1781 3597 1834 3670 ἐξ
1889 3599 2059 3671 αὐτῆς
2115 3603 2208 3657 τὸν
2263 3604 2476 3682 χάρτην
2525 3601 2670 3675 αότῷ
2720 3601 3034 3678 ἐγχειρίζει.
3087 3603 3277 3665 Συνεὶς
3324 3602 3416 3656 οὗν
3462 3599 3811 3673 Ἀνδρόνικος

393 3687 466 3748 ὡς
517 3691 718 3764 χωρεῖν
771 3683 968 3750 ἐκεῖθεν
1028 3683 1151 3741 δέον
1200 3687 1290 3741 καὶ
1337 3683 1601 3762 ἐγκονεῖν,
1663 3683 1792 3760 μηδ’
1853 3687 2012 3767 ἕδρας
2063 3691 2194 3746 εἶναι
2245 3692 2308 3748 τὸ
2362 3692 2468 3748 ἀπὸ
2514 3689 2674 3748 τοῦδε
2723 3693 2924 3766 ἀκμὴν,
2974 3691 3139 3769 φρίκη
3187 3713 3250 3748 τε
3329 3689 3653 3770 ὑφέρπεται,
3721 3689 3820 3746 καὶ

393 3779 532 3852 πρὸς
575 3777 871 3855 ἀπόδρασιν
915 3777 1308 3849 ἐπισκευάζεται.
1367 3779 1644 3853 Σοφιστὴς
1702 3777 1759 3835 δὲ
1825 3777 1898 3836 ὤν
1957 3782 2048 3840 καὶ
2113 3780 2359 3839 ἀπατεὼν
2405 3782 2496 3838 καὶ
2545 3783 2712 3854 αὐτὴν
2761 3781 3054 3854 ἀποπλανᾷ
3108 3780 3416 3860 Θεοδώραν,
3475 3782 3566 3838 καὶ
3624 3779 3818 3857 ὥσπερ

394 3867 664 3944 Εὐρώπην
737 3868 910 3925 πάλαι
1009 3870 1038 3924 6
1105 3867 1230 3930 Ζεὺς
1302 3872 1398 3924 τοῦ
1473 3872 1649 3944 χοροῦ
1712 3874 1821 3924 τῶν
1891 3871 2170 3946 παρθένων
2208 3868 2670 3946 ἀποϐουκολήσας
2735 3874 2838 3943 ἦκε
2904 3877 3082 3951 φέρων
3122 3872 3210 3928 ἰπὶ
3247 3874 3459 3942 νώτων,
3527 3872 3604 3932 εἱς
3675 3872 3813 3947 βοῦν

391 3957 576 4014 ἑαυτὸν
644 3959 1080 4034 μεταμορφώσας
1133 3957 1502 4034 καλλίκερων,
1559 3959 1706 4014 οὓτω
1761 3959 1852 4014 καὶ
1913 3961 2070 4023 οὗτος
2119 3961 2432 4034 ἀποστήσας
2483 3969 2590 4018 τῶν
2652 3964 2796 4018 οἳκοι
2853 3963 2952 4030 τὴν
3004 3967 3234 4040 γυναῖκα
3278 3962 3370 4018 καὶ
3427 3959 3811 4036 συμφοιτῆσοιί

401 4047 452 4100 οἱ
515 4043 798 4102 Σαϐϐάτου
860 4045 984 4102 ὁδὸν
1035 4045 1397 4120 αἰτησάμενος
1473 4047 1547 4106 ὡς
1621 4046 2050 4122 προπέμψουσαν
2124 4048 2324 4114 ἐκεῖθεν
2395 4051 2486 4106 καὶ
2548 4053 2632 4124 [Ρ.
2691 4056 2780 4123 93]
2851 4050 3245 4124 συνταξομένην
3296 4047 3485 4122 ἐκείνῳ
3523 4050 3590 4105 τὰ
3622 4048 3816 4121 ἐξιτή-

395 4154 503 4208 ρια,
574 4133 917 4209 συνέκδημου
981 4137 1072 4190 καὶ
1141 4133 1522 4208 συμπλανῆτιν
1597 4136 1826 4190 ἑκοῦσαν
1901 4136 2237 4196 ἐπεσπασατο
2313 4137 2568 4199 ἄκουσαν.
2637 4141 2833 4215 Χώραν
2898 4138 2944 4196 δ’
3017 4139 3078 4196 ἒκ
3137 4141 3326 4218 χώρας
3385 4134 3656 4214 ἀμείϐων,
3715 4139 3814 4195 καὶ

389 4223 626 4298 ἡγεμόσι
683 4224 774 4279 καὶ
835 4221 1119 4286 δυνάσταις
1177 4223 1610 4298 ἐπιξενιζόμενος
1666 4223 2052 4298 πολυπλανὴς,
2109 4230 2198 4284 καὶ
2247 4233 2374 4306 παρ’
2424 4231 2510 4292 οἷς
2566 4228 2819 4300 κατέλυε,
2877 4231 3100 4305 τιμήεις
3151 4227 3224 4284 ὥν
3275 4231 3365 4285 καὶ
3397 4226 3680 4302 αἰδέσιμος
3713 4229 3814 4284 καὶ

391 4310 799 4389 φιλοφροσύνης
858 4311 942 4368 ὅτι
1018 4311 1280 4384 πλείστης
1355 4313 1774 4387 καταξιούμενος
1847 4316 1936 4370 καὶ
2012 4314 2230 4392 δωρεῶν
2305 4316 2486 4394 ἁδρῶν
2562 4319 2616 4376 ἐν
2695 4320 2901 4394 μεθέξει
2958 4317 3266 4394 γινόμενος,
3335 4317 3434 4393 ὀψέ
3507 4339 3640 4374 ποτε
3714 4319 3812 4374 καὶ

394 4400 557 4474 μόλις
591 4400 737 4476 παρά
764 4404 842 4472 τῷ
871 4398 1180 4480 Σαλτούχῳ
1209 4407 1308 4471 τῆς
1341 4401 1552 4472 πλάνης
1581 4400 1820 4460 ἳσταται.
1877 4404 1976 4460 Ἦν
2037 4402 2084 4460 3’
2140 4408 2300 4470 οὗτος
2349 4408 2416 4462 τὰ
2469 4411 2539 4481 τῇ
2597 4407 2886 4480 Κολωνείᾳ
2911 4409 3036 4464 τότε
3063 4406 3440 4482 κληρούμενος
3472 4405 3677 4484 ὅμορα,
3710 4406 3809 4462 καὶ

389 4485 488 4544 ὅσα
543 4497 642 4560 τῆς
698 4486 975 4552 Χαλδαίοις
1031 4489 1299 4564 πρόσοικά
1377 4511 1436 4545 τε
1515 4491 1606 4545 καὶ
1679 4485 1901 4569 ἔγγιστα
1975 4495 2398 4570 καρπιζόμενος.
2467 4498 2694 4553 Κάκεῖσε
2775 4496 2844 4566 ἦν
2904 4496 3087 4553 ἀλύων
3144 4497 3236 4553 καὶ
3294 4496 3470 4552 συνὼν
3530 4492 3814 4571 Θεοδώρᾳ,

395 4580 510 4654 μετ’
541 4578 614 4633 ὧν
671 4577 920 4636 ἀπέτεκεν
981 4579 1118 4650 αὕτη
1175 4579 1356 4650 τούτῳ
1402 4575 1613 4634 παίδων
1675 4577 1825 4635 δυοῖν
1885 4580 2132 4654 Ἀλεξίου
2187 4606 2248 4642 τε
2302 4585 2393 4642 καὶ
2443 4585 2707 4662 Εἰρήνης,
2739 4583 2818 4642 ἔτι
2849 4584 2908 4642 δὲ
2935 4585 3027 4642 καὶ
3052 4585 3322 4656 Ἰωάννου,
3350 4587 3408 4642 δν
3439 4586 3634 4642 ἐκτῶν
3668 4606 3816 4660 προ-

391 4673 561 4744 τέρων
620 4669 711 4726 καὶ
763 4692 1003 4746 γνησιων
1062 4671 1113 4725 οἱ
1171 4667 1496 4746 σπερμάτων
1555 4669 1892 4744 συνεκδημον
1950 4671 2008 4729 ὲκ
2067 4676 2358 4745 Βυζαντίου
2434 4676 2692 4752 ἐπήγετο,
2778 4677 2888 4741 δως
2968 4683 3070 4747 τῆς
3149 4675 3204 4739 ἐς
3273 4675 3434 4732 αὐτὸν
3496 4677 3650 4738 αὖθις
3707 4676 3804 4730 τὸν

391 4759 763 4836 αὐτοκράτορα
821 4761 1080 4828 Μανουήλ
1127 4757 1529 4828 ἔπαναλύσεως,
1583 4757 1650 4828 ἤν
1703 4761 1795 4815 καὶ
1857 4761 1924 4818 τὰ
1973 4763 2064 4818 τὸν
2124 4765 2324 4821 οἰκεῖον
2379 4765 2580 4842 χρόνον
2645 4764 2738 4821 καὶ
2789 4765 3100 4844 πρόσφορον
3161 4766 3190 4820 6
3250 4765 3408 4841 λόγις
3460 4769 3528 4839 τῇ
3589 4764 3807 4838 ἱστορίᾳ

389 4847 697 4920 παρέξεται,
755 4848 832 4910 ὡς
889 4846 974 4919 εἷή
1037 4847 1352 4923 συνημμένα
1409 4849 1588 4920 δήπου
1643 4848 1733 4904 καὶ
1790 4858 1993 4930 συναφῆ
2051 4852 2120 4908 τὰ
2175 4853 2366 4934 ἐφεξῆς
2427 4855 2516 4910 ὑπ’
2575 4854 2742 4910 αὐτοῦ
2795 4853 3153 4930 πεπραγμένα
3207 4854 3298 4909 καὶ
3345 4855 3414 4908 τὰ
3463 4855 3590 4928 παρ’
3638 4855 3801 4926 ἡμῶν

386 4933 540 4996 αὖθις
598 4935 679 4988 ἐπ’
732 4935 876 5006 αὐτῷ
932 4937 1304 5010 ῥηθησόμενα.
1366 4938 1450 4994 Ἐν
1507 4935 1745 5000 πολλοῖς
1822 4935 2008 5012 μέντοι
2083 4941 2173 4998 καὶ
2247 4941 2522 5005 πολλάκις
2576 4945 2604 4998 6
2657 4941 2923 5014 Μανουήλ
2972 4945 3072 5014 τήν
3127 4941 3472 5018 Ἀνδρονίκου
3519 4939 3800 5016 δεσμεύων

386 5023 597 5097 ψυχὴν,
653 5022 743 5076 καὶ
795 5027 974 5094 ζητῶν
1043 5025 1243 5094 ταύτην
1317 5019 1524 5092 λαϐεῖν,
1598 5031 1714 5089 τοῖς
1791 5027 2083 5097 ἀνηνύτοις
2154 5028 2421 5107 ἔγχειρῶν
2479 5029 2833 5108 διηλὲγχετο·
2895 5033 2923 5086 6
2980 5032 3084 5108 γὰρ
3137 5029 3574 5108 πολύπλαγκτος
3651 5029 3810 5092 οὗτος

387 5111 478 5166 καὶ
534 5108 882 5198 ταλασίφρων
941 5109 1286 5188 Ἀνδρόνικος
1338 5115 1434 5176 τὰς
1488 5115 1611 5170 καθ’
1667 5115 1838 5171 αὐτοῦ
1893 5112 2210 5190 προσϐολὰς
2261 5120 2512 5198 εὐμαρῶς
2580 5119 2933 5197 ἀπεκρούετο,
2990 5120 3080 5176 καὶ
3127 5125 3238 5176 τῶν
3271 5119 3560 5196 θηράτρων
3591 5119 3811 5197 κούφως

393 5197 862 5275 ὑπεραλλόμενος,
939 5201 1073 5276 ἅπερ
1149 5201 1294 5274 αὐτῷ
1365 5201 1638 5266 πολλάκις
1713 5203 2034 5282 ὑφηπλοῦτο
2090 5208 2182 5264 καὶ
2275 5209 2583 5281 ἐξετείνετο,
2662 5208 3021 5284 ἀπαγίδευτος
3121 5211 3188 5280 ἦν
3290 5209 3385 5265 καὶ
3486 5209 3804 5284 ἀθήρευτος.

1777 5351 1944 5412 Hier.
1977 5351 2200 5416 Wolfli
2229 5359 2417 5417 notae.

403 5507 411 5540 ῖ
461 5501 573 5572 (89)
603 5497 753 5569 Γαλὴ
809 5499 872 5554 τὸ
903 5502 1000 5554 τοῦ
1047 5497 1239 5572 λογου.
1270 5499 1453 5556 Verba
1499 5500 1579 5556 sic
1635 5500 1748 5572 fere
1778 5509 1989 5564 sonant
2021 5521 2036 5562 :

391 5572 850 5642 Quemadmodum
916 5571 1171 5637 mustela,
1222 5578 1285 5628 ut
1341 5575 1520 5642 aiunt,
1587 5571 1656 5627 ad
1701 5575 1909 5642 sebum,
1969 5578 2040 5633 ad

386 5643 660 5718 pristinas
712 5647 876 5716 fugas
929 5659 1172 5718 reversus
1228 5646 1554 5716 velusu’sque
1583 5645 1699 5700 suis
1761 5649 2038 5706 mae/unis

388 5716 612 5775 tentati:
639 5732 662 5780 ;
689 5722 744 5774 et
770 5721 832 5774 ut
861 5721 983 5773 erat
1047 5716 1350 5774 luxuriosa
1377 5725 1508 5774 υιεκ
1535 5724 1586 5773 et
1612 5721 1670 5772 ut
1710 5731 1881 5788 equus
1909 5735 2040 5791 erga

2147 5509 2412 5567 muliere:
2442 5510 2750 5576 insaniens,
2771 5509 2833 5566 in
2859 5510 3054 5566 uetitos
3083 5507 3402 5568 concubitu:
3430 5509 3645 5573 ruebat,
3675 5523 3802 5564 car-

2145 5580 2359 5654 neuter
2388 5582 2901 5654 appropinquabat,
2933 5587 2985 5639 et
3026 5581 3462 5654 intemperanter
3489 5579 3804 5654 indulgebat

2149 5652 2376 5711 libidini
2405 5649 2692 5711 Theodoraé
2711 5653 2844 5724 ﬁlice
2865 5655 3128 5726 patrueli:
3159 5649 3296 5710 natu
3323 5651 3554 5726 majori:
3573 5649 3800 5710 Isdacii.
