4140 6290
320 396 444 457 485

1385 388 1486 449 DE
1526 386 1923 450 MANUELE
1968 383 2336 449 COMNENO
2383 390 2528 451 LIB.
2577 391 2678 453 ιν.

3616 390 3734 455 486

405 527 467 595 ζ’.
496 520 676 580 ’Δλλὰ
701 519 818 577 τίνα
880 519 949 577 τὰ
991 520 1139 595 παρᾶ
1181 517 1400 590 πόδαςς
1446 520 1629 595 χρεὼν
1677 519 1782 594 γὰρ
1840 515 1983 591 μηδὲ

2165 523 2219 576 6.
2257 524 2371 579 Hoc
2401 522 2525 580 loco
2558 525 2703 581 illud
2735 526 3193 599 praetereundum
3236 543 3352 581 non
3409 528 3516 582 est.
3551 526 3733 582 Pleri-

335 617 542 673 τούτων
570 612 872 691 ἀφέξεσθαι.
906 607 1178 686 Περιδεεῐς
1216 609 1269 665 οἳ
1317 606 1524 665 πολλοὶ
1568 612 1677 664 τῶν
1725 606 1989 684 κρατούν-

334 727 445 761 των
473 703 576 759 εἰσὶ
637 722 728 757 και
785 698 1160 775 καχύποπτοι,
1211 698 1303 754 καὶ
1345 696 1605 773 χαίρουσι
1657 694 1988 771 διαπραττό-

334 814 491 869 μενοι
517 793 619 848 ὃσα
659 791 887 856 θάνατος
916 790 1006 844 καὶ
1038 789 1177 850 Χάος
1216 788 1308 844 καὶ
1356 782 1588 863 Ἔρεϐος
1645 786 1697 841 ἐν
1743 790 1823 858 τῷ
1860 784 1989 848 τοὺς

327 879 661 956 εὐπατρίδας
718 880 1045 956 ἆκροτομεῖν
1104 876 1196 933 καὶ
1263 875 1509 933 ἐκποδὼν
1558 872 1759 932 τιθέναι
1814 876 1990 931 πάντα

328 970 549 1047 ὑψηλὸν
589 970 683 1026 καὶ
741 970 1037 1044 μετέωρον,
1096 967 1185 1022 καὶ
1242 965 1476 1022 ἐοίκασιν
1531 966 1772 1039 ἀτεχνῶς
1812 964 1990 1038 ὑψιτε-

331 1063 446 1117 νὲσι
510 1060 603 1115 καὶ
662 1058 1000 1135 ἀκροκόμοις
1058 1058 1299 1112 πίτυσιν.
1358 1057 1448 1117 Ὠς
1516 1054 1622 1129 γὰρ
1680 1054 1838 1109 αὗται
1895 1053 1987 1107 καὶ

342 1151 632 1228 βραχείαις
686 1150 902 1222 ἀνεμων
958 1152 1146 1210 πνοαῖς
1202 1146 1297 1208 τὰς
1336 1150 1444 1200 τῶν
1488 1141 1707 1200 κλάδων
1757 1142 1986 1219 βελόνας

340 1240 813 1313 διατινασσόμεναι
843 1238 1240 1312 ψιθυρίζουσιν,
1272 1231 1416 1290 οὕτω
1451 1230 1518 1303 δὴ
1554 1232 1646 1288 καὶ
1699 1232 1852 1287 οὗτοι
1896 1230 1988 1286 καὶ

336 1333 428 1389 τὸν
503 1328 733 1402 πλούτῳ
805 1328 1065 1399 κομῶντα
1139 1318 1546 1380 ὑποϐλέπονται
1617 1321 1710 1377 καὶ
1757 1321 1848 1375 τὸν
1904 1318 1989 1375 ἐπ’

330 1418 526 1496 ἀνδρίᾳ
581 1422 690 1475 τῶν
745 1413 974 1471 πολλῶν
1038 1412 1361 1490 διαφέροντα
1411 1412 1822 1486 κατεπτήχασι.
1882 1408 1989 1467 Κᾶἱν

330 1507 414 1580 ε’ίη
442 1530 527 1571 τις
560 1509 624 1563 τὸ
653 1505 867 1568 κάλλος
899 1502 1271 1578 ἀγαλματίάς,
1321 1500 1413 1558 καὶ
1461 1502 1560 1571 τήν
1610 1498 1867 1575 γλῶτταν
1912 1498 1988 1561 ὡς

332 1595 480 1671 ὄρνις
558 1596 903 1671 μουσηγέτης
968 1590 1274 1666 ἒστόμωτο,
1330 1590 1429 1646 κᾶν
1496 1590 1560 1645 τὸ
1616 1589 1748 1659 ἦθος
1811 1589 1988 1662 ὁρῷτο

335 1684 695 1762 εὐτράπελος,
758 1684 859 1739 οὐκ
900 1683 961 1753 ὲᾷ
1006 1679 1287 1737 καθεύδειν
1337 1679 1432 1735 τὸν
1483 1678 1570 1733 ἐπὶ
1618 1681 1716 1733 τοῦ
1764 1677 1988 1755 στὲφους

335 1774 450 1831 οὐδ’
482 1778 731 1850 ἠρεμεῖν,
763 1770 913 1828 ἀλλὰ
940 1769 1145 1847 γίνεται
1175 1769 1355 1842 τούσῳ
1386 1774 1496 1824 τῶν
1522 1766 1705 1821 ὕπνων
1757 1766 1988 1833 ἐκκοπὴ,

336 1873 438 1936 τῆς
469 1867 678 1942 τρυφῆς
728 1862 1034 1933 ἀνατροπὴ,
1080 1857 1288 1930 ἡδονῆς
1337 1859 1634 1938 ὑφαίρεσις,
1684 1852 1983 1932 φνοντίδων

336 1954 617 2019 ἀπόθεσις·
649 1952 742 2008 καὶ
790 1953 890 2021 τὴν
946 1949 1102 2028 φύσιν
1161 1947 1465 2026 μέμφονται
1516 1947 1616 2015 τὴν
1660 1944 1983 2019 πλάστριαν,

335 2043 421 2100 ὅτι
447 2044 538 2100 καὶ
575 2044 797 2116 ἑτέρους
851 2038 926 2101 εἱς
992 2039 1055 2094 τὸ
1111 2037 1303 2113 ἄρχειν
1364 2033 1642 2107 ἐπιδόξους
1695 2031 1989 2117 ἐπαλαμή-

336 2154 489 2201 σατο,
545 2131 638 2187 καὶ
702 2132 777 2205 μή
838 2129 1093 2204 πρώτους
1148 2126 1343 2187 αὐτοὺς
1400 2124 1491 2181 καὶ
1537 2124 1796 2185 ὑστάτους
1850 2120 1992 2178 καλ-

332 2223 555 2284 λίστους
611 2219 910 2293 ἀνθρώπων
1000 2216 1305 2294 ἐφύτευσεν.
1384 2213 1595 2272 Οὐκοῦν
1664 2213 1757 2269 καὶ
1830 2212 1988 2268 ἀντι-

338 2310 726 2387 στρατεύονται
754 2310 821 2363 τὰ
849 2306 1038 2362 πολλὰ
1065 2309 1135 2380 τῇ
1166 2304 1395 2379 προνοίᾳ
1422 2304 1514 2359 καὶ
1542 2307 1623 2376 τῷ
1651 2303 1783 2374 θείῳ
1824 2300 1993 2376 ὑπὲρ-

339 2402 504 2459 οπλοι
578 2402 846 2476 γίνονται,
919 2396 1098 2453 πάντα
1171 2394 1341 2470 ἀγαθᾶ
1412 2393 1475 2449 ἐκ
1543 2397 1642 2450 τοῦ
1734 2392 1991 2455 πλείονος

338 2488 765 2567 ἑκχορδεύοντες
844 2486 934 2541 καὶ
992 2485 1066 2546 ὡς
1143 2483 1356 2557 θύματα
1429 2483 1836 2560 σφαγιάζοντες,
1917 2481 1994 2545 ὡς

335 2576 517 2655 ἔχοιεν
563 2576 649 2657 ἐφ’
706 2575 945 2651 ἡσυχίας
995 2571 1263 2645 δήπουθεν
1311 2570 1467 2628 οὗτοι
1521 2576 1727 2643 σπαθᾷν
1776 2571 1867 2625 καὶ
1916 2572 1990 2632 ὡς

336 2656 850 2745 ππρῷονίκλῆρον
897 2661 1301 2734 καθηδυπαθεῖν
1345 2660 1652 2736 μονώτατοι
1699 2660 1768 2715 τά
1815 2656 1991 2732 δημό-

335 2780 427 2813 σια
452 2756 545 2813 καί
574 2758 649 2819 ὡς
680 2750 1044 2829 ἀνδραπόδοις
1096 2755 1338 2828 ’χρῆσθαι
1383 2756 1505 2813 τοῖς
1553 2748 1859 2824 ἐλευθέροις
1901 2749 1994 2803 καὶ

351 2847 426 2909 ὡς
454 2847 686 2914 ὠνητοῖς
712 2849 828 2906 τοῖς
867 2838 1183 2915 άξιωτέροις
1236 2840 1408 2895 ἐνιοτε
1453 2836 1643 2914 ἄρχειν
1694 2836 1995 2913 προσφέρε-

357 2935 501 3001 σθαι,
540 2937 710 2997 κακῶς
738 2929 944 2993 είδότες
971 2931 1148 2986 καὶτὸ
1196 2934 1411 3007 φρονεῖν
1458 2929 1562 2984 ὑπὸ
1608 2933 1709 2997 τῆς
1753 2925 1993 2997 ἐξουσίας

354 3022 687 3102 ἀφῃρημένοι
742 3022 835 3076 καὶ
892 3015 1253 3081 κακοϐούλως
1307 3022 1417 3073 τῶν
1470 3016 1737 3093 πρότριτα
1794 3014 1993 3102 λαυθαο

347 3100 567 3186 νόμενοι
626 3112 760 3185 (90).
820 3109 921 3165 Καὶ
980 3109 1008 3163 ὁ
1070 3106 1332 3177 Μανουὴλ
1386 3105 1565 3162 τοίνυν
1615 3102 1770 3161 οὐδὲν
1828 3100 1994 3178 ἄχαρι

342 3200 490 3277 ἔχων
543 3199 862 3275 ἐπεγκαλεῖν
922 3196 1151 3270 Ἀλιξίῳ
1203 3200 1283 3267 τῷ
1346 3196 1817 3271 πρωτοστράτορι,
1874 3190 1910 3262 λὶς
1969 3192 1999 3246 ὅ

2092 627 2203 680 que
2260 612 2553 686 principes
2608 614 2966 671 formidolosi
3025 619 3164 670 sunt
3216 615 3568 686 suspicaces,
3629 632 3733 672 nec

2094 700 2319 756 inferno
2349 706 2408 758 et
2439 708 2624 760 morte
2655 704 3055 760 clementiores
3084 704 3143 758 in
3178 704 3319 759 viris
3355 704 3648 760 nobilibus
3675 709 3732 760 et

2091 793 2386 862 generosis
2444 811 2473 851 e
2531 795 2722 852 medio
2770 794 3092 863 tollendis;
3144 801 3199 851 et
3258 799 3323 850 ut
3374 796 3503 851 altas
3558 798 3731 867 picem

2091 878 2391 937 levissimo
2422 889 2591 942 vento
2646 884 2913 957 impulsae
2946 901 3244 941 ramorum
3301 885 3522 941 aculeis
3583 887 3737 941 inter

2092 985 2155 1025 se
2184 970 2406 1028 collisis
2465 974 2746 1045 stridunt,
2783 975 2867 1030 sic
2895 974 3005 1045 ipsi
3037 980 3093 1031 et
3125 975 3359 1030 divitem
3393 980 3733 1047 suspectum

2095 1059 2308 1117 habent
2336 1068 2392 1119 et
2424 1064 2765 1120 fortitudine
2795 1064 3082 1137 insignem
3117 1064 3451 1120 formidant.
3490 1069 3603 1122 Nec
3624 1065 3739 1121 for-

2095 1165 2186 1204 ma
2219 1167 2320 1206 nec
2344 1151 2613 1209 facundia
2636 1170 2740 1210 nec
2761 1170 2990 1209 morum
3034 1153 3281 1209 comitas
3306 1153 3556 1226 insignis
3577 1154 3740 1226 quie-

2092 1242 2182 1294 tos
2211 1256 2310 1296 eos
2374 1258 2501 1297 esse
2533 1243 2856 1315 patiuntur,
2887 1243 2986 1297 sed
3020 1242 3179 1299 omni
3211 1258 3355 1314 pene
3378 1243 3509 1297 vitis
3541 1242 3739 1299 suavi-

2092 1333 2210 1387 tate
2268 1332 2518 1403 privarit,
2578 1335 2722 1390 adeo
2770 1337 2834 1389 ut
2892 1338 3161 1388 naturam
3215 1333 3403 1404 ipsam
3459 1336 3739 1388 accusent

2095 1420 2243 1490 quod
2278 1420 2423 1477 alios
2454 1422 2630 1478 etiam
2659 1421 2899 1478 idoneos
2933 1420 3174 1493 imperio
3215 1421 3481 1477 formarit
3513 1437 3617 1476 nec
3650 1421 3735 1491 ip-

2093 1524 2191 1563 sos
2223 1509 2443 1579 primos
2472 1516 2529 1567 et
2560 1515 2883 1582 postremos
2931 1509 3197 1566 omnium
3232 1509 3569 1566 mortalium
3604 1509 3738 1582 pul-

2094 1596 2416 1654 cherrimos
2475 1599 2726 1665 ﬁnxerit,
2777 1598 3101 1671 divinisque
3150 1598 3532 1655 Providentiae
3566 1615 3743 1671 repu—

2094 1694 2353 1759 gnent,et
2373 1690 2656 1761 optimum
2683 1706 2975 1762 quemque
2996 1690 3239 1745 tollante
3265 1690 3456 1746 medio
3480 1694 3534 1745 et
3558 1691 3739 1746 instar

2093 1777 2413 1833 hostiarum
2457 1779 2807 1848 sacriﬁcent,
2839 1778 2986 1834 181
3026 1784 3091 1833 ut
3120 1779 3232 1850 ipsi
3266 1788 3455 1835 metus
3497 1782 3554 1833 et
3592 1779 3744 1849 peri-

2101 1864 2216 1922 culi
2247 1871 2510 1939 expertes
2543 1867 2772 1940 publica
2801 1867 3105 1940 vectigalia
3136 1876 3414 1939 tanquam
3448 1867 3740 1939 privatum

2100 1955 2513 2026 patrimonium
2534 1972 2637 2028 pro
2659 1973 2764 2013 sua
2793 1955 3034 2012 libidine
3055 1957 3349 2012 effundere
3371 1960 3429 2011 et
3456 1955 3745 2027 ingenuos

2103 2044 2365 2100 homines
2424 2062 2524 2117 pro
2553 2046 2862 2119 mancipiis
2896 2049 3146 2101 tractare
3199 2045 3447 2118 possint,
3482 2044 3582 2117 qui
3638 2043 3750 2101 ali-

2099 2136 2331 2205 quando
2361 2135 2507 2208 ipsis
2551 2140 2691 2192 sunt
2720 2136 2967 2208 imperio
3000 2135 3318 2209 digniores.
3354 2138 3439 2191 Ita
3476 2135 3745 2207 potentias

2101 2224 2396 2297 fastigium
2444 2226 2819 2298 prudentiam
2851 2226 2936 2282 eis
2966 2225 3198 2293 adimit,
3230 2228 3287 2281 et
3316 2224 3573 2297 pristinae
3604 2240 3746 2279 con-

2098 2311 2337 2369 ditionis
2368 2312 2607 2369 stultam
2639 2314 2990 2370 oblivionem
3019 2313 3203 2369 aﬁ‘ert.
3228 2313 3321 2367 Sic
3350 2311 3578 2368 Manuel
3611 2329 3755 2385 quo-

2100 2416 2214 2472 que
2271 2417 2404 2457 cum
2437 2402 2509 2457 ab
2570 2401 2772 2457 Alexio
2805 2407 3219 2474 protostratore
3263 2401 3426 2457 nulla
3485 2419 3545 2457 re
3593 2404 3751 2458 esset

2101 2490 2379 2559 olfensus,
2412 2507 2517 2547 nec
2565 2492 2692 2561 ejus
2724 2492 2895 2547 ﬁdem
2932 2496 2989 2546 et
3028 2490 3484 2547 benevolentiam
3519 2491 3754 2546 deside-

2101 2595 2229 2635 rare
2262 2583 2480 2650 posset,
2539 2596 2603 2635 ac
2635 2584 2866 2635 tenuem
2902 2596 3003 2651 pro
3043 2580 3272 2634 meritis
3301 2580 3352 2634 ei
3385 2580 3627 2651 gratiam
3662 2596 3755 2635 re-

2102 2670 2353 2737 tulisset,
2387 2668 2512 2725 sola
2569 2670 2904 2740 suspicione
2935 2669 3222 2724 adductus
3254 2672 3312 2723 et
3340 2668 3749 2739 improborum

2101 2757 2405 2813 hominum
2464 2757 2774 2813 calumniis
2802 2756 3120 2829 impulsus,
3163 2756 3302 2827 quia
3331 2772 3465 2812 eum
3495 2762 3551 2811 et
3580 2756 3746 2811 duci-

2103 2847 2214 2904 bus
2244 2851 2300 2903 et
2333 2847 2621 2903 militibus
2649 2864 2776 2904 esse
2806 2848 3046 2903 charum
3071 2847 3301 2901 videbat
3329 2852 3385 2903 et
3405 2845 3760 2903 liberalitate

2103 2953 2239 3009 erga
2269 2953 2473 2993 omnes
2507 2937 2612 3004 uti,
2656 2952 2988 3007 quanquam
3020 2935 3285 2992 fortassis
3318 2937 3490 2990 etiam
3523 2934 3758 2991 divitias

2104 3027 2232 3096 ejus
2262 3026 2413 3081 clam
2438 3025 2765 3097 appetebat,
2813 3024 3060 3080 Serdicae
3082 3040 3255 3095 agens
3290 3023 3585 3080 hominem
3616 3026 3750 3079 ante

2108 3114 2293 3170 lucem
2329 3131 2461 3170 cum
2493 3131 2672 3171 uxore
2702 3131 2807 3171 sua
2849 3114 3159 3171 cubantem
3191 3112 3649 3185 comprehendit,
3691 3114 3751 3169 et

2110 3203 2385 3259 omnibus
2413 3203 2625 3276 opibus
2677 3204 2990 3259 multatum
3022 3203 3081 3259 in
3115 3203 3534 3259 monasterium
3568 3201 3757 3273 quod-

343 3312 396 3346 τι
471 3289 618 3352 ὅλως
693 3284 1151 3363 παραλελύπηκεν
1208 3282 1245 3354 ἤ
1304 3282 1746 3359 παρηνώχλησεν
1804 3282 1839 3351 ἢ
1897 3286 1995 3350 τῆς

2110 3294 2241 3349 dam
2284 3293 2518 3366 Papycii
2552 3293 2767 3350 montis
2810 3292 3069 3366 conjicit.
3102 3292 3185 3351 Ne
3212 3295 3405 3349 autem
3439 3291 3497 3347 id
3533 3290 3760 3347 facinus

346 3378 715 3459 ὀφειλομένης
746 3377 961 3440 εὐνοίας
996 3376 1087 3431 καὶ
1116 3373 1350 3436 πίστεως
1407 3380 1687 3452 καθυφῆκε
1730 3371 1914 3447 βραχύ
1940 3392 1996 3426 τι

348 3472 433 3544 [Ρ.
494 3470 587 3542 94]
641 3471 771 3543 γοῦν
837 3464 1145 3542 ἀντίῤῥοπα
1237 3461 1434 3538 δράσας
1520 3463 1592 3517 ὧν
1681 3462 1770 3516 ὑπ’
1828 3461 1996 3516 αὐτοῦ

342 3559 605 3616 πέπονθεν
639 3558 717 3628 εὖ,
772 3556 863 3611 καὶ
911 3555 985 3618 ὡς
1052 3553 1139 3610 ἐπὶ
1197 3558 1365 3630 ζυγοῦ
1420 3554 1519 3623 τήν
1580 3553 1766 3627 ἑτέραν
1816 3552 1999 3626 παρή-

338 3668 525 3725 νεγκεν
556 3645 894 3722 πλάστιγγα,
922 3642 973 3713 ξε
1010 3641 1264 3705 ὑπονοίας
1310 3638 1369 3697 δὲ
1420 3641 1594 3714 μόνης
1645 3640 1996 3715 ὁρμώμενος,

341 3734 704 3813 κακοσχόλων
732 3737 921 3803 τινῶν,
973 3733 1047 3795 ὡς
1102 3733 1413 3807 ἄνθρωπος,
1474 3729 1739 3805 ὑπαχθεὶς
1787 3729 2001 3807 ὑφηγή-

342 3848 511 3896 σεσιν,
543 3826 605 3880 ἐκ
652 3827 753 3881 τοῦ
810 3823 904 3878 τὸν
958 3818 1128 3897 ἄνδρα
1176 3821 1307 3894 ὁρᾷν
1373 3818 1465 3874 καὶ
1524 3823 1850 3894 στρατηγοῖς
1907 3816 1998 3872 καὶ

340 3917 709 3995 στρατιώταις
784 3911 1062 3987 ἐρώμενον
1136 3911 1227 3965 καὶ
1303 3906 1590 3987 φιλοτίμῳ
1654 3908 1850 3985 γνώμῃ
1909 3908 2000 3964 καὶ

344 4007 498 4085 χειρὶ
551 4000 852 4085 φιλοδώρῳ
907 4002 1045 4077 πρὸς
1104 4001 1341 4060 ἃπαντας
1398 3999 1713 4075 γρώμενον,
1759 3995 1893 4085 ἴσως
1944 3995 2001 4052 δὲ

341 4079 575 4152 καὶ-τοῦ.
608 4092 910 4168 προσόντος
951 4088 1100 4161 αὐτῷ
1159 4086 1403 4144 πλούτου
1463 4087 1748 4164 ὑποτύφων
1798 4079 1998 4166 ἔφεσιν,

348 4177 725 4257 συλλαμϐάνει
754 4182 949 4235 τοῦτον
983 4174 1188 4252 διάγων
1242 4174 1296 4231 ἐν
1349 4171 1617 4251 Σαρδικῇ,
1674 4177 1843 4248 μήπω
1882 4174 2000 4231 ἐπι.

347 4272 692 4349 φαυσκούσης
750 4268 983 4344 ἡμέρας.
1038 4270 1110 4341 τῇ
1150 4264 1322 4336 οἰκείᾳ
1376 4259 1454 4349 ἔτι
1511 4263 2001 4338 συγκατακείμενον

347 4348 674 4437 δμευνέτιδι,
728 4356 819 4411 καὶ
868 4355 930 4411 οὐ
985 4354 1147 4428 μόνον
1194 4358 1304 4410 τῶν
1354 4348 1526 4408 ὄντων
1569 4352 1813 4407 ἁπάντων
1872 4352 2005 4408 ἀπο-

346 4457 575 4530 γυμνοῖ,
606 4446 755 4504 ὀιΛλὰ
786 4445 876 4500 καὶ
908 4444 986 4507 εἷς
1021 4443 1264 4519 μοναχὸν
1322 4441 1615 4517 ἀποκείρας
1665 4440 1719 4497 ἐν
1765 4442 1842 4497 ἑνὶ
1894 4447 2002 4497 τῶν

337 4543 472 4599 κατὰ
501 4542 567 4596 τὸ
624 4535 909 4595 Ηαπῦκιον
970 4531 1100 4607 ὅρος
1139 4530 1572 4611 φροντιστηρίων
1617 4529 2001 4606 παραῤῥιπτεῖ.

2106 3384 2424 3439 manifestae
2457 3383 2686 3454 injuriae
2717 3383 3120 3452 damnaretur,
3154 3382 3521 3455 sycophantae
3547 3384 3756 3453 praesto

2106 3479 2291 3540 erant,
2342 3472 2443 3544 qui
2476 3472 2710 3527 crimini
2737 3472 2942 3528 darent
2975 3488 3111 3527 eum
3161 3471 3402 3541 magicis
3450 3469 3757 3542 praestigiis

2105 3558 2518 3629 imperatorem
2572 3566 2763 3631 petere
2798 3583 2812 3627 ;
2845 3575 2971 3630 quae
3003 3558 3157 3613 haud
3193 3557 3312 3613 scio
3343 3574 3415 3612 an
3449 3558 3527 3611 ita
3557 3558 3754 3614 efﬁca-

2107 3662 2201 3703 ces
2230 3648 2348 3703 sint
2386 3648 2562 3716 (sanae
2613 3648 2844 3719 quidem
2879 3663 3050 3703 aures
3096 3648 3169 3702 ab
3225 3646 3558 3701 istiusmodi
3594 3662 3754 3702 com-

2107 3733 2322 3788 mentis
2353 3732 2505 3789 188
2528 3733 2866 3805 abhorrent)
2895 3739 2959 3788 ut
2980 3732 3276 3788 hominem
3309 3731 3565 3787 efﬁciant
3592 3732 3754 3787 volu-

2107 3839 2285 3889 crem,
2313 3822 2514 3894 itaque
2545 3820 3161 3894 perstringantoculos
3192 3826 3256 3876 ut
3276 3820 3475 3876 stricto
3507 3836 3647 3875 ense
3679 3820 3757 3875 ir-

2108 3928 2285 3967 ruens
2320 3928 2434 3966 non
2466 3910 2872 3982 conspiciatur.
2923 3911 3086 3975 Quod
3116 3926 3302 3981 genus
3329 3909 3429 3964 illa
3460 3917 3597 3964 sunt
3621 3926 3748 3981 quis

2109 3999 2290 4056 Graeci
2318 4000 2455 4056 olim
2480 4001 2550 4056 de
2571 4000 2779 4055 Perseo
2804 3999 3159 4054 fabulantur.
3197 4001 3407 4053 Eorum
3442 3996 3761 4053 calumnia-

2107 4093 2296 4144 torum
2331 4088 2600 4160 princeps
2642 4103 2768 4143 esse
2800 4088 3095 4143 ferebatur
3131 4091 3318 4142 Aaron
3354 4086 3630 4153 Isaacius,
3660 4085 3761 4156 qui

2110 4177 2390 4234 Corintho
2421 4194 2554 4234 cum
2607 4177 2829 4233 caeteris
2865 4177 2921 4231 in
2952 4176 3210 4233 Siciliam
3246 4177 3533 4233 abductus
3560 4175 3759 4248 ibique

2112 4266 2376 4323 Latinam
2416 4265 2681 4338 linguam
2715 4265 2999 4336 exquisite
3028 4266 3270 4321 edoctus
3300 4264 3637 4320 Latinorum
3669 4264 3758 4318 in-

2109 4359 2426 4426 terpretem
2471 4355 2680 4426 agebat
2727 4354 2878 4423 apud
2939 4353 3369 4423 imperatorem.
3422 4352 3597 4408 Alexii
3628 4368 3764 4408 vero

2112 4459 2274 4511 uxor,
2310 4441 2494 4498 Alexii
2526 4441 2899 4514 primogeniti
2935 4440 3131 4496 fratris
3162 4441 3446 4496 Manuelis
3476 4439 3618 4503 ﬁlia,
3650 4439 3766 4509 pie-

2109 4540 2228 4590 tate
2279 4534 2336 4589 in
2394 4533 2669 4590 maritum
2701 4537 2757 4588 et
2788 4530 3069 4603 pudicitia
3119 4530 3369 4601 insignis
3427 4536 3483 4583 et
3537 4528 3767 4584 illustre

337 4635 450 4691 .Iva
477 4628 533 4686 δὲ
593 4629 672 4702 μὴ
727 4624 764 4700 ᾖ
806 4624 870 4679 τὸ
918 4622 1169 4700 πραχθὲν
1223 4619 1626 4713 ἀπροφάσιστον
1673 4620 1762 4713 καί
1824 4624 1995 4694 προῖξ-

2112 4624 2420 4679 muliebris
2450 4638 2626 4679 sexus
2643 4625 3074 4687 ornamentum,
3111 4620 3327 4675 frustra
3359 4617 3473 4672 sibi
3505 4616 3614 4687 ipsi
3641 4631 3765 4672 ma-

344 4742 479 4778 πτον
509 4716 601 4774 διὰ
627 4718 792 4772 τοῦτο
831 4712 894 4768 τὸ
945 4709 1228 4787 βασιλικὸν
1273 4706 1519 4781 ἀδίκημά
1564 4727 1624 4764 τε
1665 4706 1756 4762 καὶ
1819 4708 2001 4782 ἄσχη-

349 4810 591 4884 μόνημα,
664 4804 718 4860 οἱ
786 4800 1118 4878 συκοφάνται
1174 4804 1426 4874 παρῆσαν
1485 4795 1640 4870 ἐγγὺς
1720 4793 2004 4884 ὑφειμένοι

345 4882 472 4973 παρ’
503 4895 579 4952 ὧν
613 4885 1028 4960 ὑπεϐλήθησαν,
1086 4887 1177 4944 καὶ
1231 4889 1484 4963 γοητεῖαι
1535 4885 1672 4940 κατὰ
1734 4882 2004 4959 βασιλέως

345 4989 414 5044 τὰ
440 4988 740 5059 αἰτιάματα
768 4979 925 5036 οὔπω
980 4978 1118 5035 πάνυ
1163 4999 1217 5034 τι
1266 4974 1487 5042 πιθαναὶ
1545 4980 1633 5031 καί
1682 4973 2007 5051 δρασκήριοι

354 5077 432 5141 ὡς
461 5080 637 5132 ποιεῖν
665 5072 761 5128 τὸν
792 5069 1135 5145 κεχρημένον
1177 5067 1480 5140 πετόμενον
1536 5064 1626 5119 καὶ
1676 5062 1805 5139 μηδ’
1856 5064 2006 5129 ὅλως

351 5166 629 5242 θεώμενον
683 5160 802 5216 καθ’
859 5158 933 5213 ὧν
992 5156 1056 5213 ἄν
1122 5155 1470 5218 ὶπεισπέσθαι
1527 5151 1828 5232 ξιφηφόρος
1883 5154 2007 5229 βοά.

352 5256 530 5326 λοιτο,
573 5248 682 5308 καὶ’
722 5246 858 5320 ἕτερ’
918 5243 1051 5301 ἄττα
1099 5243 1412 5320 βωμολόχα
1450 5242 1541 5296 καὶ
1588 5244 1778 5307 ἀκοαῖς
1829 5245 2004 5320 ὑγιαι-

341 5345 564 5407 νούσαις
594 5340 703 5397 οὐκ
741 5332 1130 5409 εὖπαράδεκτα,
1180 5334 1347 5389 ὁποῖα
1390 5330 1561 5387 πάλαι
1609 5336 1706 5387 τοῦ
1757 5332 2004 5408 Περσὲως

2118 4730 2229 4768 nus
2259 4712 2463 4768 afferre
2500 4716 2728 4780 conata,
2772 4712 2846 4767 ad
2876 4709 3068 4783 patrui
3101 4709 3277 4782 pedes
3308 4706 3552 4779 supplex
3587 4707 3764 4761 advo-

2116 4801 2240 4856 luta
2269 4818 2621 4873 summoque
2679 4817 2812 4856 cum
2847 4800 3005 4855 luctu
3036 4803 3091 4854 et
3120 4796 3495 4854 sanctissimo
3535 4795 3766 4865 jureju-

2115 4892 2297 4947 rando
2356 4890 2552 4947 mariti
2593 4890 2984 4946 innocentiam
3042 4893 3099 4944 et
3154 4904 3292 4959 erga
3348 4887 3763 4959 imperatorem

2116 4981 2290 5036 ﬁdem
2324 4984 2498 5051 atque
2554 4978 2982 5036 observantiam
3040 4977 3373 5045 testificata,
3429 4988 3770 5047 permovere

2113 5074 2312 5124 tamen
2362 5070 2492 5140 ejus
2522 5067 2785 5124 animum
2816 5068 2889 5123 ad
2943 5065 3426 5134 misericordiam,
3487 5063 3763 5136 quamvis

2113 5156 2427 5214 miserabili
2454 5156 2787 5223 habitu,nec
2809 5154 3146 5212 asententia
3177 5154 3328 5210 189
3352 5154 3639 5209 deducere
3659 5165 3769 5222 po-

2112 5247 2239 5302 tuit.
2266 5246 2464 5317 Itaque
2486 5262 2553 5301 ex
2574 5249 2853 5318 perpetuo
2879 5259 3118 5302 mmrore
3141 5243 3478 5300 solitudinis
3500 5245 3556 5298 et
3580 5241 3766 5307 luctu,

2112 5341 2286 5393 castae
2318 5334 2562 5392 turturis
2604 5335 2810 5405 instar,
2836 5335 3048 5393 mentis
3075 5348 3269 5391 errore
3302 5348 3489 5404 usque
3534 5329 3605 5385 ad
3637 5327 3765 5386 obi-

1743 5477 1914 5541 Hier.
1945 5478 2159 5542 Wolﬁi
2187 5486 2377 5541 notas.

410 5619 529 5693 (90)
551 5614 682 5693 ςΐῶν
744 5606 1012 5693 πρότριτα
1071 5605 1489 5693 λανθανόμενοι,
1529 5603 2008 5693 βοξειξινὶλροῐρει

335 5674 455 5748 hoc
476 5674 572 5747 v'el
602 5684 683 5743 ad
713 5674 1069 5738 meritorum
1099 5684 1162 5736 et
1189 5674 1394 5735 rerum
1422 5681 1727 5749 gestarum
1755 5674 2008 5732 oblivio-

2116 5620 2276 5672 nem,
2306 5603 2399 5661 vel
2449 5605 2519 5663 ad
2579 5605 2949 5666 insolentiam
3001 5604 3264 5678 pristiam
3322 5600 3497 5660 sortis
3556 5598 3769 5654 imme-

2117 5693 2359 5734 morem.
