4140 6290
395 375 512 432 487

1709 361 2030 429 ΝΙΟΕΤΕ
2070 361 2494 429 ΟΗΟΝΙΑΤΛΕ

3689 365 3814 428 ‘88

398 511 524 563 tum
559 506 766 562 ail‘ecta
805 506 862 560 et
893 505 1024 561 tabe
1079 504 1341 561 confecta
1364 507 1476 572 est,
1533 502 1764 560 duobus
1790 500 1927 558 filiis
1957 517 2042 556 su-

2159 498 2574 577 λογοποιοῦντες
2639 499 2938 578 καηγόρευν
3020 499 3318 572 Ἕλληνες.
3391 499 3491 556 Ἠν
3574 495 3653 568 δὲ,
3740 499 3816 561 ὡς

401 597 763 670 perstitibus.
797 597 865 650 At
893 594 1134 650 Alexius
1165 594 1394 666 nigrum
1429 593 1697 650 habitum
1746 591 2053 664 amplexus

399 690 592 743 divino
622 701 818 741 amore
859 683 1180 749 levabatur,
1237 683 1453 738 summi
1502 682 1638 738 boni
1693 681 2054 752 appetitione

397 776 770 845 acquiescens
824 777 880 828 et
911 773 1097 827 instar
1155 772 1367 843 aquilas
1415 772 1473 826 in
1508 769 1764 826 nubibus
1801 768 2053 824 volantis

395 865 670 920 inferiora
744 861 1090 932 despiciens.
1155 861 1296 916 Cum
1359 864 1578 928 autem,
1636 860 1777 914 dum
1840 858 2052 930 opibus

395 954 692 1019 afﬂuebat,
761 967 1036 1007 summus
1085 956 1308 1007 amator
1361 955 1516 1006 esset
1572 948 1936 1005 lautitiarum
1995 951 2053 1003 et

395 1042 671 1100 convinis
695 1041 1096 1106 delectaretur,
1131 1051 1304 1112 alque
1334 1055 1539 1095 omnes
1565 1037 1892 1109 voluptates
1919 1053 2052 1093 con-

394 1138 733 1190 sectaretur.
765 1135 822 1186 et
871 1129 1147 1186 carnibus
1182 1145 1286 1184 nec
1311 1127 1672 1198 jejuniorum
1721 1125 1950 1190 diebus,
1988 1128 2052 1180 ut

395 1224 540 1280 feria
571 1227 778 1294 quarta
807 1225 864 1276 et
894 1219 1167 1292 septima,
1201 1235 1307 1274 nec
1337 1217 1471 1274 aliis
1501 1217 1867 1274 solemnibus
1893 1215 2050 1271 feriis

396 1313 734 1380 abstineret,
767 1316 892 1365 tum
924 1308 1122 1365 crudis
1156 1307 1352 1362 herbis
1383 1309 1440 1362 et
1469 1306 1656 1377 pomis
1687 1304 2048 1371 vescebatur,

385 1402 633 1476 jejuniis
665 1400 978 1474 gaudebat,
1011 1414 1077 1454 ac
1107 1397 1342 1452 tandem
1369 1395 1634 1468 piscibus
1665 1395 1841 1450 etiarn
1885 1393 2050 1449 testis

389 1496 598 1550 diebus
629 1509 731 1565 pro
773 1490 997 1546 deliciis
1029 1488 1376 1544 suavisime
1405 1486 1770 1543 vescebatur.
1805 1483 2049 1549 Quoties

393 1589 590 1640 autem
623 1586 880 1638 veterum
927 1577 1306 1650 cupediarum
1361 1581 1416 1632 et
1446 1575 1685 1630 curiosae
1732 1573 1894 1630 illius
1944 1589 2044 1643 po-

395 1673 546 1746 picae
571 1670 993 1736 recordabatur,
1022 1665 1396 1722 condimenta
1427 1664 1529 1720 illa
1553 1663 1698 1719 nihil
1728 1662 1890 1718 aliud
1920 1676 2049 1718 esse

397 1762 624 1818 dicebat
658 1759 768 1816 nisi
807 1758 1021 1814 ventris
1071 1755 1374 1812 fastidium
1411 1759 1470 1810 et
1525 1752 1816 1826 appetitus
1862 1751 2048 1807 irrita-

2159 585 2346 662 ᾔδετο,
2383 594 2493 645 τῶν
2532 594 2882 668 συκοφαντῶν
2938 594 3037 646 τοῦ
3085 587 3280 664 ἀνδρὸς
3311 591 3339 644 ὁ
3370 589 3816 666 προχειρότατος

2158 681 2364 754 Ἀαρών
2410 702 2494 742 τις
2540 681 2826 749 Ἱσαάκιος,
2885 681 3208 755 Κορινθόθεν
3281 680 3376 755 μέν
3461 681 3814 754 ὁρμώμενος,

2157 770 2256 837 τήν
2319 767 2376 824 δὶ
2432 768 2689 826 Λατινίδα
2740 769 2992 846 γλῶτταν
3053 769 3234 844 ἄκρως
3285 769 3601 840 έξησκηκὼς
3651 769 3815 838 ἡνίκα

2161 860 2496 937 συναπήχθη
2531 865 2648 922 τοῖς
2696 861 3030 932 πατριώταις
3079 859 3158 920 εἷς
3203 857 3456 914 Σικελίαν
3517 856 3814 932 αἰχμάλω-

2156 967 2273 1018 τος,
2333 949 2425 1003 καὶ
2461 955 2580 1010 τοῖς
2645 947 2705 1004 ἔκ
2745 955 2844 1018 τῆς
2887 946 3174 1004 διαλέκτου
3221 947 3425 1017 ταύτης
3471 952 3552 1019 τῷ
3596 947 3814 1022 βασιλεῖ

2159 1036 2582 1113 ἐντυγχάνουσιν
2643 1034 2948 1099 ὑποϐολεὺς
3004 1041 3307 1108 τηνικαῦτα
3375 1038 3694 1113 γενόμενος.
3745 1037 3810 1093 Ἦ

2159 1123 2216 1180 δὲ
2243 1132 2340 1182 τοῦ
2381 1129 2440 1183 Ἀ
2460 1127 2632 1198 λεξίου
2687 1129 2848 1204 γυνὴ,
2900 1129 3143 1202 Θυγάτηρ
3199 1125 3333 1182 οὖσα
3379 1130 3476 1181 τοῦ
3533 1145 3810 1202 πορφυρο-

2156 1217 2416 1288 γεννήτου
2449 1213 2718 1286 ’Δλεξίου,
2751 1217 2812 1281 ὅς
2841 1215 3208 1292 ἐπρωτοτόκει
3249 1221 3360 1271 τῶν
3399 1219 3499 1271 τοῦ
3539 1215 3806 1284 Μανουὴλ

2158 1301 2428 1381 ἀδελφῶν,
2481 1303 2862 1382 ἐφιλοτιμεῖτο
2933 1306 3030 1379 μὶν
3085 1305 3282 1374 ἑαυτὴν
3333 1304 3562 1376 ἀνελεῖν,
3609 1303 3805 1383 φιλαν-

2161 1391 2313 1468 δρίαν
2342 1393 2432 1448 καὶ
2483 1395 2838 1470 σωφροσύνην
2895 1392 2948 1449 ἒν
3004 1399 3123 1458 ταῖς
3183 1393 3419 1468 μάλιστα
3473 1397 3580 1449 τῶν
3633 1413 3811 1468 γυναι-

2159 1486 2270 1536 κῶν
2327 1483 2647 1557 ἀγαπήσασα
2726 1483 2817 1539 καὶ
2900 1486 3201 1558 τιμήσασα,
3259 1484 3349 1539 καὶ
3422 1487 3533 1540 τῶν
3591 1481 3652 1538 ἒκ
3712 1485 3810 1538 τοῦ

2156 1571 2342 1646 γένους
2392 1571 2705 1649 θηλυτέρων
2764 1571 3116 1630 καλλιστεῖον
3177 1571 3309 1628 οὖσα
3388 1571 3478 1628 καί
3553 1571 3806 1646 λαμπρὸν

2159 1659 2520 1734 έπικόσμημα
2573 1661 2664 1716 καὶ
2721 1660 3086 1738 περιλάλημα
3130 1668 3247 1725 τοῖς
3295 1667 3456 1717 πᾶσιν
3525 1661 3805 1736 έράσμιονο

2158 1752 2258 1804 τοῦ
2285 1749 2544 1806 τοιούτου
2585 1747 2633 1804 δ’
2682 1749 3089 1826 ἐγχειρήματος
3136 1749 3519 1824 έκκρουσθεῖσα
3569 1753 3807 1805 πεσοῦσα

394 1859 585 1908 menta
619 1868 632 1906 :
695 1853 963 1906 naturam
1015 1846 1170 1902 enim
1205 1845 1410 1917 paucis
1441 1859 1570 1900 esse
1601 1848 1956 1910 contentam,
1989 1845 2042 1897 et

2162 1843 2560 1913 προσεκνυζᾶτο
2620 1845 2740 1903 τοῖς
2796 1844 2894 1896 τοῦ
2951 1839 3096 1895 θείου
3161 1840 3250 1896 καὶ
3310 1835 3583 1914 βασιλέως
3657 1839 3810 1911 ποσὶ,

2223 1928 2236 1941 .
2299 1924 2353 1941 η
2387 1933 2410 1941 _
2758 1927 2770 1941 .
3056 1929 3068 1941 .
3347 1931 3360 1941 .
3546 1931 3640 1941 .-..

391 1942 602 1998 bonam
655 1937 912 2010 corporis
943 1935 1341 1991 habitudinem
1395 1932 1602 2005 quovis
1658 1931 1774 1988 cibi
1827 1947 2035 2004 genere

2154 1928 2240 1982 καὶ
2297 1924 2472 1984 ἐδεῖτο
2528 1927 2844 2003 κοπτομένη
2901 1929 3227 2005 θερμότερον
3286 1931 3466 2007 φήνης
3541 1931 3648 2002 (91)
3706 1944 3807 1998 καὶ

387 2047 548 2101 teque
577 2027 922 2085 conservari.

389 2114 911 2189 πολυπενθέστερον,

2146 2013 2528 2086 ἒλεεινότερον,

2146 2037 2528 2090 εΛεεινοτερον,
2623 2037 2934 2094 ορακοντων
3025 2037 3440 2094 οουνηροτερον,
3531 2037 3802 2083 αλκυονος

1006 2113 1336 2188 χαρίσασθαι
1411 2110 1502 2165 τὸν
1577 2105 1744 2183 ἃνδρα
1817 2107 1980 2182 αὐτῇ,
2063 2108 2448 2180 μαρτυρομένη
2525 2109 2676 2177 Θεὸν,
2751 2109 2842 2165 καὶ
2916 2109 2966 2165 εἲ
3037 2111 3090 2165 τί
3165 2131 3271 2165 που
3346 2107 3616 2188 φρ.κῶδες
3687 2115 3808 2172 τοῖς

2623 2015 2934 2094 δρακόντων
3025 2017 3440 2094 ὀδυνηρότερον,
3531 2017 3802 2083 ἀλκυόνος

390 2201 674 2260 εὗσεϐοῦσι
737 2209 967 2278 πρᾶγμα
1024 2201 1115 2256 καὶ
1173 2197 1354 2273 ὄνομα
1417 2193 1880 2274 ἀπαραλόγιστον,
1938 2196 2073 2252 εἶναι
2128 2202 2229 2265 τῆς
2284 2195 2494 2251 ἐκείνου
2555 2196 2834 2272 βασιλείας
2891 2198 3191 2274 θεράποντα
3253 2199 3345 2254 καὶ
3426 2197 3809 2254 ἀκαταιτίατον

390 2294 566 2369 πάντῃ
597 2294 688 2349 τὸν
723 2293 944 2362 εύνέτην
1005 2291 1196 2360 αὐτῆς.
1257 2288 1412 2348 Ἀλλ’
1473 2288 1572 2344 οὐκ
1651 2287 1850 2363 ’ἰσχυσε
1909 2287 2232 2360 μεταθέσθαι
2285 2287 2385 2356 τὴν
2445 2288 2675 2360 γνώμην
2730 2293 2828 2343 τοῦ
2887 2287 3307 2364 αὐτοκράτορος,
3375 2285 3490 2343 οὐδ’
3541 2285 3806 2343 ἀναλῦσαι

395 2385 540 2447 δλως
572 2386 706 2460 ἅπερ
734 2381 930 2454 ἐκῦίνῳ
958 2379 1066 2451 ἤδη
1124 2378 1400 2454 κεκύρωτό
1457 2399 1576 2440 πως
1628 2377 1721 2434 καὶ
1779 2374 2024 2446 δέδοκτο,
2084 2375 2174 2432 καὶ
2241 2381 2408 2433 ταῦτα
2460 2377 2566 2442 ἓως
2624 2377 2868 2456 δακρύων
2927 2379 3088 2436 αὐτὸν
3144 2380 3234 2434 καὶ
3293 2379 3386 2450 θέᾳ
3441 2377 3656 2453 έλεεινῇ
3714 2378 3809 2433 καὶ

395 2476 676 2549 σχήμασιν
753 2471 1034 2544 ἱλασίμοις
1111 2470 1199 2525 καὶ
1277 2467 1514 2544 ῥήμασιν
1587 2467 1830 2542 οἰκτροῖς
1901 2464 2262 2536 ἔκθηλύνασα.
2323 2468 2551 2542 Ἀμέλει
2623 2471 2714 2526 καὶ
2785 2473 2882 2526 τὸν
2956 2469 3288 2549 φιλοδακρον
3363 2468 3570 2549 ἔχουσα
3668 2471 3809 2525 κατά

393 2564 488 2626 τὰς
548 2563 971 2642 φιλοσώφρονας
1025 2561 1290 2636 τρυγόνας
1349 2559 1416 2614 τὰ
1471 2555 1731 2614 οἰκόπεδα
1785 2557 2129 2633 περιέτρυζεν
2186 2556 2550 2632 ὀλολύζουσα,
2625 2559 2715 2615 καὶ
2787 2562 2888 2630 τὴν
2965 2561 3198 2634 μόνωσιν
3274 2557 3610 2634 ἀπωδύρετο·
3685 2559 3805 2614 ὃθεν

391 2655 481 2708 καὶ
519 2658 588 2728 τῇ
664 2645 1019 2727 περισσοτέρᾳ
1095 2647 1242 2722 λύπῃ
1313 2650 1680 2703 καταποθεῖσα
1749 2649 1812 2704 τὸ
1889 2655 2104 2724 φρονεῖν
2179 2649 2619 2722 παρακέκοπται,
2689 2651 2782 2707 ἐπὶ
2857 2653 3042 2706 παισὶν
3119 2651 3304 2729 ἇρῥεσι
3379 2648 3497 2706 δυσὶ
3535 2652 3598 2706 τὸ
3653 2649 3804 2726 βίοῦν

393 2745 798 2819 καταχαίνουσα
855 2741 946 2797 καὶ
1005 2741 1200 2810 έαυτήν
1256 2739 1332 2801 εἰς
1384 2737 1544 2802 τέλος
1596 2737 2090 2812 καταμαραίνουσα.
2153 2742 2249 2796 Καὶ
2309 2739 2552 2813 Ἀλέξιος
2614 2743 2709 2816 μὲν
2767 2743 2828 2798 τὸ
2915 2741 3084 2816 μέλαν
3151 2743 3530 2816 ἀσπασάμενος
3601 2741 3801 2820 ἃμφιον

389 2841 506 2897 τοῖς
569 2833 733 2898 θείοις
811 2831 1123 2908 έκουφίζετο
1182 2824 1368 2904 ἔρωσι,
1424 2833 1522 2884 τοῦ
1593 2827 1890 2902 ἀκροτάτου
1942 2833 2050 2884 τῶν
2104 2829 2304 2905 ἐφετῶν
2359 2831 2639 2912 ἐφιέμενος
2695 2833 2785 2888 καὶ
2841 2835 2916 2895 ὡς
2987 2833 3253 2908 ὑψιπέτης
3285 2832 3437 2894 ἀετὸς
3492 2835 3602 2888 τῶν
3656 2831 3802 2886 κάτω

395 2922 852 2998 ὑπεριπτάμενος,
931 2917 1303 2994 Κρεωδαισίας
1377 2915 1424 2973 δ’
1498 2915 1662 2990 ἄκρος
1736 2914 1811 2970 ὢν
1887 2916 2116 2990 ἐρασνὴς
2187 2919 2277 2975 καὶ
2351 2923 2666 2994 καρυκείαις
2743 2920 2952 2998 χαίρων
2995 2923 3302 2999 βρωμάτων
3340 2921 3430 2977 καὶ
3468 2920 3803 2985 πανθοινίαις

399 3011 810 3084 προσκείμενος,
861 3011 1096 3080 ὁπηνίκα
1153 3007 1380 3080 πλούτῳ
1410 3005 1611 3079 πολλῷ
1639 3007 1976 3084 περιερρεῖτο
2006 3007 2098 3062 καὶ
2152 3015 2270 3072 τοῖς
2303 3011 2439 3065 κατὰ
2481 3013 2688 3084 κόσμον
2723 3011 3000 3076 ένεύπάθει
3027 3013 3279 3074 τεόπνοῖς
3303 3016 3578 3086 τερπνοῖς,
3611 3011 3684 3072 ὡς
3713 3007 3800 3064 καὶ

400 3101 496 3164 τὰς
566 3098 868 3172 νηστίμους
945 3104 1052 3153 τῶν
1129 3099 1215 3168 ἶΡ.
1257 3100 1348 3170 95]
1421 3099 1642 3171 ἡμερῶν
1721 3093 1988 3172 (Τετράδα
2062 3097 2204 3174 φημὶ
2280 3099 2371 3154 καὶ
2448 3101 2818 3175 Ηαρασκευὴν)
2865 3096 3176 3178 κρεωϐόρον
3229 3103 3381 3173 αύτῷ
3418 3099 3796 3174 παρατίθεσθαι

397 3191 690 3262 τράπεζαν,
733 3186 766 3257 ἤ
809 3194 1140 3256 Δεσποτικῆς
1215 3187 1354 3242 κατά
1424 3187 1622 3248 ταύτας
1694 3185 1918 3255 τελετῆς
1993 3186 2269 3262 ἀγομένης
2343 3188 2378 3258 ἦ
2459 3191 2685 3262 μνήμης
2761 3187 2978 3260 ἐνδόξου
3057 3189 3327 3266 μάρτυρος
3385 3187 3710 3261 τελουμένης
3751 3183 3789 3254 ἤ

394 3299 544 3352 τινος
617 3283 726 3332 τῶν
804 3273 1020 3331 ὀπαδῶν
1092 3279 1201 3331 τῶν
1279 3279 1538 3350 Χριστοῦ,
1612 3274 1735 3330 τότε
1809 3281 2111 3354 ποηφαγῶν
2185 3278 2274 3332 καὶ
2346 3283 2466 3340 ταῖς
2515 3279 2759 3354 ὀπώραις
2797 3279 3185 3353 ένξστιώμενος
3244 3279 3335 3334 καὶ
3381 3284 3493 3334 ταῖς
3532 3276 3789 3337 ἀκάπνοις

397 3365 538 3430 θύων
596 3369 705 3419 τῶν
759 3368 1037 3440 τραπεζῶν
1093 3363 1184 3416 καὶ
1234 3362 1298 3416 τὸ
1363 3365 1553 3436 πεινῇν
1609 3367 1808 3417 πεινῶν
1867 3363 2136 3437 ἀτεχνῶς,
2196 3366 2294 3440 ὀψὲ
2351 3365 2408 3422 δέ
2464 3369 2552 3422 καὶ
2624 3367 2830 3444 ἰχθύων
2886 3368 3210 3445 ένεορτάζων
3286 3373 3406 3432 ταῖς
3475 3363 3793 3442 παραθέσεσι

389 3451 606 3532 ἔχαιρεν
681 3452 767 3507 ’ὁτι
847 3452 1101 3525 μάλιστα,
1177 3451 1268 3506 καὶ
1347 3451 1572 3524 μνήμην
1646 3454 1754 3505 τῶν
1825 3452 2105 3526 προτέρων
2183 3451 2474 3529 λαμϐάνων
2548 3458 2948 3532 ὀψαρτυμάτων
3024 3458 3114 3514 καὶ
3188 3465 3288 3528 τῆς
3347 3457 3633 3532 περιέργου
3685 3459 3794 3510 τῶν

391 3549 564 3622 κρεῶν
641 3542 996 3619 δαιτρεύσεως
1071 3542 1340 3615 ἀκκισμὸν
1415 3539 1600 3596 ἐκάλει
1673 3541 1890 3605 κοιλίας
1965 3543 2055 3598 καὶ
2132 3543 2358 3619 ὀρέξεως
2436 3543 2663 3618 μέθοδον
2741 3548 2838 3601 ὅσα
2913 3549 2968 3602 οἱ
2997 3544 3306 3625 ἀδδηφάγοι
3356 3546 3446 3602 καὶ
3484 3543 3796 3624 κρεωφάγοι

389 3635 753 3709 προτίθενται,
789 3635 865 3707 μὴ
917 3630 1171 3687 δύνασθαι
1222 3627 1471 3707 Λέγοντες
1521 3634 1619 3686 τοῦ
1677 3628 1808 3707 ἄγαν
1872 3632 2180 3708 ὑποχαλᾷνσ
2232 3640 2336 3690 πᾶν
2393 3637 2492 3710 γὰρ
2550 3641 2614 3692 τὸ
2669 3637 3096 3712 παρατιθέμενον
3157 3635 3349 3694 εἰδέναι
3399 3637 3462 3692 τὸ
3521 3637 3797 3710 σωμάτιον

390 3731 633 3798 συνιστᾷν
665 3727 755 3782 καὶ
788 3724 989 3794 εύεξίας
1021 3725 1156 3780 εἶναι
1184 3724 1495 3793 ποιητικόν.

460 3819 663 3873 Utrum
697 3833 827 3874 vero
859 3816 1136 3883 vindicta,
1161 3831 1294 3871 cum
1315 3819 1398 3871 tot
1416 3830 1626 3870 manus
1657 3819 1714 3870 et
1747 3815 1922 3887 pedes
1940 3813 2036 3871 ha-

2223 3815 2289 3872 Tl
2331 3812 2388 3870 δὲ
2416 3816 2452 3884 ἡ
2504 3815 2639 3892 φίλη
2691 3812 2815 3886 δίκη
2848 3833 2862 3884 ;
2895 3817 2997 3889 ἄρα
3044 3816 3333 3878 πολύπους
3382 3813 3475 3870 καὶ
3518 3815 3795 3890 πολύχειρ

385 3908 536 3976 beat,
554 3923 680 3963 cum
715 3909 882 3963 acute
901 3906 1054 3961 I90
1070 3905 1266 3960 omnia
1290 3903 1600 3977 perspiciat
1622 3907 1678 3960 et
1702 3903 2034 3974 patentibus

385 3999 620 4071 praedita
653 4001 730 4054 sit
764 3997 1024 4066 auribus,
1045 3997 1426 4062 obliviscitur,
1451 4013 1524 4052 an
1556 4011 1671 4052 non
1703 3997 2040 4053 considerat

387 4092 487 4142 aut
509 4087 743 4158 penitus
776 4084 992 4141 inultas
1031 4084 1286 4155 praeterit
1316 4083 1689 4154 impudentes
1719 4083 2037 4140 calumnias

385 4179 438 4229 et
462 4175 868 4230 accusationes
897 4173 1184 4228 bonorum
1241 4172 1494 4228 virorum
1523 4171 1552 4226 ?
1607 4188 1725 4227 non
1779 4171 2032 4239 utique:

387 4261 490 4316 sed
519 4266 640 4314 tum
699 4276 928 4332 quoque
959 4261 1276 4316 declaravit
1307 4277 1374 4316 ea
1405 4277 1467 4315 se
1526 4261 1847 4332 perspicere
1909 4277 2036 4331 quis

383 4348 446 4405 in
475 4349 697 4406 telluris
751 4349 1068 4406 recessibus
1111 4354 1384 4422 aguntur,
1419 4354 1476 4405 et
1529 4349 1780 4405 obscura
1820 4349 2036 4422 linguas

386 4456 690 4496 murmura
746 4439 1040 4496 exaudire.
1073 4441 1158 4496 An
1212 4456 1344 4496 vero
1376 4439 1710 4511 imperatori
1755 4439 1928 4494 etiam
1961 4439 2034 4495 ob

382 4530 654 4602 iniquum
715 4531 872 4587 istud
924 4531 1152 4586 facinus
1197 4529 1622 4596 succensuerit,
1682 4543 1800 4584 non
1855 4528 2034 4600 hujus

381 4621 658 4694 temporis
691 4624 780 4678 est
821 4620 1028 4676 dicere.
1053 4620 1368 4691 Oportebat
1389 4621 1546 4674 certe
1575 4618 1813 4690 quidem
1845 4616 2032 4686 illum,

387 4713 454 4764 ut
508 4709 696 4766 virum
739 4711 1081 4782 prudentem
1133 4713 1190 4764 et
1243 4725 1356 4764 non
1391 4708 1715 4779 indoctum,
1752 4724 1868 4764 non
1901 4723 2032 4778 pro-

385 4801 582 4869 pterea
628 4800 786 4870 quod
836 4798 1014 4855 Alexii
1073 4813 1284 4855 nomen
1323 4815 1358 4854 a
1387 4799 1583 4854 littera
1639 4799 1683 4854 Α
1731 4797 2032 4869 inciperet,

389 4901 519 4940 eum
579 4891 644 4941 ut
695 4887 1094 4944 insidiatorem
1145 4894 1202 4944 et
1255 4903 1652 4944 successorem
1703 4891 2034 4960 suspectum

393 4972 625 5041 habere,
683 4977 784 5030 sed
820 4975 1048 5048 imperii
1100 4976 1362 5033 habenas
1391 4978 1440 5032 ei
1474 4977 1774 5044 mandare,
1827 4975 1924 5048 qui
1975 4991 2036 5031 se

386 5063 447 5118 in
479 5063 827 5136 Apocalypsi
855 5065 1101 5123 Joannis
1133 5067 1498 5137 evangelista:
1528 5071 1584 5123 et
1612 5066 1871 5137 theologi
1903 5069 1945 5118 Δ
1979 5068 2037 5121 et

2150 3905 2282 3960 οὖσα
2336 3901 2628 3979 ὀξυδερκής
2671 3926 2738 3960 τε
2782 3907 2872 3961 καὶ
2921 3904 3247 3981 πανδερκὴς,
3298 3907 3387 3960 καὶ
3448 3909 3648 3978 μικροῦ
3689 3926 3794 3960 πο-

2151 3990 2310 4067 δῆρες
2342 3994 2403 4048 τὸ
2438 3991 2530 4054 οὖς
2563 3991 2788 4071 ἔχουσα,
2845 3991 3092 4065 λήθεται,
3123 3993 3160 4064 ἤ
3193 3994 3296 4049 οὐκ
3344 3991 3510 4048 ἒννοεῖ
3537 3991 3574 4063 ἤ
3606 3991 3791 4050 τέλεον

2147 4081 2406 4156 παρίησιν
2439 4079 2768 4153 ἀνεκδίκητα
2825 4082 2925 4137 ὅσα
2973 4081 3060 4138 έπί
3105 4103 3244 4138 τισιν
3293 4079 3524 4145 ἀναιδῶς
3579 4083 3632 4136 οἱ
3678 4086 3786 4136 τῶν

2149 4169 2468 4227 ἔπαινετέων
2497 4174 2801 4248 κατήγοροι
2857 4173 3252 4250 συρῥάπτουσιν
3308 4170 3530 4240 ἕκδικα;
3576 4173 3790 4246 Ούμενο

2148 4263 2260 4328 οῦν,
2317 4258 2464 4316 ἀλλά
2523 4261 2873 4341 παρυπέφηνε
2928 4261 3018 4316 καὶ
3074 4262 3200 4316 τότε
3255 4261 3329 4324 ὡς
3384 4261 3450 4316 τὰ
3502 4259 3555 4315 έν
3625 4264 3790 4336 μυχῷ

2144 4356 2246 4425 γῆς
2278 4346 2434 4424 διορᾷ
2461 4348 2552 4405 καί
2606 4351 2674 4406 τὰ
2721 4351 2825 4405 ὑπὸ
2882 4349 3130 4427 γλῶτταν
3180 4349 3489 4420 ἔνωτίζεται
3531 4352 3792 4424 τονθορυ-

2147 4439 2367 4510 ζόμενα.
2400 4437 2468 4496 Ei
2533 4439 2628 4512 μὲν
2675 4436 2768 4493 οὖν
2813 4440 2900 4494 καὶ
2966 4439 3182 4514 βασιλεῖ
3235 4437 3523 4512 ἐνεμέσησε
3567 4445 3669 4508 τῆς
3710 4439 3786 4512 μὴ

2145 4525 2358 4584 ἔνδίκου
2409 4529 2638 4600 ταυτησὶ
2704 4530 2969 4604 πράξεως,
3038 4529 3102 4584 ού
3153 4533 3250 4584 τοῦ
3306 4530 3570 4605 παρόντος
3623 4549 3791 4584 κατα-

2146 4616 2320 4695 λέγειν
2375 4623 2588 4692 καιροῦ·
2647 4612 2755 4673 ἕδει
2814 4615 2872 4673 δὲ
2931 4618 3097 4692 σοφὸν
3167 4613 3293 4674 ὄντα
3351 4617 3444 4674 τόν
3527 4616 3787 4687 Μανουήλ

2151 4709 2280 4783 μηδ’
2311 4709 2494 4782 ἀμαθῆ
2524 4729 2584 4764 τε
2613 4709 2706 4763 καὶ
2759 4704 3144 4787 ἀναλφάϐητον
3193 4709 3302 4784 οὐχ
3349 4709 3424 4772 ὡς
3477 4706 3788 4782 διαδεξόμεο

2143 4819 2232 4854 νον
2261 4795 2464 4854 ἐκεῖνον
2494 4798 2584 4853 καὶ
2629 4805 2730 4868 τῆς
2785 4796 2968 4873 ἀρχῆς
3015 4797 3399 4872 παραλύσοντα
3436 4798 3499 4854 τὸ
3547 4801 3594 4856 Λ
3635 4817 3788 4872 περι-

2146 4889 2481 4964 εργάζεσθαι,
2535 4885 2662 4942 ἀλλ’
2721 4884 2908 4960 ἓκείνῳ
2965 4888 3031 4944 τὰ
3085 4891 3185 4942 τοῦ
3265 4887 3456 4963 ἄρχειν
3533 4887 3785 4943 ἀνάπτειν

2144 4976 2416 5050 πείσματα
2445 4976 2507 5039 ὅς
2533 4976 2671 5031 εἶναί
2704 4997 2836 5054 φησι
2884 4978 2947 5030 τὸ
2988 4985 3031 5031 Λ
3073 4978 3165 5032 καὶ
3207 4977 3270 5032 τὸ
3320 4985 3386 5048 Ω,
3427 4979 3702 5034 τοττέστιν
3751 4979 3785 5046 ἡ

2146 5065 2294 5140 ἀρχὴ
2326 5065 2414 5118 καὶ
2447 5065 2510 5120 τὸ
2538 5064 2722 5134 τέλος,
2753 5065 2829 5129 ὡς
2885 5065 3144 5136 Ἰωάννης
3191 5066 3220 5120 ὁ
3261 5063 3650 5142 εὐαγγελιστής
3696 5065 3786 5120 καὶ

381 5157 443 5217 Ω,
476 5150 585 5207 hoc
615 5156 705 5208 est
753 5153 1106 5225 principium
1129 5158 1186 5209 et
1217 5155 1417 5221 tinem,
1441 5172 1570 5212 esse
1604 5157 1765 5223 dicit,
1797 5155 1890 5213 cui
1925 5153 2035 5211 uti-

2154 5152 2417 5227 Βεολύγος
2446 5151 2498 5208 έν
2527 5155 2597 5228 τῇ
2630 5151 3005 5227 ’Λποκαλύψει
3037 5149 3276 5210 διδάσκει
3309 5171 3396 5228 με’
3429 5153 3492 5208 οὐ
3522 5153 3628 5229 γὰρ
3669 5151 3788 5208 λεί-

379 5259 495 5314 que
525 5243 685 5300 aliud
713 5249 760 5300 A
791 5260 907 5301 non
938 5245 1280 5302 defuturum
1313 5251 1458 5304 erat.

453 5335 504 5388 7.
583 5332 1048 5391 Calumniatores
1125 5334 1358 5406 quidem
1434 5337 1579 5394 alias
1653 5337 1754 5394 alii
1828 5352 2033 5410 poenas

2143 5263 2231 5298 πει
2252 5247 2331 5315 τῷ
2361 5246 2479 5316 Θεῷ
2506 5247 2572 5302 Α.

2219 5334 2280 5402 ζ“.
2326 5329 2467 5394 Τοὺς
2525 5332 2860 5400 συκοφάντας
2919 5333 3107 5407 μέντοι
3166 5332 3426 5409 μετῆλθε,
3484 5332 3574 5390 καὶ
3631 5331 3789 5407 ἃλλφ

1758 5483 1928 5546 Hier.
1959 5480 2182 5544 Wolﬁi
2211 5485 2399 5543 notae.

455 5633 564 5710 (9!)
595 5630 936 5710 θερμότερον
963 5633 1157 5710 φήνης.
1199 5635 1386 5692 Verba
1416 5634 1500 5692 sic
1531 5639 1744 5693 sonant
1775 5654 1788 5692 :
1828 5632 2119 5692 Ardentius
2149 5641 2200 5690 et
2229 5630 2607 5690 miserabilius
2641 5631 2840 5706 fulica,
2866 5633 3196 5694 draconibus
3218 5637 3484 5701 maestius,
3517 5633 3790 5707 halcym

379 5705 692 5780 lugubrium
