4140 6290
282 408 406 469 489

1373 411 1475 474 on
1518 413 2338 496 MANUELE_COMNONO
2380 419 2530 483 LIB.
2577 424 2685 487 Iv.

3576 435 3696 500 490

287 541 386 615 μὲν
428 536 610 610 ἄλλην
664 535 818 610 δίκην
879 538 1128 612 ἐπέθηκε,
1182 545 1266 614 τῷ
1414 544 1625 618 ’Λαρὼν
1680 539 1909 637 ἐπέϐρισι

2043 550 2347 622 dederunt,
2377 558 2571 611 Aaron
2611 573 2743 615 vero
2801 561 3178 632 gravissimas
3236 565 3523 637 omnium,
3566 571 3694 629 suis

287 631 704 709 χαλεπώτερον,
760 635 878 692 ταῖς
912 630 1117 694 οῗκείας
1169 630 1430 704 ἀρπεδόσι
1471 635 1943 709 περισχοινίσασα.

288 721 421 778 Μετ’
453 719 515 774 οὐ
546 718 721 775 πολὺν
751 720 856 793 γὰρ
906 741 1026 774 τινα
1083 723 1283 795 χρόνον
1341 722 1616 778 ἁλίσκεται
1679 723 1929 799 μαγείαις

284 807 670 884 προσανέχων,
727 808 818 862 καὶ
877 808 1170 877 προῦκειτο
1233 809 1490 888 χελώνης
1554 806 1784 888 ἔκφορον
1839 812 1935 886 μί-

290 918 473 972 μημα,
566 891 718 952 ἔνδον
787 898 969 972 στέγον
1037 905 1136 966 τῆς
1207 898 1408 974 χέλυος
1467 899 1940 977 ἀνθρωπόμορφον

288 988 543 1061 εῗκασμα,
574 985 949 1059 πεπεδημένον
981 986 1146 1067 ἄμφω
1176 991 1254 1042 τώ
1284 987 1416 1044 πόδε
1462 991 1553 1044 καὶ
1602 991 1667 1046 τὸ
1715 990 1935 1066 στέρνον

284 1075 633 1148 ἐληλαμένον
681 1076 808 1149 ἥλῳ
858 1074 1175 1152 διαμπερές.
1260 1077 1442 1134 Ἑάλω
1493 1076 1548 1134 δὲ
1595 1079 1682 1134 καὶ
1738 1078 1933 1155 βίϐλον

287 1167 711 1238 Σολομώντειον
765 1164 1088 1235 ἀνελίττων,
1146 1168 1268 1236 ἥτις
1343 1167 1785 1242 ἀναπτυσσομένη
1877 1191 1934 1225 τε

281 1255 372 1311 καὶ
415 1254 753 1331 διερχομένη
813 1256 950 1311 κατᾶ
998 1255 1272 1334 λεγεῶνας
1330 1254 1576 1333 συλλέγει
1644 1261 1731 1313 καὶ
1793 1281 1934 1334 παρ-

284 1347 461 1417 ίστησι
506 1348 575 1400 τὰ
657 1343 931 1419 δαιμόνια,
999 1349 1258 1421 συχνάκις
1318 1347 1790 1422 ἀναπυνθανόμενοι
1847 1350 1932 1428 ἐφ’

279 1435 388 1508 ὅτῳ
417 1433 878 1509 προσκέκληνται,
927 1435 1017 1490 καὶ
1082 1437 1144 1490 τὸ
1204 1435 1620 1511 ἐπιταττόμενον
1681 1437 1932 1495 ἐπισπεύυ

276 1522 440 1580 δοντα
469 1529 759 1598 περατοῦν,
809 1524 897 1579 καὶ
959 1525 1256 1599 προθύμως
1315 1524 1523 1600 δρῶντα
1579 1529 1642 1583 τὸ
1695 1528 1926 1584 κελευό-

277 1635 458 1688 μενον.
492 1614 609 1670 Ούκ
637 1613 725 1668 έπί
755 1613 970 1673 τούτοις
1002 1611 1058 1668 δὲ
1092 1615 1258 1688 μόνον
1307 1617 1511 1690 Ἀαρὼν
1582 1616 1924 1688 συνείληττο,

273 1700 421 1758 αλλά
477 1701 569 1756 καὶ
630 1701 714 1756 ὅτι
775 1701 1046 1776 βασιλέως
1106 1700 1338 1758 ἐνώπιον
1401 1699 1736 1760 ὑποϐάλλων
1778 1705 1838 1770 ἃς
1867 1703 1927 1760 ἐκ

269 1797 379 1846 τῶν
425 1787 693 1865 δυσμόθεν
754 1789 918 1844 ἐθνῶν
978 1789 1304 1864 ἀφικόμενοι
1361 1787 1616 1866 πρέσϐεις
1669 1791 1924 1866 ἐκόμιζον

2051 640 2176 712 ipse
2205 641 2431 714 laqueis
2461 645 2741 704 irretitus.
2775 654 2899 706 Non
2961 653 3144 711 multo
3198 656 3351 713 enim
3402 664 3531 731 post
3563 676 3698 719 eum

2052 733 2253 802 magiae
2286 735 2615 792 studiosum
2649 755 2776 794 esse
2807 748 3173 814 compertum
3205 751 3318 815 est,
3351 753 3408 803 et
3448 750 3694 808 simula-

2046 835 2207 875 crum
2239 824 2551 881 testudinis
2580 827 2895 898 prolatum,
2932 832 2990 886 in
3024 849 3138 904 quo
3171 840 3293 891 erat
3348 836 3538 911 imago
3580 841 3690 898 ho-

2045 909 2243 975 minis,
2275 912 2371 978 qui
2406 914 2608 970 ambos
2641 917 2816 984 pedes
2846 918 3100 978 habebat
3130 923 3186 978 in
3220 909 3600 998 compedibus
3631 935 3687 986 et

2044 1005 2246 1068 pectus
2271 999 2430 1056 clavo
2488 1004 2855 1061 transﬁxum.
2914 1008 3014 1064 Est
3071 1016 3127 1066 et
3173 1011 3388 1069 librum
3423 1016 3683 1074 Solomo-

2043 1086 2205 1141 nium
2237 1089 2499 1146 evolvere
2556 1093 2973 1165 deprehensus,
3030 1098 3127 1169 qui
3187 1116 3318 1156 cum
3363 1103 3684 1176 legebatur,

2039 1173 2296 1246 legiones
2326 1180 2653 1235 daemonum
2689 1185 2833 1238 I9]
2886 1187 3233 1256 adducebat,
3282 1173 3534 1249 subinde
3591 1197 3682 1250 in-

2036 1268 2457 1336 terrogantium
2491 1285 2624 1325 cum
2648 1272 2912 1327 accersiti
2978 1281 3194 1345 essent,
3227 1295 3288 1334 se
3329 1280 3504 1349 jussa
3560 1283 3688 1340 ala-

2037 1352 2214 1408 criter
2243 1357 2711 1426 exsequentium.
2743 1363 2862 1415 Nec
2894 1377 3006 1416 una
3039 1362 3159 1419 haec
3216 1382 3396 1424 causa
3435 1369 3545 1426 fuit
3577 1388 3684 1428 cur

2035 1444 2550 1511 comprenderetur
2606 1450 2818 1513 Aaron,
2868 1451 2966 1504 sed
3026 1451 3126 1508 illa
3184 1455 3358 1512 etiam
3416 1463 3677 1517 accessit.

2033 1529 2177 1585 Cum
2205 1531 2661 1591 Occidentalium
2694 1538 2958 1609 gentium
2990 1539 3314 1613 legationes
3369 1554 3681 1618 exponeret

2029 1622 2087 1673 et
2117 1618 2482 1690 imperatoris
2517 1626 2804 1681 voluntati
2836 1643 2932 1683 eas
2963 1646 3081 1686 non
3113 1633 3391 1705 refragari
3440 1637 3678 1709 videret,

2031 1706 2089 1761 in
2123 1723 2236 1763 una
2268 1711 2660 1780 postulatione
2689 1715 2908 1785 legatos
2939 1719 3214 1792 objurgat
3245 1728 3308 1777 ut
3338 1706 3676 1785 nimiumad

2023 1797 2187 1867 jussa
2212 1802 2580 1871 exsequenda
2600 1809 3185 1879 paratos,monetque
3209 1815 3269 1866 ut
3301 1814 3677 1873 adversentur

270 1877 548 1953 ἀγγελίας,
578 1877 670 1932 καὶ
717 1879 793 1950 μή
848 1873 1249 1951 δυσαχθοῦντας
1309 1880 1452 1954 ὁρῶν
1508 1879 1645 1954 πρὸς
1702 1881 1769 1935 τὰ
1822 1883 1909 1936 τοῐ

2029 1902 2219 1957 neque
2248 1892 2368 1943 tam
2399 1890 2565 1946 facile
2595 1873 2992 1951 assentiantnr
3023 1915 3036 1953 :
3069 1897 3126 1954 id
3157 1899 3310 1955 enim
3369 1902 3452 1959 eis
3508 1904 3672 1963 lucro

277 1967 551 2043 βασιλεως
579 1964 888 2038 θελήματα,
921 1964 1245 2037 ἐπιπλήττει
1275 1967 1491 2029 τούτοις
1537 1969 1592 2022 ’s‘v
1658 1973 1754 2043 μιᾷ
1809 1974 1917 2024 τῶν

272 2059 541 2128 αἰτήσεων
576 2058 650 2118 ὡς
699 2057 835 2130 πρὸς
883 2057 978 2118 τὰς
1032 2056 1342 2121 καταθέσεις
1387 2057 1809 2132 έτοιμορῥόποις
1862 2081 1920 2116 τε

268 2148 360 2203 καὶ
392 2145 666 2213 εύκόλοις,
688 2145 780 2200 καὶ
813 2144 1132 2215 ὑποτίθησιν
1162 2143 1450 2202 ἂντιτεῖναι
1501 2149 1638 2223 πρὸς
1694 2149 1756 2204 τὸ
1808 2155 1914 2205 τῶν

269 2237 606 2310 ζητημάτων
662 2241 958 2307 τηνικαῦτα
1013 2239 1372 2310 προκείμενον
1424 2238 1512 2294 καὶ
1575 2241 1650 2312 μὴ
1713 2238 1916 2315 ῥᾳδίως

268 2329 417 2382 οὕτω
472 2327 563 2382 καὶ
657 2325 718 2381 ἐκ
790 2326 1016 2400 πρώτης
1069 2324 1512 2397 καθυπενδοῢναι,
1563 2329 1637 2392 ὡς
1683 2326 1915 2386 ἒντεῦθεν

262 2415 657 2492 κερδανοῦντας
688 2416 776 2470 καὶ
808 2414 994 2494 φιλίαν
1031 2415 1198 2488 μείζω
1232 2415 1292 2471 ἐκ
1327 2415 1597 2492 βασιλέως
1644 2419 1749 2474 κάκ
1805 2423 1911 2475 τῶν

265 2505 645 2583 ὁμογλώττων
677 2502 855 2559 πλείω
901 2506 1090 2577 τιμήν.
1143 2505 1243 2562 Καὶ
1286 2505 1408 2560 τότε
1460 2507 1554 2580 μὲν
1597 2510 1680 2581 [Ρ.
1734 2511 1824 2582 96]
1875 2511 1910 2578 ἡ

266 2592 506 2664 διάλεξις
549 2592 864 2665 διελέλυτο,
898 2594 1156 2673 ἀφώρατα
1191 2598 1270 2666 τῷ
1322 2594 1537 2670 βασιλεῖ
1593 2597 1790 2668 θεμένη
1846 2596 1914 2652 τὰ

261 2681 448 2739 τοιαδι
477 2688 573 2739 τοῦ
606 2684 817 2758 Ἀαρὼν
848 2684 1198 2760 εἷσηγήματα
1226 2684 1314 2738 καὶ
1346 2689 1426 2756 τῷ
1464 2691 1566 2754 τῆς
1620 2681 1911 2740 διαλέκτου

269 2770 520 2848 διαφόρῳ
570 2774 637 2826 τὰ
697 2767 930 2845 ἕκθεσμα
1009 2773 1292 2846 σκέμματα
1368 2774 1714 2828 συσκιάσασα·
1775 2775 1911 2830 κατὰ

278 2860 449 2933 μόνας
478 2858 535 2914 δέ
561 2863 629 2916 τὸ.
662 2857 1038 2936 προϐληθέντα
1080 2866 1186 2916 τῶν
1237 2860 1566 2934 ζητημάτων
1611 2865 1645 2932 ἡ
1691 2862 1908 2936 βασιλὶς

277 2948 647 3019 ἀναπεμπάζει
700 2951 861 3026 φρενὶ,
923 2952 1140 3014 Λατινὶς
1203 2950 1333 3006 οὖσα
1387 2954 1450 3006 τὸ
1489 2953 1638 3026 γένος
1685 2952 1909 3007 καὶτῶν

273 3037 586 3113 λεγομένων
615 3035 848 3114 ἀκριϐῶς
879 3047 1137 3111 συνιεῖσα,
1169 3042 1257 3096 καὶ
1319 3041 1678 3096 ἆνακαλύπτει
1738 3041 1909 3097 πάντα

262 3132 346 3197 τῷ
378 3125 584 3185 ἄνακτι.
618 3130 676 3186 Ὁ
707 3126 752 3184 δ’
783 3129 871 3184 ἐπὶ
922 3135 1041 3192 τοῖς
1099 3131 1460 3203 ἠκουσμένοις
1529 3130 1904 3203 ἀγανακτήσας

252 3221 436 3279 κακῶς
464 3219 555 3272 τὸν
581 3219 797 3295 Ἀαρὼν
827 3219 1030 3290 τίθησι,
1064 3223 1171 3273 τῶν
1223 3239 1281 3274 τε
1337 3218 1634 3298 ὀφθαλμῶν
1683 3220 1746 3274 τὸ
1787 3224 1901 3296 φῶς

248 3304 580 3379 ἆμαυρώσας
673 3307 764 3362 καί
823 3314 924 3376 τῆς
1008 3307 1192 3369 οὐσίας
1247 3308 1429 3378 πάσης
1499 3308 1897 3381 ἀποστερήσας.

248 3395 556 3471 Κακοεργὸς
589 3393 634 3450 δ’
666 3390 740 3449 ὥν
770 3398 798 3450 6
843 3397 1082 3470 Ἀαρὼν,
1113 3395 1204 3451 καὶ
1237 3393 1479 3470 λιχνείαν
1512 3397 1721 3474 φύσεως
1779 3397 1900 3471 περὶ

245 3483 313 3539 τὰ
343 3486 596 3559 χείριστα
628 3482 933 3560 δυστυχῶν,
963 3487 1017 3550 ἐς
1045 3485 1267 3560 ὕστερον
1302 3484 1493 3561 ἐνῆγεν
1543 3485 1891 3562 ’Δνδρὸνικον

245 3576 654 3646 τυραννήσαντα
688 3577 765 3648 μὴ
802 3574 968 3650 μέχρι
1017 3577 1112 3630 τοῦ
1167 3575 1447 3632 ἐκκόπτειν
1502 3577 1628 3638 τοὺς
1685 3577 1898 3654 ὀφθαλ-

251 3662 387 3735 μοὺς
416 3665 517 3732 τὴν
575 3667 682 3718 τῶν
748 3665 1082 3741 ἀντιφρόνων
1139 3664 1327 3737 ἐκείνῳ
1383 3666 1681 3739 τιμωρίαν,
1739 3686 1894 3741 περι-

247 3757 401 3823 εστᾷν
451 3751 578 3808 ἀλλ’
633 3753 670 3822 ἤ
740 3753 962 3817 θάνατον
1029 3754 1281 3809 ἁπάντων
1349 3754 1813 3833 καταψηφίζεσθαι
1853 3756 1890 3826 ἢ

2027 1976 2168 2046 fore,
2201 1978 2599 2051 majoremque
2629 1983 2878 2053 gratiam
2910 1987 3063 2058 apud
3095 1987 3505 2060 imperatorem
3553 1994 3672 2051 ini-

2025 2069 2189 2121 turos
2222 2070 2278 2122 et
2310 2085 2342 2122 a
2370 2069 2493 2124 suis
2523 2071 2906 2142 popularibus
2936 2075 3067 2146 plus
3100 2077 3338 2136 honoris
3387 2097 3671 2142 consecu-

2027 2162 2200 2210 turos.
2233 2161 2315 2212 Ac
2342 2160 2467 2212 tum
2494 2159 2550 2214 id
2585 2160 2939 2233 colloquium
2965 2165 3322 2239 diremptum
3343 2177 3430 2226 est
3477 2173 3672 2246 impe-

2023 2247 2213 2300 ratore
2243 2245 2314 2300 ob
2348 2247 2532 2303 Latini
2564 2251 2853 2306 sermonis
2882 2252 3233 2325 imperitiam
3266 2259 3410 2330 quid
3444 2245 3668 2320 dictum

2021 2341 2175 2388 esset
2195 2333 2512 2405 ignorante.
2537 2340 2816 2396 Caeterum
2837 2341 3178 2414 imperatrix
3198 2348 3439 2407 natione
3463 2350 3669 2409 Latina

2019 2425 2075 2476 et
2105 2424 2392 2480 sermonis
2422 2424 2582 2481 illius
2613 2428 2998 2502 peritissima,
3029 2435 3343 2505 propositis
3392 2441 3668 2510 quaestio-

2020 2509 2196 2566 nibus
2214 2514 2458 2567 seorsim
2484 2516 2890 2584 consideratis,
2921 2518 3259 2591 imperatori
3281 2509 3516 2597 exponit
3545 2546 3665 2586 om-

2017 2597 2151 2660 nia;
2186 2599 2286 2670 qui
2319 2598 2751 2660 ira‘commotus
2779 2607 2991 2661 Aaroni
3023 2616 3078 2664 et
3107 2609 3298 2667 visum
3344 2619 3400 2669 et
3457 2632 3662 2675 omnes

2016 2686 2320 2755 facul,ates
2344 2689 2651 2760 eripit.Sed
2675 2695 2745 2759 is,
2767 2699 2830 2748 ut
2850 2694 3025 2750 homo
3049 2699 3350 2756 maleﬁcus
3371 2707 3429 2757 et
3451 2711 3664 2763 natura

2018 2793 2340 2848 propensus
2369 2781 2438 2834 ad
2461 2780 2699 2850 scelera,
2732 2788 2864 2852 post
2897 2791 3099 2842 auctor
3153 2788 3283 2856 fuit,
3331 2793 3659 2852 Andronico

2005 2867 2130 2937 jam
2163 2883 2359 2923 rarum
2392 2884 2495 2940 per
2523 2871 2639 2926 vim
2683 2874 2883 2944 potito,
2945 2880 3008 2930 ut
3063 2880 3442 2938 excaecatione
3497 2884 3656 2942 haud

2013 2960 2324 3012 contentus
2347 2959 2706 3016 adversarios
2727 2967 2829 3016 aut
2855 2962 3027 3034 plane
3057 2967 3342 3025 occideret
3380 2972 3533 3029 I92
3557 2980 3659 3031 aut

2011 3045 2379 3116 gravioribus
2403 3048 2708 3120 suppliciis
2731 3059 3038 3124 coerceret,
3066 3057 3322 3129 exemplo
3346 3067 3555 3135 suapte
3587 3065 3658 3121 ad

2011 3149 2140 3189 eam
2173 3136 2496 3192 orationem
2521 3139 2986 3198 confirmandam
3038 3161 3197 3216 usus,
3233 3148 3331 3218 qui
3354 3154 3412 3205 et
3443 3152 3659 3210 viveret

2012 3231 2061 3278 et
2089 3229 2414 3282 moveretur
2435 3231 2492 3282 et
2521 3227 2768 3298 spiraret
2798 3235 2854 3285 et
2875 3230 3209 3304 loqueretur
3243 3242 3301 3294 et
3347 3243 3660 3302 consilium

2014 3314 2150 3369 dare
2183 3320 2421 3384 posset:
2457 3333 2644 3387 neque
2691 3319 2846 3375 enim
2905 3337 3186 3379 manuum
3248 3326 3299 3380 vi
3356 3328 3657 3400 duntaxat,

2012 3404 2110 3458 sed
2144 3403 2346 3475 lingua
2369 3404 2544 3460 etiam
2577 3423 2741 3479 mque
2771 3413 2945 3480 atque
2974 3425 3140 3468 acuto
3170 3415 3366 3486 gladio
3388 3420 3656 3491 jugulari

2007 3490 2533 3563 inimicos.Adjecit
2561 3503 2616 3550 et
2647 3495 2759 3551 alia
2789 3497 3112 3555 inhumana
3134 3490 3653 3580 nugamenta,qui-

2007 3583 2117 3638 bus
2150 3585 2495 3640 iracundum
2531 3586 2692 3642 illum
2726 3592 2784 3643 et
2816 3606 3111 3647 morosum
3170 3597 3537 3655 senecionem
3577 3604 3651 3657 ad

2004 3674 2190 3728 caedes
2221 3675 2660 3745 propensiorem
2693 3677 2842 3733 fecit.
2875 3681 3057 3751 Cujus
3115 3683 3367 3755 improbi
3419 3689 3646 3746 consilii

2001 3761 2158 3816 hunc
2189 3762 2443 3817 fructum
2475 3764 2634 3829 tulit,
2667 3769 2731 3820 ut
2762 3766 2832 3822 ab
2857 3767 3074 3825 Isaacio
3105 3773 3344 3842 Angelo,
3377 3776 3477 3846 qui
3520 3779 3636 3834 An-

249 3841 571 3916 βαρυτέραις
648 3840 1011 3920 ἐκμοχλεύειν
1078 3843 1386 3910 κολάσεσιν,
1463 3845 1650 3899 ἑαυτὸν
1721 3846 1887 3908 τιθεὶς

2017 3850 2303 3905 lronicum
2331 3850 2575 3920 imperio
2597 3853 2818 3923 evertit,
2847 3862 3127 3914 venenata
3156 3860 3207 3915 ei
3241 3860 3441 3934 lingua
3495 3884 3642 3937 prae-

241 3929 316 3992 εἶς
347 3928 698 4005 παράδειγμα
727 3930 1008 3995 κάντεῦθεν
1054 3933 1414 4005 πιστούμενος
1470 3933 1538 3988 τὰ
1586 3933 1880 4010 λεγόμενα,
1990 3938 2293 3994 cideretur.

243 4021 419 4088 ζῶντά
443 4041 504 4075 τε
551 4019 640 4074 καὶ
716 4021 1035 4093 κινούμενον
1112 4021 1203 4076 καὶ
1277 4022 1509 4077 πνέοντα
1581 4021 1670 4076 καὶ
1747 4022 2114 4099 φθεγγόμενον
2155 4025 2244 4080 καὶ
2323 4023 2718 4104 συμφράδμονα
2793 4030 2923 4085 εἶναι
2999 4030 3314 4107 δυνάμενον,
3389 4043 3478 4097 καὶ
3558 4047 3634 4118 μὴ

245 4108 409 4179 μόνον
441 4107 534 4163 διὰ
588 4113 790 4184 χειρῶν
822 4107 1142 4178 ἆντιλαϐἦς,
1201 4110 1346 4165 ἀλλὰ
1401 4110 1489 4166 καὶ
1566 4108 1654 4164 διὰ
1726 4110 1982 4186 γλώττης
2056 4112 2225 4184 αὒτῆς
2304 4115 2428 4170 ὡσεὶ
2483 4115 2573 4170 καὶ
2629 4117 2902 4208 μαχαίρας
2963 4123 3138 4196 ὀξείας
3189 4125 3643 4208 ἀποδειροτομεῖν

237 4197 502 4273 ἱσχύοντα
529 4199 619 4254 τὸν
650 4196 947 4272 ᾶντίδοξον,
977 4201 1067 4255 καὶ
1143 4193 1277 4274 ἕτερ’
1353 4198 1482 4255 ἅττα
1557 4199 1771 4276 φλύαρα
1843 4203 1935 4257 καὶ
2011 4203 2345 4279 ἀπάνθρωπα
2421 4205 2820 4281 ὑφηγούμενος,
2855 4206 2922 4264 δι’
2966 4213 3038 4266 ὡν
3069 4214 3131 4269 τὸ
3180 4217 3646 4294 ἀκροχολώτατον

237 4285 407 4342 ἐκεῖνο
459 4288 550 4342 καὶ
612 4287 986 4344 ὑποδύσκολον
1040 4291 1132 4344 τὸν
1177 4290 1378 4364 τρόπον
1433 4291 1711 4365 γερόντιον
1771 4299 2184 4372 χαιρησιφονεῖν
2245 4293 2332 4348 ἐπὶ
2403 4294 2615 4366 μᾶλλον
2672 4295 2995 4372 έπώτρυνεν.
3073 4306 3165 4360 Ὧν
3237 4307 3303 4377 δὴ
3386 4320 3647 4390 πονηρῶν

242 4373 266 4390 ε
331 4371 362 4390 ρ
433 4377 492 4390 ς,
702 4378 715 4390 .
997 4379 1007 4390 .
1351 4380 1364 4390 .
1471 4381 1483 4390 .
1688 4378 1700 4390 .
1810 4380 1824 4390 .
1942 4375 1970 4390 -
2136 4387 2159 4390 ,Α
2375 4385 2385 4390 -
2576 4387 2586 4390 -
2725 4386 2735 4390 -

2824 4371 2829 4372 γ
3293 4371 3303 4377 -
3518 4371 3545 4390 -ι

239 4371 574 4432 ὂιαὸουλίων
625 4378 718 4433 καὶ
771 4379 1151 4457 παραιφάσεων
1207 4380 1402 4454 πικρὰν
1458 4378 1747 4441 ἀποτιννὺς
1800 4375 2040 4454 ἀμοιῦην
2094 4387 2173 4455 τῷ
2227 4385 2512 4459 γεννήτορι
2576 4386 2787 4461 Ἀαρὼν
2847 4390 2874 4443 6
2923 4391 3014 4445 τόν
3073 4393 3415 4470 Ἀνδρόνικον
3491 4403 3649 4460 ὕστε-

241 4487 335 4536 ρον
365 4474 467 4536 τῆς
519 4468 701 4544 ἀρχῆς
732 4468 976 4524 καθελὼν
1011 4468 1274 4532 Ἰσαάκιος
1302 4471 1329 4524 6
1360 4468 1625 4545 Ἀγγελος
1658 4469 1899 4544 ἐκτέμνει
1928 4472 2028 4541 τήν
2069 4470 2233 4527 αὐτοῦ
2289 4471 2562 4548 γλῶτταν,
2631 4477 2940 4556 συναφελεῖν
2997 4501 3056 4536 τε
3111 4468 3207 4538 καὶὴ
3259 4495 3497 4562 σφανιεῖν
3551 4493 3644 4548 τὸν

240 4556 327 4612 ἰπὶ
356 4558 559 4630 ταύτης
587 4555 832 4614 σπεύδων
861 4559 966 4615 ἱόν.

309 4699 366 4754 Ὀ
423 4697 483 4754 δὲ
543 4699 800 4773 βασιλεὺς
856 4699 1120 4771 Μανουήλ
1178 4696 1442 4774 ἐπέϐλεψέ
1521 4720 1654 4755 ποτε
1727 4701 1886 4774 θυμῷ

2062 4703 2288 4760 Manuel
2321 4721 2454 4762 vero
2479 4706 2796 4778 imperator
2823 4711 3082 4770 Selerum
3137 4716 3380 4775 Sethum
3440 4725 3498 4779 et
3535 4725 3644 4782 Mi-

237 4785 458 4864 πλαγίῳ
488 4786 578 4841 καὶ
607 4788 815 4856 κινήσει
873 4785 1068 4862 ἐνδίκῳ
1115 4789 1252 4843 κατᾶ
1295 4792 1396 4844 τοῦ
1456 4791 1713 4862 ΣκΛηροῦ
1772 4787 1888 4856 Σὴθ

235 4876 322 4931 καὶ
350 4881 450 4931 τοῦ
504 4873 791 4932 Σικιδίτου
840 4878 1097 4952 Μιχαὴλ,
1147 4876 1265 4942 ὅθεν
1317 4879 1405 4933 καὶ
1440 4878 1728 4952 προστάξει
1755 4875 1883 4932 τού-

234 4985 328 5020 του
357 4969 479 5025 τοῖς
503 4965 730 5028 οἷ’κείαις
761 4959 944 5039 ὄψεσιν
988 4963 1152 5043 ἄμφω
1208 4967 1298 5022 τὸν
1361 4965 1582 5042 σίδηρον
1643 4963 1882 5038 ἐδέξαντο

235 5054 477 5122 σίζοντα,
525 5051 673 5126 λόγῳ
736 5053 832 5126 μὲν
882 5055 1242 5129 ἀστρονομίας
1297 5055 1577 5129 ἐχόμενοι,
1633 5053 1775 5130 ἔργῳ
1829 5053 1885 5111 δὲ

239 5141 597 5217 μαγγανείαις
638 5143 1024 5218 προσκείμενοι
1082 5144 1171 5198 καὶ
1226 5141 1619 5217 δαιμονώδεσιν
1680 5144 1884 5219 ἑτέροις

238 5237 612 5308 φενακισμοῖς.
653 5232 716 5289 Ὁ
755 5232 842 5286 αὲν
890 5232 993 5308 γὰρ
1052 5231 1303 5306 Σκληρὸς
1359 5232 1632 5308 έπιγάμου
1686 5235 1887 5308 παρθέ-

237 5340 328 5375 νου
357 5319 468 5395 ἤρα
499 5321 592 5376 καὶ
643 5319 830 5394 ἐπείρα
868 5318 1161 5395 λαμπρῶς,
1218 5323 1611 5397 παρορώμενος
1669 5319 1726 5378 δὲ
1782 5324 1886 5378 ὑπὸ

235 5417 329 5481 τῆς
407 5412 582 5487 κόρης
656 5408 749 5464 καὶ
825 5407 1187 5483 ἁδοξούμενος
1261 5410 1477 5468 στέλλει
1549 5411 1720 5486 ταύτῃ
1798 5412 1889 5468 διά

233 5503 563 5576 προαγωγοῦ
625 5517 780 5558 τινος
829 5497 1055 5572 γυναίου
1115 5497 1294 5572 μῆλον
1347 5501 1626 5575 Ηερσικόν.
1697 5502 1757 5558 Ἠ
1831 5499 1888 5558 δὲ

232 5591 498 5664 παρθένος
557 5585 900 5658 καταθεμένη
959 5592 1124 5642 τοῦτο
1189 5594 1269 5662 τῷ
1333 5589 1528 5663 κόλπῳ
1576 5589 1885 5663 έκμαίνεται

236 5677 385 5754 μάλα
415 5679 484 5752 δὴ
510 5679 655 5754 πρὸς
704 5670 882 5752 ἔρωτα
936 5677 1025 5732 καὶ
1083 5676 1399 5757 ἀφροδισίου
1461 5679 1885 5753 ὑποπίμπλαται

554 5811 831 5873 ΡΑτιιοι..
877 5807 989 5870 Gn.
1034 5807 1356 5872 CXXXIX.

1997 4785 2258 4848 cbaelem
2291 4794 2766 4864 Siciditemjusta
2789 4799 2874 4855 ira
2896 4807 3405 4872 permotuscaacari
3435 4811 3638 4886 jussit,

1994 4882 2094 4954 qui
2126 4882 2236 4938 sub
2270 4885 2638 4940 astronomiae
2669 4889 3030 4958 professione
3064 4895 3263 4967 magis;
3321 4903 3376 4954 et
3420 4882 3640 4960 deamo;

1995 4986 2136 5026 num
2169 4970 2516 5041 imposturis
2545 4989 2781 5045 operam
2814 4977 3052 5034 dabant.
3071 4981 3214 5039 Nam
3240 4985 3475 5047 Sclerus
3503 5009 3638 5050 cum

1996 5059 2252 5116 nubilem
2286 5063 2601 5131 quamdam
2633 5064 3107 5141 virginem,aqua
3130 5080 3637 5154 contemnebatur,

1995 5150 2298 5204 adamaret
2325 5166 2388 5204 ac
2421 5150 2730 5209 manifeste
2772 5155 3131 5231 sollicitaret,
3189 5180 3289 5234 per
3345 5170 3541 5226 lenam
3586 5150 3638 5230 ei

1998 5236 2217 5293 malum
2242 5237 2534 5293 Persicum
2570 5241 2751 5296 mittit
2783 5261 2796 5310 ;
2833 5261 2946 5314 quo
2979 5248 3167 5316 puella
3206 5251 3265 5307 in
3321 5255 3515 5313 sinum
3550 5275 3640 5315 re-

1996 5333 2180 5398 cepto,
2214 5341 2411 5381 amore
2441 5332 2497 5382 et
2531 5326 2770 5386 libidine
2800 5334 3125 5402 insaniens,
3157 5340 3228 5395 ab
3251 5341 3348 5398 illo
3379 5361 3641 5404 corrum-

1998 5417 2172 5488 pitur,
2201 5415 2354 5471 198
2389 5416 2589 5488 puellae
2621 5435 2753 5476 vero
2785 5426 3014 5495 cognati
3046 5426 3274 5486 lacinus
3306 5432 3365 5488 id
3412 5435 3646 5507 indigne

1997 5506 2267 5570 ferentes,
2309 5508 2367 5559 et
2425 5511 2661 5564 strenue
2721 5515 2922 5568 contra
2977 5515 3299 5574 daemonem
3358 5506 3646 5591 pudicitiae

1998 5593 2326 5666 puellarum
2364 5593 2646 5652 infestum
2683 5602 2738 5653 et
2769 5615 2942 5670 pomo
2975 5601 3159 5658 instar
3187 5607 3432 5664 maleﬁci
3491 5609 3649 5667 illius

2001 5686 2290 5758 serpentis
2349 5685 2746 5760 insidiantem,
2807 5708 2954 5763 quas
3018 5695 3284 5750 castitate
3367 5703 3646 5768 tanquam

3252 5822 3328 5879 16
