4140 6290
464 387 582 449 191

1786 377 2104 440 ΝΙΕΕΤΕ
2145 380 2576 444 CHONIATE

3755 387 3882 452 492

465 523 704 583 Edemio
725 520 893 577 horto
923 515 1184 588 ejiceret,
1224 512 1627 581 vociferantes,
1677 511 1994 570 effecerunt
2053 530 2099 570 u‘

2233 513 2476 592 οἳστρου,
2543 515 2636 570 καὶ
2691 514 2852 578 τέλος
2911 512 3243 592 διακορεῖται
3301 515 3430 590 παρ’
3487 513 3681 578 αὐτοῦ.
3730 517 3862 578 Οίδ

463 617 593 688 ejus
625 619 860 683 aspectu
897 607 1130 679 penitus
1191 601 1538 672 privaretur,
1591 617 1765 673 quam
1826 602 2123 674 impudice

463 705 786 776 aspexerat.
820 697 1089 754 Sicidites
1118 711 1252 750 vero
1287 693 1600 766 prmetigiis
1631 693 1987 764 quibusdam
2034 711 2122 750 re-

461 811 591 852 rum
618 807 824 850 earum
858 790 1230 857 conspectum
1255 783 1558 856 eripiebat,
1586 799 1730 855 quas
1752 783 1903 840 oculi
1927 785 2120 840 intue-

461 887 766 952 bantur,et
792 885 952 936 totas
977 877 1310 932 daemonum
1339 873 1606 930 cohortes
1663 874 2020 931 immittebat
2049 875 2121 931 iis

464 991 614 1051 quos
643 971 872 1030 volebat
903 966 1230 1024 exterritos.
1262 963 1406 1020 Cum
1447 968 1642 1019 autem
1692 961 2008 1036 aliquando
2053 981 2122 1020 ex

463 1065 707 1122 editiore
739 1059 942 1134 palatii
973 1057 1102 1112 loco
1137 1053 1472 1111 naviculum
1505 1052 1749 1109 vidisset
1770 1069 1886 1126 qua
1907 1052 2034 1109 ollas
2063 1057 2120 1109 et

462 1158 672 1231 patinas
702 1151 1092 1212 vehebantur,
1126 1149 1384 1202 astantes
1416 1143 1789 1216 interrogavit
1828 1144 1966 1214 quid
2013 1145 2119 1199 da—

461 1244 579 1302 turi
614 1245 833 1308 essent,
865 1239 916 1294 si
949 1237 1207 1294 efﬁceret
1263 1243 1326 1288 ut
1375 1239 1556 1288 nauta
1611 1233 1864 1288 alienata
1901 1237 2116 1301 mente,

459 1331 833 1405 navigatione
858 1327 1103 1397 omissa,
1123 1339 1284 1378 remo
1316 1322 1386 1378 ad
1415 1321 1872 1377 comminuenda
1917 1321 2118 1378 fictilia

461 1417 874 1484 uteretur.0ui
897 1431 1033 1472 cum
1065 1414 1115 1470 ei
1140 1411 1554 1481 pollicerentur
1577 1410 1862 1482 quidquid
1915 1421 2118 1482 ροειυ-

460 1512 850 1580 lasset,nauta
873 1505 1047 1578 paulo
1065 1505 1201 1576 post
1224 1500 1504 1573 exsurgit,
1535 1505 1595 1556 et
1615 1517 1754 1557 vasa
1803 1515 1916 1556 non
1951 1499 2116 1570 prius

462 1601 636 1658 ferire
664 1597 884 1655 destitit
905 1609 1082 1668 quam
1125 1591 1182 1646 in
1238 1591 1531 1662 pulverem
1591 1588 1929 1660 redegisset.
1993 1591 2115 1656 Quo

461 1693 774 1762 conspecto
796 1686 884 1742 illi
923 1687 1042 1741 risu
1059 1681 1265 1747 emoti,
1291 1679 1510 1736 factum
1537 1677 1684 1734 illud
1703 1679 2065 1734 admirantes
2097 1693 2114 1734 :

461 1785 643 1837 nauta
672 1793 807 1835 vero
838 1772 1013 1848 paulo
1045 1775 1177 1843 post
1204 1769 1386 1826 barba
1434 1767 1724 1840 prehensa
1781 1767 2112 1840 lamentari,

2227 612 2330 676 τῆς
2416 601 2613 666 παιδὸς
2683 609 2999 682 προσγενεῖς
3099 605 3312 681 βαρέως
3403 603 3715 682 ἐνεγκόντες
3787 610 3888 680 τήν

2225 696 2432 764 ταύτης
2471 695 2796 750 ταπείνωσιν
2833 689 3208 750 καταϐοῶνται
3270 693 3532 768 γενναίως
3589 697 3739 769 μάλα
3791 703 3888 754 τοῦ

2225 788 2344 843 ταῖς
2421 784 2650 839 νεάνισιν
2727 780 3119 860 ἐφοπλίζοντος
3194 779 3454 858 δαίμονας
3528 786 3620 840 καὶ
3725 784 3883 859 δίκην

2227 871 2400 950 ὄφεως
2433 872 2745 949 ἀρχεκάκου
2799 871 2872 928 δι’
2907 873 3128 948 ὀπώρας
3195 872 3294 934 τὰς
3350 873 3654 950 παρθένους
3706 876 3876 934 συλαο

2225 966 2540 1036 γωγοῦντος
2569 963 2662 1017 καὶ
2710 969 2811 1032 τῆς
2872 962 3152 1042 σώφρονος
3215 961 3405 1036 βιοτῆς
3462 963 3535 1025 ὡς
3592 963 3644 1035 ἐξ
3699 965 3870 1042 Ἑδὲμ

2223 1049 2648 1114 ἀπελαύνοντος.
2703 1052 2808 1110 Καὶ
2866 1051 3212 1128 πικρόγαμος
3269 1049 3506 1107 ἐντεῦθεν
3561 1055 3865 1128 γενόμενος,

2225 1139 2291 1208 ἦν
2334 1145 2516 1205 κακῶς
2544 1135 2791 1215 ἔϐλεψεν,
2824 1137 2939 1195 οὐδ’
3008 1141 3156 1203 ὅλως
3211 1133 3291 1196 ἔτι
3356 1138 3610 1215 ἑώρακεν.
3669 1135 3755 1200 Ὀἱ
3814 1142 3872 1200 δὲ

2224 1227 2507 1300 Σικιδίτης
2565 1227 2654 1286 διά
2697 1250 2860 1286 τινων
2921 1229 3332 1308 ἀρῥητουργιῶν
3413 1230 3504 1286 καὶ
3575 1228 3871 1308 δεδορκότα

2221 1323 2332 1374 τῶν
2386 1319 2670 1394 θεωμένων
2721 1319 2946 1376 ἐσχάτου
3007 1320 3078 1375 τὰ
3144 1317 3389 1398 βλέφαρα
3443 1319 3535 1375 καὶ
3587 1320 3870 1379 ἀπεπλάνα

2220 1413 2316 1464 τοῦ
2353 1409 2422 1466 τὰ
2451 1411 2613 1466 θεατὰ
2641 1411 2715 1474 ὡς
2766 1407 2895 1466 ὅντα
2952 1411 3104 1485 ὁρᾷν,
3165 1410 3253 1466 καὶ
3309 1414 3417 1466 τῶν
3465 1411 3722 1484 ὁρώντων
3769 1414 3868 1476 τὰς

2223 1498 2373 1573 ὄψεις
2447 1499 2736 1576 παρέφερε,
2801 1501 2940 1554 κατὰ
2993 1499 3282 1579 φάλαγγας
3340 1499 3696 1556 ἐπισυνιστῶν
3743 1521 3871 1565 τους

2221 1589 2508 1664 δαίμονας,
2575 1590 2666 1653 οὕς
2719 1589 2780 1646 ἄν
2846 1588 3112 1662 ἐκπλῆξαι
3171 1589 3457 1667 βούλοιτο.
3505 1593 3709 1668 Ἔτυχε
3738 1598 3869 1669 γοῦν

2219 1701 2352 1736 ποτε
2389 1679 2497 1735 ἀπὸ
2532 1681 2810 1754 μετεώρου
2853 1683 2964 1735 τῶν
3031 1678 3324 1754 βασιλείων
3384 1679 3602 1756 βλέπων
3653 1681 3730 1745 εἷς
3773 1683 3872 1738 θά-

2219 1769 2440 1840 λασσαν,
2521 1771 2791 1846 κατήγετο
2863 1766 2920 1824 δὲ
2975 1767 3138 1824 ἆλιὰς
3192 1764 3454 1845 τρυϐλίας
3481 1771 3572 1826 καὶ
3625 1769 3870 1836 λοπάδας

457 1873 772 1940 amotaque
833 1862 1087 1934 caligine
1129 1859 1209 1915 ita
1237 1873 1298 1914 se
1327 1863 1392 1912 ut
1421 1858 1506 1913 ira
1536 1855 1800 1913 numinis
1828 1857 2099 1929 agitatun:

2219 1856 2422 1934 ἔχουσα
2449 1859 2518 1947 τά
2547 1859 2822 1956 ἀγώγιμα.
2865 1857 3012 1956 divae-1
3049 1857 3226 1956 τοίνυν
3275 1859 3412 1956 πρὸς
3466 1857 3595 1924 τοὺς
3655 1863 3736 1936 [Ρ.
3771 1866 3864 1935 9'7]

455 1957 784 2030 deplorare.
817 1955 1076 2025 Rogatus
1107 1964 1214 2004 cur
1243 1960 1468 2004 merces
1498 1961 1637 2002 suas
1665 1945 1745 2000 ita
1778 1949 2110 2012 tractasset,

454 2062 592 2106 cum
624 2043 823 2102 dolore
848 2039 1124 2098 narrabat
1151 2053 1214 2094 se
1239 2035 1418 2094 remis
1449 2036 1740 2090 intentum
1771 2033 2112 2091 horribilem

457 2139 792 2209 serpentem
825 2147 1008 2203 supra
1035 2144 1170 2185 vasa
1199 2129 1544 2200 porrectum,
1605 2123 1790 2181 oculis
1845 2123 2110 2180 inconni-

461 2225 734 2284 vontibus
765 2223 823 2280 in
855 2221 1013 2277 I94
1042 2234 1106 2274 se
1135 2231 1480 2273 conversum
1540 2214 1724 2271 instar
1780 2213 2112 2270 devoraturi

459 2315 702 2385 vidisse,
735 2311 834 2384 qui
883 2310 1048 2382 prius
1102 2305 1352 2362 volutari
1417 2321 1532 2360 non
1595 2303 1886 2360 destiterit
1934 2320 2109 2374 quam

462 2403 667 2462 ﬁctilia
716 2399 1012 2457 confracta
1067 2399 1314 2465 essent;
1373 2393 1505 2449 inde
1564 2393 1762 2448 subito
1801 2409 1870 2448 ex
1925 2391 2110 2448 oculis

456 2489 795 2550 evanuisse.
831 2485 989 2543 Fecit
1019 2489 1076 2540 et
1103 2483 1262 2540 aliud
1297 2499 1411 2538 non
1443 2482 1753 2537 dissimile.
1790 2481 1851 2536 In
1903 2479 2108 2537 balneo

461 2582 664 2640 levans
692 2579 864 2636 rixari
897 2591 1029 2633 cum
1063 2573 1418 2646 quibusdam
1451 2571 1623 2642 cmpit
1651 2577 1710 2624 et
1740 2573 1796 2625 in
1837 2571 2109 2627 conclave

459 2687 731 2744 egressus
761 2672 870 2723 est.
903 2664 1081 2720 Paulo
1111 2667 1244 2734 post
1299 2667 1358 2716 et
1413 2659 1605 2716 caeteri
1661 2659 2000 2715 anhelantes
2051 2663 2108 2716 et

459 2759 811 2833 trepidi,prts
841 2766 996 2810 metu
1027 2767 1096 2809 ac
1136 2753 1506 2806 festinatione
1563 2749 1808 2804 invicem
1868 2747 2108 2804 concul-

455 2857 673 2916 oanles,
707 2849 950 2902 narrant
980 2858 1050 2899 ex
1107 2839 1295 2897 canali
1351 2839 1552 2895 calidae
1584 2855 1750 2910 aqua;
1797 2837 1950 2894 viros
1982 2838 2106 2908 pice

452 2937 740 3011 nigriores
771 2929 1365 3003 exsiliissemquibus
1397 2935 1561 2984 nates
1593 2929 1854 2999 ipsorum
1887 2926 2105 2999 plantis

450 3031 668 3104 pedum
693 3024 1035 3082 ferientibus
1098 3021 1303 3076 balneo
1360 3019 1546 3074 exacti
1588 3023 1805 3074 essent.
1841 3016 1925 3073 0b
1982 3016 2103 3072 haec

453 3116 634 3188 igitur
655 3115 888 3184 aliaque
907 3109 1175 3182 graviora
1204 3109 1464 3164 facinora
1502 3112 1745 3178 uterque
1793 3104 1982 3162 oculis
2008 3122 2099 3161 or-

2220 1941 2550 2006 συνεστῶτας
2601 1943 2678 2006 ὡς
2731 1943 2850 1999 τίνα
2904 1941 2964 1997 ἄν
3016 1941 3164 2016 αὖτῷ
3221 1943 3558 2000 κατάθωνται
3617 1946 3711 2001 τὸν
3767 1968 3862 2020 μι-

2219 2033 2368 2104 σθόν,
2398 2034 2444 2089 εί
2474 2033 2564 2088 τὸν
2593 2030 2787 2104 νηίτην
2809 2035 2918 2088 τῶν
2953 2033 3128 2108 ὀρθῶν
3181 2039 3389 2109 φρενῶν
3441 2032 3865 2092 διεκπλεύσαντα

2221 2125 2296 2196 μή
2357 2121 2418 2181 ἅν
2478 2123 2705 2194 ὀκνῆσαι
2762 2123 3210 2196 παρασκευάσειεν
3285 2123 3582 2195 ἀναστῆναι
3638 2146 3699 2183 τε
3751 2131 3862 2182 τῶν

2218 2211 2524 2286 σελμάτων,
2555 2213 2654 2282 τήν
2706 2209 2975 2268 δικωπίαν
3033 2211 3360 2288 προέμενον,
3429 2213 3518 2270 καὶ
3578 2215 3866 2292 συντρίψαι

2219 2301 2293 2364 εἷς
2351 2299 2523 2357 λεπτᾶ
2577 2301 2644 2356 τὰ
2708 2301 2969 2376 κεράμια.
3033 2304 3158 2358 Τῶν
3213 2299 3271 2357 δὶ
3299 2303 3662 2378 εὐγνωμονεῖν
3691 2305 3870 2362 εἰπόν-

2213 2412 2321 2446 των
2352 2393 2488 2462 πρὸς
2519 2392 2656 2447 ἅπαν
2701 2391 2764 2446 τὸ
2811 2392 2940 2466 παρ’
3005 2391 3169 2446 αὐτοῦ
3230 2392 3470 2465 αἰτηθὲν,
3529 2393 3556 2450 ὁ
3615 2395 3864 2472 πρωρεὺς

2219 2483 2353 2556 μετὰ
2399 2482 2579 2558 βραχὺ
2632 2487 2732 2552 τῆς
2781 2477 2941 2556 ἕδρας
3001 2479 3302 2552 ἀνίσταται,
3351 2483 3438 2538 καὶ
3506 2485 3606 2553 τήν
3669 2487 3860 2557 κώπην

2214 2571 2316 2626 ἆνᾶ
2344 2576 2533 2646 χεῖρας
2567 2566 2753 2626 λαϐὼν
2787 2568 3042 2646 κατέφερε
3070 2591 3128 2626 τε
3157 2575 3265 2626 τῶν
3301 2572 3600 2649 σκευαρίων
3664 2575 3861 2650 συχνὰ,

2213 2661 2303 2714 καὶ
2336 2660 2436 2715 οὐκ
2467 2659 2660 2724 ἀνῆκεν
2708 2658 2850 2714 οὕτω
2913 2656 3377 2734 διαπραττόμενος
3422 2657 3528 2725 ἕως
3595 2660 3728 2718 αὐτα
3785 2665 3862 2728 εἷς

2213 2751 2360 2804 κόνιν
2384 2747 2688 2806 ἑλέπτυνεν.
2720 2750 2816 2806 Ἐκ
2855 2745 2914 2804 δὲ
2958 2747 3156 2804 τούτου
3213 2749 3265 2802 o't
3328 2749 3424 2823 μὲν
3474 2750 3675 2816 ἄνωθεν
3723 2753 3860 2808 θεώ-

2215 2842 2474 2912 μενοιτῷ
2523 2836 2726 2916 γέλωτι
2784 2835 3188 2913 διερρήγνυντο,
3247 2837 3310 2894 τὸ
3358 2841 3584 2917 γεγονὸς
3633 2842 3856 2915 τιθέμε-

2208 2949 2292 2982 νοι
2335 2925 2423 2982 διὰ
2453 2927 2746 3000 θαύματος·
2781 2927 2810 2982 ὁ
2851 2923 2909 2981 δὲ
2945 2925 3180 3003 πλωτὴρ
3233 2927 3570 3006 ἀμφοτέραις
3620 2932 3736 3004 μετ’
3787 2931 3851 2986 οὐ

2209 3016 2354 3073 πολὺ
2409 3021 2518 3072 τῶν
2576 3015 2800 3090 γενείων
2856 3013 3188 3090 δραξάμενος
3243 3019 3438 3094 γοερὸν
3521 3015 3847 3095 έπωδύρετο,

2207 3105 2296 3161 xui
2329 3106 2404 3168 ὡς
2449 3100 2776 3177 θεοϐλαϐείᾳ
2829 3105 2925 3168 τὰς
2973 3102 3167 3183 φρένας
3223 3110 3597 3183 παρακοπὲντα
3649 3106 3844 3178 πολλῷ

449 3205 623 3262 batus
655 3207 760 3260 est.
791 3210 876 3259 Ac
906 3199 1124 3256 Sethus
1155 3198 1393 3270 quidem
1430 3196 1643 3252 iisdem
1701 3195 1878 3251 rebus
1919 3194 2096 3252 etiam

2207 3193 2284 3251 ἔτι
2331 3193 2546 3268 μᾶλλον
2578 3194 2856 3269 ἀνανήψας
2874 3215 2972 3250 του
3038 3197 3206 3272 ζόφου
3263 3197 3446 3252 ἑαυτὸν
3508 3195 3842 3272 ὠλοφύρετο.

447 3293 723 3364 deinceps
743 3289 1011 3346 studuit:
1037 3266 1191 3343 alter
1201 3301 1333 3341 vero
1354 3283 1674 3340 monachus
1715 3283 1906 3340 factus
1947 3283 2092 3340 scri—

2209 3285 2600 3358 Ἐρωτώμενος
2630 3281 2689 3338 δὲ
2720 3284 2750 3339 ὃ
2795 3305 2848 3339 τι
2899 3285 3184 3349 πεπονθὼς
3241 3285 3333 3340 τὸν
3400 3284 3592 3360 φόρτον
3641 3285 3850 3341 οὑτωσὶ

441 3391 608 3460 ptum
625 3381 1172 3457 spurcissimum,ut
1191 3378 1366 3434 homo
1383 3377 1582 3433 divina
1594 3375 2094 3448 pratiaindignus,

443 3475 516 3531 de
537 3474 755 3530 divinis
777 3469 1075 3546 mysteriis
1096 3469 1451 3540 composuit.
1484 3465 1633 3522 Illud
1655 3465 1830 3522 etiam
1872 3465 2092 3522 factum

439 3563 620 3634 hujus
645 3559 1016 3634 imperatoris
1048 3557 1274 3616 clarum
1305 3559 1414 3613 est.

2207 3371 2435 3442 διέθετο,
2469 3369 2669 3444 διεξήει
2699 3377 3016 3447 περιπαθῶς
3055 3372 3130 3435 ὡς
3171 3378 3290 3437 ταῖς
3355 3373 3558 3435 κώπαις
3609 3392 3854 3449 προσαν-

2203 3463 2346 3540 ἑχων
2405 3462 2606 3540 αἴφνης
2652 3465 2772 3544 ὅφιν
2841 3465 2946 3538 ὁρᾷ
2999 3461 3264 3540 δαφοινὶν,
3321 3461 3582 3542 πυρσώδη
3631 3465 3724 3522 τὸν
3755 3463 3856 3522 λό-

2201 3573 2326 3632 φον,
2411 3548 2522 3607 ἂνω
2593 3555 2702 3608 τῶν
2789 3547 3065 3627 τρυϐλίων
3147 3553 3516 3628 έκτεταμένον,
3573 3553 3626 3618 ἐς
3688 3554 3854 3611 αὐτὸν

435 3651 618 3714 ἀτενὲς
675 3651 888 3724 ὁρῶντα
959 3646 1098 3702 κατᾶ
1143 3644 1272 3708 τοὺς
1342 3647 1452 3699 τῶν
1525 3639 1834 3718 δρακόιιτων
1909 3639 2151 3704 ἀκλινεῖς
2225 3641 2288 3696 τὸ
2319 3636 2498 3716 ὄμμα,
2554 3642 2642 3697 καὶ
2719 3645 3004 3697 καταπιεῖν
3078 3642 3466 3718 ὀριγνώμενον,
3508 3644 3568 3708 ὃς
3621 3643 3710 3699 καὶ
3751 3645 3854 3702 οὐκ

435 3739 598 3810 ἔληξε
653 3743 758 3794 τῶν
817 3736 1038 3808 meum
1095 3735 1221 3810 πρὶν
1279 3734 1314 3804 ἢ
1373 3731 1692 3804 κατηλοήθη
1751 3733 1817 3788 τὰ
1875 3731 2130 3808 κεράμια.
2184 3731 2246 3787 τὸ
2306 3727 2354 3785 δ’
2385 3729 2445 3786 ἐκ
2500 3731 2696 3786 τούτου
2721 3728 3280 3808 ἠφάντωται,ὥσπερ
3310 3731 3372 3788 ἐκ
3421 3733 3599 3808 μέσων
3632 3735 3687 3790 οἱ
3737 3740 3850 3792 τῶν

437 3829 738 3907 ὀφθαλμῶν
794 3825 1062 3887 ἀποπτὰς.
1113 3823 1215 3882 Καὶ
1255 3827 1418 3880 τοῦτο
1472 3824 1566 3896 μὲν
1621 3826 1895 3894 τοιοῦτον,
1950 3820 2132 3879 ἕτερον
2183 3817 2242 3874 δε
2279 3818 2516 3876 κάκεῖνο.
2579 3821 2668 3878 Ἐν
2722 3819 2996 3897 βαλανείῳ
3033 3819 3334 3894 λουόμενος
3361 3822 3452 3894 ἧν,
3499 3821 3552 3886 ἐς
3583 3819 3851 3904 διαφορὰν

434 3916 494 3974 δὲ
521 3919 785 3980 καταστὰς
839 3915 974 3990 μετᾶ
1027 3919 1134 3971 τῶν
1192 3918 1308 3976 τοῖς
1376 3912 1561 3974 αὐτοῖς
1643 3913 1848 3987 νίτροις
1923 3908 2290 3988 ἁγνιζομένων
2349 3910 2423 3972 εἰς
2489 3911 2556 3967 τὰ
2611 3907 2890 3986 ἀπόδυτρα
2949 3907 3130 3982 ἔξεισι.
3190 3914 3341 3970 Μετὰ
3390 3914 3584 3989 μικρὸν
3637 3912 3695 3970 δὶ
3749 3917 3844 3972 καὶ

432 4007 478 4062 ὡ
535 4006 587 4062 ἐν
643 4011 723 4080 τῷ
777 4003 998 4079 λουτρῷ
1064 4002 1352 4081 φεύγοντες
1429 4003 1520 4058 καὶ
1595 4005 2004 4074 συμπατοῦντες
2073 3997 2358 4070 ἃλλήλους
2417 3997 2636 4069 ἐξήεσαν
2704 3999 2908 4055 ἐκεῖθεν
2957 3997 3247 4076 περιδεεῖς·
3281 4000 3334 4057 ο⁹ί
3389 4003 3480 4059 καὶ
3537 4009 3657 4069 τοῖς
3714 4027 3840 4060 συν-

431 4092 768 4170 ειλεγμένοις
828 4089 1004 4148 πυκνὰ
1087 4091 1150 4146 τὸ
1207 4094 1421 4164 πνεῦμα
1501 4088 1851 4166 συλλέγοντες
1901 4083 2131 4167 ἔφασκον
2179 4087 2254 4150 ὡς
2311 4087 2372 4143 ἐκ
2423 4095 2525 4158 τῆς
2591 4088 2938 4166 θερμοῤῥόης
2995 4088 3399 4163 ἐκπηδήσαντές
3443 4113 3586 4156 τινες
3653 4091 3846 4169 ἄνδρες

429 4182 630 4254 πίσσης
675 4179 999 4256 μελάντεροι
1046 4180 1243 4251 ἐξῶσαν
1303 4177 1498 4242 αὐτοὺς

431 4271 530 4330 Διᾶ
625 4273 796 4327 ταῦτα
893 4268 1075 4326 τοίνυν
1176 4268 1474 4345 ἀμφότεροι
1533 4267 1624 4322 καὶ
1681 4269 1898 4342 πράξεις
1957 4265 2016 4322 δὲ
2079 4265 2464 4343 ἀσελγεστέρας
2527 4265 2711 4343 ἐτέρας
2753 4272 2862 4324 τῶν
2954 4265 3124 4324 ὅκεων
3189 4268 3574 4346 ἐστερήθησαν·

1591 4182 1686 4234 τοῦ
1777 4183 2040 4254 λουτροῦ,
2125 4176 2376 4240 παίοντες
2441 4177 2578 4234 κατὰ
2627 4179 2736 4233 τῶν
2795 4177 3051 4254 γλουτῶν
3111 4184 3192 4253 τῷ
3239 4179 3440 4238 πλατεῖ
3492 4187 3590 4238 τοῦ
3647 4181 3843 4246 ποδός.

3681 4274 3735 4328 οἱ
3792 4273 3844 4330 δ’

427 4359 584 4416 αὐτοὶ
615 4355 1086 4429 έπιϐιώσαντες,ὁ
1121 4359 1215 4431 μὲν
1250 4360 1364 4426 Σήθ
1421 4358 1506 4412 καὶ
1566 4355 1737 4412 πάλιν
1810 4361 1928 4418 τοῖς
2001 4355 2290 4432 προτέροις
2363 4355 2736 4432 ἐνησχόλητο,
2811 4356 2999 4434 ἅτερος
3077 4355 3134 4414 δὲ
3184 4358 3260 4423 είς
3339 4363 3581 4437 μοναχὸν
3612 4361 3848 4437 άποθρι-

427 4452 676 4526 ξάμενος,
759 4451 944 4526 χρόνῳ
1047 4449 1268 4523 ὕστερον
1347 4447 1680 4524 σύγγραμμὰ
1753 4467 1806 4502 τι
1901 4447 2025 4523 περὶ
2098 4450 2208 4503 τῶν
2281 4445 2437 4502 θείων
2513 4447 2829 4520 μυστηρίων
2903 4451 3246 4523 ξυνθέμενος,
3277 4449 3454 4528 ἀφῆκε
3526 4448 3597 4507 δι’
3670 4452 3843 4510 αὐτοῦ

423 4545 602 4598 κυνῶν
635 4538 835 4617 ἐρυγὰς
867 4539 895 4594 ὁ
929 4543 1036 4594 τῶν
1071 4539 1232 4592 θείων
1268 4533 1486 4613 δωρεῶν
1515 4535 1750 4606 ἀνάξιος.
1783 4537 1978 4612 Ἒργον
2011 4537 2227 4591 κάκεῖνο
2265 4538 2362 4590 τοῦ
2395 4533 2666 4610 βασιλέως
2694 4535 2890 4592 τούτου
2920 4537 3226 4615 περιφανές.

494 4635 637 4688 Cum
665 4632 882 4688 Asianis
918 4631 1094 4686 urbes
1123 4629 1350 4686 Chliara
1407 4627 1754 4700 Pergamum
1793 4633 1852 4684 et
1892 4629 2074 4684 Adra-

2257 4625 2326 4680 Αἱ
2357 4625 2606 4683 Ἀσιαναῖ
2629 4623 2844 4696 πόλεις,
2875 4627 2941 4682 τὰ
2971 4627 3210 4702 Χλιαρὰ,
3241 4629 3304 4684 τὸ
3333 4628 3618 4706 Πέργαμόν
3648 4649 3708 4685 τε
3743 4631 3837 4684 καὶ

424 4724 706 4794 myttium
738 4737 771 4778 a
797 4721 990 4776 Persis
1019 4718 1174 4776 male
1209 4721 1596 4774 tractarentur
1624 4716 1782 4790 (nam
1816 4717 2078 4772 finitimae

423 4811 734 4882 provincia
769 4825 868 4879 per
898 4825 1078 4882 pagos
1113 4807 1530 4864 habitabantur
1560 4807 1708 4864 195
1764 4811 1822 4861 et
1874 4807 2079 4880 prredze

421 4897 694 4954 hostibus
731 4896 943 4968 erant),
979 4895 1411 4953 munitionibus
1441 4912 1538 4950 eas
1569 4895 1823 4950 firmavit
1851 4901 1910 4952 et
1966 4912 2071 4967 pa-

419 4987 610 5041 tentes
639 5001 876 5054 campos
905 4985 1166 5041 castellis
1197 4985 1518 5041 adornavit.
1552 4983 1716 5040 Unde
1759 4985 1973 5040 factum
2005 4989 2072 5040 ut

417 5088 487 5131 ea
516 5073 730 5145 oppida
753 5075 1084 5146 frequentia
1103 5072 1318 5129 civium
1344 5077 1402 5130 et
1421 5073 1547 5128 vitae
1565 5073 1724 5129 cultu
1754 5089 2069 5148 rerumque

416 5162 585 5233 capia
608 5159 808 5217 multis
860 5161 1038 5217 beatis
1095 5161 1339 5218 urbibus
1399 5161 1770 5218 antecellunt.
1837 5162 2064 5234 Siquid

411 5249 592 5323 igitur
611 5250 836 5306 Manuel
859 5265 959 5322 per
977 5265 1151 5305 omne
1173 5249 1400 5321 imperii
1423 5250 1510 5305 sui
1533 5256 1767 5322 tempus
1785 5252 2065 5308 Romanis

417 5340 563 5396 utile
585 5340 837 5411 suscepit
857 5347 910 5394 et
929 5335 1189 5410 perfecit,
1219 5337 1330 5394 hoc
1361 5337 1447 5394 vel
1470 5337 1528 5392 in
1553 5339 1756 5410 primis
1777 5338 2068 5397 celebran-

409 5429 552 5487 dum
583 5433 692 5486 est.
725 5427 866 5496 Quis
898 5429 1056 5484 enim
1083 5425 1215 5483 illac
1247 5427 1600 5499 praeteriens,
1648 5445 1763 5486 non
1823 5430 2064 5502 ignarus

412 5535 590 5592 quam
609 5517 831 5575 inculta
850 5515 1092 5574 locailla
1111 5516 1348 5580 fuerint,
1379 5531 1554 5586 quam
1572 5517 1722 5574 feros
1750 5523 1808 5575 et
1830 5518 2062 5576 latroci-

411 5608 530 5668 niis
552 5607 780 5666 deditos
799 5609 1052 5666 cultores
1073 5604 1410 5674 habuerint,
1439 5620 1556 5661 non
1579 5607 1828 5664 sublatis
1857 5608 1917 5664 in
1949 5625 2064 5665 cce-

409 5697 538 5762 lum
571 5697 846 5759 manibus
873 5693 1212 5771 imperatori
1240 5692 1494 5752 Manueli
1523 5695 1780 5766 paradisi
1824 5695 2062 5758 delicias

2189 4713 2576 4789 Ἀτραμότιον,
2617 4717 2800 4778 κακῶς
2847 4713 3090 4795 ἔπασχον
3149 4716 3253 4771 ὑπὸ
3310 4717 3420 4772 τῶν
3473 4723 3719 4796 Περσῶν
3778 4717 3836 4774 αἰ

2184 4801 2284 4879 γὰρ
2315 4801 2648 4878 περιοικίδες
2688 4808 2868 4880 χῶραι
2901 4804 3268 4861 άσυνοίκιστοὶ
3311 4827 3372 4862 τε
3421 4807 3558 4877 ἦσαν
3617 4812 3840 4884 πρῶην,

2177 4893 2285 4946 κᾶκ
2311 4895 2408 4946 τοῦ
2437 4889 2703 4966 κωμηδὸν
2735 4892 3000 4949 οἶκεῖσθαι
3055 4893 3132 4956 εἷς
3193 4897 3477 4972 προνομὴν
3543 4902 3662 4960 τοῖς
3728 4917 3839 4952 πο-

2179 4976 2396 5054 λεμίοις
2481 4979 2762 5052 ἐξέκειντο.
2851 4983 2952 5040 Καὶ
3032 4983 3201 5049 αὐτὰς
3263 4985 3443 5041 τοίνυν
3503 4985 3834 5063 ἐκρατύνατο

2177 5069 2407 5144 τείχεσι,
2467 5068 2560 5124 καὶ
2609 5073 2678 5125 τὰ
2732 5069 2972 5142 πλησίον
3028 5069 3090 5128 δέ
3143 5072 3431 5145 ἱππήλατα
3467 5073 3630 5132 πεδία
3659 5095 3830 5154 φρου-

2179 5161 2322 5239 ρίοις
2361 5155 2609 5217 διέλαϐεν
2641 5161 2920 5236 ἐρυμνοῖς.
2972 5161 3130 5221 Οὕτω
3187 5161 3246 5220 δὲ
3305 5163 3608 5236 πλήθουσιν
3663 5165 3824 5235 οἰκη-

2171 5252 2350 5327 τόρων
2423 5253 2592 5306 ταῦτα
2659 5248 2725 5322 δὴ
2787 5252 2852 5307 τὰ
2887 5249 3156 5328 πολίχνια
3211 5254 3302 5308 καὶ
3357 5259 3474 5318 τοῖς
3527 5255 3658 5312 κατᾶ
3731 5255 3828 5312 τὸν

2173 5342 2374 5415 ἥμερον
2410 5339 2595 5416 βίοτον
2655 5339 3063 5413 ἐνευθηνοῦνται
3112 5347 3386 5418 χρηστοῖς
3445 5344 3522 5408 ὡς
3576 5345 3826 5422 ὑπεράνω

2173 5432 2380 5486 κεῖσθαι
2429 5427 2644 5485 πόλεών
2690 5427 2921 5486 πολλῶν
2975 5428 3336 5506 εὐδαιμόνωνο
3395 5433 3556 5509 ἀγροὶ
3595 5455 3655 5492 τε
3718 5457 3828 5514 γαρ

2172 5517 2250 5583 εἲς
2306 5517 2557 5596 εὐφορίαν
2623 5525 2846 5593 καρπῶν
2903 5518 3279 5595 ἡμερωθέντες
3361 5519 3656 5592 ἐπέδωκαν,
3737 5525 3832 5580 καὶ

2171 5609 2489 5687 φυτηκόμος
2558 5609 2684 5684 χεὶρ
2749 5607 3122 5686 ἐρῥιζούχισεν
3177 5608 3350 5666 ἐκεῖσε
3427 5611 3593 5683 ξύλον
3689 5615 3832 5670 ἅπαν

2171 5696 2570 5778 καρποδοτοῦν,
2620 5698 2698 5762 ὡς
2757 5698 3078 5774 μεταθέσθαι
3131 5697 3315 5780 (φάναι
3383 5702 3447 5760 τὸ
3483 5707 3586 5760 τοῦ
3627 5701 3829 5782 Δαόὶδ)
