4140 6290
415 391 534 452 495

1732 392 2036 455 NICETJE
2076 388 2506 452 ΟΗΟΝῙΑΤιΕ

3705 390 3830 451 496

415 524 696 597 exemplis
727 526 796 581 ad
828 525 1218 582 festinandum
1270 531 1326 581 et
1379 525 1749 584 imminentia
1806 523 2035 599 pericula

2167 521 2446 594 πολέμου,
2489 517 2640 581 ὅπως
2687 519 2743 574 αἱ
2787 522 2895 574 τῶν
2933 515 3268 592 πραγμάτων
3329 514 3532 588 ἄδηλοι
3581 514 3828 584 ἐκϐάσεις

415 614 740 680 subeunda,
774 615 985 685 quibus
1017 614 1129 670 Deo
1173 616 1437 686 adjutore
1493 615 1716 672 fortiter
1769 615 2060 687 superatis

413 703 698 757 iiIUstrem
735 705 1032 758 victoriam
1069 713 1408 774 reportatur:
1433 705 1808 770 sint,iucitat.
1843 703 2057 769 Quodsi

411 792 656 862 gloriam
692 792 876 862 ipsius
913 792 1262 848 illustrarint
1294 799 1466 865 atque
1499 795 1726 849 absenti
1758 792 2058 848 victoriam

411 881 763 952 pepererint,
797 899 853 936 se
888 882 1204 937 liberaliter
1235 883 1366 938 illos
1428 888 1959 940 remuneraturum.
1995 883 2061 936 Αι

408 969 493 1023 illi
524 976 582 1025 et
610 970 750 1024 dum
783 969 901 1024 haec
925 971 1286 1032 dicebantur,
1337 971 1656 1025 attentione
1711 969 2060 1038 silentioque

409 1059 768 1114 alacritatem
806 1075 971 1115 suam
1030 1059 1434 1123 ostendebant,
1488 1065 1546 1114 et
1601 1058 1760 1114 ﬁnita
1799 1057 2060 1112 oratione

409 1149 563 1204 198
583 1149 764 1220 magis
792 1151 967 1204 etiam
1000 1149 1266 1204 allectum
1300 1163 1470 1204 suum
1523 1152 1582 1202 et
1617 1147 1891 1202 incitatos
1931 1143 2058 1200 ani-

407 1254 538 1294 mos
569 1236 964 1300 declarabant,
1001 1241 1066 1292 ut
1095 1237 1404 1294 verborum
1437 1235 1745 1302 lenociniis
1804 1233 2052 1300 deliniti,

407 1327 455 1382 si
488 1327 626 1398 quid
667 1325 949 1382 molestiae
977 1342 1044 1382 ex
1107 1325 1507 1396 superioribus
1559 1323 1770 1396 pugnis
1829 1323 1885 1377 in
1931 1338 2052 1378 me-

411 1417 596 1472 moria
626 1417 937 1483 residebat,
961 1415 1018 1470 id
1049 1418 1238 1470 totum
1265 1413 1540 1470 abolitum
1569 1413 1876 1468 videretur.
1913 1416 2052 1467 Nam

405 1509 461 1561 et
475 1505 552 1559 im
565 1513 884 1574 perstet-eui
903 1504 1050 1559 laetis
1069 1503 1586 1558 acclamationibus
1602 1501 2056 1567 celebrabant,et

405 1609 469 1650 se
527 1593 681 1648 ultra
737 1596 890 1648 vires
949 1593 1121 1648 etiam
1171 1593 1550 1648 dimicaturos
1609 1590 2050 1662 pollicebantur,

405 1681 794 1754 petebantque
825 1691 882 1736 ut
941 1699 974 1735 a
1031 1684 1176 1736 duce
1233 1683 1358 1736 sine
1393 1697 1554 1736 mora
1592 1691 1794 1736 contra
1827 1679 2049 1734 hostem

403 1773 778 1828 ducerentur.
811 1773 896 1826 Ita
930 1771 1184 1826 incitatis
1241 1771 1592 1825 exercitibus
1651 1769 1850 1824 statim
1907 1785 2046 1824 con-

403 1861 572 1917 fusus
601 1861 823 1916 clamor
851 1861 908 1914 in
944 1860 1154 1916 castris
1187 1861 1431 1928 tollitur,
1473 1861 1624 1932 quod
1685 1858 1918 1931 quidam
1977 1876 2047 1914 ex

401 1959 576 2024 gente
631 1951 986 2015 Pannonica,
1044 1949 1184 2006 dum
1259 1952 1547 2006 concitato
1605 1965 1753 2021 equo
1808 1965 1874 2004 ac
1923 1953 2046 2005 toto

402 2040 626 2112 impetu
659 2043 860 2109 fertur,
896 2057 1116 2112 pronus
1164 2041 1223 2095 in
1283 2041 1486 2094 faciem
1547 2038 1852 2108 prolapsus
1899 2041 2041 2094 erat.
2070 2059 2084 2075 ι

401 2131 524 2195 Quo
557 2133 871 2201 imperator
901 2129 1100 2184 audito
1157 2134 1212 2184 et
1269 2127 1395 2199 ipse
1447 2128 1804 2183 exhilaratus
1860 2132 1951 2182 est
1987 2133 2044 2182 et

401 2233 606 2272 omnes
639 2218 790 2272 bono
821 2217 1014 2271 animo
1045 2231 1173 2270 esse
1196 2215 1396 2285 jussit,
1422 2218 1640 2270 bonum
1665 2217 1716 2269 id
1752 2231 1924 2271 omen
1957 2215 2043 2272 in-

398 2309 753 2378 terpretatus
784 2305 919 2361 belli
981 2306 1222 2360 feliciter
1275 2304 1556 2372 eventuri,
1583 2311 1640 2358 et
1683 2304 1868 2360 Deum
1917 2322 2039 2362 scr-

396 2398 646 2452 vaterem
677 2399 740 2450 ut
779 2395 988 2450 ductor
1016 2403 1169 2449 esset
1221 2394 1514 2450 exercitus
1572 2394 1876 2449 invocavit.
1921 2396 2038 2450 An-

396 2475 672 2540 dronicus
697 2499 829 2539 vero
861 2498 991 2538 cum
1027 2481 1304 2538 omnibus
1333 2482 1518 2554 copiis
1549 2483 1872 2555 digressus,
1905 2488 2038 2556 post

391 2573 751 2646 aliquotdies
766 2573 911 2628 Savo
935 2579 989 2628 et
1021 2571 1284 2628 Danubio
1315 2573 1606 2644 superatis
1647 2573 2032 2645 Zeugminum

389 2662 735 2734 ingreditur.
773 2661 1050 2718 Pannonii
1083 2677 1215 2717 vero
1247 2678 1312 2716 ea
1370 2677 1430 2717 re
1487 2662 1630 2717 nihil
1691 2662 1896 2730 territi,
1929 2664 2028 2720 sed

386 2755 510 2810 suis
541 2753 879 2810 cohortibus
903 2755 1204 2808 instructis
1225 2758 1282 2809 et
1337 2771 1446 2809 non
1502 2755 1693 2825 parvis
1729 2755 1960 2810 auxiliis
1997 2772 2030 2810 a

384 2842 650 2900 ﬁnitimis
683 2845 914 2916 pupulis
947 2844 1098 2900 199
1125 2851 1298 2917 atque
1358 2843 1504 2914 ipsis
1559 2844 1914 2914 Alemannis,
1966 2851 2029 2901 ut

380 2930 695 2998 ferebatur,
728 2931 1056 2996 conductis,
1110 2947 1462 3004 summaque
1515 2949 1712 2988 rerum
1755 2933 2025 3005 Dionysio

377 3019 502 3078 viro
532 3025 770 3077 strenuo
827 3031 879 3076 ct
937 3022 1192 3076 victoriis
1251 3023 1465 3094 inclyte
1524 3021 1815 3089 mandata,
1868 3022 2021 3092 pleni

377 3109 708 3164 animorum
738 3116 795 3164 et
816 3110 1160 3178 jactabundi
1197 3111 1566 3166 incedebant.
1603 3113 1654 3165 Is
1687 3110 2022 3182 Dionysius,

375 3202 444 3252 ut.
501 3197 758 3269 primum
820 3199 1004 3253 audiit
1061 3200 1385 3255 Romanum
1433 3200 1745 3254 exercitum
1811 3201 2018 3255 lstrum

2125 2061 2138 2068 ·
2151 2038 2674 2112 προηγωνισμένων,

2171 609 2276 665 εἶεν
2305 609 2450 665 οὕτω
2479 609 2569 664 καὶ
2607 609 2670 664 τὸ
2719 607 2779 664 ἐκ
2825 614 2927 677 τῆς
2975 605 3148 678 ἥττης
3193 608 3388 686 αἶσχος
3441 609 3824 684 μετριάζουσαι

2167 698 2256 754 καὶ
2311 699 2374 754 τὸ
2430 698 2772 772 κατορθωθὲν
2835 695 3232 774 μεγαλύνουσαι
3329 695 3544 768 μᾶλλον
3598 698 3690 752 καὶ
3749 698 3827 764 είς

2167 787 2330 850 κλέος
2405 786 2706 862 ἐξαίρουσαι
2785 785 3065 863 μὲγιθτον,
3141 787 3219 848 ὡς
3293 786 3543 840 κακείνου
3616 808 3674 842 τε
3729 789 3815 843 καὶ

2166 877 2362 932 τούτου
2413 871 2821 949 ξυμϐεϐηκότος
2869 877 2988 930 κατ’
3032 873 3294 930 ἀπουσίαν
3343 879 3436 930 τοῦ
3483 875 3815 949 αὐτοκράτο-

2170 987 2285 1042 ρος,
2348 963 2716 1024 ἀναδείκνυται
2755 971 2854 1034 τῆς
2896 964 3033 1034 ὅλης
3083 963 3336 1040 ἀρχηγὸς
3379 969 3626 1038 στρατιᾶς
3657 967 3685 1020 6
3713 970 3812 1022 τοῦ

2169 1055 2370 1112 στόλου
2402 1052 2525 1125 δουξ
2561 1051 2904 1128 Ἀνδρόνικος
2927 1054 2956 1108 6
2988 1054 3450 1130 Kovtoctéqiatvoc.
3497 1055 3586 1110 Ἐν
3633 1052 3690 1108 δὲ
3727 1059 3808 1127 τῷ

2171 1141 2396 1218 μέλλειν
2455 1143 2702 1218 ἀπαίρειν
2755 1149 2856 1212 τῆς
2909 1140 3182 1218 Σαρδικῆς
3226 1143 3296 1203 τὰ
3336 1141 3708 1216 στρατεύματα
3755 1143 3806 1197 ἐν

2167 1233 2389 1308 ἐπηκόῳ
2447 1233 2574 1296 στὰς
2634 1234 2663 1288 6
2725 1232 2983 1308 βασιλεὺς
3037 1231 3246 1308 γίνεται
3298 1229 3484 1286 καλῶν
3550 1231 3640 1286 καὶ
3692 1252 3814 1308 γεν-

2163 1325 2328 1379 ναίων
2371 1321 2553 1400 λόγων
2585 1323 2671 1378 καὶ
2733 1321 2880 1395 πολὺ
2925 1322 2989 1377 τὸ
3045 1321 3268 1376 πιθανὸν
3336 1320 3579 1397 ἐχόντων
3609 1323 3812 1398 ἀγορη-

2165 1415 2284 1484 τής.
2354 1412 2525 1469 Αὐτόν
2602 1432 2662 1466 τε
2740 1411 2844 1487 γὰρ
2925 1407 3356 1488 Κοντοστέφανον
3416 1409 3808 1488 παρεθάρρυνεν

2170 1502 2246 1564 εἷς
2301 1502 2402 1570 τὴν
2455 1499 2822 1575 προκειμένην
2869 1501 3258 1576 στρατήγησιν,
3307 1499 3370 1554 ού
3427 1500 3595 1572 μόνον
3649 1499 3814 1573 μεθό-

2161 1589 2287 1654 δους
2319 1590 2588 1652 ὑποτιθεὶς
2614 1591 2894 1658 τακτικὰς,
2953 1590 3101 1646 ἀλλά
3141 1589 3232 1645 καὶ
3287 1589 3474 1664 καιρὸν
3520 1590 3668 1662 αύτῷ
3713 1597 3812 1660 τῆς

2158 1677 2484 1758 προσϐολῆς
2541 1679 3038 1754 ἐπισημαινόμενος
3096 1677 3238 1742 εἶδός
3285 1699 3344 1734 τε
3388 1677 3662 1735 δπλίσεων
3717 1679 3809 1735 καὶ

2161 1775 2422 1847 σχήματα
2478 1770 2848 1846 παρατάξεων,
2906 1770 3034 1832 τούς
3095 1790 3157 1824 τε
3214 1769 3663 1843 ὑποστρατήγους
3717 1769 3808 1824 καὶ

2155 1859 2282 1922 τοὺς
2314 1858 2548 1936 ἰλάρχας
2588 1858 2680 1914 καὶ
2735 1861 2963 1928 καθεξῆς
3023 1859 3254 1920 ἅπαντας
3311 1859 3438 1920 τοὺς
3497 1857 3548 1912 ἐν
3604 1857 3805 1922 ὅπλοις

2154 1945 2398 2018 διανίστη
2459 1948 2596 2022 πρὸς
2659 1948 2964 2026 μαχισμὸν,
3021 1946 3220 2022 ἐνάγων
3282 1946 3359 2011 εἰς
3417 1947 3638 2019 μνήμην
3693 1951 3804 2002 τῶν

2767 2037 2855 2091 καὶ
2943 2035 3144 2091 πείθων
3232 2041 3350 2098 τοῖς
3439 2032 3798 2112 ὓποδείγμασι

2151 2131 2374 2182 σπεῦσαι
2448 2125 2536 2181 καὶ
2610 2126 2679 2181 τὰ
2751 2123 3081 2200 προκείμενα
3156 2124 3423 2200 θαρῥῆσαι
3499 2121 3650 2180 δεινὰ
3705 2124 3794 2181 καὶ

2150 2217 2348 2293 ἀγαθὸν
2406 2215 2496 2270 καὶ
2569 2213 2784 2276 τούτοις
2845 2213 2936 2266 σὺν
2993 2218 3110 2286 Θεῷ
3168 2214 3430 2277 ἐπιθεῖναι
3484 2213 3644 2276 τέλος
3701 2213 3792 2270 καὶ

2151 2308 2283 2380 μετά
2329 2303 2600 2378 λαμπρῶν
2640 2303 2914 2378 τροπαίων
2965 2301 3297 2358 ἐπανελθεῖνο
3357 2303 3500 2358 οὕτω
3547 2303 3655 2379 γὰρ
3703 2304 3794 2360 ὑπ’

2145 2395 2321 2452 αὑτῶν
2361 2392 2634 2464 δοξασθεὶς
2681 2395 2904 2464 ἐκεῖνος,
2948 2395 3045 2449 κάν
3089 2397 3169 2466 τῷ
3218 2393 3433 2448 ἀπεῖναι
3479 2395 3620 2469 τοὺς¹
3655 2397 3791 2470 βαρ-

2145 2479 2344 2560 ϐάρους
2400 2485 2646 2554 νικήσας,
2702 2483 3118 2554 ἀντικαταθήσει
3199 2481 3292 2538 καὶ
3349 2483 3514 2546 αὐτὸς
3573 2482 3792 2546 τούτοις

2143 2574 2244 2630 ούκ
2271 2571 2604 2648 εὑαγκάλους
2635 2573 2730 2636 τὰς
2760 2567 3018 2646 ἀμοιϐάς.
3047 2573 3114 2629 Οἱ
3147 2569 3204 2627 δὲ
3232 2573 3319 2626 καὶ
3353 2571 3441 2627 ὅτε
3483 2573 3580 2647 μὲν
3628 2570 3790 2648 ᾔδετο

2139 2666 2307 2717 ταῦτα
2363 2661 2502 2736 πρὸς
2541 2665 2640 2716 τοῦ
2697 2665 3040 2735 κρατοῦντος,
3088 2661 3151 2714 τὸ
3204 2655 3380 2729 ἡδέως
3434 2659 3646 2716 ἀκούειν
3699 2662 3791 2718 καὶ

2139 2749 2540 2826 παραδέχεσθαι
2583 2750 2880 2826 προθύμως
2929 2749 3214 2826 ὑπέφαινον
3263 2748 3313 2819 ἐξ
3365 2749 3438 2804 ὧν
3485 2751 3580 2814 τὰς
3622 2753 3788 2816 ἀκοὰς

2140 2839 2427 2897 ὑπέκλινον
2459 2839 2548 2896 καὶ
2580 2841 2735 2915 σιγὴν
2783 2839 2872 2896 ἐπὶ
2920 2844 3036 2902 τοῖς
3087 2837 3407 2916 λεγομένοις
3451 2841 3786 2911 ἠσπάζοντοο

2135 2928 2250 2984 ἐπεὶ
2293 2927 2341 2984 δ’
2396 2929 2662 2986 ἐπαύσατο
2705 2933 2805 2984 τοῦ
2852 2927 3050 3003 λέγειν,
3098 2925 3175 2983 ἔτι
3231 2927 3445 3001 μᾶλλον
3491 2932 3592 2998 τήν
3639 2925 3786 2987 ἔνδον

2135 3015 2372 3074 διάθεσιν
2442 3019 2812 3091 ὑπεσήμαινον
2873 3018 2964 3072 καὶ
3020 3016 3078 3072 6'v
3152 3017 3305 3097 εἶχον
3381 3018 3651 3094 γάργαλον
3725 3019 3777 3075 ἐν

2131 3111 2310 3188 ψυχῇ,
2341 3112 2420 3181 τῷ
2453 3106 2636 3180 μέλιτι
2666 3107 2761 3162 τοῦ
2817 3105 2985 3184 λόγου
3043 3106 3538 3180 κατακηλούμενοι,
3584 3107 3672 3185 ὑφ’
3713 3108 3774 3162 οὗ

2129 3200 2219 3253 καὶ
2267 3197 2500 3272 ἐῴκεσαν
2549 3199 2793 3272 ἀτεχνῶς
2853 3196 3262 3262 ἀποκλύσασθαι
3307 3195 3361 3253 εἷ’
3400 3197 3450 3253 τί
3497 3219 3599 3252 που
3643 3197 3768 3252 τού-

373 3286 682 3352 transisse,
735 3286 998 3342 victoriis
1058 3286 1350 3358 prioribus
1409 3287 1653 3343 inflatus
1709 3288 2023 3346 insolenter

2143 3307 2250 3348 τοις
2301 3267 2857 3362 εἰσερῥύηκενηάηδὲς
2905 3285 3010 3340 ἀπὸ
3059 3292 3161 3355 τῆς
3213 3287 3434 3360 μνήμης
3478 3289 3582 3340 τῶν
3632 3285 3768 3360 πρό-

369 3373 650 3447 glorialus
681 3383 765 3430 est
801 3392 885 3442 se,
916 3381 980 3430 ut
997 3377 1246 3448 pridem,
1279 3377 1360 3432 ita
1391 3395 1545 3433 nunc
1575 3377 1748 3434 etiam
1787 3379 2011 3434 occiso-

372 3480 500 3520 rum
533 3463 924 3520 Romanorum
958 3465 1193 3522 ossibus
1225 3467 1282 3522 in
1315 3466 1608 3522 tumulum
1634 3467 1883 3539 aggestis
1911 3485 2012 3536 pro

366 3561 579 3626 tropaeo
611 3571 874 3610 usurum.
905 3555 970 3610 Id
1003 3557 1158 3611 enim
1214 3555 1515 3613 barbarica
1569 3557 1812 3626 feritate,
1863 3559 2013 3614 victo

362 3643 554 3698 Gabra
582 3647 638 3698 et
667 3644 877 3710 Brana,
903 3651 966 3700 ut
991 3647 1112 3716 jam
1149 3644 1412 3712 memini,
1447 3647 1679 3702 fecerat.

2121 3375 2290 3451 νέρων
2329 3375 2612 3449 πολέμωνο
2670 3374 2901 3450 βασιλέα
2945 3397 3006 3430 τε
3048 3377 3152 3454 γὰρ
3203 3377 3468 3454 εὐφήμοις
3519 3373 3774 3448 ἐκρότουν

2124 3470 2353 3546 φωναῖς,
2392 3465 2481 3520 καὶ
2509 3465 2572 3520 τὸ
2597 3464 2877 3540 πρόθυμον
2937 3466 3028 3520 καὶ
3071 3465 3204 3540 ὑπὲρ
3247 3465 3406 3542 ἰσχὺν
3451 3463 3776 3536 ἐνδείξασθαι

2129 3554 2480 3629 ἰσχυρίζοντο
2511 3552 2736 3624 Ἀμέλει
2785 3550 2926 3626 μηδὲ
2976 3551 3200 3626 μέλλειν
3256 3549 3427 3609 ἐϐόων
3476 3554 3568 3611 τὸν
3615 3575 3780 3626 στρα-

2119 3640 2380 3718 τηγέτην,
2407 3640 2554 3698 ἀλλὰ
2587 3643 2684 3712 τὴν
2719 3641 2807 3697 ἐπὶ
2845 3641 2972 3704 τοὺς
3004 3641 3306 3716 πολεμίους
3356 3639 3504 3720 ἄγειν
3557 3643 3777 3706 αύτούς.

362 3729 552 3793 Οὕτως
617 3729 927 3806 ἐξῃρμένων
983 3737 1088 3789 τῶν
1151 3733 1569 3808 στρατευμάτων
1627 3732 1824 3812 α’ίφνης
1891 3732 2098 3809 α’ίρεται
2151 3737 2310 3808 θροῦς
2366 3731 2418 3786 ἐν
2479 3736 2558 3804 τῷ
2617 3729 2964 3805 στρατοπέδῳ
3023 3735 3328 3806 συμμιγήςο
3389 3730 3449 3787 ἐκ
3503 3732 3604 3809 γὰρ
3679 3738 3778 3788 τοῦ

359 3826 467 3877 τῶν
531 3818 778 3876 Παιόνων
835 3842 916 3882 τις
972 3816 1156 3886 ἔθνους
1205 3823 1298 3878 τὸν
1351 3820 1522 3879 ’ίππον
1578 3825 1715 3879 κατᾶ
1768 3823 1962 3900 κράτος
2029 3821 2290 3889 ἐλαύνων,
2351 3821 2442 3875 καὶ
2503 3815 2850 3895 προσϐαίνων
2907 3819 2984 3883 εἷς
3061 3821 3192 3875 ὅσον

3283 3823 3372 3875 καὶ
3449 3822 3599 3890 ὅσον,
3679 3821 3769 3877 ἐπὶ

362 3908 536 3983 στόμα
565 3912 995 3984 συγκατήνεκται
1050 3916 1129 3983 τῶ
1186 3912 1456 3986 ὀχήματι.
1511 3913 1774 3976 Βασιλεὺς
1827 3913 2009 3968 τοίνυν
2067 3911 2141 3974 ὡς
2206 3915 2368 3967 τοῦτο
2433 3913 2552 3985 εἶχε
2614 3910 2943 3984 πυθόμενος,
3001 3909 3162 3972 αὑτός
3221 3931 3279 3965 τε
3337 3907 3620 3984 διεκέχυτο
3675 3911 3766 3966 καὶ

363 3996 580 4073 θαῤῥεῖν
610 3998 1000 4073 παρεκελεύετο
1039 4004 1217 4072 πᾶσιν,
1281 4001 1379 4056 οὐκ
1429 3999 1596 4075 ἄχαρι
1654 4002 1718 4058 τὸ
1777 3999 1983 4074 μέλλον
2043 4000 2284 4057 ἐντεῦθεν
2345 3999 2752 4072 οῗωνιζόμενος,
2811 3999 2900 4054 καῖ
2959 3997 3172 4074 χαίρειν
3225 4001 3308 4073 [Ρ.
3376 4001 3498 4073 100]
3559 3999 3766 4076 ἐνάγων

361 4087 436 4150 ὡς
469 4088 557 4142 ἐπὶ
589 4085 734 4161 δεξιᾷ
762 4087 871 4159 ἤδη
903 4095 971 4164 τῇ
1002 4095 1098 4144 τοῦ
1146 4091 1398 4163 πολέμου
1441 4089 1691 4164 τελευτῇ.
1741 4093 1842 4149 Καὶ
1908 4093 1934 4147 6
1996 4093 2090 4166 μὲν
2149 4091 2201 4146 ἐν
2266 4089 2483 4151 τούτοις
2539 4091 2632 4160 ἧν,
2695 4089 2824 4144 Θεὸν
2886 4095 3106 4162 σωτῆρα
3165 4088 3412 4164 προηγὸν
3473 4088 3770 4146 ἐπικαλού-

1524 4178 1868 4256 Ἀνδρόνικος

361 4197 524 4248 μενος
589 4182 706 4236 τοῖς
775 4179 1187 4252 στρατεύμασιν.
1254 4181 1316 4238 Ὀ
1379 4177 1436 4235 δὲ

1960 4181 2051 4234 τὸν

2147 4177 2526 4252 στρατηλάτην
2594 4178 3024 4252 ὑποζωσάμενος
3095 4177 3300 4255 ἀπῆρεν
3363 4179 3567 4243 ἐκεῖθεν
3635 4179 3769 4252 μετά

354 4269 544 4318 πασῶν
599 4267 706 4319 τῶν
769 4263 1068 4338 δυνάμεων,
1125 4269 1216 4322 καὶ
1285 4270 1430 4344 εἶχεν
1489 4268 1650 4324 αὑτὸν
1709 4271 1932 4344 ἡμερῶν
1992 4291 2154 4326 τινων
2217 4265 2614 4323 διαλειπουσῶν
2676 4268 2704 4321 6
2766 4262 3002 4330 Σάουόις
3052 4268 3140 4322 καὶ
3225 4262 3490 4329 Δάνουϐις
3569 4263 3767 4324 διαπε-

357 4353 701 4430 ραιούμενον,
755 4355 846 4410 καὶ
903 4355 966 4410 τὸ
1025 4355 1322 4435 Ζεύγμινον
1383 4355 1712 4436 εἷ’σεδέχετο.
1783 4355 1912 4416 Οὐδ’
1966 4359 2017 4412 οἱ
2096 4359 2320 4420 Παίονες
2399 4355 2486 4411 ἐπὶ
2569 4355 2784 4419 τούτοις

355 4440 560 4505 οῗκείας
625 4439 752 4504 ἴλας
819 4443 1172 4520 ἀγειράμενοι
1233 4445 1320 4501 καὶ
1391 4447 1743 4520 συμμαχικὸν
1815 4446 2265 4522 ξενολογήσαντες
2341 4445 2446 4499 οὐκ
2531 4444 2718 4518 ὀλίγον
2804 4445 2865 4499 ἐκ
2945 4449 3054 4500 τῶν

2877 4357 3352 4426 ἀναπεπτώκεσαν,
3433 4355 3582 4414 ἀλλὰ
3669 4360 3764 4422 τὰς

3146 4445 3499 4521 ὁμορούντων
3589 4445 3767 4526 σφίσιν

353 4527 550 4588 ἐνθνῶν
609 4531 700 4587 καὶ
760 4531 810 4606 ἐξ
869 4532 1043 4589 αὐτῶν
1105 4533 1162 4590 δὲ
1243 4533 1598 4609 Ἀλαμανῶν,
1679 4537 1754 4599 ὡς
1833 4535 2074 4614 ἐλέγετο,
2157 4536 2246 4590 καὶ
2331 4535 2608 4591 Διονύσιον
2693 4533 2908 4596 τούτοις
2984 4532 3368 4606 ἐπιστήσαντες
3458 4535 3762 4613 στρατηγὸν

353 4625 748 4697 αὐτοκράτορα,
825 4630 1065 4702 γενναῖον
1144 4622 1308 4700 ἄνδρα
1381 4626 1472 4680 καὶ
1545 4627 1818 4689 πολλάκις
1891 4626 1986 4690 τὰς
2059 4624 2302 4688 ἐναντίας

2393 4624 2741 4698 συγκόψαντα
2834 4623 3141 4701 φάλαγγας,
3239 4622 3331 4679 καί
3423 4644 3761 4702 φρονηματι-

355 4711 566 4776 σθέντες
618 4713 765 4768 οὕτω
830 4717 963 4788 μετὰ
1019 4715 1238 4788 κόμπου
1296 4713 1550 4788 ἐπῄεσαν.
1613 4716 1787 4778 Οὗτος
1845 4713 1903 4770 δὲ
1955 4717 1984 4770 ὁ
2043 4713 2329 4778 Διονύσιος
2385 4713 2474 4768 ’ὀτε
2531 4713 2766 4786 πρώτως
2815 4711 3044 4784 ἠκηκόει
3129 4713 3220 4768 τὸν
3279 4715 3490 4788 Ἵστρον
3563 4710 3760 4780 διαϐῆ-

352 4821 434 4857 ναι
491 4803 810 4876 Ῥωμαϊκὴν
859 4804 1132 4876 στρατιὰν,
1194 4804 1615 4882 γεγαυρωμὲνος
1673 4802 1748 4860 ὢν
1799 4803 1886 4860 ἐπὶ
1941 4809 2059 4868 ταῖς
2116 4803 2380 4880 πρότερον
2440 4801 2614 4865 νίκαις
2670 4797 2733 4865 ἅς
2798 4801 2967 4876 ἤρατο
3019 4802 3156 4857 κατᾶ
3212 4801 3524 4874 Ῥωμαίων,
3590 4823 3760 4876 μεγα-

355 4885 721 4962 λορῥημονῶν
789 4885 974 4967 ἔλεγεν
1043 4893 1118 4955 ὡς
1176 4893 1252 4955 εἰς
1311 4890 1556 4948 κολωνὸν
1614 4893 1763 4956 αὖθις
1823 4893 2021 4949 ἐσεῖται
2075 4893 2335 4968 ἀγηοχώς
2395 4893 2458 4946 τὲ
2513 4895 2618 4944 τῶν
2679 4890 2756 4954 εἰς
2808 4889 3053 4964 πόλεμον
3119 4891 3396 4946 πεσόντων
3469 4891 3757 4962 Ῥωμαίων

353 4979 502 5034 οστᾶ.
535 4977 624 5030 καὶ
657 4977 747 5031 οἶα
773 4980 1021 5052 τροπαίῳ
1049 4981 1265 5044 τούτοις
1332 4983 1408 5046 ὡς
1463 4983 1552 5038 καὶ
1612 4981 1816 5038 ἄλλοτέ
1869 5002 2002 5036 ποτε
2057 4983 2353 5056 χρήσαιτο,
2402 4979 2515 5034 ἐπεὶ
2572 4979 2662 5034 καὶ
2718 4979 2784 5051 ἦν
2840 5000 2894 5034 τι
2948 4983 3199 5035 τοιοῦτον
3261 4974 3608 5056 βαρϐαρικῶς
3667 4975 3756 5033 δε-

351 5061 584 5138 δρακὼς,
619 5065 848 5134 ὁπηνίκα
880 5067 970 5122 τὸν
1003 5065 1210 5144 Γαϐρᾶν
1239 5071 1327 5125 καὶ
1356 5072 1448 5126 τὸν
1483 5075 1676 5148 ΒρνΞὶ-θ,
1712 5071 1786 5135 ὡς
1814 5067 1922 5139 ἤδη
1960 5091 2051 5144 μοι
2083 5067 2300 5146 ἔῤῥὲθη,
2331 5065 2767 5142 κατηγωνίσατο.

415 5213 472 5264 2.
503 5209 1013 5284 Contostephanus
1051 5230 1180 5272 vero
1215 5216 1268 5270 in
1335 5219 1476 5273 festo
1537 5217 1797 5290 Procopii
1846 5233 1995 5272 mar-
2033 5229 2035 5285 ;

2183 5215 2252 5290 β’,
2303 5214 2598 5283 Ἐνστάσης
2649 5209 2708 5268 δὲ
2755 5219 2855 5284 τῆς
2905 5212 3116 5288 ἐορνίου
3164 5216 3391 5288 μνήμης
3441 5207 3751 5287 Προκοπίου

346 5299 489 5368 tyris
521 5306 778 5357 armatas
813 5301 1122 5374 phalanges
1154 5305 1212 5359 in
1260 5308 1440 5363 aciem
1501 5307 1710 5372 educit,
1746 5308 1994 5364 frontem

351 5391 785 5465 exercitusipse
815 5402 1080 5467 occupat,
1107 5413 1284 5452 cornu
1347 5401 1612 5454 dextrum
1671 5400 1994 5456 Andronico

348 5479 954 5549 Lapardte,sinistrum
979 5482 1108 5537 aliis
1126 5486 1379 5541 tribunis
1407 5487 1665 5544 mandat.
1697 5489 1998 5559 Dzsposuit

345 5573 402 5624 et
432 5567 582 5624 alias
614 5569 933 5643 phalanges
987 5573 1227 5645 paulurn
1283 5577 1354 5629 ab
1413 5584 1657 5649 utroque
1688 5593 1867 5633 cornu
1901 5594 1992 5634 se-

347 5663 562 5728 motas,
583 5661 648 5716 ut
668 5677 770 5734 per
793 5667 1023 5736 tempus
1047 5661 1452 5722 laborantibus
1498 5665 1832 5738 legionibus
1855 5666 1992 5724 sub-

2097 5307 2199 5360 τοῦ
2261 5304 2554 5377 μάρτυρος,
2608 5301 2849 5358 ἐκτάσσει
2905 5303 3000 5365 τὰς
3057 5301 3310 5376 δυνάμεις
3369 5304 3446 5366 εἷς
3505 5299 3750 5372 πόλεμον

2102 5394 2130 5448 6
2181 5389 2644 5468 Κοντοστέφανος,
2701 5391 2792 5446 καὶ
2850 5389 3012 5454 αὑτός
3067 5413 3124 5447 τε
3181 5389 3326 5448 ἐνέδυ
3381 5391 3474 5448 τὸν
3535 5389 3753 5466 θώρακα

2099 5482 2190 5536 καὶ
2246 5481 2343 5549 τὴν
2399 5477 2578 5549 ἄλλην
2629 5478 2936 5535 πανοπλίαν
2983 5480 3278 5558 ἠμφίεστο,
3333 5479 3424 5535 καὶ
3472 5485 3588 5544 τοῖς
3629 5477 3750 5534 λοι-

2099 5577 2224 5632 ποῖς
2252 5570 2515 5630 ὡσαύτως
2557 5565 2809 5624 ἐπέταττε
2861 5566 3014 5644 δρᾷν,
3073 5570 3162 5625 καὶ
3219 5570 3318 5638 τὴν
3375 5569 3570 5624 ἑαυτοῦ
3622 5567 3751 5624 ’ἐκα-

2100 5681 2224 5724 στος
2281 5658 2425 5731 τάξιν
2477 5655 2835 5733 ἐπεπορεύετο
2892 5657 2982 5714 καὶ
3040 5659 3269 5724 καθίστα
3327 5659 3464 5735 πρὸς
3538 5658 3602 5714 τὸ
3661 5653 3750 5713 εὕ-
