4140 6290
399 364 515 427 497
1521 361 1621 421 DE
1663 363 1837 423 ΜΛΝ
1844 362 2050 425 UELE

2158 363 2468 426 )MNENO
2511 367 2661 427 LIB.
2701 368 2780 429 ν.
3705 372 3823 436 498

402 518 625 555 τακτον.
668 494 767 550 Καὶ
804 495 864 549 τὸ
899 492 993 566 μἐν
1023 498 1124 562 τῆς
1155 491 1442 570 φάλαγγος
1479 493 1729 567 μέτωπον
1776 494 2052 569 ἀπένειμεν

2178 499 2687 556 venirent.Interea
2705 500 2911 556 litterae
2933 500 3304 575 imperatoris
3340 501 3423 559 illi
3471 504 3646 560 aii'eru
3659 509 3819 578 ntur,

421 591 449 645 ὁ
483 587 787 663 στρατηγὸς
816 586 1009 656 ἑαυτῷ,
1042 585 1104 638 τὸ
1150 581 1207 638 δὲ
1264 585 1424 660 κέρας
1487 586 1548 639 τὸ
1610 582 1778 657 δεξιὸν
1847 583 2067 661 Ἀνδρό-

419 702 570 743 νικος
604 679 817 753 ἐπεῖχεν
852 677 879 731 ὁ
931 673 1244 751 Λαπαρδᾶς,
1302 677 1366 731 τὸ
1434 673 1492 731 δὲ
1542 674 1695 732 λαιὸν
1758 677 1923 734 ἄλλοι
1970 700 2068 734 τα-

416 769 654 845 ξίαρχοι,
704 766 799 829 οὕς
868 766 896 821 ὁ
954 766 1260 840 στρατηγὸς
1319 768 1665 839 συνεπήγετο.
1736 768 2066 844 Ἐξετετάχει

416 855 471 912 δὲ
526 857 614 911 καὶ
675 854 854 916 ἄλλας
930 853 1236 930 φάλαγγας,
1326 854 1520 928 μικρὸν
1612 851 1809 919 ἄποθεν
1903 855 2065 919 αὐτὰς

414 942 708 1015 διαστήσας
795 941 1050 1018 ἐκατέρου
1140 940 1391 1016 κέρατος,
1473 938 1622 1004 ὅπως
1682 942 2065 1018 ἐπιπαριοῦσαι

407 1037 541 1093 κατά
597 1036 790 1111 καιρὸν
864 1032 1048 1104 εἷήσαν
1138 1033 1510 1110 ἐπαρήγουσαι
1591 1040 1709 1096 τοῖς
1795 1034 2062 1109 κάμνουσι

403 1125 691 1200 τάγμασιν.
749 1121 912 1182 Οὕτω
980 1120 1028 1177 δ’
1104 1121 1418 1179 ἐκτέσσοντι
1492 1123 1586 1185 τὰς
1647 1120 1899 1196 δυνάμεις
1972 1123 2063 1179 καὶ

405 1218 728 1279 καθιστῶντι
761 1217 841 1285 τῷ
874 1209 1208 1285 Ἀνδρονίκῳ
1240 1210 1515 1290 ἐφίσταταί
1543 1234 1626 1274 τις
1676 1211 1736 1267 ἐκ
1793 1213 2064 1287 βασιλέως

405 1304 644 1377 κομίζων
711 1302 1036 1376 γράμματα,
1093 1298 1304 1370 ἐκείνην
1370 1303 1468 1368 τήν
1528 1300 1740 1376 ἡμέραν
1799 1305 2062 1377 καθυπερ-

408 1393 586 1459 θὲσθαι
623 1395 722 1462 τὴν
787 1390 1119 1465 συμπλοκήν
1180 1391 1543 1447 ἐπιτάσσοντα
1602 1391 1676 1453 ὡς
1738 1390 2059 1471 ἀσύμφορον

415 1483 469 1545 ἒς
527 1478 656 1557 ἔργα
703 1480 971 1553 πολέμια,
1029 1481 1120 1535 καὶ
1187 1481 1303 1545 καθ’
1391 1480 1572 1555 ἑτέραν
1628 1480 1935 1549 ἀναθέσθαι,
1995 1483 2061 1551 ἣν

411 1572 501 1627 καὶ
557 1572 724 1640 αὖτῆν
780 1572 842 1625 τὸ
911 1568 1223 1626 ἐπιστόλιον
1262 1567 1595 1626 ἀνεδίδασκε.
1635 1571 1936 1643 Δεξάμενος
1967 1571 2059 1624 οὖν

411 1662 440 1715 ὁ
468 1661 774 1737 στρατηγὸς
799 1661 863 1715 τὸ
898 1656 1115 1735 βιϐλίον
1168 1658 1244 1721 εἷς
1275 1660 1366 1715 τὸν
1400 1659 1597 1714 οἰκεῖον
1655 1665 1859 1729 καθῆκε
1921 1658 2059 1714 κόλ-

405 1771 528 1818 πον,
593 1751 734 1822 μήτε
802 1754 918 1816 τοῖς
973 1751 1336 1827 γραφομένοις
1398 1749 1720 1827 προσσχὼν,
1772 1750 1910 1821 μήτε
1941 1752 2056 1810 τοῖς

408 1842 625 1894 συνοῦσι
662 1838 947 1914 μεγιστᾶσι
996 1834 1141 1906 δῆλα
1189 1838 1255 1892 τὰ
1312 1837 1759 1912 προσταττόμενα
1809 1836 2054 1909 θέμενος,
2086 1879 2131 1942 Β

408 1925 423 1942 ς
623 1931 649 1942 ..
775 1923 820 1942 ..κ
1218 1925 1231 1941 ρ
1473 1926 1486 1942 ε
1759 1925 1772 1942 ε
1860 1925 1912 1942 ,υ

404 1925 694 1989 ἐπαινετῶς
773 1923 829 1981 δὲ
882 1925 1396 2000 παρακρουσὲμενος
1473 1926 1669 2000 ἕτερων
1753 1925 2050 1981 ὑποθέσεων

408 2012 747 2090 διηγήσεσιν.
828 2017 1183 2090 Ἀπετρὲπετο
1260 2012 1317 2069 δὲ
1392 2015 1467 2077 ὡς
1542 2014 1791 2089 ἀποφρὰς
1867 2011 2056 2086 ἡτότε

401 2108 582 2181 ἡμέρα
619 2126 710 2181 καί
757 2103 904 2166 ὅλως
959 2104 1271 2183 ἀξύμφορος
1338 2105 1476 2179 πρὸς
1541 2107 1640 2175 τήν
1707 2108 1825 2160 κατ’
1890 2108 2055 2176 Ἀρεα

403 2194 715 2267 συμϐολὴν,
760 2194 876 2249 ἐπεὶ
933 2193 1022 2248 καὶ
1078 2194 1147 2262 ἦν
1199 2193 1294 2257 τάς
1343 2191 1601 2256 πλείστας
1658 2194 1748 2249 καὶ
1803 2195 2056 2271 μεγίστας

399 2288 506 2338 τῶν
550 2284 819 2357 πράξεων,
852 2284 944 2338 καὶ
988 2284 1132 2358 παρᾶ
1197 2283 1329 2339 Θεοῦ
1386 2283 1448 2338 τό
1509 2281 1676 2358 πέρας
1725 2286 1842 2340 κατ’
1895 2281 2050 2339 εὐδο-

403 2373 522 2428 κίαν
578 2372 686 2429 ε’ἶτε
747 2375 824 2447 μὴ
878 2370 1199 2452 δεχομένας,
1249 2378 1365 2435 ταῖς
1422 2376 1528 2427 τῶν
1574 2371 1782 2444 ἄστρων
1816 2374 1919 2428 οὐκ
1948 2371 2054 2428 οΤδ’

408 2460 556 2523 ὅπως
631 2461 999 2538 περιπλοκαῖς
1073 2460 1162 2515 καὶ
1239 2466 1357 2523 ταῖς
1429 2459 1675 2516 τοιαῖσδε
1750 2462 1924 2526 θέσεσι
1963 2461 2052 2516 καὶ

408 2551 677 2618 κινήσεσιν
739 2550 1093 2618 ἐπανατιοεῖς,
1150 2549 1241 2604 καὶ
1314 2554 1432 2610 τοῖς
1484 2550 1639 2624 παρᾶ
1693 2554 1802 2605 τῶν
1853 2551 2053 2624 ἀστρο-

415 2634 753 2712 λεσχοῦντων
813 2638 1135 2716 λεγομένοις
1189 2640 1637 2716 καθυπαγόμενος
1704 2637 1792 2693 ἷ¹σα
1845 2645 1963 2700 ταῖς
1995 2637 2056 2693 ἒκ

418 2724 671 2799 θρανίδος
721 2732 850 2782 Θεοῦ
900 2728 1250 2807 ἀποφάσεσιν.
1305 2728 1366 2785 Ὁ
1433 2725 1490 2782 δὲ
1559 2729 1633 2799 μὴ
1683 2732 1801 2790 τοῖς
1844 2749 2051 2805 γραφο-

423 2814 611 2886 μένοις
646 2813 790 2875 ὅλως
812 2818 1121 2892 προσσχὼν,
1163 2816 1289 2872 ἀλλ’
1322 2813 1480 2879 εἰδὼς
1539 2816 1613 2878 ὡς
1674 2816 1809 2891 μέγα
1874 2817 2053 2879 ὤνησε

418 2902 691 2966 πολλάκις
719 2904 810 2959 τὸν
839 2904 1100 2961 ἀθλοῦντα
1130 2907 1219 2960 καὶ
1276 2906 1511 2981 βραχεῖά
1565 2927 1647 2969 τις
1703 2906 2052 2978 ὑποφώνησις

412 2997 510 3048 τοῦ
541 2992 871 3071 ἀλείφοντος,
915 2996 1052 3068 πρὸς
1073 2996 1167 3050 τὸν
1196 2993 1247 3050 ἐν
1284 2996 1471 3069 χερσὶν
1515 2994 1693 3070 ἀγῶνα
1747 2993 2051 3065 διανίστησι

410 3080 599 3159 λόγοις
652 3084 714 3138 τὸ
777 3085 1105 3160 στράτευμα,
1141 3110 1167 3137 ιι
1213 3086 1525 3155 Μνήσασθε,
1568 3108 1597 3136 ››
1643 3084 2052 3162 ὑποφθεγγόμε-

404 3193 514 3242 νος,
540 3197 568 3225 ‹‹
601 3170 791 3249 ἄνδρες
822 3178 1114 3247 Ῥωμαῖοι,
1159 3172 1435 3247 πολεμίου
1496 3171 1693 3243 ἀλκῆς,
1758 3176 2050 3246 μνήσασθε,

403 3263 490 3317 καὶ
528 3259 700 3336 μηδὲν
732 3283 785 3318 τι
837 3265 1150 3342 φρονῆσητε
1195 3266 1296 3328 τῆς
1358 3261 1520 3333 δόξης
1577 3264 1668 3317 καὶ
1716 3270 1816 3333 τῆς
1873 3263 2051 3339 τύχης

402 3357 501 3421 τῆς
531 3349 759 3423 ἐνούσης
792 3350 1029 3422 ἀνάξιον,
1064 3348 1120 3407 εῦ
1150 3349 1353 3413 εἰδότες
1401 3351 1476 3412 ὡς
1533 3352 1623 3405 καὶ
1685 3355 1850 3426 θῆρες
1909 3353 2049 3428 ὀρει-

403 3439 563 3510 νόμοί
605 3443 690 3514 [Ρ.
756 3442 847 3515 10]
911 3446 1027 3502 τοῖς
1075 3441 1192 3497 κατ’
1246 3440 1424 3496 αὐτῶν
1499 3441 1777 3515 εὐθαρσῶς
1839 3439 2052 3497 ἐπιοῦσι

408 3527 607 3586 δεδίασί
663 3550 722 3585 τε
781 3537 1211 3605 προεγχειρῆσαι
1268 3530 1357 3584 καὶ
1416 3525 1831 3601 διασοϐηθέντες
1887 3529 2053 3585 ἀπία-

409 3641 512 3690 σιν,
548 3621 662 3675 ὅσοι
698 3616 756 3674 δὲ
788 3618 975 3681 αὐτοῖς
1013 3618 1386 3692 ἀντιμέτωποι
1457 3626 1646 3689 στῆναι
1703 3618 2049 3698 πεφρίκασιν,

408 3708 484 3770 εἷς
511 3709 738 3782 ετοίμην
782 3708 971 3778 θοίνην
1025 3704 1479 3781 ὠμοϐορούμενοι
1531 3708 1861 3783 πρόκεινται.
1922 3710 2049 3767 Ἀνο

408 3793 640 3873 δριστέον
716 3798 807 3853 οὗν
896 3797 1031 3852 κατᾶ
1104 3795 1331 3851 τουτωνὶ
1406 3800 1513 3853 τῶν
1576 3797 2046 3874 θηριογνωμόνων

404 3887 715 3963 βαρβάρων,
753 3888 827 3960 μὴ
876 3907 994 3949 πως
1065 3886 1156 3940 ὑπ’
1202 3886 1389 3948 αὐτοῖς
1448 3886 1750 3961 γενώμεθα,
1809 3885 2050 3966 φιλοψυ-

400 3975 523 4055 χίαν
556 3977 789 4051 ἀγεννῶς
817 3977 1146 4046 νοσήσαντες
1179 3975 1255 4048 μή
1319 3974 1621 4046 σώζουσαν,
1680 3973 1805 4030 ἀλλ’
1868 3974 2045 4031 ἀπολ-

400 4064 656 4135 λύουσαν,
687 4068 850 4119 τοῦτο
883 4061 949 4133 δὴ
1002 4061 1136 4134 ὅπερ
1166 4063 1277 4135 (94)
1339 4063 1394 4116 αἱ
1449 4067 1568 4124 ταῖς
1627 4064 1842 4138 ἀρεταῖς
1899 4063 2044 4120 ἀντί-

403 4166 543 4219 θετοι
598 4154 784 4209 κακίαι
836 4153 1061 4217 εἶώθασι
1124 4148 1272 4225 δρᾷν,
1334 4150 1384 4206 εἷ’
1437 4152 1528 4206 καὶ
1585 4155 2037 4229 παραπεπήγασιν

401 4241 583 4304 αὐταῖς
623 4242 820 4297 ἐκεῖναι
859 4241 950 4296 καὶ
1000 4240 1104 4294 εἰσί
1159 4259 1277 4300 πως
1336 4238 1644 4314 ἀγχίθυροι.
1705 4240 1807 4297 Καὶ
1858 4239 2045 4303 ἄλλως

402 4328 458 4385 δὲ
530 4331 640 4406 οὐχ
693 4334 859 4404 ἡμεῖς
914 4330 1010 4403 μὲν
1066 4329 1231 4402 ἓσμὲν
1257 4327 1351 4382 καὶ
1382 4327 1587 4402 βλητοὶ
1626 4329 1716 4383 καὶ
1748 4329 1955 4399 θνητοὶ,
1988 4328 2048 4384 ἐκ

403 4415 457 4475 δὲ
514 4418 728 4496 χαλκοῦ
797 4417 1061 4493 τεχνητοὶ
1116 4418 1167 4471 οἱ
1224 4414 1508 4489 πολέμιοι·
1566 4413 1679 4471 οὐδ’
1728 4417 1881 4472 οὗτοι
1950 4418 2044 4492 μὲν

401 4513 636 4581 χιτῶνας
658 4507 995 4583 περίκεινται
1036 4502 1323 4575 σιδηρέους
1376 4505 1464 4560 καὶ
1520 4503 1795 4560 ὠκύποσιν
1847 4503 2045 4569 ’ίπποις

2181 590 2396 661 quibus
2428 607 2681 662 pugnam
2714 591 2769 646 in
2806 591 2985 647 alium
3043 593 3497 648 commodiorem
3551 594 3705 651 diem
3766 595 3827 651 in

2176 679 2388 735 litteris
2407 680 2765 736 declaratum
2790 681 3374 752 dill'crrejubebatur.
3407 683 3599 739 Atille
3629 683 3827 740 libello

2177 770 2233 823 in
2269 769 2395 824 sinu
2429 772 2663 827 condito
2687 772 2854 840 jussa
2889 772 3042 828 200
3085 771 3349 844 negligit,
3400 779 3454 828 et
3507 774 3660 844 apud
3694 789 3826 845 pro-

2177 874 2334 913 ceres
2364 858 2611 914 aliarum
2646 876 2839 915 rerum
2902 861 3198 917 mentione
3256 862 3562 932 interjecta
3617 861 3825 919 callide

2176 947 2530 1004 dissimulat.
2565 951 2620 1004 Is
2653 954 2848 1005 autem
2880 949 3027 1017 dies,
3062 954 3126 1004 ut
3174 953 3293 1006 ater
3322 954 3380 1007 et
3426 950 3720 1007 infaustus
3747 952 3820 1007 ad

2174 1053 2457 1108 pugnam,
2506 1037 2989 1108 improbabatur:
3052 1039 3248 1095 nescio
3315 1038 3473 1096 enim
3527 1042 3817 1112 quomodo

2175 1125 2422 1196 plurima
2452 1136 2510 1182 et
2545 1128 2797 1183 maxime
2829 1145 3069 1199 quisque
3094 1127 3343 1198 negotia,
3370 1145 3497 1200 quae
3530 1129 3817 1185 arbitratu

2173 1215 2272 1269 Dei
2305 1216 2594 1273 secundos
2625 1216 2711 1271 vel
2770 1219 3044 1273 adversos
3101 1219 3286 1272 exitus
3343 1218 3686 1286 sortiuntur,
3743 1217 3816 1274 ad

2172 1311 2464 1360 astrorum
2499 1306 2778 1362 circuitus
2810 1313 2868 1362 et
2918 1311 3105 1362 certos
3165 1308 3391 1378 positus
3431 1323 3496 1362 ac
3554 1322 3817 1379 progres-

2171 1393 2367 1449 siones
2399 1394 2635 1450 Manuel
2671 1396 2972 1460 referebat,
3030 1401 3087 1451 et
3142 1412 3332 1468 nugas
3390 1397 3815 1465 astrologorum

2170 1499 2271 1553 pro
2303 1484 2551 1538 oraculis
2583 1484 2922 1555 excipiebat.
2965 1488 3244 1539 Caeterum
3304 1484 3814 1555 Contostephanus

2167 1571 2240 1627 iis
2273 1572 2479 1627 litteris
2538 1572 2708 1643 plane
2765 1575 3139 1645 contemptis,
3200 1591 3313 1629 non
3367 1575 3610 1645 ignarus
3658 1589 3812 1648 saepe

2169 1662 2458 1717 modicam
2490 1662 2949 1718 cohortationem
2983 1663 3053 1717 ad
3103 1672 3389 1719 certamen
3444 1663 3622 1737 pugili
3656 1664 3811 1721 mul-

2168 1755 2293 1805 tum
2324 1751 2899 1823 profuisse.legiones
2930 1751 3003 1806 ad
3029 1751 3183 1806 hunc
3199 1752 3436 1808 modum
3456 1753 3807 1825 alloquitur:

2167 1861 2195 1889 «
2225 1839 2418 1895 Fortes
2448 1841 2598 1896 viros
2627 1857 2726 1895 vos
2759 1842 3028 1912 praebete,
3060 1839 3327 1907 Quirites,
3361 1858 3545 1913 neque
3577 1842 3813 1897 fortuna

2162 1936 2211 1984 el
2244 1927 2432 1999 gloria
2483 1932 2672 1985 vestra
2730 1929 3051 2000 quidquam
3120 1928 3432 2001 indignum
3493 1929 3803 1986 admittite.

2160 2017 2336 2073 Scitis
2359 2017 2515 2074 enim
2549 2017 2719 2075 etiam
2783 2018 2955 2086 feras,
3016 2018 3063 2074 si
3124 2019 3255 2090 quis
3298 2018 3517 2075 fortiter
3545 2018 3802 2085 invadat,

2162 2109 2361 2162 terreri
2397 2107 2539 2163 acin
2564 2108 2759 2181 fugam
2785 2106 3016 2176 conjici,
3054 2107 3293 2165 timidos
3312 2124 3440 2163 vero
3481 2112 3540 2165 et
3568 2109 3807 2180 fugaces

2160 2196 2231 2250 ab
2262 2197 2346 2252 eis
2378 2197 2660 2253 devorari.
2697 2197 2883 2260 Quare
2932 2213 3063 2253 cum
3124 2197 3478 2253 immanibus
3518 2198 3648 2254 istis
3676 2197 3807 2253 bar-

2160 2285 2315 2340 baris
2338 2291 2571 2341 strenue
2595 2286 2993 2341 dimicandum
3020 2290 3129 2352 est,
3149 2302 3221 2341 ne
3243 2287 3446 2343 mortis
3469 2287 3801 2353 formidine,

2160 2390 2289 2446 quae
2324 2391 2437 2428 non
2472 2373 2721 2429 salutem
2754 2374 2848 2429 sed
2884 2374 3125 2430 exitium
3159 2374 3563 2447 effr-rt,jugum
3598 2390 3799 2430 eorum

2161 2462 2404 2531 turpiter
2436 2464 2753 2518 subeamus
2784 2466 2840 2516 et
2869 2462 3113 2532 ignavia:
3153 2468 3362 2519 [108le
3415 2479 3615 2528 graves
3646 2463 3790 2519 αοι

2161 2569 2359 2620 poenas
2390 2553 2616 2605 demus.
2653 2551 2850 2621 Neque
2879 2568 3013 2606 vero
3045 2557 3148 2607 aut
3178 2568 3284 2607 nos
3317 2549 3425 2608 soli
3458 2552 3797 2606 vulneribus

2158 2647 2213 2697 et
2246 2641 2414 2695 morti
2447 2639 2688 2709 expositi
2723 2656 2951 2709 sumus,
3016 2647 3113 2695 aut
3170 2639 3367 2695 hostes
3404 2642 3531 2695 aerei
3579 2645 3719 2695 sunt
3746 2643 3804 2695 et

2122 2729 2659 2786 invulnerabiles:
2694 2731 2790 2784 sed
2828 2735 2890 2783 ut
2946 2727 3028 2783 illi
3090 2731 3239 2784 ferro
3289 2729 3503 2784 muniti
3558 2733 3700 2784 sunt
3746 2732 3804 2783 et

2158 2817 2456 2875 velocibus
2514 2819 2682 2889 equis
2741 2818 3018 2881 insident,
3074 2817 3151 2873 ita
3208 2819 3420 2872 eaedem
3478 2834 3566 2872 res
3630 2816 3803 2873 nobis

2159 2924 2393 2980 quoque
2424 2912 2763 2978 suppetunt,
2797 2923 2980 2978 neque
3011 2907 3349 2961 fortitudine
3376 2906 3493 2962 illis
3542 2905 3801 2962 cedimus

2158 2996 2444 3053 Omnibus
2471 2997 2669 3051 eadem
2701 3001 2790 3052 est
2824 2996 3147 3065 instructio,
3204 2996 3405 3051 eadem
3467 2995 3602 3051 belli
3642 3011 3804 3052 exer-

2158 3086 2375 3153 citatio,
2405 3087 2602 3141 eadem
2637 3102 2929 3141 armorum
2964 3084 3128 3141 ratio.
3186 3089 3330 3141 Nam
3380 3085 3523 3140 illud
3575 3087 3802 3159 omitto,

2161 3181 2581 3248 nos,quantum
2605 3175 2931 3246 eloquentia
2962 3179 3020 3229 et
3065 3175 3328 3229 doctrina
3378 3174 3651 3231 barbaros
3699 3191 3802 3231 su—

2086 3237 2130 3302 B
2160 3281 2456 3338 periimus,
2476 3269 2639 3320 tanto
2661 3265 2832 3320 etiam
2866 3262 3174 3334 disciplina
3196 3262 3435 3319 militari
3484 3271 3540 3319 et
3566 3264 3800 3321 solertia

2156 3355 2483 3426 superiores
2516 3370 2662 3409 esse.
2695 3353 2916 3409 Sumus
2946 3354 3119 3409 etiam
3184 3352 3428 3407 antehac
3481 3370 3615 3408 cum
3650 3353 3798 3409 Pan-

2153 3443 2347 3498 noniis
2401 3459 2717 3515 congressi,
2777 3458 3090 3512 eorumque
3169 3458 3341 3512 agros
3414 3445 3795 3500 vastavimus.

2151 3533 2578 3604 Aggrediamur
2635 3547 2736 3587 eos
2797 3547 2952 3586 nunc
3009 3547 3245 3602 quoque
3306 3531 3557 3585 victoriae
3592 3533 3791 3587 habitu

2151 3622 2517 3676 confirmato.
2554 3621 2740 3691 Agite,
2790 3620 2921 3687 viri,
2982 3624 3155 3692 agite,
3217 3620 3662 3683 commilitones,
3720 3621 3800 3675 ita

2153 3709 2365 3764 liberos
2397 3712 2453 3763 et
2481 3709 2757 3779 conjuges
2788 3714 3013 3764 vestras
3068 3709 3317 3764 videatis
3351 3723 3363 3760 :
3418 3709 3794 3764 barbarorum

2151 3798 2521 3869 pereuntium
2556 3812 2721 3851 voces
2746 3796 2873 3851 Istri
2928 3796 3191 3868 gurgites
3251 3796 3548 3860 hauriant,
3590 3811 3796 3852 cruen-

2150 3890 2397 3957 tumque
2427 3885 2643 3940 ﬂumen
2680 3885 3113 3940 Pannoniorum
3141 3884 3364 3941 cladem
3398 3892 3454 3940 et
3503 3886 3797 3940 Romano-

2152 3991 2279 4030 rum
2310 3972 2609 4028 victoriam
2644 3971 2883 4027 insolito
2940 3974 3272 4043 spectaculo
3330 3973 3496 4029 terris
3537 3974 3609 4027 iis
3642 3990 3796 4028 nun-

2150 4060 2255 4117 tiet
2287 4077 2432 4132 quas
2466 4059 2717 4129 perfluit.
2750 4060 3030 4115 Praeterea
3062 4060 3204 4115 illud
3267 4060 3436 4115 etiam
3490 4066 3575 4114 est
3603 4059 3793 4115 consi-

2151 4150 2496 4215 derandum,
2559 4165 2690 4202 eum
2742 4167 2773 4203 a
2831 4166 2944 4219 quo
3001 4149 3117 4203 huc
3150 4149 3316 4204 missi
3345 4165 3552 4205 sumus
3606 4153 3795 4204 totum

2151 4240 2399 4312 pendere
2430 4257 2461 4293 a
2493 4240 2682 4302 nobis,
2718 4246 2769 4293 et
2807 4241 2954 4292 bona
3013 4255 3114 4309 spe
3145 4256 3213 4293 ex
3246 4240 3460 4295 nostris
3510 4238 3797 4310 pollicita-

2153 4327 2407 4383 tionibus
2437 4328 2588 4383 202
2617 4334 2895 4395 concepta
2948 4328 3069 4397 jam
3130 4330 3245 4382 fere
3290 4329 3547 4398 captivos
3578 4329 3796 4398 agitare

2152 4419 2347 4473 animo
2378 4423 2433 4474 et
2475 4417 2729 4472 victoriae
2787 4417 3251 4487 magnitudinem
3304 4417 3413 4469 sibi
3469 4416 3795 4486 imaginari.

2152 4506 2233 4564 Ne
2290 4508 2468 4578 igitur
2517 4507 2787 4578 praesenti
2838 4504 3118 4577 periculo,
3179 4505 3332 4576 quod
3397 4504 3544 4558 nihil
3622 4504 3798 4559 habet

401 4592 703 4671 ἄνέχονται,
758 4598 923 4668 ἡμεῖς
982 4590 1040 4649 δὲ
1092 4592 1407 4648 τούναντίον
1462 4592 1600 4648 ’ἁπαν
1653 4593 1742 4648 καὶ
1819 4594 2045 4669 σώματα

2158 4603 2339 4652 morte
2364 4596 2598 4668 gravius
2629 4595 2939 4661 debilitati,
2972 4593 3059 4650 vel
3092 4592 3173 4647 illi
3235 4594 3436 4666 puiiori
3495 4590 3578 4647 vel
3626 4591 3796 4647 nobis

398 4688 581 4760 γυμνά
634 4680 1119 4762 προϐαλλόμενοι·
1187 4679 1301 4738 οὐδ’
1370 4681 1713 4757 εὖπάλαμνον
1805 4685 1899 4757 μὲν
1979 4685 2042 4741 τὸ

391 4775 711 4845 ἀντίπαλον,
763 4773 1058 4849 ἀπόμαχον
1113 4769 1171 4827 δὲ
1224 4773 1288 4826 τὸ
1318 4771 1604 4848 ἡμέτερον.
1645 4774 1775 4834 Τοῖς
1814 4778 1973 4829 πᾶσιν
2005 4776 2040 4843 ἡ

394 4866 530 4937 αὖτή
574 4864 844 4939 διάρτισις
896 4862 987 4917 καὶ
1049 4860 1284 4935 μέλησις
1338 4859 1599 4935 πολέμων
1658 4862 1748 4917 καὶ
1797 4860 2039 4926 ὅπλισις.

2155 4686 2300 4756 ipsis
2330 4684 2644 4740 calamitati
2676 4686 2881 4741 simus.
2917 4684 3158 4740 Summa
3213 4686 3367 4739 enim
3424 4683 3576 4738 mala
3614 4682 3795 4752 tergi-

2154 4775 2539 4830 versationem
2574 4791 2685 4829 non
2721 4776 3020 4841 patiuntur
3053 4791 3067 4841 ;
3101 4772 3159 4827 in
3193 4773 3411 4844 quibus
3462 4773 3551 4828 vel
3595 4773 3798 4843 exigua

2153 4864 2505 4937 negligentia
2535 4882 2779 4920 summae
2806 4881 2998 4920 rerum
3031 4868 3120 4921 est
3148 4864 3392 4920 eversio.
3429 4887 3456 4914 »

388 4957 498 5013 Ἐῶ
539 4956 643 5030 γὰρ
697 4954 877 5030 λέγειν
956 4952 1032 5014 ὡς
1108 4951 1222 5024 ὅσῳ
1274 4949 1427 5027 λόγῳ
1481 4951 1571 5006 καὶ
1646 4948 1865 5025 παιδείᾳ
1935 4957 2042 5009 τῶν
2122 4948 2410 5028 βαρϐάρων
2457 4950 2874 5027 διενηνόχαμεν,
2926 4953 3000 5015 ὡς
3050 4952 3140 5008 καὶ
3192 4953 3384 5024 εἰπεῖν,
3415 4950 3677 5031 ἔμπειροι
3705 4952 3796 5009 καὶ

389 5041 622 5115 ξυνιδεῖν
699 5042 801 5098 οὐκ
875 5040 1098 5116 ἄποροι,
1172 5043 1430 5095 τοσοῦτον
1501 5041 1589 5095 καὶ
1664 5039 1884 5116 τέχναις
1960 5048 2344 5117 στρατηγικαῖς
2422 5038 2672 5116 μεθόδοις
2746 5040 3301 5115 ὕπερφὲρομεν.²¹Ηδη
3336 5039 3393 5097 δὲ
3466 5044 3555 5099 καὶ
3597 5040 3801 5099 ἄλλοτέ

389 5165 521 5201 ποτε
547 5138 928 5219 συμϐαλόντες
960 5136 1414 5213 διημιλλήθημεν
1449 5138 1673 5209 Παίοσι,
1742 5140 1841 5209 τὴν
1918 5144 2022 5215 γῆν
2096 5138 2270 5196 αὐτῶν
2345 5141 2587 5203 ἐπιόντες
2660 5140 2749 5196 καὶ
2826 5140 3113 5216 κείροντες.
3147 5141 3305 5199 Οὕτω
3344 5141 3521 5198 τοίνυν
3568 5145 3658 5197 καὶ
3707 5147 3799 5198 νῦν

392 5232 573 5298 αὐτοῖς
653 5227 1137 5304 συμπλεκοίμεθα,
1212 5228 1288 5291 ὡς
1361 5228 1439 5292 εἷς
1512 5223 1615 5297 ἕξιν
1685 5232 1782 5283 τοῦ
1839 5230 1991 5299 νίκᾷν
2064 5228 2445 5306 προελθόντες.
2522 5229 2648 5299 Ναὶ,
2727 5226 2937 5305 ἄνδρες,
3012 5230 3103 5286 καὶ
3179 5236 3590 5307 συστρατιῶται.
3642 5232 3799 5291 Οὕτω

1777 5355 1944 5418 Hier.
1979 5356 2191 5418 Wolfii
2221 5362 2409 5419 notae.

463 5496 569 5567 (94)
596 5496 785 5571 Τοῦτο
801 5486 886 5571 ’δὴ
919 5485 1080 5561 ὅπερ.
1137 5488 1398 5571 Ineptum
1430 5492 1510 5571 et
1567 5488 2036 5571 intempestivam

398 5560 539 5640 hanc
554 5560 1135 5640 appendicem_,_ame
1156 5560 1227 5640 de
1247 5560 1538 5640 industria
1559 5562 2033 5640 prietermissam,

402 5637 481 5692 sic
505 5629 911 5713 interpreteris
941 5632 1079 5688 licet
1111 5645 1126 5685 :
1156 5629 1216 5686 Id
1270 5632 1411 5704 quod
1463 5629 1706 5706 opposita
1734 5632 2039 5690 virtutibus

2146 5489 2285 5546 vitia
2314 5490 2534 5560 efﬁcere
2560 5499 3328 5564 consueverunt;quanquam
3351 5491 3795 5564 illixpropinquq

2145 5572 2273 5637 sunt
2297 5568 2350 5617 et
2372 5562 2843 5637 pensadhaerent.
2909 5563 3068 5637 Alter
3121 5562 3513 5637 codexbabet
3542 5563 3671 5637 ὅπερ
3696 5562 3791 5616 καὶ

2148 5629 2200 5686 ἐν
2230 5637 2350 5697 ταῖς
2372 5627 2700 5697 ⁷καθολικαῖς
2727 5633 2944 5709 ἀρεταῖς
2976 5627 3094 5710 ἔχει
3123 5653 3207 5695 τις
3235 5635 3395 5688 τοῦτο
3425 5629 3577 5693 ἰδεῖν.
