4140 6290
383 343 502 406 499
1714 346 2022 408 NICETJE
2063 343 2488 407 CHONIATE
3683 352 3810 417 500

389 478 551 533 τέκνα
624 476 713 532 καὶ
789 472 1163 550 συλλέκτρους
1194 471 1372 549 ἕδητε.
1450 477 1649 554 Αράτω
1724 479 1818 541 τὰς
1862 478 2045 556 φωνὰς
2117 481 2227 532 τῶν
2301 471 2599 562 Βαρϐάρων
2674 475 2704 530 ὁ
2748 472 3046 552 βαθυδίνης
3122 476 3318 534 οὖτοπὶ
3348 481 3562 555 Ἴστρος
3590 479 3803 562 ἐπιτρι-

391 562 640 640 ϐομένων
712 566 802 620 καὶ
879 563 1051 629 δίναις
1122 564 1598 642 ἐναποψυχόντων·
1678 566 1824 623 ἀλλὰ
1896 567 1989 622 καὶ
2029 562 2349 638 αἱματώδης
2398 561 2683 641 προρῥέων
2761 562 2834 620 δι’
2906 566 2980 620 ὧν
3059 572 3260 643 χωρῶν
3337 567 3491 643 ὁλκῷ
3559 561 3807 649 σύρεται,

392 651 764 726 διατρανούτω
813 655 1047 717 Παίονας
1122 651 1461 727 ἡττημένους
1532 657 1620 711 καὶ
1701 655 2009 729 Ῥωμαίους
2066 653 2483 726 ἀνάκηρυττέτω
2584 658 2870 722 νικῶντας,
2949 653 3168 725 ἐξιστῶν
3265 659 3394 722 τοὺς
3497 663 3809 737 Θεωμένους

386 747 464 814 τῷ
538 742 695 812 diost
726 750 827 812 τῆς
902 745 1399 820 προχοῆς.Χρεὼν
1474 742 1530 800 δὲ
1603 745 1741 820 πρὸς
1812 746 2027 806 τούτοις
2104 750 2322 798 σκοπεῖν
2397 744 2471 806 ὡς
2546 745 2574 798 ὁ
2616 740 2895 818 ἐκπέμψας
2948 748 3096 817 ἡμᾶς
3168 745 3221 810 ἐς
3252 745 3410 804 τόνδε
3438 749 3529 806 τὸν
3558 750 3806 826 πόλεμον

393 832 534 893 ἅπας
608 833 770 906 ἡμῶν
849 831 1161 908 ἐξήρτηται,
1236 833 1324 888 καὶ
1353 839 1619 909 χρησταῖς
1694 834 1906 889 ἐλπίσιν
1939 832 2395 906 ὑποθαλπόμενος
2472 831 2556 907 ἐφ’
2631 834 2720 895 οἷς
2796 834 2947 906 αὐτῷ
3012 837 3104 890 καὶ
3191 837 3323 911 ὑπὲρ
3400 837 3561 918 ἰσχὺν
3615 840 3804 918 ἀνδρί-

387 933 584 987 σασθαι
616 921 963 996 συνεθέμεθα,
1001 927 1201 999 μικροῦ
1244 925 1369 987 τοὺς
1406 925 1638 1001 ζωγρίας
1696 922 1961 979 ἆναπολεῖ
2030 922 2124 978 καὶ
2199 922 2261 977 τὸ
2336 928 2438 992 τῆς
2511 923 2670 993 νίκης
2745 926 3067 1001 φαντάζεται
3173 925 3419 1003 μέγεθος.
3478 932 3572 1002 Μὴ
3631 932 3810 990 τοίνυν

392 1010 641 1068 κάκεῖνον
704 1010 1054 1087 αἱσχΰνωμεν
1110 1014 1200 1067 καὶ
1258 1011 1405 1087 ἡμᾶς
1464 1016 1661 1078 αὐτοὺς
1726 1018 1903 1077 κακῶς
1961 1009 2273 1085 διαθώμεθα
2358 1012 2493 1086 πρὸς
2549 1013 2641 1068 τὸν
2700 1012 2750 1068 ἐν
2834 1014 2956 1089 ’ὀψει
3038 1014 3457 1088 μαλακισθέντες
3540 1017 3805 1095 κίνδυνον,

390 1098 547 1156 οὐδὲν
578 1100 659 1155 ὅτι
695 1102 770 1174 μή
834 1101 1058 1164 θάνατον
1107 1102 1169 1157 τὸ
1228 1105 1392 1178 πέρας
1432 1099 1647 1178 ἔχοντα.
1703 1105 1775 1159 Ai.
1826 1102 1930 1179 γὰρ
1991 1100 2159 1175 ἀκμαὶ
2206 1106 2316 1156 τῶν
2341 1106 2518 1157 κακῶν
2553 1100 2614 1158 οὗ
2648 1102 2901 1180 φιλοῦσιν
2949 1101 3222 1177 ἀνάδυσιν,
3248 1107 3335 1162 καὶ
3375 1109 3437 1163 τὸ
3463 1109 3717 1186 βραχέως
3750 1112 3806 1169 ἐν

390 1193 608 1254 τούτοις
640 1190 1067 1249 καθυπενδοῦνηι
1094 1191 1532 1270 καταπροδοῦναι
1562 1197 1624 1250 τὸ
1654 1200 1755 1250 πᾶν
1786 1193 1918 1249 ἐστι.
1943 1218 1967 1249 ι

461 1293 515 1347 3.
549 1291 680 1349 Haec
702 1291 936 1349 locutus
958 1310 1096 1350 suas
1118 1293 1314 1365 copias
1338 1295 1396 1350 in
1433 1299 1727 1366 patentem
1772 1309 2039 1365 campum

2222 1292 2288 1365 γ’.
2347 1292 2561 1348 Τοιαῦτ’
2615 1292 2781 1347 είπῶν
2852 1292 2942 1350 ἐπὶ

389 1379 607 1437 educit.
639 1382 799 1438 Idem
834 1387 1035 1439 contra
1057 1388 1111 1438 ct
1146 1383 1454 1456 Dionysius
1487 1383 1643 1453 facit,
1677 1383 1846 1439 hilari
1880 1381 2038 1438 vultu

390 1487 524 1526 cum
552 1469 761 1541 plausu
796 1475 853 1527 et
879 1471 1099 1541 laetitia,
1125 1474 1293 1545 quasi
1325 1474 1399 1529 ad
1456 1472 1660 1530 ludum
1707 1473 1833 1529 iret.
1871 1472 2043 1528 Unde

391 1560 533 1633 quid
564 1563 850 1633 agendum
906 1568 1060 1618 esset
1114 1563 1173 1618 in
1234 1564 1543 1635 prmseutia
1591 1563 1851 1635 ignarus,
1902 1578 2043 1619 suas

394 1651 592 1723 copias
623 1667 813 1725 neque
835 1652 895 1708 in
919 1653 1185 1710 dextrum
1218 1654 1593 1711 sinistrumve
1641 1671 1819 1710 cornu
1851 1650 2045 1708 distri-

393 1738 541 1807 buit,
563 1755 750 1812 neque
772 1739 831 1796 in
863 1741 1170 1798 distinctas
1200 1746 1428 1799 turmas
1484 1748 1542 1798 et
1599 1742 1919 1813 phalanges
1949 1741 2042 1795 de-

396 1828 631 1899 scripsit
649 1846 662 1883 :
678 1830 778 1886 sed
797 1835 1024 1886 tantum
1048 1836 1364 1889 exercitum
1380 1832 1439 1887 in
1456 1848 1628 1888 unam
1646 1832 1812 1903 quasi
1839 1830 2041 1886 turrim

396 1918 698 1993 globatum
730 1937 796 1977 ac
829 1921 1140 1978 densatum
1173 1928 1310 1978 atris
1342 1922 1517 1978 nubis
1551 1923 1735 1978 instar
1781 1922 2042 1992 adduxit,

399 2025 532 2067 cum
564 2027 795 2068 summo
826 2019 884 2069 et
912 2013 1286 2070 acerbissimo
1319 2018 1653 2070 nostrorum
1684 2017 2041 2084 contemptu.

395 2098 686 2156 Vexillum
715 2101 843 2173 ejus
876 2103 934 2159 in
964 2119 1164 2159 crassa
1190 2107 1247 2160 et
1304 2103 1422 2160 alta
1476 2104 1658 2170 trabe,
1690 2119 1862 2174 quam
1905 2102 2044 2158 rotis

394 2189 731 2260 impositam
763 2193 1174 2264 quatuorjuga
1195 2193 1373 2250 boum
1396 2192 1724 2260 trahebant,
1756 2192 1908 2248 208
1941 2208 2044 2248 su-

393 2277 573 2335 blime
600 2297 634 2335 a
662 2281 851 2337 ventis
882 2281 1231 2352 agitabatur.
1275 2284 1411 2340 Erat
1466 2300 1534 2340 ea
1589 2282 1745 2339 acies
1802 2282 2042 2337 omnino

391 2364 686 2423 horrenda
726 2368 877 2434 visu,
911 2374 1028 2424 tota
1051 2369 1340 2441 equestris
1368 2374 1426 2427 et
1457 2370 1703 2427 bastata.
1767 2370 1882 2425 Nec
1936 2368 2044 2424 viri

392 2461 623 2514 tantum
658 2459 838 2514 armis
868 2461 1095 2532 egregie
1126 2462 1198 2516 ad
1233 2462 1409 2533 pedes
1443 2478 1630 2533 usque
1674 2459 1909 2525 muniti,
1942 2458 2045 2515 sed

392 2551 449 2602 et
479 2562 762 2619 equorum
796 2554 1052 2622 pectora,
1083 2555 1142 2606 et
1196 2552 1412 2608 frontes
1467 2551 1618 2607 ferro
1664 2554 1864 2606 contra
1892 2548 2045 2605 ictus

3051 1292 3241 1353 πεδίου
3351 1298 3803 1373 ἀναπεπταμένου

2153 1389 2418 1457 προῆγεν.
2452 1384 2752 1460 Ἀντεξαγει
2793 1381 2849 1440 δὲ
2908 1386 2958 1440 οἱ
3017 1386 3107 1441 καὶ
3161 1388 3444 1454 Διονύσιος
3496 1391 3563 1445 τὰ
3614 1391 3804 1449 οἰκεῖα

2153 1469 2511 1546 στρατόπεδα,
2545 1474 2790 1548 χαροπὸς
2821 1478 2900 1545 τῷ
2929 1477 3235 1549 προσώπῳ,
3264 1482 3475 1552 κροτῶν
3536 1480 3653 1554 ἃμα
3710 1484 3801 1538 καὶ

2152 1559 2362 1635 χαίρων
2395 1560 2471 1622 ὼς
2504 1560 2589 1617 ἐπὶ
2612 1559 2830 1616 παιδιὰν
2866 1562 3043 1633 ἐξιών.
3077 1565 3303 1631 Ὀπόοεν
3353 1568 3443 1623 καὶ
3491 1569 3555 1624 τὸ
3609 1571 3662 1626 τί
3722 1568 3807 1626 δεῖ

2151 1655 2327 1704 ποιεῖν
2362 1650 2448 1705 ἐπὶ
2476 1654 2669 1724 καιροῦ
2729 1652 2805 1724 μὴ
2868 1650 3050 1721 εῗδὼς,
3100 1649 3221 1709 οὕτε
3278 1653 3357 1718 εἲς
3415 1654 3576 1734 κέρας
3626 1654 3800 1729 δεξιὸν

2149 1740 2240 1794 καὶ
2299 1739 2579 1812 εὐώνυμον
2635 1742 2736 1809 τὴν
2794 1740 2886 1795 ὕπ’
2927 1741 3091 1796 αὐτὸν
3145 1740 3360 1819 ἐμέρισε
3390 1747 3642 1821 στρατιὰν
3676 1744 3799 1803 οὔτε

2152 1827 2230 1892 εἷς
2258 1825 2382 1890 ἴλας
2411 1823 2693 1882 ἆποδιεῖλε
2720 1828 2808 1883 καὶ
2840 1827 3138 1906 φάλαγγας,
3191 1828 3319 1887 ἀλλ’
3376 1833 3430 1896 ἐς
3481 1834 3790 1910 ὁμαιχμίαν

2150 1918 2579 1991 συνεσπειρακὼς
2616 1918 2741 1991 μίαν
2766 1923 3025 1975 τοσοῦτον
3066 1920 3372 1997 στράτευμα
3425 1924 3515 1979 καὶ
3578 1927 3797 1980 πυκνώ-

2151 2030 2244 2071 σας
2300 2010 2423 2064 οἷον
2486 2009 2615 2064 αὐτὸ
2664 2010 2750 2064 καὶ
2833 2010 3127 2089 πυργώσας
3201 2014 3336 2068 κατᾶ
3404 2014 3557 2091 νέφος
3617 2015 3788 2089 μέλαν

2151 2097 2373 2173 ἐπῆγεν,
2423 2096 2576 2154 οἰδὶν
2633 2097 2903 2155 ἐλλείπων
2956 2101 3251 2177 ὑπεροψίας
3295 2101 3477 2178 ὠμῆς·
3550 2108 3651 2164 Ἠν
3730 2104 3790 2163 δὲ

2150 2188 2239 2243 καὶ
2271 2190 2306 2258 ἡ
2349 2189 2559 2261 σημαία
2617 2188 2819 2244 ἐκείνου
2881 2211 3174 2266 μετεωρος,
3234 2190 3322 2248 ἐπί
3377 2214 3524 2256 τινος
3573 2195 3792 2270 ἠνεμω-

2155 2277 2290 2350 μένη
2323 2278 2535 2356 παχέος
2568 2278 2657 2334 καὶ
2690 2276 2974 2352 ὐψιτενοῦς
3008 2278 3180 2350 ἱστοῦ,
3248 2280 3494 2358 τέτρασιν
3556 2285 3792 2362 ὑποτρό-

2151 2388 2276 2444 χοις
2309 2366 2610 2440 ἑλκομένου
2653 2368 2799 2442 βοῶν
2833 2367 3148 2445 ζεύγμασιν.
3172 2369 3321 2440 Λύτή
3356 2368 3414 2427 δὲ
3479 2374 3514 2443 ἡ
3575 2373 3801 2448 ἀνετίμα.

2151 2477 2254 2532 χος
2287 2456 2571 2535 ὁμαιχμία
2614 2455 2907 2535 φρικαλέον
2967 2456 3135 2521 ὅντως
3194 2459 3285 2514 καὶ
3338 2458 3799 2520 δυσαντίϐλεπτον

2153 2545 2333 2621 ὅραμα
2361 2546 2450 2614 ἦν,
2482 2550 2627 2600 πᾶσα
2657 2543 2796 2600 οὖσα
2839 2546 3077 2617 ἱππότης
3132 2549 3222 2603 καὶ
3282 2547 3664 2631 λογχηφόρος.
3720 2553 3797 2612 Οὐ

396 2639 793 2695 armabantur.
854 2641 939 2695 Ad
993 2640 1117 2696 hmo
1173 2658 1458 2714 equorum
1527 2641 1797 2698 hinnitus
1851 2656 2042 2695 armo-

2156 2634 2321 2709 μόνον
2355 2631 2412 2689 δὲ
2439 2634 2492 2689 οἱ
2522 2630 2709 2709 ἄνδρες
2749 2640 3005 2710 μετεῖχον
3054 2640 3151 2691 τοῦ
3203 2633 3462 2713 ἀκριϐοῦς
3488 2630 3491 2631 ν
3521 2639 3799 2717 ὁπλισμοῦ

396 2744 649 2801 rumque
681 2728 871 2801 fulgor
900 2728 1041 2786 solis
1073 2732 1253 2788 radiis
1283 2733 1677 2801 everberatus,
1702 2735 1765 2787 ut
1803 2731 2044 2802 prepius

395 2821 636 2874 ventum
666 2823 778 2886 est,
829 2819 1061 2890 utrique
1119 2821 1401 2878 exercitui
1458 2822 1739 2892 majorem
1790 2818 2043 2877 admira-

396 2908 612 2964 tionem
667 2913 725 2964 et
778 2911 1060 2965 terrorem
1111 2911 1405 2967 afferebat.
1464 2912 1585 2966 b‘ub
1638 2909 1940 2966 meridiem
1986 2909 2043 2964 in

398 2996 661 3054 medium
692 3014 1047 3070 processere.
1096 2999 1631 3072 Contostephanus,
1669 2999 1769 3055 ubi
1813 3004 2045 3070 tempus

396 3086 586 3143 visum
618 3092 727 3155 est,
759 3087 945 3143 dextri
1005 3097 1062 3144 el
1119 3089 1347 3145 sinistri
1398 3106 1578 3146 cornu
1611 3088 1824 3145 milites
1855 3088 2046 3160 proxi-

397 3191 526 3231 mos
556 3180 879 3232 extremum
914 3176 1290 3233 barbarorum
1324 3194 1532 3250 agmen
1565 3179 1751 3248 jussit
1805 3179 2045 3245 candere,

398 3263 733 3334 sagittarios
764 3280 900 3320 vero
931 3265 1231 3335 equitesin
1272 3267 1479 3338 primis
1527 3267 1762 3323 crebras
1807 3268 2045 3338 sagittas

397 3356 464 3406 ut
493 3350 854 3421 conjicerent
883 3352 1146 3409 hortatus
1178 3359 1287 3422 est,
1323 3372 1389 3411 eo
1421 3356 1663 3412 consilio
1716 3361 1781 3412 ut
1828 3356 2047 3411 Panno-

398 3439 627 3495 niorum
661 3439 935 3496 continua
980 3441 1239 3513 phalanx
1289 3444 1722 3503 dissolveretur.
1783 3444 1930 3501 Nam
1980 3448 2047 3500 ut

397 3532 569 3601 poeta
592 3532 790 3586 noster
819 3529 921 3598 ait,
954 3552 982 3581 ‹‹
1012 3537 1192 3589 Arma
1249 3533 1453 3603 armis,
1506 3536 1651 3606 pede
1708 3552 1809 3607 pes
1843 3533 2043 3603 haeret,

398 3617 870 3690 densusqueviro
888 3619 996 3675 vir.
1027 3623 1245 3677 Juncta
1291 3621 1426 3694 equi
1464 3625 1656 3695 capita
1700 3622 1997 3679 habebant
2028 3639 2042 3691 ;

399 3712 563 3765 atrox
588 3724 787 3781 pugna
807 3707 993 3765 hastis
1031 3708 1325 3780 horrebat,
1358 3712 1543 3769 instar
1574 3714 1843 3770 draconis
1874 3730 2045 3783 squa-

399 3812 527 3853 mas
549 3796 868 3855 attollentis
886 3799 1189 3855 undabant
1215 3802 1523 3858 exercitus.
1556 3801 1863 3875 Dionysius
1914 3818 2046 3858 vero

396 3884 557 3942 velut
578 3884 753 3941 turris
775 3886 1117 3944 ﬁrmissima
1139 3890 1458 3960 procedens
1481 3889 1711 3947 hastam
1746 3891 1803 3946 in
1834 3891 2049 3947 Conto-

396 3974 748 4047 stephanum
772 3980 830 4031 et
848 3977 978 4045 ejus
994 3976 1308 4033 exercitum
1331 3977 1721 4035 vibrabat.Ubi
1737 3980 1807 4034 ad
1840 3996 2046 4034 manus

394 4070 635 4121 ventum
666 4072 772 4134 est,
806 4066 991 4137 primo
1044 4065 1229 4124 hastis
1262 4083 1384 4123 rem
1428 4073 1653 4137 gerunt,
1692 4074 1917 4141 urgent,
1952 4086 2046 4123 ur-

395 4156 605 4223 gentur
635 4153 790 4210 204
820 4153 1182 4225 aliquandiu.
1215 4156 1410 4213 Hastis
1441 4157 1639 4213 fractis
1674 4162 1730 4213 ct
1762 4163 2045 4229 tanquam

397 4256 564 4311 sepes
595 4240 654 4295 in
687 4241 877 4299 medio
909 4244 1293 4315 exaggeratis,
1329 4244 1654 4318 praelongos
1683 4262 1860 4302 enses
1875 4245 2048 4302 strin-

394 4333 608 4384 xerunt
636 4346 703 4386 ac
734 4329 922 4387 denuo
985 4334 1281 4406 congressi
1342 4339 1771 4406 pugnaverunt.
1825 4335 2048 4398 Quibus

396 4417 705 4475 hebebatis
736 4419 897 4491 (nam
930 4424 1051 4478 tota
1078 4422 1230 4479 acies
1273 4423 1548 4494 utrinque
1603 4425 1790 4479 ferrea
1842 4430 1963 4478 erat
1991 4428 2051 4480 et

399 4508 567 4581 terea)
602 4508 884 4566 Pannonii
941 4512 1288 4579 eastuabanl,
1348 4513 1566 4583 quippe
1622 4512 1724 4584 qui
1754 4512 2051 4568 Romanos

399 4615 573 4656 suum
599 4599 883 4671 impetum
916 4601 1155 4657 minime
1185 4602 1534 4658 toleraturos
1584 4607 1880 4674 putarent.
1943 4603 2052 4658 Bo-

400 4690 558 4747 mani
589 4689 789 4747 terreis
820 4688 1017 4759 clavis,
1078 4707 1227 4763 quas
1283 4690 1343 4747 in
1397 4690 1620 4748 bellum
1663 4692 1809 4749 ferre
1839 4692 2049 4759 solent,

401 4779 647 4850 arreptis
671 4780 1107 4837 Pannoniorum
1166 4780 1357 4851 capita
1413 4784 1470 4836 et
1514 4780 1692 4838 facies
1727 4791 2052 4854 opportune

399 4867 716 4923 credebant.
749 4867 913 4925 Unde
944 4870 1114 4925 multi
1148 4870 1352 4927 oborta
1382 4869 1631 4943 caligine
1648 4870 1815 4943 equis
1857 4870 2049 4927 devol-

400 4957 882 5022 vebantur,multi
907 4959 1210 5031 sanguinis
1240 4961 1521 5031 proﬂuvio
1540 4962 2048 5017 exanimabantur.

401 5046 484 5101 Ita
516 5045 856 5104 ﬁrmissima
878 5047 977 5105 illa
998 5051 1120 5105 acie
1146 5051 1853 5124 perruplaﬁomanorum
1882 5068 2052 5108 nemo

403 5138 525 5192 erat
556 5134 655 5207 qui
690 5151 805 5192 non
840 5136 1210 5194 Pannonium
1243 5140 1440 5196 feriret
1468 5158 1533 5198 ac
1587 5142 1885 5212 dejiceret,
1917 5158 2052 5214 pro-

2152 2724 2243 2781 καὶ
2299 2722 2659 2795 ποδηνεκοῦς,
2719 2722 2845 2780 ἀλλ’
2907 2727 2994 2798 [Ρ.
3056 2730 3179 2800 102]
3246 2729 3311 2797 ἦν
3362 2730 3490 2805 ὁρᾷν
3548 2732 3641 2788 καὶ
3692 2738 3798 2788 τῶν

2151 2816 2335 2872 ἳππων
2382 2814 2558 2871 αὐτῶν
2646 2811 2980 2888 διαδήματα,
3043 2819 3499 2897 μασχαλιστῆρας
3551 2842 3797 2902 προφαι-

2151 2905 2349 2962 νόντων
2411 2906 2502 2960 καὶ
2567 2904 2956 2978 περικειμένων
3039 2906 3460 2981 προμετωπίδια
3511 2910 3602 2966 καί
3654 2932 3793 2988 προ-

2155 2991 2428 3069 στερνίδια
2454 2997 2562 3047 τῶν
2607 2992 2908 3068 βλημάτων
2938 2992 3287 3069 ἐρύματα.Ὀ
3345 2994 3402 3053 δὲ
3456 3003 3563 3055 τῶν
3607 2997 3792 3055 ’ίππων

2155 3082 2496 3161 φριμαγμὸς,
2581 3082 2616 3152 ἢ
2699 3103 2766 3163 Δτε
2820 3084 2958 3158 πρὸς
3021 3084 3182 3154 ἥλιον
3241 3087 3636 3163 ἀνταυγάζουσα
3678 3092 3787 3143 τῶν

2155 3170 2342 3228 ὃπλων
2396 3161 2731 3240 στιλϐηδὼν,
2789 3170 2865 3233 ὠς
2934 3172 3091 3249 ἐγγὺς
3140 3175 3205 3243 ἦν
3260 3174 3322 3228 τὰ
3392 3161 3783 3249 στρατεύματα,

2154 3260 2466 3336 καινοτέραν
2491 3257 2661 3315 ἐποίει
2690 3261 2791 3331 τὴν
2845 3260 2967 3317 θέαν
3008 3262 3099 3317 καὶ
3158 3259 3244 3318 διὰ
3297 3256 3466 3343 φόϐου
3524 3262 3615 3319 καὶ
3666 3264 3793 3329 θαύ-

2160 3372 2327 3425 ματος
2384 3355 2500 3411 τοῖς
2552 3348 2613 3404 ἐκ
2666 3354 2773 3404 τῶν
2821 3349 3196 3422 στρατοπέδων
3261 3353 3480 3431 ἀμφοῖν.
3534 3353 3691 3411 Ἐπεὶ
3738 3351 3799 3410 δὶ

2155 3440 2433 3512 προῆλθον
2479 3440 2553 3501 ὡς
2613 3438 2688 3502 είς
2752 3440 3079 3517 μεταίχμιον
3118 3441 3209 3497 καὶ
3266 3443 3392 3517 περὶ
3452 3437 3799 3520 μεσημϐρίαν

2156 3530 2223 3599 ἦν
2277 3533 2312 3599 ἡ
2367 3528 2549 3603 ἡμέρα
2598 3529 2690 3583 καὶ
2742 3530 2930 3604 καιρὸς
2993 3528 3169 3586 ἐδόκει
3201 3531 3801 3607 συρῥήγνυσθαι,ὁμὶν

2154 3618 2593 3697 Κοντοστέφανος
2664 3619 2787 3681 τοῖς
2860 3618 2920 3674 ἐκ
2994 3617 3171 3690 δεξιοῦ
3245 3620 3337 3675 καὶ
3396 3619 3556 3678 λαιοῦ
3629 3623 3804 3697 κέρως

2156 3710 2390 3785 ἄγχιστα
2433 3707 2905 3782 παρακολουθοῦσι
2960 3709 3029 3765 τα
3083 3708 3370 3767 τελευταῖα
3419 3716 3527 3767 τῶν
3594 3707 3799 3790 βαρϐά-

2157 3821 2264 3875 ρων
2314 3798 2532 3854 κόπτειν
2589 3796 2777 3875 ἐφῆκε,
2841 3796 3080 3871 μάλιστα
3131 3796 3189 3855 δὲ
3241 3806 3360 3865 τοῖς
3412 3802 3803 3874 ίπποτοξόσαις

2156 3887 2303 3962 θαμᾶ
2334 3885 2563 3963 βάλλειν
2594 3885 3021 3962 παρεκελεύετο.
3070 3890 3287 3954 Σκοπὸς
3325 3888 3384 3945 δὲ
3432 3890 3502 3960 ἦν
3559 3888 3798 3956 ἐντεῦθεν

2154 3983 2234 4051 τῷ
2293 3980 2585 4052 στρατηγῷ
2633 3976 2961 4033 κατασείσειν
3018 3978 3125 4034 ε’ἶτε
3183 3980 3292 4053 μὴν
3338 3979 3648 4056 ἐκκρούσειν
3697 3988 3799 4050 τῆς

2158 4067 2443 4141 συνεχείας
2499 4066 2594 4128 τὰς
2652 4068 2947 4130 Πκιονικὰς
3006 4067 3310 4146 φάλαγγας
3370 4068 3508 4125 κατὰ
3553 4070 3658 4147 γὰρ
3699 4071 3801 4141 τὴν

2152 4156 2471 4230 Ὀμηρικῆν
2543 4156 2631 4211 καὶ
2706 4157 2832 4212 τότε
2903 4157 3196 4233 παράταξιν
3280 4180 3308 4214 ε
3383 4159 3545 4222 ἀσπὶς
3618 4157 3801 4215 ἀσπίδ’

2153 4243 2349 4321 ἔρειδε,
2406 4245 2571 4319 κόρυς
2639 4245 2824 4321 κόρυν,
2882 4245 3039 4322 ἀνέρα
3107 4243 3153 4302 δ’
3182 4246 3342 4323 ἀνὴρ,
3374 4270 3403 4301 »
3435 4249 3527 4305 καὶ
3554 4248 3676 4312 ’ἰσας
3717 4248 3801 4305 εἶ-

2157 4355 2258 4411 χον
2333 4337 2384 4389 οἱ
2457 4334 2618 4390 ἳπποι
2692 4335 2792 4397 τὰς
2855 4333 3116 4413 κεφαλὰς,
3183 4334 3366 4414 ’ἔφριξε
3421 4333 3471 4392 δ’
3525 4339 3580 4407 .ἠ
3645 4338 3804 4416 μάχη

2156 4424 2400 4501 ἐγχείῃσι
2468 4419 2886 4502 φθισίμϐροτος,
2941 4424 3031 4479 καὶ
3087 4424 3225 4480 κατᾶ
3278 4426 3600 4500 κινούμενον
3672 4424 3805 4503 δρα-

2156 4536 2320 4570 κοντα
2375 4516 2465 4570 καὶ
2519 4515 2813 4593 φρίσσοντα
2876 4514 2973 4576 τὰς
3057 4511 3289 4593 φολίδας
3375 4515 3662 4589 ἐκόμαινον
3751 4517 3805 4573 οἱ

2158 4605 2399 4679 στρατοί·
2473 4605 2537 4662 Ὁ
2596 4600 2654 4659 δὲ
2723 4604 2997 4665 Διονύσιος
3097 4603 3171 4667 ὡς
3249 4610 3440 4681 τεῖχος
3520 4604 3801 4662 ἀτίνακτον

2156 4689 2499 4769 προῦϐαινεν,
2560 4691 2612 4757 ἐς
2670 4691 2833 4749 αὑτόν
2883 4714 2943 4748 τε
2997 4692 3090 4750 τὸν
3143 4695 3576 4773 Κοντοστέφανον
3616 4695 3801 4752 καὶτὸ

2159 4784 2294 4861 ἄμφ’
2331 4782 2490 4838 αὐτὸν
2521 4782 2849 4859 τεταγμένον
2878 4782 3129 4839 τιταίνων
3173 4784 3237 4840 τὸ
3302 4781 3492 4861 ἔγχος.
3564 4785 3651 4848 Ὠς
3707 4782 3799 4840 οὗν

2156 4868 2402 4943 ἰδὲξαντο
2505 4876 2696 4928 τοῦτον
2803 4872 3096 4944 Ῥωμαῖοι,
3180 4869 3619 4948 διαιδορατισμοὶ
3673 4875 3802 4949 παρ’

2161 4957 2429 5028 ἀλλήλων
2463 4960 2597 5027 ἦσαν
2654 4960 2745 5016 καὶ
2795 4961 3032 5034 ὠθισμοί
3088 4961 3177 5016 καὶ
3238 4960 3576 5036 ἀντωθισμοὶ
3637 4963 3802 5037 μέχρι

2157 5046 2330 5109 τινός·
2367 5045 2483 5100 ἐπεὶ
2512 5044 2568 5101 δὶ
2612 5048 2679 5102 τὰ
2726 5046 2931 5123 δόρατα
2980 5049 3225 5124 κατεάγει
3284 5049 3374 5104 καὶ
3439 5049 3506 5119 ἦν
3562 5049 3625 5105 τὸ
3675 5070 3806 5124 μετ-

2162 5133 2391 5209 αίχμιον
2448 5133 2877 5211 ἆποσχεδιασοὶν
2939 5135 3014 5200 είς
3062 5138 3306 5215 φραγμὸν
3358 5137 3475 5202 τοὶς
3530 5143 3636 5193 τῶν
3678 5159 3806 5193 κον-

405 5228 776 5295 stratumque
833 5225 1130 5298 spoliaret,
1188 5244 1293 5284 nec
1352 5229 1529 5285 aliam
1592 5230 1927 5303 panopliam
1963 5231 2044 5286 in-

2159 5228 2268 5279 τῶν
2312 5218 2692 5297 στοιϐασμοῖς,
2738 5225 2835 5291 τὰς
2878 5225 3171 5300 ἐπιμήκεις
3224 5226 3468 5284 ἐσέπειτα
3527 5227 3805 5306 μαχαίρας

405 5315 973 5386 dueret,equumque
997 5319 1412 5374 conscenderet
1433 5319 1604 5390 cujus
1622 5337 1909 5376 sessorem
1945 5336 2052 5377 oc-

2165 5312 2468 5369 ἐσπάσαντο
2501 5315 2590 5369 καὶ
2624 5315 2778 5377 αὖθις
2835 5318 3205 5390 συμπεσόντες
3267 5315 3565 5397 ἐμάχοντο.
3615 5318 3704 5382 Ὦς
3762 5313 3810 5372 δ’

405 5401 643 5456 uiderat.
676 5400 912 5473 Vesperi
944 5404 1202 5474 receptui
1258 5406 1596 5476 cauebatur,
1657 5408 1899 5464 sublimi
1953 5408 2044 5464 illo

2159 5402 2270 5475 ⁸ἥδη
2303 5404 2394 5459 καὶ
2425 5405 2673 5460 αὗταιτᾶ
2711 5404 2958 5478 στόματα
2987 5402 3386 5479 ἠμϐλύνθησαν
3445 5405 3534 5463 διὰ
3589 5408 3652 5463 τὸ
3700 5411 3810 5463 τῶν

408 5489 666 5561 Dionysii
696 5490 902 5547 vexillo
925 5491 1178 5561 sublato,
1211 5497 1268 5548 et
1310 5494 1593 5551 exercitus
1646 5499 1892 5554 navibus
1949 5497 2055 5553 im-

410 5578 586 5652 positi
606 5580 824 5635 Istrum
860 5580 1247 5651 trajiciebant.
1278 5583 1457 5640 Fama
1480 5584 1634 5641 enim
1667 5603 1769 5660 per
1798 5587 2054 5644 Romana

409 5675 602 5732 castra
630 5676 853 5748 vagata.
906 5671 1235 5731 Pannonios
1284 5673 1564 5750 postridie
1620 5676 1837 5735 auxilia
1883 5677 2052 5738 firma

2163 5495 2581 5568 στοατευμᾶτων
2642 5493 2969 5574 πάγχαλκον
3026 5495 3115 5550 καὶ
3180 5494 3538 5573 πανσίδηρον,
3600 5497 3653 5553 οἱ
3713 5497 3807 5572 μὲν

2164 5586 2392 5649 Παίονες
2447 5584 2776 5661 ἠμηχάνουν
2835 5585 2898 5641 τὸ
2952 5584 3062 5641 duo
3121 5583 3304 5657 τοῦδε,
3368 5582 3642 5661 μηδαμῶς
3673 5590 3811 5646 κατὰ

2160 5678 2284 5732 νοῦν
2343 5674 2553 5751 θέμενοι
2613 5676 2689 5744 ὡς
2741 5674 2988 5741 ἐπιόντας
3043 5673 3242 5741 αὐτοὺς
3300 5675 3568 5754 Ῥωμαῖοι
3627 5675 3814 5762 δέξονυ
