4140 6290
419 278 533 339 501
1511 281 1614 341 DE
1655 279 2037 342 MANUELE

2179 282 2307 343 MN
2313 279 2479 342 ΕΝΟ
2522 282 2677 342 LIB.
2725 282 2798 343 ν.
3723 283 3840 349 502

425 411 838 485 ται,“Ρωμαῖοι
884 407 942 466 δὲ
989 411 1125 484 μετὰ
1182 413 1373 485 χεῖρας
1414 411 1510 472 τὰς
1568 409 1629 466 ἐκ
1694 408 1922 485 σιδήρου
1987 432 2066 466 κο-

2200 419 2558 486 exspectare,
2585 416 2793 473 ducem
2841 415 3160 475 sollicitum
3218 417 3517 474 reddebat.
3573 417 3658 474 0b
3717 437 3847 478 eam

440 498 606 575 ρῦνας
638 500 1013 575 χειρισάμενοι
1070 497 1210 570 (ἓθος
1254 496 1313 553 δὲ
1359 498 1542 562 αὺτοῖς
1590 498 1681 555 καὶ
1736 497 1950 555 τοιόνδε
1996 498 2060 579 φέ

2199 504 2377 576 igitur
2408 505 2647 575 famam,
2682 524 2810 579 qum
2841 524 2954 563 non
2989 524 3228 577 prorsus
3259 506 3455 562 inanis
3487 523 3618 565 esse
3665 517 3847 580 puta-

438 609 549 666 ρειν
582 587 877 663 ὁπλισμὸν,
933 589 1098 659 ἡνίκα
1142 586 1206 643 ἄν
1259 588 1333 651 είς
1383 589 1629 663 πόλεμον
1687 587 1847 662 ἷόιεν)
1896 588 2066 645 ἔπαισε

2200 596 2391 665 batur,
2425 603 2557 668 post
2587 597 2810 655 felicem
2844 614 3052 670 pugnae
3085 602 3352 655 eventum
3385 598 3522 655 inde
3572 598 3851 658 discessit

447 682 573 744 τούς
629 682 855 744 Παίονας
911 679 985 736 δι’
1041 679 1240 736 αὐτῶν·
1281 681 1375 738 καὶ
1439 681 1507 750 ἦν
1563 682 1776 758 καίριον
1823 680 1972 756 μάλα
2023 703 2066 736 τ‹

2196 685 2585 743 Andronicus.

433 770 692 848 πλῆγμα,
752 773 889 826 κατὰ
944 770 1190 849 κεφαλῆς
1246 772 1335 827 καὶ
1391 772 1705 846 προσώπων
1758 772 2062 848 γινόμενον.
2121 769 2336 828 Πολλοὶ
2389 770 2570 827 τοίνυν
2640 771 3084 837 σκοτοδινιῶντες
3140 781 3239 845 τῆς
3322 775 3541 838 ίππείας
3628 775 3844 850 ὰνετράο

427 881 601 916 ποντο
666 858 847 936 ἔδρας·
912 859 1019 916 εἰσὶ
1078 856 1124 915 δ’
1182 858 1234 915 οἳ
1289 859 1382 915 καὶ
1439 860 1792 939 ἐλειφαίμουν
1845 866 1964 923 τοῖς
2020 860 2312 934 τραύμασι·
2375 861 2478 918 Καὶ
2536 860 2679 919 οὕτω
2753 868 2850 919 τοῦ
2907 863 3172 941 άρῥαγοῦς
3226 862 3434 921 ἐκείνου
3494 862 3851 923 δίασπασθέν-

438 970 533 1014 τος
560 950 960 1028 συντάγματος,
1011 951 1113 1005 οὐκ
1158 949 1226 1019 ἦν
1278 948 1337 1013 ὅς
1390 948 1488 1005 οὐκ
1547 951 1612 1019 ἧν
1669 954 1779 1006 τῶν
1833 950 2122 1024 Ῥωμαίων
2182 948 2406 1024 βάλλων
2463 953 2554 1006 καὶ
2609 948 2973 1009 καταϐάλλων
3033 953 3261 1024 Ηαίονα,
3319 955 3354 1025 ἢ
3418 956 3493 1028 μὴ
3562 953 3842 1013 σκυλεύων

426 1040 520 1097 τὸν
597 1040 947 1110 πεπτωκότα,
1023 1040 1059 1110 ἢ
1140 1041 1218 1115 μή
1295 1040 1605 1097 πανοπλίαν
1679 1039 1863 1115 ἑτέραν
1941 1036 2351 1113 ἐπενδυόμενος,
2428 1040 2464 1111 ἢ
2537 1039 2720 1098 ’ίππου
2799 1044 2875 1116 μή
2955 1039 3249 1099 ἐπιϐαίνων
3328 1042 3390 1099 οὗ
3435 1045 3527 1100 τὸν
3564 1039 3835 1116 ἀναϐάτην

423 1132 732 1188 κατέκανεν.
782 1127 1006 1199 Ἐπειδὴ
1057 1128 1115 1185 δὲ
1151 1129 1275 1204 περὶ
1325 1129 1485 1205 ὀψίαν
1530 1129 1597 1199 ἦν
1658 1132 1693 1200 ἡ
1759 1130 1962 1204 ἡμέρα,
2010 1130 2073 1184 τὸ
2135 1130 2228 1205 μὲν
2283 1130 2650 1201 ἀνακλητικὸν
2716 1136 2751 1202 ἡ
2812 1130 3045 1203 σάλπιγξ
3100 1132 3370 1210 διατόρως
3430 1135 3845 1210 συνεθημάτιζε,

423 1219 608 1277 καὶτὸ
638 1217 877 1297 διαέριον
909 1218 1082 1276 ἐκεῖνο
1128 1224 1416 1293 καθῃρεῖτο
1464 1229 1563 1289 τῆς
1614 1223 1712 1275 τοῦ
1763 1220 2048 1274 Διονυσίου
2098 1219 2336 1292 σημαίας
2392 1218 2620 1296 δίαρμα,
2672 1223 2700 1276 ὁ
2749 1221 2796 1277 δ’
2843 1224 3053 1298 Ἴστρος
3107 1225 3227 1300 εἶχε
3271 1226 3338 1280 τὰ
3383 1227 3656 1301 πορθμεῖα
3708 1235 3847 1289 καθ-

429 1310 779 1387 ειλκυσμένα,
855 1310 946 1365 καὶ
1020 1311 1049 1365 ὁ
1124 1310 1350 1385 στρατὸς
1423 1308 1501 1373 εἷς
1571 1310 1672 1378 τήν
1746 1309 1971 1383 περαίαν
2047 1307 2300 1384 ἀνήγετο.
2381 1313 2554 1381 Φήμη
2640 1312 2746 1386 γάρ
2823 1313 2923 1368 ἀνὰ
2994 1314 3060 1369 τὰ
3133 1314 3415 1388 Ῥωμαϊκὰ
3509 1310 3847 1388 στρατόπεδα

437 1397 696 1479 ἐπεφοίτα
752 1400 841 1454 καὶ
900 1398 1270 1473 κατακρότους
1325 1397 1488 1453 ἐτίθει
1554 1398 1650 1460 τὰς
1702 1402 1800 1453 τοῦ
1858 1401 2167 1473 στρατηγοῦ
2229 1400 2510 1473 μήνιγγας,
2570 1400 2645 1462 ὡς
2704 1402 2755 1455 οἱ
2811 1402 3031 1466 Παίονες
3096 1403 3195 1458 οὐκ
3259 1404 3453 1479 ἀγεννῆ
3528 1401 3844 1477 ξενολογίαν

430 1489 568 1546 κατὰ
622 1490 724 1559 τήν
787 1490 905 1558 μετ’
971 1485 1175 1559 ἐκείνην
1246 1486 1381 1542 εἰσὶν
1447 1484 1829 1565 ἐκδεχόμενοι.
1897 1488 1996 1542 Διὰ
2057 1486 2257 1558 ταύτην
2327 1487 2420 1542 οὖν
2486 1489 2586 1557 τὴν
2653 1489 2840 1562 άκοῆν,
2911 1493 2989 1564 μή
3043 1497 3340 1571 πεφυκυῖαν
3405 1492 3596 1549 ἐπίπαν
3669 1490 3849 1547 ἀπόλ-

434 1577 646 1651 λυσθαι,
680 1578 879 1635 αὐτίκα
907 1577 1042 1651 μετᾶ
1069 1576 1229 1639 τέλος
1258 1576 1436 1632 αἶ’σιον
1467 1581 1566 1632 τοῦ
1596 1574 1847 1651 πολέμου
1877 1575 2083 1652 ἀπῆρεν
2107 1575 2309 1641 ἐκεῖθεν
2341 1574 2714 1653 Ἀνδρόνικος.

497 1694 651 1754 Ἀλλ’
685 1694 830 1751 οὕτω
874 1695 968 1769 μὶν
997 1695 1509 1771 κατεστρατήγηντο
1540 1692 1782 1755 Παίονες⁸
1824 1692 2066 1769 βασιλεὺς

2262 1695 2576 1753 Pannoniis
2616 1697 2724 1753 hoc
2756 1700 2927 1754 modo
2959 1700 3267 1771 superatis,
3311 1701 3630 1772 imperator
3685 1704 3849 1758 tanta

429 1784 600 1856 δὲτὴν
627 1782 934 1854 καλλίστην
957 1785 1182 1855 ταυτηνῖ
1202 1783 1357 1854 νίκην
1387 1781 1784 1857 ένωτισάμενος
1815 1781 1929 1847 θύει
1961 1786 2066 1855 Θεᾷ

2189 1784 2432 1842 victoria
2464 1785 2635 1842 laetus
2667 1786 2989 1855 exsultans,
3020 1788 3136 1844 Deo
3196 1788 3398 1857 gratiis
3448 1789 3615 1859 actis,
3649 1788 3846 1843 statim

426 1876 780 1952 χαριστήρια,
811 1873 902 1929 καὶ
937 1872 1094 1936 αὐτὸς
1123 1874 1188 1942 ἦν
1237 1873 1291 1929 ἐν
1338 1872 1557 1949 κρότοις
1602 1873 1694 1927 καὶ
1743 1876 2066 1952 χαρμοναῖς.

2189 1875 2271 1930 rei
2302 1874 2448 1931 bene
2475 1880 2651 1947 gestas
2682 1877 2922 1934 nuntios
2952 1878 3010 1933 in
3068 1878 3276 1935 urbem
3334 1878 3484 1935 205
3534 1878 3735 1945 mittit,
3770 1893 3839 1933 ac

426 1964 793 2038 Κοινούμενος
821 1959 879 2018 δὲ
906 1967 1024 2025 τοῖς
1055 1969 1156 2031 τῆς
1211 1958 1497 2037 βασιλίδος
1544 1961 1828 2035 οἰκήτορσι
1859 1960 2079 2023 πόλεως

420 2056 587 2109 ταῦτα
662 2050 731 2122 δὴ
807 2053 877 2108 τὰ
952 2051 1257 2127 εὖφρόσυνα
1328 2049 1748 2126 κατορθώματα,
1825 2053 1906 2123 [Ρ.
1953 2053 2076 2121 103]

418 2143 719 2221 γράμματα
748 2139 905 2204 εὓθὺς
934 2138 1206 2216 εὐάγγελα
1237 2139 1475 2210 στέλλει,
1516 2141 1617 2210 τὴν
1667 2140 2075 2216 τροπαιουχίαν

417 2231 904 2307 περισαλπίζοντα.
955 2232 1089 2289 Μεθ’
1137 2230 1348 2308 ἡμέρας
1384 2227 1441 2286 δέ
1474 2250 1626 2292 τινας
1655 2230 1746 2286 καὶ
1776 2230 1949 2285 αὐτὸς
1973 2230 2073 2298 τήν

422 2321 802 2397 μεγαλόπολιν
835 2320 1018 2376 εἰσιὼν
1048 2320 1267 2395 κατάγει
1317 2315 1587 2395 θρίαμϐον
1634 2318 1742 2374 ἀπὸ
1789 2326 1890 2389 τῆς
1935 2318 2074 2392 ἑῴας

418 2409 622 2481 πύλης,
690 2407 818 2479 ἥτις
885 2407 1087 2483 ἀνέῳγε
1142 2410 1279 2466 κατᾶ
1332 2411 1433 2479 τὴν
1498 2406 1820 2482 ἀκρόπολιν.
1864 2408 1971 2464 Οἴα
2029 2405 2074 2462 δ’

424 2497 512 2553 ἐπὶ
586 2499 818 2574 μεγίστῳ
875 2499 1124 2575 τροπαίῳ
1189 2499 1279 2553 καὶ
1343 2497 1628 2575 ἀκραιφνεῖ
1688 2498 2074 2571 κατορθώματι

431 2581 772 2661 θριαμϐεύειν
834 2586 1272 2662 μεγαλοπρεπῶς
1315 2587 1671 2660 προθέμενος,
1719 2585 1810 2640 καὶ
1860 2586 1927 2639 τὰ
1973 2591 2073 2654 τῆς

432 2675 702 2750 πομπείας
765 2674 1211 2746 διασκευασθῆναι
1256 2677 1395 2751 πρὸς
1438 2677 1500 2730 τὸ
1551 2674 1846 2751 ὑπέρογκον
1898 2671 2074 2728 διατέ-

429 2786 621 2844 ταχεν.
649 2766 824 2829 ’Δπας
869 2764 958 2821 οὖν
1009 2767 1416 2843 περιπόρφυρος
1467 2764 1672 2826 πέπλος
1721 2762 1810 2818 καὶ
1859 2762 2072 2839 χρυσίῳ

431 2855 784 2917 κατάστικτος
856 2855 1177 2931 ἀπῃώρητο,
1252 2854 1344 2911 καὶ
1420 2855 1472 2909 ol
1548 2852 1841 2927 ἀστυνόμοι
1898 2850 2070 2915 ἄλλος

429 2942 662 3008 ἂλλοθεν
707 2942 793 2998 ἐπὶ
847 2946 944 3014 τὴν
998 2942 1235 3022 πρόοδον
1290 2942 1494 3014 ἐκείνην
1557 2940 1941 3018 μεταρῥυέντες
1998 2942 2073 3005 ὡς

2189 1968 2318 2035 post
2347 1966 2471 2022 dies
2499 1965 2723 2039 aliquot
2752 1970 2811 2023 et
2843 1969 2969 2039 ipse
3019 1966 3243 2040 Cpolim
3302 1967 3606 2041 ingressus
3635 1966 3841 2023 trium-

2187 2052 2371 2125 phum
2390 2054 2553 2110 ducit
2573 2056 2643 2110 ab
2670 2055 2940 2111 orientali
2961 2065 3145 2127 porta,
3178 2071 3307 2127 qua:
3328 2056 3400 2111 ad
3424 2071 3619 2112 arcem
3652 2058 3834 2127 patet,

2188 2156 2443 2214 eumque
2463 2144 2537 2198 ob
2554 2143 2845 2214 insignem
2868 2149 2923 2200 et
2946 2145 3311 2201 incruentam
3341 2145 3642 2201 victoriam
3657 2160 3838 2216 quam

2188 2231 2663 2303 splendidissime
2693 2239 2745 2289 et
2779 2233 3363 2306 magniﬁcentissime
3402 2235 3664 2289 adornat.
3721 2233 3840 2288 Ex-

2189 2337 2383 2392 pansas
2414 2325 2552 2377 sunt
2581 2339 2785 2379 omnes
2815 2340 3121 2396 purpureas
3151 2328 3209 2379 et
3248 2327 3467 2380 auratae
3519 2326 3745 2390 vestes;
3774 2324 3839 2377 et

2187 2410 2340 2465 cives
2373 2411 2469 2465 alii
2525 2411 2760 2467 aliunde
2813 2413 2884 2468 ad
2944 2430 3220 2485 pompam
3279 2412 3440 2468 illam
3474 2412 3836 2468 conﬂuentes

2186 2499 2374 2554 instar
2402 2503 2676 2555 torrentis
2708 2518 2776 2557 ex
2818 2506 3013 2557 monte
3044 2502 3431 2569 decurrentis,
3478 2500 3625 2571 fora,
3656 2500 3829 2569 edes,

2185 2587 2423 2659 templa,
2456 2590 2720 2645 ofﬁcinas
2749 2600 2801 2645 et
2832 2589 2957 2645 loca
2988 2591 3187 2645 omnia
3243 2591 3408 2646 urbis
3452 2588 3836 2660 amplissimas

2187 2676 2588 2750 desuererunt.
2642 2682 2792 2733 Sunt
2838 2685 2897 2733 et
2952 2679 3167 2750 captivi
3224 2679 3282 2733 in
3325 2678 3623 2748 triumpho
3653 2677 3837 2735 ducti.

2186 2765 2382 2823 Platea
2410 2749 2510 2822 illa
2543 2768 2816 2838 utrinque
2874 2749 3153 2839 suggesta
3204 2767 3411 2822 habuit
3467 2765 3540 2822 ad
3576 2765 3750 2821 binas
3781 2770 3842 2822 et

2185 2862 2381 2911 ternas
2412 2856 2877 2926 contignationes
2906 2858 3154 2923 educta;
3177 2860 3325 2912 tecta
3373 2871 3607 2927 quoque
3635 2853 3837 2911 omnia

2184 2945 2609 3017 spectatoribus
2660 2945 2868 3001 referta
2906 2946 3166 3001 fuerunt.
3216 2944 3640 3017 Imperatorum
3690 2959 3833 3014 qua-

423 3031 597 3110 ῥεῦμα
621 3034 753 3089 κατᾶ
782 3037 1018 3109 πρανοῦς
1075 3034 1514 3110 ὁχετηγούμενον
1567 3030 1882 3102 ἐξεκένωσαν
1938 3031 2064 3107 ἆγο-

2186 3035 2361 3104 drigas
2392 3039 2676 3105 argenteas
2705 3040 2916 3091 auratae
2948 3049 3082 3091 eum
3108 3035 3279 3107 equis
3309 3035 3438 3091 nive
3465 3030 3827 3090 candidiori-

421 3122 536 3198 ρας,
570 3121 778 3195 οἷ’κους,
809 3123 964 3191 νεὼς,
1009 3125 1344 3202 ἐργαστήρια
1381 3123 1469 3177 καὶ
1518 3121 1658 3177 ἄλλο
1711 3119 1874 3195 μέρος
1926 3120 2065 3175 ’ἁπαν

415 3219 514 3282 τῆς
544 3210 931 3293 πολυχανδοῦς
963 3213 1199 3275 πόλεως.
1231 3210 1371 3270 Οὐδὲ
1400 3218 1500 3282 τῆς
1527 3216 1636 3266 τῶν
1685 3209 2065 3286 αἰχμαλώτων

417 3301 727 3379 συμμορίας
759 3303 788 3357 ὁ
819 3297 1086 3377 θρίαμϐος
1125 3298 1482 3377 ἀπεστέρητο,
1526 3299 1673 3356 ἀλλᾶ
1720 3300 1811 3355 καὶ
1854 3299 2061 3355 τούτων

417 3391 619 3449 πολλοὶ
695 3391 887 3470 διῆγον
957 3392 1086 3457 τοὺς
1160 3394 1431 3467 παρόντας
1487 3392 1576 3448 καὶ
1636 3387 1927 3465 ἐσέμνυνον
1962 3391 2063 3460 τὴν

415 3486 642 3556 πομπὴν
702 3484 1009 3559 παριόντες.
1075 3482 1217 3539 Αὖτὰ
1279 3482 1462 3556 μέντοι
1518 3482 1585 3536 τὰ
1665 3481 1788 3545 καθ’
1841 3480 2065 3557 ἑκάτερα

420 3574 555 3647 μέρη
584 3581 688 3644 τῆς
714 3573 927 3648 ἀγυιᾶς,
975 3573 1095 3628 καθ’
1141 3572 1208 3642 ἥν
1250 3567 1453 3645 ἔμελλε
1497 3570 1770 3634 τελεῖσθαι
1802 3570 1831 3624 ὁ
1863 3570 2064 3645 θρίαμ-

418 3657 534 3734 ϐος,
589 3663 1039 3741 παρυφιστάμενα
1096 3660 1372 3738 δρύφακτα
1428 3660 1504 3723 είς
1562 3657 1810 3739 διώροφά
1863 3681 1924 3715 τε
1970 3661 2060 3715 καὶ

417 3753 695 3831 τριώροφα
740 3753 1132 3828 παρυψούμενα
1177 3758 1337 3806 πᾶσιν
1388 3749 1665 3806 ἐνεποίουν
1714 3750 2059 3824 θαυμασμὸν,

416 3844 599 3900 καὶτὰ
641 3844 770 3921 τέγη
819 3840 865 3899 δ’
914 3842 1022 3918 οὐχ
1075 3841 1273 3913 ἣκιστα
1333 3839 1569 3915 μάλιστα
1633 3839 1882 3904 πολλοὺς
1934 3842 2063 3906 τοὺς

412 3935 719 4009 θεωμένους
746 3939 838 3989 καί
897 3933 1095 3995 πάντας
1147 3927 1409 4008 ἀνέχοντα
1456 3931 1760 4007 ἐκκρεμεῖς.
1802 3929 1953 3987 Ἐπεὶ
2004 3927 2062 3985 δὲ

410 4026 499 4081 καὶ
545 4030 644 4081 τοῦ
700 4025 791 4080 τὸν
848 4024 1221 4100 αὐτοκράτορα
1275 4020 1563 4097 παρελθεῖν
1620 4019 1796 4096 ἐπῆγε
1846 4022 2057 4095 καιρὸς,

413 4121 712 4189 προηγεῖτο
745 4114 840 4188 μὶν
873 4111 1129 4187 ἀργύρεον
1172 4112 1469 4187 ἐπίχρυσον
1515 4107 1812 4185 τέτρωρον,
1858 4108 2057 4174 ’ίπποις

414 4201 627 4265 λευκοῖς
659 4204 734 4267 ὡς
776 4204 833 4258 αἱ
872 4201 1075 4278 χιόνων
1132 4198 1442 4263 άποσπάδες
1500 4199 1819 4273 ἑλκόμενον,
1865 4196 2055 4276 ’ίδρυτο

410 4289 461 4348 δ’
486 4292 570 4349 ἐπ’
600 4292 767 4349 αότοῦ
796 4294 833 4362 ἡ
865 4291 1025 4347 εἰκὼν
1053 4298 1156 4361 τῆς
1194 4290 1564 4366 ἀπροσμάχου
1614 4290 1916 4369 συμμάχου
1965 4288 2056 4344 καὶ

406 4383 847 4460 ἄκαταγωνίστου
880 4382 1257 4459 συστρατηγου
1295 4383 1377 4453 τῷ
1420 4375 1637 4455 βασιλεῖ
1683 4378 2050 4453 Θεομήτορος.

2176 3125 2287 3180 bus
2318 3124 2993 3196 precedebantmulbus
3027 3125 3302 3194 imposita
3330 3130 3452 3180 erat
3502 3122 3684 3195 imago
3734 3122 3828 3177 in-

2173 3214 2335 3269 victm
2358 3214 2425 3270 ad
2429 3212 2662 3286 jutricis
2683 3219 2742 3269 et
2764 3212 3175 3284 insuperabilis
3188 3211 3607 3271 commilitonis
3619 3210 3825 3267 Matris

2174 3302 2296 3358 Dei.
2332 3303 2540 3375 Neque
2566 3319 2700 3359 vero
2739 3302 2862 3358 axis
2920 3319 3202 3375 magnum
3257 3305 3476 3370 sonuit,
3529 3300 3666 3373 quia
3706 3317 3825 3357 non

2173 3392 2417 3449 vehebat
2446 3408 2638 3448 acrem
2671 3393 2839 3448 deam
2881 3393 3221 3461 Minervam,
3275 3408 3403 3464 qua:
3463 3390 3611 3448 falso
3659 3391 3827 3463 virgo

2173 3483 2404 3551 dicitur,
2436 3483 2536 3538 sed
2567 3499 2759 3539 veram
2792 3483 3115 3554 Virginem,
3168 3498 3295 3553 quas
3358 3478 3611 3537 Verbum
3668 3481 3822 3538 208

2172 3570 2567 3642 lneXplicabili
2589 3572 2813 3627 ratione
2848 3588 2948 3641 per
2978 3572 3217 3627 verbum
3238 3571 3480 3641 peperit.
3513 3570 3659 3624 Eum
3686 3586 3823 3625 cur-

2171 3680 2301 3719 rum
2333 3663 2699 3734 imperatoris
2733 3662 3043 3735 propinqui
3103 3666 3280 3733 atque
3326 3660 3523 3729 amici,
3555 3664 3820 3730 senatus,

2173 3752 2275 3809 viri
2308 3751 2751 3823 magistratibus
2809 3758 2864 3807 et
2918 3751 3303 3823 dignitatibus
3342 3749 3627 3821 insignes,
3672 3766 3825 3821 pone

2169 3841 2585 3913 sequebantur.
2611 3839 2831 3895 Deinde
2861 3839 2987 3911 ipse
3033 3840 3345 3911 imperator
3402 3837 3638 3911 prodiit,
3672 3854 3823 3909 equo

2170 3931 2345 3989 feroci
2377 3931 2660 3999 insidens,
2686 3931 2774 3987 vir
2795 3930 3048 4004 inclytus
3072 3936 3130 3987 et
3161 3931 3475 3997 maximus,
3508 3946 3817 3986 ornamen-

2167 4022 2244 4078 tis
2280 4021 2608 4077 illustribus
2656 4020 2927 4093 insignis,
2989 4022 3299 4076 comitante
3356 4019 3823 4091 Contostepbano

2167 4110 2450 4183 triumphi
2482 4113 2734 4178 auctore,
2767 4109 2869 4181 qui
2926 4110 3000 4166 ob
3056 4109 3355 4165 victoriam
3408 4112 3467 4165 et
3522 4123 3644 4164 rem
3678 4106 3823 4164 bene

2167 4206 2394 4271 gestam
2425 4197 2847 4255 celebrabatur.
2880 4197 3152 4270 Magnum
3183 4197 3463 4268 templum
3494 4198 3821 4269 ingressus,

2167 4290 2399 4361 Deoque
2429 4305 2626 4346 coram
2656 4288 2817 4344 omni
2851 4288 3063 4360 populo
3121 4288 3381 4354 laudato,
3414 4288 3472 4343 id
3533 4287 3818 4358 palatium

2166 4380 2371 4451 pergil,
2404 4379 2709 4450 laxataque
2749 4376 2922 4433 nimia
2952 4376 3239 4434 bellorum
3298 4376 3674 4433 contentione
3724 4376 3819 4433 lu-

408 4472 482 4526 Οὖ
516 4441 655 4551 μέγα
684 4470 730 4528 δ’
759 4466 989 4547 ἔϐραχεν
1229 4468 1316 4524 ἆτι
1349 4441 1508 4542 ’μηδὲ
1556 4467 1679 4531 θεὰν
1732 4441 2065 4541 ἦγε-δεινὴν

2177 4470 2265 4526 dis
2292 4471 2669 4543 equestribus
2700 4472 3012 4525 recreatur.

408 4561 506 4629 τήν
537 4554 967 4636 ψευδοπάρθενον
1001 4560 1253 4629 Ἀθηνᾶν,
1305 4553 1453 4611 ἀλλὰ
1501 4556 1600 4625 τῆν
1643 4554 1720 4617 ὡς
1772 4554 1995 4626 ἀληθῶς
2042 4555 2308 4631 παρθένον
2357 4556 2447 4611 καὶ
2501 4556 2634 4632 ὑπὲρ
2679 4555 2844 4631 λόγον
2895 4552 2985 4611 διὰ
3031 4553 3202 4633 λόγου
3248 4553 3339 4609 τὸν
3392 4552 3570 4630 Λόγον
3618 4551 3829 4630 λοχεύ-

409 4668 590 4709 σασαν.
624 4651 778 4708 Μετᾶ
808 4646 868 4704 δὲ
895 4651 1059 4704 τοῦτο
1091 4648 1143 4702 oi.
1205 4647 1323 4701 καθ’
1369 4644 1506 4719 αἷμα
1544 4648 1624 4717 τῷ
1678 4642 1898 4718 βασιλεῖ
1941 4645 2306 4719 περιώνυμοι,
2345 4646 2434 4700 καὶ
2492 4643 2609 4700 ὅσοι
2656 4645 3101 4721 γερουσιάζοντες
3132 4643 3230 4707 τὰς
3282 4640 3573 4705 πολιτικάς
3622 4640 3830 4700 διεῖπον

405 4737 601 4815 ἀρχὰς,
661 4738 753 4794 καὶ
811 4738 865 4792 οἱ
925 4736 1176 4813 λαμπροὶ
1232 4740 1351 4799 τοῖς
1405 4733 1678 4807 ἀξιώμασι
1733 4734 1822 4788 καὶ
1882 4738 1950 4808 τῇ
2008 4737 2107 4789 τοῦ
2165 4733 2437 4810 βασιλέως
2495 4734 2677 4807 εὐνοίᾳ
2730 4734 3073 4810 περίκλυτοι.
3131 4735 3361 4790 Ἔπειτα
3440 4729 3487 4787 δ’
3526 4735 3554 4788 ὁ
3602 4737 3813 4809 κρατῶν

399 4829 598 4904 προῄει
651 4828 836 4896 αὐτὸς,
889 4826 1043 4901 ίππῳ
1099 4824 1368 4901 ὑψαύχενι
1435 4819 1662 4898 ἔποχος,
1712 4820 1986 4891 κόδιστος,
2043 4823 2299 4901 μέγιστος
2353 4823 2443 4878 καὶ
2491 4824 2732 4896 κόσμους
2779 4823 2905 4886 τοὺς
2974 4823 3294 4899 βασιλικοὺς
3354 4827 3667 4901 περιφανῶς
3727 4844 3826 4879 πε-

404 4918 731 4991 ρικείμενος.
786 4917 1090 4991 Παρείπετο
1149 4913 1208 4970 δέ
1265 4914 1318 4969 οἱ
1373 4913 1462 4968 καὶ
1522 4912 1550 4966 ὁ
1604 4915 1702 4967 τοῦ
1761 4908 2036 4989 θριάμϐου
2095 4912 2270 4978 αἳτιος
2346 4910 2804 4989 Κοντοστέφανος,
2868 4912 3208 4985 ὑμνούμενος
3298 4916 3398 4981 τῆς
3479 4910 3655 4985 νίκης,
3712 4917 3811 4969 τοῦ

401 5000 577 5075 δεξιοῦ
612 5004 1047 5081 μακαριζόμενος
1107 5003 1505 5080 ἀγωνίσματος.
1557 5000 1654 5062 Είς
1704 4997 1763 5056 δὶ
1814 5002 1906 5058 τὸν
1967 5000 2129 5077 μέγαν
2187 5002 2323 5057 νεὼν
2380 5000 2471 5055 καὶ
2528 5005 2626 5056 τοῦ
2673 5002 2874 5063 παντὸς
2933 4998 3174 5056 ἐνώπιου
3231 4998 3342 5055 λεὼ
3399 5003 3498 5072 τὴν
3553 5005 3650 5059 τοῦ
3707 5005 3817 5060 Κυ-

404 5093 524 5169 ρίου
559 5093 813 5166 λαλήσας
842 5094 1042 5150 αἲνεσιν
1074 5093 1323 5170 πρόεισιν
1364 5090 1564 5156 ἐκεῖθεν
1618 5090 1695 5153 sic;
1753 5091 1822 5146 τὰ
1880 5089 2154 5167 βασίλεια.
2213 5094 2416 5167 Ὥσπερ
2474 5087 2532 5146 δὲ
2589 5091 2741 5162 τόξον
2800 5091 2966 5154 ἀνιεὶς
3026 5091 3211 5147 ἐαυτὸν
3268 5097 3371 5173 τῆς
3428 5092 3557 5169 ἄγαν
3611 5091 3819 5158 τάσεως

406 5181 654 5261 διεχεῖτο
676 5183 868 5241 ’ίππων
899 5181 1187 5258 ἁμίλλαις.

467 5298 526 5361 δ’.
559 5303 667 5361 Καὶ
697 5302 763 5357 τὸ
813 5298 964 5356 ἐπιὸν
1008 5297 1065 5355 δὶ
1113 5292 1210 5373 ἔαρ
1254 5296 1332 5363 εἷς
1395 5298 1571 5353 ἄνεσιν
1618 5298 2052 5371 ταμιευσάμενος

2232 5301 2284 5354 4.
2319 5300 2593 5371 Sequenti
2646 5301 2819 5358 etiam
2871 5317 3004 5359 vere
3054 5300 3115 5358 in
3146 5298 3327 5356 animi
3367 5299 3808 5359 oblectationem

402 5391 670 5466 σώματος,
722 5388 915 5460 ἐπειδὴ
963 5388 1302 5464 παρίππευσε
1351 5387 1609 5463 Καρκίνον
1661 5388 1752 5443 καὶ
1801 5389 2051 5464 παρῆλθε

2183 5394 2483 5460 nsumpto,
2515 5406 2802 5463 posquam
2835 5390 2922 5448 sol
2976 5392 3257 5448 Cancrum
3298 5394 3357 5443 et
3401 5392 3650 5445 Leonem
3684 5406 3807 5460 per-

402 5480 595 5540 Λέοντα
622 5482 820 5553 ἥλιος,
852 5480 882 5535 ὅ
909 5501 969 5536 τε
998 5477 1211 5555 Σείριος
1242 5473 1486 5552 ὑπέληγε
1531 5479 1641 5532 τῶν
1694 5473 2048 5553 φλογώσεων,

2177 5481 2384 5535 nearat
2408 5481 2466 5533 et
2494 5483 2673 5535 estus
2703 5478 2990 5537 Canicula
3046 5477 3396 5545 desaevierat,
3431 5479 3635 5533 bruma
3673 5478 3801 5548 jam

406 5567 455 5624 ul
483 5567 537 5629 δὶ
562 5556 851 5653 χειμέριοι
882 5568 1080 5652 τροπαὶ
1124 5565 1235 5643 ἤδη
1288 5564 1838 5643 παρεσκυθρώπαζον,
1889 5563 2049 5638 ἔξεισι

2181 5570 2417 5625 uetante
2446 5564 2505 5623 in
2533 5566 2902 5629 Occidentem
2959 5567 3273 5645 egreditur.
3330 5565 3609 5624 Audierat
3642 5567 3800 5625 enim
