4140 6290
307 347 426 408 503

1627 335 1934 398 NICETE
1975 332 2396 396 ΟΗΟΝῙΑΤΕ

3597 321 3720 386 εοι

307 479 642 538 Serviorum
673 475 1020 548 principem,
1053 471 1315 542 inquieto
1355 473 1412 526 et
1440 468 1760 524 insatiabili
1795 467 1991 536 inge”

2102 467 2205 540 τρὸς
2235 465 2300 519 τὰ
2333 461 2552 536 ἑσπέρια
2581 463 2672 517 καὶ
2701 463 2838 518 κατὰ
2879 461 2979 530 τήν
3031 459 3316 514 Φιλίππου
3363 455 3724 529 ἐναυλίζεται.

309 571 408 627 nio
439 568 756 634 hominem,
792 562 1144 634 Stephanum
1177 565 1524 616 Neemancm
1560 559 1722 629 justo
1777 559 1956 612 euda-

307 662 524 718 ciorem
559 658 768 712 factum
795 653 1044 707 ﬁnitima
1070 665 1314 722 quaeque
1362 649 1652 712 invadere,
1686 665 1751 702 ac
1784 663 1962 719 popu-

315 749 474 805 lares
497 762 632 801 suos
662 742 912 815 graviter
933 756 1192 814 premere
1213 741 1360 794 ferro
1385 743 1772 810 grassantem,
1809 754 1960 791 6083-

314 853 428 910 que
462 835 610 892 207
641 835 884 888 fortuna:
916 831 1164 886 oblitum
1223 828 1576 890 Crabatiamf;
1605 827 1688 896 et}
1711 827 1966 882 Cattaro-

316 941 447 982 rum
483 923 846 981 dominatum
881 921 990 976 sibi
1027 920 1334 975 vindicare.
1369 918 1636 990 Utigitur
1658 916 1966 972 Ncemanis

313 1015 669 1071 voluntatem
703 1011 1045 1082 exploraret,
1079 1009 1446 1064 Theodorum
1481 1006 1776 1062 Padiatcm
1837 1020 1965 1060 cum

317 1104 504 1177 cepiis
534 1101 784 1174 ablegat.
818 1101 953 1154 Erat
983 1103 1174 1154 autem
1207 1115 1276 1152 ea
1306 1096 1616 1152 Neemauis
1667 1093 1876 1150 ferocia
1905 1099 1967 1146 ut

317 1191 472 1248 bello
504 1205 619 1246 non
651 1187 873 1244 indicto
897 1187 1094 1242 Statim
1148 1185 1436 1242 Romanos
1481 1184 1797 1238 invaderet.
1827 1181 1965 1235 Pos-

325 1297 496 1352 quam
537 1286 728 1334 autem
757 1277 882 1348 ipse
937 1275 1249 1344 imperator
1303 1289 1434 1328 eum
1495 1271 1696 1326 ulcisci
1747 1269 1968 1337 statuit,

325 1367 480 1425 bello
517 1366 780 1424 celeriter
797 1365 1071 1420 relicloin
1091 1371 1316 1418 montes
1337 1361 1599 1432 confugit
1642 1364 1698 1416 ct
1735 1357 1972 1432 spelun-

326 1473 424 1514 cas
456 1473 522 1512 ac
545 1463 736 1527 petras
761 1453 943 1510 subiit
975 1457 1068 1518 ;et
1090 1451 1340 1507 subinde
1363 1449 1666 1504 imminuta
1707 1447 1973 1502 nonnihil

329 1545 604 1616 superbia
627 1543 860 1600 tandem
883 1541 1124 1612 supplex
1147 1541 1214 1594 ad
1242 1540 1416 1610 pedvs
1441 1538 1594 1594 illius
1620 1536 1972 1610 procumbit.

329 1633 660 1704 Augebatur
685 1633 836 1684 enim
863 1630 1081 1695 animo,
1116 1645 1186 1684 ne
1225 1628 1435 1684 Serviai
1481 1627 1841 1698 principatus
1873 1623 1977 1678 ali-

334 1721 428 1778 cui
451 1737 520 1776 ex
551 1721 622 1775 iis
654 1735 796 1790 quos
836 1719 960 1788 ipse
981 1721 1278 1782 everterat,
1313 1716 1410 1788 qui
1459 1721 1613 1772 esset
1637 1731 1703 1770 eo
1726 1713 1978 1786 dignior,

334 1811 706 1866 tribueretur.
789 1807 932 1862 Eum
1018 1807 1196 1878 igitur
1281 1805 1577 1861 hominem
1669 1805 1982 1876 imperator

337 1903 502 1954 tanta
551 1903 672 1952 arte
717 1896 998 1953 tractabat
1057 1901 1114 1950 et
1170 1896 1240 1950 ad
1299 1894 1466 1950 ﬁdem
1499 1895 1612 1950 sibi
1641 1891 1982 1948 servandam

342 1987 710 2044 convertebat
742 1985 792 2040 si
822 1985 1052 2056 quando
1111 2003 1145 2040 ιι
1175 1991 1327 2040 recta
1368 1983 1456 2039 via
1502 1985 1768 2039 aberrare
1826 1989 1882 2036 et
1915 1981 1986 2036 li-

337 2077 616 2132 bertatem
655 2081 914 2144 spectare
947 2073 1194 2138 videbat,
1221 2077 1321 2128 aut
1369 2087 1498 2128 cum
1538 2071 1988 2126 Alemannorum

343 2181 478 2236 rege
509 2181 568 2220 se
599 2165 976 2234 conjungere,
1035 2167 1134 2218 aut
1187 2162 1258 2218 ad
1319 2165 1560 2216 Hunnos
1609 2159 1888 2216 inclinare
1935 2163 1992 2215 et

345 2252 654 2309 manubias
711 2251 1166 2318 communicare,
1226 2257 1448 2322 quanta
1533 2249 1833 2321 diligentia
1889 2264 1994 2305 nec

345 2341 526 2414 opilio
556 2340 832 2412 exiguum
887 2355 1122 2412 gregem
1186 2339 1480 2394 custodire
1537 2339 1706 2395 solet.
1739 2337 1994 2394 Necman

351 2446 486 2488 vero
519 2430 683 2486 illum
712 2446 826 2484 non
869 2429 1066 2484 minus
1127 2427 1474 2483 formidabat
1531 2443 1706 2498 quam
1772 2427 1996 2484 leonem

361 2524 576 2576 caeteras
609 2519 1123 2574 animantes.Nam
1191 2533 1323 2574 eum
1381 2519 1700 2590 imperator
1734 2518 1998 2589 equitatu

361 2613 588 2664 tantum
613 2611 820 2664 educto
851 2614 908 2663 et
967 2606 1314 2662 satellitibus
1381 2608 1535 2678 sequi
1571 2606 1759 2678 jussis
1791 2607 1996 2662 Roma-

355 2713 566 2753 norum
628 2697 772 2754 fines
827 2711 1094 2769 egressus
1152 2701 1350 2750 contra
1432 2695 1600 2751 illum
1687 2695 1996 2763 ferebatur,

349 2785 556 2844 Servis:
588 2789 800 2842 statum
827 2803 933 2842 suo
965 2785 1246 2841 arbitratu
1291 2785 1579 2856 extemplo
1626 2786 1994 2842 immutabat.

2073 553 2334 624 Ἢκηκόει
2367 553 2470 629 γὰρ
2499 551 2574 614 ὠς
2601 553 2629 606 6
2658 555 2765 605 τῶν
2801 552 3016 622 Σέροων
3049 549 3329 622 σατράπης
3369 549 3458 621 (ἦν
3495 545 3552 603 δὲ
3599 549 3726 602 τότε

2073 645 2100 698 ὁ
2133 649 2346 714 Νεεμᾶν
2397 641 2688 718 Στέφανος)
2737 641 2868 712 ὑπὲρ
2920 637 2950 693 ὅ
2995 635 3075 693 δεῖ
3127 637 3452 713 θρασύτερος
3513 632 3724 714 γέγονε,

2071 731 2160 786 καὶ
2209 728 2556 805 κακόσχολος
2599 725 2673 782 ὥν
2717 749 2800 789 τις
2846 729 3052 802 ἥγηται
3087 725 3252 803 σοφὸν
3295 726 3358 780 τὸ
3417 725 3726 800 περίεργον,

2073 819 2167 874 καὶ
2239 822 2339 888 τήν
2417 817 2705 892 ἐπιθυμίαν
2783 817 2991 896 τρέφων
3068 815 3356 890 ἀκόρεστον
3433 815 3524 870 καὶ
3588 815 3727 890 πρὸς

2071 910 2140 964 τὰ
2171 908 2281 964 ἐκεῖ
2324 909 2498 962 πάντα
2555 905 2938 974 διαπλωθῆναι
2991 903 3316 982 φιλονεικῶν
3361 910 3477 966 τοῖς
3527 903 3587 959 ἐκ
3625 908 3725 958 τοῦ

2075 998 2240 1054 αὐτοῦ
2271 995 2447 1072 φύλου
2485 997 2650 1072 βαρὺς
2683 995 2940 1068 ἐμπίπτει
2973 994 3062 1049 καὶ
3093 995 3229 1071 ξίφει
3279 993 3341 1048 τὸ
3389 993 3542 1068 γένος
3595 995 3729 1066 μέτ-

2077 1107 2202 1156 εισι,
2253 1089 2392 1158 μήτε
2443 1087 2550 1157 μὴν
2611 1085 2678 1140 τὰ
2735 1084 2910 1139 οτίκεῖα
2975 1081 3136 1145 εἰδὼς
3191 1083 3361 1156 μέτρα
3415 1077 3728 1156 Χορϐατίαν

2081 1178 2425 1232 ὑποποιεῖται
2465 1175 2556 1227 καὶ
2603 1174 2740 1248 πρὸς
2785 1174 2972 1228 ἐαυτὸν
3019 1171 3308 1228 ἐπισπᾶται
3359 1175 3466 1225 τῶν
3519 1169 3731 1228 Καττᾶ-

2082 1285 2188 1340 ρων
2221 1268 2320 1334 τήν
2371 1262 2688 1337 κυριότητα.
2747 1263 2845 1318 Διὰ
2885 1267 3051 1318 ταῦτα
3097 1261 3280 1318 τοίνυν
3333 1265 3524 1334 πεῖραν
3571 1259 3731 1332 εἰλη-

2082 1353 2234 1434 φέναι
2269 1353 2442 1419 θέλων
2476 1359 2577 1408 τοῦ
2607 1353 2693 1408 ἐπὶ
2725 1355 2946 1414 τούτοις
2970 1358 3048 1425 τῷ
3089 1357 3304 1424 Νεεμᾶν
3351 1348 3731 1426 βουλήματος,

2083 1443 2297 1500 στέλλει
2334 1445 2467 1518 μετὰ
2498 1439 2778 1514 δυνάμεως
2816 1443 2907 1498 τὸν
2957 1439 3231 1512 Παδιάτην
3285 1437 3590 1516 Θεόδωρον.
3643 1443 3731 1512 Τῷ

2087 1533 2144 1590 δε
2168 1535 2424 1608 τοπάρχῃ
2459 1537 2665 1606 Νεεμᾶν
2699 1531 2871 1593 οὕτως
2925 1531 3179 1607 ἀναρσίου
3232 1537 3398 1603 μετῆν
3444 1531 3736 1606 φρονήμα-

2085 1645 2180 1686 τος
2213 1625 2286 1683 ὡς
2318 1625 2402 1696 [Ρ.
2439 1625 2568 1696 104]
2601 1623 2758 1685 εὐθὺς
2793 1623 3083 1695 ἐξενεγκεῖν
3135 1619 3440 1695 ἀκήρυκτον
3491 1617 3736 1690 πόλεμον

2088 1713 2178 1770 καὶ
2207 1711 2503 1786 Ῥωμαίοις
2563 1711 2918 1766 ἐπεισπεσεῖν.
2979 1709 3254 1772 Βασιλέως
3301 1707 3346 1764 δ’
3399 1709 3558 1765 αὐτὸν
3612 1729 3740 1782 μετ-

2093 1803 2269 1868 ελθεῖν
2299 1801 2594 1876 κρίναντος,
2656 1801 2846 1877 ὀλίγον
2907 1804 2972 1875 τῇ
3026 1801 3182 1874 μάχῃ
3233 1797 3563 1878 παραφανεὶς
3611 1797 3742 1854 ἀπε-

2094 1891 2359 1966 κρύψατο,
2391 1891 2484 1954 τὰς
2524 1895 2631 1944 τῶν
2681 1892 2824 1964 ὁρῶν
2883 1891 2972 1944 καὶ
3034 1888 3197 1944 πάλιν
3259 1887 3461 1952 ὑποδὺς
3510 1885 3744 1944 καταδῦ-

2101 2003 2210 2044 σεις
2241 1979 2334 2036 καὶ
2363 1981 2458 2044 τὶς
2505 1980 2700 2055 πέτρας
2751 1981 2975 2052 θέμενος
3026 1979 3100 2042 εἷς
3147 1973 3488 2052 ἀποκρυϐήν.
3531 1977 3644 2034 Ἀεί
3691 1975 3750 2034 δέ

2097 2093 2148 2126 τι
2179 2071 2523 2145 περικόπτων
2552 2072 2649 2138 τῆς
2682 2063 3071 2144 προλαϐο·5σης
3126 2068 3326 2145 ὀφρύος
3351 2067 3440 2122 καὶ
3483 2067 3748 2144 ὑφαιρῶν,

2107 2159 2264 2220 τέλος
2302 2165 2416 2221 τοῖς
2467 2157 2674 2214 ἐκείνου
2729 2159 2859 2213 ποσὶ
2911 2160 3009 2227 τήν
3061 2158 3262 2214 οἰκείαν
3303 2156 3612 2221 ὑποτέθεικε
3658 2176 3753 2210 κε-

2104 2250 2307 2330 φαλῆν,
2368 2249 2531 2324 μέγας
2567 2249 2878 2322 μεγαλωστὶ
2941 2245 3230 2318 τεταμένος
3259 2247 3346 2302 καὶ
3378 2246 3502 2320 περὶ
3529 2249 3626 2300 τοῦ
3675 2244 3754 2318 μή

2104 2341 2294 2394 παθεῖν
2326 2342 2505 2398 κακῶς
2545 2337 2822 2410 δεόμενος·
2884 2336 3096 2412 ἠγωνία
3145 2335 3250 2412 γὰρ
3301 2337 3378 2408 μή
3420 2355 3538 2398 πως
3587 2333 3754 2396 αὐτὸς

2109 2429 2204 2503 μὶν
2275 2435 2375 2498 τῆς
2451 2433 2558 2484 τῶν
2636 2423 2856 2501 Σερϐων
2931 2426 3220 2502 παραλυθῇ
3280 2423 3613 2492 δυναστείας,
3689 2421 3751 2478 τὸ

2109 2519 2166 2574 δὲ
2195 2519 2396 2594 κράτος
2449 2522 2744 2592 μετενεχθῇ
2785 2518 2922 2592 πρὸς
2981 2517 3106 2578 τοὺς
3157 2514 3366 2570 ἐκείνου
3419 2515 3612 2594 ἄρχειν
3671 2509 3756 2567 δι-

2108 2609 2444 2680 καιοτέρους,
2476 2607 2566 2662 καὶ
2598 2607 2690 2668 οὕς
2723 2607 2884 2670 αὐτὸς
2920 2605 3262 2667 κατασπάσας
3319 2605 3440 2680 εἶχε
3481 2605 3618 2678 πρὸς
3655 2603 3755 2672 τὴν

2109 2699 2287 2772 ἀρχὴν
2319 2695 2588 2771 ἀναχθείς.
2623 2695 2775 2750 Οὕτω
2809 2691 2854 2750 δ’
2897 2697 3148 2770 εὐμαρῶς
3193 2693 3380 2768 μετῄει
3431 2697 3618 2748 τοῦτον
3666 2692 3755 2747 καὶ

2109 2787 2244 2860 πρὸς
2271 2787 2369 2854 τὴν
2421 2783 2625 2840 ἐκείνου
2673 2783 2852 2840 πίστιν
2917 2787 3286 2863 μετέστρεφεν,
3343 2781 3390 2838 ε’ί
3435 2804 3572 2838 ποτε
3615 2783 3759 2836 ἀπο-

351 2871 713 2946 πλανώμενον
745 2871 888 2947 ἑώρα
942 2877 1035 2926 τοῦ
1088 2873 1283 2934 εὐθέως
1333 2875 1419 2927 καὶ
1473 2871 1750 2948 ἐλεύθερον
1806 2873 2096 2948 βλέποντα,
2233 2879 2311 2945 τῷ
2360 2879 2466 2928 τῶν
2516 2873 2842 2946 ’Δλαμανων
2895 2875 3020 2949 ῥηγὶ
3073 2875 3494 2948 προστιθέμενον
3541 2873 3576 2942 ἢ
3635 2875 3754 2933 τοῖς

345 2961 576 3026 Οἶὶννοις
649 2963 1014 3038 προσνεύοντα
1089 2962 1178 3016 καὶ
1253 2963 1438 3016 κοινὸν
1515 2961 1737 3023 ἐκείνοις
1813 2962 2100 3038 βαλάντιον
2174 2966 2286 3035 (95)
2361 2961 2452 3018 καί
2491 2965 2668 3038 πήραν
2707 2964 3142 3038 προσκτώμενον.
3195 2964 3267 3026 ὡς
3343 2961 3468 3018 οὐδὲ
3539 2961 3751 3034 ποιμήν

345 3053 604 3126 ποίμνιον
634 3051 1082 3128 εὖπερίγραπτον.
1117 3051 1274 3108 Οὕτω
1311 3049 1358 3106 δ’
1385 3049 1647 3106 ἓδεδοίκει
1687 3056 1880 3107 τοῦτον
1932 3053 1959 3106 ὁ
2009 3052 2215 3125 Νεεμᾶν
2269 3052 2341 3114 ὡς
2387 3049 2510 3106 οὐδὲ
2557 3053 2646 3106 τὸν
2709 3051 3136 3128 βασιλικώτατον
3185 3059 3326 3128 θῆρα
3369 3052 3436 3106 τα
3476 3047 3750 3106 κνώδαλιν

347 3141 377 3196 ὅ
409 3163 470 3218 γε
507 3143 596 3195 καὶ
629 3141 694 3196 τὰ
720 3141 1000 3211 ἱππάσιμα
1035 3139 1171 3212 μόνα
1200 3139 1476 3202 πολλάκις
1509 3139 1898 3216 ἐπιφερόμενος
1947 3142 2032 3196 καὶ
2082 3147 2202 3203 τοῖς
2256 3139 2649 3215 δορυφοροῦσιν
2701 3142 2868 3196 ειπὼν
2917 3167 2946 3194 ‹‹
2997 3144 3242 3212 Ἐπεσθε,
3275 3165 3303 3194 ››
3350 3142 3415 3195 τὰ
3462 3138 3744 3210 Ῥωμαίων

349 3230 736 3306 παρήλλαττεν
767 3230 908 3306 ὅρια,
941 3231 1031 3284 καὶ
1061 3233 1178 3285 κατ’
1211 3231 1372 3286 αὐτοῦ
1405 3231 1646 3304 ἐξορμῶν
1682 3234 1814 3307 πρὸς
1845 3233 1908 3288 τὸ
1946 3233 2146 3287 οἰκεῖον
2181 3230 2365 3305 ἐφετὸν
2388 3231 2456 3286 τὸ.
2487 3231 2684 3286 ἐκεῖθεν
2721 3227 3024 3306 μετήμειϐε
3047 3233 3352 3308 πράγματα.

425 3331 577 3387 208
601 3333 800 3388 5.Post
817 3331 938 3386 haec
963 3331 1210 3398 Manuel,
1243 3332 1442 3388 audita
1459 3335 1685 3406 [Egypti
1711 3333 1998 3390 fertilitate
2029 3357 2073 3418 ε

355 3425 410 3476 et
435 3419 721 3489 frugiferis
761 3419 872 3474 Nili
895 3419 1396 3486 exundationibus,
1422 3423 1600 3478 classe
1631 3439 1757 3478 eam
1783 3427 1996 3476 terram

359 3513 576 3580 petere,
603 3513 661 3564 et
691 3525 821 3580 quae
871 3509 1110 3564 auribus
1169 3515 1490 3581 acceperat,
1545 3511 1731 3568 oculis
1785 3511 1998 3566 intueri

356 3604 414 3654 et
436 3601 792 3654 contrectare
851 3599 1125 3654 manibus
1184 3599 1451 3657 instituit.
1484 3601 1757 3666 Quamvis
1806 3605 1998 3656 autem

356 3687 622 3760 proxima
679 3703 920 3758 quaeque
979 3687 1170 3742 adhuc
1230 3687 1290 3743 in
1349 3693 1507 3744 motu
1564 3695 1756 3746 essent
1783 3695 1840 3746 et
1869 3690 2003 3746 licet

355 3784 686 3832 secarenlur
704 3782 760 3832 et
783 3784 1106 3842 urerentur,
1141 3795 1252 3832 non
1279 3781 1474 3834 tamen
1511 3777 1868 3849 tollerentur,
1899 3780 1997 3835 sed

353 3865 538 3922 instar
553 3866 818 3922 rediviva:
844 3867 1032 3938 hydra:
1056 3866 1698 3938 repullularent,tamcn
1723 3870 2004 3942 importu-

353 3971 430 4012 na
493 3955 812 4012 ambitione
867 3955 1180 4028 impulsus,
1239 3962 1296 4012 et
1356 3963 1613 4014 veterum
1670 3959 2000 4030 principum

355 4043 726 4100 aemulatione
757 4060 822 4100 ac
852 4044 1036 4116 gloria
1076 4045 1388 4117 adductus,
1423 4048 1521 4118 qui
1575 4065 1688 4103 non
1753 4047 1923 4102 modo
1971 4065 2002 4102 a

353 4133 502 4186 mari
533 4133 605 4188 ad
641 4148 818 4202 mare,
847 4134 946 4188 sed
974 4134 1044 4189 ab
1070 4135 1299 4192 Oriente
1326 4151 1510 4206 usque
1533 4137 1603 4190 ad
1628 4135 2000 4191 Occidentem

357 4220 642 4276 dominati
675 4221 925 4290 fuerunt,
959 4223 1131 4278 rebus
1181 4225 1370 4294 magis
1411 4224 1753 4296 urgentibus
1775 4225 2005 4280 omissis

359 4307 744 4380 longinquam
805 4309 1230 4381 expeditionem
1311 4313 1586 4384 suscepit,
1647 4313 2004 4384 consilioque

362 4414 466 4454 suo
491 4414 624 4454 cum
649 4399 922 4471 Amerigo
947 4399 1471 4474 Hierosolymorum
1521 4418 1654 4474 rege
1685 4405 2006 4459 communi-

361 4488 616 4561 cato,qui
637 4505 696 4544 se
717 4491 767 4546 ci
793 4495 1000 4561 praesto
1025 4492 1282 4547 futurum
1333 4491 1725 4564 pollicebatur,
1759 4493 2003 4550 classem

359 4579 614 4650 amplius
652 4595 718 4636 cc
751 4579 1052 4652 longarum
1085 4581 1324 4637 navium
1373 4585 1574 4638 contra
1631 4583 2002 4638 Tamiathum

360 4674 678 4741 comparat,
715 4669 864 4726 inter
911 4685 1054 4742 quas
1108 4677 1270 4726 erant
1310 4686 1344 4725 x
1399 4671 1746 4742 Epidamnias
1794 4676 1850 4727 et
1905 4688 2007 4728 sex

2183 3332 2240 3387 ε’.
2275 3329 2452 3387 Ἀλλὰ
2479 3331 2600 3385 τίνα
2656 3331 2721 3386 τὰ
2764 3330 2851 3386 ἐπὶ
2895 3331 3155 3400 τούτοιςς
3197 3331 3288 3406 ἐρᾷ
3335 3330 3421 3384 καὶ
3471 3327 3751 3404 στρατείας

2112 3418 2425 3493 ὑπερορίου,
2466 3420 2556 3474 καὶ
2603 3421 2666 3474 τὸ
2715 3427 2813 3490 τῆς
2855 3420 3128 3494 Αῗγύπνου
3173 3420 3556 3492 ἐνωτιζόμενος
3607 3419 3758 3488 πάμ-

2111 3529 2302 3585 φορον,
2349 3509 2440 3564 καὶ
2500 3509 2597 3564 ὅσα
2653 3515 2887 3587 γεωργεῖ
2940 3511 3134 3572 Νεῖλος
3197 3511 3223 3564 ὁ
3273 3505 3618 3584 καρποδότης
3667 3505 3758 3560 καὶ

2109 3595 2400 3674 εῧσταχυς,
2429 3605 2546 3662 τοῖς
2577 3603 2784 3674 πήχεσι
2817 3605 3030 3675 μετρῶν
3061 3599 3122 3654 τὸ
3153 3597 3411 3672 εὔδαιμον
3442 3599 3575 3672 (96),
3623 3593 3758 3671 ἔγνω

2109 3687 2164 3744 ἐν
2196 3687 2438 3763 θαλάσσῃ
2473 3690 2652 3752 θέσθαι
2697 3695 2859 3764 χεῖρα
2905 3685 3069 3744 αὐτοῦ
3109 3689 3193 3743 ααὶ
3248 3687 3301 3742 ἐν
3352 3691 3623 3758 ποταμοῖς
3665 3683 3752 3740 δε-

2107 3777 2221 3847 ξιὰν
2253 3777 2442 3844 αὐτοῦ,
2473 3777 2527 3832 εἷ’
2567 3798 2685 3840 πως
2737 3779 2802 3832 τὰ
2851 3775 2922 3832 δι’
2970 3777 3136 3842 ἀκοῆς
3183 3775 3432 3852 ἐρώμενα
3479 3775 3755 3850 Αίγύπτια

2109 3866 2277 3941 ἆγαθα
2321 3867 2413 3924 καὶ
2472 3869 2780 3945 ὀφθαλμοῖς
2853 3866 3125 3943 ἐντρανοις
3183 3869 3298 3942 (θ’)
3357 3859 3604 3922 θεάσαιτο
3663 3863 3754 3920 καὶ

2109 3959 2226 4026 θείη
2275 3956 2462 4027 ληπτὰ
2507 3963 2625 4020 ταῖς
2683 3957 2893 4036 χερσίν.
2956 3959 3159 4014 Ἐποίει
3221 3955 3266 4011 δ’
3325 3955 3530 4014 ἒκεῖνον
3591 3959 3760 4010 ταῦτα

2111 4047 2459 4126 φαντάζεσθαι
2520 4049 2586 4102 τὰ
2633 4046 2683 4102 ἐν
2741 4047 2897 4103 ποσὶν
2945 4047 3412 4122 ὑπεραλλόμενον,
3459 4053 3548 4102 καί
3593 4049 3759 4100 ταῦτα

2109 4133 2186 4190 ἔτι
2246 4133 2530 4204 ὠδίνοντα,
2574 4137 2664 4192 καὶ
2711 4136 3010 4212 τεμνόμενα
3061 4141 3154 4210 μὲν
3201 4139 3290 4192 καὶ
3337 4137 3757 4209 κατακαιόμενα,

2112 4224 2210 4280 οὐκ
2231 4225 2612 4303 ἀφαντούμενα
2643 4223 2700 4281 δὲ
2722 4227 2810 4281 καὶ
2841 4225 3251 4301 ἀμαυρούμενα,
3284 4223 3430 4281 ἀλλὰ
3459 4223 3753 4302 παλιμφυῆ

2109 4314 2244 4369 κατὰ
2299 4316 2398 4385 τὴν
2452 4312 2612 4390 ὕδραν
2671 4317 2949 4392 γινύμενα,
3008 4313 3294 4393 φιλοδοξία
3373 4337 3458 4377 τις
3535 4313 3760 4389 ἄκαιρος

2107 4404 2198 4458 καὶ
2254 4405 2317 4459 τὸ
2374 4405 2510 4478 πρὸς
2563 4403 2808 4482 βασιλεῖς
2857 4404 3315 4477 ἀνθαμιλλᾶσθαι,
3355 4405 3437 4466 οἷς
3487 4403 3550 4460 τὸ
3594 4401 3756 4466 κλέος

2108 4491 2252 4547 πολὺ
2303 4494 2392 4548 καὶ
2435 4495 2502 4549 τὰ
2548 4494 2913 4569 σχοινίσματα
2962 4493 3060 4548 οὐκ
3105 4495 3209 4549 ἀπὸ
3261 4493 3537 4564 θαλάσσης
3591 4493 3756 4564 μόνον

2108 4580 2213 4642 ἓως
2235 4581 2511 4654 θαλάσσης
2547 4581 2937 4661 ὑφαπλοῦμενα
2969 4583 3094 4655 πρὶν
3132 4585 3478 4658 παρετέτατο,
3525 4579 3652 4636 ἀλλ’
3697 4581 3758 4638 ἐκ

2111 4674 2219 4725 τῶν
2251 4671 2401 4743 ἐῴων
2453 4673 2763 4746 ὁρισμάτων
2815 4673 2982 4748 μέχρι
3032 4675 3140 4728 τῶν
3189 4671 3449 4747 ἐσπερίων
3498 4669 3755 4726 διικνεῖτο

359 4737 624 4815 Euboicae
664 4737 948 4830 expeditas
1003 4775 1196 4816 naves.
1283 4737 1642 4816 Navarchum
1737 4761 1991 4834 designat

2111 4757 2348 4830 στηλῶν.
2383 4759 2592 4818 Οὐκοῦν
2643 4759 2734 4816 καὶ
2783 4762 2846 4816 τὸ
2897 4760 3116 4836 σκέμμα
3160 4761 3241 4836 τῷ
3278 4766 3384 4816 τῶν
3444 4759 3756 4834 Ἱεροσολύ-

353 4847 752 4902 Andronicum
787 4847 1324 4918 Contostephanum
1355 4864 1634 4920 magnum
1659 4849 1864 4906 ducem
1902 4875 1916 4917 ;
1947 4853 2004 4906 et

354 4935 728 4990 Theodorum
781 4939 1210 4993 Maurozumem
1263 4953 1393 4994 cum
1457 4955 1525 4994 1.x
1561 4940 1897 4995 triremibus
1927 4940 1998 4994 ad

356 5023 510 5079 209
544 5037 730 5092 regem
764 5025 1088 5096 praemittit,
1150 5027 1595 5100 quiﬁeliquam
1652 5027 1892 5085 classem
1942 5033 1998 5085 et

2113 4871 2230 4921 μων
2273 4849 2404 4925 ρηγὶ
2455 4851 2729 4926 ’Δμερίγῳ
2777 4851 3203 4924 κοινωσάμενος,
3281 4853 3534 4906 κάκεῖνον
3585 4849 3753 4924 εὑρὼν

2111 4939 2213 4994 οὐκ
2241 4937 2706 5013 ἀποπεμπόμενον
2736 4939 2800 4995 τὸ
2835 4940 3098 5014 εννόημα,
3135 4939 3350 5016 μᾶλλον
3387 4941 3480 5014 μὶν
3527 4938 3622 4994 οὖν
3667 4936 3756 4993 καὶ

2107 5022 2475 5094 συλλαϐέσθαι
2551 5031 2602 5084 οἱ
2675 5033 2773 5084 τοῦ
2849 5027 3256 5106 ἐγχειρήματος
3301 5030 3754 5106 ὑπισχνούμενον,

1727 5175 1896 5239 Hier.
1929 5175 2149 5240 Woltii
2181 5185 2366 5241 notae.

429 5332 550 5402 (95)
579 5329 772 5404 Κοινον
819 5327 1042 5404 ἐκείνοις
1095 5328 1406 5404 βαλάντιον.
1476 5333 1617 5391 Ρυίο
1671 5335 2015 5394 Choniatem

364 5403 436 5486 de
467 5401 750 5486 latrocinii
782 5401 1183 5472 _societate‘et
1240 5405 1550 5475 partitione
1607 5409 2015 5465 manubiarum

357 5479 544 5628 10ῗὲἑᾷ
595 5545 731 5628 Τοῖς
785 5544 993 5622 πήχεσι
1063 5545 2016 5628 perpc'bv_';16_}__e68gtpov.:Alludit

367 5620 441 5682 ad
482 5618 880 5678 dimensiones
897 5618 1220 5690 'agrorum,
1278 5618 1567 5679 limitibus
1619 5618 2018 5683 'exundatione

2123 5337 2238 5392 Nili
2269 5337 2543 5412 confusis,
2603 5339 2756 5395 unde
2815 5338 3040 5410 quidam
3093 5343 3337 5397 censent
3391 5338 3768 5412 geometriam

2125 5413 2316 5465 ortum
2347 5410 2642 5466 habuisse.

2341 5479 2675 5558 Ἐντράνοις,
2731 5481 2950 5558 Τρανής
3015 5489 3072 5540 et
3119 5483 3308 5558 τρανὸς
3365 5483 3586 5558 usitata
3613 5487 3773 5554 sunt,

2127 5553 2222 5610 sed
2262 5550 2510 5628 ἔντρανὸς
2541 5555 2680 5612 alibi
2711 5550 2804 5612 me
2833 5555 3024 5629 legere
3055 5550 3170 5614 non
3203 5555 3466 5616 memini.
