4140 6290
1478 326 1580 388 DE
1621 326 2016 390 MANUEuE
2058 325 2442 391 GOMNENO
2483 329 2638 391 LIB.
2684 329 2761 391 ν.

3699 329 3820 392 506

410 457 609 516 στόλον
638 456 923 533 καταρτύει
957 457 1125 534 βαρὺν
1157 457 1299 513 κατὰ
1333 462 1430 514 τοῦ
1477 460 1754 532 Ταμιάθου
1804 459 1880 522 εἷς
1930 467 2033 529 νῆα

2177 462 2710 533 Contostephanum
2733 460 2974 533 jamjam
2993 460 3189 516 adfore
3213 459 3820 534 prainuntiaret,alque

414 553 624 624 μακρὰς
656 545 927 610 διακοσίας
952 548 1039 601 καὶ
1082 545 1161 602 ἔτι
1211 549 1347 621 πρὸς
1394 546 1822 622 ἀριθμούμενον,
1872 547 1925 603 ἔν
1975 550 2063 610 αῖς

414 635 769 712 κατελέγοντο
816 632 945 691 δεκα
1002 637 1093 709 μὲν
1158 638 1213 691 αἱ
1265 637 1370 691 ἀπὸ
1416 646 1515 705 τῆς
1567 636 1902 710 Ἐπιδάμνου
1934 640 2063 693 ἀνα-

423 730 653 802 χθεῖσαι,
695 722 749 795 ’ἐξ
777 722 836 779 δὲ
863 730 1295 800 ταχυναντοῦσαι
1324 725 1545 791 ἃπασαι,
1578 727 1640 787 ἅς
1673 726 1948 802 ἐπλήρουν
2003 729 2060 782 οἱ

413 811 656 875 Εὐϐοεῖς.
688 811 1026 870 ἀναδείκνυσι
1059 812 1117 869 δὲ
1165 813 1439 890 ναύαρχον
1490 816 1580 870 τὸν
1637 815 1804 893 μέγαν
1858 813 2058 870 δοῦκαν

403 906 493 961 τὸν
569 901 1006 982 Κοντοστέφανον
1077 901 1440 976 Ἀνδρόνικον.
1519 906 1657 960 Ἀπὸ
1733 904 1790 960 δὲ
1825 904 2059 960 τουτωνὶ

402 996 508 1047 τῶν
564 992 842 1067 τριηρέων
901 992 1161 1066 ἐξήκοντα
1215 992 1296 1066 τῷ
1358 993 1731 1069 Μαυροζούμῃ
1780 992 2058 1068 παραδοὺς

401 1078 669 1154 Θεοδώρῳ
735 1082 874 1157 πρὸς
941 1082 1035 1137 τὸν
1102 1082 1249 1156 ῥῆγα
1318 1081 1604 1157 ἐξέπεμψε,
1688 1103 2055 1158 προκαταγγε-

400 1168 600 1226 λοῦντα
634 1170 730 1244 μὲν
758 1170 850 1225 καὶ
879 1172 979 1240 τήν
1019 1170 1145 1226 ὅσον
1195 1168 1414 1225 ούδέπω
1460 1176 1559 1226 τοῦ
1604 1172 1803 1227 λοιποῦ
1853 1171 2053 1227 στόλου

404 1260 692 1337 ἀναγωγήν
725 1260 816 1314 καὶ
847 1261 946 1329 τήν
996 1258 1175 1315 ἐκεῖσε
1221 1265 1319 1315 τοῦ
1369 1263 1806 1338 Κοντοστεφάνου
1851 1259 2057 1338 ἄφιξιν,

402 1345 830 1420 διαναστήσοντα
860 1345 918 1403 δὲ
949 1354 1196 1405 κάκεῖνον
1252 1350 1325 1412 ὡς
1373 1348 1459 1420 εἴη
1510 1350 1933 1423 ἑτοιμασάμενος
1987 1353 2055 1406 τὰ

398 1437 532 1510 πρὸς
561 1439 662 1508 τήν
690 1435 898 1508 ἔξοδον,
930 1438 1045 1511 ἅμα
1076 1436 1123 1493 δ’
1164 1438 1576 1511 ἁποκομίσοντά
1604 1440 1657 1494 οἱ
1689 1441 1780 1495 καὶ
1829 1441 1898 1495 τὰ
1942 1444 2051 1493 τῶν

399 1527 853 1601 Ἱεροσολυμιτῶν
881 1523 1092 1583 ἱππέων
1137 1527 1367 1601 ὀψώνια,
1417 1527 1536 1583 ὅσοι
1586 1528 2049 1603 συνεκστρατεύειν

399 1610 635 1688 ἔμελλον
670 1620 749 1688 τῷ
782 1615 906 1693 ῥηγὶ
942 1616 1402 1690 συνεφαπτομένῳ
1430 1622 1525 1672 τοῦ
1548 1616 1797 1691 πολέμου
1824 1619 1909 1672 καὶ
1932 1619 2052 1673 κατ’

399 1703 716 1779 Αθγυπτίων
749 1706 1019 1780 τιθεμένῳ
1048 1708 1146 1775 τὴν
1175 1707 1409 1776 κίνησιν,
1443 1709 1526 1781 [Ρ.
1574 1709 1697 1780 105]
1744 1708 1864 1771 καθ’
1906 1708 1978 1761 ὧν
2023 1708 2050 1761 6

2172 567 2302 605 eum
2334 551 2666 608 hortaretur
2696 562 2753 605 ut
2813 550 2938 621 ipse
2995 548 3421 621 expeditionem
3466 557 3821 618 maturaret;

2171 640 2345 694 simul
2378 643 2552 696 etiam
2578 640 3127 710 Hierosolymitanis
3159 639 3473 709 equitibus,
3496 642 3591 710 qui
3627 656 3820 713 regem

2171 729 2228 783 in
2272 731 2575 801 Egyptum
2635 736 2891 784 secuturi
2951 736 3164 799 essent,
3224 730 3514 799 stipendia
3571 730 3820 785 afferret.

2168 818 2294 873 Non
2329 818 2507 874 multo
2537 823 2681 888 post,
2741 835 2841 873 vni
2899 819 2995 873 die
3054 818 3274 872 mensis
3323 818 3484 886 Julii,
3516 823 3820 874 Conleste-

2169 907 2398 977 phanus
2430 908 2503 962 ad
2536 908 2872 963 Melibotum
2908 905 3156 978 appulit,
3185 908 3280 962 ubi
3338 908 3412 962 ab
3446 908 3815 980 imperatore,

2168 997 2264 1067 qui
2299 995 2506 1051 classis
2540 1002 2870 1068 spectanda!
2918 996 3105 1065 gratia
3163 998 3376 1061 aderat,
3419 1014 3550 1068 quae
3598 997 3658 1053 in
3689 1013 3810 1053 rem

2168 1086 2287 1141 fore
2335 1086 2670 1142 viderentur
2727 1089 2985 1151 edoctus,
3041 1087 3215 1143 biduo
3275 1092 3402 1158 post
3454 1088 3630 1155 Crela,
3687 1104 3814 1159 quas

2166 1174 2318 1229 circa
2349 1176 2584 1230 Sestum
2609 1185 2664 1229 et
2689 1176 2942 1245 Abydum
2962 1182 3122 1243 sunt,
3142 1177 3418 1247 pervenit,
3443 1188 3491 1231 ει
3521 1177 3813 1232 Romanas

2165 1266 2593 1337 auxiliaresque
2619 1269 2816 1335 capias
2840 1268 2951 1321 sibi
2973 1268 3302 1338 assignatas
3323 1268 3656 1322 triremibus
3698 1268 3811 1322 im-

2164 1354 2346 1423 ponit.
2382 1355 2521 1409 Inde
2552 1357 2693 1410 dum
2729 1355 2997 1410 secundis
3046 1355 3263 1410 ventris
3312 1359 3559 1427 Cyprum
3612 1372 3813 1410 versus

2163 1444 2414 1513 navigat,
2473 1442 2531 1498 in
2590 1460 2689 1500 sex
2750 1445 3164 1515 speculatrices
3221 1461 3396 1499 naves
3454 1446 3526 1499 ab
3578 1444 3812 1515 [Egypti

2163 1536 2374 1585 Amera
2433 1530 2646 1586 missas
2708 1534 2961 1599 incidit;
3015 1550 3263 1604 quarum
3317 1533 3543 1589 duabus
3601 1532 3809 1603 captis,

2162 1625 2415 1691 quatuor
2447 1622 2679 1692 reliqua:
2733 1621 2965 1677 eminus
3020 1623 3336 1678 accelerato
3387 1639 3564 1678 cursu
3608 1637 3810 1678 evase-

2160 1714 2316 1764 runt.

400 1789 597 1857 στόλος
629 1795 657 1848 6
687 1795 997 1868 Ῥωμαϊκὸς
1029 1796 1447 1872 συγκεκρότητο.
1482 1799 1613 1854 Μετ’
1646 1796 1707 1851 ού
1737 1795 1882 1852 πολὺ
1932 1793 1988 1851 δὲ
2035 1794 2124 1850 καὶ
2168 1796 2327 1859 αὐτὸς
2380 1799 2407 1852 6
2457 1797 2895 1875 Κοντυστέφανος
2930 1795 3123 1869 ἔξεισιν
3165 1799 3285 1873 (ἦγε
3334 1796 3391 1853 δὲ
3428 1800 3553 1853 τότε
3597 1796 3799 1872 ὀγδόην

407 1884 516 1955 μὴν
547 1884 577 1938 ὁ
612 1882 887 1951 Ἰούλιος),
926 1884 1016 1939 καὶ
1046 1883 1112 1954 δὴ
1144 1885 1281 1960 πρὸς
1310 1885 1371 1940 τὸ
1405 1880 1711 1942 Μελίϐοτον
1751 1888 2066 1965 καταχθεὶς,
2100 1885 2189 1939 καὶ
2244 1887 2388 1961 παρὰ
2426 1892 2522 1941 τοῦ
2568 1886 2837 1962 βασιλέως
2886 1888 3057 1942 ἐκεῖσε
3111 1887 3420 1964 ἀφιγμένου
3469 1891 3660 1951 θεατοῦ
3708 1889 3805 1940 τοῦ

398 1970 595 2028 στόλου
622 1973 689 2028 τὰ
715 1975 854 2048 πρὸς
888 1974 950 2029 τὸ
982 1970 1138 2049 ἔργον
1167 1975 1490 2053 ὓιρηγηθεῖς,
1529 1976 1664 2047 μετᾶ
1717 1973 1812 2029 δύο
1860 1974 2070 2050 ἡμέρας
2121 1974 2395 2050 ἀνάγεται,
2441 1977 2531 2031 καὶ
2584 1977 2871 2051 κατάγεται
2922 1978 2999 2041 εἰς
3036 1977 3103 2032 τὰ
3147 1977 3346 2048 Κοῖλα,
3393 1981 3563 2032 ταῦτα
3612 1974 3679 2044 δὴ
3726 1975 3794 2030 τὰ

396 2065 515 2137 περὶ
577 2064 790 2133 Σηστόν
845 2083 904 2118 τε
940 2063 1030 2118 καὶ
1088 2058 1350 2129 Ἄϐυδον,
1409 2063 1499 2118 καὶ
1545 2062 1786 2134 ἐντίθησι
1833 2070 1953 2127 ταῖς
2010 2065 2256 2139 τριήρεσι
2296 2064 2458 2119 τὸέκ
2515 2066 2840 2139 Ῥωμαϊκῶν
2899 2067 2987 2122 καὶ
3047 2066 3270 2121 ἐθνικῶν
3330 2065 3465 2120 ἰλῶν
3508 2065 3794 2138 ἀποκριθὲν

396 2152 485 2207 καὶ
540 2149 846 2228 παραδοθὲν
907 2153 959 2207 οἱ
1020 2154 1347 2227 στράτευμα.
1407 2155 1480 2209 Τὸ
1536 2150 1584 2207 δ’
1643 2152 1905 2218 ἐντεῦθεν,
1963 2152 2037 2206 ὡς
2088 2159 2152 2228 ςέν
2213 2154 2278 2208 τὸ
2318 2159 2531 2228 πνεῦμα
2569 2156 2734 2234 φορὸν
2772 2157 2862 2210 καὶ
2904 2153 3109 2230 οὔριον*
3151 2156 3217 2211 τὰ
3255 2157 3570 2231 πρυμνήσια
3632 2154 3800 2216 λύσας

392 2243 483 2297 καὶ
538 2243 606 2297 τὰ
657 2243 805 2297 ἱστία
844 2240 1166 2305 διαπετάσας
1212 2245 1315 2309 τήν
1360 2241 1413 2305 ἐς
1462 2241 1676 2317 Κύπρον
1715 2240 2110 2317 παρανελέγετο
2167 2242 2449 2307 κόλευθον.
2514 2246 2665 2300 Κατὰ
2724 2244 2781 2299 δὲ
2816 2248 2909 2301 τὸν
2971 2245 3141 2300 πλοῦν
3216 2251 3410 2301 τοῦτον
3493 2242 3550 2315 ἕξ
3608 2241 3806 2319 ἐγκύρ-

394 2351 486 2392 σας
515 2330 701 2387 ναυσὶν
735 2326 798 2393 ἃς
859 2333 888 2386 6
944 2338 1044 2401 τῆς
1101 2330 1382 2408 Αἰγύπτου
1432 2333 1649 2406 ἀμηρᾶς
1708 2331 2012 2410 ἐπεπόμφει
2056 2331 2193 2406 πρὸς
2232 2333 2660 2404 κατασκόπησιν,
2699 2336 2796 2396 τὰς
2859 2335 2952 2407 μὲν
3023 2333 3118 2390 δύο
3169 2330 3464 2390 συλλαϐῶν
3512 2334 3676 2408 εἶχεν·
3746 2333 3802 2386 αἱ

395 2415 442 2473 δ’
471 2417 658 2487 ἄλλαι,
690 2417 749 2474 αἳ
782 2420 871 2474 καὶ
906 2420 983 2492 μὴ
1017 2418 1330 2495 ἀγχώμαλα
1360 2421 1450 2475 τὸν
1478 2419 1651 2476 πλοῦν
1686 2420 1943 2491 ἐτίθεντο,
1975 2412 2422 2500 καταταχήσασαι
2458 2420 2953 2494 διαδιδράσκουσιν.

470 2508 512 2570 ς“
564 2508 949 2581 Προσωκείλας
998 2504 1056 2563 δὲ
1112 2513 1181 2581 τῇ
1244 2507 1441 2583 Κύπρῳ
1493 2511 1593 2580 τήν
1649 2506 1824 2589 ἄφιξιν
1880 2510 2038 2565 αὐτοῦ

2224 2515 2276 2567 6.
2308 2514 2393 2567 Ad
2435 2514 2682 2586 Cyprum
2735 2516 3020 2585 appulsus
3081 2516 3198 2585 regi
3253 2532 3426 2571 suum
3486 2516 3797 2570 adventum

401 2595 687 2666 παρίστησι
714 2601 794 2668 τῷ
838 2595 987 2671 ῥηγὶ,
1042 2597 1131 2651 καὶ
1190 2600 1504 2653 πυνθάνεται
1564 2600 1699 2673 πρὸς
1753 2600 1863 2671 ὅτῳ
1919 2594 2037 2674 ἔχει

400 2683 492 2738 τὸν
518 2688 641 2738 νοῦν
670 2684 890 2752 ἐκεῖνος,
915 2687 1005 2740 καὶ
1039 2685 1085 2740 εἰ
1143 2692 1438 2762 προτμενεῖ
1490 2686 1649 2742 αὐτὸν
1694 2689 1768 2749 εἷς
1820 2689 2033 2761 Κύπρον

401 2770 439 2844 ἤ
468 2776 567 2843 τήν
599 2774 686 2831 ἐπὶ
713 2777 1113 2853 Ἰεροσολύμων
1171 2776 1441 2854 βαδιεῖται
1490 2780 1668 2843 οὗτος.
1720 2781 1781 2837 Ὁ
1825 2777 1883 2835 δὲ
1934 2781 2035 2855 ῥὴξ

398 2865 535 2921 κατὰ
562 2868 653 2922 τὸν
684 2869 1004 2941 Ἐπιμηθέα,
1036 2870 1081 2942 ᾧ
1108 2871 1172 2925 τὸ
1201 2871 1296 2943 μὲν
1349 2870 1533 2944 μέλειν
1581 2870 1679 2925 οὐκ
1730 2870 1864 2925 εἶναί
1908 2892 2033 2948 φασι

392 2956 457 3011 τὸ
490 2952 547 3010 δὲ
574 2956 920 3031 μεταμέλειν,
994 2959 1083 3014 καί
1164 2958 1315 3033 μάλα
1385 2962 1487 3029 τὴν
1561 2958 1786 3035 καρδίαν
1866 2960 2032 3033 μέσην

388 3045 707 3119 ἐπλήττετο,
759 3048 844 3105 ὅτι
893 3051 1203 3126 συναρηξειν
1258 3050 1403 3113 ὅλως
1465 3051 1681 3127 βασιλεῖ
1724 3052 2032 3106 κατένευσεν

385 3138 423 3207 ἤ
457 3141 586 3215 γοῦν
620 3137 899 3215 ἐπώτρυνε
925 3141 1025 3207 τὴν
1063 3142 1181 3195 κατ’
1228 3140 1544 3216 Αἰγυπτίων
1600 3139 1909 3215 μελετῶντα
1950 3141 2034 3195 κί·

339 3294 345 3299 η
383 3247 555 3296 νησιν.
590 3229 685 3301 Τῷ
715 3248 804 3282 τοι
840 3227 932 3283 καὶ
979 3223 1411 3303 ἀναϐαλλομένῳ
1460 3229 1618 3302 ἐῴκει
1666 3230 1754 3285 καὶ
1804 3250 2034 3284 σκεπτο-

390 3316 533 3389 μένῳ
563 3314 842 3379 πολλάκις
872 3317 935 3373 τὸ
968 3317 1249 3389 ποιητέον.
1287 3319 1414 3393 Ὀψὲ
1445 3315 1491 3373 δ’
1522 3317 1614 3373 οῦν
1658 3318 1909 3393 σημαίνει
1957 3324 2036 3392 τῷ

384 3403 721 3480 Ἀνδρονίκῳ
747 3409 849 3477 τήν
904 3405 992 3463 ἐπί
1038 3408 1439 3481 Ἱεροσολύμων
1490 3406 1688 3480 ’ίεσθαι,
1742 3409 1818 3472 ὡς
1867 3408 2037 3464 ἐκεῖσε

391 3493 730 3557 συνελθόντες
809 3492 1294 3572 συνδιασκέψωνται
1369 3497 1671 3576 ἀμφότεροι
1746 3498 1777 3553 6'
1842 3503 2038 3563 κοινῶς

388 3579 796 3655 διαπράξονται.
852 3588 989 3660 Εἶχε
1044 3585 1221 3641 τοίνυν
1285 3589 1320 3657 ἡ
1385 3588 1477 3659 μὲν
1538 3586 1866 3658 Παλαιστίνη
1942 3589 2033 3641 τὸν

392 3672 851 3749 Κοντοστὲφανον,
879 3674 970 3729 τὸν
1022 3672 1069 3729 δ’
1126 3677 1416 3753 Ἀμέριγον
1473 3677 1626 3741 αὗθις
1672 3679 1708 3746 ἡ
1766 3675 2037 3749 μέλλησις

390 3761 480 3815 καὶ
546 3762 574 3817 6
644 3761 959 3835 μετάμελος
1024 3762 1199 3826 πολὺς
1264 3762 1578 3842 ἐγκείμενος
1645 3764 1875 3841 ὑπὲτυφε
1935 3766 2033 3834 τήν

385 3851 592 3946 ψυχην.
633 3848 920 3946 Πολλαλδὶ
950 3852 1039 3946 καὶ
1070 3850 1569 3946 ἅλλαΔΠάτροκλον
1601 3854 1870 3932 πρόφασιν
1895 3874 2034 3930 προε-
2064 3879 2107 3946 C

380 3939 547 4002 τιθεῖς
580 3943 715 4013 (98),
759 3936 911 3994 οὐδὲν
951 3940 1115 4010 ἧττον
1157 3939 1245 3996 ἐπὶ
1284 3946 1416 3997 πᾶσι
1480 3941 1569 3998 καὶ
1624 3944 1723 4012 τήν
1777 3948 1887 3998 τῶν
1950 3943 2029 3997 οἱ-

383 4028 541 4083 κείων
619 4029 1040 4101 πρατευμᾶτων
1115 4026 1503 4103 προύϐάλλετο
1578 4030 1861 4109 συλλογήν
1915 4033 2031 4088 Ἀν-

383 4112 631 4188 δρόνικος
673 4113 722 4171 δ’
760 4116 849 4173 ἐπὶ
887 4117 1107 4182 τούτοις
1144 4117 1351 4193 ἤχθετο
1394 4121 1488 4192 μὲν
1528 4124 1627 4175 τοῦ
1694 4125 1886 4193 καιροῦ
1938 4141 2035 4191 τη-

381 4203 597 4269 νᾶλλως
642 4204 1104 4283 ἐκμετρουμὲνου,
1156 4209 1321 4283 οὗπερ
1363 4206 1464 4263 οὒκ.
1507 4210 1573 4279 ἧν
1624 4210 1862 4273 εἰσαῦθις
1913 4208 2030 4263 ἐπι-

382 4290 640 4361 λαϐέσθαι
672 4296 748 4359 ὡς
794 4291 936 4368 μηδέ
980 4300 1261 4370 κομῶντος
1311 4295 1605 4368 ἐξόπισθεν·
1661 4299 1954 4372 ὑπέθραττε
1985 4295 2030 4351 δ’

383 4381 541 4439 αὐτὸν
602 4383 875 4447 πλειόνως
916 4385 944 4439 ὁ
981 4389 1080 4441 τοῦ
1138 4390 1392 4443 ναυτικοῦ
1448 4385 1829 4463 πληρώματος
1878 4389 2031 4462 ὀψω-

378 4475 609 4547 νιασμὸς
702 4472 955 4545 διακενῆς
1011 4475 1403 4550 ἂναλούμενος.
1487 4479 1549 4535 Ὀ
1605 4479 1709 4554 γὰρ
1771 4477 2029 4553 βασιλεὺς

378 4566 544 4636 τριῶν
614 4568 799 4638 μηνῶν
856 4568 936 4636 τῷ
976 4560 1158 4639 στόλῳ
1216 4568 1522 4641 σιτηρέσιον
1565 4564 1929 4643 ἐπεμέτρησεν
1971 4567 2031 4623 ἐκ

379 4653 477 4705 τοῦ
510 4651 824 4728 Αὐγούστου
867 4654 1039 4726 μηνὸς
1070 4655 1387 4729 ἀρξάμενος·
1421 4656 1490 4725 ἦν
1524 4652 1580 4711 δὲ
1607 4656 1733 4711 τότε
1777 4655 1966 4731 λήγων
1999 4657 2028 4711 6

378 4737 770 4817 Σεπτέμϐριος.
820 4743 948 4799 Ἐπὶ
1008 4740 1054 4797 δ’
1112 4740 1285 4799 ἐδόκει
1331 4743 1601 4821 ἀπαίρειν,
1646 4745 1746 4813 τήν
1800 4742 1889 4799 διὰ
1931 4747 2029 4817 E1;-

378 4833 468 4903 ρᾶς
509 4830 729 4906 πορείαν
773 4830 940 4908 6
995 4837 1092 4886 τοῦ
1153 4832 1444 4896 θαλαττίου
1503 4834 1794 4908 προτίθησι
1855 4832 2025 4903 πλοῦ,

373 4917 463 4973 καὶ
543 4918 882 4994 Ἀνδρονίκῳ
938 4919 1137 4976 ούτωσί
1190 4926 1363 4976 ποιεῖν
1430 4921 1742 4993 ὑποτίθησι,
1805 4922 2024 5000 φάσκων

374 5007 764 5085 εὐμαρεστέραν
797 5005 993 5065 εὶδέναι
1025 5010 1229 5082 ταύτην
1266 5009 1468 5085 πολλῷ
1515 5012 1607 5067 καί
1662 5012 2023 5087 ἀπαθεστέραν

372 5100 457 5171 τῷ
528 5095 798 5174 ἑλομένῳ,
872 5100 968 5155 καὶ
1041 5099 1117 5164 ὦς
1192 5098 1391 5157 ἐσεῖται
1469 5099 1583 5176 ἅμα
1633 5101 1808 5165 οὕτως
1846 5100 2024 5182 σφίσιν

1550 5212 1591 5225 κ

2154 2602 2403 2667 nuntiat,
2436 2602 2709 2673 illiusque
2739 2606 3084 2659 sententiam
3134 2604 3402 2674 exquirit,
3446 2612 3642 2657 utrum
3675 2603 3801 2671 ipse

2152 2690 2209 2744 in
2242 2689 2497 2761 Cyprum
2531 2695 2722 2746 venire
2754 2709 2826 2746 an
2886 2709 2948 2747 se
3000 2694 3399 2763 Hierosolyma
3451 2693 3532 2746 ire
3574 2689 3799 2746 malit?

2151 2780 2223 2834 At
2244 2796 2341 2834 rex
2364 2779 2682 2849 Epimethei
2709 2797 3057 2851 more,quem
3085 2789 3207 2851 post
3234 2781 3451 2835 factum
3475 2778 3799 2835 deliberare

2150 2868 2336 2934 aiunt,
2364 2884 2495 2924 cum
2535 2867 2703 2939 plane
2753 2870 3118 2939 paenituisset
3160 2870 3315 2940 quod
3360 2885 3420 2923 se
3460 2867 3795 2937 imperatori

2151 2973 2320 3028 opem
2357 2957 2603 3013 laturum
2642 2958 3001 3027 promisisset
3032 2963 3206 3029 atque
3232 2959 3358 3028 ejus
3403 2957 3797 3027 [Egyptiacam

2150 3046 2571 3117 expeditionem
2608 3048 3013 3119 approbasset,
3048 3062 3397 3118 magnopere
3433 3046 3587 3102 2I0
3619 3061 3799 3115 ange-

2151 3137 2342 3192 batur.
2377 3137 2622 3192 Proinde
2654 3154 2775 3193 rem
2811 3137 3209 3209 procrastiual,
3241 3154 3305 3192 ac
3364 3136 3608 3192 subinde
3656 3135 3797 3206 quid

2151 3228 2444 3298 agendum
2477 3226 2549 3282 sit
2580 3226 2875 3282 deliberat.
2931 3228 3190 3282 Tandem
3238 3227 3638 3282 Andronicum
3666 3225 3798 3280 Hie-

2150 3317 2445 3391 rosolyma
2476 3322 2741 3385 accersit,
2776 3327 2835 3374 ut
2870 3320 2946 3374 ibi
3000 3321 3059 3375 in
3119 3336 3432 3375 commune
3469 3317 3797 3375 consulant.

2150 3407 2273 3474 Quo
2305 3423 2439 3463 cum
2492 3408 2856 3463 Andronicus
2905 3409 3182 3476 venisset,
3241 3411 3545 3476 Ameripus
3606 3408 3797 3463 denuo

2150 3502 2480 3564 cunctatur,
2512 3503 2568 3552 et
2600 3498 2933 3569 pcenitenlia
2962 3499 3336 3554 vehementer
3353 3505 3604 3553 aestuans
3637 3496 3794 3553 aliud

2150 3590 2325 3656 atque
2360 3587 2516 3641 aliud
2577 3593 2833 3656 excusat,
2893 3602 3246 3657 suarumque
3300 3586 3598 3658 legionum
3654 3602 3799 3641 con-

2150 3675 2511 3730 vocationem
2534 3683 2827 3731 causatur.
2853 3678 3222 3732 Andronicus
3250 3691 3379 3731 eam
3405 3691 3627 3730 moram
3666 3684 3788 3728 tum

2151 3763 2223 3818 ob
2252 3764 2721 3835 irrecuperabilis
2753 3766 3073 3821 occasionis
3106 3767 3452 3836 neglectum,
3486 3768 3609 3818 tum
3656 3779 3793 3818 vero

2150 3858 2388 3924 prapter
2405 3855 2619 3908 frustra
2640 3854 2939 3925 insumpta
2958 3855 3015 3909 in
3039 3854 3288 3909 classem
3314 3852 3600 3924 stipendia
3644 3868 3791 3920 aegre

2145 3942 2387 4009 ferebat,
2420 3958 2547 4014 quas
2575 3943 2885 4013 imperator
2935 3944 3002 3998 ad
3065 3948 3180 3998 tres
3234 3957 3463 3997 menses
3514 3941 3791 3995 duntaxat

2146 4036 2502 4096 numeraret,
2532 4030 2605 4087 ab
2634 4032 2894 4102 Augusto
2942 4031 3291 4103 auspicatus,
3346 4046 3477 4085 cum
3527 4030 3788 4099 Septem-

2145 4119 2248 4175 ber
2279 4128 2401 4176 tum
2433 4119 2634 4176 exiret.
2667 4125 2804 4175 Cum
2862 4126 3053 4175 autem
3098 4136 3193 4175 rex
3217 4123 3480 4176 terrestre
3510 4118 3615 4174 iter
3660 4123 3787 4173 tum

2145 4218 2210 4267 ut
2240 4212 2609 4268 commodius
2661 4216 2720 4266 et
2777 4209 2958 4266 tutius
3017 4211 3376 4284 navigationi
3417 4210 3787 4282 praetulisset,

2142 4304 2267 4357 tum
2301 4302 2456 4372 quod
2489 4301 2678 4355 obiter
2705 4300 2956 4355 'l‘unium
2987 4307 3045 4356 et
3067 4301 3392 4356 Tcnebium
3418 4317 3596 4371 pagos
3623 4300 3785 4354 aditu

2144 4390 2343 4446 faciles
2391 4391 2535 4447 etin
2590 4389 2831 4461 planitie
2886 4389 3050 4457 sitos,
3110 4406 3358 4461 quorum
3428 4389 3789 4444 habitatores

2142 4479 2456 4536 Christiani
2486 4481 2749 4551 plerique
2780 4478 3037 4534 nominis
3067 4478 3296 4550 [Βαγρὶὶ
3349 4479 3571 4533 Americ
3623 4493 3789 4548 pare-

2142 4568 2820 4640 rent,occupareliceret,
2853 4567 3226 4622 Andronicus
3267 4566 3420 4638 regis
3474 4565 3786 4620 consilium

2140 4659 2420 4729 sequitur.
2452 4658 2755 4728 lnterjecto
2805 4657 3011 4713 itinere
3067 4655 3212 4712 citra
3268 4654 3598 4711 molestiam
3656 4670 3789 4709 con-

2140 4747 2311 4815 fecto,
2342 4750 2400 4802 et
2429 4746 2687 4802 castellis
2718 4763 2842 4817 quae
2870 4744 3143 4816 diximus,
3175 4744 3330 4817 quod
3380 4744 3541 4814 justo
3590 4743 3785 4815 praasi-

2138 4836 2234 4892 dio
2262 4837 2408 4891 2“
2466 4852 2582 4892 non
2642 4837 2869 4891 munita
2924 4842 3113 4906 erant,
3175 4836 3234 4890 in
3295 4834 3650 4891 deditionem
3689 4850 3783 4891 ac-

2143 4926 2717 4996 ceptis,pergunt;ei
2745 4940 2876 4979 cum
2903 4923 3108 4993 classe,
3140 4940 3264 4995 qum
3299 4926 3419 4996 jam
3445 4924 3515 4979 ad
3555 4925 3785 4979 Tamia-

2137 5013 2306 5069 thum
2331 5013 2653 5085 appulerat,
2683 5012 2979 5083 congressi
3025 5018 3369 5070 Sarracenos
3395 5013 3539 5068 urbe
3568 5013 3785 5069 effusos

2138 5103 2429 5176 intrepida
2458 5103 2582 5160 acie
2610 5104 2696 5160 sic
2726 5108 3101 5176 exceperunt,
3133 5108 3199 5159 ut
3253 5119 3389 5160 cum
3436 5101 3689 5159 clamore
3727 5106 3786 5158 et

1777 5258 1934 5316 Hier.
1965 5257 2162 5315 Wolﬁi
2190 5264 2369 5317 notas.

445 5408 552 5490 (98)
579 5404 906 5490 Πάτροκλον
934 5409 1207 5490 πρόφασιν
1253 5411 1553 5490 προτιθείς.
1597 5413 1736 5490 Vide
1762 5413 2023 5490 __Erasmi

378 5480 735 5551 Ch'iliadem';
762 5480 1092 5554 quanquam
1134 5480 1307 5541 haud
1344 5486 1466 5541 scio
1523 5503 1597 5541 an
1655 5486 1725 5541 ad
1761 5486 2021 5543 Homeri-

381 5567 510 5629 cum
537 5552 826 5629 Achillem
869 5552 1183 5629 aliudatur,
1243 5558 1345 5629 qui
1403 5558 1632 5614 savitiaa
1680 5573 1796 5613 sua
1835 5563 2025 5614 Patro-

386 5623 457 5680 eli
482 5628 693 5687 eadem
725 5626 1098 5702 praetexebat,
1129 5623 1281 5688 οπω-
1321 5628 1476 5687 hosti
1540 5633 1789 5689 mortem
1815 5630 2023 5703 depre-

2132 5415 2289 5472 canti
2320 5413 2666 5487 respondet:

2134 5559 2373 5633 Κάτθανε
2421 5558 2513 5614 καὶ
2566 5555 2883 5633 Πάτροκλος
2936 5554 2967 5609 ὅ
3007 5575 3090 5633 τις
3139 5555 3226 5633 σέμο
3268 5555 3464 5633 πολλῷ
3515 5554 3773 5629 ἀμείνων.

2136 5632 2350 5698 Occidit
2384 5636 2439 5691 et
2458 5628 2748 5690 Patroclus
2775 5631 2873 5702 qui
2905 5636 2957 5686 te
2983 5628 3278 5688 virtutibus
3316 5632 3505 5685 anteit.
