4140 6290
311 339 431 402 807

1636 335 1946 398 ΝΙΟΕΤΕ
1986 334 2408 398 ΟΗΟΝΙΑΤΛΕ

3608 333 3728 395 508

308 472 590 541 tumultu,
621 472 717 529 vix
747 472 981 544 aspectu
1037 470 1427 527 Romanorum
1484 468 1750 539 tolerato,
1807 468 1961 524 intra

2092 466 2126 537 ὶξ
2202 465 2399 535 ἐφόδου
2472 468 2562 522 καὶ
2636 469 2785 541 πάρει
2811 486 2906 543 γον
2982 462 3113 522 ὁδοῦ
3169 464 3619 541 παραστήσασθαι
3667 463 3733 519 τὸ

314 569 513 635 portas
544 559 963 632 refugerent.ld
988 577 1054 617 ea
1074 560 1170 616 die
1193 560 1405 616 factum
1433 576 1548 631 qua
1603 563 1661 615 et
1702 559 1971 614 triremes

321 653 516 709 Nilum
552 656 690 707 sunt
720 651 1014 721 ingressas,
1060 655 1118 706 et
1172 668 1270 706 rex
1327 652 1501 721 pedes
1560 651 1761 705 eodem
1794 648 1970 704 venit.

324 741 615 799 Postridie
648 739 951 797 Sarraceni
1012 740 1199 796 denuo
1250 743 1663 809 convenerunt,
1698 754 1828 795 cum
1857 740 1969 792 Ro-

320 831 513 889 manis
540 833 599 887 in
623 848 829 902 campo
858 832 1096 887 sinuoso
1155 836 1212 887 et
1268 830 1476 887 leniter
1520 832 1591 887 ad
1627 846 1857 886 murum
1890 829 1975 884 in-

320 922 465 978 ﬂexo
488 920 845 977 dimicaturi.
872 922 979 977 Sed
1001 937 1072 977 ne
1094 924 1218 976 tum
1237 921 1474 992 quidem
1508 920 1591 976 eis
1615 919 1973 975 restiterunt.

313 1011 453 1069 Nam
489 1012 569 1067 ita
601 1011 960 1084 pugnabant,
995 1014 1061 1066 ut
1090 1010 1328 1080 paulum
1371 1028 1405 1066 a
1437 1009 1619 1082 portis
1680 1007 1974 1081 progressi

319 1117 615 1174 nusquam
649 1118 680 1157 a
712 1099 1145 1156 munitionibus
1177 1099 1563 1157 discederent.
1583 1099 1855 1156 Romanis
1883 1114 1978 1153 au-

320 1198 440 1249 tem
475 1190 861 1259 irruentibus,
896 1189 1147 1245 salutem
1181 1190 1318 1263 luga
1349 1205 1606 1262 quaerere
1626 1187 1884 1245 contenti
1914 1187 1973 1242 in

323 1286 522 1355 portas
554 1282 989 1348 irruunt,suam
1017 1278 1366 1351 phalangem
1392 1280 1662 1336 hostibus
1685 1292 1976 1351 opponere

324 1389 438 1428 non
473 1370 691 1426 ausi.ld
716 1387 819 1441 per
849 1369 974 1425 dies
1014 1368 1348 1441 complures
1400 1370 1642 1424 factum.
1697 1366 1859 1431 Quod
1910 1383 1977 1423 eo

323 1460 675 1533 pertinebat,
708 1469 771 1514 ut
801 1475 895 1515 res
932 1458 1212 1524 ostendit,
1270 1461 1336 1512 ut
1392 1457 1639 1513 Romani
1680 1472 1833 1512 vana
1873 1472 1977 1527 spe

325 1550 512 1607 inflati
546 1553 788 1621 tempus
813 1552 1086 1604 tererent.
1122 1548 1275 1605 212
1314 1546 1637 1618 Aliquando
1692 1553 1818 1616 post
1861 1551 1976 1601 An-

329 1639 608 1696 dronicus
643 1655 839 1694 muros
871 1637 1042 1693 ferire
1072 1637 1349 1693 arietibus
1380 1653 1494 1693 non
1525 1637 1654 1692 sine
1699 1636 1895 1692 labore
1923 1639 1980 1691 et

326 1729 590 1801 periculo
620 1726 967 1800 cmpit.Nam
1002 1726 1235 1782 Berbari
1265 1741 1364 1782 eos
1398 1725 1497 1797 qui
1537 1725 1837 1781 machinas
1885 1725 1980 1780 ad-

2074 555 2292 611 Τούνιόν
2324 576 2383 611 τε
2411 555 2500 610 καὶ
2531 556 2593 610 τὸ
2621 555 2895 613 Τενέσιον.
2929 553 3005 609 Τὰ
3043 551 3101 608 δέ
3150 551 3261 609 ἔστι
3306 549 3600 626 κωμύδρια
3650 554 3731 623 τῷ

2076 650 2174 712 τῆς
2209 646 2486 719 Αἰγύπτου
2526 644 2715 718 ἀμηρᾷ
2779 644 3195 709 καθυπείκοντα,
3259 641 3322 697 ού
3383 637 3732 716 δυσπρόσοδα

2078 732 2202 789 οὐδὲ
2233 730 2569 808 δυσέμϐολα,
2596 732 2721 790 ἀλλ’
2761 732 2843 810 ἐφ’
2874 733 3069 789 ὑπτίου
3106 732 3327 807 κείμενα
3372 729 3591 802 πεδίου,
3640 730 3729 785 καὶ

2076 832 2205 894 τοὺς
2236 832 2526 896 πλείστους
2567 837 2675 888 τῶν
2724 830 2990 887 κατοίκων
3042 826 3245 907 ἔχοντα
3290 829 3728 906 γνωριζομένους

2079 920 2132 992 ἐξ
2163 921 2433 995 ὀνόματος
2460 925 2558 978 τοῦ
2596 924 2857 996 Χριστοῦ.
2896 921 2986 983 Ὦς
3030 918 3203 994 ἀγαθῇ
3234 924 3364 993 γοῦν
3414 922 3484 992 τῇ
3529 937 3729 992 παραι-

2081 1012 2235 1087 φάσει
2309 1015 2407 1067 τοῦ
2483 1010 2650 1088 ῥηγὸς
2724 1010 2961 1075 πεισθεὶς
3007 1006 3384 1082 Ἀνδρόνικος,
3441 1009 3502 1079 ἢν
3541 1008 3732 1083 ᾑρεῖτο

2081 1101 2262 1170 οὗτος,
2336 1098 2617 1176 ἐτράπετο.
2692 1102 2805 1170 Τὴν
2879 1096 2925 1154 δ’
3001 1098 3055 1154 ἐν
3128 1102 3208 1170 τῷ
3258 1098 3453 1171 μεταξὺ
3502 1096 3729 1172 πορείαν

2080 1189 2306 1253 ἀλύπως
2345 1190 2652 1258 ἀνύσαντες,
2707 1192 2788 1252 οἷς
2835 1186 3061 1260 εἷ’πομιν
3122 1186 3404 1262 φρουρίοις
3458 1179 3730 1262 προσέϐα.

2082 1280 2204 1351 λον,
2280 1279 2372 1335 καὶ
2447 1278 2748 1354 ὁμολόγως
2821 1278 2960 1334 αὐτὰ
2997 1278 3423 1354 χειρωσάμενοι,
3474 1275 3560 1331 ὅτι
3604 1272 3737 1349 μηδ’

2085 1380 2241 1454 εἶχον
2270 1375 2483 1443 ἔνδοθεν
2514 1377 2820 1455 ἀξιόμαχον
2856 1373 3079 1450 δύναμιν
3111 1377 3203 1430 καὶ
3243 1380 3405 1450 χεῖρα
3435 1372 3620 1442 ἰκανήν
3656 1372 3737 1435 εἷς

2084 1467 2380 1523 ἀντίπαλον
2426 1472 2622 1543 μοῖραν
2662 1470 2891 1545 χωρεῖν,
2929 1469 3027 1521 τοῦ
3066 1463 3257 1541 πρόσω
3304 1462 3548 1538 εἲχοντο.
3624 1460 3732 1519 Καὶ

2086 1557 2151 1629 δὴ
2184 1563 2263 1631 τῷ
2303 1557 2485 1631 στόλῳ
2542 1558 2905 1633 συμμίξαντες
2954 1553 3064 1627 ἤδη
3113 1557 3212 1620 τὰς
3259 1557 3449 1617 κώπας
3495 1551 3584 1609 ἐπὶ
3638 1554 3738 1608 τοῦ

2084 1657 2361 1730 Ταμιάθου
2413 1656 2673 1736 σχάσαντι
2720 1654 2811 1711 καὶ
2875 1653 3208 1733 ἐφορμῶντι,
3274 1657 3393 1715 τοῖς
3458 1652 3564 1727 πρὸ
3635 1656 3741 1719 τῆς

2085 1742 2301 1806 πόλεως
2340 1742 2492 1805 εὐθὺς
2533 1741 2809 1818 ἐκχυθεῖσι
2872 1742 2964 1797 καὶ
3034 1743 3152 1814 μεθ’
3213 1737 3403 1795 ’ὁπλων
3458 1737 3738 1817 ἐποφθὲῖσι

333 1818 655 1883 movebant,
698 1833 946 1888 superne
966 1816 1242 1887 jaciendo
1272 1821 1330 1871 et
1376 1816 1509 1872 telis
1565 1814 1868 1884 grandinis
1913 1814 1973 1869 in

2093 1837 2431 1907 Σαρακηνοῖς
2463 1814 2886 1906 συμμίγνυνται.
2920 1830 3073 1886 Οὕτω
3106 1828 3153 1885 δ’
3209 1828 3503 1900 ἐξέπληξαν
3544 1814 3740 1890 αὖτοὺς

332 1909 570 1965 modum
604 1906 943 1979 ingerendis
971 1905 1044 1962 ab
1094 1922 1267 1978 opere
1324 1904 1717 1975 depellebaut,
1746 1903 1977 1975 aliaque

336 1996 932 2055 comminiscebantur
960 1995 1031 2050 ad
1065 1993 1343 2051 mcenium
1369 1993 1789 2050 defensionem.
1824 1992 1981 2051 Nihi-

340 2087 601 2144 lominus
630 2092 852 2157 partem
877 2085 1028 2141 muri
1057 2083 1284 2156 dejecit,
1316 2084 1375 2139 in
1407 2100 1522 2155 quo
1552 2083 1796 2141 celebris
1826 2082 1978 2140 sedes

334 2178 435 2234 Dei
464 2176 788 2233 Genetricis
817 2180 1106 2232 exstructa
1137 2179 1278 2231 erat.
1337 2173 1482 2230 Nam
1541 2173 1623 2231 ibi
1661 2174 1982 2230 narrabant

329 2268 485 2324 cives
503 2266 805 2338 Virginem
840 2265 1083 2321 Matrem
1111 2281 1242 2320 cum
1268 2280 1484 2336 sponso
1500 2263 1750 2335 Josepho
1783 2264 1979 2336 fugam

332 2361 577 2425 stitisse,
610 2374 743 2415 cum
779 2356 1396 2429 sanguinariiHerodis
1418 2355 1648 2412 motuin
1671 2359 1982 2426 Egyptum

334 2451 621 2522 fugerent.
654 2446 909 2502 Proinde
954 2445 1257 2502 Sarraceni
1316 2445 1609 2502 Romanos
1666 2446 1984 2501 irridehant

332 2544 391 2596 et
420 2536 817 2595 Andronicum
840 2535 1464 2605 insectabantur,quod
1492 2535 1598 2590 edi
1627 2550 1741 2590 non
1779 2551 1980 2607 peper-

333 2629 602 2689 cissetin
638 2645 756 2699 qua
802 2626 1116 2684 Christiani
1171 2627 1287 2682 Deo
1345 2643 1541 2698 preces
1599 2626 1869 2682 offerrent
1926 2628 1985 2681 et

329 2724 462 2777 vota
491 2717 855 2776 exsolverent
886 2723 943 2773 et
971 2734 1080 2773 sua
1138 2716 1414 2790 mysteria
1466 2720 1825 2788 peragerent.
1874 2718 1981 2773 Sed

329 2826 461 2865 cum
495 2826 566 2865 ne
592 2808 677 2865 sic
709 2807 944 2880 quidem
979 2808 1302 2879 quidquam
1334 2823 1404 2862 ex
1448 2806 1736 2861 sententia
1784 2823 1985 2862 succe-

337 2900 750 2971 deret,msjore
771 2900 993 2971 impetu
1018 2897 1212 2952 hostes
1232 2897 1591 2952 invadendos
1605 2900 1768 2952 ratus
1789 2912 1983 2967 regem

337 2990 503 3061 adiit,
535 2989 912 3046 vehementer
940 2988 1171 3043 instans
1199 2991 1260 3042 ut
1287 2991 1343 3042 et
1370 2986 1484 3058 ipsi
1528 2986 1653 3042 suis
1686 2987 1985 3059 pro.tuctis

333 3078 749 3153 capiisvurhem
783 3095 992 3134 corona
1025 3077 1323 3145 cingerent
1361 3084 1413 3131 et
1448 3075 1497 3130 si
1529 3091 1620 3131 res
1654 3074 1983 3131 facultatem

333 3167 576 3224 haberet
606 3169 781 3224 scalis
812 3167 1061 3223 admotis
1092 3166 1570 3223 conscenderent.
1605 3168 1659 3221 Is
1707 3181 1842 3220 vero
1877 3164 1986 3220 etsi

335 3256 670 3312 institutum
695 3264 751 3312 et.
772 3255 1141 3326 prudentiam
1173 3252 1489 3311 Andronici
1510 3253 1988 3315 collaudahat,ta—

335 3362 468 3402 men
495 3344 751 3401 salutare
773 3344 987 3400 Christi
1008 3343 1345 3415 sepulcrum
1369 3347 1616 3400 testatus
1637 3360 1700 3400 se
1721 3359 1846 3399 eam
1865 3359 1983 3398 rem

336 3434 502 3507 prius
525 3448 930 3505 aggressurum
957 3450 1086 3490 esse
1116 3433 1348 3505 negavit
1381 3450 1557 3505 quam
1592 3432 1800 3505 ligneas
1830 3433 1984 3490 218

337 3532 527 3580 turres
570 3523 1016 3589 fubricarentur,
1076 3540 1223 3593 quas
1284 3524 1579 3578 mcenibus
1636 3525 1981 3578 admoveret.

332 3612 636 3685 Jussitque
667 3611 887 3683 palmas
919 3611 1241 3668 suburbani
1271 3612 1466 3682 agriin
1497 3627 1631 3668 eum
1658 3627 1832 3668 usum
1856 3627 1985 3666 suo-

337 3702 473 3759 cidi.
507 3704 668 3770 Quod
704 3720 836 3759 cum
871 3702 1090 3759 factum
1123 3707 1300 3769 esset,
1331 3710 1518 3759 turres
1571 3702 1753 3759 nihilo
1797 3704 1987 3775 magis

338 3793 784 3848 exstruebantnr
814 3792 889 3848 ob
921 3792 1074 3865 regis
1093 3792 1673 3865 procrastinationem
1714 3796 1772 3849 et
1801 3792 1986 3861 tergi-

338 3882 745 3939 versationem.
781 3883 857 3938 Ea
914 3899 974 3938 re
1031 3882 1216 3939 tristis
1271 3883 1637 3940 Andronicus
1670 3882 1985 3939 exercitum

338 3971 734 4026 miserebatur
780 3973 906 4043 jam
963 3976 1294 4029 commeatu
1351 3972 1699 4029 destitutum
1748 3976 1806 4029 et
1839 3974 1990 4028 fame

338 4058 786 4131 periclitantem.
842 4060 988 4115 Nam
1048 4060 1142 4115 alii
1204 4076 1277 4115 ne
1334 4060 1571 4117 obolum
1632 4062 1870 4133 quidem
1915 4061 1990 4117 ad

337 4147 582 4203 emenda
611 4148 827 4202 cibaria
862 4148 1192 4218 habebant;
1226 4149 1322 4206 alii
1355 4150 1819 4222 indignabantur
1834 4151 1988 4222 quod

340 4235 634 4307 peculiare
668 4236 853 4292 forum
885 4254 1001 4293 non
1045 4237 1328 4295 habentes
1380 4257 1413 4295 a
1460 4240 1991 4297 frumentatoribus

341 4322 519 4396 regiis
551 4340 763 4397 magna
795 4327 1041 4397 pecunia
1063 4345 1270 4400 parum
1295 4328 1697 4401 impetrarent.
1735 4328 1801 4384 Et
1834 4329 1992 4384 mili-

342 4413 436 4469 tiae
466 4418 699 4487 tempus
722 4416 1077 4487 jampridem
1105 4417 1367 4489 elapsum
1399 4416 1665 4489 querelas
1706 4422 1764 4474 et
1809 4417 1991 4473 mole-

343 4503 486 4561 stias
519 4504 771 4561 militum
804 4506 1072 4579 augebat.
1107 4510 1169 4560 In
1203 4506 1410 4578 primis
1467 4512 1663 4562 tamen
1714 4507 1905 4562 inanis
1934 4509 1992 4561 et

2022 3223 2037 3267 ι
2054 3214 2058 3217 _

2091 1925 2354 1997 Ῥωμαῖοι
2385 1923 2475 1978 καὶ
2509 1920 2821 1996 διετάραξαν
2851 1925 2930 1993 τῷ
2961 1921 3251 1992 ἇποτοήτῳ
3277 1926 3379 1988 τῆς
3423 1915 3742 1991 ἀντιτάξεως

2092 2013 2166 2075 ὡς
2194 2010 2284 2066 σὺν
2327 2012 2431 2087 βοῇ
2483 2031 2541 2066 τε
2595 2011 2686 2066 καὶ
2740 2011 2969 2086 ταράχῳ
3017 2014 3393 2080 συνωοηθῆναι
3454 2006 3582 2062 εἲσω
3638 2027 3743 2061 πυ-

2094 2110 2228 2184 λων,
2264 2107 2404 2184 μηδὶ
2431 2111 2682 2184 καθαρῶς
2732 2103 3055 2183 ἀντιϐλέψαι
3107 2106 3281 2185 σφίσιν
3326 2107 3737 2179 ὑπενεγκόντας.

2092 2202 2195 2259 Καὶ
2226 2203 2387 2255 τοῦτο
2423 2200 2517 2274 μὶν
2551 2201 2697 2255 οὕτω
2743 2201 2841 2269 τῆς
2887 2199 3100 2274 ἡμέρας
3153 2196 3362 2268 ἐκείνης
3405 2193 3741 2272 πέπρακται,

2093 2292 2212 2355 καθ’
2242 2292 2309 2361 ἣν
2340 2290 2393 2345 αἱ
2428 2290 2521 2365 μὲν
2549 2293 2794 2364 τριήρεις
2834 2292 2912 2361 τῷ
2960 2286 3146 2361 Νείλῳ
3194 2284 3598 2363 προσώκειλαν,
3627 2287 3656 2341 ὁ
3687 2284 3746 2342 δὶ

2096 2381 2192 2455 ῥὴξ
2225 2384 2362 2454 πεζῇ
2393 2379 2744 2454 παρεγένετο·
2784 2384 2853 2455 τῇ
2889 2377 2937 2434 δ’
2970 2377 3222 2453 ὑστεραίᾳ
3273 2376 3439 2434 πάλιν
3469 2377 3522 2433 οἱ
3560 2384 3742 2455 Σαρα-

2093 2470 2253 2541 κηνοὶ
2330 2467 2855 2542 συμπλακησόμενοι
2927 2468 3228 2541 Ῥωμαίοις
3304 2464 3739 2537 συνεληλύθεσαν

2094 2560 2230 2614 κατᾶ
2265 2559 2328 2614 τὸ
2377 2559 2485 2633 πρὸ
2539 2565 2639 2627 τῆς
2678 2556 2895 2619 πόλεως
2942 2553 3229 2621 κολπῶδες
3265 2554 3452 2612 πεδίον
3487 2555 3579 2611 καὶ
3619 2554 3743 2610 ἐπι-

2095 2650 2307 2723 καμπὲς
2335 2649 2516 2721 ἠρέμα
2545 2648 2666 2722 περὶ
2701 2648 2763 2703 τὸ
2791 2653 2999 2722 τεῖχος.
3061 2645 3217 2715 Πλὴν
3268 2642 3394 2701 ούδὶ
3437 2646 3563 2701 τότε
3613 2644 3748 2703 Ῥω-

2099 2747 2293 2823 μαίους
2343 2746 2662 2818 ὑπέστησαν.
2698 2748 2821 2804 Τῶν
2865 2746 2971 2821 γὰρ
3014 2743 3203 2800 πυλῶν
3244 2744 3367 2799 ὅσον
3406 2744 3743 2820 ἀποσχόντες

2098 2838 2277 2913 βραχὺ
2307 2836 2395 2892 καὶ
2430 2833 2665 2909 μηδαμῆ
2691 2840 2788 2890 τοῦ
2846 2835 3312 2911 προτειχίσματος
3369 2833 3741 2913 ἀφιστάμενοι,

2099 2928 2245 2982 οὕτω
2278 2923 2540 2981 διετίθουν
2582 2925 2674 2981 τὸν
2707 2923 2982 2998 πόλεμον*
3043 2924 3118 2987 ὡς
3169 2921 3214 2979 δ’
3260 2922 3342 2979 ἐπ’
3391 2922 3583 2986 αὐτοὺς
3633 2920 3745 2999 ὥρ-

2100 3046 2274 3101 μηντο
2313 3026 2584 3098 Ῥωμαῖοι
2647 3022 2808 3098 μόνον
2834 3023 2897 3079 τὸ
2928 3023 3118 3078 παθεῖν
3164 3027 3343 3084 κακῶς
3390 3018 3732 3100 φυλαττόμε·

2096 3136 2182 3171 νοι
2220 3113 2495 3170 ἐνέκλινον
2539 3114 2615 3177 εἰς
2679 3113 2857 3192 φυγήν
2915 3112 3005 3166 καὶ
3059 3108 3149 3166 διά
3205 3115 3312 3166 τῶν
3368 3108 3555 3164 πυλῶν
3596 3107 3738 3162 είσε-

2099 3206 2311 3280 χέοντο,
2342 3205 2432 3277 μὴ
2476 3202 2744 3279 εὐθύωρον
2786 3204 2929 3278 ἄγειν
2974 3202 3049 3265 εἷς
3088 3201 3214 3264 τοὺς
3268 3198 3571 3273 πολεμίους
3629 3199 3729 3265 τὴν

2096 3294 2300 3350 ἑαυτῶν
2332 3290 2765 3368 ἀποθαρῥοῦντες
2793 3291 3066 3369 φάλαγγω
3099 3290 3187 3346 καὶ
3215 3294 3373 3346 τοῦτο
3401 3286 3491 3343 ἐπὶ
3518 3285 3737 3349 πολλὰς

2093 3382 2308 3460 ἡμέρας
2373 3381 2604 3460 ἐγίνετο.
2648 3384 2750 3439 Ἦν
2802 3379 2859 3437 δὲ
2915 3384 2950 3452 ἠ
3008 3380 3307 3457 στρατηγία
3372 3376 3506 3449 αὕτη
3570 3372 3740 3451 μηδὲν

2095 3471 2239 3529 ἄλλο
2272 3470 2563 3546 δυναμένη,
2600 3472 2674 3535 ὡς
2722 3468 3008 3539 δέδεικται,
3053 3471 3088 3539 ἢ
3145 3471 3454 3545 Ῥωμαίους
3509 3487 3748 3524 κατασο-

2096 3575 2366 3650 φίζεσθαι,
2398 3572 2548 3633 ’ὁπως
2581 3571 2697 3640 εἰκῆ
2727 3564 3179 3647 χρονοτριϐὦσιν,
3214 3567 3396 3624 ἐλπίσι
3432 3567 3508 3643 μὴ
3551 3572 3741 3640 περαι-

2096 3661 2350 3736 νομέναις
2392 3660 2831 3734 ὑποσυλώμενοι.
2872 3656 3101 3732 Ἀμέλει
3156 3679 3242 3713 τοι
3302 3656 3399 3721 τάς
3460 3653 3744 3718 ἐλεπόλεις

2096 3752 2149 3814 ἐς
2218 3750 2389 3807 νέωτα
2453 3750 2811 3827 προσαγαγὼν
2864 3750 2892 3803 ὁ
2953 3744 3296 3821 Ἀνδρόνικος
3345 3746 3447 3802 οὐκ
3504 3743 3745 3821 ἂμογητὶ

2096 3841 2186 3896 καὶ
2217 3837 2511 3903 ἀκινδύνως
2558 3840 2621 3895 τὸ
2673 3844 2860 3914 τεῖχος
2908 3832 3149 3892 ἔτυπτεν·
3205 3837 3257 3891 οἱ
3312 3836 3414 3911 γὰρ
3474 3829 3745 3909 βάρϐαροι

2095 3931 2222 3992 τοὺς
2299 3918 2763 4004 διαπειρωμένους
2836 3931 2944 3982 τῶν
3026 3945 3448 4001 μηχανηματων
3506 3917 3743 3979 ἔϐαλλον

2099 4018 2293 4094 ὑψόθεν
2321 4021 2413 4073 καὶ
2457 4022 2555 4073 τοῦ
2603 4013 2765 4094 ἔργου
2815 4013 3155 4082 ἀπεκώλυον,
3203 4013 3338 4087 βέλη
3396 4032 3454 4068 τε
3506 4008 3747 4091 νιφάδων

2100 4106 2340 4171 ἀφιέντες
2371 4106 2672 4178 πυκνότερα
2699 4104 2789 4159 καὶ
2837 4104 3282 4165 ἀντεπινοοῦντες
3324 4100 3391 4156 τὰ
3446 4105 3526 4173 τῷ
3572 4098 3746 4174 τείχει

2100 4198 2364 4270 σωτήρια.
2397 4196 2616 4272 ἰσχυσε
2647 4190 2704 4248 δὲ
2733 4191 2823 4248 καὶ
2855 4190 2998 4247 οὕτω
3028 4190 3235 4266 κόρσην
3273 4192 3589 4265 κατερεῖψαι
3639 4187 3747 4243 τεί-

2099 4307 2264 4364 χους,
2303 4286 2384 4365 ἐφ’
2424 4286 2485 4341 οὗ
2524 4281 2733 4355 κηῶδες
2789 4280 2975 4357 ἵδρυτο
3026 4279 3253 4355 τέμενος
3308 4282 3378 4353 τῇ
3437 4280 3748 4351 Θεομήτορι

2100 4386 2467 4459 ἀνακείμενον.
2534 4380 2730 4453 ᾝδετο
2788 4378 2845 4437 δὲ
2885 4386 3002 4442 τοῖς
3047 4380 3233 4443 ἀστοῖς
3273 4375 3384 4434 ἐκεῖ
3432 4397 3539 4432 που
3602 4375 3742 4432 παύ-

2101 4477 2415 4540 σασθαιτοῦ
2447 4472 2654 4528 πλάνου
2708 4471 2808 4540 την
2861 4469 3309 4545 μητροπάρθενον
3363 4464 3573 4538 σύναμα
3626 4465 3745 4521 Ἱωο

335 4592 514 4650 irritae
545 4594 867 4651 obsidionis
880 4553 1047 4652 intra
1067 4553 1982 4669 diesquinquaginta—prorogat;

2102 4566 2212 4642 σήφ
2241 4568 2320 4637 τῷ
2349 4564 2640 4637 μνήστορι,
2671 4558 2835 4616 ὁπότε
2878 4557 2955 4621 εἷς
3009 4556 3282 4633 Αἴγυπτον
3333 4554 3595 4631 ὣρμηντο
3644 4553 3737 4609 τὸν

2204 4650 2229 4669 ἢ
2322 4653 2334 4669 ι
2462 4653 2523 4669 οι·
2588 4647 2644 4669 ιθ
2741 4650 2756 4669 9
2836 4645 2856 4669 Ἷ
2881 4647 2894 4669 Ι
2938 4668 2945 4669 ,
3034 4668 3077 4669 ,,
3137 4648 3200 4669 nr.
3229 4667 3277 4669 __
3433 4641 3737 4669 υ----------.-ἲ

338 4684 591 4757 pigebat.
623 4688 767 4745 Cum
799 4696 993 4744 autem
1024 4685 1169 4743 nihil
1204 4701 1307 4758 per
1340 4684 1713 4758 imperatoris
1762 4685 1986 4742 litteras

340 4791 509 4845 agere
568 4776 761 4834 liceret
820 4776 933 4833 nisi
993 4776 1146 4848 quod
1223 4774 1344 4847 regi
1429 4772 1769 4848 placuisset,
1828 4774 1987 4830 illius

340 4864 694 4921 sententiam
727 4868 1098 4938 exspectavit.
1153 4865 1263 4921 Sed
1322 4881 1457 4921 cum
1517 4864 1706 4937 reipsa
1749 4880 1984 4935 compe-

340 4952 513 5007 risset
540 4968 672 5007 eum
705 4954 848 5008 nihil
880 4956 1030 5026 sequi
1083 4956 1279 5012 animo
1336 4955 1557 5026 agitare
1597 4971 1785 5025 neque
1815 4952 1986 5024 quid-

343 5056 517 5111 quam
551 5043 677 5111 opis
698 5044 925 5111 all‘erre,
957 5045 1273 5101 exercitum
1307 5060 1436 5100 vero
1463 5045 1523 5101 in
1554 5044 1756 5100 multis
1783 5060 1990 5100 aerum-

342 5129 432 5186 nis
465 5134 522 5186 et
554 5131 827 5201 periculis
858 5133 1078 5188 versari
1109 5132 1348 5203 videret,
1406 5133 1624 5206 quippe
1682 5136 1836 5189 fame
1889 5147 1985 5189 ur-

340 5223 532 5292 gente,
567 5228 631 5274 ut
660 5220 817 5277 214
840 5220 1106 5277 nonnulli
1134 5221 1279 5278 cibis
1319 5222 1619 5279 inusitatis
1668 5227 1987 5287 uterentur,

340 5324 545 5365 omnes
576 5325 709 5365 vero
734 5308 1031 5366 radicibus
1087 5313 1145 5366 et
1199 5310 1526 5383 palmarum
1585 5311 1769 5368 comis
1817 5311 1985 5368 elixis

338 5400 1055 5465 vescerentur,accedehat
1087 5399 1238 5456 fama
1270 5416 1475 5472 parum
1502 5403 1778 5467 secunda,
1801 5419 1835 5458 a
1863 5401 1989 5458 sul-

342 5491 481 5543 tano
510 5488 738 5561 Egypti
766 5492 825 5545 et
852 5487 1234 5546 orientalibus
1286 5490 1575 5545 Arabibus
1622 5491 1857 5562 jamjam
1888 5509 1987 5547 au-

341 5576 485 5636 xilia
504 5578 870 5635 submissum
902 5578 994 5647 iri,
1028 5585 1084 5635 et
1115 5596 1328 5652 magna
1363 5582 1612 5651 pecunia
1668 5582 1987 5638 conductos

338 5668 568 5743 equites
588 5668 853 5743 Assyrios
879 5667 942 5726 in
964 5670 1286 5743 propinquo
1316 5685 1465 5725 esse.
1499 5669 1727 5727 Mortuo
1777 5688 1891 5728 non
1924 5672 1987 5729 in

339 5779 542 5824 aurem
573 5760 1069 5823 insusurrandum
1100 5766 1282 5833 ratus,
1298 5762 1631 5835 contempto
1649 5758 1985 5822 Latinorum

2095 4641 2433 4731 παιδοφόνον
2462 4647 2715 4728 Ἡρώδην
2739 4645 3103 4711 ἐκκλίνοντες.
3136 4648 3204 4706 Οἱ
3226 4645 3406 4703 τοίνυν
3430 4641 3744 4717 Σαρακηνοὶ

2097 4744 2451 4800 ἀπέσκωπτον
2504 4741 2557 4807 ἐς
2593 4737 2926 4812 Ῥωμαίόυς,
2983 4737 3075 4793 καὶ
3133 4731 3348 4814 ὕϐρεσιν
3398 4731 3745 4811 ’Δνδρόνικον

2096 4828 2327 4890 ἔπλυνον
2359 4834 2451 4889 οἷα
2483 4832 2558 4905 μὴ
2593 4826 2910 4909 φειδόμενον
2942 4827 3046 4883 νεὼ
3070 4827 3192 4882 καθ’
3238 4826 3406 4899 οὗπερ
3450 4820 3747 4894 ἐγκλησιά-

2100 4938 2276 5002 ζοντες
2305 4932 2367 4987 τὸ
2409 4930 2794 5005 χριστώνυμον
2847 4926 2915 4982 τὰ
2972 4924 3150 4981 οἰκεῖα
3203 4921 3487 4980 τελοῦνται
3535 4922 3743 4995 μυστή-

2099 5041 2210 5097 ρια,
2251 5026 2327 5089 πῆ
2364 5019 2457 5091 μὲν
2507 5018 2929 5093 προσευκττςρια,
2988 5021 3073 5084 πῆ¹
3131 5012 3188 5069 δὲ
3242 5013 3335 5068 καὶ
3410 5013 3745 5087 χαριστήρια

2098 5107 2337 5181 ᾅδοντες.
2366 5109 2454 5170 Ὧς
2485 5106 2541 5164 δὲ
2572 5105 2685 5163 οὐδ’
2736 5107 2887 5161 οὕτω
2936 5104 3005 5161 τά
3055 5103 3194 5161 κατᾶ
3234 5106 3357 5158 νοῦν
3398 5097 3744 5175 Ἀνδρόνικος

2099 5196 2418 5273 ἐξεπέραινε,
2451 5194 2540 5252 διὰ
2597 5191 2918 5272 προσϐολῆς
2958 5193 3317 5270 ἰσχυροτέρας
3366 5188 3506 5268 ἔγνω
3560 5186 3743 5261 πειρά-

2100 5308 2289 5361 cas-0n
2317 5300 2423 5351 τῶν
2456 5294 2623 5357 ἐντός.
2665 5295 2768 5352 Καὶ
2801 5291 2867 5363 δὴ
2910 5297 2990 5364 τῷ
3040 5290 3167 5368 ῥηγὶ
3215 5291 3354 5365 πρὸς
3403 5287 3602 5361 λόγους
3650 5281 3742 5338 ἐλ-

2097 5386 2203 5443 θὼν
2239 5384 2397 5462 ἐνῆγε
2425 5390 2697 5453 κακεῖνον,
2727 5380 2903 5444 πολὺς
2937 5379 3273 5456 ἐγκείμενος,
3332 5377 3607 5453 ἐξαγαγεῖν
3646 5372 3747 5441 τήν

2097 5476 2346 5552 στρατιὰν
2374 5475 2556 5531 καὶτὸ
2588 5479 2776 5552 τεῖχος
2817 5472 2955 5526 ἅπαν
3004 5464 3306 5535 διαλαϐεῖν,
3356 5463 3454 5523 κᾶν
3514 5462 3561 5519 εἶ
3608 5482 3749 5538 προ-

2096 5573 2312 5652 χωροίη
2344 5573 2414 5630 τὰ
2467 5577 2566 5629 τοῦ
2622 5568 2798 5647 ἔργου,
2840 5567 2932 5624 καὶ
2995 5564 3225 5652 κλίμαξι
3285 5566 3604 5652 χρήσασθαι
3658 5561 3751 5652 καὶ

2096 5650 2222 5727 τοὺς
2254 5660 2737 5739 ἂναῤῥιχωμένους
2768 5656 3061 5735 διαφεῖναι.
3091 5654 3155 5739 Ὁ
3185 5650 3243 5709 δὶ
3290 5651 3479 5726 ἐπῄνει
3532 5652 3630 5727 μὶν
3684 5650 3753 5707 τὰ

2101 5751 2367 5831 λεγόμενα
2391 5738 2483 5808 καὶ
2511 5756 2621 5809 τῶν
2655 5743 2963 5828 εὖμεθόδων
3020 5738 3412 5825 βουλευμάτων
3468 5739 3751 5815 ἀπεθείαζε
