4140 6290
437 367 558 432 509

1496 363 1594 425 DE
1639 363 2019 428 MANUELE
2062 365 2448 429 COMNENO
2492 370 2642 431 LIB.
2692 371 2769 432 ν.

3727 361 3855 423 510

442 499 534 555 τὸν
577 488 944 570 Ἀνδρόνικον,
975 492 1080 549 οὐκ
1103 491 1291 556 ἄλλως
1353 492 1411 550 δὲ
1469 499 1549 566 τῷ
1603 495 1880 570 πράγματι
1907 494 2091 570 ἐγχει-

2205 496 2351 556 fastu
2380 500 2471 557 vel
2537 499 2701 556 solus
2759 497 2897 555 belli
2951 498 3245 554 fortunam
3303 491 3548 566 experiri
3576 492 3847 549 decrevit.

452 589 632 667 ρήσειν
667 578 1043 640 διεϐεϐαιοῦτο
1099 582 1189 639 καὶ
1249 582 1559 653 διετείνετο,
1600 583 1692 640 τὸν
1732 587 1828 639 τοῦ
1857 586 2097 659 Χριστοῦ

452 677 614 754 τάφον
671 673 747 736 εἰς
796 672 960 748 ὅρκον
1016 668 1487 748 παραλαμϐάνων,
1541 672 1586 727 εἰ
1680 674 1755 746 μή
1838 673 2101 748 πρότερον

451 764 640 839 πόργοι
669 764 1170 834 τεκτονηθήσονται
1203 760 1410 832 ξύλινοι
1450 761 1540 816 καὶ
1596 761 1825 827 τούτους
1879 760 2097 832 ἐπιστή-

450 875 524 908 σει
553 858 669 913 τοῖς
697 854 935 927 τείχεσι.
989 851 1094 906 Καὶ
1152 855 1323 907 ταῦτα
1380 848 1557 927 λέγων
1591 849 1844 907 ἐπέττατε
1870 851 1996 914 τοὺς
2025 853 2096 925 τῇ

445 941 599 998 πόλει
629 942 1091 1018 παραπεφυκὸτας
1122 940 1370 1017 φοίνικας
1426 943 1700 1015 καθαιρεῖν
1729 940 1819 995 καὶ
1850 941 1926 1003 εἰς
1957 940 2094 1015 πύρ-

592 1031 604 1046 .
699 1030 746 1061 ,ι
873 1031 887 1051 ρ
966 1031 978 1051 ,
1343 1030 1358 1047 ς
1465 1028 1489 1049 π-
1601 1030 1614 1048 .
1728 1036 1749 1046 -
1882 1030 1895 1048 η
1940 1031 1953 1045 .

441 1053 550 1107 γων
580 1052 830 1101 αποςεειν
867 1034 1158 1105 υψωματα.
1192 1031 1261 1088 Οἱ
1303 1050 1398 1104 μεν
1431 1052 1521 1085 ουν
1566 1033 1779 1104 ευυψεις
1809 1051 1898 1086 και
1930 1030 2093 1105 ακρό-

442 1141 604 1193 κομοι
628 1118 868 1197 φοίνικες
899 1118 1291 1194 ἀπετέμνοντο,
1322 1119 1412 1174 καί
1441 1118 1508 1174 τὰ
1537 1118 1680 1190 ἄλση
1711 1125 1820 1175 τῶν
1860 1116 2096 1194 δένδρων

443 1207 769 1262 ἀπεκενοῦτο
806 1249 820 1274 ,
902 1206 1160 1281 ἐψιλοῦτο
1247 1206 1384 1269 ἃπας
1469 1204 1833 1282 παράδεισος,
1915 1208 1982 1263 τε
2039 1204 2098 1263 δὲ

441 1299 549 1350 τῶν
591 1295 816 1370 πύργων
848 1292 1211 1369 δοκανώματα
1238 1295 1329 1352 καὶ
1374 1298 1408 1365 ἡ
1465 1297 1670 1352 τούτων
1725 1296 1946 1374 ἁρμογή
2005 1297 2096 1352 καὶ

437 1383 728 1458 ἀπάρτισις
759 1384 1129 1460 ἐξεπεραίνετο
1162 1381 1426 1458 οὐδαμοῦ·
1462 1386 1491 1440 6
1530 1385 1633 1460 γὰρ
1808 1383 1861 1447 ἐς
1900 1383 2097 1454 ἡλίους

440 1474 682 1548 μακροὺς
712 1473 957 1530 ἀπετίθει
995 1476 1058 1531 τὸ
1086 1475 1449 1550 γενησόμενον
1515 1474 1568 1538 ἐς
1627 1477 1817 1550 αὔριον
1862 1476 1944 1530 ἂεί
1978 1496 2096 1536 πως

439 1559 924 1638 ἀναϐαλλόμενος,
951 1563 1092 1639 μηδὲ
1120 1567 1188 1620 τὰ
1218 1562 1522 1641 δεδογμένα
1550 1569 1799 1641 πληρῶν.
1833 1568 2016 1623 Ταῦτα
2047 1562 2095 1620 δ’

441 1655 582 1731 ὁρῶν
640 1652 994 1730 Ἀνδρόνικος
1049 1655 1254 1731 ἤχθετο
1308 1656 1425 1729 μὶν,
1457 1656 1486 1711 ’ὁ
1526 1654 1853 1729 λειπόμενον
1886 1656 1973 1726 ἦν,
2003 1655 2094 1710 καὶ

447 1748 784 1820 κατῴκτειρε
830 1747 929 1814 τήν
981 1745 1231 1820 στρατιὰν
1288 1746 1470 1801 σιτίων
1500 1745 1609 1818 ἤδη
1673 1748 1756 1820 [Ρ.
1801 1747 1925 1819 107]
1957 1766 2095 1801 σπα-

2203 590 2640 661 Convocatoque
2659 590 2910 645 exercitu
2935 588 3005 644 ad
3035 587 3188 642 hunc
3218 585 3457 641 modum
3517 581 3796 638 disseruit
3828 597 3843 637 :

2206 701 2234 730 «
2266 679 2336 735 Et
2367 680 2458 735 hic
2491 679 2588 734 diu
2656 677 3007 736 commorari
3064 676 3377 732 molestum
3434 676 3523 729 est
3554 691 3570 741 ;
3603 675 3661 728 et
3692 670 3851 726 nulla

2204 768 2367 825 clade
2407 770 2479 824 iis
2504 769 2668 825 illata
2699 785 2844 841 quos
2871 769 3269 840 Oppugnatum
3303 763 3617 830 ivimus,ac
3646 759 3847 817 vacuis

2204 859 2409 917 reverti
2443 862 2718 916 manibus
2750 859 3184 925 turpissimum.
3219 859 3476 926 Utroque
3504 869 3636 908 vero
3685 854 3851 923 pejus

2202 954 2290 1005 est
2305 966 2372 1005 su
2384 967 2435 1005 m
2447 967 2669 1022 mzeque
2683 949 3016 1013 dementire,
3049 964 3251 1020 parere
3262 945 3382 1001 viro
3396 962 3428 1001 a
3453 944 3594 1000 Rom
3604 958 3784 999 anoru
3796 957 3850 995 m

2203 1040 2525 1097 commodis
2550 1057 2793 1113 prorsus
2814 1036 3151 1095 abhorrenti
3180 1041 3236 1092 et
3262 1033 3446 1091 nihilo
3484 1034 3694 1089 melius
3716 1046 3852 1103 erga

2204 1144 2312 1185 nos
2342 1128 2549 1186 allecto
2578 1146 2747 1200 quam
2784 1129 2894 1201 ipsi
2927 1128 3147 1184 hostes.
3215 1130 3339 1183 Non
3382 1123 3593 1179 videtis
3636 1126 3702 1181 ut
3753 1136 3852 1175 rex

2202 1217 2418 1275 vallum
2450 1218 2617 1291 longe
2646 1236 2681 1275 a
2730 1225 2928 1274 nostro
2980 1216 3413 1285 communierit,
3473 1228 3662 1284 neque
3712 1209 3851 1266 inde

2204 1309 2468 1382 prodeat,
2491 1310 2686 1366 socius
2715 1314 2774 1365 et
2810 1308 3244 1364 contmderatus
3285 1310 3502 1367 noster.
3536 1319 3653 1359 non
3684 1303 3859 1357 secu8

2203 1416 2267 1455 ac
2300 1397 2349 1454 si
2387 1400 2456 1453 ad
2494 1399 2704 1454 festum
2723 1402 2781 1453 et
2806 1395 3203 1467 spectaculum
3228 1393 3505 1452 invitatus
3534 1396 3846 1458 esset,non

2202 1492 2398 1544 autem
2429 1487 2568 1542 belli
2595 1488 2930 1543 societatem
2977 1485 3285 1542 nobiscum
3328 1481 3598 1540 coisset?
3653 1495 3847 1536 nonus

2198 1577 2354 1633 idem
2385 1584 2443 1633 et
2473 1577 2676 1633 hostes
2702 1577 2887 1633 nostri
2919 1576 3163 1645 faciunt,
3223 1591 3358 1631 cum
3416 1571 3599 1629 dilata
3654 1584 3854 1642 pugna

2202 1667 2356 1722 intra
2376 1667 2593 1721 moenia
2621 1682 2683 1721 se
2707 1665 3053 1721 continent?
3076 1666 3271 1735 itaque
3301 1663 3486 1718 vereri
3514 1659 3657 1717 mihi
3696 1658 3858 1715 subit

2202 1773 2274 1813 ne
2307 1773 2419 1813 non
2455 1757 2628 1812 modo
2661 1755 2838 1811 rebus
2894 1754 3129 1809 infectis
3184 1751 3578 1815 discedamus.
3636 1749 3740 1805 sed
3781 1763 3854 1804 ne

438 1834 685 1904 νίζουσαν
718 1836 812 1890 καὶ
870 1833 1024 1909 λιμῷ
1081 1836 1256 1889 θανεῖν
1307 1832 1742 1908 κινδυνεύουσαν,
1800 1836 1892 1890 καὶ
1964 1833 2091 1898 τοὺς

2205 1849 2382 1903 vitam
2408 1846 2644 1918 quidem
2678 1852 2935 1902 nostram
2965 1845 3109 1901 tueri
3141 1844 3460 1916 possimus.
3484 1841 3679 1913 Neque
3710 1839 3857 1895 mihi

439 1924 534 1996 μὲν
579 1921 712 1997 μηδ’
743 1919 953 1980 ὀϐολοῦ
986 1924 1353 2000 εὐποροῦντας
1390 1925 1464 1987 ὡς
1523 1921 1703 2005 ἔχοιεν
1762 1925 1829 1980 τὰ
1857 1926 1993 2001 πρὸς
2024 1925 2086 1980 τὸ

439 2017 536 2087 ζῇν
566 2013 954 2088 ἐξωνούμενοι,
983 2013 1108 2077 τοὺς
1148 2012 1206 2070 δὲ
1260 2012 1705 2091 δυσχεραίνοντας
1761 2016 1836 2081 ὡς
1884 2015 2084 2072 οἰκείαν

442 2104 515 2177 μὴ
549 2101 771 2179 ἔχοντες
829 2104 1058 2179 ἀγορὰν.
1113 2103 1342 2160 πλεῖστα
1398 2110 1517 2167 τοῖς
1573 2103 1662 2160 ἐπὶ
1711 2112 1811 2175 τῆς
1841 2106 2086 2180 σιτηγίας

436 2196 842 2267 κατατιθέμενοι
872 2196 970 2248 τοῦ
999 2193 1189 2268 ῥηγὸς,
1223 2192 1429 2270 ὀλίγων
1478 2195 1755 2271 ηὐπόρουν
1811 2201 1918 2251 τῶν
1951 2196 2088 2268 πρὸς

435 2279 690 2342 εστίασιν.
740 2283 851 2340 Καὶ
892 2283 921 2338 6
976 2283 1381 2358 συντεθειμένος
1438 2282 1495 2340 δὲ
1551 2284 1753 2363 χρόνος
1802 2285 1870 2361 τῇ
1926 2305 2087 2362 στρα-

435 2375 551 2443 τείᾳ
587 2372 758 2429 πάλαι
791 2371 1144 2448 ἐκμετρηθεὶς
1187 2373 1526 2450 σχτελιάζειν
1570 2374 1739 2432 ἐποίει
1768 2375 1858 2430 καὶ
1888 2372 2090 2453 δυσεισ-

440 2466 571 2535 ρεῖν,
608 2463 718 2538 πρὸ
749 2459 807 2517 δὲ
836 2463 1057 2519 πάντων
1087 2464 1122 2533 ἡ
1153 2464 1283 2532 κενὴ
1323 2465 1415 2519 καὶ
1446 2464 1710 2536 ἀνόνητος
1771 2463 2086 2546 προσεδρία,

445 2548 648 2624 ἡμέρας
707 2546 984 2626 ὑπερϐἇσα
1059 2554 1415 2623 πεντήκοντα.
1475 2552 1567 2618 Εἲς
1652 2552 1834 2627 ἑτέραν
1903 2551 1961 2608 δὲ
2011 2556 2086 2627 μὴ

451 2632 591 2712 ἔχων
645 2638 850 2697 ἀπιδεῖν
907 2641 1180 2719 ἐργασίαν,
1212 2642 1296 2699 ὅτι
1354 2641 1496 2717 μηδέ
1542 2642 1670 2700 εἶ’ων
1701 2642 1860 2700 αὐτὸν
1901 2644 1967 2698 τὰ
1993 2648 2090 2699 τοῦ

453 2728 721 2804 βασιλέως
751 2732 1051 2808 γράμματα
1099 2733 1247 2796 ὅλως
1304 2731 1571 2811 ἐγχειρεῖν
1612 2732 1645 2789 ἄ
1679 2736 1754 2808 μὴ
1798 2734 1882 2806 ε’ἰη
1914 2735 2087 2791 ἀσπά-

452 2833 541 2867 σια
569 2818 650 2886 τῷ
687 2814 833 2892 ῥηγὶ,
872 2819 1110 2889 καθῆστο
1147 2817 1469 2893 καραδοκῶν
1517 2820 1580 2876 τὸ
1639 2820 1745 2876 ἀπὸ
1796 2824 1893 2874 τοῦ
1925 2822 2091 2895 ῥηγὸς

454 2899 755 2977 ἐνδόσιμον.
791 2906 936 2963 Ἐπεὶ
963 2904 1010 2962 δ’
1043 2905 1195 2963 οὐδέν
1231 2929 1284 2963 τι
1324 2909 1568 2985 χρηστὸν
1625 2907 1751 2965 οὐδὲ
1784 2908 2000 2986 μέτριον
2033 2908 2092 2965 ἐκ

443 2996 554 3048 τῶν
586 2998 964 3069 πραττομένων
995 2994 1371 3072 κατελάμϐανε
1397 2999 1490 3054 τὸν
1556 2996 1723 3075 ἄνδρα
1775 2995 2092 3073 διανοούμε-

443 3102 535 3136 νον
567 3084 704 3156 μήτε
735 3086 845 3157 μὴν
879 3082 1375 3161 προσλαμϐάνοντα
1412 3088 1502 3142 καὶ
1552 3091 1959 3163 συμμογοῦντα,
1998 3089 2086 3143 καὶ

430 3170 515 3234 εἷς
545 3168 693 3228 δεινὰ
724 3170 781 3229 δί
825 3174 919 3229 καὶ
976 3175 1238 3252 ἀμήχανα
1294 3176 1480 3233 πολλᾶ
1519 3176 1925 3250 ἐμπεπτωκέναι
1989 3179 2087 3247 τήν

429 3267 681 3342 στρατιὰν
715 3267 859 3341 ὁρῶν
902 3263 1344 3340 κινδυνεύουσαν,
1387 3270 1480 3323 οἷα
1532 3272 1630 3324 τοῦ
1658 3269 1829 3343 λιμοῦ
1882 3264 2093 3341 ἐπιϐρί-
2129 3236 2171 3302 C

431 3367 617 3420 θοντος
654 3356 747 3412 καὶ
785 3353 979 3419 δεινῶς
1043 3353 1506 3433 ἐπιϐοσκομένου,
1548 3359 1622 3422 ὡς
1677 3360 1935 3415 ἅπτεσθαι
1984 3364 2093 3415 τῶν

434 3445 897 3522 ἀηγορευμένων
937 3447 1123 3503 σιτίων
1186 3451 1356 3519 τινας,
1388 3449 1591 3514 πάντας
1648 3446 1697 3504 δ’
1736 3451 1890 3524 ὁμῶς
1943 3448 2095 3524 ῥιζο-

433 3541 622 3613 ιραγεῖν
652 3536 874 3598 καὶτὰς
937 3542 1045 3593 τῶν
1105 3538 1365 3617 φοινίκων
1427 3536 1713 3616 δρέπεσθαι
1770 3538 1947 3612 κόμας
2005 3524 2094 3593 καὶ

437 3624 651 3683 δεῖπνον
717 3623 947 3701 ἕψοντας
1004 3627 1424 3703 παρατίθεσθαι,
1493 3629 1596 3684 οὐκ
1650 3628 1842 3704 ἀγαθαὶ
1893 3626 1950 3685 δὲ
2005 3629 2096 3684 καὶ

438 3722 614 3790 φῆμαι
645 3711 1067 3792 προσέϐαλλον,
1098 3716 1224 3773 ὅσον
1285 3717 1438 3773 οὔπω
1495 3717 1807 3794 ξενολογίαν
1836 3724 1955 3783 τοῖς
1992 3740 2097 3774 πο-

440 3804 865 3882 λιορκουμένοις
900 3805 1176 3886 ἀφίξεσθαι
1200 3805 1261 3863 ἔκ
1297 3828 1356 3863 τε
1382 3811 1481 3863 τοῦ
1514 3807 1811 3864 σουλτάνου
1866 3815 1967 3878 τῆς
1997 3807 2097 3865 Αἷ-

437 3895 648 3972 γύπτου
682 3895 775 3953 καὶ
805 3899 914 3951 τῶν
946 3896 1082 3972 πρὸς
1130 3895 1420 3973 ἀνίσχοντα
1475 3898 1636 3968 ἣλιον
1699 3893 1968 3973 Ἀράϐων,
2005 3897 2096 3953 καὶ

442 3986 731 4060 Ἀσσυρίαν
765 3983 824 4041 δὲ
851 3982 1025 4042 ’ίππον
1055 3985 1370 4061 ἐωνημένην
1392 3986 1611 4058 πολλὴν
1645 3985 1882 4063 ἃγχιστα
1931 3989 2094 4061 εἶναι,

444 4074 593 4152 ἀφεὶς
625 4077 764 4152 πρὸς
804 4074 897 4137 οῦς
924 4076 1104 4150 νεκρῷ
1136 4072 1479 4152 διαλέγεσθαι
1525 4076 1617 4132 καὶ
1671 4079 1770 4147 τὴν
1805 4080 2097 4148 Λατινικήν

443 4163 803 4235 ἐξουδενώσας
858 4165 1090 4241 κόρυζαν
1151 4164 1588 4232 ἐπαποδύσασθαι
1640 4167 1731 4223 καὶ
1801 4167 1967 4242 μόνος
1996 4171 2095 4239 τήν

444 4259 540 4310 τοῦ
577 4255 831 4330 πολέμου
862 4254 1106 4331 κὶκρικεν
1137 4254 1402 4330 ἅμιλλαν.
1459 4255 1865 4328 Ἐκκλησιάσας
1919 4259 2099 4316 τοίνυν

444 4344 544 4412 τήν
572 4344 851 4418 στρατιὰν,
885 4368 914 4398 ι(
948 4344 1045 4400 Καὶ
1074 4346 1136 4400 τὸ
1175 4344 1381 4415 ἐνθάδε,
1414 4370 1444 4399 ››
1509 4347 1695 4422 φησὶν,
1727 4367 1753 4400 ε
1816 4346 1901 4403 ἐπὶ
1953 4347 2097 4404 πολὺ

452 4432 623 4506 μένειν
650 4435 896 4510 ἀνιαρὸν,
960 4433 1050 4490 καὶ
1096 4436 1160 4490 τὸ
1218 4432 1389 4510 μηδέν
1446 4457 1499 4492 τι
1558 4433 1883 4512 δεδρακότας
1912 4438 2099 4506 κακὸν,

451 4522 563 4577 καθ’
647 4523 724 4579 ὧν
810 4523 1166 4597 ἐπήλθομεν,
1252 4525 1439 4601 χερσὶν
1512 4526 1833 4596 ἐπανηκὲναι
1918 4533 2099 4591 κεναῖς

2203 1955 2353 1995 ουτω
2387 1939 2534 1995 2Ιῦ
2570 1943 2659 1993 est
2689 1953 2762 1993 an
2794 1953 2891 1993 rex
2919 1951 3089 2007 opem
3124 1933 3292 1990 nobis
3325 1933 3491 2000 ferat,
3538 1930 3636 1986 sed
3685 1928 3851 1997 illud,

2202 2044 2314 2101 quo
2340 2032 2507 2101 pacto
2526 2028 2686 2083 dolos
2706 2028 2834 2098 ejus
2846 2025 3192 2098 etl‘ugiamus
3205 2023 3453 2095 quisuas
3474 2020 3850 2089 insidiasjam

2204 2137 2277 2176 ne
2305 2118 2682 2175 dissimulare
2712 2117 2950 2190 quidem
2982 2119 3164 2173 stutet
3216 2131 3283 2170 ac
3321 2113 3666 2169 imminente
3697 2110 3851 2181 peri-

2203 2209 2337 2265 culo
2365 2208 2575 2265 evitato
2608 2208 2930 2263 incolumes
2961 2206 3099 2261 hinc
3156 2203 3548 2261 discedamus.
3582 2200 3848 2256 Fortasse

2205 2315 2361 2355 nunc
2382 2297 2630 2370 .Egyptii
2658 2313 2803 2353 nova
2835 2295 3265 2352 medicamenta
3302 2293 3668 2354 invenerunt,
3700 2295 3852 2346 vete-

2204 2387 2369 2443 ribus
2397 2385 2517 2442 illis
2548 2385 2897 2456 efﬁcaciora,
2929 2385 3147 2456 quibus
3178 2400 3293 2439 non
3336 2383 3507 2438 modo
3539 2378 3721 2436 animi
3752 2379 3851 2434 tri~

2204 2475 2357 2532 tistia
2388 2475 2658 2547 pellatur,
2693 2480 2756 2530 ut
2786 2475 2885 2530 illo
2912 2474 3139 2532 Helena:
3169 2492 3201 2528 a
3231 2473 3416 2529 Tboni
3459 2487 3637 2527 uxore
3694 2469 3857 2538 dato,

2205 2567 2308 2622 sed
2369 2566 2547 2622 lortes
2602 2564 2776 2620 etiam
2832 2564 2939 2619 viri
2996 2561 3422 2619 effeminamur.
3507 2558 3854 2630 Hujusmodi

2205 2652 2412 2724 poculo
2443 2652 2755 2724 Amerigus
2775 2653 2845 2707 ad
2877 2651 3212 2707 ebrietatem
3270 2649 3479 2705 hausto
3519 2649 3578 2704 in
3629 2647 3853 2702 diutur-

2205 2759 2346 2798 num
2370 2748 2675 2797 veternum
2707 2741 2986 2796 incidisse
3042 2739 3292 2807 videtur,
3352 2739 3679 2809 ignavaque
3736 2733 3855 2790 otio

2205 2831 2448 2902 abJectis
2477 2838 2533 2887 et
2567 2829 2847 2903 neglectis
2906 2830 3089 2886 armis
3146 2834 3493 2900 torpescere,
3524 2830 3627 2880 aut
3656 2825 3853 2896 potius

2205 2922 2459 2994 pecunia
2489 2921 2740 2977 infectus
2774 2925 3033 2975 mutasse
3062 2917 3327 2973 animum
3356 2921 3414 2971 et
3442 2931 3584 2971 auro
3615 2915 3855 2969 obtura-

2205 3011 2281 3068 tis
2313 3012 2552 3068 auribus
2601 3011 3000 3067 obsurduisse.
3060 3014 3225 3064 Nunc
3288 3009 3463 3063 inane
3520 3007 3709 3061 fmdus
3768 3007 3859 3059 est

2206 3103 2364 3173 quod
2393 3119 2523 3158 cum
2554 3102 2905 3172 i'nperatore
2935 3100 3033 3155 icit
3070 3117 3084 3168 ;
3116 3114 3286 3171 quem
3328 3096 3519 3153 verbis
3574 3095 3860 3150 duntaxat

2206 3192 2364 3262 colit,
2396 3192 2592 3248 animo
2623 3192 2695 3247 ab
2718 3208 2785 3247 eo
2815 3190 3155 3246 abhorrens.
3190 3188 3306 3244 Nos
3332 3202 3462 3242 vero
3494 3185 3673 3241 tantis
3702 3182 3865 3239 malis

2207 3282 2592 3338 circumventi
2622 3287 2678 3339 et
2710 3283 2863 3338 fame
2891 3288 2945 3337 et
2975 3278 3132 3336 bello
3168 3280 3569 3335 absumemur.
3614 3275 3861 3332 Romani

2204 3374 2419 3428 frustra
2481 3372 2686 3428 virtute
2742 3369 3105 3444 gloriantur:
3165 3385 3254 3425 res
3312 3387 3346 3424 a
3387 3369 3552 3424 nobis
3584 3365 3857 3440 praeclare

2203 3467 2380 3535 gestae
2410 3461 2858 3518 interciderunt.
2893 3459 3271 3516 Praestitisset
3325 3460 3480 3516 216
3534 3476 3640 3514 nos
3700 3472 3854 3515 nun-

2204 3570 2378 3626 quam
2414 3570 2517 3626 per
2546 3558 2708 3609 tanta
2739 3553 2923 3609 maria
2954 3555 3157 3624 portus
3213 3551 3321 3605 bos
3367 3551 3641 3618 intrasse,
3673 3565 3853 3621 quam

2203 3643 2439 3699 infectis
2488 3643 2664 3699 rebus
2720 3642 3025 3698 discedere
3083 3639 3242 3695 hinc.
3276 3638 3441 3693 Nunc
3499 3639 3649 3694 albis
3690 3638 3854 3702 velis,

2203 3728 2400 3800 qualia
2433 3730 2700 3802 Byzantio
2760 3729 3030 3797 tulimus,
3088 3725 3273 3782 redire
3314 3742 3428 3780 non
3488 3723 3707 3790 licebit,
3756 3724 3856 3778 sed

2202 3821 2383 3876 fuscis
2415 3836 2592 3876 naves
2623 3819 2950 3890 operiamus
2979 3818 3051 3873 ob
3084 3814 3411 3887 ignominis:
3471 3813 3681 3869 labem.
3746 3817 3854 3869 Ve-

2205 3927 2337 3967 rum
2370 3926 2497 3977 nos,
2530 3907 2985 3974 commilitones,
3020 3906 3138 3962 sive
3162 3904 3472 3979 populares
3524 3904 3645 3959 sive
3689 3919 3850 3976 perc-

2203 3998 2377 4073 grini,
2408 3997 2658 4070 sejuncti
2686 4015 2718 4052 a
2745 3997 3067 4052 Palaestinis
3128 3996 3449 4066 equitibus,
3507 3992 3853 4048 hominibus

2204 4088 2483 4161 superbia
2510 4087 2681 4142 elatis
2719 4090 2778 4141 et
2829 4086 3086 4158 perﬁdis,
3142 4084 3424 4140 barbaros
3480 4083 3851 4153 invadamus,

2206 4177 2420 4235 mcenia
2450 4193 2880 4250 oppugnemus,
2903 4174 3169 4231 certatim
3202 4174 3484 4247 oppidum
3518 4173 3625 4230 hoc
3656 4173 3853 4244 capia-

2205 4284 2358 4337 mus,
2387 4268 2587 4339 itaque
2618 4268 3065 4330 contendamus,
3125 4264 3289 4337 quasi
3332 4264 3591 4320 hostium
3636 4262 3856 4320 divitiis

2201 4358 2444 4430 jamjam
2480 4356 2741 4428 petituri.
2775 4356 2832 4410 Si
2863 4354 3159 4410 moenibus
3192 4355 3401 4411 muniti
3433 4360 3568 4410 sunt
3624 4353 3858 4409 barbari

2206 4450 2263 4502 et
2290 4462 2358 4502 ex
2389 4444 2687 4516 superiore
2716 4443 2844 4500 loco
2876 4443 2989 4500 tela
3018 4444 3359 4513 conjiciunt,
3395 4448 3537 4498 sunt
3567 4441 3735 4497 nobis
3766 4442 3857 4497 in-

2212 4540 2413 4608 gentes
2445 4534 2808 4607 clypei,quos
2834 4533 3022 4590 instar
3037 4533 3287 4588 turrium
3324 4547 3710 4603 apponamus,
3743 4546 3859 4586 non

455 4606 760 4687 α’ίσχιστον·
793 4617 984 4693 χεῖρον
1012 4609 1062 4668 δ’
1088 4613 1292 4693 ἀμφοῖν
1318 4614 1527 4671 τούτων
1594 4614 1685 4671 καὶ
1736 4616 1813 4689 μὴ
1846 4619 1923 4688 νῷ
1961 4613 2095 4672 διοι-

2215 4605 2348 4681 telis
2360 4625 2494 4681 mod
2503 4605 2603 4680 oet
2614 4622 2822 4697 gladiis
2837 4623 2912 4678 im
2920 4620 3229 4694 pervii,sed
3246 4624 3661 4676 tormentorum
3679 4620 3858 4675 etiam

454 4700 734 4776 κουμένων
788 4701 1042 4776 ἄντικρυς
1108 4701 1266 4779 ἔργον
1318 4704 1381 4759 τὸ
1448 4704 1722 4770 πείθεσθαι
1770 4702 1925 4782 ἀνδρῖ
1997 4704 2105 4762 οὐχ

451 4787 598 4854 ὅπως
627 4792 750 4848 κατ’
803 4789 960 4847 οὐδὲν
1020 4791 1351 4867 ξυγκειμένῳ
1381 4795 1480 4864 τὴν
1519 4794 1747 4871 γνώμην
1780 4794 2103 4869 Ῥωμαίοις,

452 4876 595 4936 ἀλλὰ
632 4882 722 4936 καί
752 4885 863 4937 τῶν
893 4879 1105 4955 ἐχθρῶν
1134 4877 1327 4937 οὔκουν
1358 4879 1683 4959 διακειμένῳ
1726 4881 1968 4957 ἄμεινον.
2027 4884 2106 4942 Οὐ

454 4969 656 5026 συνίετε
677 4970 829 5032 ὅπως
873 4970 902 5024 6
931 4967 1032 5044 ρἡ
1070 4970 1160 5026 τὸν
1194 4971 1405 5026 οἰκεῖον
1452 4972 1673 5051 χάρακα
1708 4977 1805 5029 τοῦ
1835 4973 2106 5051 ἡμετέρου

459 5055 644 5134 βαλὼν
685 5055 882 5115 ἃποθεν
911 5058 1156 5134 πρόεισιν
1190 5057 1303 5116 οὐδ’
1333 5059 1480 5125 ὅλως
1512 5060 1711 5118 ἐκεῖθεν
1768 5063 1796 5118 6
1864 5085 2107 5140 συναγωο

450 5148 659 5218 νιστὴς,
701 5148 730 5203 6
762 5148 1080 5223 σύμμαχος,
1110 5150 1351 5226 καθάπερ
1400 5150 1478 5216 εἰς
1516 5151 1724 5227 ἐόρτιον
1773 5151 1949 5209 ἂνεσιν
1980 5155 2108 5230 παρ’

447 5238 607 5308 ἡμῶν
649 5237 739 5292 καὶ
780 5239 975 5308 θεατὴς
1022 5237 1424 5315 προσληφθεὶς,
1484 5240 1585 5297 οὐκ
1622 5240 1856 5319 ἐργάτης
1914 5231 2110 5320 ’Ἄρεος

452 5325 677 5402 ἔργωνς
721 5327 836 5402 οὐχ
896 5327 1039 5382 οὕτω
1076 5328 1168 5384 καὶ
1237 5327 1387 5385 οῦτοι
1448 5327 1650 5406 δρῶσιν
1701 5333 1755 5387 οἱ
1793 5331 2106 5407 ἀντίπαλοι,

451 5414 572 5471 ὅταν
602 5419 703 5487 τήν
742 5416 934 5491 μάχην
967 5415 1325 5489 ὑπέρθωνται,
1360 5417 1489 5475 οὐδὲ
1550 5418 1894 5496 μαχούμενοι
1940 5421 2109 5493 ἐξίασι

2212 4708 3254 4777 ictibusinviolabiles.Quodsiofﬁcio
3270 4708 3738 4781 iungivultis,me
3769 4724 3862 4764 se-

2212 4803 2765 4875 quimini,paratum
2798 4817 2912 4858 una
2941 4801 3242 4857 vobiscum
3301 4799 3527 4871 perpeti
3567 4797 3857 4870 quidquid

2214 4908 2340 4948 sors
2373 4891 2616 4947 dederit.
2634 4890 2834 4962 Neque
2854 4891 3010 4948 enim
3042 4889 3404 4946 committam
3455 4897 3515 4944 ut
3542 4889 3861 4962 quisquam

2214 4982 2370 5038 dicat
2384 4980 2780 5037 Andronicum
2815 4979 3088 5036 solertem
3120 4994 3248 5036 esse
3287 4979 3359 5034 ad
3390 4980 3568 5036 verba
3598 4979 3865 5036 facienda

2215 5082 2268 5129 et
2299 5072 2594 5128 acuendos
2628 5070 2881 5126 militum
2912 5070 3164 5138 animos,
3195 5070 3296 5125 sed
3341 5070 3545 5126 ducem
3587 5070 3862 5141 ignavum

2215 5167 2273 5219 et
2305 5161 2621 5218 ulciscendi
2654 5160 2841 5218 hostis
2869 5160 3101 5216 rudem.
3134 5161 3258 5216 Imo
3315 5165 3374 5215 et
3431 5160 3490 5216 in
3526 5160 3710 5231 prima
3739 5159 3862 5216 acie

2216 5252 2405 5320 stabo,
2437 5258 2505 5307 ut
2532 5251 2781 5317 decebit,
2811 5256 2869 5307 et
2927 5256 3246 5307 extremum
3304 5266 3512 5322 agmen
3564 5248 3858 5317 claudam,

2217 5340 2317 5394 ubi
2350 5340 2499 5396 217
2534 5342 2874 5411 oportuerit.
2909 5340 3063 5396 Deus
3082 5338 3322 5396 consilia
3354 5343 3552 5397 nostra
3583 5339 3859 5409 fortunat,

2216 5433 2275 5483 et
2304 5429 2665 5484 calamitates
2698 5429 2755 5482 in
2781 5427 3037 5484 hostium
3071 5429 3264 5501 capita
3287 5435 3491 5486 vertat.
3526 5451 3554 5478 υ

455 5518 556 5601 τῶν
618 5514 835 5584 πυλῶν,
869 5511 1007 5569 ὥστε
1045 5516 1107 5570 τὸ
1175 5515 1280 5571 ἀπὸ
1332 5515 1492 5573 τοῦδε
1530 5518 1696 5574 τοῦτό
1758 5540 1852 5592 μοι
1919 5517 2091 5576 ἔπεισι
2151 5519 2402 5591 δεδιέναι,
2472 5524 2548 5597 μὴ
2609 5521 2765 5579 οὐδὲν
2818 5525 3060 5601 χρηστὸν
3112 5524 3535 5600 κατωρθωκότες
3590 5523 3861 5598 ἀπίωμεν,

455 5599 573 5659 ἀλλ’
631 5601 684 5660 εἴ
704 5622 831 5666 πως
869 5602 1183 5659 οὐχὶκανοὶ
1222 5602 1480 5680 ἐσοίμεθα
1539 5605 1635 5670 τὰς
1675 5607 1946 5683 ἡμετέρας
2012 5606 2246 5667 ἐκσῶσαι
2308 5611 2514 5687 ψυχάς.
2557 5610 2713 5670 Ἀλλ’
2762 5599 2877 5670 οὐδ’
2951 5612 3125 5670 ἐκεῖνό
3195 5599 3288 5689 μοι
3343 5611 3432 5669 διὰ
3472 5610 3706 5689 μελέτης
3771 5611 3861 5668 καὶ

463 5689 707 5773 σκέψεως,
741 5690 896 5758 ὅπως
955 5690 1048 5750 σὺν
1117 5695 1253 5775 ἡμῖν
1318 5700 1579 5778 μαχεῖται
1636 5696 1666 5755 ὁ
1724 5694 1844 5778 ῥήξ,
1887 5695 2014 5755 ἀλλ’
2053 5697 2204 5768 ὅπως
2243 5700 2338 5768 τὰς
2393 5702 2562 5760 αὐτοῦ
2614 5699 3027 5784 δολοφροσύνας
3067 5699 3399 5782 διαδράντες,
3450 5701 3548 5757 οὐκ
3576 5700 3866 5778 ἐγκρυφιά·
