4140 6290
268 369 380 430 511
1588 367 1896 427 NlCET/E
1937 365 2356 428 CHONIATJE
3563 363 3680 428 512

267 509 452 573 ζοντος
483 499 591 572 ἤδη
630 503 768 575 μήτε
800 500 908 572 μῆν
937 496 1388 573 παραπετάσματι
1419 499 1806 568 συσκιάζοντος
1829 500 1896 556 τὰ
1925 498 2229 575 ἒνδόμυχα,
2260 501 2544 575 ἀπείρατοι
2607 503 2788 555 κακῶν
2856 495 3062 562 ἐνθένδε
3099 498 3424 574 ἀπάρωμεν,
3473 496 3568 553 τὸν
3630 497 3686 552 ἐν

263 591 575 665 ὀφθαλμοῖς
645 587 1094 662 διακρουσάμενοι
1155 585 1430 646 κίνδυνον.
1490 587 1650 663 Τάχα
1717 587 1805 642 καὶ
1847 593 1936 644 νῦν
1993 587 2326 663 Αἰγυπτίοις
2366 589 2822 665 προσεξεύρηνται
2890 589 3150 664 φάρμακα
3198 588 3307 641 τῶν
3360 584 3532 642 πάλαι
3575 607 3684 662 παρ

267 681 448 740 αὐτοῖς
481 679 807 754 ἰσχυρότερα
838 677 869 732 ἃ
891 679 978 731 καὶ
1013 677 1089 749 μή
1122 676 1392 748 κοιμίζειν
1425 676 1589 748 μόνον
1625 676 1798 739 λύπας
1841 675 2035 756 ἔχουσι
2065 677 2154 732 καί
2185 679 2246 732 τὸ
2279 675 2616 753 δεδηγμένον
2657 680 2758 746 τῆς
2787 680 2974 752 ψυχῆς
3005 673 3440 749 ἀπροσδοκήτοις
3473 672 3683 748 διαιτᾷν

267 771 600 848 διαχύσεσιν,
633 770 709 830 ὡς
753 766 925 824 έκεῖνο
965 770 1160 842 πρώην
1193 769 1255 822 τὸ
1288 769 1569 845 φάρμακον
1605 767 1634 822 ὅ
1675 765 1898 824 δεδώκει
1929 773 1998 844 τῇ
2039 770 2278 844 Λακαίνῃ
2313 771 2502 824 Θώνου
2532 769 2853 842 παράκοιτις
2888 769 3169 838 νηπενθὲς,
3199 771 3378 824 κακῶν
3425 767 3680 824 ἀπάντων

265 860 544 932 ἐπίληθες,
573 859 720 915 ἀλλὰ
749 858 838 913 καὶ
873 858 1216 932 πολεμικοὺς
1245 857 1442 932 ἂνδρας
1474 857 1790 929 έκθηλύνειν
1831 857 1920 913 καὶ
1974 865 2149 914 ποιεῖν
2186 863 2335 933 [108]
2391 859 2567 930 ἀλκῆς
2606 858 3001 932 ἐπιλήσμονας.
3064 858 3168 914 Καὶ
3217 856 3443 924 τούτων,
3494 859 3678 931 οἶμαι,

261 955 371 1006 τῶν
403 951 705 1029 φαρμάκων
731 948 1012 1024 Ἀμερίγῳ
1051 946 1370 1022 προῦτειναν
1405 949 1607 1026 σκύφον
1655 948 1972 1024 Αἰγύπτιοι,
2002 948 2092 1003 καὶ
2148 951 2489 1023 γοητευθεῖς,
2548 949 2622 1010 ὡς
2653 943 2816 1017 ἔοικε,
2844 952 2924 1020 τῷ
2983 952 3136 1019 ποτῷ
3166 947 3258 1002 καὶ
3300 946 3586 1022 μετασχὼν
3624 945 3678 1010 ἐς

265 1041 434 1114 μέθην
481 1041 580 1108 τῆς
640 1037 866 1100 κύλικος
905 1039 1042 1111 πρὸς
1085 1038 1249 1112 κάρον
1306 1035 1778 1112 ἀποδεδόχμώται
1813 1037 2053 1116 χρόνιον.
2115 1041 2206 1110 Τῷ
2226 1061 2309 1094 τοι
2340 1038 2486 1113 παρὰ
2513 1036 2798 1094 πάσσαλον
2835 1037 2928 1110 μὲν
2963 1035 3110 1108 αὖτῷ
3167 1037 3202 1105 ἡ
3261 1035 3446 1103 ἀσπὶς,
3500 1037 3566 1091 τὸ
3621 1033 3682 1091 δὲ

261 1131 413 1209 ξίφος
441 1129 812 1193 καθυπνώττει
869 1133 950 1199 τῷ
981 1125 1219 1198 κουλεῷ,
1279 1127 1368 1182 ἐπὶ
1439 1123 1498 1180 δὲ
1550 1135 1908 1203 σαυρωτῆρος
1939 1129 1999 1182 τὸ
2059 1125 2188 1200 δόρυ
2215 1123 2472 1202 πέπηγεν.
2515 1129 2585 1184 ’Ἢ
2651 1130 2816 1182 τοῦτο
2879 1127 2974 1198 μὲν
3003 1121 3284 1196 οὐδαμῶς,
3340 1123 3560 1199 ἀργύρῳ
3621 1121 3678 1178 δέ

263 1217 628 1297 ιραρμοιχθεθςΔ
671 1218 765 1280 τὰς
823 1219 1012 1291 φρένας
1072 1215 1383 1286 ἠλλοίωται
1452 1215 1544 1270 καὶ
1625 1215 1842 1294 χρυσίῳ
1881 1217 1949 1272 τὰ
1987 1218 2101 1272 ὦτα
2146 1212 2422 1290 βέϐυσται,
2453 1217 2544 1272 καὶ
2583 1217 2764 1288 τούτῳ
2801 1217 3078 1289 κνώμενος
3117 1215 3254 1288 πρὸς
3293 1213 3354 1268 τὸ
3403 1211 3671 1283 δυσήκοον

267 1307 700 1381 μετεσκεύασται.
737 1307 835 1361 Καὶ
903 1310 994 1360 νῦν
1064 1302 1295 1383 φροῦδαι
1377 1306 1470 1378 μὲν
1515 1307 1568 1359 αἱ
1625 1305 1884 1374 ξυνθῆκαι
1941 1303 2002 1368 ἅς
2059 1305 2192 1379 ὑπὲρ
2249 1309 2345 1361 τοῦ
2403 1307 2790 1381 συμμαχήσειν
2849 1304 3152 1375 Ῥωμαίοις
3205 1299 3422 1378 βασιλεῖ
3449 1298 3673 1372 δέδωκε,

267 1395 479 1472 χείλεσι
525 1396 716 1470 μόνοις
773 1393 976 1450 ἐκεῖνον
1033 1399 1236 1466 τιμῶν,
1292 1397 1362 1467 τῇ
1432 1391 1490 1448 δέ
1553 1391 1749 1468 καρδίᾳ
1813 1391 2002 1470 πόῇῥω
2062 1396 2382 1474 φερόμενος·
2452 1397 2617 1468 ἡμεῖς
2659 1391 2716 1450 δὲ
2765 1393 3016 1466 τηλίκοις
3070 1391 3268 1455 δεινοῖς
3327 1410 3682 1465 περιστοιχι-

263 1476 497 1558 ζόμεθα,
531 1485 641 1559 εἷ’γε
706 1482 956 1558 πόλεμος
1015 1485 1155 1554 ὁμοῦ
1211 1483 1300 1536 καὶ
1352 1481 1519 1554 λιμὸς
1576 1485 1724 1554 ἡμᾶς
1781 1480 2006 1554 δαπανᾷ,
2060 1485 2150 1538 καὶ
2206 1484 2272 1538 τὰ
2323 1485 2612 1556 Ῥωμαίων
2669 1483 2751 1560 ἐφ’
2807 1486 2943 1556 ἡμῖν
2972 1482 3269 1560 αὐχήματα
3330 1477 3570 1555 οἴχεται,
3613 1481 3682 1534 τὰ

272 1573 332 1630 δὲ
391 1575 622 1650 Λαμπρά
676 1580 788 1630 τῶν
870 1575 1312 1646 κατορθωμάτων
1382 1573 1713 1652 ἠφάντωται.
1759 1577 2016 1648 Κρεῖσσον
2075 1575 2141 1642 ἦν
2203 1577 2276 1647 μὴ
2321 1573 2522 1648 ὅρμοις
2575 1581 2691 1638 τοῖς
2749 1573 2972 1639 ἐνταῦθα⁴
3037 1577 3324 1648 προσχεῖν,
3382 1570 3680 1644 διαμεμετ-

268 1665 510 1738 ρηκότας
576 1663 786 1738 πελάγη
845 1666 1021 1738 ἂχανῆ
1083 1663 1174 1718 καὶ
1233 1663 1479 1737 ἀόριστα,
1543 1663 1578 1732 ἤ
1631 1663 1937 1735 ἀπράκτους
1983 1663 2198 1718 ἀπιέναι
2255 1667 2610 1738 κατάραντας,
2663 1665 2738 1727 ὡς
2787 1669 2882 1720 νῦν
2939 1685 3002 1741 γε
3066 1664 3178 1738 οὐχ
3233 1661 3425 1723 ἱστίοις
3457 1660 3676 1722 λευκοῖς

269 1755 364 1816 τὰς
393 1757 518 1816 ναῦς
553 1758 826 1828 πτερῶσαι
893 1756 1050 1826 ἡμῖν,
1083 1752 1156 1813 ὡς
1225 1754 1407 1825 οἶμαι,
1461 1755 1768 1826 γενήσεται,
1831 1752 2042 1814 ὁτιοίοις
2107 1751 2166 1808 ἐκ
2216 1751 2533 1824 Βυζαντίδος
2589 1755 2940 1832 ἀνήχθημεν,
2987 1751 3135 1808 ἀλλὰ
3187 1757 3368 1830 φαιοῖς
3428 1752 3677 1828 ἀτεχνῶς

266 1840 356 1898 διὰ
407 1843 468 1896 τὸ
523 1849 623 1912 τῆς
687 1841 952 1921 αἰσχύνης
1003 1839 1330 1916 μελάνωμα.
1387 1839 1544 1898 Ἀλλ’
1602 1839 1786 1918 ἄνδρες
1843 1843 2122 1918 ὁμογενεῖς
2177 1843 2266 1898 καὶ
2327 1849 2740 1920 συστρατιῶται,
2799 1844 2888 1898 καὶ
2958 1841 3082 1898 ὅσον
3154 1839 3400 1906 ἐνταυθοῖ
3455 1840 3673 1912 ξενικὸν,

264 1933 646 2008 ἀποκριθέντες
711 1937 819 1987 τῶν
911 1929 1351 2000 ΙΙαλαιστίνηθεν
1435 1932 1680 1985 ἱπποτῶν
1745 1936 1854 1986 τῶν
1911 1933 2126 2006 γαύρων
2216 1932 2422 1987 τούτων
2511 1933 2602 1989 καὶ
2665 1932 2984 2008 ὑψαυχένων
3059 1933 3148 1986 καὶ
3242 1927 3543 2004 Ῥωμαίοις
3597 1927 3672 1990 ὡς

266 2019 468 2092 ἔδειξαν
541 2019 780 2076 ἀπίστων
839 2015 1242 2094 προσϐάλωμεν
1303 2025 1420 2083 τοῖς
1489 2016 1814 2095 βαρϐάροις,
1873 2020 2243 2095 τειχομαχίαν
2300 2022 2646 2094 στησώμεθα,
2709 2022 3100 2094 ἀγωνισώμεθα
3159 2021 3234 2082 ὡς
3287 2021 3352 2076 τὸ
3425 2013 3675 2092 πόλισμα

263 2113 426 2164 τοῦτο
481 2109 794 2182 ληψόμεθα,
855 2110 942 2164 καὶ
995 2110 1068 2170 ὡς
1137 2106 1246 2177 ἤδη
1302 2103 1520 2182 ἔχοντες
1592 2107 1645 2162 ἐν
1703 2108 1862 2184 ’χερσὶ
1919 2109 2011 2164 τὸν
2107 2104 2257 2165 ἔνδον
2349 2109 2587 2166 πλοῦτον
2670 2109 3098 2182 ἁμιλληθῶμεν.
3177 2108 3240 2166 Εἰ
3303 2113 3492 2182 τεῖχος
3555 2110 3674 2166 τοῖς

272 2193 572 2272 βαρϐάροις
623 2198 686 2251 τὸ
751 2193 1057 2272 πρόϐλημα
1116 2198 1204 2252 καὶ
1264 2197 1354 2276 ἀφ’
1417 2197 1589 2272 ὕψους
1637 2202 1744 2253 τῶν
1798 2198 2150 2273 ἀμυντηρίων
2219 2201 2254 2269 ἡ
2323 2198 2531 2278 ἄφεσις,
2583 2196 2712 2254 ἀλλ’
2776 2199 2880 2254 εἰσὶ
2936 2199 3026 2254 καὶ
3092 2199 3220 2271 παρ’
3262 2201 3398 2272 ἡμῖν
3429 2193 3670 2264 ἀσπίδες,

271 2283 328 2340 ατί
385 2287 487 2342 οὐκ
539 2284 759 2362 ἀνδράσι
791 2285 992 2364 ῥᾳδίως
1049 2287 1336 2362 ἀνέχονται
1394 2287 1548 2360 (ὑπὲρ
1615 2287 1718 2362 γὰρ
1784 2287 1845 2342 τὸ
1897 2288 2058 2350 σάκος
2111 2287 2211 2344 εἰσὶ
2271 2290 2332 2344 τὸ
2393 2289 2674 2345 Αἷάντειον
2732 2287 2902 2344 ἐκεῖνο
2931 2288 2996 2344 τὸ
3061 2282 3402 2360 ἑπταϐόειον)
3434 2285 3558 2341 ἀλλ’
3598 2285 3674 2347 ὡς

268 2374 469 2451 πύργοι
501 2371 1056 2450 ἂντιπροϐέϐληνται,
1090 2376 1151 2430 οὐ
1189 2377 1356 2449 μόνον
1390 2375 1664 2430 ἀτίνακτοι
1702 2374 1883 2450 βέλεσι
1914 2376 2151 2440 καὶτοῖς
2191 2377 2296 2431 ἀπὸ
2336 2381 2542 2452 χειρῶν
2573 2379 2878 2450 οὐτήμασιν
2946 2374 3326 2454 ἀδιάῤῥηκτοι,
3381 2373 3530 2431 ἀλλὰ
3581 2373 3672 2429 καὶ

265 2468 374 2518 τῶν
395 2464 500 2518 ἀπὸ
538 2467 803 2539 μηχανῶν
844 2464 1146 2543 ἀφιεμένων
1174 2463 1387 2518 πάντων
1418 2461 1684 2535 δήπουθεν
1719 2467 2128 2540 στεγανώτεραι.
2169 2467 2378 2528 Ταύτας
2419 2467 2832 2536 ἀντιστήσαντες
2872 2467 2946 2530 ὡς
2976 2462 3359 2542 πυργοϐάρεις,
3391 2464 3550 2541 ὀλίγα
3577 2468 3673 2520 τοῦ

269 2553 495 2631 τείχους
525 2554 614 2608 καὶ
644 2559 752 2608 τῶν
783 2553 873 2608 ἀπ’
907 2553 1074 2608 αὐτοῦ
1104 2553 1436 2628 μαχομένων
1467 2553 1864 2631 φροντίσωμεν.
1911 2553 1973 2610 Ei
2006 2551 2071 2623 δὴ
2107 2551 2285 2610 δίκαια
2323 2561 2499 2610 ποιεῖν
2535 2557 2788 2630 αἱρεῖσθε,
2821 2555 2934 2630 ὥρα
2972 2577 3066 2630 μοι
3105 2557 3404 2623 πείθεσθαι,
3436 2553 3550 2610 ἐπεὶ
3580 2555 3674 2608 καί

272 2643 434 2704 αὐτὸς
465 2643 495 2697 ὅ
523 2664 578 2698 τι
609 2641 670 2698 ἄν
695 2641 787 2718 δέῃ
814 2641 904 2697 σὺν
940 2643 1066 2716 ὑμῖν
1101 2644 1346 2716 ἀσμένως
1376 2643 1656 2717 πείσομαι·
1695 2641 1836 2716 μηδέ
1863 2644 1966 2718 γὰρ
1997 2643 2079 2713 εῗἠ
2123 2643 2239 2698 τινὰ
2269 2643 2406 2718 ἐρεῖν
2439 2645 2513 2707 ὡς
2542 2643 2904 2719 Ἀνδρόνικος,
2939 2643 3308 2722 ὑπαγαγέσθαι
3335 2645 3427 2718 μὶν
3457 2643 3670 2719 λόγοις,

267 2733 360 2788 καὶ
398 2733 701 2808 παραθῆξαι
742 2732 879 2806 πρὸς
921 2734 1087 2806 ’Ἄρεα
1117 2733 1469 2798 ἱκανώτατος,
1492 2734 1744 2810 ἀρχηγὸς
1776 2730 2066 2806 δ’ἀχρεῖος
2103 2730 2234 2808 μηδ’
2297 2734 2731 2809 ἀποκρούσασθαι
2761 2733 2920 2798 εἰδὼς
2971 2735 3035 2790 τὸ
3074 2733 3372 2808 πολέμιον.
3406 2732 3583 2792 ’Δλλά
3608 2733 3672 2790 τὸ

269 2829 371 2891 τῆς
402 2820 540 2895 ἐμῆς
572 2823 802 2895 κόρυθος
846 2818 1094 2895 μέτωπον
1130 2819 1354 2896 ἕψονται
1388 2823 1493 2898 πρὸ
1537 2823 1688 2896 ὑμῶν
1733 2823 1784 2876 οἱ
1823 2821 2143 2897 ἀντίμαχοι.
2186 2824 2284 2878 Καὶ
2315 2824 2608 2898 πρόμαχος
2633 2821 2730 2884 ὢν,
2765 2821 2882 2878 δέον
2913 2823 3054 2878 οὕτω
3093 2828 3289 2892 ποιεῖν,
3314 2824 3402 2878 καὶ
3436 2822 3668 2896 οὐραγὸς

269 2909 498 2985 ἐσοίμην
540 2911 823 2986 ὓμέτερος,
866 2911 909 2966 εί
941 2912 1030 2966 καὶ
1061 2916 1222 2967 τοῦτο
1257 2909 1476 2966 δίδωσιν
1508 2913 1536 2966 ὁ
1566 2913 1776 2988 καιρός·
1833 2911 1960 2974 Θεὸς
1993 2909 2050 2966 δὲ
2096 2912 2341 2988 περαίνοι
2381 2913 2446 2968 τὰ
2480 2909 2906 2989 βεϐουλευμένα,
2945 2912 3036 2969 καὶ
3074 2912 3338 2990 τράποιτο
3369 2917 3472 2968 πᾶν
3503 2909 3668 2968 ἄπαί-

267 3021 382 3055 σιον
409 3002 544 3055 κατὰ
573 3000 818 3078 κεφαλῆς
857 3003 929 3054 ὧν
961 3003 1058 3070 τήν
1103 3003 1287 3076 χώραν
1315 3003 1584 3078 κείρομεν.
1618 3025 1642 3055 ιι

333 3119 387 3171 7.
423 3119 814 3174 Haeclocutus
843 3123 900 3173 et
953 3120 1072 3190 ipse
1125 3123 1182 3174 et
1237 3119 1430 3175 caeteri
1497 3119 1738 3174 dimissa
1769 3134 1903 3174 con-

2094 3120 2156 3189 ζ’.
2189 3121 2350 3176 Ταῦτ’
2381 3119 2547 3174 είπὼν
2605 3118 2767 3180 αὐτός
2820 3139 2877 3174 τε
2945 3116 3247 3189 ὡπλίσατο,
3295 3118 3384 3172 καί
3451 3117 3507 3170 οἱ
3539 3115 3660 3170 λοιο

274 3208 440 3264 cione
467 3225 628 3262 arma
657 3212 952 3276 ceperunt.
988 3210 1054 3261 Et
1101 3207 1210 3262 sub
1258 3207 1488 3263 tertiam
1547 3208 1657 3262 diei
1714 3207 1916 3263 horam

273 3296 534 3368 legiones
567 3295 882 3352 instructas
939 3295 1155 3365 educit,
1215 3295 1436 3366 primus
1494 3303 1626 3352 ante
1683 3313 1916 3352 omnem

271 3385 590 3442 exercitum
623 3385 919 3440 incedens.
953 3389 1026 3439 At
1053 3386 1346 3440 Surrareni
1410 3389 1602 3456 portas
1656 3386 1833 3440 serris
1863 3390 1921 3442 et

271 3473 536 3530 vectibus
559 3473 917 3538 munierunt,
949 3473 1310 3529 etmacbinis
1341 3474 1694 3545 quibusdam
1724 3476 1792 3530 ad
1821 3492 1916 3530 eas

271 3563 622 3622 muniendas
675 3564 1002 3634 suspensis,
1035 3565 1104 3619 de
1162 3563 1458 3619 mmnibus
1487 3569 1716 3620 nostros
1755 3566 1912 3620 omni

269 3653 507 3709 telorum
540 3669 746 3720 genere
773 3654 1064 3724 petebant,
1115 3657 1180 3706 ut
1228 3653 1376 3706 intra
1423 3652 1522 3708 teli
1569 3653 1785 3723 iactum
1821 3671 1909 3709 ne-

268 3744 408 3799 mini
431 3745 702 3799 accedere
733 3742 946 3798 liceret.
980 3743 1086 3797 Sed
1119 3741 1484 3798 Andronicus
1528 3742 1911 3800 nihilominus

264 3851 414 3906 equo
455 3837 738 3890 concitato
769 3833 995 3888 hastam
1032 3834 1087 3889 in
1123 3839 1349 3905 portam
1408 3834 1626 3906 dirigil,
1674 3834 1912 3903 sagitta‘

265 3923 369 3978 riis
398 3930 456 3980 et
485 3924 706 3980 caeteris
763 3923 1039 3978 omnibus
1100 3928 1338 3978 strenuo
1395 3924 1795 3994 sequentibus,
1853 3928 1910 3980 et

265 4011 532 4068 classicis
562 4013 926 4068 continenter
955 4013 1324 4079 canentibus,
1355 4016 1412 4067 et
1467 4013 1764 4084 tympanis
1817 4028 1905 4068 re-

263 4102 632 4165 sonantibus,
668 4109 731 4156 ut
761 4101 1092 4156 defensores
1147 4099 1309 4154 urbis
1372 4101 1567 4156 subito
1625 4102 1906 4156 Romano-

261 4206 393 4244 rum
425 4189 640 4257 impetu
659 4195 714 4243 et
736 4193 1153 4244 tormentorum
1171 4189 1382 4244 ictibus
1433 4189 1900 4261 percellerentur.

260 4279 366 4332 Sed
393 4278 668 4348 cumjam
701 4277 902 4332 multis
935 4293 1231 4332 murorum
1277 4278 1537 4349 partibus
1586 4277 1749 4334 scala
1807 4280 1902 4334 ad-

263 4372 652 4437 moverentur,
686 4383 784 4422 rex
813 4383 878 4422 eo
899 4366 1101 4422 nuntio
1151 4367 1541 4436 perturbatus,
1579 4372 1748 4439 quasi
1776 4371 1899 4440 ipse

2030 3209 2125 3264 ποῖ
2167 3205 2510 3272 διαλυθέντες
2540 3213 2636 3264 τοῦ
2677 3206 2955 3284 συλλόγου
3000 3209 3098 3270 τὰς
3151 3204 3453 3270 πανοπλίας
3489 3201 3662 3259 ἐνεδύ-

2028 3319 2206 3354 σαντο.
2250 3299 2400 3355 Ἐπεὶ
2459 3295 2516 3352 δέ
2551 3297 2676 3354 τότε
2732 3299 2886 3374 ἦμαρ
2941 3298 3190 3368 ηὐξάνετο
3237 3295 3311 3357 ὡς
3370 3293 3422 3357 ἐς
3479 3292 3664 3368 τρίτην

2024 3384 2168 3462 ὥραν
2225 3382 2621 3462 προϐεϐηκέναι
2676 3387 2766 3442 καὶ
2806 3387 2876 3444 τὰ
2928 3388 3182 3462 τάγματα
3244 3383 3480 3458 ἐξῄεσαν,
3535 3379 3668 3458 ἄρας

2023 3477 2222 3533 ἐκεῖθεν
2251 3477 2448 3553 προῄει
2494 3479 2584 3532 σὺν
2649 3479 2866 3552 κόσμῳ,
2929 3483 3028 3533 τοῦ
3085 3475 3280 3538 παντὸς
3312 3473 3664 3552 προαφεστὼς

2021 3567 2445 3640 στρατεύματος.
2505 3568 2573 3624 Οἱ
2641 3565 2698 3622 δὲ
2756 3567 3057 3643 Σαρακηνοὶ
3124 3567 3220 3628 τὰς
3267 3563 3446 3630 πύλας
3485 3561 3664 3620 διαλα-

2020 3651 2202 3719 ϐόντες
2245 3655 2422 3712 κλεισὶ
2461 3655 2550 3712 καὶ
2612 3657 2823 3732 ὀχεῦσι,
2891 3656 2980 3712 καί
3051 3675 3170 3710 τινα
3233 3655 3665 3726 προπετάσαντες

2023 3749 2407 3826 μηχανήματα
2445 3747 2654 3802 τούτων
2696 3745 2958 3821 ἐρύματα,
3015 3740 3208 3818 ἔμενον
3265 3744 3354 3800 ἐπῖ
3410 3748 3519 3800 τῶν
3560 3763 3671 3798 τει-

2017 3837 2152 3908 χῶν,
2185 3833 2460 3897 παντοίοις
2492 3833 2688 3897 ὅπλοις
2719 3833 2846 3896 τοὺς
2903 3834 3154 3895 ἐπιόντας
3211 3833 3670 3908 ἀποκρουόμενοι,

2012 3923 2226 3978 καὶτὸν
2269 3923 2462 3998 βέλους
2519 3922 2669 3986 ἐντὸς
2700 3919 2906 3978 ἅπαντα
2962 3927 3148 3999 χῶρον
3207 3923 3444 3984 τιθέντες
3497 3917 3670 3990 ἀδιεξ-

2013 4009 2229 4068 όδευτον
2263 4013 2348 4074 οἷς
2377 4033 2435 4068 τε
2492 4010 2915 4089 ἂπεσφενδόνουν
2969 4010 3030 4068 ἐκ
3081 4016 3189 4067 τῶν
3243 4008 3516 4080 ἐπάλξεων
3573 4007 3664 4064 καὶ

2012 4103 2098 4162 οἷς
2131 4100 2191 4156 ἐκ
2214 4101 2384 4172 τόξων
2426 4101 2672 4182 ἠφίεσαν.
2734 4100 2906 4159 Ἀλλὰ
2943 4103 3136 4176 καίπερ
3193 4101 3340 4156 οὓτω
3396 4105 3502 4157 τῶν
3572 4101 3660 4172 [Ρ.

2015 4193 2138 4265 109]
2167 4185 2312 4245 ἔνδον
2366 4191 2743 4265 ἀμυνομένων,
2794 4191 2964 4254 αὐτός
3016 4211 3076 4245 τε
3105 4189 3196 4246 τὸν
3227 4187 3402 4245 ’ίππον
3460 4185 3666 4244 ἐπελά-

2011 4300 2104 4341 σας
2133 4279 2268 4334 κατὰ
2294 4286 2394 4349 τῆς
2447 4278 2630 4350 πύλης
2687 4277 3026 4354 Ἀνδρόνικος
3068 4279 3132 4334 τὸ
3190 4276 3320 4352 δόρυ
3348 4277 3517 4348 ἳθυνε,
3569 4274 3662 4331 καὶ

2010 4370 2063 4424 οἱ
2089 4369 2306 4439 τοξόται
2335 4369 2426 4423 καὶ
2495 4367 2634 4429 ’ἅπας
2689 4365 2871 4444 ἕτερος
2929 4367 3160 4444 ἐνεργεῖς
3215 4363 3542 4434 ἐδείκνυντο,
3602 4361 3660 4419 αἳ

261 4473 470 4526 magno
497 4455 649 4514 malo
681 4457 921 4512 allectus.
969 4463 1068 4512 aut
1121 4455 1366 4511 fulmine
1406 4457 1551 4512 ictus
1589 4461 1764 4527 esset,
1795 4458 1894 4514 diu

2011 4479 2066 4514 τε
2138 4457 2441 4534 σάλπιγγες
2501 4457 2676 4514 πυκνᾶ
2727 4456 3055 4528 ἐνεπνέοντο,
3125 4457 3186 4510 τὸ
3245 4453 3656 4532 παρακλητικὸν

257 4547 472 4604 tacitus
503 4545 678 4604 stetit.
731 4550 806 4602 Ac
849 4547 944 4602 vix
1001 4546 1241 4601 tandem
1277 4545 1446 4616 pulsa
1483 4544 1585 4602 illa
1627 4546 1894 4618 caligine,

257 4651 575 4692 conscenso
609 4652 759 4708 equo
809 4651 940 4690 cum
987 4633 1224 4689 delectis
1271 4633 1608 4690 cohortibus
1641 4635 1790 4691 218
1825 4635 1896 4691 ad

257 4723 583 4781 Romanum
619 4725 933 4781 exercitum
969 4727 1256 4795 properat,
1290 4727 1606 4794 monetque
1661 4741 1733 4780 ne
1763 4741 1894 4781 cum

254 4813 327 4870 iis
360 4821 618 4885 pugnent
647 4814 744 4884 qui
787 4814 901 4884 iam
932 4811 1152 4884 pridem
1185 4811 1297 4868 sibi
1330 4813 1650 4868 nuntiarint
1688 4829 1749 4869 se
1781 4814 1893 4870 Β.οε

259 4917 560 4958 manorum
595 4902 926 4972 imperatori
954 4901 1306 4958 deditionem
1339 4901 1617 4960 facturos.
1664 4908 1740 4958 Ea
1773 4920 1896 4958 ora-

259 4991 336 5044 tio
367 4989 620 5043 militum
651 5005 856 5044 manus
888 4989 1208 5062 torpeilinis
1229 4991 1416 5047 instar
1444 4990 1704 5064 alligavit
1735 4997 1793 5048 et
1823 4993 1896 5047 ab

260 5077 408 5132 urbe
429 5077 678 5148 jamjam
713 5079 994 5148 capienda
1024 5079 1335 5136 revocavit.
1368 5079 1634 5136 Paclione
1691 5097 1824 5136 vero
1866 5098 1900 5138 a

257 5181 389 5237 rege
422 5167 596 5234 facta,
642 5165 910 5222 hostibus
963 5165 1152 5235 magis
1201 5167 1331 5222 utili
1387 5185 1563 5240 quam
1622 5169 1896 5227 Romanis

254 5255 758 5322 honesta,milites
789 5253 948 5310 nulla
979 5253 1201 5310 ratione
1222 5255 1421 5313 habita
1454 5257 1644 5328 qualis
1689 5275 1758 5315 ea
1787 5276 1898 5332 pax

254 5353 428 5410 esset,
461 5347 563 5402 sed
600 5344 890 5401 mentione
919 5345 1054 5414 ejns
1085 5343 1364 5402 duntaxat
1421 5349 1640 5414 audita,
1673 5351 1898 5407 reditus

255 5435 453 5508 cupidi
485 5437 772 5492 nauticam
806 5433 1185 5508 petulanliam
1212 5434 1333 5506 igni
1377 5453 1503 5494 esse
1549 5439 1894 5497 atrociorem

255 5526 442 5597 reipsa
473 5531 964 5590 monstraverunl,
989 5539 1054 5580 ac
1085 5523 1335 5580 tumultu
1367 5529 1490 5582 tota
1518 5535 1710 5585 castra
1739 5547 1896 5586 com-

251 5616 580 5693 pleverunt.
611 5615 758 5674 Nam
789 5621 849 5674 et
877 5615 1088 5673 arietes
1141 5612 1369 5686 injussu
1426 5616 1594 5676 ducis
1623 5619 1898 5678 incende-

2006 4547 2059 4610 ἐς
2094 4548 2289 4624 μάχην
2317 4546 2839 4623 παρακελευόμεναι,
2887 4547 2978 4602 καὶ
3037 4541 3336 4623 ἐϐαρυῆχει
3401 4545 3468 4600 τὰ
3517 4541 3659 4616 κύμ-

2007 4632 2170 4704 ϐαλα,
2205 4637 2279 4698 ὡς
2298 4638 2424 4700 τοὺς
2455 4637 2531 4698 είς
2555 4637 2623 4692 τά
2649 4635 2810 4712 τείχη
2842 4635 2933 4692 καὶ
2962 4637 3058 4698 τὰς
3095 4635 3281 4712 βάρεις
3312 4632 3653 4710 ἐκπλαγῆναι

2003 4728 2104 4796 τήν
2130 4731 2238 4782 τῶν
2268 4725 2558 4800 Ῥωμαίων
2590 4724 2786 4800 ἀθρόαν
2828 4720 3076 4798 ἐμϐολὴν
3109 4724 3199 4779 xii
3252 4722 3530 4778 ἐπέλευσιν
3563 4719 3655 4776 καὶ

2006 4815 2074 4870 τὰ
2103 4813 2164 4870 ἐκ
2191 4816 2464 4870 παντοίων
2499 4815 2740 4890 ὀργάνων
2765 4811 3031 4894 ἀτρέμα-τα.
3062 4811 3204 4884 Ἣδη
3238 4810 3296 4867 δὲ
3323 4817 3430 4868 τῶν
3449 4809 3656 4882 κλιμά-

2005 4925 2114 4959 κων
2146 4903 2575 4980 προσαγομένων
2601 4905 2690 4959 καὶ
2729 4905 2866 4960 κατά
2911 4902 3098 4959 πολλά
3131 4901 3268 4978 μέρη
3302 4905 3404 4958 τοῦ
3439 4901 3660 4974 τείχους

2005 4990 2384 5069 ἐρειδομένων,
2419 4996 2453 5063 ἡ
2483 4997 2592 5048 τῶν
2621 4991 2920 5067 γινομένων
2949 4989 3178 5070 ἀγγελία
3202 4991 3352 5046 παίει
3381 4992 3472 5046 τὸν
3511 4989 3654 5065 ῥῆγα

2007 5083 2281 5140 διανταίαν
2309 5083 2558 5160 πληγήν.
2600 5085 2662 5140 Ὀ
2693 5081 2751 5138 δέ
2789 5083 2866 5146 ὠς
2896 5081 3056 5145 αὐτός
3083 5105 3136 5138 τι
3172 5080 3310 5160 μέγα
3366 5079 3531 5136 κακὸν
3563 5076 3652 5133 καὶ

2005 5171 2394 5248 ἀπαράκλητον
2427 5172 2732 5244 πεπονθὼς,
2761 5170 2798 5242 ἤ
2860 5173 2924 5228 τὸ
2979 5171 3340 5250 λογιζόμενον
3375 5173 3652 5246 πρηστοῖρι

2005 5263 2368 5338 παρακοπεὶς,
2397 5260 2538 5326 ἐνεὸς
2569 5265 2636 5332 ἦν
2665 5261 2746 5339 ἐφ’
2777 5261 2987 5322 ἱκανόν.
3036 5260 3214 5322 Μόλις
3254 5257 3300 5314 δ’
3356 5253 3650 5330 ἀνενεγκὼν

2002 5352 2100 5408 τοῦ
2135 5351 2382 5430 ἰλίγγου,
2454 5351 2679 5423 αἰτήσας
2731 5348 2903 5406 ἵππον
2935 5349 3026 5406 καὶ
3060 5347 3412 5422 ἀναπηδήσας
3440 5345 3660 5424 ἐφίστα-

2001 5463 2090 5498 ται
2147 5446 2226 5515 τῷ
2274 5441 2574 5515 Ῥωμαϊκῷ
2635 5439 2995 5518 στρατεύματι
3055 5441 3190 5512 μετὰ
3228 5443 3338 5495 τῶν
3381 5436 3468 5492 ὑπ’
3499 5434 3660 5491 αὐτὸν

2005 5529 2327 5600 ἐπιλέκτων,
2366 5530 2456 5586 καὶ
2509 5531 2607 5594 τὰς
2664 5531 2915 5586 ἀπάντων
2953 5529 3222 5603 ἀνακόψας
3291 5525 3466 5604 ὁρμὰς
3522 5527 3658 5582 ὓπο-

2003 5620 2182 5694 τίθησι
2217 5623 2292 5696 μὴ
2355 5618 2718 5698 διαμάχεσθαι
2777 5620 3082 5694 ἀνθρώποις
3143 5615 3314 5673 πάλαι
3373 5613 3656 5692 διαμεμη-
