4140 6290
437 384 556 446 513

1506 382 1607 442 DE
1652 378 2032 443 MANUELE
2076 375 2456 440 COMNENO
2497 379 2650 441 LIB.
2695 381 2772 442 ν.

3733 389 3854 449 δη

438 518 658 574 νυκόσιν
709 516 857 588 αύτῷ
913 515 990 576 ὡς
1051 514 1271 576 ἑαυτοὺς
1338 513 1611 588 ἀναιμωτὶ
1665 513 1756 568 καὶ
1787 514 1887 583 τὴν
1917 510 2050 568 πόλι

2164 571 2167 578 _
2200 515 2358 578 runt,
2389 516 2446 569 et
2475 513 2656 569 armis
2695 511 2988 586 plerisque
3019 513 3302 586 depositis
3357 514 3415 569 in
3464 531 3657 572 remos
3687 517 3852 574 incu-

450 605 666 684 βασιλεῖ
689 601 1094 678 παραδώσουσι.
1120 605 1274 660 Καὶὸ
1310 603 1406 676 μὲν
1449 602 1615 680 λόγος
1671 603 1829 662 οὗτος
1871 601 1962 656 οἷά
2003 621 2086 662 τις

447 698 614 774 νάρκη
645 695 736 756 τάς
766 692 1056 766 Ῥωμαίων
1085 698 1280 769 χεῖρας
1335 689 1563 762 ἐπέδησε
1617 691 1708 745 καὶ
1759 688 1918 767 ἐγγὺς
1975 687 2086 760 ἤδη

444 791 538 844 τοῦ
568 790 781 860 πορθεῖν
818 785 921 854 τήν
947 781 1110 840 πόλιν
1158 781 1552 860 γιγενημένους
1609 778 1862 837 ἔπαυσεν⁶
1921 781 2086 841 αὐτὸς

442 874 678 950 δὲὸῥήξ
725 873 780 936 ἐς
840 868 1136 946 συμϐάσεις
1191 873 1532 947 τραπόμενος
1593 871 1882 931 ἀσπασίους
1943 869 2088 943 μᾶλ-

437 964 532 1021 λον
559 969 673 1026 τοῖς
702 963 763 1019 ἐκ
791 971 896 1034 τῆς
924 963 1098 1040 Ἀγαρ
1129 961 1164 1032 ἤ
1191 963 1507 1034 Ῥωμαίους
1565 958 1930 1022 κυδαινούσας
1988 960 2084 1019 τὰς

433 1055 692 1124 ξυνθήκας
722 1051 1038 1130 simio-aro;
1071 1053 1140 1110 Ol
1171 1049 1216 1106 δ’
1263 1052 1354 1106 οῦν
1387 1054 1710 1124 στρατιῶται
1749 1049 1878 1124 μηδ’
1937 1047 2082 1110 ὅλως

432 1144 594 1199 ὁποῖα
649 1143 718 1198 τά
780 1149 882 1212 τῆς
940 1141 1162 1213 εἰρήνης
1220 1140 1686 1210 κατεξετάσαντες,
1774 1137 1922 1194 ἀλλὰ
1993 1137 2083 1192 καὶ

431 1233 566 1308 πρὸς
613 1230 784 1304 μόνην
824 1233 926 1301 τὴν
977 1230 1181 1298 ταύτης
1239 1229 1406 1300 ἀκοὴν
1473 1229 1666 1284 νόστου
1723 1227 2082 1302 μνησάμενοι,

430 1322 531 1391 τὴν
563 1321 818 1390 ναυτικὴν
853 1317 1200 1374 ἀπαιδευσίαν
1234 1319 1577 1395 ,πράγμασιν
1637 1316 1822 1379 αὐτοῖς
1875 1317 2084 1372 καθυπ-

433 1408 635 1482 ἐὸειξαν
693 1408 1122 1485 δραστικωτέραν
1181 1409 1377 1484 πυρὸς,
1461 1407 1549 1463 καὶ
1637 1406 1854 1477 ἀταξίας
1923 1405 2083 1468 εὐθὺς

435 1498 738 1570 ἐνέπλησαν
761 1499 828 1554 τὰ
868 1495 1224 1572 στρατόπεδα.
1259 1496 1330 1554 Δῖ
1393 1517 1451 1552 τε
1509 1496 1611 1572 γάρ
1661 1493 1944 1556 ἑλεπόλεις
1994 1493 2083 1549 ὑπ’

428 1587 603 1644 αὐτῶν
664 1587 1020 1662 ἐπυρώθησαν
1072 1587 1300 1662 γνώμης
1359 1587 1484 1660 ἄτερ
1561 1587 1656 1640 τοῦ
1725 1588 2084 1661 στρατηγοῦν-

423 1698 539 1749 τος,
595 1677 686 1733 καὶ
753 1677 848 1738 τὰς
892 1675 1149 1736 πλείστας
1203 1675 1697 1752 ἀποφορτισάμενοι
1752 1679 1858 1729 τῶν
1916 1673 2082 1727 ὁπλί-

423 1787 558 1822 σεων
627 1767 765 1842 πρὸς
819 1772 939 1828 ταῖς
993 1766 1207 1829 κώπαις
1272 1763 1506 1840 ἐγένοντο
1581 1765 1670 1820 καὶ
1729 1763 1815 1820 ἐπί
1881 1765 2075 1819 πόντον

423 1850 661 1930 ἔϐλεψαν
715 1855 808 1910 τὸν
862 1853 1182 1929 ἀτρύγετον,
1248 1855 1618 1928 μανικώτερον
1667 1853 1742 1916 εἰς
1799 1853 1894 1916 τὰς
1949 1856 2075 1914 me

423 1945 792 2026 ἐφορμῶντες,
828 1940 970 2017 μηδὲ
989 1947 1050 1998 τὸ
1079 1948 1175 1999 τοῦ
1201 1947 1392 2018 καιροῦ
1453 1943 1811 2018 δυσχείμερον
1869 1944 1960 1998 καὶ
2010 1943 2073 1998 τὸ

429 2039 522 2090 τοῦ
553 2031 726 2096 πλοὸς
749 2030 952 2107 ἔξωρον
984 2030 1310 2096 ἐννοοῦντες·
1371 2031 1634 2106 τετάρτην
1686 2033 1789 2108 γὰρ
1845 2035 1975 2108 ἦγεν
2045 2033 2073 2087 ὁ

427 2119 760 2198 Δεκέμϐριος
793 2124 928 2196 μήν.
959 2123 1060 2179 ~[Iv
1095 2122 1187 2177 οὗν
1214 2119 1343 2176 ἰδεῖν
1389 2121 1480 2177 τὸν
1539 2119 1820 2177 πολύνεων
1866 2121 2069 2176 ἐκεῖνον

422 2211 614 2269 στόλον
645 2213 732 2267 καὶ
769 2213 868 2282 τήν
898 2209 985 2268 ἐπὶ
1019 2211 1258 2285 λιμένων
1283 2211 1408 2284 μίαν
1429 2211 1758 2286 καταγωγὴν
1781 2210 1872 2266 καὶ
1893 2213 1992 2280 τήν
2014 2211 2074 2266 ἐκ

418 2301 628 2358 τούτων
664 2301 820 2364 αὗθις
846 2300 1140 2376 ἀναγωγὴν
1168 2297 1246 2360 εἵς
1283 2300 1450 2372 μύρια
1495 2296 1870 2355 σκεδασθεῖσαν
1924 2303 2070 2374 τμή-

428 2412 588 2465 ματα,
629 2388 822 2446 ἃλλων
853 2388 1249 2465 ἀγαπησάντων
1279 2385 1466 2466 ἕτερον
1498 2393 1670 2444 πλοῦν
1708 2389 1798 2444 καὶ
1853 2389 2066 2444 πάντων

427 2481 561 2554 πρὸς
589 2479 685 2540 τὰς
715 2475 985 2552 πατρίδας
1041 2477 1576 2554 οἷακοστροφούντων
1635 2477 1732 2542 τὰς
1785 2479 2014 2549 ναῦς,ὡς
2059 2477 2224 2552 μόλις
2271 2477 2328 2542 ές

2199 603 2672 671 δυιτιιῑιι,ΐυιόῐιο
2705 603 2956 674 quodam
3010 603 3067 658 in
3127 621 3302 660 naves
3359 609 3672 676 irruentes,
3706 609 3852 665 nihil

2199 691 2442 747 hiberno
2476 697 2734 764 tempore
2766 691 2972 754 territi,
3006 691 3077 747 ad
3127 694 3549 764 navigationem
3607 697 3848 756 minime

2197 785 2368 850 apto:
2396 786 2642 851 quartus
2663 783 2816 836 enim
2837 781 3168 836 Decembris
3217 783 3340 836 dies
3399 791 3520 840 tum
3550 789 3847 856 agebatur.

2201 871 2347 924 Tum
2393 871 2586 926 videre
2647 870 2858 925 licebat
2911 871 3203 942 ingentem
3268 871 3427 926 illam
3485 873 3728 930 classem
3783 892 3852 932 ex

2199 975 2311 1013 una
2343 960 2588 1014 statione
2623 961 2676 1014 in
2711 961 2899 1014 varias
2958 961 3204 1014 ditl‘undi
3239 969 3451 1030 partes,
3495 963 3626 1019 aliis
3669 963 3846 1020 aliam

2194 1052 2344 1104 viam
2381 1049 2789 1118 sequentibus,
2821 1051 2962 1104 dum
2996 1066 3162 1104 suam
3193 1051 3410 1122 quique
3451 1056 3698 1122 patriam
3734 1069 3842 1124 pe-

2195 1143 2348 1205 tunt,
2401 1138 2552 1194 2|!)
2620 1143 2682 1192 ut
2739 1137 2831 1192 vix
2879 1155 2980 1194 sex
3035 1155 3209 1194 naves
3269 1151 3666 1212 superessent,
3718 1159 3844 1214 quae

2191 1229 2586 1283 Andronicum
2620 1228 2858 1282 domum
2893 1229 3248 1284 reveherent.
3291 1231 3344 1284 Is
3395 1245 3527 1284 vero
3576 1232 3841 1287 Hieroso-

2191 1316 2346 1389 lyma
2375 1332 2508 1371 cum
2543 1333 2672 1386 rege
2706 1319 3018 1385 profectus,
3050 1322 3226 1388 atque
3267 1334 3399 1372 cum
3451 1321 3612 1388 justo
3659 1320 3840 1376 comi-

2192 1409 2316 1461 tatu
2351 1405 2605 1461 Iconium
2639 1412 2833 1475 praeter
2851 1412 3070 1472 vectus,
3131 1407 3470 1478 Byzantium
3533 1409 3723 1464 rediit.
3758 1412 3840 1466 Ex

2193 1493 2396 1549 multis
2426 1503 2615 1549 autem
2648 1494 2760 1548 illis
2793 1494 3040 1549 navibus
3073 1496 3216 1549 alias
3249 1495 3472 1552 adversi
3533 1499 3684 1552 venti
3721 1515 3839 1554 una

2190 1599 2321 1638 cum
2351 1582 2677 1639 vectoribus
2703 1583 3110 1638 demerserunt
3135 1600 3148 1648 ;
3173 1583 3300 1639 aliae
3339 1584 3616 1642 fluctibus
3651 1588 3836 1658 disje-

2191 1677 2292 1728 ctze
2326 1687 2498 1726 verno
2522 1676 2780 1742 tempore
2801 1672 3036 1726 demum
3063 1673 3119 1727 in
3169 1673 3394 1728 navalia
3443 1675 3669 1730 urbana
3693 1679 3838 1732 sunt

2189 1763 2436 1817 reductae
2473 1778 2486 1828 ;
2521 1776 2707 1831 neque
2767 1777 2961 1832 paucas
3023 1761 3122 1815 ubi
3185 1771 3438 1817 vectores
3489 1763 3562 1818 ad
3620 1771 3833 1822 terram

2193 1850 2880 1922 pervexerant.tluctuum
2913 1851 3153 1906 arbitrio
3185 1856 3320 1904 sunt
3379 1867 3698 1922 permissae.
3751 1861 3834 1910 Ita

2189 1940 2505 2012 perexiguae
2536 1939 2623 1994 vel
2649 1940 2820 1994 maris
2841 1945 3045 1994 aestum
3066 1939 3152 1994 vel
3177 1946 3488 1995 nautarum
3531 1943 3831 2014 negligen-

2180 2030 2321 2086 tiam
2355 2029 2663 2085 evitarunt.
2729 2031 3010 2084 Caeterum
3069 2029 3373 2084 Sarraceni
3434 2015 3826 2090 Romanorum

2180 2123 2594 2196 impressiones
2653 2128 2997 2190 metuentes,
3057 2138 3376 2194 eorumque
3428 2124 3830 2196 navigationes

2178 2211 2235 2267 in
2281 2216 2576 2283 posterum
2613 2227 2934 2282 przecavere
2965 2213 3290 2283 cupientes,
3327 2211 3532 2285 legatis
3589 2218 3647 2270 et
3700 2232 3830 2270 am-

2179 2303 2292 2376 plis
2325 2304 2663 2360 muneribus
2695 2304 2768 2359 ad
2798 2303 3215 2376 imperatorem
3254 2303 3451 2360 missis
3493 2321 3694 2378 pacem
3731 2307 3828 2360 tir-

2177 2399 2432 2449 marunt.

2271 2477 2328 2542 'é;
2383 2477 2462 2534 ἔτι
2493 2478 2881 2556 ναυλοχεῖσθαι
2921 2481 3190 2555 τριήρεις,
3226 2479 3280 2536 α⁹ί
3309 2479 3560 2554 ἤμελλον
3584 2482 3824 2556 ἀνακομ-

423 2589 529 2622 σειν
561 2565 924 2641 Ἀνδρόνικον,
982 2567 1043 2624 Ὀ
1075 2565 1133 2622 δὲ
1188 2569 1288 2636 τήν
1345 2566 1432 2622 ἔπὶ
1491 2565 1895 2642 Ἰεροσολύμων
1952 2565 2066 2640 ἅμα
2121 2573 2202 2640 τῷ
2234 2567 2358 2644 ῥηγὶ
2390 2569 2728 2642 τραπόμενος
2755 2569 2996 2623 κάκεῖθεν
3032 2569 3384 2643 ἁρμοζόντως
3412 2569 3830 2647 παραπεμφθεῖς

425 2657 487 2711 τὸ
528 2655 748 2714 Ἰκόνιον
777 2654 1154 2731 παραλλάξας,
1187 2655 1238 2718 ἐς
1269 2655 1564 2726 Βυζάντιον
1595 2655 1940 2732 παρεγένετο.
1969 2661 2081 2712 Τῶν
2112 2653 2170 2712 δὲ
2197 2657 2424 2712 πολλῶν
2465 2657 2683 2712 ἐκείνων
2740 2661 2886 2728 νηῶν
2941 2658 2996 2712 αἱ
3067 2657 3162 2730 μὲν
3223 2659 3432 2730 ἀνέμων
3489 2657 3827 2720 ἀντιπνοίαις

423 2749 810 2816 περιπεσοῦσαι
863 2743 1156 2800 κατέδυσαν
1225 2743 1536 2819 αὔτανδροι,
1595 2746 1650 2799 αἱ
1708 2741 1766 2799 δέ
1820 2741 2063 2799 κλύδωνι
2121 2744 2396 2818 θαλαττίῳ
2455 2743 2828 2818 διασπαρεῖσαι
2897 2744 2996 2818 όψέ
3053 2745 3145 2798 καὶ
3205 2738 3362 2820 ἔαρος
3449 2745 3825 2825 ἐπιφαίνοντος

419 2838 539 2894 τοῖς
599 2834 902 2897 νεωσοίκοις
953 2839 1054 2900 τῆς
1110 2833 1326 2895 πόλεως
1385 2831 1744 2903 ἀπεδόθησαν.
1805 2831 1919 2890 Οὐκ
1977 2831 2158 2908 ὀλίγαι
2219 2832 2275 2888 δὲ
2332 2833 2422 2888 καὶ
2486 2839 2594 2888 τῶν
2629 2828 2900 2888 ἐπιϐατῶν
2935 2834 3256 2886 κενωθεῖσαι
3289 2835 3531 2904 καθάπαξ
3561 2829 3825 2888 ἐπιλαϐο-

424 2923 603 2996 μένων
668 2929 765 2991 τῆς
819 2931 919 2998 γῆς
973 2925 1048 2986 ὡς
1099 2924 1390 2999 Χαρώνεια
1439 2928 1715 2998 πορθμεῖα
1771 2927 1888 2984 τοῖς
1939 2927 2044 2977 τῶν
2103 2924 2362 2995 κυμάτων
2413 2921 2660 2984 διαύλοις
2717 2922 3011 2999 ἀφείθησαν
3084 2923 3362 2998 φέρεσθαι,
3421 2924 3496 2984 ὡς
3556 2923 3824 2998 βραχείας

418 3013 851 3090 περιλειφθῆναι,
911 3013 1155 3088 βρασμὸν
1212 3011 1487 3082 θαλάσσης
1559 3013 1649 3066 καὶ
1725 3016 1934 3066 ναυτῶν
2011 3009 2301 3086 διαδρέσας
2377 3010 2658 3084 ἀμέλειαν.
2737 3013 2804 3068 Οἱ
2863 3007 2921 3064 δέ
2973 3011 3283 3085 Σαρακηνοὶ
3339 3012 3436 3080 τήν
3514 3009 3566 3072 ἐς
3622 3010 3816 3078 αὐτοὺς

411 3099 538 3157 ὁδὸν
611 3106 718 3158 τῶν
789 3101 1104 3175 Ῥωμαίων,
1139 3103 1213 3162 ὡς
1238 3095 1462 3172 ἔδειξαν,
1502 3097 1982 3164 ἀποδειλιάσαντες
2053 3104 2143 3155 καὶ
2217 3101 2308 3156 τόν
2389 3101 2633 3156 ἐσέπειτα
2706 3099 2878 3156 πλοῦν
2953 3099 3352 3174 ἀποτρέποντες
3427 3095 3678 3176 πρέσϐεις
3763 3101 3820 3164 ἐς

403 3191 637 3266 βασιλέα
683 3184 950 3261 ἔστειλαν,
981 3188 1070 3244 καί
1103 3187 1252 3266 δῶρα
1281 3191 1346 3246 τά
1378 3192 1501 3263 παρ’
1531 3189 1715 3252 αὐτοῖς
1747 3192 2034 3264 τιμώμενα
2063 3186 2326 3265 ἔπεμψαν,
2359 3191 2448 3246 καί
2479 3193 2577 3260 τὴν
2606 3189 2824 3263 εἰρήνην
2867 3189 3177 3264 ἐκράτυναν,

471 3283 542 3352 η’.
593 3279 735 3351 Ἤδη
791 3277 848 3335 δὲ
908 3277 1212 3350 ώδινούσης
1265 3287 1365 3350 τῆς
1427 3277 1711 3354 βασιλίδος
1751 3279 1839 3334 καὶ
1879 3284 2050 3334 τεκεῖν

2232 3283 2432 3337 8.Cum
2458 3281 3023 3349 autemimperatrix
3083 3281 3272 3351 partui
3333 3282 3656 3354 propinqua
3715 3299 3808 3339 es-

399 3369 724 3446 ἐγγιζούσης
772 3368 1046 3444 σεσάρωτο
1115 3370 1210 3442 μὲν
1269 3371 1331 3424 τὸ
1385 3369 1594 3442 οέιημα
1658 3369 1747 3424 καὶ
1807 3365 2052 3443 διηυτρέ-

401 3480 561 3515 πιστο
619 3455 864 3536 ἀκριϐῶς
913 3459 979 3514 τά
1034 3461 1170 3534 πρὸς
1227 3461 1326 3528 τήν
1374 3461 1567 3530 κόησιν
1594 3463 1690 3514 τοῦ
1732 3456 1927 3522 παιδὸς
1958 3458 2048 3512 καὶ

398 3550 496 3618 τὴν
551 3547 840 3625 ὓποδοχήν
895 3552 994 3618 τῆς
1055 3548 1285 3624 μητρός.
1347 3546 1530 3611 Ὠςδέ
1595 3551 1924 3625 κατήπειγον
1992 3550 2049 3602 αἱ

398 3637 722 3708 Εἰλείθυιαι,
751 3641 780 3694 ὁ
821 3639 1128 3716 πορφύρεος
1164 3637 1336 3714 δόμος
1371 3639 1514 3715 εἶχεν
1571 3640 1722 3702 ἐντὸς
1772 3645 1872 3708 τῆν
1930 3637 2047 3693 ἐπί-

399 3746 573 3785 τοκον.
635 3730 878 3804 Ἠγωνία
933 3729 1029 3800 μὲν
1105 3728 1197 3783 οὗν
1276 3727 1362 3783 ἐπὶ
1437 3732 1505 3801 τῇ
1588 3731 1798 3803 γαμετῇ
1857 3728 2042 3802 παρὼν

399 3815 672 3889 βασιλεὺς,
703 3817 795 3874 καὶ
832 3817 928 3880 τὰς
961 3815 1154 3880 ὀδύνας
1203 3817 1480 3894 ἐκούφιζεν
1541 3817 1929 3889 ὀπτανόμενος,
1983 3817 2044 3872 τὸ

395 3903 560 3962 πλέον
592 3904 650 3962 δὲ
688 3911 788 3962 τοῦ
852 3905 1174 3982 βλέμματος
1223 3905 1506 3982 ἐχαρίζετο
1547 3911 1634 3979 τῷ
1695 3903 2044 3980 σκεπτομένῳ

387 3996 513 4057 τοὺς
565 3995 792 4070 ἀστέρας
877 3997 968 4050 καὶ
1020 4002 1138 4058 τοῖς
1217 3997 1334 4051 κατ’
1391 3996 1618 4070 οὐρανὸν
1681 3993 2040 4074 διαχαίνοντι·

398 4083 544 4139 Ἐπεὶ
597 4081 654 4140 δὲ
720 4085 783 4140 τὸ
839 4085 1032 4160 τεχθὲν
1085 4082 1342 4154 ἐξώλισθε
1397 4087 1498 4154 τῆς
1555 4081 1756 4154 νηδύος
1803 4085 1894 4138 καὶ
1973 4084 2038 4152 ἦν

396 4169 551 4248 ἄρσεν
580 4174 729 4242 καὶὴ
760 4175 932 4248 τέχνη
993 4171 1268 4228 ἐδίδασκεν
1329 4168 1520 4228 ὄλϐιον
1565 4173 1654 4228 καὶ
1717 4173 2040 4248 μοιρηγενὲς

385 4263 472 4317 καὶ
517 4269 617 4333 τῆς
679 4263 938 4338 πατρῴας
994 4262 1176 4338 ἀρχῆς
1232 4260 1512 4338 διάδοχον,
1575 4265 1692 4334 Θεῷ
1747 4281 1806 4315 τε
1863 4261 2037 4339 φωναὶ

385 4348 708 4406 ἀπεδίδοντο
749 4353 1105 4426 χαριστήριοι
1135 4353 1224 4406 καὶ
1257 4351 1398 4416 ἄπας
1427 4352 1494 4420 ἦν
1555 4349 1609 4406 ἐν
1666 4349 1884 4423 κρότοις
1944 4352 2033 4406 καὶ

381 4445 708 4516 χαρμοναῖς.
741 4440 1066 4516 Ὑπεξαίρων
1103 4438 1160 4496 δέ
1185 4441 1285 4510 τήν
1332 4439 1614 4517 γενέθλιον
1673 4441 1765 4494 καὶ
1828 4439 2034 4513 ὀνομα-

384 4531 603 4603 στηριον
659 4533 758 4585 τοῦ
802 4527 996 4590 παιδὸς
1044 4526 1272 4605 ἡμέραν,
1333 4531 1408 4593 ὡς
1466 4535 1694 4594 εἴθισται
1742 4529 1891 4602 παρά
1919 4534 2034 4593 τοῖς

397 4613 672 4690 βασιλεῦσι
727 4617 1025 4687 Ῥωμαίων
1080 4615 1208 4678 τοὺς
1262 4615 1644 4690 ἐντιμοτέρους
1699 4619 1807 4670 τῶν
1871 4613 2032 4671 πολι·
2067 4659 2108 4721 D

423 4707 449 4720 -
652 4707 665 4720 .
768 4703 788 4721 ς
825 4701 873 4721 ..ι
1005 4707 1029 4721 ,ς
1073 4703 1092 4721 η
1143 4709 1166 4720 ..
1299 4705 1313 4721 .
1565 4705 1577 4721 .
1683 4703 1696 4721 τ
1755 4704 1794 4721 ,κ
2012 4705 2027 4721 ι

383 4707 488 4759 τῶν
543 4707 676 4778 μετά
729 4701 952 4760 κλάδων
1004 4703 1207 4760 θαλιῶν
1270 4705 1346 4768 εἷς
1410 4705 1618 4782 τροφὴν
1678 4703 1880 4774 ἐκάλει,
1939 4705 2029 4760 καὶ

379 4792 618 4866 Ἀλέξιον
645 4795 738 4850 τὸν
768 4791 940 4850 παῖδα
969 4795 1264 4868 ὠνόμασεν,
1301 4795 1412 4869 οὐχ
1441 4793 1634 4856 ἁπλῶς
1675 4795 1773 4864 τήν
1829 4791 2030 4858 κλῆσιν

376 4878 802 4956 ἀπολεξάμενός,
829 4881 958 4938 οὐδέ
985 4883 1077 4938 τὸν
1103 4880 1273 4938 παῖδα
1329 4887 1504 4957 τιμῶν
1559 4887 1640 4954 τῷ
1684 4887 1782 4937 τοῦ
1838 4881 2025 4937 τεκόν-

373 4991 470 5032 τος
494 4976 589 5028 τὸν
610 4971 982 5046 γεγεννηκότα
1037 4970 1238 5028 ἐκεῖνον
1309 4971 1560 5045 ὀνόματι,
1619 4969 1769 5027 ἀλλά
1825 4973 2027 5042 προσέ-

371 5079 493 5134 χων
541 5060 634 5114 τὸν
686 5066 818 5117 νοῦν
873 5059 1226 5136 προῤῥήματι
1290 5063 1426 5136 πρὸς
1467 5063 1566 5130 τήν
1622 5055 2026 5132 ὑποϐληθεῖσαν

367 5147 638 5224 ἐρώτησιν
678 5147 1184 5226 ἐξενεχθέντι,ἢτις
1211 5148 1278 5218 ἦν
1323 5149 1374 5212 ἐς
1433 5147 1556 5204 ὅσον
1614 5149 1648 5218 ἠ
1708 5153 1806 5203 τοῦ
1863 5151 2018 5225 βασι-

367 5235 510 5300 λέως
545 5235 796 5310 Ἀλεξίου
825 5239 924 5292 τοῦ
981 5240 1268 5311 Κομνηνοῦ
1321 5237 1656 5312 παραταθείη
1719 5238 1894 5312 σειρά,
1959 5239 2021 5293 τὸ

365 5323 421 5380 δέ
449 5326 852 5404 προαγόρευμα
881 5326 1038 5397 αἷμα,
1093 5325 1124 5381 δ
1180 5331 1280 5396 τῆς
1337 5321 1620 5396 συλλαϐῆς
1671 5323 2018 5402 διιστάμενον

359 5416 446 5471 καὶ
477 5417 616 5473 nasi
639 5418 919 5490 στοιχεῖον
949 5414 1337 5489 ἀναλεγόμενον
1377 5413 1466 5470 διὰ
1515 5415 1608 5490 μὲν
1667 5419 1764 5471 τοῦ
1817 5421 1864 5474 Α
1923 5438 2024 5471 σα-

365 5508 476 5581 φῶς
497 5505 780 5580 ὑπέγραφε
817 5502 910 5556 τὸν
943 5501 1208 5574 Ἀλέξων,
1237 5500 1326 5560 διὰ
1357 5503 1414 5560 δὲ
1442 5509 1538 5560 τοῦ
1592 5505 1611 5560 I
1667 5504 1759 5559 τὸν
1821 5506 2018 5560 Ἰωαν-

357 5612 466 5663 νην,
493 5590 586 5650 διὰ
607 5591 670 5650 δὲ
723 5595 834 5646 τῶν
865 5591 1054 5665 ἐφεξῆς
1099 5590 1192 5647 δύο
1251 5594 1592 5670 γραμμάτων
1637 5595 1726 5648 τὸν
1759 5594 2016 5664 Μανουήλ

357 5679 444 5736 καὶ
471 5684 560 5740 τὸν
582 5683 634 5756 ἐξ
680 5680 896 5738 ἐκείνου
927 5679 1088 5736 πάλιν
1137 5682 1602 5760 παραληψόμενον
1652 5683 1752 5752 τὴν
1811 5685 2015 5762 ἀρχήν.

2155 3372 2692 3444 set,depromptaet
2719 3371 3000 3426 adornata
3023 3377 3385 3442 estpurpura
3435 3373 3506 3426 ad
3557 3387 3801 3442 puerum

2153 3462 2618 3531 suscipiendum.
2665 3461 2975 3516 Doloribus
3029 3477 3160 3514 vero
3223 3461 3587 3530 urgentibus,
3649 3462 3804 3518 220

2152 3567 2217 3604 ea
2250 3553 2306 3605 in
2345 3569 2602 3624 purpura
2630 3549 2932 3616 collocata,
2967 3549 3132 3602 adest
3181 3555 3237 3602 et
3289 3549 3629 3619 imperator,
3666 3566 3804 3604 sua-

2151 3655 2266 3710 que
2303 3639 2603 3709 praesentia
2633 3639 2936 3710 conjugem
2998 3637 3223 3691 solatur
3281 3641 3336 3690 et
3366 3636 3648 3704 sublevat,
3682 3653 3800 3691 ma-

2149 3732 2239 3801 gis
2271 3739 2462 3784 tamen
2495 3727 2554 3782 in
2587 3727 2784 3783 stellas
2816 3737 2866 3781 et
2902 3730 3179 3796 punctum
3213 3724 3417 3778 edendi
3482 3725 3632 3779 fetus
3680 3723 3802 3778 ani-

2149 3836 2244 3873 mo
2276 3819 2557 3872 intentus.
2592 3817 2736 3870 Nato
2770 3817 2908 3880 lilio,
2944 3830 3117 3885 quem
3172 3813 3530 3868 astronomia
3557 3811 3802 3867 docebat

2148 3907 2380 3962 divitem
2419 3907 2534 3960 fore
2567 3910 2742 3974 atque
2799 3903 3164 3973 unigenitum
3221 3911 3273 3956 et
3309 3903 3530 3972 paterni
3566 3901 3798 3969 imperii

2147 4010 2566 4057 successorem,
2633 3994 2743 4046 Deo
2801 3991 3006 4062 gratiae
3076 3990 3416 4058 agebantur,
3475 4005 3800 4062 omnesque

2145 4085 2360 4140 subditi
2395 4081 2750 4155 plaudebant
2771 4086 2826 4134 et
2863 4079 3232 4134 laetabantur.
3268 4079 3397 4151 lpse
3449 4095 3580 4133 vero
3608 4077 3795 4148 impe-

2145 4187 2321 4238 rator,
2354 4178 2414 4226 ut
2437 4171 2590 4226 diem
2616 4169 2866 4224 natalem
2893 4167 3266 4224 celebriorem
3323 4169 3611 4236 redderet,
3643 4169 3798 4224 cives

2143 4262 2655 4326 honoratiores,uti
2686 4259 2862 4314 moris
2893 4265 3034 4324 erat,
3065 4275 3257 4314 ramos
3311 4263 3606 4324 gestantes
3656 4274 3794 4314 con-

2142 4352 2310 4406 viviis
2334 4351 2579 4422 excepit,
2597 4355 2652 4404 et
2676 4364 2920 4419 puerum
2949 4347 3212 4402 Alcxium
3234 4347 3576 4402 nominavit.
3611 4347 3792 4418 quue

2141 4447 2515 4507 nontemere,
2549 4443 2804 4496 nectam
2838 4443 2898 4493 ut
2953 4453 3085 4493 eum
3148 4439 3343 4506 proavi
3402 4437 3495 4490 sui
3556 4437 3795 4492 nomine

2143 4531 2473 4595 bonoraret,
2510 4544 2674 4598 .juam
2737 4531 2972 4598 propter
3029 4524 3356 4593 oraculum,
3418 4541 3532 4594 quo
3589 4523 3641 4578 ei
3691 4539 3795 4596 per

2142 4621 2421 4690 ambages
2457 4631 2800 4688 responsum
2837 4615 3023 4669 fuerat
3079 4613 3285 4668 seriem
3343 4609 3672 4666 Comneniae
3705 4611 3794 4666 fa-

2144 4709 2317 4762 miliae
2373 4709 2714 4760 duraturam
2775 4710 3026 4772 tantum,
3077 4708 3216 4774 quot
3277 4701 3499 4756 litteras
3577 4715 3791 4756 nomen

2138 4797 2326 4861 Aima,
2363 4795 2464 4850 hoc
2500 4800 2584 4848 est
2627 4791 2886 4862 sanguis,
2949 4793 3433 4863 complecteretur
3486 4805 3550 4843 ac
3607 4805 3708 4859 per
3744 4787 3787 4843 Α

2139 4886 2395 4950 Alexius,
2433 4899 2530 4954 per
2562 4885 2587 4936 l
2614 4882 2890 4951 Joannes,
2923 4897 3024 4952 per
3056 4881 3186 4936 Met
3217 4883 3254 4934 Α
3294 4877 3519 4936 Manuel
3545 4883 3604 4934 et
3633 4877 3790 4934 filius

2138 4975 2267 5044 ejus
2298 4972 2444 5028 alter
2497 4970 2730 5026 Alexius
2783 4971 2938 5024 haud
2988 4971 3232 5025 obscure
3283 4968 3786 5038 significabantur.

2138 5063 2282 5118 Cum
2345 5077 2490 5132 puer
2554 5063 2720 5114 aetate
2779 5059 3113 5129 procederet
3171 5067 3228 5112 et
3279 5059 3470 5112 instar
3523 5057 3786 5111 fecunda;

2139 5153 2353 5224 planta:
2383 5160 2687 5217 cresceret,
2723 5149 2880 5204 aliud
2914 5149 3225 5204 consilium
3259 5149 3415 5218 capit
3457 5147 3788 5216 imperator,

2135 5241 2280 5296 22l
2323 5239 2816 5309 etjusiurandum
2851 5239 2922 5293 de
2954 5236 3178 5310 imperii
3204 5235 3574 5292 successione
3605 5250 3639 5288 ο.
3662 5231 3784 5288 Ma-

2135 5331 2220 5384 ria
2246 5328 2360 5383 ﬁlia
2392 5333 2448 5382 et
2477 5327 2605 5397 ejus
2637 5328 2842 5381 marito
2879 5326 3073 5382 Alexio
3119 5325 3420 5381 Pannonio
3481 5325 3538 5378 in
3593 5321 3783 5376 ﬁlium

2131 5417 2448 5475 transferre
2483 5416 2758 5471 instituit.
2792 5415 3040 5470 Proinde
3071 5432 3200 5470 cum
3233 5415 3354 5468 filio
3377 5417 3433 5467 ct
3463 5410 3687 5468 civibus
3721 5409 3778 5462 in

2131 5506 2506 5576 amplissimo
2540 5504 2758 5576 templo
2791 5505 3102 5561 Genitricis
3133 5505 3229 5559 Dei
3265 5500 3554 5565 convenit,
3589 5503 3646 5553 et
3676 5511 3778 5568 per

2122 5597 2542 5668 jusjurandum
2576 5594 2804 5666 imperii
2849 5595 3217 5650 successione
3251 5595 3305 5646 in
3338 5589 3550 5653 tilium,
3577 5591 3638 5640 ut
3669 5599 3775 5654 pu-

2128 5687 2305 5756 tabat,
2338 5684 2639 5753 translata,
2674 5685 2844 5758 paulo
2875 5690 3010 5760 post
3038 5683 3219 5740 tiliam
3250 5682 3320 5735 ab
3358 5677 3552 5734 Alexio
3583 5672 3780 5742 sejun-
