4140 6290
398 350 516 410 515

1716 351 2035 415 NICETJE
2076 349 2500 416 ΟΗΟΝῙΑΤᾸΞ

3691 367 3810 429 816

398 486 485 559 git
517 502 531 553 ;
557 483 728 557 eique
749 483 944 540 uxoris
968 500 1087 539 suis
1106 499 1592 556 sororem,recens
1613 485 2027 543 cumBalduint

2229 490 2317 551 ,Ως
2344 486 2457 543 νοδν
2514 486 2543 541 δ
2609 490 2736 541 παῖς
2795 486 2895 556 τήν
2948 484 3170 557 ἡλικίαν
3208 489 3517 562 προέκοπτε
3556 495 3811 555 καὶκατᾶ

401 578 576 633 fratre
609 576 915 632 Antiochia
945 575 1285 645 profectam,
1337 577 1678 646 despondet.
1737 577 1811 633 Ut
1851 580 2027 633 auten

2152 574 2376 639 εύθαλὶς
2433 576 2523 630 καὶ
2579 580 2705 631 πῖον
2753 575 3007 652 νεόφυτον
3083 577 3160 638 εἷς
3249 576 3413 651 αὔξην
3496 584 3806 663 ἀνέτρεγεν,

396 670 507 723 sub
541 666 598 721 id
631 672 862 737 tempus
921 665 1223 721 Hunzarie
1280 682 1376 721 rex
1434 668 1599 737 obiit,
1655 666 1881 722 Manuel
1917 667 2027 738 eju:

2148 664 2330 739 ἕτερος
2386 667 2594 729 σκοπὸς
2644 668 2807 736 ἀνῆκε
2872 667 2964 722 τὸν
3028 665 3273 741 βασιλέα·
3336 673 3425 726 καὶ
3480 671 3548 743 δὴ
3597 680 3808 748 μενατί-

394 762 638 811 mortem
676 760 1163 826 peropportunam
1197 759 1360 811 ratus
1390 757 1651 813 Alexium
1676 757 1875 812 statim
1908 773 2041 811 cum

397 846 703 915 splendido
736 850 1013 900 comitatu
1075 850 1129 899 et
1188 846 1426 901 maxime
1460 854 1744 919 apparatu
1783 847 1940 919 regio
1971 848 2040 901 ad

394 936 712 991 Pannoniae
770 935 1136 989 dominatum
1198 937 1597 1006 accipiendum
1658 936 1904 1005 ablegat.
1964 936 2042 992 Eo

394 1028 521 1083 sine
547 1026 743 1082 labore
772 1024 1103 1080 diademate
1133 1033 1359 1088 ornato,
1392 1033 1450 1082 et
1505 1028 1685 1082 totius
1736 1026 2041 1097 Hungarize

396 1135 530 1191 rege
579 1118 725 1172 citra
779 1114 1237 1171 controversiam
1325 1115 1637 1186 declarato,
1726 1117 2042 1185 imperator

396 1205 943 1265 etudiosemarilum
965 1203 1208 1260 alterum
1230 1205 1358 1259 ﬁliae
1379 1206 1589 1277 quaerit
1612 1222 1711 1273 ;ac
1746 1205 2038 1262 nobilibus

389 1295 670 1353 Romanis
703 1292 1030 1364 praeteritis,
1059 1293 1297 1363 indagat
1327 1295 1428 1365 qui
1488 1299 1819 1350 exterarum
1858 1294 2040 1350 natio-

390 1406 532 1448 num
564 1387 858 1461 principes
883 1390 987 1441 aut
1016 1385 1245 1441 caelibes
1284 1391 1478 1441 essent
1507 1390 1608 1441 aut
1665 1386 1817 1442 ﬁlios
1857 1386 2039 1442 habe-

390 1484 520 1537 rent
583 1476 841 1551 paternis
896 1476 1091 1547 regnis
1168 1490 1566 1531 successuros.
1622 1474 1766 1531 Cum
1838 1480 2033 1532 autem

389 1566 737 1625 Guilielmus
772 1563 977 1620 Siciliae
1031 1580 1129 1620 rex
1158 1563 1219 1619 in
1277 1579 1342 1621 eo
1380 1579 1592 1632 genere
1639 1564 2032 1636 principatum

391 1663 587 1715 tenere
612 1655 902 1711 videretur
930 1656 987 1709 et
1016 1652 1087 1708 ab
1118 1652 1234 1709 illis
1259 1653 1486 1725 nuptiis
1514 1669 1630 1708 non
1671 1652 2031 1724 abhorreret,

386 1748 598 1804 crebrae
628 1744 947 1817 legationes
992 1742 1142 1798 ultro
1197 1742 1461 1813 citroque
1501 1744 1693 1798 missae
1725 1743 1796 1798 de
1828 1742 2031 1798 matri-

385 1836 567 1894 monii
594 1832 1026 1891 conditionibus
1057 1831 1273 1888 frustra
1312 1832 1465 1889 222
1503 1831 1823 1903 agitabant.
1881 1832 2027 1889 Nam

379 1927 697 1997 imperator
726 1939 760 1978 a
788 1921 1074 1994 principio
1105 1920 1439 1992 ambiguus,
1472 1925 1529 1977 et
1552 1920 1743 1977 animo
1773 1919 2019 1978 diversis

378 2015 645 2074 consiliis
674 2013 954 2069 distracto
985 2009 1236 2067 subinde
1294 2010 1609 2079 ﬂuctuans,
1669 2012 2017 2068 sententiam

374 2107 613 2164 tandem
645 2104 857 2170 mutat,
886 2099 1233 2155 afﬁnitatem
1290 2099 1500 2156 Sicilire
1550 2099 1699 2172 regis
1751 2118 1868 2157 non
1897 2117 1929 2158 e
1959 2117 2020 2157 re

374 2193 615 2270 publica
645 2192 764 2249 fore
794 2188 1158 2247 existimans.
1190 2187 1277 2245 Ita
1307 2188 1438 2245 ﬁlia
1482 2189 1633 2259 ejus,
1667 2189 1937 2262 quamvis
1985 2206 2020 2246 a

379 2284 585 2341 multis
638 2279 829 2355 procis
876 2277 1150 2349 expetita,
1209 2277 1310 2333 diu
1401 2276 1608 2335 caalebs
1692 2282 1749 2335 et
1813 2281 2021 2336 mcesta

374 2374 436 2431 in
484 2371 703 2445 palatio
760 2368 1006 2426 desedit.
1082 2366 1193 2423 Sed
1298 2373 1428 2439 post
1528 2366 1760 2438 longam
1838 2368 2020 2439 patris

370 2458 980 2532 oircumspectionem,
1020 2456 1252 2513 tandem
1312 2456 1415 2512 uni
1489 2473 1557 2513 ex
1631 2456 1769 2513 ﬁliis
1850 2457 2021 2515 Mon-

369 2550 651 2609 tisierrati
706 2544 1087 2613 marchionis,
1163 2543 1517 2601 adolescenti
1592 2546 2018 2603 formosissimo

371 2639 863 2709 suavissimoque,
906 2634 1156 2692 imberbi
1232 2634 1424 2691 adhuc
1499 2635 1688 2702 nubit,
1749 2635 2020 2708 quamvis

366 2734 499 2806 ipsa
528 2747 638 2788 xxx
711 2743 932 2785 annum
1007 2725 1372 2798 excessisset,
1406 2724 1558 2780 virili
1634 2727 1875 2799 praadila
1926 2743 2021 2783 ro-

367 2824 526 2880 bore.

2152 758 2278 827 θησι
2306 754 2435 817 τοὺς
2467 755 2661 831 ὅρκους
2693 756 2828 829 πρὸς
2865 756 2958 809 τὸν
2981 756 3121 826 υἱὸν,
3156 756 3248 821 οὕς
3299 757 3389 813 ἐπὶ
3452 766 3521 837 τῇ
3572 767 3803 844 θυγατρὶ

2150 848 2334 922 Μαρίᾳ
2363 848 2453 902 καὶ
2479 851 2558 919 τῷ
2593 849 2857 921 μνήστορι
2917 847 3119 916 ταύτης
3176 848 3406 924 Ἀλεξίῳ
3462 859 3542 927 τῷ
3600 857 3797 915 Hgio»;

2148 937 2342 1013 πρώην
2376 938 2496 1016 εἶχε
2524 933 2844 997 τετελεκώς.
2878 938 3038 994 ’Ὀθεν
3089 938 3251 993 αὐτὸν
3297 960 3356 996 τε
3403 942 3495 998 τὸν
3543 945 3792 1019 βασιλέα,

2146 1026 2342 1105 καὶὲφ’
2372 1026 2430 1082 ὅν
2464 1027 2516 1081 οἱ
2574 1025 2754 1099 ὅρκοι,
2804 1026 2893 1080 καὶ
2945 1024 3072 1088 τοὺς
3126 1024 3503 1094 ἀποδώσοντας
3563 1033 3791 1100 τούτους

2146 1119 2208 1174 τὸ
2240 1116 2291 1172 ἐν
2343 1116 2681 1192 Βλαχέρναις
2727 1113 3033 1190 εῖσεδέχετο
3090 1123 3192 1186 τῆς
3246 1122 3591 1195 Θεομήτορος
3648 1126 3789 1201 μέγα

2143 1206 2233 1263 καὶ
2265 1207 2590 1278 περίπυστον
2632 1206 2873 1279 τέμενος.
2926 1204 3023 1260 Καὶ
3081 1203 3172 1261 διὰ
3223 1214 3323 1277 τῆς
3380 1208 3782 1290 τελεσιουργίας

2141 1302 2250 1352 τῶν
2301 1298 2475 1370 ’ὀρκων
2527 1296 2604 1357 είς
2654 1297 2746 1351 τὸν
2785 1295 2834 1365 ἐξ
2893 1295 3092 1372 ὀσφύος
3147 1295 3313 1352 αὐτοῦ
3358 1301 3455 1369 τήν
3509 1321 3777 1372 σκηπτου.

2142 1386 2294 1462 χίαν,
2326 1386 2398 1449 ὡς
2427 1384 2585 1459 ᾢετο,
2640 1386 3027 1461 μεταθέμενος,
3088 1387 3222 1459 μενά
3281 1387 3462 1462 βραχὺ
3498 1393 3594 1445 τοῦ
3645 1394 3782 1464 μνή.

2141 1497 2327 1552 στερος
2381 1475 2626 1547 Ἀλεξίου
2699 1475 2761 1529 τὸ
2830 1471 3124 1551 θυγάτριον
3227 1475 3601 1552 ἀποζεύγνυσι,
3694 1481 3783 1537 καὶ

2139 1567 2288 1639 αὐτῷ
2329 1565 2424 1641 μὲν
2476 1565 2552 1628 εἷς
2608 1569 2840 1640 γυναῖκα
2895 1562 3152 1641 ἐγγυᾶται
3208 1571 3309 1635 τῆν
3371 1572 3472 1635 τῆς
3532 1571 3783 1645 γυναικός

2138 1657 2189 1711 οἱ
2222 1654 2557 1732 ὁμόσπορον,
2615 1651 2735 1730 ἃρτι
2769 1654 2861 1707 σὺν
2908 1657 2988 1724 τῷ
3034 1650 3254 1730 ἀδελφῷ
3309 1653 3629 1731 Βαλδουΐνῳ
3681 1666 3783 1730 τῆς

2135 1745 2483 1824 Ἀντιοχείας
2552 1742 2850 1817 ἂπάρασαν.
2917 1742 3007 1803 Ὦς
3067 1738 3125 1797 δὶ
3206 1742 3345 1799 κατὰ
3425 1745 3518 1800 τὸν
3596 1749 3782 1822 καιρὸν

2136 1833 2337 1891 ἐκεῖνον
2372 1835 2400 1890 ὁ
2456 1840 2557 1904 τῆς
2614 1831 2884 1909 Ούγγρίας
2941 1832 3166 1888 ἀπέθανε
3213 1833 3336 1907 ῥήε,
3368 1832 3659 1910 εὐτύχημα
3684 1838 3778 1894 τὸν

2132 1917 2328 1972 τούτου
2376 1913 2601 1980 θάνατον
2644 1914 2673 1968 ὁ
2733 1910 2997 1984 Μανουήλ
3052 1914 3407 1990 ἡγησάμενος
3446 1920 3656 1989 πιμπει
3684 1917 3778 1974 τὸν

2126 2005 2371 2076 Ἀλέξιον
2403 2003 2558 2068 εὐθὺς
2592 2000 2726 2077 μετὰ
2773 2000 3030 2078 λαμπρᾶς
3084 2000 3423 2082 δομυφορίας
3487 2006 3575 2062 καὶ
3622 2007 3779 2083 βασι..

2128 2095 2280 2153 λείου
2332 2093 2598 2163 πλείστης
2642 2098 3009 2170 παρασκευῆς,
3071 2092 3170 2161 τὴν
3230 2095 3529 2164 Ηαιονικήν
3575 2115 3777 2170 παραι-

2129 2185 2442 2260 ληψόμενον
2496 2181 2804 2239 δυναστείαν
2858 2182 2949 2237 καὶ
3012 2179 3396 2256 βασιλεύσοντο
3443 2187 3551 2239 τῶν
3607 2184 3772 2259 ὁμοε-

2127 2279 2287 2333 θνῶν.
2345 2273 2453 2332 Καὶ
2511 2274 2630 2349 εἶχε
2691 2276 2883 2329 τοῦτον
2940 2269 3342 2348 ἀταλαιπώρως
3424 2275 3461 2344 ἡ
3546 2276 3771 2333 Ηαιονία

2124 2365 2305 2437 ταινίᾳ
2369 2365 2576 2441 ρηγικῇ
2645 2359 3001 2435 διαδούμενον
3055 2361 3292 2417 καὶτοῦ
3374 2360 3558 2439 γένους
3628 2363 3767 2421 ὅλου

2126 2451 2516 2514 ανενδοιάστως
2549 2448 2896 2521 δεσπόζοντα,
2935 2452 2994 2508 Ὀ
3025 2447 3082 2506 δὲ
3127 2447 3381 2526 βασιλεὺς
3428 2448 3577 2515 αὗθις
3627 2451 3765 2527 ἀνη-

2128 2543 2288 2619 ρεύνα
2318 2540 2598 2615 ἐπιμελῶς
2654 2541 2747 2596 τὸν
2804 2542 2874 2614 τῇ
2939 2537 3147 2596 ἐκείνου
3201 2539 3424 2616 θυγατρὶ
3472 2542 3768 2617 συζιυόμι..

2127 2654 2232 2689 νον.
2266 2632 2369 2690 Καὶ
2408 2630 2703 2705 Ῥωμαίων
2760 2628 3021 2705 ἀθερίζων
3069 2630 3154 2685 ὂσι
3206 2631 3343 2705 πρὸς
3401 2632 3591 2708 γένους
3651 2631 3769 2690 ἐπί-

2129 2722 2297 2796 δοξοι,
2357 2720 2686 2801 ἐφιλοκρίνει
2746 2722 2875 2785 τοὺς
2941 2717 3197 2784 δυνάστας
3231 2720 3416 2791 ἐθνῶν,
3461 2723 3655 2780 ὁπόσοι
3689 2726 3765 2798 μὴ

2129 2818 2360 2889 ζυγῖται,
2418 2811 2509 2867 καὶ
2568 2809 2694 2873 τοὺς
2725 2810 2845 2866 ’ὀσοι
2896 2811 3153 2884 πατρῴαν
3208 2807 3599 2886 διαδεξομένων
3633 2813 3770 2887 μετά

364 2911 574 2982 πότμον
630 2911 737 2963 τῶν
799 2904 1132 2981 γειναμένων
1186 2903 1417 2965 τούτους
1474 2902 1676 2981 ἀρχήν,
1732 2902 1836 2959 Καὶ
1894 2900 2187 2978 ἐπειδήπερ
2256 2897 2447 2957 ἔπιπτε
2501 2901 2565 2956 τὸ
2620 2906 2886 2975 πρωτεῖον
2939 2900 3076 2974 πρὸς
3150 2900 3240 2955 τὸν
3305 2906 3604 2977 κρατοῦντα
3660 2911 3765 2961 Σι-

362 2998 546 3060 κελίας
577 2993 874 3067 Γιλίελμον
948 2997 1037 3063 [Ρ.
1074 2994 1220 3066 111],
1296 2990 1470 3054 ἄλλος
1544 2991 1630 3045 ἐπ’
1658 2988 1818 3064 ἄλλῳ
1891 2986 2127 3067 πρέσϐυς
2199 2990 2275 3053 εἷς
2353 2989 2551 3046 ἐκεῖνον
2602 2988 2947 3056 ἐστέλλοντο,
2994 2989 3083 3043 καὶ
3125 2990 3251 3063 παρ’
3282 2988 3490 3046 ἐκείνου
3518 2990 3672 3054 αὖθις
3702 2994 3764 3049 τὸ

363 3087 531 3158 κῆδος
587 3079 976 3160 πρεσϐεύοντος
1035 3079 1329 3152 ἐπάλληλα
1383 3081 1449 3150 ἧν
1508 3081 1575 3137 τὰ
1624 3081 1910 3155 κηρύκεια,
1968 3080 2057 3136 καὶ
2089 3080 2155 3152 ἢν
2203 3080 2284 3156 ἐφ’
2341 3079 2526 3135 ἱκανὸν
2559 3079 2624 3134 τὰ
2652 3084 2759 3135 τῶν
2810 3079 2999 3154 γάμων
3033 3078 3516 3159 λογολεσχούμενα
3543 3103 3765 3158 προεισ-

367 3168 1017 3252 ὁδια.Ἀμφιτάλλαντον
1094 3166 1151 3223 δὲ
1221 3169 1320 3238 τὴν
1397 3167 1485 3224 ἔπὶ
1560 3168 1775 3231 τούτοις
1848 3168 1937 3224 καὶ
2011 3171 2078 3225 τὰ
2152 3175 2341 3245 πρῶτα
2367 3167 2512 3244 ἔχων
2547 3170 2574 3223 ὁ
2618 3166 2876 3240 βασιλεὺς
2916 3167 3090 3245 ῥοπὴν
3131 3169 3220 3223 καὶ
3287 3170 3406 3224 οἷον
3459 3174 3765 3244 κυμαίνου-

366 3286 459 3321 σαν
532 3263 623 3318 καὶ
697 3258 912 3321 πολλὰς
1020 3253 1326 3333 μεταϐολὰς
1383 3253 1761 3331 λαμϐάνουσαν
1837 3258 1927 3314 καὶ
2002 3260 2231 3336 τρόπας,
2290 3259 2388 3333 ὀψὲ
2460 3261 2594 3316 πότε
2671 3258 2983 3331 μεθίσταται
3037 3262 3135 3313 τοῦ
3183 3257 3414 3326 σλοποῦ,
3467 3262 3762 3335 Ῥωμαίοις

354 3353 543 3428 κρίνας
576 3350 872 3425 ἀσύμφορα
896 3348 962 3403 τὰ
1020 3347 1156 3422 μετά
1201 3351 1296 3402 τοῦ
1356 3345 1523 3423 ῥηγὸς
1579 3346 1833 3410 Σικελίας
1911 3349 2319 3425 μνηστεύματα,
2395 3350 2498 3405 Ἦν
2572 3349 2661 3403 οὗν
2740 3349 2775 3417 ἡ
2849 3348 2986 3422 κόρη
3065 3345 3427 3420 πολυμνήστη
3491 3350 3762 3427 βασίλεια,

351 3442 610 3499 καὶκατὰ
640 3442 740 3509 τὴν
843 3438 1317 3513 Ἀγαμεμνόνειον
1394 3434 1690 3510 Ἠλέκτραν
1764 3436 2028 3513 ἄλεκτρος
2060 3438 2149 3495 ἐπὶ
2209 3438 2353 3495 πολὺ
2429 3444 2546 3503 τοῖς
2583 3438 2899 3512 ἀνακτόροις
2974 3433 3235 3509 ἀλύουσα,
3285 3439 3376 3494 καὶ
3434 3441 3550 3495 κατ’
3618 3442 3752 3521 ἀχε..

259 3548 269 3558 ·
350 3528 523 3606 ρωίδα
597 3532 709 3604 (99)
774 3525 1020 3603 ὑδρηλὴν
1064 3524 1252 3600 ὑψηλή
1298 3524 1388 3579 καὶ
1447 3525 1638 3598 κοίτης
1694 3524 1944 3601 ἀνδρῴας
2003 3528 2311 3604 ἴμείρουσα.
2371 3530 2696 3598 Συνὲζευκτο
2762 3525 2810 3581 δ’
2850 3526 2941 3582 οὗν
2998 3522 3152 3599 ὅμως
3214 3527 3349 3601 μετᾶ
3407 3526 3628 3598 πολλὴν
3661 3534 3758 3586 τοῦ

363 3616 635 3697 βασιλέως
690 3618 1032 3690 προμήθειαν
1103 3613 1322 3689 ὕστερον
1379 3613 1456 3669 ivi
1512 3618 1620 3669 τῶν
1681 3619 1777 3670 τοῦ
1826 3616 2125 3692 μαρκεσίου
2159 3617 2380 3688 Μόντης
2455 3615 2724 3694 φεράντης
2766 3616 2921 3685 υἱῶν,
2947 3612 3194 3689 χαρίεντι
3223 3616 3321 3684 τήν
3355 3610 3480 3689 ὄψιν
3508 3618 3599 3673 καὶ
3624 3616 3752 3673 ίδεῖν

349 3708 562 3784 ἡδίστῳ
590 3708 678 3765 καὶ
709 3709 807 3777 τήν
840 3706 1018 3779 κόμην
1051 3704 1285 3776 ἡλιῶντι
1314 3706 1404 3760 καὶ
1436 3706 1692 3781 εὐπρεπεῖ
1716 3706 1807 3761 καὶ
1841 3709 2010 3782 μήπω
2044 3708 2234 3786 φύοντι
2264 3706 2486 3784 γένειον,
2542 3706 2680 3776 αύτή
2724 3705 2787 3760 τὸ
2834 3706 3152 3779 τριακοστὸν
3200 3702 3579 3780 ὓπεραναϐᾶσα
3635 3704 3753 3772 ἔτος

341 3799 432 3856 καὶ
462 3796 688 3874 ἀνδρική
713 3797 1068 3876 τυγχάνουσα
1095 3797 1194 3864 τήν
1226 3794 1418 3870 ἰσχύν.

412 3892 469 3948 9.
504 3896 620 3947 Hoc
653 3891 775 3946 loco
808 3889 950 3944 illud
1009 3887 1183 3944 etiam
1241 3895 1332 3944 est
1387 3888 1788 3945 inserendum.
1832 3888 1993 3946 Occi-

2177 3889 2241 3945 θ’.
2294 3886 2452 3944 Ἀλλ’
2516 3885 2743 3943 ἐνταῦθα
2798 3893 2897 3955 τῆς
2982 3886 3225 3961 ἱστορίας
3299 3887 3595 3961 γενόμενος
3659 3888 3748 3942 καὶ

348 3980 602 4038 dentalia
634 3980 816 4035 maris
847 3977 1035 4047 sinus,
1103 3976 1199 4047 qui
1256 3977 1430 4032 Adria
1475 3978 1708 4047 dicitur,
1742 3996 1775 4033 a
1806 3977 2001 4034 Siculo

2137 3981 2269 4032 αὕτα
2297 3982 2416 4039 τοῖς
2445 3975 2758 4052 εἰρημένοις
2811 3975 3240 4052 προσεπαγάγσ).
3305 3977 3455 4033 Ἐστι
3510 3995 3593 4038 τις
3653 3987 3746 4040 θα-

345 4085 415 4142 pe
437 4069 570 4141 lego
594 4072 855 4123 remotus
876 4072 933 4121 et
954 4066 1119 4121 Iionii
1136 4066 1314 4120 maris
1337 4067 1614 4121 abcessus
1637 4066 1877 4137 quidam
1911 4083 1995 4122 se-

2140 4066 2321 4126 a'rrnoc
2371 4062 2579 4127 κόλπος
2639 4063 2908 4137 ἑσπέριος,
2973 4061 3189 4136 Ἀδρίας
3250 4062 3573 4139 λεγόμενος,
3629 4062 3748 4119 ἀνα-

341 4162 609 4228 paratus,
641 4154 927 4225 Aquilone
957 4153 1214 4224 spirante
1246 4152 1362 4209 late
1409 4160 1711 4210 exaestuat.
1745 4155 1885 4225 Ejus
1916 4155 1998 4210 si-

2135 4158 2298 4233 mpé’w
2366 4154 2459 4228 μὲν
2526 4157 2624 4210 τοῦ
2685 4152 2978 4210 Σικελικοῦ
3035 4151 3312 4227 πελάγους
3405 4153 3494 4208 καὶ
3550 4152 3639 4209 οἷά
3692 4174 3741 4209 τι

347 4261 460 4300 nus
491 4243 697 4299 intima
720 4241 948 4309 Heneti,
980 4244 1080 4313 qui
1111 4246 1168 4297 et
1195 4242 1393 4298 Veneti
1423 4242 1809 4315 appellantur,
1834 4244 1993 4299 inco-

2135 4244 2329 4319 ξὲραμα
2377 4248 2476 4299 τοῦ
2533 4243 2726 4300 Ἰονίου
2781 4243 2901 4318 ῥοῦ,
2954 4244 3075 4307 καθ’
3133 4242 3319 4298 ἑαυτὸν
3379 4240 3600 4314 ὶδιάζων
3655 4244 3744 4300 καὶ

342 4332 769 4403 lunt,homines
792 4331 971 4387 maris
993 4329 1241 4399 alumni,
1269 4334 1395 4403 vagi
1424 4331 1757 4387 Phoenicum
1783 4332 1990 4400 instar,

2135 4333 2228 4408 ρός
2288 4332 2499 4409 Βοῤῥᾶν
2561 4330 2761 4406 ἄνεμον
2822 4330 2910 4388 ἐπὶ
2977 4329 3123 4388 πολὺ
3179 4330 3502 4406 συρόμενος.
3534 4332 3743 4391 Τούτου

339 4423 572 4481 callidis
607 4421 837 4494 praediti
860 4420 1132 4494 ingeniis.
1166 4419 1234 4475 Hi
1266 4420 1419 4477 228
1474 4420 1790 4493 aliquando
1822 4438 1856 4477 a
1886 4422 1993 4477 Ro-

2135 4423 2257 4493 ἧτὰ
2296 4421 2609 4498 μυχαίτατα
2652 4421 2861 4479 Ἐνετοὶ
2932 4419 3209 4494 νέμονται,
3267 4420 3359 4483 οὓς
3394 4423 3485 4477 καὶ
3543 4422 3751 4479 Βενετί-

337 4511 533 4569 manis
564 4511 638 4566 ob
670 4508 807 4566 belli
851 4506 1070 4564 navalis
1110 4507 1515 4562 necessitatem
1555 4507 1810 4580 suscepti
1870 4525 1993 4564 ma-

2135 4532 2217 4573 nu;
2263 4510 2409 4566 ε’ἰποι
2462 4532 2545 4574 τις
2603 4512 2666 4565 ἄν
2712 4510 2849 4566 κατά
2906 4509 3164 4585 γλώττης
3228 4506 3498 4580 ίδιότητα,
3558 4509 3748 4588 ἄνδρες

334 4602 496 4658 ximo
530 4617 773 4657 numero
804 4597 967 4670 Cpoli
1025 4595 1442 4665 consederunt,
1500 4601 1557 4651 et
1612 4597 1672 4652 in
1718 4598 1991 4654 omnibus

2135 4599 2372 4672 αλάττης
2428 4602 2712 4678 τρόφιμοι,
2776 4599 2910 4655 κατὰ
2969 4597 3230 4655 Φοίνικας
3313 4598 3566 4674 ἀγύρται,
3635 4623 3738 4657 πα-

324 4691 626 4748 ·Ριοωιιηίε
658 4687 973 4762 provinciis
1006 4685 1274 4757 dispersi,
1307 4683 1429 4740 solo
1470 4688 1694 4743 retento
1753 4690 1989 4744 nomine

2135 4693 2308 4767 >ὖργοι
2337 4691 2399 4746 τὸ
2460 4692 2739 4768 φρόνημα.
2775 4687 2934 4746 Ἀλλ’
2983 4688 3133 4744 οὗτοι
3163 4688 3464 4762 Ῥωμαίοις
3492 4690 3747 4763 εἰσποιη-

331 4785 535 4850 veteri,
594 4781 1002 4847 afﬁnitatibus,
1087 4777 1362 4836 amicitiis
1421 4778 1757 4851 ueterisque
1812 4781 1987 4838 rebus

2135 4781 2261 4844 ἑντες
2289 4778 2427 4834 κατά
2458 4779 2645 4855 χρείαν
2677 4779 2745 4849 ἦν
2779 4779 2872 4834 ὅτε
2933 4779 3307 4852 ναυμαχικὴν,
3365 4779 3502 4834 κατᾶ
3555 4782 3741 4852 σμήνη

337 4874 810 4944 conjunctissimi
842 4871 1118 4928 Romanis
1148 4870 1465 4927 admodum
1523 4876 1825 4928 creverunt
1859 4888 1874 4941 ;
1929 4877 1988 4929 et

2135 4870 2178 4925 ιὶ
2235 4868 2463 4946 φατρίας
2517 4871 2615 4939 τήν
2677 4870 3082 4925 Κωνσταντίνου
3137 4874 3239 4938 τῆς
3297 4869 3503 4932 οἰκείας
3560 4869 3747 4941 ἠλλά-

339 4978 585 5034 msgnas
617 4978 756 5033 opes
785 4960 939 5018 nacti
970 4967 1342 5017 contumaces
1365 4968 1421 5015 et
1445 4960 1818 5033 impudentes
1851 4978 1984 5018 eva-

2135 4981 2269 5030 ιντο,
2328 4960 2451 5026 ὃθεν
2537 4960 2855 5034 ἁπανταχοῦ
2912 4961 3011 5028 τῆς
3051 4956 3339 5032 Ῥωμαίων
3400 4957 3743 5035 ἐπικρατείας

336 5055 543 5108 serunt
574 5067 588 5119 ;
622 5066 726 5105 nec
759 5050 1048 5106 Romanos
1101 5055 1328 5104 tantum
1386 5051 1603 5120 odisse,
1660 5052 1759 5106 sed
1809 5050 1985 5108 etiam

2135 5049 2492 5125 ασπαρέντες,
2545 5049 2636 5103 καὶ
2689 5048 2855 5123 μόνον
2887 5049 2950 5103 τὸ
3006 5046 3110 5103 ὀπὸ
3144 5046 3333 5125 γένους
3361 5046 3534 5123 ὄνομα
3564 5069 3743 5123 παρα-

337 5140 528 5197 edieta
557 5144 616 5194 et
646 5140 836 5195 minas
894 5138 1263 5210 imperatoris
1317 5140 1606 5210 negligere
1662 5151 1983 5212 coeperunt.

2135 5138 2402 5213 εμενηκὸς
2466 5136 2651 5200 αὐτοῖς
2700 5133 2943 5217 ἔχοντες,
3014 5136 3083 5192 τά
3141 5133 3185 5191 δ’
3243 5134 3390 5192 ἄλλα
3462 5135 3738 5214 σύμφυλοι

343 5232 504 5290 Unde
531 5229 748 5287 factum
779 5232 868 5316 est
893 5232 957 5284 ut
986 5228 1037 5284 is
1068 5232 1292 5284 mutata
1338 5227 1765 5299 benevolentia,
1826 5247 1986 5287 nunc
2016 5251 2027 5316 γ

2135 5251 2245 5292 ντες
2276 5229 2366 5285 καὶ
2416 5228 2576 5309 φίλοι
2641 5231 2777 5284 πάνυ
2819 5226 3119 5302 Ῥωμαίοις
3180 5220 3476 5300 ηὺεάνοντό
3531 5245 3591 5282 τε
3645 5226 3731 5281 καὶ

335 5324 644 5391 Corcyram
699 5315 1017 5374 insolentiis
1072 5317 1429 5382 recordatus,
1464 5333 1617 5373 nunc
1666 5316 1783 5375 alia
1811 5313 2027 5391 atque‘

2135 5315 2403 5394 ίυδάϊζον.
2464 5318 2672 5378 Οὐκοῦν
2724 5318 2815 5374 καὶ
2863 5313 3331 5394 περιϐαλλόμενοι
3357 5315 3596 5373 πλοῦτον
3630 5336 3735 5371 πο-

338 5408 453 5466 alia
482 5408 696 5480 injuria
717 5407 1001 5473 irritatus,
1034 5405 1403 5463 vehementer
1432 5405 1545 5463 illis
1587 5406 1939 5465 irasceretur
1965 5429 1981 5480 ;

2135 5407 2194 5463 ὒν
2255 5405 2536 5464 αὐθάδειάν
2588 5429 2648 5465 τε
2703 5408 2793 5463 καὶ
2854 5405 3124 5464 ἀναίδειαν
3160 5403 3512 5483 μετεδίωκον,
3544 5405 3621 5469 ὡς
3656 5404 3734 5479 μὴ

1675 5531 1862 5601 Hier.
1897 5534 2138 5603 Wolﬁi
2166 5542 2368 5605 notae.

399 5683 511 5760 (99)
544 5681 678 5739 Κατ’
707 5673 1013 5756 ἀχερω³ιδα.
1044 5678 1284 5737 Procera
1313 5678 1491 5736 instar
1513 5678 1711 5751 pepuli
1740 5681 1988 5753 irriguos.
